4068 6408
162 379 265 434 H3

157 501 236 549 Ac
285 494 329 546 si
359 491 561 544 diceret
588 508 599 540 :
629 474 968 554 Exspectate,
1007 491 1060 534 et
1089 480 1133 531 si
1165 495 1229 530 ex
1261 475 1455 544 seipsis
1486 474 1557 526 illi
1592 475 1762 525 t'nacti

153 595 304 646 sunt,
336 582 466 634 nihil
498 578 754 649 impediet
779 573 1066 642 quominus
1107 570 1495 623 dissolvantur.
1535 564 1616 616 Ne
1639 568 1769 633 forte

153 686 203 726 et
233 675 342 727 Deo
368 688 652 740 repugnare
679 665 1025 720 inreniimtini.
1055 663 1203 715 13.th
1247 659 1590 727 impossibili,
1619 668 1672 710 et
1701 672 1765 708 ex

155 767 332 820 inutili
359 765 555 818 avertit
581 778 694 814 eos.
727 759 832 812 Nec
865 758 1016 816 dicit.
1068 773 1098 808 ιι
1145 771 1251 823 quo
1279 752 1584 818 interempti
1627 751 1765 811 sint;

151 859 254 912 sed
285 856 626 922 simpliciter,
657 852 797 920 quod
820 851 927 902 sint
958 849 1224 915 dissipati,
1255 847 1393 898 forte
1426 845 1756 910 superﬂuunt

157 952 362 1003 ducens
387 949 535 1016 plura
559 946 778 998 addere.
814 945 890 996 Ev
925 944 988 995 iis
1012 957 1160 1003 vero,
1190 957 1310 1008 qn:e
1349 939 1640 1006 subjttngit,
1671 936 1768 988 do-

151 1051 241 1094 cet
273 1059 285 1093 :
317 1043 374 1095 Si
399 1042 692 1094 lmtuanmu
719 1040 788 1088 sit
836 1051 988 1103 opus.
1030 1052 1135 1086 non
1162 1044 1244 1085 est
1299 1031 1443 1100 qttod
1474 1031 1549 1083 rei
1580 1045 1764 1082 curam

148 1139 357 1200 agatis;
395 1135 478 1187 sin
505 1133 768 1189 divimnu,
796 1127 1054 1196 quidquid
1084 1125 1340 1190 feceritis,
1375 1141 1481 1177 ttott
1524 1123 1769 1192 poteritis

149 1240 433 1294 superare.
460 1225 550 1278 Sic
575 1237 756 1278 sermo
777 1221 991 1290 sapiens
1036 1221 1185 1272 visus
1229 1227 1312 1271 est
1343 1237 1354 1268 :
1379 1234 1500 1270 natn
1527 1216 1766 1284 persuasi

149 1327 281 1369 sunt
307 1327 365 1368 ut
385 1331 490 1369 tton
522 1314 831 1368 occiderent
860 1313 1003 1372 illos.
1038 1311 1133 1365 sed
1165 1311 1502 1380 ﬂagellarent
1534 1321 1763 1362 tantutn.

149 1410 533 1461 Consenserunt
582 1416 754 1456 autem
804 1403 917 1468 illi,
973 1404 1175 1472 inquit;
1226 1403 1318 1456 60.
1363 1414 1408 1454 et
1437 1412 1767 1461 convocantcs

145 1503 434 1570 apostolus,
458 1501 604 1554 ca'sis
631 1499 1076 1561 denuutiut'erunt,
1115 1513 1177 1548 ne
1213 1497 1538 1565 loquerentur
1579 1496 1632 1548 in
1671 1511 1766 1548 no-

151 1597 292 1647 mine
322 1594 449 1647 Jesu
474 1611 490 1656 ;
513 1605 557 1645 rt
577 1595 873 1646 dimiserunt
903 1608 1008 1644 eos.
1035 1590 1189 1652 Vide,
1219 1600 1341 1659 post
1365 1598 1496 1658 quot
1512 1589 1766 1642 miracula

148 1690 526 1759 llagellantur!
557 1688 623 1740 Et
645 1697 821 1740 tamen
847 1687 1042 1738 iterttnt
1067 1683 1311 1737 doctrina
1335 1682 1763 1737 extendebatur:

149 1797 277 1832 nam
308 1792 364 1833 et
395 1797 446 1832 ιιι
478 1779 639 1833 douto
665 1787 720 1831 et
752 1778 802 1831 itt
832 1777 1036 1846 templo
1081 1775 1372 1830 docebant.
1408 1775 1500 1830 41.
1537 1794 1555 1826 ι
1596 1773 1664 1828 Et
1692 1774 1766 1828 illi

144 1873 372 1943 quidem
418 1871 564 1924 ibant
608 1871 908 1940 gaudentes
950 1885 980 1924 a
1027 1879 1320 1938 conspectu
1349 1868 1585 1934 concilii,
1633 1883 1769 1936 quo-

144 1966 298 2018 niatn
337 1963 482 2032 digni
513 1963 677 2016 habiti
709 1971 837 2016 sunt
873 1977 970 2032 pro
995 1965 1214 2016 nomine
1243 1961 1444 2016 Christi
1477 1972 1763 2016 contume-

147 2055 280 2108 liam
332 2058 483 2124 pati:
517 2056 606 2109 42.
658 2056 803 2108 onmi
853 2065 1032 2109 autem
1085 2054 1172 2108 die
1226 2070 1334 2108 non
1383 2054 1667 2108 cessabant
1712 2055 1764 2106 iu

146 2147 356 2214 templo
406 2156 461 2200 et
511 2148 651 2200 circa
699 2147 890 2201 domos
921 2146 1187 2200 docentes
1229 2157 1285 2208 et
1337 2147 1766 2215 cvangelizantes

143 2237 338 2292 Jesum
391 2238 698 2292 Christum.
732 2237 894 2308 (Cap.
923 2233 1003 2299 ϐ.)
1035 2239 1088 2292 1.
1118 2237 1177 2291 ltt
1201 2238 1392 2292 diebus
1413 2250 1594 2292 autent
1626 2239 1762 2302 illis,

143 2342 436 2386 crescente
482 2347 710 2386 munero
742 2332 1153 2402 discipulorum,
1186 2331 1384 2386 factum
1417 2344 1502 2388 est
1523 2348 1766 2388 murmur

145 2425 466 2478 Grzeeorum
498 2425 761 2479 adversus
793 2424 1072 2486 llebrazos.
1102 2439 1167 2478 eo
1191 2425 1334 2495 quod
1360 2426 1766 2494 despicerentur

146 2521 200 2569 in
235 2517 540 2571 ministerio
571 2516 888 2585 qttotidiatto
919 2516 1092 2570 vidua!
1123 2533 1334 2572 cormn.
1377 2536 1395 2569 ι
1433 2518 1547 2571 Νοιι
1578 2518 1629 2571 iit
1660 2520 1766 2573 tllis

143 2611 376 2662 omnino
431 2610 561 2663 dicit
603 2609 828 2666 diebus;
860 2609 956 2662 sed
983 2611 1105 2678 quia
1161 2609 1277 2664 haec
1307 2620 1392 2664 est
1419 2612 1765 2665 consuetudo

143 2704 465 2771 Scriptura;
513 2712 570 2756 ιιι
621 2720 742 2772 quzc
783 2703 960 2757 futura
1000 2714 1174 2765 erant,
1226 2705 1379 2774 quasi
1416 2706 1597 2759 statim
1624 2704 1762 2759 facta

142 2797 295 2849 dicat
327 2815 341 2850 :
380 2797 500 2850 ideo
526 2797 603 2849 sie
650 2798 905 2866 loquitttr.
952 2797 1282 2852 llellenistas
1311 2807 1439 2868 pttto
1472 2798 1560 2852 hic
1583 2801 1762 2853 vocari

143 2908 265 2952 eos,
298 2891 389 2959 qui
417 2891 606 2945 Cra‘ee
647 2891 1041 2959 loquebantur;
1078 2891 1128 2943 hi
1179 2894 1324 2945 enim
1356 2891 1543 2947 Gra‘ca
1584 2893 1761 2960 lingua

142 2987 456 3048 utebantur,
501 2985 629 3038 licet
677 2984 893 3038 Hebraei
926 2996 1131 3038 essent.
1169 2985 1309 3041 Ecce
1347 2985 1452 3039 alia
1508 2988 1758 3052 teutatio;

143 3080 258 3132 imo
288 3091 343 3134 et
369 3090 448 3143 tit,
476 3081 519 3134 si
541 3081 831 3134 observare
855 3081 1005 3140 velis.
1043 3080 1338 3148 perspicies
1359 3081 1428 3134 ab
1451 3079 1600 3134 initio
1621 3080 1760 3134 bella

139 3180 202 3225 ct
229 3171 379 3225 intus
403 3181 455 3226 et
478 3172 608 3226 loris
639 3170 823 3226 fuisse.
857 3171 912 3224 2.
946 3171 1313 3233 (Ionoocantes,
1345 3172 1539 3241 inquit,
1564 3172 1762 3225 duode-

140 3264 246 3315 cim
286 3264 664 3319 multitudinem
715 3264 1099 3333 discipulormn,
1157 3266 1396 3319 dixerunt
1455 3280 1473 3317 :
1523 3261 1645 3319 Non
1687 3274 1762 3318 est

138 3369 349 3424 rquunt
379 3372 470 3409 nos
499 3355 843 3422 derelinquere
867 3358 1068 3409 verbum
1099 3355 1218 3418 Dei,
1242 3367 1286 3408 et
1305 3356 1595 3409 ministrare
1620 3372 1762 3408 uten-

139 3451 233 3505 sis.
296 3449 439 3504 Bene
481 3468 495 3502 :
539 3449 866 3503 necessariis
907 3449 1050 3503 cnim
1101 3449 1272 3517 magis
1301 3449 1606 3504 necessaria
1634 3457 1762 3502 sunt

141 3543 501 3613 pneferenda.
533 3542 664 3596 Vide
690 3555 894 3606 autem,
934 3541 1209 3610 quomodo
1251 3541 1432 3598 statim
1475 3553 1529 3596 et
1566 3541 1756 3595 horum

141 3652 331 3690 curam
348 3635 604 3698 habeant,
634 3645 688 3688 et
710 3636 1145 3704 pra-.ilicatiottettt
1163 3650 1271 3687 non
1286 3635 1578 3704 negligant.
1597 3635 1758 3699 Quasi

140 3739 324 3782 autem
367 3727 792 3782 venerabiliores
847 3727 920 3780 illi
971 3735 1176 3790 essent,
1220 3727 1342 3779 ideo
1381 3725 1755 3794 przeferuutnr.

139 3821 198 3876 5.
252 3840 271 3872 ι
307 3819 661 3875 Considerate
699 3835 850 3888 ergo,
896 3819 1110 3881 fratres,
1154 3817 1298 3870 viros
1331 3833 1397 3872 cx
1444 3817 1594 3870 vobis
1634 3816 1758 3870 boni

141 3915 442 3970 testimonii
475 3925 708 3984 septem,
741 3914 931 3981 plenos
970 3912 1174 3980 Spiritu
1217 3922 1270 3965 et
1294 3911 1581 3978 sapientia,
1622 3925 1759 3979 quos

140 4007 543 4063 constituemus
573 4020 736 4072 super
767 4005 868 4057 hoc
890 4019 1047 4072 opus.
1072 4007 1124 4057 Δ.
1158 4003 1266 4057 Nos
1290 4017 1417 4056 vero
1446 4003 1673 4056 orationi
1703 4011 1760 4057 et

141 4098 449 4152 ministerio
465 4098 613 4152 verbi
642 4098 902 4151 instantes
930 4097 1151 4150 erimus.
1179 4097 1231 4150 5.
1264 4097 1328 4150 Et
1354 4097 1551 4165 placuit
1579 4110 1758 4150 sermo

140 4206 328 4245 coram
351 4189 501 4244 oumi
543 4189 906 4243 multitudine.
939 4187 1009 4240 Et
1045 4189 1328 4257 elegerunt
1379 4186 1754 4255 Stephanum,

139 4287 322 4339 virum
355 4283 574 4352 plenum
611 4282 716 4335 tide
737 4293 792 4335 et
818 4281 1022 4350 Spiritu
1062 4292 1272 4335 saneto.
1315 4300 1334 4333 ι
1373 4279 1572 4350 Utique
1594 4292 1647 4335 et
1680 4281 1756 4334 illi

141 4378 285 4446 pleni
319 4377 424 4429 tide
446 4385 620 4436 erant.
645 4391 782 4444 quos
813 4385 869 4427 et
893 4375 1204 4442 elegerunt;
1237 4383 1379 4428 utne
1408 4373 1595 4428 eadem
1622 4389 1758 4428 ceu.-

140 4473 436 4538 tingereut,
470 4485 591 4538 qua:
622 4469 672 4522 in
701 4467 860 4533 Jttda,
880 4478 936 4523 et
953 4469 1004 4522 iu
1030 4469 1233 4521 Anania
1253 4477 1309 4523 et
1334 4467 1620 4538 Sapphira.
1651 4487 1668 4519 ι
1693 4469 1759 4523 Ει

141 4565 477 4631 l’liilipptun,
513 4572 567 4616 et
596 4561 952 4628 Prochorum,
993 4571 1047 4617 et
1093 4561 1438 4627 Nicanorem,
1479 4573 1532 4615 et
1571 4563 1756 4617 'l‘imo-

141 4673 291 4721 nem,
321 4665 379 4709 et
409 4655 751 4716 Parmenatn.
783 4665 838 4711 et
880 4655 1160 4710 Nicolaum
1192 4658 1524 4727 proselytum
1564 4658 1757 4711 Antio-

139 4749 381 4803 ebenum
416 4767 427 4800 ;
461 4748 516 4802 6.
546 4765 682 4817 quos
707 4757 1014 4802 statuerunt
1036 4764 1218 4802 coram
1240 4750 1521 4819 apostolis,
1551 4761 1606 4805 et
1635 4766 1758 4804 cum

138 4851 430 4905 orassent,
466 4841 838 4907 imposuerunt
864 4842 945 4896 eis
972 4856 1180 4896 manus.
1210 4843 1264 4897 7.
1309 4843 1372 4897 Et
1407 4843 1628 4898 verbum
1656 4843 1758 4898 Do-

141 4936 272 4989 mini
301 4940 590 4989 crescebat
610 4977 624 4996 ,
654 4945 708 4989 et
739 4935 1200 5004 multiplicalxttur
1234 4953 1493 4993 numerus
1517 4937 1757 5006 discipu-

142 5031 321 5083 loruut
351 5028 406 5081 in
457 5025 760 5082 Jerusalem
795 5047 807 5080 :
839 5028 1005 5082 nntlta
1036 5029 1199 5083 etiam
1234 5031 1388 5085 turba
1417 5030 1757 5085 sacerdotum

139 5120 434 5172 uin-diebat
455 5118 596 5172 fidei.
627 5138 645 5171 ι
671 5117 778 5175 Sed
806 5120 947 5174 dicta
968 5121 1159 5174 iterum
1185 5132 1516 5190 repetamus.
1535 5121 1660 5185 Viri,
1680 5135 1761 5178 at-

139 5211 330 5264 tendite
359 5209 516 5263 vobis.
551 5209 682 5264 Vide
701 5211 830 5263 mihi
853 5211 1613 5283 hicGamaliclem,quomodo
1634 5231 1758 5271 cum

144 5300 564 5355 mansuetudine
595 5312 648 5356 et
690 5303 874 5372 paucis
902 5303 1172 5373 loquatur,
1205 5321 1305 5360 nec
1337 5317 1546 5361 veteres
1575 5319 1760 5364 narret

144 5396 426 5458 historias,
461 5400 564 5449 etsi
597 5406 797 5466 posset,
839 5397 934 5451 sed
974 5413 1162 5463 novas,
1191 5415 1312 5467 qua:
1340 5401 1578 5455 maxime
1597 5401 1663 5455 ad
1698 5401 1762 5456 ti-

145 5489 266 5544 dem
311 5489 635 5544 ﬁrmandam
676 5490 938 5544 valerent.
973 5491 1098 5546 Ideo
1134 5492 1346 5546 occulte
1388 5493 1644 5558 insinuat,
1675 5494 1760 5550 di-

145 5596 277 5637 oens
310 5597 326 5634 :
362 5578 504 5634 Nam
544 5593 661 5633 ante
689 5583 781 5636 hos
819 5583 949 5649 dies,
972 5584 1125 5653 quasi
1154 5585 1460 5653 declarans,
1494 5602 1601 5641 non
1634 5595 1760 5642 ante

149 5675 507 5730 tunltosdles.
533 5674 591 5731 Si
621 5680 800 5730 statim
822 5677 1070 5746 dixisset,
1106 5679 1368 5736 Diinittite
1411 5683 1577 5746 viros,
1602 5682 1655 5736 in
1680 5698 1763 5737 su-

148 5769 453 5835 spicionem
480 5770 736 5834 venisset,
769 5780 826 5825 et
855 5786 1038 5827 sermo
1066 5789 1172 5828 non
1206 5775 1277 5829 ita
1302 5776 1515 5831 validus
1537 5776 1760 5844 fuisset;

150 5872 271 5914 cuin
299 5859 572 5933 exemplis
588 5873 766 5917 autem
792 5864 896 5918 vim
926 5869 1155 5940 accepit.
1181 5868 1307 5926 Ideo
1331 5885 1436 5926 non
1455 5887 1619 5927 unum
1642 5887 1761 5928 me-

1129 361 1193 416 ΙΝ
1235 360 1414 416 ACTA
1460 353 1994 412 APl‘S'l'OLOllliM.
2039 352 2271 406 ιιυιιιιη
2315 352 2450 406 XIV.

3390 353 3487 408 ιιι

1879 481 2075 533 morat,
2111 470 2204 522 sed
2239 479 2292 522 et
2336 470 2584 522 alterum.
2637 471 2795 538 Atqui
2825 479 3035 537 poterat
3067 479 3117 521 et
3149 470 3364 520 tertium
3389 471 3487 521 ad-

1876 563 2006 617 dere.
2036 579 2102 616 ex
2134 562 2450 624 alntmlanti,
2484 572 2538 614 et
2579 578 2733 614 suum
2776 564 3101 614 conlirmare
3153 579 3488 626 sei-munem,

1879 657 2104 724 illosque.
2133 671 2160 706 a
2192 656 2540 725 sanguinario
2587 657 2867 726 proposito
2907 657 3199 710 abducere.
3233 655 3493 710 Discedite

1875 750 1937 799 ab
1962 750 2269 801 hominibus.

1948 841 2000 892 2.
2041 841 2192 898 Vide.
2223 856 2383 908 quam
2416 841 2484 892 sit
2507 841 2746 896 moribus
2773 853 3104 897 mansuetus.
3140 841 3326 911 Neque.
3363 842 3488 895 lon-

1877 949 2026 1001 gum,
2059 933 2153 985 sed
2180 934 2396 986 brevem
2429 935 2568 986 texit
2591 949 2903 988 sermonem
2937 953 2950 996 ;
3004 953 3178 1004 neque
3209 939 3330 988 illos
3354 953 3478 988 eum

1880 1027 2060 1079 furore
2091 1037 2376 1080 memorat.
2439 1026 2503 1078 Et
2530 1043 2703 1080 omnes
2729 1040 2976 1099 quotquot
3004 1043 3368 1082 consenserunt
3401 1033 3482 1094 ei,

1875 1120 2090 1188 dispersi
2116 1133 2252 1172 siml.
2291 1121 2400 1175 lloc
2422 1121 2632 1182 dicens.
2671 1137 2777 1175 non
2811 1124 2862 1174 in
2905 1124 3179 1176 (Iln'istutn
3235 1125 3481 1189 blasphe-
3563 1141 3569 1147 ί

1875 1221 2029 1275 mat;
2087 1213 2180 1266 sed
2235 1213 2328 1277 id,
2380 1214 2521 1281 quod
2557 1217 2790 1267 maxime.
2837 1216 3086 1276 volebat,
3144 1219 3371 1282 perlicit.
3423 1219 3484 1268 Si

1872 1307 1956 1365 sil,
2001 1306 2190 1373 inquit,
2224 1322 2288 1360 ea:
2345 1307 2676 1373 hominibus,
2737 1310 3059 1363 dissolvetur.
3121 1310 3216 1362 llic
3272 1311 3484 1362 videtur

1873 1397 1992 1450 illos
2015 1397 2328 1467 syllogismo
2360 1399 2642 1465 impetere,
2671 1416 2735 1454 ac
2757 1402 2939 1454 dicere
2970 1421 2982 1454 :
3023 1402 3165 1471 Ergo
3193 1403 3317 1469 quia
3382 1403 3482 1454 hoc.

1873 1491 2194 1546 dissolutum
2226 1509 2332 1546 non
2382 1494 2500 1557 fttit,
2557 1512 2662 1548 non
2691 1496 3118 1549 est-luunanum.
3177 1496 3256 1549 ,γυ
3283 1500 3414 1566 fonte
3445 1507 3490 1548 et

1873 1582 1983 1636 Deo
2012 1602 2299 1656 repugnare
2326 1587 2675 1640 inueniamini.
2714 1588 2824 1641 lloc
2858 1589 3095 1650 dicebat,
3127 1605 3193 1641 ex
3221 1590 3478 1657 impossi-

1873 1679 1963 1730 ltili
1996 1690 2045 1732 et
2084 1680 2260 1732 iutttili
2293 1681 2415 1734 illos
2439 1683 2764 1751 reprimens.
2796 1682 2856 1736 Si
2880 1698 2996 1734 vero
3024 1699 3088 1735 ea:
3121 1681 3226 1734 Deo
3249 1695 3342 1746 est,
3374 1701 3479 1734 non

1873 1772 2120 1839 poteritis.
2175 1771 2288 1824 Non
2342 1772 2514 1836 dixit,
2565 1774 2618 1829 Si
2670 1775 2919 1828 Christus
2975 1776 3048 1828 sit
3107 1776 3288 1837 Deus;
3347 1793 3484 1843 opus

1871 1863 2015 1916 enim
2073 1864 2137 1916 iis
2194 1864 2544 1919 declarabat:
2601 1883 2776 1934 neque
2837 1867 3122 1921 afﬁrmavit
3160 1867 3242 1920 vel
3297 1868 3488 1919 Imma-

1872 1969 2032 2017 ttttttt,
2079 1955 2161 2008 vel
2207 1956 2448 2010 divinum
2496 1974 2657 2020 esse;
2706 1959 2801 2013 sed
2828 1959 3008 2011 futuro
3057 1961 3288 2028 tetupori
3321 1959 3484 2013 tidem

1874 2048 2155 2114 pernnsit,
2192 2059 2250 2101 ιιι
2297 2049 2571 2104 suaderet.
2633 2051 2701 2105 Et
2743 2052 2788 2106 si
2834 2053 3041 2116 suasit,
3095 2053 3307 2122 inquies
3333 2095 3348 2114 ,
3389 2069 3490 2106 cur

1873 2139 2264 2209 ﬂagellaruut?
2300 2142 2621 2198 lndubitata:
2672 2144 2896 2215 quidem
2948 2146 3216 2200 dicturum
3264 2145 3486 2214 justitia‘.

1872 2235 2142 2289 obsistere.
2172 2253 2280 2289 non
2329 2246 2644 2305 potuerunt,
2687 2238 2783 2291 sed
2824 2248 3006 2293 tamen
3063 2238 3299 2292 furorem
3329 2254 3487 2291 smnn

1878 2329 2240 2397 impleverunt
2303 2348 2317 2383 :
2375 2331 2612 2400 alioquin
2668 2345 2802 2386 vero
2851 2333 2931 2386 sic
2978 2349 3036 2385 se
3094 2333 3217 2386 illos
3281 2341 3490 2398 perter—

1873 2421 2074 2474 rituros
2105 2421 2422 2490 sperabant.
2450 2423 2606 2490 Quod
2637 2434 2816 2479 autem
2849 2423 2964 2478 lucc
2992 2423 3098 2478 illis
3120 2439 3228 2477 non
3250 2439 3490 2491 pra-seu-

1872 2515 2015 2568 tibus
2042 2514 2270 2580 diceret,
2298 2517 2399 2571 hoc
2433 2518 2555 2572 illos
2581 2518 2753 2586 magis
2779 2519 3004 2572 attraxit
3033 2537 3046 2571 :
3089 2533 3152 2571 ac
3209 2517 3483 2570 sermonis

1869 2607 2143 2671 suavitas,
2196 2609 2577 2680 dictorumque
2629 2611 2835 2679 justitia
2866 2610 2916 2664 id
2947 2611 3056 2663 illis
3098 2610 3288 2664 suasit.
3350 2609 3488 2664 Fere

1872 2716 2102 2769 namque
2134 2710 2188 2754 et
2212 2702 2296 2756 hic
2329 2702 2674 2771 evangelium
2699 2703 3024 2772 trauliCabat
3051 2721 3065 2766 ;
3103 2705 3212 2757 imo
3232 2705 3348 2758 hac
3373 2706 3486 2760 fere

1869 2791 2102 2855 dicebat.
2133 2809 2255 2848 cum
2281 2795 2486 2861 justitia
2517 2797 2664 2863 ipsos
2683 2797 3000 2865 alloquens:
3036 2798 3360 2853 Persuasum
3391 2802 3486 2853 ha-

1871 2887 2011 2941 betis
2033 2905 2133 2944 vos
2156 2904 2262 2942 non
2325 2905 2484 2958 posse
2534 2891 2852 2945 dissolvere.
2902 2892 3010 2945 Cur
3053 2909 3159 2945 uoti
3220 2894 3486 2947 credidis-

1870 2979 1976 3033 tis?
2001 2980 2134 3034 Tam
2168 2998 2358 3052 magna
2392 2992 2475 3038 est
2504 2983 2839 3053 przedieatio,
2872 2986 3115 3039 utetiam
3149 2987 3216 3040 ab
3249 2988 3482 3041 inimicis

1870 3075 2235 3129 testimonium
2282 3077 2497 3130 habeat.
2535 3077 2644 3132 Illic
2673 3079 3054 3149 quadringenti
3088 3091 3434 3135 surrexerant
3461 3123 3478 3146 ,

1866 3176 1920 3218 et
1975 3177 2157 3233 postea
2220 3183 2412 3237 magna
2465 3171 2787 3225 multitudo:
2842 3171 2928 3226 hic
2983 3172 3266 3227 duodecim
3323 3175 3481 3243 primi

1865 3267 2040 3311 erant.
2075 3259 2150 3311 Ne.
2177 3275 2308 3328 ergo
2333 3277 2426 3313 vos
2469 3262 2880 3330 perterrefaciat
2908 3265 3266 3318 multitudinis
3293 3283 3482 3322 acces-

1866 3352 1965 3404 sio.
1999 3351 2057 3406 Si
2085 3354 2218 3405 enim
2254 3370 2315 3406 ea:
2342 3355 2632 3409 hominibus
2659 3359 2814 3427 fuerit
2839 3375 2968 3426 opus
2991 3357 3106 3420 hoc,
3139 3359 3468 3414 dissolvetur.

1867 3443 2081 3498 Poterat
2109 3456 2165 3499 ct
2189 3447 2332 3500 aliud
2365 3446 2675 3518 [Egyptimn
2723 3449 2906 3504 dicere
2926 3466 2956 3526 ς,
2991 3451 3086 3505 sed
3125 3453 3238 3521 jam
3290 3470 3480 3522 snper—

1867 3537 2029 3592 lluutu
2058 3541 2158 3592 hoe
2183 3539 2386 3594 fuisset.
2425 3539 2628 3603 Viden‘,
2650 3541 2921 3610 quomodo
2943 3551 3150 3598 terrore
3169 3559 3480 3599 sermonem

1864 3631 2188 3686 concluserit
2213 3633 2236 3685 ἲ
2263 3631 2388 3687 Ideo
2417 3649 2523 3686 non
2547 3634 2866 3704 simpliciter
2880 3637 3205 3689 sententiam
3230 3638 3436 3704 profert
3457 3679 3474 3704 ,

1867 3733 1918 3774 ut
1951 3739 2018 3778 ne
2045 3723 2292 3795 videatur
2309 3739 2408 3794 pro
2432 3726 2538 3778 illis
2559 3726 2776 3788 dicere;
2831 3725 2926 3780 sed
2952 3743 3017 3780 ex
3051 3728 3128 3781 rei
3156 3739 3354 3783 eventu
3385 3746 3476 3782 ra-

1866 3816 2187 3870 tiocinatur.‘
2240 3816 2358 3872 Non
2387 3832 2552 3872 ausus
2581 3828 2664 3874 est
2689 3834 2818 3873 vero
2841 3819 3143 3885 aflirmare,
3170 3822 3475 3878 doctrinam

1866 3911 2010 3964 illaut
2041 3925 2149 3964 non
2174 3910 2489 3976 humanam,
2515 3911 2609 3966 sed
2637 3928 2703 3966 ex
2735 3913 2844 3966 Deo
2875 3929 3032 3968 esse:
3063 3916 3187 3984 quia
3219 3919 3262 3970 si
3294 3917 3474 3971 dixis-

1865 4013 1942 4056 set
1977 4020 2040 4055 ex
2074 4004 2184 4058 Deo
2211 4019 2333 4059 esse
2362 4047 2380 4071 ,
2424 4007 2878 4061 contradixissent
2904 4007 2979 4060 illi
3014 4025 3027 4071 ;
3085 4009 3132 4063 si
3183 4021 3362 4063 autem
3411 4028 3481 4066 ex

1866 4094 2177 4151 hominibus
2204 4097 2450 4163 dixisset,
2506 4099 2572 4153 ad
2601 4101 2986 4170 insurgendum
3014 4106 3268 4172 propensi
3299 4117 3478 4158 erant.

1866 4185 1988 4240 Ideo
2021 4188 2140 4264 illos
2173 4189 2333 4244 liuent
2373 4202 2690 4262 exspectare
2712 4194 2867 4262 jubet
2894 4235 2910 4258 ,
2939 4196 3147 4259 dicens,
3194 4197 3472 4256 Discedite.

1867 4280 1943 4334 llli
1974 4297 2103 4335 vero
2134 4298 2349 4338 rursum
2387 4286 2684 4352 mittantur,
2710 4289 2950 4342 scientes
2971 4290 3192 4359 quidem
3241 4305 3300 4346 5e.
3343 4295 3478 4348 nihil

1866 4392 2023 4444 posse
2075 4379 2356 4446 perlicere.
2405 4395 2506 4434 suo
2548 4391 2728 4437 autem
2804 4399 2955 4438 ntere
3001 4384 3286 4441 facientes.
3333 4388 3482 4442 Talis

1864 4470 2007 4524 enim
2039 4485 2128 4524 res
2148 4481 2232 4525 est
2253 4473 2482 4538 malitia,
2527 4491 2650 4544 qua:
2692 4477 3046 4544 impossibilia
3098 4493 3245 4547 saepe
3279 4489 3476 4538 teutat.

1868 4559 1994 4615 Post
2020 4563 2156 4616 hunc
2181 4574 2355 4618 autem
2384 4566 2607 4618 surrexit
2655 4565 2827 4621 ludas
2849 4570 2949 4636 (α).
3009 4569 3158 4635 Ηξιεα.
3189 4572 3232 4626 si
3255 4571 3480 4642 loseplti

1865 4655 2035 4710 libros
2057 4657 2424 4726 inspexeritis,
2453 4662 2762 4716 accuratius
2783 4663 3040 4718 cdiscetis
3068 4684 3083 4720 :
3117 4667 3206 4720 ille
3235 4682 3474 4737 namque

1867 4747 2059 4802 horum
2093 4751 2376 4805 historiam
2427 4751 2720 4823 diligenter
2769 4766 2973 4809 narrat.
3025 4758 3214 4812 Viden‘
3256 4762 3475 4827 qualem

1867 4857 1979 4896 rem
2007 4858 2172 4897 ausus
2215 4854 2300 4900 est
2329 4845 2531 4908 dicere,
2589 4847 2731 4917 quod
2761 4845 2846 4902 Ea:
2875 4849 2983 4903 Deo
3009 4893 3025 4915 ,
3056 4854 3182 4922 quia
3235 4865 3418 4922 postea
3453 4873 3482 4906 a

1869 4936 2030 4991 rebus
2061 4939 2190 5006 ipsis
2215 4938 2375 4994 fidem
2397 4941 2647 5009 accepit?
2703 4941 2841 4996 Vere
2895 4960 3089 5014 ntagua
3130 4945 3361 5014 fiducia,
3423 4962 3481 5004 et

1866 5031 2012 5084 nulla
2057 5047 2408 5100 personarum
2449 5035 2718 5102 acceptio.
2751 5036 3126 5092 Consenserunt
3175 5050 3344 5096 autem
3383 5045 3476 5109 illi,

1869 5122 2059 5191 inquit.
2087 5120 2154 5176 Et
2180 5135 2514 5179 conparantes
2569 5129 2852 5197 apostolos,
2911 5146 3085 5186 Ozl‘SOS
3129 5133 3477 5191 dimiserunt.

1867 5216 2107 5272 Reveriti
2138 5228 2267 5273 sunt
2291 5224 2618 5276 sententiam
2648 5223 2784 5286 viri;
2841 5210 3425 5294 ideoquedestiterunt
3453 5251 3481 5284 τι

1869 5312 2153 5380 proposito
2182 5314 2462 5368 occidendi
2491 5317 2766 5384 apostolos
2802 5334 2816 5370 :
2867 5316 3174 5389 ﬂagellatos
3202 5332 3384 5376 autem
3417 5325 3482 5378 il-

1871 5403 1951 5457 los
1978 5403 2277 5457 dimittunt.
2321 5403 2388 5457 Et
2419 5406 2498 5458 illi
2543 5407 2750 5476 quidem
2781 5409 2923 5462 ibant
2975 5413 3256 5482 gaudentes
3304 5435 3334 5467 η
3363 5434 3488 5471 cono

1869 5505 2043 5564 ιρι-ειη
2066 5497 2294 5560 concilii,
2326 5498 2567 5566 quoniam
2596 5500 2737 5570 digni
2784 5502 2942 5555 habiti
2992 5516 3112 5557 sunt
3159 5525 3251 5574 pro
3282 5513 3493 5564 nomine

1869 5587 2061 5644 Christi
2087 5593 2451 5644 contumeliam
2479 5594 2606 5658 pati.
2636 5595 2844 5661 Quibus
2875 5598 3043 5665 signis
3067 5598 3169 5653 hoc
3195 5618 3301 5655 non
3327 5607 3486 5656 mira-

1873 5681 2030 5737 bilius
2057 5693 2140 5737 est
2171 5683 2490 5755 ?Nttsqnatn
2512 5685 2613 5741 hoc
2640 5687 2782 5755 apud
2814 5701 3027 5745 veteres
3059 5694 3306 5764 contigit.
3354 5695 3484 5750 Nam

1938 5817 2460 5885 (n)_Vide_Josth_um
2486 5819 2782 5885 Antquud.
2803 5820 2836 5870 1.
2862 5824 2936 5881 18.
2965 5840 3008 5874 e.
3041 5826 3087 5885 l,
3114 5828 3198 5876 ubi
3231 5827 3491 5878 Juda‘th-

1875 5879 1992 5931 litati
2019 5882 2271 5932 historiam
2306 5879 2490 5944 refert;
2515 5891 2570 5934 ct
2602 5879 2637 5936 ιζ
2662 5884 2745 5947 ει).
2765 5900 2810 5938 c.
2830 5885 2880 5940 ‘3.
2905 5879 2990 5938 ubi
3009 5879 3292 5942 de't‘heuda
3317 5897 3434 5955 agit.
