4068 6410
534 410 536 412 ’
617 401 722 460 1ιὸ

616 511 876 570 Jeremias
903 509 1118 581 quidem
1146 506 1440 578 ﬂagellatus
1469 511 1552 558 est
1577 509 1800 572 propter
1826 497 2047 552 verbum
2073 491 2192 557 Dei,

617 604 746 660 Elite
769 610 825 657 et
852 601 971 655 aliis
1001 600 1183 654 minati
1214 604 1369 651 sunt:
1406 594 1500 649 sed
1529 591 1616 647 hic
1643 603 1696 645 et
1736 606 1804 644 ex
1835 588 1936 642 hac
1967 601 2024 642 re
2048 593 2103 639 et
2130 597 2195 636 ex

622 693 790 764 signis
819 694 1067 746 virtutem
1097 690 1189 744 Dei
1225 688 1586 743 declararunt.
1619 682 1733 737 Non
1759 681 1894 734 dixit
1920 677 2063 748 quod
2090 689 2196 728 non

620 783 904 846 dolerem;
949 781 1040 835 sed
1087 778 1227 849 quod
1254 779 1377 833 licet
1397 776 1640 831 dolentes
1668 773 1979 844 gauderent.
2016 764 2197 822 Unde-

619 879 742 930 natn
790 872 844 928 id
886 870 1101 942 liquet?
1145 871 1219 925 Ex
1251 868 1493 938 sequenti
1539 867 1784 920 libertate
1836 858 2086 916 dicendi:
2126 857 2197 910 ita

617 982 833 1040 semper
851 967 1006 1022 etiam
1039 972 1160 1042 post
1187 964 1368 1033 plagas
1391 957 1724 1030 ρι’πιὰἱωηάο
1751 952 2040 1008 instabant.
2075 948 2199 1002 Ideo

618 1059 671 1114 id
693 1058 987 1118 declaratis,
1012 1061 1087 1109 ait
1117 1074 1131 1109 :
1164 1052 1232 1108 In
1262 1055 1449 1121 teMplo
1471 1061 1517 1103 et
1543 1051 1677 1102 circa
1699 1047 1876 1100 domos
1897 1060 2000 1098 non
2029 1057 2198 1096 cessa-

618 1149 738 1202 bant
787 1149 1019 1202 docentes
1059 1155 1105 1200 et
1146 1144 1544 1214 coangelizantes
1583 1137 1842 1194 Clu-istum
1883 1134 2081 1188 Iesum.
2131 1130 2200 1185 In

617 1241 792 1294 diebus
829 1249 999 1295 autem
1031 1241 1151 1294 illis.
1183 1238 1384 1307 Quibus
1405 1233 1630 1289 diebus?
1665 1230 1796 1311 cum
1832 1229 1943 1282 hate
1972 1227 2196 1289 ﬁerent;

617 1347 736 1387 cum
767 1333 992 1404 flagella,
1017 1349 1136 1386 cum
1162 1332 1317 1386 mina:
1339 1373 1353 1394 ,
1378 1344 1498 1384 cum
1523 1324 1764 1394 discipuli
1784 1320 2200 1390 multiplicaren-

623 1437 742 1478 tur:
775 1434 900 1479 tunc
928 1422 1143 1477 Factum
1169 1433 1240 1477 est
1265 1436 1514 1476 murmur.
1543 1417 1609 1472 Et
1636 1413 1878 1470 fortassis
1905 1411 1975 1466 ob
2015 1407 2198 1465 multi-

617 1517 854 1571 tudinem
900 1515 1166 1584 contigit:
1199 1531 1303 1567 non
1355 1512 1496 1565 enim
1541 1515 1717 1578 potest
1763 1505 1816 1560 in
1863 1501 2203 1558 multitudine

617 1616 798 1662 tantus
822 1607 955 1662 ordo
981 1607 1205 1661 servari.
1238 1605 1304 1659 Et
1337 1618 1522 1672 magna
1555 1600 1702 1654 turba
1730 1597 2047 1652 sacerdotum
2082 1592 2202 1647 obe-

617 1699 784 1752 diebat
805 1699 943 1765 fidei.
969 1698 1062 1752 His
1081 1695 1468 1754 subindicatur,
1491 1708 1556 1747 ex
1579 1693 1660 1755 iis,
1681 1690 1772 1760 qui
1793 1687 1989 1744 Christi
2015 1698 2202 1740 necem

618 1792 903 1848 machinati
923 1800 1066 1856 sunt,
1095 1789 1293 1844 multos
1321 1786 1630 1842 credidisse.

689 1882 1029 1940 Ministerium
1066 1883 1412 1952 quotidianum
1441 1878 1581 1948 quid.
1613 1873 1904 1928 —-Factum
1941 1879 2016 1924 est
2063 1885 2206 1923 mur-

615 1993 752 2042 mur,
778 1977 912 2046 quod
935 1977 1312 2046 despicerentur
1332 1974 1384 2026 in
1413 1971 1706 2042 quotidiana
1733 1966 2010 2021 ministerio
2038 1964 2204 2018 vidule

614 2084 811 2122 eorum.
863 2067 1004 2137 Ergo
1034 2065 1398 2138 quotidianum
1449 2064 1800 2117 ministerium
1845 2075 1972 2128 erga
2013 2057 2203 2112 viduas

613 2170 753 2214 erat.
784 2160 852 2216 Et
883 2161 1002 2215 vide
1023 2203 1038 2226 ,
1070 2158 1340 2231 quomodo
1380 2157 1467 2212 hic
1506 2156 1858 2210 ministerium
1905 2164 2100 2218 vocet,
2152 2161 2207 2206 et

620 2264 726 2303 non
771 2251 948 2305 statim
978 2250 1406 2322 eleemosynam;
1440 2249 1620 2319 sicque
1653 2257 1708 2301 et
1736 2261 1831 2301 eos
1866 2246 1955 2315 qui
1984 2246 2202 2310 darent,

618 2353 673 2396 et
713 2358 808 2397 eos
835 2343 925 2411 qui
954 2343 1288 2414 acciperent,
1325 2342 1565 2395 extollat.
1595 2339 1709 2395 Hoc
1736 2354 1841 2394 non
1888 2354 1955 2394 ex
2003 2338 2205 2392 malitia

620 2434 907 2498 oriebatur,
965 2433 1058 2492 sed
1089 2433 1329 2488 fortassis
1370 2447 1436 2486 ex
1480 2432 1648 2486 turbat
1698 2431 2038 2502 negligentia.
2080 2428 2206 2485 Ideo

619 2523 724 2579 hoc
768 2525 819 2579 in
854 2525 1084 2579 medium
1113 2525 1333 2594 protulit
1378 2523 1526 2594 (non
1555 2539 1777 2594 parvum
1821 2526 1962 2578 enim
2004 2523 2204 2578 malum

615 2616 782 2686 erat),
805 2616 948 2687 quod
975 2618 1083 2671 cito
1111 2615 1404 2671 curandum
1431 2616 1685 2685 oportuit.
1715 2615 1898 2670 Viden‘
1935 2617 2208 2685 quomodo

621 2705 681 2762 in
706 2706 968 2777 principio
993 2707 1130 2762 mala
1171 2723 1275 2763 non
1303 2707 1432 2762 foris
1463 2717 1665 2762 tantum
1691 2749 1706 2772 ,
1737 2707 1832 2762 sed
1862 2708 2020 2762 etiam
2064 2708 2208 2761 intus

622 2809 802 2854 essent
824 2800 847 2852 ἵ
872 2800 948 2853 Tn
979 2816 1107 2855 vero
1138 2817 1242 2854 non
1288 2800 1462 2854 solum
1509 2799 1754 2855 attendas
1781 2800 1920 2871 quod
1964 2810 2208 2855 curatum

623 2891 808 2956 fuerit,
843 2892 937 2946 sed
978 2895 1138 2947 etiam
1166 2892 1306 2962 quod
1340 2907 1589 2962 magnum
1636 2899 1781 2946 esset
1824 2893 2040 2946 malum.
2075 2890 2210 2946 Con—

618 2983 838 3038 siderate
863 3001 1004 3055 ergo,
1028 2985 1243 3054 fratres,
1275 2985 1406 3037 uiros
1435 3000 1497 3037 ea:
1520 2982 1657 3036 vobis
1679 2993 1886 3053 septem.
1916 2983 2030 3036 Non
2059 2984 2111 3037 id
2140 2998 2207 3038 ex

623 3080 840 3147 proprio
863 3086 990 3131 nutu
1012 3075 1228 3142 faciunt,
1245 3075 1339 3131 sed
1359 3075 1503 3145 prius
1524 3091 1583 3130 se
1598 3085 1853 3131 excusant
1874 3079 2011 3145 apud
2032 3075 2212 3129 multi-

627 3169 883 3225 tudinem.
910 3169 989 3225 Ita
1022 3178 1075 3223 et
1099 3183 1237 3222 nunc
1260 3167 1373 3222 ﬁeri
1403 3176 1696 3237 oporteret.
1725 3167 1846 3220 A'an
1879 3177 1948 3220 est
1976 3183 2205 3233 (equum,

626 3260 807 3324 aiunt,
861 3274 953 3312 nos
998 3256 1342 3326 derelinquere
1398 3257 1598 3311 verbum
1645 3257 1777 3322 Dei,
1828 3268 1875 3310 et
1926 3258 2212 3311 ministrare

627 3352 832 3406 mensis.
860 3351 1039 3405 Primo
1069 3350 1452 3405 absurditatem
1483 3349 1720 3419 profert,
1768 3349 2057 3404 ostendens
2102 3365 2209 3406 non

624 3458 786 3514 posse
820 3453 1102 3514 utrumque
1148 3452 1393 3497 accurate
1439 3444 1680 3512 praestari
1724 3461 1738 3497 :
1780 3444 2210 3513 quandoquidem

622 3551 749 3590 cum
799 3535 1072 3590 Matthiam
1103 3535 1358 3589 ordinare
1388 3536 1660 3605 oportuit,
1707 3535 1878 3604 primo
1916 3537 1993 3590 rei
2020 3547 2206 3591 osten-

623 3628 761 3683 dunt
787 3629 1190 3694 necessitatem,
1216 3628 1340 3699 quia
1362 3643 1498 3682 unus
1529 3627 1816 3696 defecerat,
1848 3638 1902 3683 et
1930 3629 2209 3684 duodecim

626 3735 747 3775 esse
773 3719 1074 3789 Oportebat.
1110 3718 1282 3773 Etiam
1323 3719 1409 3773 hic
1453 3720 1823 3774 necessitatem
1864 3721 2152 3775 ostendunt
2195 3740 2207 3776 :

629 3828 729 3868 nec
759 3812 889 3866 illud
911 3821 1036 3867 ante
1061 3811 1330 3874 fecerunt,
1354 3811 1448 3866 sed
1479 3822 1856 3882 exspectarunt
1876 3813 2050 3868 donec
2069 3829 2213 3867 mur-

631 3918 752 3957 mur
772 3904 1039 3968 oriretur;
1069 3918 1241 3973 nequc
1262 3911 1438 3958 tamen
1463 3905 1601 3973 passi
1622 3913 1746 3958 sunt
1775 3912 1832 3959 ut
1858 3903 1960 3960 boc
1987 3905 2212 3960 multum

623 4005 916 4050 cresceret.

719 4087 772 4140 5.
818 4087 885 4140 Et
927 4086 1080 4149 vide;
1127 4086 1385 4156 judicium
1439 4088 1544 4142 illis
1585 4090 1932 4157 permittunt,
1981 4100 2034 4143 et
2091 4092 2212 4146 illos

632 4177 922 4247 praeferunt
951 4178 1043 4248 qui
1072 4179 1320 4232 omnibus
1351 4179 1654 4248 placerent,
1688 4191 1742 4234 et
1783 4183 2019 4235 omnium
2061 4184 2212 4237 testi-

632 4273 813 4325 monio
840 4271 1046 4341 probati
1071 4283 1268 4328 esseut.
1305 4272 1435 4328 Cum
1464 4275 1696 4342 oportuit
1717 4275 1991 4329 Matthiain
2020 4291 2214 4346 propo-

634 4378 762 4417 nere
788 4405 801 4428 ,
859 4363 1100 4432 Oportet,
1155 4366 1432 4432 inquiunt,
1466 4383 1528 4420 ea:
1552 4364 1613 4420 iis
1637 4407 1652 4432 ,
1693 4368 1779 4435 qui
1805 4368 2061 4421 nobiscum
2101 4379 2216 4421 sunt

633 4456 771 4507 omni
799 4465 1061 4524 tempore;
1089 4455 1172 4510 hic
1199 4467 1372 4510 autem
1402 4474 1504 4511 non
1536 4461 1612 4513 sic
1643 4478 1656 4514 :
1686 4476 1790 4513 non
1822 4463 1962 4514 enim
1992 4463 2094 4515 tale
2122 4478 2218 4518 ne-

631 4548 831 4616 gotium
863 4555 998 4602 erat.
1035 4547 1156 4600 Ideo
1185 4547 1284 4600 hoc
1321 4563 1424 4602 non
1460 4551 1586 4602 sorti
1620 4553 2010 4619 permiserunt;
2045 4568 2216 4622 neque

629 4654 752 4693 cum
784 4641 879 4708 ipsi
910 4650 1127 4708 possent
1156 4639 1356 4710 Spiritu
1384 4643 1509 4696 moti
1534 4643 1751 4712 eligere,
1783 4645 1832 4698 id
1863 4646 2091 4711 faciunt;
2121 4649 2215 4701 sed

633 4746 700 4783 ex
731 4735 1013 4785 multorum
1037 4734 1340 4786 testimonio
1358 4735 1498 4802 quod
1523 4736 1770 4804 placitum
1795 4746 1936 4791 esset
1955 4746 2212 4793 statuunt.

635 4820 878 4886 Alioquin
912 4839 1052 4888 vero,
1089 4841 1365 4878 numerum
1398 4824 1642 4892 delinire,
1672 4828 1942 4892 ordinare,
1967 4830 2030 4883 ad
2056 4832 2214 4884 talem

636 4927 816 4978 usum,
849 4914 912 4966 ad
945 4915 1062 4968 illos
1090 4919 1385 4984 pertinebat
1420 4920 1434 4949 ³
1460 4936 1474 4982 ;
1505 4919 1703 4988 eligere
1728 4932 1903 4975 autem
1933 4924 2074 4976 viros
2112 4924 2216 4979 illis

640 4989 948 5074 permittunt
970 5048 984 5069 ,
1011 5018 1064 5060 ut
1104 5023 1170 5063 ne
1197 5008 1499 5063 viderentur
1529 5011 1594 5064 ad
1616 5013 1965 5081 quorumdam
1992 5016 2215 5084 gratiam

635 5113 800 5166 agere
831 5117 844 5152 :
872 5100 992 5166 quia
1021 5110 1074 5152 et
1103 5100 1239 5154 Deus
1270 5101 1434 5170 Moysi
1463 5103 1702 5171 permisit
1728 5105 1923 5173 eligere
1953 5107 2213 5173 seniores,

636 5208 771 5261 quos
800 5203 1038 5246 noverat.
1080 5194 1239 5248 Multa
1269 5197 1409 5248 enim
1438 5197 1694 5264 sapientia
1724 5212 1858 5265 opus
1886 5208 1968 5252 est
2011 5200 2064 5253 in
2094 5201 2216 5253 tali-

638 5286 737 5341 bus
766 5285 1269 5356 dispensationihus.
1311 5288 1387 5342 Ne
1422 5293 1619 5358 putetis
1648 5291 1811 5357 enim,
1841 5294 1964 5360 quia
1993 5293 2217 5348 verbum

638 5395 746 5433 non
777 5379 904 5448 ipsis
933 5379 1296 5433 concreditum
1331 5382 1524 5447 fuerat,
1554 5399 1658 5436 non
1694 5399 1828 5453 opus
1852 5385 2099 5440 habuisse
2128 5401 2217 5439 sa-

644 5474 834 5541 pientia
867 5474 1066 5528 :mulla
1094 5485 1238 5530 certe
1264 5490 1398 5544 Opus
1426 5477 1676 5533 habuere.
1713 5477 1825 5533 Nos
1857 5494 1968 5532 vero
2003 5481 2219 5533 orationi

624 5580 688 5622 et
726 5569 999 5622 ministerio
1042 5571 1175 5624 verbi
1218 5573 1460 5625 instantes
1490 5574 1691 5626 erimus.
1726 5573 1795 5627 Et
1836 5573 1986 5626 initio
2014 5584 2066 5627 et
2114 5573 2220 5630 ﬁne

635 5677 757 5718 sese
784 5673 1056 5715 excusant.
1096 5661 1351 5716 Instantes
1394 5665 1576 5717 erimus
1600 5705 1613 5727 ,
1653 5665 1919 5734 inquiunt.
1958 5665 2045 5718 Sic
2077 5665 2218 5718 enim

639 5753 950 5824 Oportebat,
979 5768 1086 5807 non
1120 5754 1327 5820 leviter,
1357 5769 1461 5808 non
1492 5765 1807 5826 utcumque,
1834 5756 1927 5810 sed
1949 5772 2068 5810 cum
2099 5772 2222 5826 per-

700 5866 720 5898 ⁶
753 5865 918 5918 tlorel.
942 5867 1086 5932 legit,
1109 5866 1200 5920 stbt
1224 5870 1521 5933 adscribunt,
1548 5883 1653 5934 pro,
1681 5870 1749 5922 ad
1771 5869 1878 5925 illos
1900 5870 2185 5937 pertinebat.

1405 389 1464 445 S.
1494 383 1774 444 JOANNIS
1808 373 2282 437 CﬂllYSOSTOSII
2313 369 2626 429 ARCHIEP.
2667 341 3196 424 CONSTANTINOP.

3797 365 3903 424 “6

2305 487 2630 543 severantia.
2659 484 2730 540 Et
2757 485 2972 556 placuit,
2996 484 3187 555 inquit,
3212 499 3376 537 sermo
3402 500 3572 538 coram
3596 486 3738 539 omni
3759 487 3897 540 arul-

2305 581 2540 634 titudine.
2587 580 2655 633 Et
2685 578 2787 634 hoc
2829 578 3040 633 illorum
3081 579 3392 648 sapientiam
3421 578 3665 633 decebat.
3697 579 3902 636 Omnes

2303 673 2504 729 dictum
2553 672 2871 737 laudarunt;
2905 672 2975 726 ita
3005 671 3284 741 prudentia
3324 671 3539 741 plenum
3569 681 3712 727 erat.
3766 692 3787 726 ι
3836 673 3899 730 Et

2307 766 2612 836 elegerunt,
2638 764 2808 834 inquit
2836 764 3075 832 (rursum
3109 763 3208 831 ipsi
3231 763 3486 832 eligunt).
3519 761 3858 832 Stephanum
3882 805 3899 831 ,

2304 857 2476 911 virum
2507 858 2720 925 plenum
2769 855 2870 909 (ide
2899 864 2954 909 et
2982 854 3181 924 Spiritu
3222 865 3407 909 saneto
3426 897 3440 919 ,
3471 865 3528 910 et
3557 854 3863 926 Philippum
3884 898 3898 922 ,

2307 956 2362 1004 et
2391 947 2717 1002 Prochorum
2736 989 2750 1014 ,
2780 957 2836 1002 et
2862 947 3200 1006 Nicanorem.
3229 954 3286 1000 et
3315 946 3601 1002 Timonem
3621 990 3636 1011 ,
3667 954 3728 1003 et
3774 947 3897 1004 Par-

2307 1058 2540 1108 tuenain,
2569 1052 2624 1097 et
2649 1041 2924 1097 Nicolaum
2949 1041 3276 1112 proselytum
3302 1040 3702 1095 Antiochenam
3732 1059 3746 1096 :
3774 1057 3902 1111 quos

2306 1142 2608 1188 statuerunt
2637 1147 2817 1188 coram
2868 1133 3146 1202 apostolis.
3181 1129 3245 1185 Et
3287 1141 3505 1187 orantes
3533 1133 3905 1203 imposuerunt

2308 1223 2413 1278 illis
2439 1238 2648 1277 manus.
2683 1242 2704 1275 ι
2736 1223 2872 1278 Hinc
2901 1223 3074 1293 palam
3105 1231 3219 1289 est,
3248 1224 3388 1293 quod
3419 1226 3903 1301 segregaverintil-

2307 1315 2388 1370 los
2425 1331 2457 1369 a
2485 1314 2864 1379 multitudine;
2897 1324 2953 1370 et
2999 1316 3070 1369 illi
3104 1315 3352 1390 trahunt,
3382 1331 3487 1370 non
3533 1319 3770 1386 apostoli
3813 1318 3898 1373 du-

2307 1419 2456 1462 cunt.
2487 1408 2642 1472 Vide,
2671 1423 2831 1478 quam
2873 1422 2980 1462 non
3027 1408 3294 1479 superflue
3341 1411 3574 1478 scriptor
3602 1409 3860 1480 loquatur
3890 1430 3904 1466 :

2309 1516 2416 1554 non
2446 1502 2588 1555 enim
2617 1501 2749 1556 dicit
2777 1501 3049 1570 quomodo
3073 1542 3088 1566 ,
3118 1499 3213 1555 sed
3245 1501 3559 1570 simpliciter
3577 1503 3729 1573 quod
3762 1504 3904 1558 ordi-

2309 1593 2420 1646 nati
2467 1593 2575 1646 sint
2629 1608 2722 1661 per
2748 1592 3044 1646 orationem
3095 1610 3108 1646 :
3157 1592 3258 1647 hoc
3300 1595 3444 1648 enim
3488 1604 3574 1650 est
3613 1595 3907 1651 ordinatio.

2315 1683 2502 1740 Manus
2533 1686 2630 1739 viri
2659 1686 3072 1755 superponitur;
3116 1694 3281 1740 totttm
3310 1701 3437 1741 vero
3462 1686 3606 1742 Deus
3631 1698 3908 1758 operatur,

2310 1777 2533 1847 ejusque
2554 1792 2743 1832 manus
2759 1786 2845 1831 est
2864 1793 2982 1847 qua:
3005 1777 3171 1848 tangit
3191 1787 3348 1846 caput
3368 1778 3624 1844 ordinati,
3651 1781 3696 1835 si
3723 1796 3913 1850 quem-

2309 1868 2594 1922 admodum
2653 1875 2867 1937 oportet
2916 1868 3211 1922 ordinetur.
3244 1868 3310 1923 Et
3347 1887 3531 1933 sermo,
3568 1871 3748 1940 inquit
3770 1915 3786 1938 ,
3822 1871 3917 1926 Dei

2309 1959 2556 2012 crescebat
2579 1999 2595 2025 ,
2646 1968 2695 2012 et
2747 1958 3176 2030 multiplicabatur
3215 1977 3454 2015 numerus
3505 1962 3912 2033 discipulorum.

2308 2051 2423 2105 Non
2453 2051 2570 2106 sine
2598 2067 2760 2107 causa
2790 2052 2889 2108 hoc
2917 2053 3069 2118 dixit,
3117 2053 3210 2108 sed
3243 2063 3298 2107 ut
3325 2054 3639 2109 ostenderet
3665 2097 3680 2120 ,
3711 2067 3915 2124 quanta

2311 2142 2382 2196 sit
2411 2144 2769 2215 eleemosynte
2814 2155 2868 2199 et
2898 2145 3022 2200 boni
3055 2145 3261 2200 ordinis
3292 2146 3482 2201 virtus.
3531 2150 3609 2201 Ac
3651 2146 3916 2218 deinceps

2311 2250 2430 2304 qua:
2455 2234 2782 2304 Stephanum
2809 2244 3056 2306 Spectant
3074 2233 3385 2292 narraturus
3413 2248 3530 2293 est:
3565 2238 3694 2292 ideo
3723 2247 3919 2295 etcau-

2312 2343 2401 2384 sas
2431 2329 2642 2382 illorum
2691 2330 3003 2398 praemittit:
3037 2329 3104 2384 Et
3134 2331 3316 2395 multi,
3351 2333 3555 2402 inquit,
3586 2335 3917 2388 sacerdotum

2309 2421 2601 2475 obediebant
2624 2422 2761 2491 ﬁdei.
2786 2421 2917 2490 Quia
2950 2424 3091 2477 enim
3126 2424 3374 2479 videbant
3407 2425 3704 2495 principem
3735 2437 3794 2481 et
3817 2427 3917 2482 do-

2309 2525 2512 2570 ctorem
2543 2516 2656 2570 lucc
2683 2517 3058 2585 prolerentem,
3093 2533 3157 2571 ex
3179 2518 3430 2586 operibus
3447 2519 3558 2588 jam
3605 2518 3912 2588 perieulum

2313 2607 2597 2661 faciebant.
2633 2606 2699 2660 Et
2723 2606 3077 2663 admiratione
3099 2609 3318 2678 dignum
3346 2621 3461 2675 est,
3503 2610 3646 2680 quod
3680 2611 3918 2682 populus

2314 2712 2421 2751 non
2454 2698 2656 2752 scissus
2678 2697 2836 2753 fuerit
2859 2699 2911 2753 in
2940 2699 3202 2753 electione
3225 2701 3484 2768 virorum,
3507 2703 3784 2771 quomodo
3805 2719 3916 2758 non

2314 2791 2582 2858 reprobati
2613 2792 2719 2845 sint
2744 2791 2813 2845 ab
2841 2791 2944 2845 illis
2965 2792 3214 2862 apostoli.

2387 2882 2673 2954 Presbyteri
2722 2893 2770 2937 et
2803 2882 3022 2937 Diaconi
3071 2900 3252 2937 nomen
3281 2883 3483 2955 quando
3515 2886 3821 2940 admissum.
3841 2915 3918 2929 -

2311 2974 2480 3042 Quam
2511 2990 2638 3045 ergo
2676 2975 2986 3046 dignitatem
3020 2973 3320 3029 habuerunt
3350 2975 3461 3042 illi,
3487 2986 3540 3031 et
3561 2991 3724 3046 quam
3755 2993 3917 3054 acce-

2315 3078 2508 3138 perunt
2545 3068 2933 3123 ordinationem
2957 3110 2970 3132 ,
2996 3068 3106 3138 jam
3136 3068 3453 3124 discendum
3481 3077 3583 3124 est.
3619 3069 3760 3125 Num
3791 3070 3914 3125 dis-

2314 3163 2620 3218 cOnorum?
2662 3163 2821 3233 Atqui
2874 3162 2987 3218 hzec
3035 3165 3087 3216 in
3138 3161 3390 3217 Ecclesiis
3441 3177 3549 3218 non
3605 3173 3760 3229 erat;
3815 3163 3916 3218 sed

2315 3256 2756 3325 presbyterorum
2805 3264 2921 3308 erat
2952 3253 3276 3308 (eeonontia.
3322 3253 3485 3324 Atqui
3528 3254 3707 3309 nullus
3733 3253 3919 3310 adhuc

2314 3348 2598 3417 episcopus
2639 3358 2792 3412 erat,
2844 3357 3198 3417 praeterquam
3229 3348 3459 3417 apostoli
3501 3357 3727 3402 tantum.
3760 3347 3919 3405 Unde

2313 3448 2444 3509 puto
2483 3454 2584 3494 nec
2623 3439 2969 3493 diaconorum
2999 3454 3100 3494 nec
3129 3439 3567 3511 presbyterorum
3600 3449 3726 3495 tunc
3748 3440 3921 3496 fuisse

2317 3545 2511 3585 nomen
2532 3531 2826 3585 admissum
2845 3545 2944 3588 nec
2963 3529 3336 3597 manifestum;
3361 3531 3455 3586 sed
3479 3530 3591 3602 jam
3613 3530 3681 3585 ad
3702 3530 3807 3585 hoc
3824 3547 3918 3586 or-

2315 3623 2480 3679 dinati
2512 3633 2655 3678 sunt.
2689 3621 2798 3678 Nec
2826 3624 3140 3694 simpliciter
3166 3623 3269 3679 hoc
3289 3640 3479 3680 munus
3509 3625 3617 3680 illis
3632 3624 3923 3682 concredi-

2319 3725 2428 3771 tum
2456 3726 2575 3778 est;
2604 3716 2695 3772 sed
2720 3717 2921 3787 precati
2951 3727 3093 3783 sunt,
3121 3727 3179 3771 ut
3205 3725 3440 3787 potestas
3468 3718 3570 3771 illis
3587 3719 3923 3775 concedere-

2318 3816 2422 3860 tur.
2448 3807 2581 3870 Vide
2624 3817 2826 3874 autem,
2850 3823 3056 3876 quaeso,
3081 3809 3124 3862 si
3171 3819 3376 3877 septem
3420 3809 3550 3863 viris
3586 3818 3701 3864 erat
3743 3826 3920 3881 opus,

2320 3907 2479 3952 tantae
2497 3898 2744 3952 fortassis
2760 3899 3052 3953 allluebant
3067 3903 3327 3968 pecunia),
3345 3910 3488 3955 tanta
3503 3910 3619 3956 erat
3636 3901 3922 3958 viduarum

2319 3992 2621 4045 multitudo.
2646 3992 2786 4061 Ergo
2816 4009 2921 4046 non
2953 3993 3269 4063 simpliciter
3292 4010 3480 4063 preces
3507 3996 3921 4063 emittebantur,

2317 4084 2409 4138 sed
2427 4099 2546 4138 cum
2570 4083 2732 4136 multa
2752 4084 3078 4147 attentione;
3105 4084 3330 4154 hocque,
3358 4084 3580 4154 perinde
3602 4097 3762 4156 atque
3784 4104 3926 4158 pra:-

2316 4175 2537 4242 dicatio,
2571 4176 2942 4245 perﬁciebatur
2970 4193 2982 4228 :
3007 4176 3236 4243 plurima
3259 4177 3400 4230 enim
3440 4177 3690 4246 precibus
3721 4192 3924 4248 opera-

2319 4267 2534 4350 bantur;
2552 4267 2640 4321 Sic
2657 4267 2947 4337 spiritualia
2971 4266 3414 4338 przeferehantur,
3435 4268 3513 4322 sic
3528 4268 3593 4322 ad
3619 4271 3929 4339 peregrinu-

2321 4363 2493 4416 tiones
2524 4361 2890 4425 mittebantur,
2910 4362 2988 4415 sic
3011 4361 3125 4415 istis
3153 4363 3373 4416 verbum
3402 4361 3771 4417 concreditum
3799 4363 3924 4418 fuit.

2319 4453 2503 4522 Neque
2541 4453 2669 4506 dicit
2705 4452 2828 4518 hoc,
2874 4469 3047 4523 neque
3075 4453 3284 4507 extollit
3309 4469 3440 4519 eos;
3474 4453 3568 4508 sed
3597 4454 3762 4520 dicit,
3808 4469 3920 4509 non

2320 4563 2530 4616 atquum
2557 4562 2675 4602 esse
2699 4546 3043 4602 commissum
3067 4563 3200 4617 opus
3223 4548 3546 4616 relinquere.
3569 4547 3658 4601 Sic
3686 4563 3715 4600 a
3739 4546 3927 4617 Moyse

2323 4641 2546 4695 instituti
2571 4639 2797 4706 fuerant,
2825 4656 2890 4694 ne
2911 4642 3087 4693 omnia
3112 4641 3314 4710 agenda
3336 4641 3689 4709 susciperent.
3712 4640 3926 4697 Idcirco

2325 4735 2515 4789 Paulus
2533 4735 2625 4800 ait,
2659 4733 2728 4788 Ut
2746 4750 3024 4803 pauperum
3042 4743 3235 4786 tantum
3257 4749 3500 4786 memores
3517 4733 3674 4787 simus
3690 4732 3838 4802 (Gal.
3862 4733 3920 4789 3.

2321 4827 2428 4895 10).
2456 4826 2736 4894 Quomodo
2761 4834 2940 4880 autem
2967 4827 3064 4878 hos
3089 4825 3474 4879 antecesserint
3492 4824 3661 4879 disce.
3692 4824 3920 4891 Jejuna-

2323 4920 2468 4984 bant,
2499 4919 2911 4987 perseverabant
2954 4918 3006 4970 in
3024 4918 3284 4971 oratione.
3312 4917 3424 4972 Hoc
3445 4918 3605 4971 etiam
3635 4933 3776 4971 nunc
3800 4921 3917 4974 ticri

2322 5020 2611 5079 Oporteret.
2632 5011 2748 5064 Non
2774 5009 3093 5078 simpliciter
3112 5020 3286 5064 autem
3307 5009 3612 5080 spirituales
3630 5051 3644 5074 ,
3671 5010 3767 5064 sed
3793 5010 3925 5080 Spi-

2323 5105 2422 5157 ritu
2454 5114 2506 5158 et
2527 5103 2785 5174 sapientia
2813 5104 2998 5171 plenos
3015 5103 3164 5165 dixit,
3184 5102 3476 5157 ostendens
3512 5117 3720 5172 magnae
3741 5105 3927 5174 philo--

2321 5197 2524 5263 sophiae
2554 5196 2715 5249 fuisse
2743 5196 3110 5249 accusationes
3134 5196 3269 5250 ferre
3296 5195 3591 5249 viduarum.
3612 5196 3743 5263 Quae
3775 5201 3924 5258 enim

2323 5288 2542 5352 utilitas,
2571 5288 2617 5340 si
2643 5287 2980 5357 dispensator
3027 5303 3130 5341 non
3163 5285 3369 5341 furetur
3405 5285 3640 5356 quidem,
3671 5288 3768 5344 sed
3796 5307 3922 5346 om-

2324 5382 2408 5432 nia
2443 5380 2668 5449 perdat?
2691 5381 2769 5433 vel
2799 5379 2840 5432 si
2873 5380 3018 5434 ferox
3045 5382 3113 5433 sit
3138 5390 3192 5435 et
3217 5380 3610 5435 exacerbetnr?
3641 5381 3754 5436 [lac
3780 5383 3834 5437 in
3867 5399 3926 5437 re

2323 5470 2671 5524 admirandus
2699 5481 2814 5523 erat
2845 5471 3139 5541 Philippus.
3174 5472 3248 5526 De
3300 5472 3390 5525 illo
3435 5488 3667 5542 namque
3715 5474 3852 5528 dicit
3906 5495 3920 5524 :

2323 5563 2391 5617 Et
2435 5565 2646 5633 ingressi
2683 5564 2731 5615 in
2780 5564 2984 5616 domum
3029 5563 3266 5635 Philippi
3313 5566 3667 5635 euangelista,
3715 5568 3803 5634 qui
3855 5592 3922 5632 ex

2325 5665 2513 5722 septem
2539 5654 2641 5707 illis
2668 5667 2806 5719 erat,
2856 5657 3131 5709 mansimus
3163 5657 3302 5727 apud
3330 5657 3474 5711 illum
3528 5658 3666 5727 (Act.
3709 5661 3800 5712 2|.
3836 5659 3918 5723 8).

2331 5746 2515 5800 Viden‘
2544 5747 2672 5799 nihil
2705 5747 2938 5801 humano
2959 5763 3111 5803 more
3134 5749 3472 5821 dispensari?
3501 5750 3566 5804 Et
3607 5753 3925 5815 multiplica-

2332 5841 2479 5895 batur
2507 5857 2741 5896 numerus
2767 5842 3128 5914 discipulorum
3155 5843 3208 5900 in
3234 5842 3542 5904 Jerusalem.
3567 5845 3921 5919 Jerosolymis
