4068 6414
117 418 232 476 “5

111 533 232 592 τοῦ
257 531 557 603 ὀνόματος
590 530 698 586 τοῦ
730 529 992 599 Χριστοῦ
1026 530 1492 600 κατηξιώθησαν
1527 532 1731 602 ἀτιμαο

111 616 372 686 σθῆναι.
426 617 616 671 Πόσων
647 617 891 686 σημείων
924 614 1083 669 τοῦτο
1139 616 1201 668 οὐ
1242 615 1726 688 θαυμασιώτερονῑ

114 699 384 771 οὐδαμοῦ
413 699 638 769 γέγονεν
672 699 766 752 ἐπὶ
811 697 920 751 τῶν
968 696 1214 750 παλαιῶν
1252 697 1410 751 τοῦτο
1433 716 1445 728 ·
1483 701 1606 751 ἐπεὶ
1636 699 1732 750 καὶ

125 784 412 856 Ἱερεμίας
445 782 749 855 ἐμαστίχθη
776 782 863 835 διὰ
895 781 988 834 τὸν
1033 781 1190 850 λόγον
1222 781 1316 835 τοῦ
1343 780 1501 844 Θεοῦ,
1533 783 1628 836 καὶ
1653 780 1734 851 τῷ

129 868 302 940 Ἠλία
328 868 655 937 ἠπείλησαν,
707 866 800 918 καὶ
827 867 940 929 τοῖς
975 864 1158 929 ἄλλοις
1178 882 1191 894 ·
1220 865 1338 918 ἀλλ’
1373 865 1608 919 ἐνταῦθα
1640 866 1734 917 καὶ

118 951 235 1004 ἀπὸ
286 951 505 1010 τούτου,
538 950 638 1002 οὐκ
671 949 781 1001 ἀπὸ
807 948 916 1000 τῶν
947 950 1192 1020 σημείων
1238 948 1419 1018 μόνον,
1450 950 1550 1018 τὴν
1582 946 1738 1000 δύνα-

123 1050 222 1103 μιν
253 1032 638 1086 ἐπεδείκνυντο
667 1031 760 1084 τοῦ
793 1031 952 1085 Θεοῦ.
985 1033 1100 1084 υύκ
1129 1025 1304 1096 εἶπεν,
1357 1031 1437 1082 ὅτι
1496 1031 1596 1084 οὐκ
1640 1031 1737 1100 ἡλ-

119 1133 284 1184 γουν,
323 1115 439 1169 ἀλλ’
468 1115 551 1168 ὅτι
583 1114 678 1168 καὶ
708 1113 998 1182 ἀλγοῦντες
1035 1113 1277 1184 ἔχαιρον.
1325 1112 1497 1166 Πόθεν
1536 1113 1733 1182 δῆλον;

134 1201 234 1254 Ἐκ
267 1199 372 1269 τῆς
407 1202 544 1270 μετὰ
573 1197 746 1252 ταῦτα
775 1198 1117 1270 παρρησίας·
1166 1195 1338 1260 οὓτως
1367 1198 1737 1267 ἐνεστήκεσαν

123 1285 213 1338 ἀεὶ
239 1284 339 1338 καὶ
373 1283 512 1355 μετά
541 1281 641 1346 τάς
670 1281 885 1352 πληγὰς
915 1280 1303 1350 κηρύττοντες.
1333 1281 1425 1332 Διὸ
1464 1279 1738 1332 καὶτοῦτο

121 1367 332 1432 δηλῶν,
391 1367 488 1419 Ἐν
545 1365 626 1429 τῷ
676 1365 831 1433 ἱερῷ,
879 1366 1036 1434 φησὶ,
1099 1364 1198 1418 καί
1257 1365 1387 1418 κατ’
1425 1359 1596 1416 οἷκον
1627 1366 1740 1417 οὐκ

122 1451 436 1504 ἐπαύοντο
467 1448 867 1514 διδάσκοντες
919 1449 1019 1501 καί
1067 1447 1581 1517 εὐαγγελιζόμενοι
1627 1449 1742 1515 Ἰη·

123 1534 292 1588 σοῦν
362 1535 644 1603 Χριστόν.
708 1533 805 1583 Ἑν
853 1531 921 1584 δὲ
981 1531 1115 1597 ταῖς
1180 1530 1431 1599 ἡμέραις
1473 1532 1737 1596 ταύταις.

126 1616 327 1680 Ποίαις
347 1617 619 1687 ἡμέραις;
663 1617 793 1668 Ὅτε
831 1615 1006 1669 ταῦτα
1062 1614 1293 1683 ἐγίνετο,
1323 1615 1411 1668 ὅτε
1455 1615 1741 1685 μάστιγες,

124 1702 220 1754 ὅτε
281 1700 528 1761 ἀπειλαὶ,
598 1699 688 1751 ὅτε
753 1697 1118 1767 ἐπληθύνοντο
1176 1698 1228 1750 οἱ
1290 1696 1553 1769 μαθηταὶ,
1618 1697 1742 1750 τότε

127 1782 497 1854 Γογγυσμός
561 1781 810 1850 γίνεται.
872 1780 1004 1833 Ἀπὸ
1051 1779 1147 1832 τοῦ
1203 1779 1443 1852 πλήθους
1489 1780 1546 1832 61
1599 1780 1743 1850 τάχα

129 1866 368 1937 συνέϐη·
432 1866 491 1919 06
546 1866 659 1935 γὰρ
699 1864 847 1940 ἐστιν
878 1863 1166 1936 ἀκρίϐειαν
1197 1865 1256 1916 1v
1318 1863 1516 1932 πλήθει
1579 1857 1742 1917 εἴναι.

127 1950 244 2006 Kal
275 1950 474 2014 πολὺς
501 1947 689 2018 ὄχλος
719 1947 839 2002 τῶν
865 1948 1070 2016 ἱερέων
1097 1947 1376 2017 ὑπήκουε
1407 1946 1481 2016 τῇ
1515 1949 1740 2003 πίστει.

129 2033 314 2088 τοῦτο
342 2033 719 2104 αἰνιττομένου
731 2033 864 2103 ,ἐστὶ
890 2035 984 2086 κα)⁵
1004 2031 1336 2097 δεικνύντος.
1365 2033 1448 2085 ὅτι
1483 2033 1576 2102 ἀφ’
1613 2026 1689 2086 ὧν
1717 2035 1747 2086 ὁ

131 2117 284 2171 κατά
307 2115 550 2216 ξριστοῦ
583 2115 814 2180 θάνατος
837 2115 1167 2187 ἐσκευάσθη,
1198 2115 1385 2168 πολλοὶ
1413 2115 1523 2170 ἀπὸ
1543 2115 1747 2168 τούτων

135 2217 522 2256 πιστευουσιν.

223 2283 523 2354 Ἐγένετο,
557 2287 715 2354 φησὶ,
749 2284 1117 2354 γογγυσμὸς,
1146 2281 1237 2335 ὅτι
1259 2281 1749 2351 παρεθεωροῦντο

132 2368 208 2423 έν
258 2365 339 2436 τῇ
381 2367 663 2436 διακονίᾳ
716 2365 793 2437 τῇ
824 2364 1190 2436 καθημερινῇ
1222 2368 1282 2420 al
1318 2363 1497 2434 χῆραι
1525 2364 1746 2420 αὐτῶν.

140 2453 293 2524 Ἀρα
319 2450 667 2523 καθημερινὴ
696 2449 944 2504 διακονία
971 2447 1041 2522 ἧν
1067 2453 1190 2514 ταῖς
1214 2451 1438 2522 χήραις.
1484 2453 1594 2504 K01
1622 2452 1748 2522 ὅρα,

138 2536 264 2601 πῶς
319 2536 415 2590 καὶ
460 2527 618 2598 οὗτος
676 2534 955 2590 διακονίαν
1008 2534 1190 2600 καλεῖ,
1251 2536 1347 2588 καὶ
1411 2537 1471 2589 06
1537 2535 1752 2607 ταχέως

139 2618 554 2690 ἐλεημοσύνην·
625 2618 742 2689 ἅμα
793 2617 888 2671 καὶ
943 2619 1070 2681 τοὺς
1123 2617 1391 2682 διδόντας,
1457 2619 1551 2673 καὶ
1621 2619 1752 2682 τοὺς

139 2701 644 2776 λαμϐάνοντας-διά
673 2701 864 2755 τούτου
908 2703 1174 2772 ἐπαίρων.
1215 2700 1389 2756 Τοῦτο
1437 2703 1499 2755 o6
1551 2703 1754 2765 κακίας

141 2784 235 2858 ἦν.
293 2786 431 2842 ἀλλά
469 2785 565 2842 τοῦ
599 2787 834 2857 πλήθους
869 2786 998 2849 ἴσως
1027 2784 1292 2858 ῥᾳθυμία.
1323 2786 1423 2839 Διά
1453 2786 1612 2839 τοῦτο
1656 2787 1753 2839 καὶ

145 2869 464 2941 προῦθηκεν
518 2869 650 2924 0616
699 2872 780 2933 εἰς
842 2869 1006 2940 μέσον
1062 2871 1145 2938 (06
1199 2869 1396 2941 μικρὸν
1442 2869 1551 2940 γάρ
1583 2870 1753 2923 κακὸν

143 2949 274 3025 ἦν),
324 2955 411 3008 ἵνα
463 2954 672 3024 ταχέως
728 2955 825 3009 καὶ
883 2953 1177 3026 διορθωθῇ.
1251 2954 1438 3025 Ὁρᾷς,
1490 2953 1609 3016 πῶς
1661 2953 1755 3006 καὶ

145 3039 208 3090 ἐν
246 3039 390 3110 ἀρχῇ
437 3037 506 3091 τά
538 3037 688 3092 κακά
723 3039 846 3108 οὐχὶ
872 3038 1074 3104 ἔξωθεν
1131 3037 1292 3108 μόνον
1343 3033 1435 3108 ἦν,
1470 3037 1608 3090 ἀλλὰ
1660 3036 1756 3090 x01

147 3121 387 3185 ἐσωθινς
425 3121 498 3174 Σὺ
531 3121 589 3174 61
629 3121 704 3192 μὴ
747 3121 907 3175 τοῦτο
948 3121 1110 3192 μόνον
1147 3120 1284 3192 ἴδῃς,
1323 3121 1404 3174 ὅτι
1442 3118 1755 3191 διωρθὼθη,

146 3203 266 3259 ἀλλ’
304 3205 389 3258 ὅτι
441 3205 585 3274 μέγα
621 3205 790 3258 κακὸν
813 3204 892 3259 6v.
940 3202 1418 3272 Ἐπισκέψασθε,
1476 3202 1754 3272 ἀδελφοί,

148 3289 380 3358 ἄνδρας
405 3289 478 3353 ἐξ
514 3287 682 3359 ὑμῶν
725 3287 898 3344 ἑπτά.
950 3290 1065 3343 Οὐκ
1109 3289 1286 3360 οίκείᾳ
1331 3287 1529 3362 γνώμῃ
1581 3291 1761 3361 πρᾶτα

148 3389 357 3440 τουσι-ι,
385 3372 524 3427 ἀλλά
545 3373 808 3445 πρότερον
831 3371 1228 3441 ἀπολογοῦνται
1251 3371 1403 3445 [IM]
1425 3373 1506 3444 τῷ
1523 3373 1755 3446 πλήθει.

151 3456 314 3512 Οὕτω
374 3458 471 3511 καὶ
530 3441 628 3511 νῦν
673 3441 922 3525 γίνεσθαι
976 3456 1103 3513 ἔδει.
1169 3441 1293 3511 Οὐκ
1363 3441 1754 3530 ἕστὶξφτλὰὶν.

149 3542 418 3608 ἀρεστὸν
476 3542 922 3607 καταλιπόντας
979 3539 1140 3609 ἡμᾶς
1217 3539 1324 3592 τὸν
1386 3541 1576 3610 λόγον
1651 3543 1758 3597 τοῦ

156 3624 334 3690 Θεοῦ,
377 3623 686 3679 διακονεῖν
742 3622 1077 3692 τραπέζαις.
1146 3623 1373 3696 Πρῶτον
1443 3626 1506 3680 16
1557 3626 1760 3680 ἀτοπον

151 3709 362 3780 τίθησι,
409 3709 652 3773 δεικνὺς,
701 3709 776 3773 ὡς
809 3709 908 3762 οὐκ
943 3709 1066 3762 ἐνὸν
1106 3722 1131 3748 ι
1170 3709 1308 3779 μετά
1354 3710 1594 3781 σπουδῆς
1646 3713 1760 3781 ἀμ-

155 3793 362 3863 φότερα
401 3791 686 3861 γίνεσθαι·
728 3793 852 3845 ἐπεὶ
909 3793 1004 3846 καὶ
1037 3793 1128 3846 ὅτε
1156 3793 1246 3845 τὸν
1288 3793 1538 3847 Ματθίαν
1579 3811 1760 3867 χειρο-

152 3880 330 3931 τονεῖν
383 3876 646 3947 ἔμελλον,
682 3877 900 3948 πρῶτον
935 3875 1036 3948 τὴν
1082 3876 1273 3947 χρείαν
1314 3877 1621 3932 δεικνύουσι
1665 3877 1761 3933 τοῦ

157 3961 507 4034 πράγματος,
560 3962 645 4014 ὅτι
703 3977 764 4014 τε
812 3960 997 4014 ἐλιπεν
1041 3954 1144 4025 εἷς,
1190 3960 1286 4014 καὶ
1344 3960 1450 4014 ἔδει
1504 3961 1762 4030 γενέσθαι

156 4046 388 4102 δώδεκα.
440 4047 552 4100 K01
596 4045 831 4099 ἐνταῦθα
884 4047 985 4118 τὴν
1040 4044 1230 4117 χρείαν
1287 4044 1603 4116 ἐδήλωσαν·
1667 4048 1765 4100 καὶ

158 4130 284 4184 οὔτε
336 4130 598 4200 πρότερον
635 4131 920 4199 ἐποίησαν,
955 4129 1090 4183 ἀλλά
1121 4129 1480 4200 περιέμειναν
1509 4129 1764 4198 γενέσθαι

158 4214 251 4266 τὸυ
285 4211 625 4283 γογγυσμὸν,
655 4211 780 4265 οὔτε
815 4214 923 4283 μὴν
949 4213 1243 4283 ἠνέσχοντο
1294 4211 1387 4265 ἐπὶ
1433 4212 1570 4266 πολὺ
1605 4213 1766 4268 τοῦτο

164 4296 468 4368 συμϐῆναι.

233 4385 304 4450 γ’.
331 4381 439 4433 Καὶ
463 4380 586 4450 ὅρα,
605 4378 703 4451 τὴν
723 4380 903 4451 κρίσιν
933 4378 1118 4443 αὐτοῖς
1137 4379 1514 4453 ἐπιτρέπουσι,
1529 4380 1767 4448 καὶτοὺς

162 4466 332 4521 πᾶσιν
363 4465 699 4537 ἀρέσκοντας
727 4466 821 4518 x01
869 4464 976 4517 ὑπὸ
1029 4465 1248 4519 πάντων
1282 4465 1768 4538 μαρτυρουμένους

164 4548 412 4614 ἐκείνους
448 4549 860 4620 προϐάλλονται.
903 4549 1034 4602 Ὅτε
1081 4548 1182 4618 μὲν
1222 4547 1318 4602 οὖν
1372 4549 1462 4602 τὸν
1517 4549 1769 4604 Ματθίαν

168 4635 277 4688 εδει
340 4633 764 4705 προϐάλλεσθαι,
805 4632 922 4698 Δεῖ,
958 4632 1167 4702 ελεγον,
1197 4630 1316 4687 τῶν
1341 4635 1772 4689 συνελθόντων

167 4719 315 4787 ἡμῖν
335 4718 573 4787 ἀνδρῶν
601 4719 671 4772 ὲν
691 4719 871 4772 παντί
900 4718 982 4784 τῷ
1024 4721 1254 4788 χρόνῳ·
1295 4719 1532 4773 ἐνταῦθα
1570 4719 1628 4772 δὲ
1671 4720 1770 4791 οὐχ

169 4804 376 4868 οὕτως·
413 4805 473 4857 06
523 4805 633 4874 γὰρ
681 4803 920 4858 τοιοῦτον
945 4799 1016 4876 ἦν
1040 4804 1100 4857 16
1131 4805 1384 4876 πρᾶγμα.
1435 4805 1526 4858 Διὸ
1575 4805 1671 4858 καὶ
1707 4805 1768 4858 o6

170 4889 361 4959 κλήρῳ
381 4887 512 4941 0616
542 4887 870 4958 ἐπέτρεψαν,
917 4885 1044 4940 οὔτε
1088 4888 1272 4950 πάλιν,
1301 4889 1592 4960 δυνάμενοι
1615 4889 1773 4943 06101

171 4972 389 5036 ἐκλέξαι
439 4970 713 5041 Πνεύματι
770 4970 1103 5042 κινούμενοι,
1143 4970 1302 5026 τοῦτο
1357 4973 1629 5027 ποιοῦσιν·
1663 4973 1774 5028 ἀπὸ

170 5059 271 5128 τῆς
305 5056 416 5109 τῶν
449 5055 660 5108 πολλῶν
697 5057 1004 5127 μαρτυρίας
1041 5058 1103 5110 16
1133 5056 1326 5110 δοκοῦν
1372 5058 1574 5128 μᾶλλον
1611 5058 1774 5113 ἱστῶ-

176 5159 282 5195 σιν.
317 5140 528 5204 ’Δλλως
562 5141 619 5194 δέ
651 5140 710 5193 τὺ
741 5142 837 5212 μὲν
857 5140 1035 5212 ὁρίσαι
1065 5141 1157 5194 τὸν
1187 5142 1444 5214 ἀριθμὸν,
1475 5143 1569 5196 καὶ
1595 5161 1774 5215 χειροο

174 5223 424 5294 τον-ἧσαι,
450 5225 544 5277 καὶ
575 5224 635 5277 τὸ
661 5225 718 5277 ἐν
747 5225 907 5296 χρείᾳ
933 5225 1182 5298 τοιαύτῃ,
1211 5225 1391 5279 αὐτῶν
1415 5222 1513 5298 ἦν·
1565 5228 1626 5281 16
1653 5227 1712 5281 61
1745 5227 1773 5268 ιι

177 5307 394 5362 ἐλέσθαι
425 5309 550 5372 τοὺς
581 5308 782 5379 ἄνδρας
820 5308 1050 5372 ἐκείνοις
1079 5313 1491 5380 ἐπιτρέπουσιν,
1548 5312 1636 5366 ἵνα
1700 5314 1776 5384 μὴ

177 5394 402 5460 δόξωσιν
446 5393 600 5447 06101
645 5395 1004 5466 χαρίζεσθαι·
1039 5396 1163 5448 ἐπεὶ
1198 5398 1292 5450 x01
1330 5398 1358 5449 6
1413 5396 1547 5461 Θεὸς
1601 5399 1776 5470 Mum-ﬁ

181 5478 467 5547 ἐπιτρέπει
493 5477 707 5532 ἑλέσθαι
738 5479 1167 5550 πρεσϐυτέρους,
1212 5480 1307 5545 οὒς
1345 5477 1475 5534 οἶδε.
1527 5484 1638 5536 K01
1668 5482 1779 5554 γὰρ

185 5561 376 5629 σοφίας
424 5562 624 5633 πολλῆς
653 5562 733 5615 δεῖ
754 5565 812 5616 ἐν
842 5567 964 5627 ταῖς
988 5564 1267 5628 τοιαύταις
1289 5565 1646 5636 οἰκονομίαις.
1685 5567 1778 5637 Μὴ

182 5645 292 5716 γὰρ
310 5645 375 5715 δὴ
400 5646 683 5716 νομίσητε,
713 5647 903 5719 ἐπειδὴ
929 5648 1086 5716 λόγον
1111 5649 1213 5701 οὐκ
1239 5650 1667 5720 ἐγκεχείρισται,
1697 5652 1780 5703 ὅτι

183 5728 462 5800 οὑχρείαν
501 5730 609 5800 ἔχει
639 5732 834 5800 σοφίας
883 5733 910 5784 6
941 5731 1215 5796 τοιοῦτος·
1267 5733 1458 5804 χρῄζει
1507 5735 1640 5804 γὰρ,
1687 5737 1784 5789 καὶ

186 5813 406 5880 πολλῆς.
451 5811 652 5881 Ἡμεῖς
709 5814 796 5880 δὲ,
865 5818 1020 5884 φησὶ,
1078 5815 1151 5884 τῇ
1191 5816 1505 5885 προσευχῇ
1557 5818 1655 5871 καί
1709 5818 1784 5887 τῇ

188 5897 461 5964 διακονία
484 5901 592 5953 τοῦ
611 5901 799 5968 λόγου
836 5901 1467 5971 προσκαρτερήσομεν.
1494 5905 1603 5957 K01
1622 5905 1786 5977 ἀρχό-

197 6046 252 6106 ο-
312 6031 448 6103 Unug
497 6032 770 6106 τίθησιν-ᾡς
802 6035 890 6087 οὐκ
915 6037 1036 6087 ἐνόν.
1077 6036 1105 6077 b
1131 6037 1304 6088 Morel.
1333 6045 1386 6089 ει
1407 6051 1535 6088 unus
1569 6041 1657 6090 cod
1699 6041 1788 6090 a6-

196 6098 286 6143 τῶν
308 6098 578 6156 ποιοῦνται,
603 6098 660 6144 τὸ
682 6099 752 6145 δέ.

1171 408 1239 465 IN
1279 409 1466 467 ACTA
1499 409 2043 471 APOSTOLORUM.
2081 408 2316 466 IIOMIL.
2360 407 2500 466 XIV.

3338 400 3445 458 HG

1845 549 1996 603 μενοι
2027 531 2120 585 καὶ
2146 527 2512 592 τελευτῶντες
2536 523 2955 596 ἀπολογοῦνται.
2984 513 3449 603 Προσκαρτεμή-

1841 601 2052 688 σομεν,
2097 614 2280 684 φασίν.
2319 612 2479 668 Οὖτω
2508 613 2619 685 γὰρ
2669 611 2799 675 ἔδει,
2847 610 2945 678 οὐχ
3000 604 3190 668 ἁπλῶς
3241 601 3350 688 066‘

1837 685 2047 770 ἔτυχεν,
2085 699 2222 753 ἀλλά
2262 698 2723 771 προσκαρτερεῖν.
2780 694 2890 748 Kal
2933 692 3140 761 ἤρεσε,
3179 685 3453 771 φησὶν,ῌὸ
3564 708 3573 716 -

1835 765 2014 852 λόγος
2041 765 2548 848 ἐνώπιον-παντός
2570 765 2678 835 τοῦ
2717 777 3020 844 πλήθους.
3042 771 3154 827 K01
3173 770 3337 852 τοῦτο
3352 765 3454 838 τῆς

1837 849 2020 920 αὐτῶν
2033 866 2226 935 σοφίας
2237 865 2632 932 ἀξιον.Πάντες
2655 861 2930 933 ἐπῄνεσαν
2955 858 3017 912 16
3046 854 3258 926 λεχθέν·
3279 849 3452 935 οὕτως

1835 947 1904 1024 ἦν
1926 934 2165 1005 συνετόν.
2189 951 2297 1004 Kal
2317 948 2706 1015 ἐξελέξαντο,
2728 946 2864 1017 φησὶ
2899 945 3087 1015 (πάλιν
3110 939 3266 994 06101
3296 934 3454 1024 ἐκλέῗ

1839 1017 2074 1103 γονται),
2129 1033 2464 1103 Στέφανον,
2526 1031 2721 1100 ἄνδρα
2771 1027 2979 1097 πλήρη
3038 1027 3301 1088 πίστεως
3356 1017 3458 1072 καί

1841 1120 2189 1187 Πνεύματος
2240 1118 2438 1189 ἁγίου,
2484 1117 2583 1172 καὶ
2616 1117 2928 1169 φίλιππον
2972 1109 3073 1166 καί
3120 1111 3457 1177 Πρόχορον,

1839 1205 1938 1257 καὶ
1993 1202 2316 1270 Νικάνορα,
2375 1202 2472 1254 καί
2534 1203 2786 1270 Τίμωνα,
2843 1197 2943 1252 καὶ
2975 1192 3320 1266 Παρμενᾶν,
3357 1191 3457 1243 καὶ

1840 1290 2143 1342 Νικόλαον
2197 1285 2589 1354 προσήλυτον
2625 1283 2957 1351 Ἀντιοχέα·
3017 1280 3128 1347 οὓς
3182 1279 3462 1343 ἔστησαν

1841 1373 2099 1428 ἐνώπιον
2160 1371 2280 1427 τῶν
2336 1374 2724 1427 ἀποστόλων.
2797 1369 2906 1424 Kal
2974 1361 3460 1434 προσευξάμενοι

1841 1458 2151 1525 ἐπέθηκαν
2195 1455 2406 1519 αὐτοῖς
2452 1456 2562 1521 τὰς
2615 1453 2839 1524 χεὶοας.
2894 1451 2990 1505 Ἐκ
3027 1448 3220 1503 τούτου
3278 1445 3458 1515 δῆλον,

1844 1543 1926 1611 ὅτι
1952 1540 2242 1612 ἀφώρισαν
2269 1540 2470 1601 06106;
2513 1536 2610 1591 106
2657 1537 2920 1607 πλήθους,
2956 1533 3051 1587 καὶ
3082 1531 3238 1586 06101
3266 1529 3462 1612 ἐλκουι-

1847 1610 1951 1689 σιν,
1984 1610 2158 1695 ούχὴοί
2213 1622 2507 1676 ἀπόστολοι
2549 1621 2796 1690 ἀγουσιν.
2824 1619 2990 1689 Ὅρα,
3035 1613 3152 1677 πῶς
3197 1613 3299 1666 οὐκ
3345 1610 3463 1695 ἐστι

1847 1692 2100 1779 περιττδς
2147 1709 2176 1759 δ
2221 1703 2663 1777 συγγραφεύςο·
2711 1704 2771 1755 06
2798 1701 2910 1773 γὰρ
2939 1699 3090 1767 λέγει
3144 1695 3284 1758 πῶς,
3345 1692 3462 1779 ἀλλ’

1846 1778 2054 1855 ἁπλῶς,
2095 1793 2177 1845 ὅτι
2221 1788 2716 1862 ἐχειροτονήθησαν
2753 1787 2843 1840 διά
2890 1781 3241 1856 προσευχῆς·
3305 1778 3466 1832 τοῦτο

1848 1877 1956 1944 γὰρ
1989 1877 2021 1941 ὴ
2075 1874 2382 1945 χειροτονία
2421 1872 2592 1925 ἐστίν.
2635 1870 2701 1923 'H
2754 1869 2880 1940 χεὶρ
2936 1866 3215 1922 ἐπίκειται
3246 1862 3342 1916 τοῦ
3370 1863 3464 1916 ἀνο

1846 1960 1996 2030 δρὸς,
2030 1961 2092 2011 16
2125 1959 2182 2012 δέ
2234 1961 2344 2012 πᾶν
2377 1959 2405 2010 6
2435 1956 2570 2020 Θεὺς
2596 1954 2911 2026 ἐργάζεται,
2948 1952 3045 2006 καὶ
3072 1952 3106 2021 ἡ
3142 1947 3312 2003 06106
3340 1946 3467 2018 χείρ

1850 2045 1998 2097 ἐστιν
2026 2045 2058 2113 ἡ
2089 2040 2370 2112 ἁπτομένη
2402 2040 2504 2108 τῆς
2536 2037 2784 2107 κεφαλῆς
2825 2036 2922 2090 τοῦ
2955 2031 3464 2106 χειροτονουμένου,

1849 2127 1946 2180 ἐὰν
1971 2126 2047 2190 ὡς
2077 2125 2161 2178 δεῖ
2201 2123 2606 2196 χειροτονῆται.
2662 2121 2775 2176 Kal
2821 2123 2855 2175 ό
2892 2122 3097 2189 λόγος,
3156 2116 3314 2186 φησι,
3357 2113 3466 2196 τοῦ

1852 2210 2004 2264 Θεοῦ
2056 2195 2308 2276 ηὔξανε,
2371 2208 2475 2260 καί
2540 2205 2921 2273 ἐπληθύνετο
2966 2203 3000 2256 ὁ
3051 2199 3302 2270 ἀριθμὸς
3349 2195 3470 2252 τῶν

1844 2291 2152 2362 μαθητῶν.
2187 2293 2300 2363 Ούχ
2355 2289 2545 2354 ἁπλῶς
2597 2285 2719 2343 εἶπε
2755 2285 2935 2349 τοῦτο,
2992 2284 3109 2338 ἀλλ’
3151 2282 3242 2336 [va
3291 2279 3466 2352 δείξῃ,

1851 2379 1952 2449 ὅση
1982 2378 2082 2449 τῆς
2130 2375 2507 2448 ἐλεημοσύνης
2548 2376 2583 2447 ή
2617 2374 2774 2445 ἰσχὺς
2830 2371 2927 2426 καὶ
2979 2370 3082 2441 τῆς
3142 2365 3467 2430 διατάξεως.

1853 2463 1965 2516 K01
2007 2460 2193 2535 μέλλει
2237 2461 2426 2515 λοιπὸν
2471 2457 2782 2532 διηγεῖσθαι
2830 2457 2903 2510 τά
2950 2454 3097 2509 κατά
3156 2451 3468 2535 Στέφανον--

1853 2547 1934 2601 διὸ
1960 2532 2185 2610 καὶτὰς
2237 2545 2419 2607 αἰτίας
2469 2543 2653 2598 αὐτῶν
2691 2539 3030 2614 προτίθησι·
3083 2537 3194 2601 Kal
3225 2532 3471 2596 πολλοὶ,

1854 2630 2010 2702 φησὶ,
2028 2628 2147 2683 τῶν
2168 2627 2374 2697 Ιερέων
2395 2624 2716 2694 ὑπήκουον
2740 2623 2816 2692 τῇ
2842 2624 3067 2677 πίστει.
3091 2620 3138 2694 [ί
3154 2617 3474 2692 15]“Επειδη

1855 2713 1967 2785 γὰρ
1999 2707 2140 2766 εἶδον
2173 2715 2266 2764 τὸν
2293 2713 2536 2782 ἄρχοντα
2585 2710 2682 2763 καὶ
2707 2706 3034 2763 διδάσκαλον
3053 2703 3232 2759 ταῦτα
3257 2705 3478 2773 ἀποφη-

1857 2796 2113 2866 νάμενον,
2147 2795 2258 2849 ἀπὸ
2283 2796 2394 2848 τῶν
2433 2793 2613 2864 ἔργων
2637 2791 2826 2845 λοιπὸν
2871 2788 2974 2861 τὴν
3004 2791 3203 2860 πεῖραν
3229 2785 3478 2859 ἐλάμϐα-

1857 2898 1969 2934 νον.
2007 2882 2119 2935 Ka1
2147 2880 2432 2949 θαυμάσαι
2459 2879 2637 2943 ἀξιον,
2682 2875 2803 2939 πῶς
2849 2875 2950 2928 οὐκ
2980 2873 3210 2945 ἐσχίσθη
3249 2873 3312 2925 τὸ
3342 2872 3479 2943 πλῆ-

1859 2962 1950 3028 θος
1973 2965 2031 3017 ἐν
2081 2967 2148 3034 τῇ
2178 2963 2391 3034 αἱρέσει
2425 2961 2537 3015 τῶν
2569 2959 2807 3032 ἀνδρῶν,
2844 2959 2963 3022 πῶς
2990 2959 3095 3011 οὐκ
3141 2955 3480 3024 ἀπεδοκιμά-

1861 3047 2070 3118 σθησαν
2097 3049 2190 3101 ὑπ’
2221 3046 2405 3100 αὐτῶν
2437 3047 2488 3099 οί
2519 3044 2837 3099 ἀπόστολοι.

1945 3135 2162 3188 Ὀποίον
2196 3133 2255 3186 δέ
2278 3132 2391 3203 ἄρα
2419 3132 2644 3202 ἀξίωμα
2670 3126 2821 3201 εἶχον
2841 3119 3012 3192 οὗτοι,
3043 3128 3140 3182 καὶ
3174 3124 3337 3180 ποίαν
3366 3121 3484 3177 ἐδέ-

1862 3221 2022 3286 ξαντο
2047 3217 2409 3292 χειροτονίαν,
2444 3217 2753 3284 ἀναγκαῖον
2803 3212 3019 3284 μαθεῖν.
3062 3206 3216 3282 ’Δρα
3238 3211 3340 3283 τὴν
3369 3209 3482 3263 τῶν

1859 3308 2173 3366 διακόνων;
2204 3305 2316 3360 K01
2347 3305 2457 3375 μὴν
2486 3303 2651 3356 τοῦτο
2681 3303 2740 3355 ἐν
2795 3303 2916 3364 ταῖς
2967 3297 3328 3368 Ἐκκλησίαις
3379 3294 3484 3350 οὐκ

1861 3391 2034 3454 ἐστιν,
2067 3389 2207 3443 ἀλλά
2251 3387 2363 3441 τῶν
2419 3384 2819 3459 πρεσϐυτέρων
2878 3383 3031 3436 ἐστὶν
3078 3384 3114 3455 ἡ
3167 3380 3480 3450 οἰκονομία·

1863 3475 2044 3532 καίτοι
2083 3473 2297 3527 οὐδέπω
2330 3471 2511 3534 οὐδεὶς
2535 3469 2843 3532 ἐπίσκοπος
2865 3464 2956 3540 ἦν,
2979 3467 3096 3522 ἀλλ’
3117 3469 3166 3522 οἱ
3188 3466 3483 3521 ἀπόστολοι

1867 3562 2053 3632 μόνον.
2081 3557 2250 3612 Ὅθεν
2270 3554 2398 3611 οὗτε
2428 3555 2723 3615 διακόνων,
2750 3551 2878 3608 οὔτε
2909 3553 3305 3624 πρεσϐυτέρων
3327 3546 3485 3622 οἶμαι

1863 3646 1926 3699 16
1940 3645 2113 3717 ὄνομα
2139 3638 2280 3698 εἶναι
2300 3640 2463 3713 δῆλον
2489 3641 2586 3694 καὶ
2611 3641 2868 3712 φανερόν·
2895 3639 3034 3693 ἀλλά
3057 3639 3198 3701 τέως
3217 3639 3299 3700 εἰς
3322 3635 3485 3690 τοῦτο

1865 3729 2382 3802 ἐχειροτονήθησαν.
2407 3727 2520 3779 Καὶ
2547 3726 2646 3796 οὐχ
2661 3723 2852 3788 ἀτελῶς
2879 3720 3484 3794 ἐνεχειρίσθησαν,ἀλλ⁹

1865 3815 2170 3879 ἐπεύξαντο
2191 3814 2378 3876 αὐτοῖς
2416 3809 2675 3880 γενέσθαι
2722 3808 2978 3878 δύναμιν.
3012 3806 3157 3877 Ὅρα
3190 3805 3249 3858 δέ
3288 3822 3402 3876 μοι,
3433 3805 3485 3858 εί

1866 3899 2009 3954 ἐπτά
2029 3896 2242 3969 ἀνδρῶν
2273 3895 2500 3967 ἐδέησεν
2521 3897 2604 3957 είς
2619 3893 2802 3956 τοῦτο,
2831 3890 3075 3946 τοσαῦτα
3101 3889 3232 3952 ἴσως
3255 3888 3486 3960 ἐπέρρει

1866 3981 2431 4055 χρήματα,τοσούτων
2455 3977 2645 4050 χηρῶν
2664 3976 2874 4048 πλῆθος
2885 3971 2976 4049 ἦν.
3001 3977 3146 4048 Ἀρα
3169 3978 3268 4046 οὐχ
3294 3975 3484 4038 ἁπλῶς

1868 4069 1924 4123 al
1959 4067 2118 4136 εὐχαὶ
2149 4064 2415 4134 ἐγίνοντο,
2433 4063 2574 4117 ἀλλά
2587 4061 2728 4134 μετά
2758 4061 2965 4130 πολλῆς
2996 4061 3101 4131 τῆς
3130 4061 3358 4132 σχολῆς·
3391 4060 3489 4114 καὶ

1866 4152 2049 4216 τοῦτο,
2081 4151 2272 4223 ὥσπερ
2302 4150 2366 4204 16
2419 4151 2711 4222 κήρυγμα,
2761 4147 2940 4210 οὕτως
2993 4147 3213 4218 ἠνύετο·
3256 4148 3326 4202 τά
3374 4148 3486 4219 γὰρ

1869 4236 2046 4291 πλείω
2077 4236 2309 4300 ταύταις
2340 4235 2527 4306 ἢνυον.
2587 4234 2747 4287 Οὕτω
2790 4234 2860 4286 τά
2907 4233 3262 4304 πνευματικά
3297 4234 3490 4286 11:111-

1869 4340 2053 4393 γοντο,
2082 4321 2226 4375 οὕτω
2260 4321 2359 4376 καὶ
2383 4321 2521 4392 πρὸς
2544 4319 2864 4390 ἀποδημίας
2889 4318 3209 4372 ἐστέλλοντο
3227 4317 3281 4382 ά,
3311 4315 3488 4382 οὕτως

1871 4406 2324 4480 ἐνεχειρίσθησαν
2357 4400 2504 4460 οὗτοι
2534 4405 2628 4458 τὸν
2678 4404 2858 4471 λόγον.
2898 4402 3010 4456 K01
3039 4402 3103 4456 06
3139 4403 3312 4472 λέγει,
3365 4403 3489 4457 0661

1872 4490 2094 4561 ἐπαίρει
2125 4491 2348 4553 αὐτοὺς,
2374 4489 2492 4542 ἀλλ’
2523 4489 2608 4542 ὅτι
2637 4487 2701 4541 16
2725 4487 2882 4540 δοθὲν
2905 4487 3127 4556 ἀφεῖναι
3166 4485 3350 4556 ἔργον,
3386 4487 3488 4540 οὐκ

1872 4576 2128 4647 ἀρεστόν.
2153 4568 2344 4638 Οὕτως
2367 4569 2511 4646 ἦσαν
2546 4573 2658 4626 ἀπὸ
2695 4571 2948 4634 Μωσέως
2984 4571 3374 4635 παιδευθέντες
3409 4575 3485 4642 μὴ

1859 4660 2056 4714 πάντα
2085 4659 2241 4713 06101
2276 4656 2707 4729 μεταχειρίζειν.
2746 4656 2848 4709 Διά
2874 4654 3037 4709 τοῦτο
3067 4657 3162 4709 καὶ
3186 4658 3215 4710 6
3249 4655 3484 4720 Παῦλος,

1874 4745 2079 4800 Μόνον
2093 4741 2216 4797 τῶν
2231 4740 2704 4812 πτωχῶν,φησὶν,
2720 4741 2822 4794 ἵνα
2838 4741 3336 4810 μνημονεύωμεν.
3363 4741 3489 4805 Πῶς

1874 4828 1932 4882 61
1970 4829 2064 4882 καὶ
2086 4828 2331 4898 προῆγον
2352 4825 2602 4890 τούτους,
2639 4824 2904 4896 μάνθανε·
2944 4824 3291 4895 Ἐνήστευον,
3320 4842 3490 4896 προσ-

1877 4911 2210 4984 εκαρτέρουν
2237 4911 2393 4981 εὐχῇ.
2419 4908 2595 4984 Τοῦτο
2624 4909 2719 4961 καὶ
2757 4907 2853 4960 νῦν
2879 4908 3132 4977 γίνεσθαι
3185 4908 3315 4961 ἔδει.
3374 4908 3489 4980 Οὐχ

1877 4980 2092 5060 ἁπλῶς
2121 4996 2180 5049 δὲ
2235 4980 2670 5064 πνευματικοὺς,
2717 4992 2853 5046 ἀλλά
2895 4992 3218 5064 Πνεύματος
3254 4994 3485 5065 πλήρεις

1877 5082 1974 5136 καὶ
2011 5080 2204 5149 σοφίας
2227 5075 2374 5141 εἶπε,
2401 5079 2602 5150 δηλῶν,
2634 5078 2717 5131 ὅτι
2750 5077 2998 5148 μεγάλης
3057 5078 3386 5148 φιλοσοφίας
3414 5074 3484 5150 ἦν

1878 5167 2068 5238 φέρειν
2095 5164 2434 5236 κατηγορίας
2485 5163 2694 5235 χηρῶν.
2750 5163 2816 5214 Τί
2859 5162 2972 5234 γὰρ
3000 5161 3218 5233 ὄφελος.
3248 5164 3378 5217 ὅταν
3413 5165 3490 5235 μὴ

1879 5252 2089 5322 κλέπτῃ
2139 5250 2261 5320 μὲν,
2325 5248 2570 5320 ἀπολλύῃ
2623 5249 2680 5301 δὲ
2730 5247 2938 5313 πάντα;
3001 5246 3034 5318 ἢ
3089 5243 3363 5319 θρασὺς
3396 5251 3492 5301 καὶ

1880 5335 2296 5407 παροξύνηταις
2339 5333 2449 5388 K01
2470 5333 2644 5406 ταύτῃ
2675 5333 2733 5386 δὲ
2771 5331 3091 5402 θαυμαστὸς
3123 5328 3194 5404 ἦν
3241 5335 3270 5386 6
3298 5333 3493 5386 Φίλιπ-

1881 5437 2002 5482 πος.
2056 5419 2193 5488 Περὶ
2249 5420 2359 5491 γὰρ
2405 5417 2574 5472 06106
2623 5432 2780 5490 φησι·
2823 5415 2934 5472 Kal
2981 5419 3367 5484 εἰσελθόντες
3403 5419 3492 5485 εις

1881 5505 1992 5558 τὸν
2002 5499 2172 5558 οἶκον
2184 5504 2492 5557 Φιλίππου
2508 5502 2612 5558 τοῦ
2629 5502 3088 5572 εὐαγγελιστοῦ.
3099 5501 3276 5567 ὄντος
3287 5503 3355 5556 ἐκ
3373 5500 3494 5555 τῶν

1883 5588 2054 5650 ἑπτὰ,
2079 5589 2402 5658 ἐμείναμεν
2430 5587 2569 5655 παρ’
2597 5585 2778 5652 αὐτῷ.
2824 5588 2990 5657 Ὁρᾷς
3029 5586 3184 5640 οὐδὲν
3210 5587 3494 5658 ἀνθρωπί-

1884 5690 1990 5735 νως
2024 5671 2430 5742 διοικούμενον;
2459 5671 2566 5725 Kal
2609 5671 2990 5739 ἐπληθύνετο
3035 5673 3068 5724 ό
3094 5671 3343 5740 ἀριθμὸς
3372 5670 3495 5723 τῶν

1880 5755 2166 5824 μαθητῶν
2195 5756 2266 5811 ἐν
2298 5755 2726 5824 Ἰερουσαλήμ.
2767 5753 2857 5806 Ἐν
2892 5753 3293 5824 Ἰεροσολύμοις
3315 5755 3494 5809 ἐπεδί-

1956 5913 1978 5942 ⁶
2009 5910 2070 5962 ⁸0
2109 5914 2404 5976 συγγραφεύς
2437 5914 2584 5964 deest
2623 5916 2672 5962 in
2712 5927 2831 5962 uno.
2924 5911 2950 5952 ἀ
2976 5913 3149 5962 Morel.
3188 5915 3494 5975 ἐστέλλοντο,

1890 5979 1944 6024 e1
1976 5980 2090 6038 pos;
2114 5976 2216 6025 haec
2245 5978 2419 6025 eadem
2444 5976 2635 6038 repetit
2659 5998 2669 6024 :
2701 5977 2821 6026 infra
2850 5990 2971 6026 vero
2993 5979 3153 6025 series
3179 5980 3289 6034 ejus
3323 5978 3496 6025 admo-

1892 6041 2010 6085 dum
2038 6036 2208 6086 viliala
2233 6052 2291 6087 ex
2333 6041 2483 6088 Savll.
2508 6036 2566 6088 ει
2589 6053 2706 6090 mss.
2733 6041 2969 6090 restituta
3015 6045 3111 6088 est.
3154 6038 3345 6088 Ibidem
3373 6052 3494 6088 mss.

1895 6100 2094 6162 quidam
2129 6103 2231 6149 ἀλλ’
2259 6102 2313 6148 o6
2348 6103 2488 6164 λέγει.
