4068 6406
640 416 741 475 ΙΠ

636 536 729 591 606
751 533 811 587 16
829 533 1052 602 πλῆθος.
1075 533 1148 588 T6
1169 533 1496 604 θαυμαστὸν,
1518 530 1649 585 ἔνθα
1676 530 1889 598 ἐσφάγη
1905 529 1933 581 6
1953 525 2209 596 Χριστὸς,

639 621 756 672 ἐκεῖ
783 615 980 686 ηὐξετο
1016 618 1077 669 16
1100 618 1378 688 κήρυγμα.
1415 616 1525 668 Καὶ
1551 615 1613 667 06
1651 614 1809 684 μόνον
1833 613 1933 664 οὐκ
1959 609 2211 663 ἐσκανδα-

637 700 900 771 λίσθησάν
923 717 1068 763 τινες
1104 701 1212 753 τῶν
1251 698 1528 770 μαθητῶν,
1553 698 1784 767 ὁρῶντες
1812 696 1938 759 τοὺς
1962 694 2059 764 μὲν
2078 695 2211 746 ἀπο-

640 786 861 848 στόλους
892 783 1350 854 μαστιζομένους,
1367 786 1494 847 τοὺς
1526 782 1583 835 δὲ
1611 779 1989 841 ἀπειλοῦντας,
2019 777 2211 838 ἄλλους

637 868 698 921 16
751 867 978 938 Πνεῦμα
1032 867 1412 938 πειράζοντας,
1464 868 1684 939 ἐτέρους
1715 865 1770 917 δὲ
1822 861 2207 932 γογγύζοντας·

637 950 774 1003 ἀλλά
798 950 1033 1021 μάλιστα
1083 950 1178 1004 καὶ
1208 950 1560 1020 προσετίθετο
1612 947 1720 1000 τῶν
1747 945 2153 999 πιστευσάντων
2187 943 2215 996 ό

638 1034 893 1104 ἀριθμός·
939 1032 1112 1097 οὑτως
1145 1033 1253 1087 ἀπὸ
1282 1033 1376 1087 τοῦ
1432 1034 1562 1102 περὶ
1620 1031 1866 1084 Ἀνανίαν
1907 1029 2215 1099 συμϐάντος

638 1115 1139 1186 ἐσωφρονίσθησαν.
1173 1116 1267 1170 καὶ⁵
1293 1115 1494 1170 πλείων
1521 1117 1550 1168 6
1576 1114 1741 1182 φόϐος
1763 1113 1945 1175 αὐτοῖς
1968 1113 2212 1179 γέγονεν.

639 1198 782 1267 Ὅρα
824 1198 879 1250 δέ
939 1217 1051 1269 μοι,
1093 1200 1210 1262 πῶς
1259 1199 1503 1252 ἐπεδίδου
1539 1198 1600 1251 16
1633 1198 1854 1265 πλῆθος.
1889 1194 2047 1249 Μετὰ
2092 1196 2216 1256 τοῦς

636 1284 1000 1353 πειρασμοὺς,
1021 1285 1142 1338 τότε
1169 1283 1463 1349 ἐπέδωκεν,
1493 1283 1614 1352 οὐχὶ
1649 1281 1755 1353 πρὸ
1773 1279 1984 1333 τούτου.
2017 1279 2214 1330 Σκόπει

635 1365 692 1418 δὲ
727 1367 818 1418 καὶ
850 1368 992 1438 πόση
1023 1365 1402 1436 φιλανθρωπία
1429 1364 1523 1418 τοῦ
1545 1364 1700 1418 Θεοῦ.
1728 1362 1839 1428 ,Ἐξ
1867 1361 2089 1415 ἐκείνων
2111 1360 2216 1429 γὰρ

635 1448 745 1500 τῶν
774 1449 1078 1520 ἀρχιερέων
1101 1447 1209 1500 τῶν
1237 1447 1374 1518 πρὸς
1402 1447 1563 1515 φόνον
1603 1447 1729 1508 τοὺς
1755 1445 1946 1514 ὄχλους
1977 1442 2216 1514 παροξυ-

636 1533 855 1596 νόντων,
879 1533 988 1586 τῶν
1008 1531 1232 1585 τοιαῦτα
1253 1531 1498 1601 βοώντων
1520 1531 1614 1583 καὶ
1631 1528 1920 1597 λεγόντων·
1952 1528 2217 1592 ’Ἄλλους

635 1613 892 1680 ἔσωσεν,
933 1615 1154 1668 ἑαυτὸν
1209 1617 1280 1668 οὑ
1326 1613 1577 1667 δύναται
1624 1610 1838 1665 σῶσαι·
1895 1612 1962 1662 ἐκ
2013 1608 2216 1662 τούτων

638 1697 885 1762 Πολλοί,
922 1696 1109 1766 φησὶν,
1138 1697 1454 1765 ὑπήκουον
1485 1693 1562 1764 τῇ
1593 1696 1814 1748 πίστει.

701 1866 762 1919 δ’.
786 1867 863 1918 A6
871 1865 959 1919 τοῦ
985 1866 1167 1920 τοίνυν
1182 1866 1277 1923 καὶ
1292 1867 1451 1936 ἡμεῖς
1467 1864 1750 1936 γενώμεθα
1769 1866 2024 1936 μιμηταί.
2042 1866 2216 1937 Προσ-

633 1948 852 2013 εδέξατο
905 1949 1142 2012 αὐτοὺς,
1199 1950 1295 2002 καὶ
1336 1951 1434 2001 οὑκ
1487 1945 1741 2011 ἐξέϐαλεν
1797 1961 1846 2001 ι.
1895 1947 2050 2001 Οῦτω
2091 1949 2216 2010 τοὺς

633 2033 863 2103 ἐχθροὺς
885 2033 1243 2103 ἀμειϐὠμεθα
1269 2034 1396 2096 τοὺς
1423 2032 1493 2086 16
1524 2031 1690 2102 μυρία
1724 2032 1873 2102 ἡμᾶς
1906 2031 2216 2101 ἐργασαμέ-

517 2141 520 2146 ·
633 2115 1104 2190 νους[116]δεινά.
1131 2118 1310 2188 Ὅπερ
1326 2116 1616 2186 ἀνέχωμεν
1638 2115 2056 2179 ἀγαθὸν,αὐτοῖς
2077 2131 2216 2183 παρ-

634 2200 915 2269 ἐχωμενδ·
948 2199 1022 2270 μὴ
1044 2200 1406 2271 παρέλθωμεν
1423 2199 1618 2261 αὐτοὺς
1636 2197 2079 2260 εὐποιοῦντες.Εί
2107 2197 2215 2268 γὰρ

633 2285 712 2354 τῷ
743 2283 936 2336 παθεῖν
966 2284 1169 2347 κακῶς,
1218 2284 1496 2353 ἐμπλῆσαι
1543 2283 1625 2334 δεῖ
1655 2281 1745 2334 τὸν
1799 2281 1968 2352 θυμὸν
2013 2280 2213 2344 αὐτῶν,

635 2367 817 2437 πολλῷ
869 2368 1071 2437 μᾶλλον
1129 2367 1205 2437 τῷ
1250 2367 1560 2436 εὐποιῆσαι·
1612 2365 1770 2418 τοῦτο
1835 2365 1946 2436 γὰρ
1994 2365 2217 2418 ἔλαττον

631 2448 863 2502 ἐκείνου.
900 2449 1015 2502 Οὐκ
1048 2449 1162 2502 ἐστι
1216 2449 1325 2518 γὰρ
1377 2450 1490 2501 ῖσον
1537 2447 1830 2518 εὐποιῆσαι
1860 2447 1994 2517 ἐχθρ
2029 2466 2077 2512 ν,
2122 2449 2216 2501 καὶ

637 2531 855 2602 μείζονα
879 2532 1104 2601 θελῆσαι
1139 2533 1330 2585 παθεῖν
1357 2531 1389 2602 ἦ
1423 2531 1731 2600 βούλεσθαι·
1761 2531 1872 2585 6116
1897 2530 2088 2584 106106
2121 2533 2215 2585 καὶ

633 2616 719 2667 ἐπ’
747 2616 926 2668 ἐκεῖνα
962 2617 1184 2686 ἥξομεν,
1214 2615 1382 2669 Τοῦτο
1433 2614 1651 2684 ἀξίωμα
1691 2614 1800 2666 τῶν
1830 2612 1932 2666 τοῦ
1957 2613 2213 2686 ¹Χριστοῦ

638 2698 919 2767 μαθητῶν.
962 2697 1342 2768 Ἑσταύρωσαν
1366 2699 1528 2751 αὐτὸν
1553 2698 1774 2750 ἐλθόντα
1803 2697 1895 2749 ἐπὶ
1926 2697 2217 2767 εὐεργεσίᾳ

634 2781 701 2850 τῇ
732 2779 932 2838 αὐτῶν,
963 2781 1090 2842 τοὺς
1125 2779 1374 2849 μαθητὰς
1398 2777 1562 2832 αὐτοῦ
1597 2776 1920 2846 ἐμάστιξαν,
1953 2777 2046 2829 καὶ
2079 2774 2220 2844 μετὰ

633 2861 806 2914 ταῦτα
825 2865 902 2923 είς
920 2863 1020 2930 τὴν
1043 2861 1211 2932 αὐτὴν
1231 2863 1426 2924 αὐτοὺς
1452 2861 1574 2927 ἄγει
1597 2864 1710 2923 τοῖς
1737 2860 2004 2930 μαθηταῖς
2026 2860 2216 2930 τιμὴν,

631 2944 832 3011 ὁμοίως
855 2945 1038 3007 αὐτοῖς
1064 2943 1377 3012 μεταδιδοὺς
1401 2942 1509 2995 τῶν
1545 2942 1733 2995 αὐτοῦ.
1766 2943 2020 3010 Μιμηταὶ
2047 2941 2218 3010 γενώ-

635 3027 794 3097 μεθα,
827 3027 1146 3097 παρακαλῶ,
1184 3027 1276 3080 τοῦ
1330 3026 1587 3096 Χριστοῦ·
1620 3025 1763 3079 κατὰ
1791 3026 1951 3078 τοῦτο
1978 3025 2092 3078 ἐστι
2124 3043 2216 3094 μι-

638 3109 916 3179 μήσασθαι
971 3111 1154 3162 αὐτόν·
1212 3109 1369 3162 τοῦτο
1406 3109 1518 3163 ίσον
1585 3111 1729 3161 ποιεῖ
1780 3108 1856 3177 τῷ
1887 3107 2026 3176 Θεῷ,
2060 3107 2217 3160 τοῦτο

637 3193 824 3263 μεῖζον
857 3192 1058 3263 ἢκατὰ
1083 3192 1368 3264 ἄνθρωπόν
1400 3195 1568 3246 ἐστιν.
1610 3192 1896 3262 Ἐχώμεθα
1930 3193 2026 3260 τῆς
2061 3193 2215 3261 ἐλεη-

637 3275 894 3346 μοσύνης·
932 3277 1069 3345 αῦτη
1127 3276 1474 3343 παιδαγωγὸς
1508 3276 1602 3328 καὶ
1651 3276 1974 3338 διδάσκαλος
2001 3276 2218 3346 ἐκείνης

631 3359 731 3430 τῆς
752 3360 1068 3427 φιλοσοφίας
1103 3361 1270 3413 ἐστίν.
1313 3360 1370 3412 '0
1412 3357 1599 3429 μαθὼν
1656 3359 1829 3413 ἐλεεῖν
1857 3361 1950 3412 τὸν
1990 3362 2047 3411 ἐν
2079 3377 2217 3430 συμ-

635 3444 794 3514 φορᾷ,
825 3444 1132 3514 μαθήσεται
1153 3445 1248 3496 καὶ
1273 3444 1346 3514 μὴ
1372 3445 1751 3512 μνησικακεῖν·
1774 3445 1801 3497 6
1824 3443 2010 3515 μαθὼν
2029 3443 2213 3508 τοῦτο,

633 3528 730 3580 καὶ
755 3527 981 3597 ἐχθροὺς
1020 3529 1330 3596 εὐεργετεῖν
1381 3527 1688 3598 δυνήσεται.
1740 3529 2017 3598 Μάθωμεν
2046 3546 2215 3584 κατα-

634 3610 868 3662 κλᾶσθαι
900 3613 1010 3673 τοῖς
1038 3611 1148 3664 τῶν
1198 3611 1427 3680 πλησίον
1460 3613 1668 3675 κακοῖς,
1722 3613 1818 3666 καὶ
1855 3613 2216 3683 μαθησόμεθα

632 3694 728 3746 καὶ
783 3693 848 3748 16
879 3695 1026 3748 κακά
1056 3694 1234 3750 αὐτῶν
1277 3695 1486 3766 φέρειν.
1516 3696 1689 3750 A6166
1715 3699 2084 3768 ἐρωτήσωμεν
2121 3698 2214 3752 τὸν

631 3777 820 3840 κακῶς
842 3779 988 3848 ἡμεῖς
1022 3778 1350 3843 διατιθέντα,
1377 3780 1521 3859 είθμὴ
1549 3780 1961 3848 καταγινώσκει
1991 3781 2210 3848 ἑαυτοῦ,

630 3859 680 3911 εί
713 3859 788 3931 μὴ
833 3859 1005 3914 ἐθέλοι
1037 3861 1366 3931 φιλοσοφεῖν.
1409 3865 1457 3915 εί
1504 3864 1580 3933 μή
1620 3863 1793 3934 θυμοῦ
1826 3863 1902 3917 J16
1931 3866 2040 3917 πᾶν
2076 3861 2212 3919 εἷναί

631 3958 817 4010 φησιν,
845 3945 893 3996 εί
935 3943 1009 4014 μὴ
1033 3946 1418 4015 μικροψυχίας,
1446 3948 1493 4000 εί
1522 3945 1597 4018 μὴ
1633 3947 2030 4017 ταλαιπωρίας,
2057 3949 2105 3999 εί
2137 3949 2210 4018 μὴ

633 4024 877 4095 βούλοιτο
907 4026 1016 4079 τῶν
1047 4026 1420 4098 ὑϐριζομένων
1448 4024 1588 4082 εἶναι
1625 4031 1720 4083 καὶ
1751 4028 2050 4098 σιγώντων,
2075 4032 2211 4084 ἀλλὰ

635 4109 712 4180 μὴ
742 4110 848 4163 τῶν
871 4110 1202 4181 ὑϐριζόντων
1233 4111 1326 4165 καὶ
1353 4113 1718 4182 μαινομένων,
1748 4115 1797 4166 εί
1828 4113 1903 4185 μὴ
1925 4115 2211 4186 θαυμάσας

629 4193 818 4247 ἄπεισι
839 4193 932 4248 τὸν
962 4194 1222 4253 παθόντα.
1250 4195 1340 4267 Μὴ
1371 4196 1436 4268 δὴ
1467 4196 1715 4269 νομίσῃς,
1754 4199 1834 4252 ὅτι
1861 4199 2016 4254 τοῦτο
2045 4203 2209 4256 εὐκα-

627 4277 998 4348 ταφρονήτους
1047 4280 1208 4330 ποιεῖ.
1261 4278 1424 4330 Οὐδὲν
1467 4277 1641 4342 οὕτως
1699 4281 2209 4354 εὐκαταφρονήτους

632 4361 792 4418 ποιεῖ,
825 4359 900 4422 ὡς
929 4359 988 4412 16
1024 4358 1289 4428 ὑϐρίζειν·
1335 4362 1488 4416 οὐδὲν
1539 4363 1711 4429 οὕτως
1751 4366 2086 4437 αἰδεσίμους,
2134 4370 2211 4434 ὡς

629 4440 690 4491 16
726 4440 1112 4511 ὑϐριζομένους
1145 4443 1350 4513 φέρειν.
1396 4445 1454 4497 '0
1489 4446 1588 4514 μὲν
1613 4447 1720 4517 γάρ
1748 4449 1894 4500 ἐστιν
1925 4450 2209 4522 ὑϐριστὴς,

628 4522 737 4574 ὁδὲ
790 4523 1101 4593 φιλόσοφος·
1145 4526 1239 4577 καὶ
1269 4527 1296 4577 6
1340 4527 1438 4595 μὲν
1486 4527 1775 4600 ἀνθρώπου
1820 4533 2048 4602 χείρων,
2099 4537 2126 4588 6
2152 4535 2208 4588 δὲ

632 4605 881 4673 ἀγγέλων
911 4608 1044 4670 ἴσος.
1070 4606 1187 4660 Κάν
1203 4625 1261 4660 τε
1281 4609 1388 4678 γὰρ
1412 4609 1649 4665 ἐλάττων
1671 4608 1737 4682 ἦν
1757 4613 1850 4666 τοῦ
1873 4615 2206 4686 ὑϐρίζοντος,

629 4687 725 4739 καὶ
754 4689 947 4752 οὕτως,
988 4691 1036 4741 εί
1072 4689 1331 4757 βούλοιτο,
1357 4691 1576 4756 δυνατὸς
1609 4693 1852 4766 ὑπῆρχεν
1875 4698 2206 4768 ἀμύνασθαι.

632 4772 844 4834 Ἀλλως
903 4772 963 4825 δὲ
1010 4774 1113 4827 ,καὶ
1158 4772 1389 4827 ὲλεεῐται
1422 4776 1520 4844 μὲν
1577 4778 1728 4848 παρά
1759 4780 1977 4833 πάντων
2031 4777 2205 4845 οὗτος,

629 4853 833 4917 ἐκεῖνος
848 4854 907 4907 δὲ
937 4857 1192 4934 μισεῖται.
1219 4857 1283 4909 Τί
1305 4853 1426 4923 066;
1453 4858 1552 4910 οὐκ
1578 4859 1825 4914 ἐντεῦθεν
1849 4862 1956 4934 ἄρα
1978 4874 1999 4902 ο
2029 4864 2208 4934 πολλῷ

634 4934 858 5019 βελτίων
902 4937 1052 5019 ἔσται
1100 4931 1289 5006 οῦτος;
1340 4939 1430 5010 Τῷ
1478 4941 1578 5010 μὲν
1614 4943 1719 5014 γὰρ
1760 4943 1835 5007 ὡς
1875 4931 2204 5019 μαινομένῳ,

631 5017 805 5088 τούτῳ
830 5017 884 5071 δὲ
907 5018 982 5081 ὼς
1007 5019 1130 5072 νοῦν
1167 5021 1340 5090 ἔχοντι
1372 5025 1723 5092 προσέξουσιν
1750 5029 2006 5094 ἅπαντες.
2036 5017 2206 5085 Ὅταν

630 5098 726 5154 οῦν
752 5103 1131 5172 κακηγορῆσαί
1158 5121 1278 5157 τινα
1301 5107 1404 5158 ὑπό
1423 5125 1566 5169 τινος
1589 5111 1892 5185 ἀναγκάζῃ,
1924 5116 2046 5169 είπὲ
2070 5118 2203 5186 πρὸς

631 5186 814 5237 αὐτόν·
862 5187 936 5237 Οὐ
961 5185 1192 5256 δύναμαι
1228 5189 1387 5241 αὐτὸν
1414 5191 1586 5243 είττεῖν
1619 5193 1820 5257 κακῶς·
1853 5197 2063 5252 δέδοικα
2098 5185 2206 5271 γὰρ

635 5269 709 5338 μή
739 5286 854 5331 πως
877 5264 1069 5355 οὐκ-ἦν
1103 5270 1356 5336 τοιοῦτος.
1389 5275 1639 5328 Μάλιστα
1667 5278 1764 5346 μὲν
1799 5281 1856 5330 ἐν
1893 5264 2205 5355 διανοίᾳ-μὴ

635 5353 815 5436 εἴπῃς·
873 5349 1008 5404 ἀλλὰ
1065 5355 1199 5436 μηδὲ
1239 5357 1374 5427 πρὸς
1433 5359 1610 5414 ἄλλον.
1659 5361 1750 5432 Μὴ
1801 5363 2032 5436 ἐντύχῃς
2064 5349 2206 5421 κατά

637 5435 818 5520 τούτου
849 5437 926 5520 τῶ
980 5435 1116 5506 Θεῷ·
1165 5437 1230 5491 ἂν
1267 5441 1379 5510 ἴδῃς
1412 5443 1598 5506 θωκῶς
1644 5445 1929 5511 ἀκούοντα,
1975 5435 2202 5520 ίᾶμυνον·

636 5518 776 5581 εἰπὲ,
808 5519 900 5570 τοῦ
936 5520 1139 5582 πάθους
1172 5523 1286 5573 ἐστὶ
1334 5525 1400 5575 τὰ
1456 5527 1698 5596 ῥήματα,
1755 5531 1814 5582 06
1858 5533 1952 5585 τοῦ
1992 5518 2203 5606 ἀνδρός·

636 5601 775 5663 εἰπὲ,
817 5601 912 5670 τῆς
943 5602 1132 5671 ὀργῆς,
1181 5606 1239 5657 οὐ
1272 5606 1361 5658 106
1396 5607 1566 5673 φίλου·
1596 5611 1692 5678 τῆς
1743 5615 1958 5681 μανίας,
1995 5619 2053 5668 οὐ
2108 5620 2206 5688 τῆς

632 5683 829 5752 ψυχῆς.
868 5685 1049 5736 Ταῦτα
1081 5687 1418 5758 λογιζώμεθα
1465 5693 1548 5760 ἐφ’
1573 5695 1788 5765 ἑκάστῳ
1818 5699 1923 5751 τῶν
1958 5683 2207 5775 ἁμαρτῆ-

690 5891 708 5914 ⁸
733 5893 979 5962 Μοτοίηρι
1010 5909 1132 5942 unus
1153 5898 1254 5944 cod.
1285 5901 1362 5946 καὶ
1388 5903 1614 5960 ἐξέϐαλεν,
1635 5907 1779 5956 male.
1849 5910 1874 5946 δ
1902 5908 1952 5957 [η
1980 5924 2076 5960 uno
2101 5913 2203 5962 cod.

629 5955 809 6029 {Iesum
833 5958 974 6030 1:01:63
999 5962 1245 6030 676f16v_....
1266 5967 1570 6030 παρέχωμεν,
1596 5955 1647 6015 οι
1668 5970 1789 6017 in‘lra
1801 5955 1952 6018 habérlv

633 6020 759 6066 ἐστιν
845 6023 866 6048 ε
901 6020 1030 6081 Hazc,
1055 6022 1143 6069 οὐκ
1161 6020 1365 6071 ἐντεῦθεν
1393 6020 1497 6086 ἄρα,
1522 6020 1700 6079 ύρςιιηῐ
1725 6033 1775 6079 in
1804 6046 1899 6082 uno
1924 6020 2028 6081 cui.

1307 419 1364 476 S.
1398 414 1679 474 JOANNIS
1714 410 2202 470 CHRYSOSTOMI
2240 409 2557 472 ARCHIEP.
2591 413 3133 471 CONSTANTINOP.

3760 412 3904 466 -118

2321 526 2525 595 μάτων.
2551 527 2641 597 Μὴ
2668 530 2987 599 περιμείνῃς
3007 530 3315 602 ἀναφθῆναι
3341 527 3405 581 16
3443 526 3577 598 πῦρ,
3621 523 3770 579 ἀλλά
3800 527 3907 594 πρὸ

2315 608 2508 661 τούτου
2533 610 2797 682 κάτασχε·
2833 614 2906 682 μὴ
2928 611 3235 683 παροξύιῃς
3264 613 3325 666 16
3353 610 3562 681 θηρίον,
3601 609 3746 662 ἀλλά
3777 610 3910 680 μηδὲ

2317 690 2718 762 παροξυνθῆναι
2773 697 3152 767 συγχωρήσῃς·
3192 697 3292 748 οὑκ
3348 694 3428 746 ἔτι
3467 691 3579 762 γὰρ
3629 693 3828 763 κύριος
3861 685 3909 743 εἴ

2313 780 2626 848 κατασχεῖν,
2650 777 2716 831 ἀν
2743 778 2775 848 ή
2800 777 2931 846 φλὸξ
2967 779 3208 849 ἀναφθῇ.
3239 778 3304 831 Τί
3332 777 3440 846 γὰρ
3466 771 3624 828 εἶπεν
3651 792 3666 838 ;
3709 775 3910 842 ἀνόητε

2313 858 2408 910 καὶ
2437 859 2623 929 μωρέ;
2661 859 2757 922 Τίς
2788 858 2882 913 οὖν
2910 860 3212 923 ὑπεύθυνος
3237 859 3314 929 τῷ
3346 861 3573 931 ῥήματι.
3609 857 3640 908 6
3663 855 3907 918 ἀκούων,

2313 939 2346 1009 ἢ
2379 941 2624 1008 ὀ“λέγων;
2675 943 2735 996 Ὀ
2766 944 2864 1013 μὲν
2893 943 3002 1014 γὰρ
3033 942 3135 996 κᾶν
3184 942 3391 1012 σφόδρα
3433 937 3679 1012 σοφὸςῇ,
3717 938 3910 1008 μωροῦ

2313 1021 2470 1088 δόξαν
2494 1025 2704 1079 ἐλαϐεν·
2741 1028 2770 1079 6
2797 1026 2854 1079 δέ
2879 1026 2982 1080 κᾶν
3011 1026 3242 1095 ἀνόητος
3266 1022 3321 1098 ᾖ,
3360 1024 3526 1092 σοφοῦ
3557 1024 3658 1076 καὶ
3685 1022 3909 1091 φιλοσό-

2315 1122 2439 1172 φου.
2483 1107 2579 1170 Τίς
2601 1108 2847 1177 ἀνόητος,
2872 1109 2991 1162 είπέ
3033 1125 3143 1179 μοι,
3175 1110 3202 1162 ό
3241 1106 3412 1177 ἑτέρῳ
3440 1105 3749 1177 προφέρων
3775 1103 3804 1142 ἀ
3842 1103 3909 1156 16

2314 1190 2414 1242 οὑκ
2439 1189 2584 1255 ὅντα,
2617 1193 2650 1260 ἢ
2686 1195 2713 1246 6
2745 1192 2881 1262 μηδέ
2923 1191 3066 1246 οὕτω
3116 1189 3392 1260 κινηθείς;
3428 1191 3491 1244 El
3529 1189 3643 1261 γὰρ
3664 1188 3740 1242 ‘16
3776 1188 3908 1259 μηδὲ

2315 1272 2604 1342 κινηθέντα
2630 1275 2924 1340 κινεῖσθαι,
2983 1275 3320 1344 φιλοσοφίας·
3357 1273 3418 1325 16
3449 1273 3586 1344 μηδέ
3621 1270 3908 1333 κινοῦντος

2316 1354 2665 1423 πλήττεσθαι,
2690 1357 2865 1428 πόσης
2883 1358 3103 1421 ἀνοίαςί
3139 1355 3307 1410 Οὐπω
3324 1355 3470 1424 λέγω
3499 1359 3656 1419 ποῖος
3682 1355 3908 1408 ἀπόκει-

2313 1453 2402 1489 ται
2431 1435 2580 1510 [117]
2603 1434 2873 1510 τιμωρίας
2893 1440 3057 1505 τόπος
3085 1443 3197 1504 τοῖς
3227 1441 3297 1494 16
3317 1438 3544 1492 τοιαῦτα
3582 1437 3906 1502 ὀνειδίζουσι

2316 1521 2412 1574 καὶ
2444 1519 2826 1592 βλασφημοῦσι
2855 1523 2948 1576 τὸν
2980 1522 3208 1592 πλησίον
3263 1533 3309 1575 ο.
3377 1521 3537 1574 Ἀλλὰ
3571 1521 3665 1587 τίς
3709 1523 3908 1590 ἄτιμον

2316 1603 2412 1656 καὶ
2439 1603 2495 1670 ἐξ
2548 1604 2782 1674 ἀτίμων,
2823 1607 2918 1659 καὶ
2972 1605 3170 1676 εὐτελῆ
3209 1607 3304 1659 καὶ
3358 1606 3417 1669 ἐξ
3446 1604 3682 1658 εὐτελῶν
3714 1601 3904 1668 εἷπενς

2317 1686 2486 1739 Πάλιν
2514 1689 2595 1747 είς
2627 1689 2819 1741 ἐαυτὸν
2845 1689 2904 1742 16
2934 1688 3135 1751 δνειδος
3165 1689 3540 1760 περιέτρεψεν.
3584 1687 3644 1740 Ὀ
3670 1686 3774 1758 μὲν
3799 1687 3908 1756 γὰρ

2315 1770 2497 1839 τίμιος
2523 1774 2772 1839 φανεῖται
2795 1774 2890 1826 καὶ
2910 1771 3211 1840 αίδέσιμος,
3244 1774 3272 1825 6
3300 1771 3357 1825 δέ
3380 1770 3605 1840 εὐτελὴς
3629 1770 3826 1831 ὅντως·
3851 1769 3911 1820 16

2317 1854 2425 1923 γὰρ
2453 1852 2521 1906 τὰ
2549 1853 2773 1906 τοιαῦτα
2798 1857 2878 1918 εἰς
2903 1853 3057 1919 τάξιν
3085 1854 3322 1918 ὀνείδους
3364 1854 3689 1924 προφέρειν,
3711 1854 3909 1921 γένους

2316 1934 2591 1988 εὐτέλειαν
2625 1937 2787 2004 λέγω,
2821 1940 3025 2008 μικρᾶς
3049 1937 3218 2000 ὅντως
3245 1937 3444 2007 ψυχῆς·
3469 1939 3498 1989 6
3529 1937 3587 1989 δὲ
3611 1936 3791 2005 μέγας
3814 1936 3908 1987 καὶ

2317 2017 2630 2088 θαυμαστὸς
2663 2020 2836 2083 ἔσται,
2871 2022 2966 2075 ἅτε
2999 2023 3152 2075 οὐδὲν
3185 2022 3485 2093 ἡγούμενος
3535 2021 3598 2073 16
3635 2019 3904 2080 τοιοῦτον,

2317 2099 2576 2154 ἀλλὀῦτω
2600 2102 2960 2172 διακείμενος,
2983 2104 3058 2165 ὼς
3076 2104 3141 2156 ἂν
3165 2107 3212 2157 εί
3242 2107 3459 2175 ἦκουεν,
3480 2104 3561 2155 ὃτι
3585 2103 3700 2172 εχοι
3723 2120 3780 2154 τι
3798 2102 3910 2154 τῶν

2317 2183 2490 2238 ἄλλων
2514 2185 2788 2256 διαφέρον.
2827 2188 2987 2241 Ἀλλὰ
3019 2188 3204 2258 μοιχὸν
3230 2191 3320 2241 καὶ
3343 2189 3411 2241 16
3433 2188 3569 2241 ἄλλα
3594 2188 3745 2255 ἐρεῖ;
3792 2186 3910 2237 Ἐν-

2315 2265 2487 2319 ταῦθα
2519 2272 2611 2320 καὶ
2638 2269 2803 2340 γελᾷν
2832 2273 2956 2341 χρή·
3006 2271 3134 2324 ὅταν
3159 2271 3267 2342 γὰρ
3297 2271 3357 2323 16
3389 2269 3628 2332 συνειδὸς
3666 2270 3742 2339 μὴ
3778 2266 3911 2337 βάλ-

2317 2350 2495 2420 ληται,
2525 2353 2644 2406 οὐδὲ
2668 2354 2859 2426 καιρὸν
2889 2355 2954 2407 ἂν
2986 2355 3098 2426 ἔχοι
3129 2357 3156 2407 6
3191 2354 3384 2424 θυμός.
3429 2353 3827 2422 Ἐννοήσαντας
3851 2351 3910 2404 δὲ

2317 2435 2411 2486 καὶ
2432 2437 2552 2488 τίνα
2577 2437 2762 2504 ἐξάγει
2795 2439 2874 2499 εἰς
2895 2438 3058 2508 μέσον
3077 2439 3290 2508 πονηρὰ
3337 2437 3432 2490 καὶ
3461 2438 3632 2506 μιαρὰ
3658 2437 3909 2505 ῥήματα,

2313 2519 2433 2572 οὐδέ
2479 2521 2650 2586 οὕτως
2709 2523 2894 2591 ἀλγεῖν
2949 2523 3077 2593 χρή.
3131 2523 3310 2591 Ὅπερ
3373 2520 3481 2590 γὰρ
3529 2519 3723 2589 ἔμελλε
3767 2518 3910 2587 μετὰ

2312 2603 2488 2656 ταῦτα
2520 2605 2749 2670 ἕκαστος
2804 2605 3167 2676 μαθήσεσθαι,
3202 2606 3360 2658 10610
3388 2604 3489 2676 ήδη
3543 2603 3903 2672 ἐξεκάλυψεν·

2316 2688 2508 2741 ἐαυτὸν
2558 2689 2743 2743 λοιπὸν
2774 2691 3004 2744 ἄπιστον
3043 2693 3178 2743 πᾶσι
3234 2689 3594 2758 κατέστησεν,
3652 2690 3750 2742 ἀτε
3806 2688 3910 2740 οὐκ

2316 2771 2493 2825 εἰδότα
2518 2775 2922 2841 συγκαλύπτειν
2952 2774 3022 2828 16
3051 2773 3145 2827 τοῦ
3196 2772 3421 2844 πλησίον
3451 2771 3622 2835 κακά,
3655 2772 3750 2823 καὶ
3775 2773 3909 2822 ἐαυ-

2316 2857 2406 2907 τὸν
2469 2857 2669 2926 μᾶλλον
2707 2856 2940 2927 ᾔσχυνεν
2992 2857 3023 2926 ἢ
3075 2857 3286 2930 ἕτερον,
3339 2856 3433 2908 καὶ
3481 2855 3661 2907 πάντα
3711 2855 3909 2924 λιμένα

2319 2942 2656 3009 προσέχωσε,
2689 2941 2788 3002 16;
2811 2941 3041 3004 εὐθύνας
3061 2943 3316 3012 ἐποίησεν
3346 2939 3526 3009 ἐαυτῷ
3546 2939 3788 3010 φοϐερὰς
3809 2938 3909 2991 τοῦ

2319 3022 2601 3092 μέλλοντος
2622 3025 2928 3094 κριτηρίου.
2952 3027 3026 3078 Οὐ
3043 3028 3150 3096 γὰρ
3166 3025 3310 3080 οῦτω
3355 3023 3567 3088 τοῦτον,
3599 3023 3674 3085 ὡς
3697 3026 3911 3076 ἐκεῖνον

2316 3109 2830 3180 ἀποστραφήσονται
2865 3111 3086 3174 πάντες,
3105 3112 3246 3186 άπερ
3275 3110 3584 3179 ἐκκαλύψαι
3611 3113 3712 3164 οὐκ
3736 3113 3910 3181 ἐχρῆν

2317 3193 2771 3263 ἀπαμφιάσαντα.
2806 3196 2878 3248 Σὺ
2900 3195 2955 3248 δέ
2982 3197 3148 3266 μηδὲν
3173 3199 3332 3267 εῖπῃς
3363 3191 3437 3250 ὧν
3473 3195 3744 3258 σύνοιδας,
3770 3195 3912 3250 ἀλλὰ

2319 3277 2562 3347 σίγησον,
2588 3279 2637 3330 εί
2667 3277 2848 3347 βούλει
2877 3277 2975 3349 τὴν
2999 3279 3257 3351 λαμπρὰν
3279 3280 3437 3343 δόξαν
3461 3280 3671 3334 λαϐεῖν.
3697 3282 3773 3332 Οὐ
3796 3280 3908 3350 γὰρ

2319 3361 2480 3430 μόνον
2512 3361 2836 3432 ἀνατρέψεις
2864 3363 2930 3414 16
2963 3361 3242 3432 λεχθέντα,
3294 3363 3414 3416 οὐδέ
3450 3364 3735 3433 καλύψεις,
3766 3364 3910 3417 ἀλλὰ

2315 3443 2410 3496 καὶ
2436 3445 2621 3515 ἕτερον
2654 3445 2865 3516 ἐργάσῃ
2905 3446 3088 3498 καλόν·
3126 3446 3309 3499 οὐκέτι
3345 3447 3593 3518 ποιήσεις
3627 3447 3739 3518 γὰρ
3764 3448 3909 3501 κατά

2316 3527 2513 3580 σαυτοῦ
2544 3529 2640 3599 τὴν
2672 3529 2855 3598 ψῆφον
2883 3529 3188 3600 ἐνεχθῆναι.
3225 3531 3286 3583 Ὀ
3315 3530 3465 3583 δεῖνά
3518 3548 3577 3582 σε
3608 3532 3800 3594 κακῶς
3823 3531 3908 3584 λέ·

2312 3627 2438 3678 γει;
2475 3611 2610 3665 Είπέ
2645 3611 2732 3664 σύ·
2765 3613 2828 3665 Et
2884 3612 3062 3666 πάντα
3096 3612 3231 3682 ᾔδει,
3268 3613 3368 3664 οὐκ
3399 3612 3466 3664 ἂν
3505 3613 3746 3666 τοσαῦτα
3783 3610 3908 3667 εἷπε

2315 3697 2469 3767 μόνα.
2507 3695 2887 3765 Ἐθαυμάσατε
2913 3697 3006 3749 καὶ
3031 3695 3368 3767 ἐξεπλάγητε
3394 3697 3455 3749 16
3478 3697 3704 3767 λεχθέν;
3745 3698 3908 3751 Ἀλλά

2315 3779 2599 3849 μιμεῖσθαι
2627 3781 2752 3849 χρή.
2782 3780 2882 3833 Διά
2909 3781 3018 3851 γὰρ
3049 3779 3207 3832 τοῦτο
3241 3782 3420 3834 πάντα
3443 3782 3572 3851 ὑμῖν
3601 3780 3671 3834 τὰ
3701 3781 3907 3848 ἔξωθεν

2311 3865 2574 3935 εἰρημένα
2594 3863 2847 3931 λέγομεν,
2871 3865 2969 3933 οὐχ
2987 3863 3061 3926 ὼς
3083 3865 3183 3917 οὐκ
3208 3864 3449 3932 ἐχουσῶν
3473 3865 3645 3935 μυρία
3671 3867 3910 3920 τοιαῦτα

2311 3947 2418 3999 τῶν
2447 3947 2698 4016 Γραφῶν,
2752 3946 2868 3999 ἀλλ’
2903 3947 2979 4010 ὡς
3038 3946 3237 4016 μᾶλλον
3287 3949 3544 4019 ἐντρέψαι
3581 3947 3908 4019 δυναμένων

2310 4029 2535 4082 τούτων·
2575 4030 2694 4083 ἐπεὶ
2713 4030 2861 4102 καὶὴ
2895 4030 3086 4100 Γραφὴ
3107 4027 3216 4083 οἶδε
3245 4032 3378 4102 πρὸς
3399 4032 3670 4104 ἐντροπὴν
3695 4034 3904 4102 λέγειν,

2308 4112 2384 4176 ὡς
2407 4114 2534 4167 ὅταν
2555 4113 2707 4185 λέγῃ·
2759 4117 2903 4183 Οὐχὶ
2933 4115 3031 4167 καὶ
3073 4117 3127 4167 οί
3176 4114 3398 4169 ἐθνικοὶ
3425 4115 3489 4168 τὸ
3515 4117 3672 4181 αὐτὸ,
3695 4119 3907 4173 ποιοῦ-

2308 4214 2448 4261 (nr;
2479 4197 2536 4251 '0
2560 4198 2617 4251 δὲ
2647 4200 2933 4268 προφήτης
2962 4197 3229 4268 Ἱερεμίας
3257 4200 3384 4261 τοὺς
3410 4199 3503 4252 τοῦ
3519 4198 3726 4271 Ῥηχάϐ
3750 4205 3901 4266 υἱοὺς

2311 4283 2633 4350 παρήγαγεν
2657 4283 2736 4341 είς
2764 4282 2927 4350 μέσον
2965 4281 3060 4350 τὴν
3092 4281 3367 4352 πατρικὴν
3389 4283 3607 4354 ἐντολὴν
3635 4287 3894 4356 11696661-

2310 4382 2398 4417 ναι
2431 4365 2505 4434 μὴ
2531 4364 3019 4434 καταδεξαμένους.
3051 4361 3218 4416 Εἶπον
3241 4367 3428 4430 κακῶς
3451 4369 3498 4420 οι
3528 4372 3656 4438 περὶ
3673 4370 3903 4441 Μαρίαν

2309 4447 2401 4499 166
2431 4447 2654 4507 Μωσέα,
2686 4448 2778 4501 καὶ
2810 4448 2908 4517 τῆς
2937 4448 3209 4512 κολάσεως
3239 4450 3436 4513 αὐτοὺς
3464 4450 3666 4515 εὐθέως
3693 4452 3901 4524 ἐξῄτη-

2312 4546 2391 4593 σε,
2427 4531 2520 4582 καὶ
2551 4530 2670 4582 οὐδὲ
2691 4531 2814 4582 ὅσον
2839 4531 3030 4600 μαθεῖν
3058 4549 3235 4596 τινας,
3275 4533 3354 4586 ὅτι
3382 4533 3623 4597 ἐκδικίας
3657 4533 3676 4572 ί
3703 4536 3897 4606 ἔτυχε,

2311 4612 2702 4683 συνεχώρησεν.
2757 4612 2895 4665 Ἂλλ*
2932 4616 3028 4684 οὐχ
3093 4617 3255 4686 ἡμεῖς
3307 4617 3501 4682 οῦτως·
3542 4617 3681 4671 ἀλλὰ
3732 4619 3902 4672 τοῦτο

2313 4695 2545 4764 μάλιστα
2573 4696 2876 4766 βουλόμεθα
2894 4698 3101 4760 πάντας
3132 4700 3346 4768 μαθεῖν,
3365 4701 3447 4753 ὅτι
3475 4701 3574 4752 οὐκ
3605 4703 3901 4774 ἀτιμωρη-

2307 4781 2362 4831 τὶ
2391 4779 2686 4851 παρῆλθον.
2721 4783 2898 4851 Μέχρι
2932 4782 3075 4844 τίνος
3100 4784 3208 4835 ἀπὸ
3239 4788 3342 4854 γῆς
3375 4785 3642 4856 πνέομεν;
3674 4787 3790 4839 Οὐκ
3813 4787 3898 4840 ένι

2311 4869 2488 4938 μάχην
2526 4867 2586 4933 ἐξ
2623 4870 2739 4933 ἑνὸς
2794 4870 3055 4940 συστῆναι
3098 4873 3317 4944 μέρους.
3361 4874 3497 4937 Τοὺς
3533 4878 3898 4946 μαινομένους

2307 4952 2373 5005 ἂν
2403 4953 2461 5017 ἐξ
2486 4955 2760 5024 ἐγατέρων
2793 4954 2901 5006 τῶν
2933 4955 3116 5027 μερῶν
3142 4957 3393 5032 ἐλκύσῃς,
3427 4959 3628 5026 μᾶλλον
3662 4961 3899 5030 παροξυ-

2308 5039 2438 5098 νεῖς·
2467 5037 2532 5091 ἂν
2578 5038 2634 5090 δὲ
2668 5041 2732 5091 ἐκ
2781 5037 2961 5104 δεξιᾶς
2996 5039 3028 5109 ἢ
3071 5040 3129 5106 ἐξ
3170 5043 3486 5113 ἀριστερᾶς,
3537 5043 3770 5107 ἔσϐεσας
3802 5047 3897 5098 τὸν

2310 5120 2498 5191 θυμόν.
2543 5122 2599 5174 ’0
2627 5122 2877 5190 πλήττων
2928 5123 2994 5174 ἂν
3036 5125 3133 5192 μὲν
3193 5125 3290 5196 ἔχῃ
3329 5126 3417 5176 τὸν
3467 5125 3540 5195 μὴ
3574 5126 3892 5196 δεχόμενον,

2311 5205 2509 5274 μᾶλλον
2530 5205 2840 5273 ἐπαίρεται·
2890 5206 2956 5258 ἀν
2984 5206 3039 5258 δὲ
3065 5207 3305 5271 εἴκοντα,
3357 5209 3556 5277 μᾶλλον
3606 5211 3890 5274 ἐκλύεται,

2309 5290 2402 5340 καὶ
2426 5290 2505 5351 εἰς
2530 5289 2689 5342 66166
2723 5291 2753 5358 ή
2795 5290 2978 5360 πληγὴ
3006 5293 3418 5361 περιτρέπεται.
3449 5293 3522 5345 Οὐ
3555 5294 3662 5359 γάο
3711 5297 3891 5359 οὓτως

2307 5369 2486 5424 ἐκλύει
2512 5372 2609 5442 τὴν
2637 5371 2862 5442 δύναμιν
2890 5374 2983 5426 τοῦ
3008 5375 3408 5441 ἀνταγωνιστοῦ
3439 5376 3534 5429 ἄνθ
3547 5394 3732 5449 ρωπος
3746 5397 3861 5445 παγ
3879 5412 3890 5419 -

2308 5454 2621 5524 κρατιάζειν
2650 5455 2825 5520 εἰδὼς,
2855 5457 2929 5519 ῶς
2956 5457 3239 5526 ἄνθρωπος
3270 5458 3619 5530 ὑϐριζόμενος
3679 5463 3775 5514 καὶ
3814 5462 3890 5534 μὴ

2307 5538 2669 5609 ἀνθυϐρίζων.
2702 5541 3019 5610 Αίσχυνθεὶς
3053 5540 3164 5610 γὰρ
3207 5544 3410 5608 ἐκεῖνος
3461 5543 3645 5596 λοιπὸν
3697 5547 3890 5600 ἄπεισι

2309 5625 2399 5676 καὶ
2453 5625 2878 5693 καταγνωσθεὶς,
2935 5625 3148 5695 πρῶτον
3191 5627 3286 5697 μὲν
3319 5630 3383 5680 ἐκ
3415 5629 3508 5681 τοῦ
3559 5631 3887 5695 συνειδότος,

2305 5708 2557 5778 δεύτερον
2580 5709 2635 5760 δὲ
2667 5711 2814 5780 παρὰ
2840 5709 2950 5762 τῶν
2980 5709 3230 5779 ὁρώντων
3260 5713 3534 5766 ἁπάντων.
3560 5714 3668 5766 Καὶ
3691 5730 3887 5785 παροιο

2374 5969 2398 6008 (Ῑ
2429 5971 2561 6020 Unus
2587 5975 2692 6021 md.
2721 5976 2903 6035 προσφέ
2933 5993 3013 6022 ων.

2374 6047 2384 6082 :
2414 6037 2514 6082 alii.
2587 6035 2604 6070 ί
2646 6035 2796 6083 Morel
2828 5991 2952 6084 mare
2978 6038 3013 6084 ἀη

2485 5987 2561 6043 jus
2587 5977 2692 6044 ςοᾳ..
2721 5977 3030 6044 προσφέρων.Δ
3088 5981 3109 6044 ἐ
3137 5977 3479 6042 Βλασφημοῦσι
3503 5981 3628 6029 κατῆ
3656 5981 3737 6030 τὸν
3775 5983 3887 6044 πλ..

2314 6037 2384 6082 sic
2414 6037 2514 6082 alii.
2587 6035 2604 6070 ί
2646 6035 2796 6083 Morel
2828 6035 2952 6083 male
2978 6038 3179 6083 ἀδικίας.

2926 6050 2952 6085 e
2978 6038 3161 6094 ἀδικίας
