4068 6442
139 429 237 484 ll'l
1146 430 1212 486 IN
1251 431 1433 488 ACTA
1475 429 1998 491 APOSTOLORUM.
2042 433 2274 490 HOMIL.
2317 433 2459 491 XIV.

132 561 409 618 crescebat
430 562 736 626 multitudo.
763 563 871 620 Res
894 564 1178 631 mirabilis,
1210 566 1298 622 ubi
1327 567 1540 622 occisus
1567 568 1741 624 fuerat

130 653 395 718 Christus.
430 657 538 713 illic
579 659 857 714 crescebat
906 658 1254 728 praedicatio:
1289 677 1390 716 nec
1438 662 1600 716 modo
1631 675 1736 716 non

130 748 479 805 scandalizati
506 758 634 806 sunt
659 752 874 822 quidam
897 768 962 807 ex
992 753 1290 823 discipulis,
1326 754 1568 809 videntes
1596 769 1726 821 apo-

127 842 300 894 stolos
329 841 610 912 ﬂagellari,
641 844 778 898 alios
806 844 1022 911 minari,
1052 845 1186 900 alios
1209 845 1469 916 Spiritum
1492 855 1732 910 tentare,

128 935 265 989 alios
303 950 676 1003 murmurare;
705 937 802 992 sed
831 947 890 993 et
921 938 1154 993 maxime
1179 940 1476 1009 augebatur
1514 938 1740 993 creden-

128 1029 262 1081 tium
292 1042 549 1082 numerus
574 1046 586 1080 :
612 1029 690 1084 sic
713 1029 782 1084 ab
803 1030 1027 1086 Anania:
1048 1045 1176 1085 casu
1207 1029 1273 1084 ad
1305 1029 1584 1085 meliorem
1627 1029 1738 1084 fru-

127 1136 248 1189 gem
292 1121 709 1187 reducebantur,
742 1131 797 1177 et
847 1123 1024 1193 major
1073 1122 1176 1177 illis
1228 1123 1391 1177 timor
1433 1131 1570 1177 erat.
1601 1120 1738 1177 Vide

127 1213 262 1268 inihi
297 1230 481 1284 porro,
524 1217 798 1287 quomodo
836 1218 1074 1273 creverit
1102 1217 1412 1272 multitudo.
1451 1217 1581 1272 Post
1615 1226 1738 1272 ten-

127 1309 363 1363 tationes
388 1309 578 1375 crevit,
605 1325 709 1363 non
737 1319 884 1365 ante.
908 1309 1235 1366 Consideres
1262 1324 1412 1375 vero,
1445 1319 1643 1379 quanta
1668 1309 1739 1363 sit

128 1405 223 1459 Dei
249 1405 575 1472 benignitas.
605 1405 686 1460 Ex
702 1405 814 1460 illis
835 1407 978 1461 enim
1011 1405 1345 1475 principibus
1366 1403 1734 1468 sacerdotum,

126 1499 218 1566 qui
251 1498 319 1551 ad
350 1499 551 1552 caedem
590 1497 776 1552 turbas
802 1499 1191 1564 concitabant,
1240 1496 1332 1568 qui
1362 1496 1486 1550 talia
1533 1497 1737 1550 clama-

129 1588 260 1643 bant
311 1599 368 1643 et
409 1587 702 1654 dicebant,
758 1589 900 1643 Alios
949 1589 1120 1644 salvos
1167 1590 1326 1660 fecit,
1359 1587 1583 1659 seipsum
1635 1603 1736 1640 non

128 1691 294 1749 potest
319 1681 515 1733 salvum
545 1683 716 1752 facere
738 1681 954 1750 (Matth.
986 1680 1078 1735 27.
1112 1680 1241 1752 42);
1283 1695 1351 1737 ex
1381 1680 1507 1744 illis,
1541 1679 1734 1749 inquit,

129 1773 184 1826 Μ
195 1775 289 1828 ulti
318 1772 614 1827 obediebant
643 1775 781 1841 ﬁdei.

197 1865 253 1920 4.
279 1861 484 1919 Caritas
499 1880 620 1935 erga
657 1864 891 1921 inimicos
923 1873 972 1917 et
1003 1864 1350 1919 misericordia
1373 1863 1740 1918 commendan-

124 1957 482 2026 tun—Ejus
531 1957 714 2026 itaque
766 1965 819 2009 et
875 1972 972 2011 nos
1026 1957 1328 2012 imitatores
1373 1957 1565 2011 simus.
1611 1953 1738 2009 lllos

124 2050 391 2119 suscepit.
418 2064 518 2104 nec
531 2051 753 2120 repulit.
780 2049 870 2106 Sic
889 2052 1140 2117 inimicis,
1161 2053 1249 2121 qui
1273 2052 1430 2105 nobis
1457 2051 1736 2104 innumera

125 2145 359 2199 intulere
386 2146 549 2210 mala,
578 2145 839 2200 beneficia
872 2147 1253 2216 rependainus.
1287 2145 1341 2201 Si
1371 2145 1499 2215 quid
1532 2146 1734 2199 bonum

124 2234 415 2301 habemus,
449 2235 554 2290 illis
582 2237 902 2303 tribuamus,
929 2253 998 2290 ne
1018 2236 1408 2291 benefaciendo
1447 2244 1739 2305 praeterea-

131 2345 255 2382 mus
303 2328 445 2383 illos.
486 2328 543 2382 Si
592 2334 733 2383 enim
770 2331 907 2383 mala
959 2319 1492 2398 patieiido'implere
1523 2335 1740 2397 Oportet

128 2421 344 2475 illorum
361 2419 624 2486 furorem,
647 2425 814 2476 multo
831 2423 1000 2493 magis
1016 2421 1401 2477 benefacieudo
1426 2438 1438 2474 :
1465 2421 1570 2476 hoc
1591 2421 1739 2484 enim

127 2517 309 2568 minus
339 2517 423 2568 est
450 2515 565 2569 illo.
609 2514 724 2568 Non
746 2514 890 2569 enim
922 2530 1017 2584 par
1042 2530 1128 2570 res
1153 2526 1258 2578 est,
1282 2513 1606 2569 benefacere
1633 2513 1740 2567 ini-

126 2623 294 2673 mzco,
328 2619 384 2662 et
410 2608 617 2678 majora
644 2609 782 2663 velle
825 2609 960 2677 pati;
995 2609 1062 2661 ab
1094 2609 1196 2671 li,0c
1224 2607 1292 2662 ad
1319 2608 1407 2662 illa
1436 2607 1735 2662 veniemus.

129 2699 258 2752 llaec
289 2699 519 2770 dignitas
551 2710 632 2755 est
662 2701 1050 2771 discipulorum
1081 2699 1302 2754 Christi.
1347 2698 1743 2763 Crucilixerant

129 2792 305 2852 illuni,
332 2794 420 2861 qni
448 2793 515 2845 ad
540 2792 984 2848 benefaciendum
1011 2793 1118 2846 illis
1146 2801 1400 2857 venerat;
1445 2791 1740 2861 discipulos

129 2885 279 2937 illius
305 2883 739 2955 llagellaverant;
772 2893 826 2940 et
867 2896 1051 2956 postea
1085 2887 1208 2940 illos
1247 2887 1313 2941 ad
1345 2886 1597 2941 eumdem
1635 2901 1742 2956 quo

127 2978 426 3046 discipulos
455 2979 714 3032 haiiorein
746 2978 1281 3049 ducit,siini|iterque
1325 2995 1421 3034 sua
1453 2980 1558 3034 illis
1593 2967 1739 3034 com-

128 3071 443 3124 municavit.
479 3069 803 3136 linitatores,
834 3086 1038 3142 quzeso,
1071 3071 1268 3127 Christi
1317 3075 1522 3128 simus:
1558 3075 1611 3128 in
1639 3073 1742 3130 hoc

127 3173 348 3231 oportet
379 3163 528 3216 illum
567 3163 765 3217 imitari
791 3182 804 3228 ;
839 3163 941 3218 hoc
964 3165 1106 3217 enim
1134 3167 1394 3234 aequalem
1423 3165 1533 3220 Deo
1574 3165 1739 3232 facit;

129 3259 236 3310 hoc
283 3257 566 3326 plusquam
606 3257 901 3312 humanum
951 3266 1054 3312 est.
1101 3257 1480 3332 Eleemosynm
1518 3276 1742 3327 operam

125 3351 325 3404 demus
351 3367 365 3404 :
397 3349 515 3404 haec
545 3349 869 3421 paedagogus
894 3359 948 3405 et
969 3349 1161 3405 doctor
1187 3360 1271 3407 est
1318 3351 1461 3426 illius
1505 3352 1744 3421 philoso-

127 3443 272 3512 phiae
323 3445 424 3509 Qui
453 3443 641 3499 didicit
666 3446 908 3499 misereri
941 3445 1077 3514 ejus,
1103 3445 1193 3514 qui
1227 3445 1279 3499 in
1303 3446 1609 3500 Calamitate
1637 3458 1742 3514 est,

124 3538 307 3593 discet
331 3539 498 3592 etiam
546 3538 863 3606 injuriaruin
895 3539 1139 3594 oblivisci
1181 3557 1195 3592 :
1230 3541 1320 3610 qui
1368 3540 1472 3598 hoc
1518 3541 1742 3607 didicit,

127 3634 368 3687 inimicis
408 3634 573 3689 etiam
602 3635 928 3690 benefacere
971 3636 1187 3705 poterit.
1242 3635 1524 3692 Discamus
1557 3638 1741 3708 proxi-

126 3744 345 3782 morum
368 3727 524 3783 malis
545 3728 714 3799 frangi
740 3770 757 3795 ,
782 3740 838 3783 et
862 3730 1134 3785 discemus
1163 3730 1377 3786 illorum
1409 3733 1570 3786 etiam
1606 3735 1744 3787 mala

127 3820 298 3876 ferre.
327 3822 480 3875 Illum
510 3823 924 3892 interrogemus,
956 3823 1049 3893 qui
1075 3823 1213 3877 male
1235 3838 1359 3893 erga
1403 3838 1502 3878 nos
1521 3823 1746 3880 allectus

125 3925 433 3976 est,annon
461 3913 790 3969 condemnet
818 3916 1054 3983 seipsum
1079 3955 1096 3980 ,
1129 3931 1308 3969 annon
1343 3916 1473 3970 velit
1504 3917 1745 3985 philoso-

129 4004 310 4073 phari,
336 4020 519 4059 annon
550 4014 718 4060 totum
753 4005 882 4059 oriri
926 4006 1072 4060 dicat
1100 4006 1169 4061 ab
1191 4007 1268 4061 ira
1299 4016 1354 4062 et
1391 4008 1666 4064 simultate
1692 4019 1748 4066 et

127 4096 382 4161 miseria;
413 4111 540 4150 num
572 4097 700 4151 velit
726 4113 793 4151 ex
828 4113 1054 4152 numero
1080 4098 1291 4152 illorum
1314 4114 1456 4162 esse,
1505 4101 1594 4170 qui
1616 4115 1745 4156 con.

130 4190 414 4244 tumeliam
447 4188 631 4243 ferunt
660 4201 717 4244 et
753 4190 950 4255 silent,
985 4205 1092 4244 non
1123 4201 1306 4246 autem
1338 4191 1594 4261 illorum,
1650 4195 1743 4264 qui

125 4283 515 4338 contumeliam
547 4282 749 4338 faciunt
783 4295 837 4339 et
872 4283 1092 4350 furunt;
1128 4299 1308 4340 annon
1334 4302 1456 4342 eum
1489 4289 1577 4357 qui
1614 4289 1748 4357 pati-

127 4386 220 4430 tur
249 4375 572 4432 admiretur.
602 4375 681 4431 Ne
708 4383 864 4446 putes
897 4378 1000 4431 hoc
1029 4379 1468 4448 contemptibiles
1494 4381 1744 4436 reddere.

126 4469 272 4523 Nihil
323 4469 391 4524 ita
441 4471 877 4541 contemptibiles
921 4472 1098 4526 reddit
1144 4484 1204 4526 ut
1233 4474 1615 4528 contumeliam
1661 4476 1745 4529 in-

127 4563 310 4626 ferre;
363 4563 495 4618 nihil
544 4570 615 4620 ita
667 4565 1042 4630 venerabiles,
1077 4574 1135 4620 ut
1162 4567 1548 4622 contumeliam
1580 4568 1745 4626 ferre.

127 4657 225 4711 Ille
267 4670 504 4726 namque
552 4668 635 4712 est
686 4659 1135 4724 contumeliosus,
1189 4659 1277 4715 hic
1338 4659 1743 4731 philosophus:

126 4750 224 4803 ille
293 4747 447 4818 pejor
513 4748 766 4816 homine,
836 4750 922 4804 hic
973 4751 1176 4821 angelis
1236 4768 1350 4822 par.
1397 4752 1551 4808 Licet
1598 4755 1742 4810 enim

125 4841 312 4893 minor
363 4848 508 4893 esset
573 4842 1006 4903 contumelioso;
1075 4851 1355 4908 attamen,
1425 4845 1470 4899 si
1542 4845 1741 4912 vellet,

123 4941 315 5002 posset
353 4946 477 4986 eum
521 4933 722 4989 ulcisci.
757 4935 1011 5004 Alioquin
1042 4951 1168 4990 vero
1208 4937 1292 4991 hic
1317 4937 1743 4995 misericordiam

123 5026 379 5081 Omnium
400 5027 502 5082 sibi
528 5028 779 5094 attrahet,
819 5030 907 5086 ille
932 5045 1060 5085 vero
1090 5046 1289 5085 exosus
1312 5033 1433 5086 erit.
1464 5033 1600 5100 Quid
1642 5034 1742 5106 igi-

122 5120 258 5174 tur?
294 5135 474 5174 nonne
521 5119 643 5175 inde
689 5121 775 5176 hic
824 5123 990 5177 multo
1023 5126 1364 5191 praestantior
1404 5124 1547 5179 erit?
1588 5127 1742 5182 lllum

123 5227 368 5284 namque
393 5223 453 5267 ut
494 5213 760 5269 furentem
790 5258 802 5280 ,
832 5215 974 5269 hunc
1003 5227 1058 5269 ιιι
1107 5217 1422 5285 prudentem
1471 5217 1744 5274 habebunt

126 5321 348 5362 omnes.
379 5304 512 5360 Cum
541 5323 672 5379 ergo
699 5318 752 5363 te
773 5311 919 5378 cogit
946 5309 1235 5380 quispiam,
1272 5321 1326 5365 iit
1357 5312 1592 5382 aliquem
1634 5315 1742 5369 cri-

123 5401 379 5466 niineris,
406 5401 493 5455 dic
524 5402 596 5456 illi
624 5420 636 5455 :
669 5403 786 5458 Non
818 5419 1034 5474 possum
1060 5405 1160 5474 ipsi
1193 5407 1554 5472 maledicere;
1582 5409 1744 5464 timeo

122 5495 275 5549 enim
303 5510 374 5549 ne
420 5495 561 5549 forte
586 5512 690 5550 non
723 5497 794 5551 sit
821 5498 960 5552 talis.
990 5496 1135 5567 cave
1160 5508 1341 5553 autem
1373 5501 1606 5556 maxime
1627 5541 1643 5567 ,
1678 5519 1745 5557 ne

123 5587 174 5640 in
231 5595 414 5640 mente
481 5585 724 5651 dixeris,
784 5604 917 5643 neve
989 5590 1143 5644 alteri
1202 5594 1281 5645 sic
1343 5591 1599 5661 loquaris.
1667 5594 1744 5649 Nc

120 5678 368 5748 preceris
406 5679 574 5733 Deum
625 5690 809 5733 contra
854 5681 1002 5734 illtiiii
1039 5701 1051 5734 :
1087 5684 1130 5736 si
1169 5684 1368 5737 videris
1410 5684 1556 5739 illum
1604 5687 1744 5743 male

120 5774 338 5838 audire,
370 5772 631 5828 defende:
659 5773 766 5838 dic,
795 5775 1107 5840 lracundiae,
1131 5793 1236 5831 non
1257 5779 1378 5843 viri,
1403 5781 1560 5833 verba
1584 5793 1738 5848 sunt;

119 5868 241 5931 ine,
271 5883 380 5921 non
401 5867 596 5932 amici;
631 5866 828 5922 furoris
852 5909 867 5934 ,
902 5884 1007 5923 non
1037 5871 1250 5926 animat.
1285 5873 1410 5927 llaec
1449 5875 1590 5928 circa
1633 5876 1742 5928 sin-

118 5961 249 6032 gula
276 5970 493 6032 peccata
519 5961 834 6033 cogitemus.
860 5962 937 6020 Ne
962 5975 1244 6036 exspectes
1271 5966 1443 6024 donec
1477 5969 1614 6040 ignis
1644 5985 1738 6023 ac-

3351 445 3456 504 tis
3523 525 3528 531 λ

1845 550 2127 616 condatur,
2157 550 2251 606 sed
2278 560 2405 606 ante
2433 552 2734 623 comprime
2765 571 2779 608 :
2824 570 2892 611 ne
2936 557 3105 612 feram
3137 561 3448 623 exacerbes.

1847 657 1949 697 nec
1991 643 2304 699 exacerbari
2354 645 2540 700 sinas:
2597 663 2702 702 non
2759 650 2962 719 poteris
3009 666 3359 720 compescere
3409 658 3454 712 si

1846 734 2060 792 flamma
2105 737 2452 792 accendatur.
2484 738 2622 807 Quid
2654 742 2800 796 enim
2821 741 2994 801 dixit?
3035 744 3209 803 Stulte
3241 756 3297 800 et
3328 747 3460 801 insi-

1846 827 2041 896 piens?
2097 827 2230 885 Uter
2285 830 2453 884 verbo
2505 831 2772 888 obnoxius
2825 843 2945 901 est,
3003 837 3092 906 qui
3149 837 3338 902 audit,
3387 853 3456 893 an

1845 921 1936 990 qni
1965 919 2135 976 dicit?
2165 922 2264 977 Hic
2291 939 2544 994 namque,
2571 936 2626 980 et
2646 927 2692 980 si
2725 927 2881 983 valde
2903 931 3120 999 sapiens
3147 932 3236 995 sit,
3263 931 3461 988 stultus

1846 1015 2215 1084 reputabitur;
2267 1015 2358 1072 ille
2410 1030 2574 1082 vero,
2631 1021 2732 1075 etsi
2775 1021 3068 1077 admodum
3121 1023 3320 1080 stultus
3351 1025 3457 1090 sit,

1846 1108 2062 1176 sapiens
2091 1117 2145 1163 et
2174 1108 2528 1179 philosophus
2560 1109 2867 1166 habebitur.
2891 1114 3047 1178 Uter,
3080 1129 3288 1185 quaeso,
3322 1117 3461 1172 stul-

1833 1206 1936 1265 tus
1959 1239 1974 1263 ,
2007 1199 2097 1269 qui
2125 1199 2283 1254 alteri
2311 1199 2516 1270 profert
2542 1217 2606 1256 ea
2631 1217 2754 1273 quae
2792 1219 2899 1258 non
2949 1214 3116 1273 sunt,
3163 1221 3231 1260 an
3276 1207 3323 1262 is
3367 1208 3461 1278 qui

1846 1305 2023 1360 neque
2050 1290 2129 1346 sic
2155 1293 2447 1347 movetur?
2476 1292 2610 1348 Nam
2643 1294 2690 1349 si
2718 1294 3026 1366 philosolilii
3077 1308 3194 1361 est,
3242 1300 3456 1354 etiamsi

1846 1385 2110 1455 inciteris,
2142 1402 2251 1442 non
2282 1388 2525 1455 moveri;
2574 1391 2793 1445 nemine
2831 1402 3084 1448 movente
3110 1395 3456 1465 exasperari,

1845 1487 2062 1548 quantae
2088 1478 2410 1548 insipientia:
2438 1479 2638 1536 fuerit?
2664 1481 2912 1538 Nondum
2945 1483 3098 1551 dico,
3131 1503 3254 1557 quae
3300 1503 3459 1558 paena

1845 1572 2082 1640 reposita
2147 1572 2218 1626 sit
2269 1571 2368 1640 iis,
2423 1574 2514 1644 qui
2571 1575 2623 1628 in
2681 1576 2988 1644 proximum
3045 1580 3340 1648 opprobria
3406 1588 3462 1635 et

1846 1663 2162 1734 blaspliema
2189 1665 2331 1721 dicta
2352 1667 2656 1738 proferunt.
2677 1667 2785 1724 Sed
2814 1671 2979 1740 quid?
3000 1672 3366 1744 ignobileinne
3393 1691 3459 1730 ex

1847 1755 2172 1826 ignobilibus
2196 1758 2351 1824 dixit,
2373 1768 2431 1816 et
2451 1760 2614 1816 vilem
2642 1777 2706 1816 ex
2732 1763 2926 1819 vilibus
2948 1765 3167 1820 ortum?
3190 1766 3388 1822 lternin
3410 1769 3463 1824 in

1846 1850 2082 1916 seipsum
2116 1853 2280 1906 vertit
2307 1854 2680 1923 opprobrium.
2714 1857 2848 1911 Nam
2895 1859 2988 1915 ille
3026 1861 3246 1931 quidem
3292 1865 3464 1919 hono-

1847 1941 2032 1996 rabilis
2057 1957 2120 1998 ac
2144 1946 2478 2002 reverendus
2510 1949 2812 2017 apparebit,
2839 1949 2924 2005 liic
2947 1967 3077 2007 vero
3119 1954 3245 2009 vilis
3276 1973 3288 2007 :
3340 1956 3466 2011 talia

1845 2035 1992 2089 enim
2025 2037 2076 2090 in
2109 2039 2461 2107 opprobrium
2493 2041 2762 2111 proferre,
2792 2047 3011 2115 generis
3059 2063 3254 2120 nempe
3282 2050 3462 2105 vilita.

1850 2136 1980 2190 tem,
2007 2128 2183 2197 pusilli
2212 2140 2297 2184 est
2335 2132 2524 2210 animi.
2565 2132 2663 2188 Ille
2692 2150 2825 2189 vero
2855 2152 3082 2208 magnus
3120 2149 3174 2194 et
3205 2142 3468 2196 mirabilis

1847 2230 1966 2286 est,
2000 2220 2091 2289 qui
2116 2222 2249 2276 nihil
2280 2224 2388 2278 tale
2427 2225 2665 2293 sentiat,
2716 2228 2812 2282 sed
2846 2230 2917 2284 ita
2945 2231 3173 2288 affectus
3202 2233 3279 2294 sit
3313 2249 3377 2288 ac
3421 2237 3466 2289 si

1848 2313 2162 2378 audivisset,
2189 2329 2248 2369 se
2275 2317 2478 2387 aliquid
2508 2319 2790 2375 excellens
2814 2337 2926 2392 prte
2956 2324 3080 2378 aliis
3112 2325 3334 2380 habere.
3360 2326 3468 2382 Sed

1848 2406 2122 2462 moechum
2146 2416 2200 2462 et
2229 2409 2427 2464 similia
2449 2410 2638 2466 dicet?
2668 2413 2762 2467 llic
2790 2414 3071 2470 ridendum
3101 2426 3220 2472 est:
3251 2419 3471 2489 quando

1849 2497 1991 2553 enim
2023 2501 2355 2556 conscientia
2388 2519 2496 2557 non
2535 2505 2756 2574 pungit,
2808 2507 2990 2562 nullus
3019 2519 3104 2564 est
3146 2511 3241 2564 ira:
3293 2512 3465 2568 locus.

1851 2589 1907 2645 Si
1933 2591 2140 2662 cogites
2170 2609 2300 2654 vero
2319 2636 2334 2659 ,
2365 2611 2525 2665 quam
2558 2597 2698 2652 fceda
2729 2609 2785 2653 et
2815 2600 2957 2655 mala
2988 2603 3153 2656 verba
3185 2603 3466 2675 proferat,

1851 2697 2026 2753 neque
2057 2686 2138 2740 sic
2178 2696 2263 2741 est
2312 2687 2636 2744 dolendum.
2668 2690 2800 2745 Nam
2853 2693 3000 2763 quod
3036 2695 3234 2765 cuique
3285 2710 3467 2767 postea

1852 2789 2039 2833 notum
2068 2777 2309 2835 futurum
2332 2791 2471 2850 erat,
2495 2783 2598 2838 hoc
2621 2784 2733 2853 jam
2765 2786 2881 2855 ipse
2904 2787 3165 2842 revelavit
3189 2807 3204 2840 :
3237 2791 3472 2862 indeque

1851 2872 2105 2928 omnibus
2125 2889 2185 2929 se
2204 2874 2310 2931 fide
2331 2876 2609 2946 indignum
2629 2881 2929 2947 constituit,
2951 2891 3141 2952 utpote
3158 2885 3248 2954 qui
3271 2884 3472 2940 nescie-

1851 2964 1922 3018 rit
1952 2968 2182 3034 proximi
2229 2979 2453 3037 peccata
2499 2983 2719 3042 tegere;
2753 2988 2920 3044 seque
2948 2977 3119 3048 magis
3150 2977 3357 3047 pudore
3386 2978 3468 3034 af.

1853 3054 1981 3111 fecit
2004 3100 2019 3124 ,
2048 3073 2207 3126 quam
2259 3061 2464 3128 alium;
2496 3078 2715 3120 omnem
2742 3067 3011 3123 obstruxit
3060 3081 3275 3140 portum
3297 3115 3310 3138 ,
3350 3089 3469 3142 poe-

1854 3163 2058 3219 nasque
2083 3151 2182 3206 sibi
2210 3169 2402 3223 graves
2425 3157 2477 3210 in
2506 3155 2687 3212 futuro
2706 3159 2912 3229 judicio
2935 3167 3165 3232 paravit.
3186 3165 3302 3220 Non
3327 3170 3471 3222 enim

1853 3242 2019 3308 hunc,
2051 3255 2107 3299 ut
2161 3246 2309 3300 illum
2361 3252 2761 3307 aversabuntur
2812 3269 3040 3321 omnes,
3089 3260 3180 3328 qui
3239 3261 3470 3330 tegenda

1853 3337 2199 3393 revelaverit.
2225 3339 2306 3394 Tu
2346 3358 2478 3396 vero
2499 3359 2565 3398 ne
2596 3347 2807 3401 reveles
2829 3364 2892 3402 ea
2917 3388 2931 3413 ,
2961 3364 3193 3419 quorum
3221 3355 3474 3408 conscius

1853 3447 1914 3488 es
1939 3449 1954 3499 ;
1984 3432 2078 3487 sed
2106 3444 2244 3502 tace,
2278 3435 2320 3490 si
2350 3438 2432 3490 vis
2456 3437 2653 3492 bonam
2684 3438 2886 3497 habere
2915 3441 3133 3499 famam.
3162 3444 3280 3499 Non
3310 3447 3475 3503 modo

1854 3531 1998 3583 enim
2031 3529 2348 3597 subvertes,
2384 3539 2440 3586 et
2471 3541 2620 3603 teges
2649 3550 2745 3601 ea,
2775 3551 2896 3606 qua:
2927 3537 3069 3592 dicta
3100 3549 3227 3594 sunt
3249 3581 3263 3605 ,
3295 3542 3390 3596 sed
3419 3550 3476 3598 et

1853 3621 1996 3676 aliud
2024 3621 2226 3677 bonum
2276 3626 2632 3695 operaberis:
2668 3643 2775 3682 non
2814 3631 2926 3698 jam
2955 3631 3120 3686 facies
3149 3643 3339 3688 contra
3390 3645 3473 3690 te-

1855 3714 2031 3784 ipsum
2061 3716 2188 3771 ferri
2211 3719 2559 3793 sententiam.
2582 3720 2703 3776 Tibi
2730 3723 2999 3794 quispiam
3032 3727 3348 3785 maledicit?
3381 3732 3477 3787 Dic

1857 3816 1913 3862 tu
1943 3824 1957 3862 :
1986 3809 2042 3864 Si
2071 3811 2253 3865 omnia
2285 3822 2490 3877 nosset,
2515 3830 2626 3869 non
2655 3814 2773 3869 haec
2799 3817 2976 3872 solum
3006 3819 3252 3876 dixisset.
3288 3825 3480 3879 Admi-

1854 3900 1959 3955 rati
2003 3901 2135 3956 estis
2189 3918 2312 3958 cum
2360 3913 2584 3975 stupore
2637 3907 2688 3960 id
2729 3908 2872 3978 quod
2924 3910 3075 3964 dixi?
3120 3914 3227 3969 Sed
3279 3916 3476 3972 imitari

1855 4001 2091 4062 oportet.
2124 3994 2253 4050 ldeo
2284 3996 2430 4051 enim
2459 3997 2579 4054 haec
2607 4002 2811 4067 omnia,
2841 4018 2962 4073 qua:
3001 4005 3072 4060 ab
3118 4009 3320 4064 exteris
3348 4027 3473 4081 pro-

1857 4085 1964 4140 lata
1995 4095 2161 4153 sunt,
2204 4087 2476 4155 diximus,
2529 4107 2640 4146 non
2667 4093 2811 4163 quod
2843 4096 3139 4167 Scriptura:
3191 4102 3510 4159 innumera-

1858 4179 1983 4234 talia
2019 4197 2127 4236 non
2161 4181 2432 4249 habeant;
2463 4186 2557 4239 sed
2585 4186 2730 4256 quod
2764 4186 2882 4243 haec
2923 4193 3095 4261 magis
3127 4196 3335 4263 possint
3381 4211 3480 4266 pii-

1855 4271 1988 4328 dore
2015 4273 2350 4333 suffundere.
2381 4276 2515 4331 Nam
2547 4276 2829 4348 Scriptura
2858 4297 3072 4353 quoque
3101 4285 3170 4339 ad
3214 4289 3476 4357 pudorem

1857 4367 2118 4425 inducere
2146 4374 2314 4436 solet,
2365 4380 2423 4426 ut
2452 4387 2574 4428 cum
2606 4374 2736 4430 dicit
2767 4395 2782 4432 :
2834 4375 3026 4433 Nonne
3053 4393 3103 4434 et
3146 4384 3334 4437 ethnici
3382 4385 3479 4440 hoc

1857 4463 2053 4534 faciunt
2085 4463 2298 4536 (Matth.
2331 4468 2385 4522 5.
2416 4469 2547 4540 47)?
2571 4469 2842 4541 Propheta
2873 4490 3004 4530 vero
3043 4476 3310 4535 Jeremias
3341 4482 3480 4536 filios

1855 4553 2077 4610 Rechab
2105 4558 2157 4613 in
2182 4560 2417 4614 medium
2442 4561 2665 4617 adduxit
2689 4563 2823 4634 (Jer.
2856 4567 2946 4621 55.
2971 4567 3050 4640 5),
3079 4572 3169 4640 qui
3195 4583 3478 4642 paternum

1857 4659 2188 4720 prreceptum
2245 4654 2552 4726 transgredi
2607 4657 2920 4714 noluerunt.
2987 4662 3268 4720 Maledixit
3313 4667 3478 4724 Maria

1857 4742 2026 4814 Moysi
2053 4741 2241 4816 (Num.
2272 4745 2362 4818 12)
2395 4766 2407 4800 :
2442 4757 2497 4803 at
2527 4749 2618 4803 ille
2641 4751 2824 4806 statim
2856 4768 3073 4822 pcenam
3106 4756 3174 4810 ab
3203 4758 3316 4827 ipsa
3351 4776 3476 4829 pre-

1855 4838 2009 4894 cibus
2033 4842 2248 4907 avertit,
2275 4858 2452 4912 iieque
2482 4847 2757 4900 concessit
2784 4859 2841 4901 ut
2867 4850 3119 4914 sciretur,
3152 4867 3211 4906 se
3240 4854 3478 4910 vindica-

1857 4940 1969 4985 tum
2002 4931 2185 4989 fuisse.
2238 4939 2435 4991 Atiios
2468 4952 2572 4990 non
2633 4939 2751 4998 sic;
2805 4942 2899 4995 sed
2947 4943 3048 4997 hoc
3101 4947 3334 5001 maxime
3388 4965 3480 5001 vo-

1857 5023 2081 5091 lumus,
2151 5035 2207 5079 ut
2245 5027 2446 5082 sciatur
2505 5031 2758 5100 injuriam
2822 5049 2925 5086 non
2992 5036 3216 5090 inultam
3289 5038 3474 5095 fuisse.

1856 5117 2147 5187 Quousque
2174 5118 2240 5173 de
2272 5132 2411 5174 terra
2436 5123 2807 5191 spirabinius?
2836 5125 2953 5180 Non
2989 5139 3165 5195 potest
3195 5146 3369 5200 pugna
3412 5151 3476 5185 ex

1857 5227 1960 5264 una
2013 5214 2188 5264 solum
2240 5225 2390 5282 parte
2438 5227 2710 5269 constare.
2755 5215 3019 5272 Fiirentes
3069 5222 3112 5273 si
3154 5239 3218 5274 ex
3253 5233 3476 5294 uti-aque

1854 5315 2008 5374 parte
2060 5306 2241 5359 trahas
2269 5349 2283 5370 ,
2321 5309 2489 5377 magis
2520 5312 2904 5377 eanperahis;
2939 5314 2982 5366 si
3025 5329 3053 5366 a
3082 5315 3303 5371 dextera
3335 5320 3418 5373 vel
3448 5338 3476 5374 a

1855 5398 2072 5453 sinistra
2096 5440 2109 5462 ,
2147 5399 2382 5454 furorem
2413 5403 2739 5473 exsanguis.
2761 5405 2859 5469 Qui
2895 5422 2998 5460 non
3026 5410 3315 5478 patientem
3351 5427 3477 5467 ver-

1854 5491 2028 5555 berat,
2060 5491 2229 5562 magis
2255 5494 2568 5560 extollitur;
2598 5496 2686 5566 qui
2721 5497 3003 5552 cedentem
3031 5541 3045 5563 ,
3081 5505 3254 5572 magis
3279 5504 3480 5559 dissol-

1854 5585 2018 5648 vitur,
2049 5586 2177 5639 etin
2224 5587 2399 5655 ipsum
2433 5588 2584 5657 plaga
2615 5594 2968 5646 convertitur.
2995 5593 3113 5649 Non
3149 5597 3218 5648 ita
3244 5610 3472 5668 aiiiago-

1856 5680 2011 5734 iiista:
2047 5679 2150 5732 vim
2176 5689 2396 5749 superat
2423 5684 2504 5735 vir
2533 5685 2583 5737 in
2617 5686 2763 5738 omni
2800 5701 2988 5756 pugna:
3013 5705 3210 5758 genere
3242 5693 3466 5759 peritus,

1855 5791 1912 5833 ut
1942 5782 2032 5849 qui
2086 5781 2278 5851 injuria
2317 5781 2595 5850 afficitur,
2640 5779 2739 5837 nec
2790 5787 3058 5853 rependit.
3112 5787 3473 5844 Adversarius

1854 5874 1998 5927 enim
2027 5889 2150 5928 cum
2182 5875 2389 5944 pudore
2419 5875 2649 5943 discedit
2676 5878 3030 5948 improbatus,
3086 5883 3260 5951 primo
3284 5898 3312 5936 a
3345 5898 3473 5950 pro-

1852 5969 1967 6039 pn‘a
1996 5970 2347 6042 conscientia,
2397 5971 2637 6028 secundo
2686 5988 2714 6028 a
2747 5977 3142 6045 Spectatoribus
3187 5978 3461 6033 omnibus.
