4068 6410
610 409 714 468 HO

609 527 812 595 Estque
830 521 881 577 in
911 517 1196 590 proverbio
1216 512 1484 585 vulgatum
1516 508 1654 578 :Qui
1677 506 1923 595 honorat,
1941 517 2000 557 se
2021 499 2195 572 ipsum

614 593 864 673 hOnorat.
891 612 1031 681 Ergo
1056 618 1109 664 et
1135 603 1557 663 contumeliosus
1580 599 1681 655 sibi
1711 597 1812 668 ipsi
1843 593 1963 649 talis
1990 601 2094 649 est.

681 703 845 760 Nemo
861 702 1063 758 avditur
1085 700 1184 754 nui
1210 715 1242 751 a
1267 696 1529 766 seipso.—
1548 691 1717 747 Nemo
1743 703 1842 743 nos
1873 685 2070 740 laedere
2096 697 2194 753 po-

605 795 752 860 terit,
773 794 968 849 iterum
983 790 1124 856 dico,
1145 789 1246 844 nisi
1265 801 1363 842 nos
1383 784 1484 856 ipsi
1503 800 1519 850 ;
1541 798 1640 838 nec
1657 781 1775 853 quis
1797 792 1882 834 me
1907 790 2195 847 pauperem

607 887 790 951 faciet,
820 885 921 940 nisi
934 882 1184 955 egoipse.
1210 882 1324 950 Age
1347 891 1497 949 ergo,
1530 876 1609 930 sic
1625 889 1737 930 rem
1760 868 2192 944 perpendamus:

604 979 673 1033 sit
688 975 816 1031 mihi
829 975 1007 1031 anima
1022 987 1241 1043 pauper,
1255 978 1309 1026 et
1325 982 1513 1023 omnes
1528 957 1659 1020 milii
1678 962 1927 1032 pecunias
1945 966 2189 1030 erogent;

604 1068 732 1139 quid
753 1066 877 1123 inde
892 1067 916 1121 τ
933 1066 1111 1121 Donec
1127 1063 1216 1118 illa
1241 1069 1501 1121 mutetur,
1524 1055 1704 1112 omnia
1732 1054 1927 1109 frustra
1951 1059 2094 1106 sunt.
2117 1049 2199 1106 Sit

606 1162 786 1216 anima
805 1158 932 1215 mihi
957 1171 1165 1228 magna,
1186 1163 1241 1211 et
1257 1152 1436 1210 cuncti
1466 1147 1720 1222 pecunias
1741 1160 1889 1201 meas
1908 1143 2193 1213 accipiant;

606 1255 734 1325 quid
768 1253 925 1309 inde?
955 1253 1134 1306 Donec
1161 1249 1304 1304 illam
1333 1261 1436 1301 non
1467 1256 1755 1314 pauperem
1787 1236 1978 1294 reddas
1998 1277 2014 1301 ,
2065 1233 2195 1288 nihil

608 1346 737 1402 hinc
757 1344 958 1400 damni.
986 1342 1070 1398 Sit
1090 1339 1217 1396 mihi
1239 1339 1446 1409 impura
1476 1335 1584 1389 vita
1607 1373 1622 1400 ,
1648 1334 1702 1387 et
1721 1343 1909 1386 omnes
1930 1325 2198 1382 contraria

609 1437 678 1492 de
697 1450 782 1491 me
798 1435 995 1499 dicant;
1019 1432 1147 1504 quid
1176 1429 1332 1486 inde?
1357 1428 1506 1483 Licet
1526 1425 1726 1487 dicant,
1750 1430 1805 1476 at
1822 1435 1926 1475 non
1951 1419 2004 1474 in
2021 1424 2199 1472 mente

606 1526 926 1598 approbant.
948 1525 1175 1578 ltursum
1193 1522 1262 1576 sit
1280 1519 1410 1574 mihi
1428 1518 1532 1572 vita
1543 1530 1698 1585 pura,
1717 1521 1770 1564 et
1783 1523 1973 1566 omnes
1990 1515 2202 1561 contra-

607 1617 898 1681 riadicant;
920 1615 1116 1685 etquid
1140 1613 1264 1669 inde
1285 1611 1457 1666 ?Nam
1491 1610 1541 1662 in
1573 1603 1899 1663 conscientia
1930 1616 2024 1656 sua
2043 1599 2094 1654 id
2115 1601 2201 1654 da-

608 1719 826 1765 mnant:
851 1723 957 1762 non
980 1708 1122 1761 enim
1153 1703 1394 1776 persuasi
1416 1701 1618 1756 dicunt.
1635 1698 1704 1755 Ut
1720 1699 1862 1753 enim
1886 1693 2069 1749 laudes
2093 1707 2200 1746 non

609 1807 820 1869 oportet
848 1799 1152 1863 admittere,
1182 1796 1261 1850 sic
1289 1809 1390 1849 nec
1417 1793 1804 1848 accusationes.
1837 1787 1902 1842 Et
1945 1801 2042 1840 cur
2086 1783 2203 1838 hate

611 1887 774 1947 dic‘ot
811 1876 980 1947 Nemo
1021 1891 1175 1944 nobis
1213 1901 1464 1956 umquam
1497 1881 1736 1938 insidiari
1767 1879 1997 1950 poterit,
2031 1890 2203 1946 neque

612 1983 952 2037 accusatione
991 1976 1414 2039 circumvenire,
1471 1973 1516 2029 si
1569 1971 1919 2027 voluerimus.
1971 1966 2084 2021 Hoc
2129 1966 2199 2019 ita

614 2072 1019 2128 consideremus
1054 2091 1067 2126 :
1098 2070 1272 2124 trahat
1299 2083 1399 2124 nos
1428 2067 1550 2138 quis
1572 2064 1639 2120 ad
1667 2063 1843 2119 forum
1864 2101 1880 2128 ,
1911 2058 2205 2123 calumnie-

617 2172 744 2228 tur;
776 2165 820 2218 si
845 2164 926 2218 vis
951 2205 967 2229 ,
993 2171 1048 2218 et
1069 2162 1307 2216 animum
1335 2158 1527 2215 elferat
1551 2173 1568 2222 ;
1601 2165 1654 2212 et
1680 2153 1810 2225 quid
1834 2153 1936 2207 hoc
1958 2191 1976 2218 ,
1999 2150 2042 2205 si
2070 2165 2206 2218 pau-

615 2253 782 2324 lisper
826 2253 941 2307 haec
989 2252 1257 2307 immerito
1303 2237 1484 2306 feras‘!
1511 2248 1623 2302 Hoc
1647 2247 1820 2316 ipsum
1853 2241 2050 2298 malum
2084 2249 2203 2308 est,

614 2345 843 2415 inquies.
895 2345 1008 2401 Hoc
1050 2345 1224 2416 ipsum
1263 2345 1461 2399 bonum
1501 2349 1583 2397 est
1609 2339 1628 2373 ⁸
1653 2381 1668 2404 ,
1725 2335 1866 2408 quod
1910 2335 2207 2389 immeritus

614 2437 854 2507 patiaris.
901 2436 1004 2492 Sed
1067 2435 1239 2506 quid?
1290 2450 1356 2488 an
1405 2432 1655 2487 meritum
1704 2429 1810 2500 pati
1881 2423 2206 2496 oportebat?

614 2527 828 2599 Aliquid
841 2529 1031 2582 iterum
1043 2527 1214 2582 dicam
1236 2543 1248 2579 :
1272 2522 1632 2594 Philosophus
1645 2520 1858 2592 quidam
1873 2527 2201 2582 exterorum,

623 2627 684 2673 ut
707 2619 910 2674 audivit
946 2619 1250 2689 quempiam
1296 2616 1496 2671 obiisse
1516 2657 1532 2680 ,
1565 2629 1686 2670 cum
1715 2611 1929 2682 quidam
1953 2626 2017 2665 ex
2041 2608 2205 2663 disci-

620 2711 761 2781 pulis
787 2711 989 2766 diceret
1031 2711 1166 2780 ipsi,
1201 2708 1292 2763 Vzc
1320 2706 1482 2771 mihi,
1512 2704 1642 2776 quia
1690 2703 1888 2772 injuste
1914 2717 1928 2766 ;
1964 2701 2052 2755 ille
2079 2715 2211 2754 con-

616 2818 838 2868 versus,
884 2802 990 2859 Sed
1035 2801 1192 2871 quid,
1235 2801 1341 2866 ait,
1397 2814 1465 2852 an
1506 2797 1655 2867 juste
1696 2793 1960 2849 voluisses
1999 2789 2112 2863 (a)?
2140 2790 2208 2844 Et

681 2960 698 2991 ι
724 2957 889 3008 ttorel.
916 2956 1056 3021 legit,
1084 2955 1267 3021 malum
1298 2962 1410 3021 est;
1449 2967 1561 3020 quze
1595 2952 1744 3004 lectio
1773 2950 2036 3021 guadrabit
2055 2949 2099 2998 si
2128 2948 2206 3021 in-

620 3023 922 3084 terrogantis
943 3011 1080 3069 more
1105 3019 1183 3069 hic
1219 3011 1492 3084 proferatur
1516 3025 1673 3084 :tunc
1705 3011 1837 3084 enim
1869 3014 1941 3063 sic
1964 3018 2104 3084 totus
2120 3011 2208 3084 ³ιο-

629 3070 716 3146 cus
739 3070 940 3146 habebit
965 3096 977 3130 :
1006 3091 1105 3146 u_oc
1132 3070 1316 3146 malum
1339 3086 1407 3146 est
1429 3078 1557 3146 quod
1592 3075 1860 3146 immeritus
1876 3071 2096 3146 βίῃφι

685 3143 759 3208 (a)
785 3144 840 3194 in
873 3144 1001 3193 hunc
1033 3141 1192 3192 locum
1225 3143 1332 3191 hac
1362 3132 1514 3190 habet
1535 3148 1774 3189 Dounaeus
1795 3138 1846 3186 iu
1876 3132 2004 3186 Edit.
2030 3132 2207 3184 Savil.:

1327 397 1384 457 S.
1424 391 1700 455 JOANNIS
1739 385 2215 450 CilllYSOSTOMl
2253 383 2574 445 ARCHIEP.
2613 380 3150 441 CONSTANTINOP.

3791 380 3896 437 λιἳο

2304 498 2539 555 Joannes
2559 513 2739 554 nonne
2760 497 2956 567 injuste
2979 505 3225 552 mortuus
3244 495 3362 550 est?
3382 493 3551 562 Quem
3570 509 3701 567 ergo
3724 497 3894 566 magis

2299 592 2612 657 miseraris,
2659 606 2857 646 eumne
2903 590 2993 661 qui
3042 589 3210 660 juste,
3260 604 3326 642 an
3366 603 3488 643 eum
3532 588 3623 658 qui
3653 588 3898 656 injuste’

2300 698 2480 738 nonne
2521 680 2668 737 hunc
2707 681 2963 736 miserum
2998 680 3136 737 dicis
3159 721 3176 748 ,
3204 680 3352 735 illum
3381 693 3511 734 vero
3545 680 3762 734 beatum
3787 685 3813 732 τ
3841 678 3895 733 in

2301 790 2406 847 quo
2430 789 2559 846 ergo
2580 773 2791 829 laeditur
2814 775 2974 828 homo
2995 788 3026 828 a
3042 785 3238 840 morte,
3269 774 3357 843 qui
3380 773 3606 828 multum
3633 772 3894 836 lucratur,

2301 869 2497 925 nedum
2519 867 2644 939 quid
2666 868 2845 922 damni
2871 867 3104 923 referat?
3127 867 3260 921 Nam
3283 868 3328 922 si
3357 883 3421 922 ex
3449 866 3740 922 immortali
3766 881 3890 919 mor-

2303 962 2462 1018 talem
2493 961 2730 1028 fecisset,
2747 961 2884 1017 forte
2899 962 3153 1017 damnum
3169 961 3342 1026 esset;
3368 962 3412 1016 si
3434 976 3564 1016 vero
3585 961 3894 1024 mortalem,

2302 1067 2356 1112 et
2379 1070 2444 1112 ex
2469 1065 2656 1110 natura
2677 1070 2772 1109 sua
2799 1055 2957 1125 paulo
2985 1063 3104 1124 post
3119 1055 3437 1108 moriturum
3472 1052 3757 1108 festinavit
3775 1069 3896 1110 eum

2302 1145 2470 1218 gloria
2498 1145 2768 1202 abducere
2793 1185 2809 1212 ,
2843 1145 2970 1216 quid
3002 1145 3128 1200 hinc
3153 1145 3367 1199 damni?
3390 1145 3470 1200 Sit
3500 1145 3658 1199 nobis
3687 1147 3902 1200 animus

2305 1250 2453 1295 recte
2499 1241 2848 1310 compositus,
2895 1248 2951 1295 et
3002 1241 3203 1294 nullum
3257 1239 3591 1294 extrinsecus
3642 1238 3898 1294 damnum

2304 1331 2576 1386 adveniet.
2630 1331 2737 1386 Sed
2787 1346 2894 1386 non
2919 1347 2980 1387 es
3025 1331 3078 1385 in
3103 1332 3273 1402 gloria
3297 1331 3322 1384 ‘l
3350 1330 3418 1385 Et
3445 1331 3573 1401 quid
3598 1333 3745 1388 hoc?
3770 1333 3898 1388 Nam

2307 1425 2448 1495 quod
2502 1423 2554 1478 in
2600 1409 2791 1493 opibus
2814 1465 2830 1489 ,
2864 1424 3094 1494 idipsum
3128 1427 3178 1480 in
3205 1425 3372 1494 gloria
3404 1434 3504 1480 est.
3535 1425 3591 1481 Si
3618 1427 3767 1481 enim
3796 1442 3905 1482 ma-

2305 1513 2532 1586 gnificus
2572 1513 2726 1570 fuero
2747 1556 2762 1579 ,
2807 1515 2956 1569 nullo
2993 1531 3129 1587 opus
3157 1515 3396 1580 habebo;
3425 1517 3508 1571 sin
3538 1533 3694 1572 vana:
3721 1519 3905 1589 gloria!

2307 1606 2534 1677 cupidus
2572 1648 2586 1672 ,
2643 1616 2846 1676 quanto
2897 1608 3046 1678 plura
3095 1591 3414 1677 consequar,
3466 1618 3616 1663 tanto
3661 1610 3908 1679 pluribus

2309 1701 2502 1770 egebo.
2550 1699 2700 1756 Tunc
2748 1716 2878 1756 vero
2919 1701 3256 1771 splendidior
3303 1717 3398 1757 ero
3441 1714 3494 1758 et
3534 1705 3733 1773 majori
3765 1705 3910 1760 fruar

2308 1796 2473 1865 gloria
2503 1837 2520 1862 ,
2549 1797 2594 1850 si
2622 1796 2850 1866 gloriam
2877 1808 3276 1867 contempsero.
3324 1797 3452 1852 Haec
3479 1813 3601 1853 cum
3633 1801 3909 1865 sciamus,

2309 1889 2535 1958 gratiam
2570 1889 2865 1945 habeamus
2892 1888 3109 1946 Christo
3139 1891 3250 1947 Deo
3277 1901 3486 1958 nostro,
3519 1894 3609 1962 qui
3640 1895 3807 1949 talem
3839 1896 3914 1946 ai—

2312 1991 2420 2036 tam
2463 1981 2617 2037 nobis
2647 1981 2870 2052 largitus
2897 1992 2979 2038 est
3000 2023 3014 2046 ,
3047 1992 3104 2039 et
3133 1983 3276 2038 illam
3303 1984 3563 2040 adeamus
3587 1985 3656 2040 ad
3683 1987 3912 2058 gloriam

2311 2074 2518 2144 ipsius:
2565 2076 2688 2146 quia
2732 2075 2902 2145 ipsum
2931 2075 3092 2132 decet
3126 2076 3297 2148 gloria
3346 2093 3467 2132 cum
3512 2077 3678 2136 Patre
3711 2081 3915 2148 princi-

2314 2168 2402 2236 pio
2432 2176 2650 2222 carente
2676 2209 2691 2235 ,
2723 2176 2779 2222 et
2802 2177 2992 2224 sancto
3017 2167 3218 2240 Spiritu
3245 2170 3361 2239 ejus
3385 2212 3401 2238 ,
3431 2170 3484 2226 in
3508 2171 3711 2227 saecula
3742 2188 3914 2229 saecu-

2313 2259 2507 2314 lorum.
2537 2262 2729 2315 Amen.

2321 2470 2344 2499 ε
2366 2453 2460 2505 sed
2499 2452 2670 2518 quid?
2703 2468 2769 2505 an
2800 2455 2934 2518 juste
2972 2457 3199 2512 voluisses
3221 2459 3290 2509 7»
3325 2469 3443 2512 Hac
3481 2463 3693 2516 sacrata}
3715 2475 3830 2516 sum
3852 2467 3920 2516 ad

2311 2516 2680 2588 uxorety‘pernba
2697 2556 2711 2574 ,
2737 2516 2978 2588 ut'fefert
3009 2521 3223 2588 (certius
3241 2562 3255 2580 ,
3281 2521 3329 2572 in
3374 2526 3493 2588 Vita,
3508 2526 3722 2588 socratis
3751 2542 3770 2576 :
3795 2538 3919 2579 Cum

2314 2591 2440 2651 timor
2471 2576 2782 2651 illigiceret,
2807 2576 2995 2651 Injuste
3027 2576 3268 2651 moreris;
3305 2593 3457 2651 fune,
3478 2576 3666 2651 inquit,
3668 2576 3821 2651 justi

2550 2640 2802 2715 llactenus
2842 2638 3105 2715 Douuaeus.
3132 2638 3401 2715 Xenophon
3417 2638 3580 2699 autem
3602 2638 3652 2715 iii
3668 2638 3920 2715 'Apologia

2315 2703 2617 2776 socratis_sic
2634 2703 2782 2774 habet
2805 2719 2818 2753 :
2850 2705 3060 2776 Quidam
3263 2703 3481 2776 adstans,
3717 2703 3916 2776 Ἀροίίο-

2317 2765 2578 2836 claruerit;
2602 2766 2813 2836 magia-te
2834 2765 3028 2836 sacrati
3039 2770 3267 2836 addictus
3285 2808 3299 2832 ,
3325 2779 3370 2822 et
3405 2765 3650 2836 singulari
3674 2765 3920 2836 prmdn‘ns

2314 2825 2635 2901 ίηθςῖηιίιρὲεε.
2665 2825 2837 2901 dicite
2863 2847 2884 2874 ι
2908 2831 3159 2901 etiam»
3178 2845 3221 2901 .ο
3259 2825 3604 2901 δὸςταιεεῖιιρσ
3785 2825 3921 2901 bre-

2316 2889 2482 2960 sertim
2506 2889 2697 2960 ridetur
2718 2889 3036 2960 intolerabile,
3060 2889 3188 2954 quod
3211 2901 3257 2945 te
3288 2889 3676 2960 pideaut'injuste
3700 2889 3919 2952 morien-

2317 2955 2696 3029 tea;_:1:§«:esr
2729 2959 2892 3029 αξεεηι
2924 2961 3169 3029 Socrates.
3187 2957 3464 3029 autem
3485 2955 3636 3022 carm
3661 2961 3922 3029 διαιιάίσηε

2316 3014 2621 3086 respondisse
2644 3026 2673 3086 ε,
2699 3031 2723 3086 ει
2751 3022 2876 3065 Tune
2888 3027 2975 3086 ,“o
2995 3014 3263 3086 carissime,
3286 3032 3365 3086 me
3395 3022 3529 3082 fuste
3547 3014 3707 3083 'qiwm
3740 3024 3925 3085 injuste

2318 3075 2606 3148 morientem
2629 3075 2796 3148 videre
2817 3075 2988 3148 malles
3017 3077 3042 3128 1’
3060 3097 3083 3126 ι
3124 3089 3178 3131 et
3200 3075 3332 3131 hunc
3354 3075 3514 3133 locum
3539 3075 3697 3148 magis
3723 3075 3920 3138 videtur

2322 3129 2690 3198 Cbrysostomus
2711 3138 3007 3201 signiﬁcare.

623 3255 3924 3288 —_————_————_—_—_———————_.

2004 3333 2356 3395 HOMILIA
2398 3333 2543 3394 XV.

622 3490 751 3547 Car.
792 3492 843 3546 6.
886 3506 940 3545 ν.
984 3490 1038 3545 8.
1082 3487 1374 3560 Stephanus
1403 3495 1571 3541 autem
1599 3486 1774 3555 plenus
1805 3483 1906 3552 ﬁde
1948 3491 1996 3535 et
2027 3480 2210 3534 virtute

693 3582 908 3654 faciebat
929 3580 1163 3651 prodigia
1186 3589 1234 3632 et
1263 3579 1409 3648 signa
1438 3594 1622 3648 magna
1655 3576 1707 3629 in
1737 3573 1946 3646 populo.

695 3676 748 3731 1.
780 3673 846 3729 In
871 3675 1190 3730 ordinatione
1220 3672 1446 3742 Spiritus
1475 3681 1680 3726 sanctus
1710 3669 1927 3722 accedit.
1953 3695 2026 3706 -
2051 3665 2209 3730 Vide,

625 3766 893 3838 quomodo
921 3769 1062 3821 inter
1087 3776 1295 3835 septem
1324 3763 1444 3819 illos
1467 3779 1604 3817 unus
1630 3761 1942 3831 praecellens
1959 3768 2121 3822 esset,
2150 3773 2213 3814 ac

629 3859 831 3929 primas
862 3867 1088 3913 teneret.
1116 3857 1230 3913 Etsi
1256 3857 1398 3910 enim
1428 3854 1696 3910 ordinatio
1719 3852 2021 3907 communis
2047 3860 2211 3917 esset,

629 3960 683 4004 at
717 3949 802 4003 hic
845 3948 1101 4018 majorem
1145 3949 1370 4017 gratiam
1409 3946 1645 3999 attraxit.
1694 3946 1864 3998 Antea
1910 3958 2038 3997 vero
2064 3943 2214 4012 signa

628 4058 735 4097 non
780 4041 1043 4103 faciebat,
1073 4041 1168 4096 sed
1218 4041 1304 4097 ubi
1348 4037 1665 4094 manifestus
1711 4034 1849 4101 fuit;
1878 4035 2214 4090 utostende-

629 4143 778 4189 retur
803 4150 908 4189 non
931 4133 1099 4189 solam
1131 4135 1355 4204 gratiam
1378 4131 1628 4186 suflicere
1647 4173 1662 4194 ,
1701 4129 1794 4184 sed
1825 4129 2213 4184 ordinationem

638 4228 871 4296 requiri,
903 4237 958 4282 ut
988 4226 1221 4294 Spiritus
1245 4225 1487 4281 accessio
1517 4223 1622 4280 ﬁat.
1654 4223 1807 4292 Quod
1835 4223 1879 4276 si
1907 4232 2061 4275 antea
2092 4220 2215 4290 Spi-

634 4319 738 4373 ritu
784 4319 920 4374 nieni
970 4329 1156 4384 erant,
1199 4327 1252 4371 at
1303 4318 1354 4371 id
1408 4333 1437 4370 a
1481 4317 1714 4372 lavacro.
1767 4313 1822 4370 9.
1875 4313 2218 4369 Snrrexerunt

633 4419 798 4463 autem
836 4411 1041 4480 quidam
1075 4410 1136 4463 de
1170 4425 1450 4480 synagoga.
1507 4406 2010 4463 Consurrectionem
2063 4413 2219 4460 vocat

633 4501 1102 4558 exacerbatiouem
1143 4513 1196 4557 et
1236 4503 1368 4556 iram
1414 4516 1619 4555 eorum.
1662 4501 1760 4556 ilic
1801 4500 1922 4555 vide
1970 4514 2218 4569 magnam

634 4594 1064 4658 multitudinem;
1101 4595 1210 4648 imo
1239 4593 1397 4647 aliam
1424 4593 1777 4647 accusationis
1803 4592 2051 4648 formam.
2085 4591 2216 4646 Nam

635 4695 915 4756 postquam
957 4685 1218 4739 Gamaliel
1260 4684 1375 4739 illos
1421 4684 1774 4748 cobibuerat,
1819 4699 1886 4737 ne
1932 4685 2028 4738 hac
2064 4683 2132 4736 dc
2163 4699 2219 4736 re

634 4779 960 4842 incusarent,
990 4778 1146 4831 aliam
1178 4776 1440 4831 inducunt
1467 4778 1887 4830 accusationem.
1914 4795 1933 4826 ‹
1959 4773 2220 4829 εμπ-τελε·-

633 4879 762 4924 runt
774 4881 971 4933 autem,
997 4871 1186 4938 inquit,
1211 4869 1424 4938 quidam
1444 4868 1511 4924 de
1533 4882 1823 4940 synagoga,
1851 4884 1969 4936 quze
1987 4869 2219 4935 appella-

639 4973 724 5016 tur
747 4961 1139 5015 Libertinorum
1159 4969 1213 5014 et
1228 4961 1610 5030 Cyrenensium
1632 4969 1685 5013 et
1704 4959 2216 5024 Alexandrinorum,

635 5065 691 5108 et
719 5070 899 5108 eorum
919 5053 1008 5124 qui
1028 5061 1179 5106 erant
1200 5067 1266 5106 ex
1285 5051 1467 5106 Cilicia
1491 5061 1546 5105 et
1568 5053 1708 5113 Asia,
1734 5051 2069 5119 diSputantcs
2097 5066 2218 5103 cum

635 5146 945 5214 Stephano;
982 5143 1068 5199 10.
1103 5152 1280 5197 etnon
1316 5152 1564 5211 poterant
1590 5143 1845 5195 resistere
1866 5143 2140 5209 sapientia:
2171 5151 2223 5195 et

638 5236 878 5306 Spiritui,
901 5235 992 5304 qni
1021 5235 1351 5303 loquebatur.
1373 5233 1456 5287 ll.
1480 5233 1629 5287 Tunc
1647 5233 2030 5286 summiserunt
2055 5232 2216 5297 viros,

640 5340 712 5398 qu
766 5327 1008 5382 dicerent
1056 5341 1116 5380 se
1156 5325 1422 5380 audivisse
1449 5341 1570 5379 eum
1609 5326 1878 5380 dicentem
1913 5324 2072 5378 verba
2105 5325 2221 5377 bla-

641 5420 894 5490 spbemize
924 5420 974 5474 in
1006 5418 1244 5490 Moysem
1270 5425 1324 5471 et
1361 5417 1413 5470 in
1459 5418 1645 5472 Deum.
1680 5435 1700 5469 ι
1733 5416 1801 5473 Ut
1827 5416 2221 5471 accusationem

642 5513 940 5578 instituant,
967 5512 1165 5569 Contra
1197 5512 1383 5576 Deum,
1409 5511 1672 5578 inquiunt,
1697 5521 1750 5566 et
1776 5523 1958 5566 contra
1986 5511 2221 5582 Moyscm

644 5606 896 5673 loquitur.
936 5604 1060 5658 ideo
1098 5614 1276 5657 autem
1317 5603 1681 5671 disputabant,
1711 5613 1768 5657 ut
1805 5613 2060 5672 cogerent
2098 5619 2221 5657 eum

649 5695 845 5764 aliquid
892 5694 1153 5763 proferre.
1202 5694 1294 5748 Ille
1338 5708 1463 5748 vero
1508 5695 1706 5749 clarius
1763 5695 2118 5764 loquebatur,
2171 5704 2224 5747 et

645 5783 778 5840 forte
806 5787 934 5856 ivgis
961 5787 1313 5841 cessationem
1338 5794 1539 5840 tantum
1563 5784 1808 5848 dicebat;
1843 5787 1924 5839 vel
1953 5803 2055 5840 non
2079 5787 2224 5841 dicc-

648 5877 736 5930 bat
765 5877 978 5948 quidem
1048 5877 1141 5933 sed
1173 5878 1491 5933 insinuabat.
1528 5877 1656 5931 Nam
1686 5879 1728 5932 si
1759 5878 1932 5949 palam
1960 5879 2180 5934 dixiseet
2205 5919 2220 5941 ,

2333 3499 2438 3538 non
2467 3499 2600 3555 opus
2642 3485 2831 3542 fuisset
2859 3489 3164 3544 subornatis
3194 3491 3322 3545 viris
3361 3507 3459 3546 nec
3481 3491 3628 3548 falsis
3664 3494 3917 3548 testibus.

2324 3576 2561 3632 Diversae.
2587 3589 2764 3634 autem
2787 3595 3074 3651 synagogce
3094 3592 3269 3648 erant,
3298 3582 3695 3638 Libertiuorum
3724 3598 3778 3640 et
3810 3587 3921 3657 Cy-

2321 3670 2655 3725 renensium.
2730 3661 2837 3726 Se‘d
2912 3675 3252 3745 Cyrenenses
3325 3679 3462 3731 ultra
3527 3678 3920 3734 Alexandriam

2320 3772 2480 3826 sunt,
2529 3765 2618 3832 qui
2646 3774 2700 3818 et
2743 3765 2852 3820 illic
2890 3781 2986 3836 per
3026 3779 3213 3837 gentes
3258 3784 3556 3840 synagogas
3603 3771 3920 3834 habebant;

2321 3867 2384 3907 ac
2424 3855 2559 3908 forte
2608 3854 2716 3909 illic
2759 3857 3091 3922 manebant,
3142 3874 3209 3912 ne
3234 3873 3376 3928 sa-pe
3400 3863 3633 3930 migrare
3659 3876 3927 3932 cogeren-

2326 3957 2455 4001 tur:
2507 3946 2765 4002 Libertini
2817 3961 3035 4011 autem,
3087 3951 3451 4007 Romanorum
3499 3954 3674 4009 liberti
3722 3969 3923 4020 erant,

2322 4047 2376 4091 et
2407 4038 2484 4091 sic
2508 4039 3030 4112 appellabantnr(a).
3057 4041 3124 4097 Ut
3154 4052 3330 4096 autem
3364 4044 3434 4097 ibi
3467 4045 3618 4098 multi
3647 4049 3924 4116 peregrini

2324 4133 2668 4198 habitabant,
2719 4135 2789 4189 ita
2833 4146 2888 4190 et
2934 4151 3231 4208 synagogas
3276 4138 3578 4203 habebant,
3633 4141 3686 4193 in
3725 4144 3928 4210 quibus

2323 4227 2605 4297 Oportebat
2624 4236 2680 4282 et
2704 4228 2963 4283 lectiones
2990 4239 3045 4283 et
3070 4231 3343 4286 orationes
3375 4232 3510 4286 ﬁeri.
3543 4233 3621 4286 Tu
3643 4250 3769 4288 vero
3789 4237 3928 4290 mibi

2325 4320 2628 4391 perpendas
2656 4322 2836 4387 velim,
2874 4322 3144 4392 quomodo
3171 4333 3226 4378 et
3251 4323 3337 4378 hic
3359 4334 3575 4379 coactus
3603 4326 3804 4381 docere
3833 4344 3930 4383 co-

2326 4424 2502 4480 netur,
2531 4423 2586 4469 et
2615 4414 2691 4469 illi
2722 4429 2935 4470 rursum
2963 4415 3033 4470 ob
3061 4417 3208 4485 signa
3238 4431 3344 4470 non
3376 4417 3537 4472 modo
3563 4418 3631 4472 ad
3659 4420 3927 4475 invidiam

2325 4508 2681 4574 concitentur,
2711 4507 2804 4562 sed
2829 4509 3012 4574 etiam,
3043 4509 3164 4576 quia
3191 4511 3354 4564 verbo
3375 4512 3682 4578 superabat,
3702 4521 3756 4566 et
3779 4514 3929 4567 into-

2329 4601 2563 4655 lerabilis
2590 4603 2718 4669 ipsis
2746 4611 2881 4666 erat,
2901 4599 3065 4654 falsos
3090 4610 3251 4656 testes
3277 4603 3622 4657 constituant.
3655 4603 3928 4661 Nolebant

2326 4694 2467 4746 enim
2498 4693 2643 4748 illum
2672 4695 2788 4747 sine
2811 4708 2968 4746 causa
2995 4692 3261 4755 occidere,
3295 4694 3388 4747 sed
3414 4710 3536 4747 cum
3570 4695 3847 4764 sulfragio,
3871 4709 3929 4752 ut

2327 4797 2379 4840 et
2405 4785 2600 4841 famam
2631 4787 2842 4840 illorum
2867 4785 3123 4842 laederent
3147 4803 3161 4847 ;
3187 4795 3240 4840 et
3267 4787 3371 4840 illis
3400 4788 3596 4843 reliCtis
3622 4789 3686 4843 ad
3712 4791 3813 4845 hns
3834 4807 3915 4848 ve-

2326 4883 2498 4947 niunt,
2525 4892 2579 4935 ut
2612 4882 2689 4935 sic
2721 4881 2838 4936 illos
2860 4882 3020 4937 etiam
3050 4882 3546 4950 perterrefacerent.
3578 4883 3686 4938 Nec
3713 4887 3928 4953 dicunt,

2328 4976 2618 5046 Loquitur;
2643 4975 2759 5038 sed,
2794 4975 2914 5029 Non
2936 4986 3096 5029 cessat
3124 4976 3278 5046 loqui,
3314 4987 3370 5030 ut
3395 4982 3791 5033 accusationem
3827 4999 3929 5035 au-

2330 5079 2506 5138 geant.
2543 5070 2629 5123 12.
2664 5089 2682 5122 ‹
2707 5069 3130 5123 Commovet-unt
3156 5079 3331 5124 autem
3361 5072 3600 5126 seniores
3621 5081 3674 5125 et
3694 5073 3928 5140 scribas,

2329 5173 2382 5216 et
2422 5173 2804 5218 concurrentes
2847 5172 3138 5232 rapuerunt
3186 5163 3359 5229 illum,
3401 5172 3455 5216 et
3500 5163 3840 5220 adduxerunt
3876 5170 3929 5220 in

2330 5256 2634 5319 Concilium,
2671 5255 2757 5307 l5.
2787 5266 2840 5308 et
2870 5262 3170 5309 statuerimt
3216 5255 3376 5308 falsos
3427 5264 3588 5309 testes
3610 5298 3625 5322 ,
3656 5259 3743 5326 qui
3772 5257 3928 5312 dice-

2331 5356 2448 5400 rent
2474 5365 2485 5400 :
2519 5346 2691 5401 Homo
2723 5346 2823 5400 iste
2847 5361 2950 5400 non
2983 5357 3158 5401 cessat
3187 5346 3329 5416 loqui
3363 5347 3522 5402 verba
3557 5349 3817 5404 adversus
3848 5351 3929 5404 lu-

2330 5455 2449 5495 cum
2472 5453 2713 5495 sanctnm
2736 5449 2791 5494 et
2808 5440 2999 5510 legem.
3015 5462 3034 5495 ι
3058 5442 3171 5496 Νοη
3187 5450 3382 5505 cessat,
3405 5442 3669 5511 inquiunt,
3692 5455 3744 5498 ut
3773 5445 3928 5498 illum

2335 5533 2386 5586 id
2411 5545 2697 5587 conantem
2735 5532 2989 5588 indicent.
3034 5537 3120 5590 Μ.
3156 5553 3174 5584 ι
3198 5535 3514 5588 Audivimus
3540 5537 3682 5589 enim
3714 5540 3939 5591 eunuli-

2330 5637 2557 5689 cenlem,
2579 5626 2838 5693 Quoniam
2861 5627 3014 5682 Jesus
3041 5625 3344 5680 Nazarenus
3370 5628 3454 5682 hic
3478 5628 3718 5682 destruet
3747 5631 3925 5684 locum

2333 5722 2490 5775 istum
2513 5763 2528 5786 ,
2555 5731 2607 5775 et
2633 5719 2855 5775 mutabit
2880 5721 3322 5786 consuetudines,
3354 5736 3487 5790 quas
3520 5721 3737 5776 tradidit
3773 5725 3928 5779 nobis

2395 5885 2468 5946 (τι)
2494 5883 2724 5934 Libertini
2751 5883 3049 5932 vocabantur
3083 5882 3113 5929 ii
3150 5882 3230 5944 qui
3268 5880 3553 5931 libertorum
3589 5879 3673 5928 filii
3702 5890 3860 5931 erant.
