4068 6478
157 346 254 402 119

163 480 259 550 μία
287 476 347 530 δέ
377 479 462 540 τίς
493 476 664 540 ἐστιν,
695 475 779 530 δτι
802 473 868 544 δὴ
904 473 962 527 '0
988 471 1192 542 τιμῶν,
1215 467 1410 524 ἐαυτὸν
1433 468 1586 538 τιμᾷ.
1623 468 1770 538 Ἀρα

155 562 248 614 καὶ
283 563 313 614 ὀ
348 558 611 632 ὑϐρίζων,
644 559 841 613 ἐαυτὸν
874 555 1110 627 ὑϐρίζει.

225 643 421 707 Οὐδεὶς
437 645 586 714 ἡμᾶς
608 641 865 712 ἀδικῆσαι
898 641 1211 711 δυνήσεται,
1241 637 1404 692 πάλιν
1422 637 1554 709 ἐρῶ,
1575 635 1672 688 ἐὰν
1694 633 1770 705 μὴ

151 730 312 798 ἡμεῖς
332 727 583 792 ἐαυτούς·
608 724 732 779 οὕτε
770 725 984 792 πένητά
1027 725 1096 795 μέ
1125 721 1279 796 [HS]
1314 739 1400 788 τις
1441 722 1766 792 ἐργάσεται,

152 811 248 864 ἐὰν
283 811 360 881 μὴ
396 809 510 878 ἐγὼ
538 808 804 879 ἐμαυτόν.
836 807 976 879 Φέρε
1010 807 1145 878 γὰρ,
1199 804 1348 858 οὕτω
1407 801 1764 873 σκεψώμεθα·

155 896 340 948 Ἔστω
369 912 460 964 μοι
489 893 638 964 ψυχὴ
665 893 920 963 πενιχρὰ,
954 893 1048 945 καὶ
1079 891 1282 953 πάντες
1308 888 1658 942 κενούτωσαν
1687 886 1769 949 είς

150 978 250 1046 ἐμὲ
272 977 344 1030 τὰ
374 978 661 1047 χρήματαο
699 975 753 1030 τί
773 975 973 1040 τοῦτο;
1002 975 1153 1035 Ἕως
1181 972 1248 1026 ἂν
1276 972 1463 1041 ἐκείνη
1497 969 1572 1040 μὴ
1595 985 1766 1038 μετα-

151 1061 410 1130 ϐάληται,
448 1060 630 1113 πάντα
658 1061 857 1130 μάτην.
896 1058 1080 1110 Ἔστω
1108 1073 1200 1126 μοι
1230 1055 1379 1125 ψυχὴ
1407 1053 1641 1123 μεγάλη,
1672 1050 1769 1104 καὶ

150 1144 355 1207 πάντες
388 1141 824 1213 λαμϐανέτωσαν
849 1138 921 1192 τὰ
949 1140 1234 1209 χρήματα’
1264 1137 1319 1190 τί
1368 1136 1567 1200 τοῦτο;
1618 1134 1767 1197 Ἕως

149 1226 214 1279 ἂν
275 1226 502 1294 ἐκείνην
566 1225 641 1294 μὴ
685 1223 923 1293 ποιήσῃς
986 1221 1289 1291 πενιχράν,
1336 1218 1493 1272 οὐδὲν
1543 1217 1760 1287 βλάϐος.

155 1310 340 1362 Ἔστω
399 1325 491 1378 μοι
542 1307 658 1378 βίος
708 1305 1047 1375 ἀκάθαρτος,
1099 1305 1196 1358 καὶ
1249 1303 1455 1367 πάντες
1506 1301 1768 1355 τάναντία

150 1392 466 1459 λεγέτωσαν
501 1391 630 1461 περὶ
656 1387 815 1460 ἐμοῦ·
845 1387 900 1441 τί
927 1386 1124 1452 τοῦτο;
1175 1386 1298 1439 Κᾶν
1346 1387 1462 1453 γὰρ
1503 1383 1763 1453 λέγωσιν,

149 1475 266 1528 ἀλλ’
299 1475 425 1544 ούχὶ
475 1474 570 1527 καὶ
613 1474 672 1524 ἐν
725 1471 940 1541 διανοίᾳ
973 1469 1151 1524 ταῦτα
1199 1468 1554 1539 ψηφίζονται.
1594 1466 1768 1521 Πάλιν

151 1559 296 1611 ἐστω
324 1575 416 1629 μοι
439 1557 555 1628 βίος
583 1555 852 1628 καθαρὸς.
896 1553 992 1608 καὶ
1021 1553 1225 1616 πάντες
1244 1551 1507 1607 τάναντία
1529 1553 1768 1622 λεγέτω.

153 1659 272 1695 σαν·
309 1641 407 1695 καὶ
452 1641 506 1694 τί
559 1640 750 1705 τοῦτυ;
795 1640 890 1692 Ἐν
938 1637 1050 1708 γάρ
1093 1635 1173 1707 τῷ
1233 1635 1504 1690 συνειδότι
1553 1635 1766 1690 ἑαυτῶν

150 1724 627 1794 καταγνώσονταιο
689 1725 750 1778 οὐ
807 1723 918 1794 γάρ
950 1722 1016 1794 δὴ
1079 1720 1442 1793 πεπεισμένοι
1487 1720 1761 1790 λέγουσιν.

152 1811 369 1882 Ὠσπερ
392 1811 502 1882 γὰρ
531 1808 630 1872 τὰς
666 1807 944 1878 εὐφημίας
972 1807 1032 1860 ού
1062 1805 1150 1860 δεῖ
1188 1805 1563 1878 προσίεσθαι·,
1587 1803 1766 1868 οὕτως

148 1894 273 1948 ούδέ
317 1893 420 1957 τὰς
453 1893 815 1964 κατηγορίας.
867 1890 980 1945 Καὶ
1035 1890 1089 1943 τί
1125 1889 1270 1958 λέγω
1306 1889 1520 1954 ταῦτα;
1571 1888 1767 1951 Οὐδεὶς

151 1979 286 2048 ἡμῖν
324 1975 716 2032 ἐπιϐουλεῦσαί
773 1990 907 2029 ποτε
935 1974 1250 2044 δυνήσεται,
1304 1972 1427 2026 ούδέ
1456 1970 1768 2043 κατηγορίᾳ

147 2060 259 2114 τινὶ
315 2059 662 2131 περιϐαλεῖν,
725 2058 823 2112 ἐὰν
865 2056 1210 2127 βουλώμεθα.
1266 2055 1500 2124 Ἴδωμεν
1547 2053 1608 2108 δέ
1669 2054 1767 2108 καὶ

147 2143 348 2206 οὕτως’
391 2143 632 2196 Ἐλκέτω
660 2159 745 2206 τις
777 2142 857 2204 είς
886 2139 1265 2209 δικαστήριον,
1323 2136 1759 2206 συκοφαντείτω,

148 2229 198 2281 εί
224 2225 430 2298 βούλει,
462 2224 558 2279 καὶ
602 2224 703 2295 τὴν
759 2221 939 2294 ψυχὴν
983 2221 1291 2292 ἐκφερέτω
1348 2221 1446 2276 καὶ
1473 2220 1524 2274 τί
1576 2220 1760 2286 τοῦτο,

149 2311 288 2381 πρὸς
322 2308 519 2380 μικρὸν
569 2306 700 2379 παρ’
733 2307 891 2370 ἀξίαν
949 2305 1126 2360 ταῦτα
1156 2304 1390 2371 παθεῖν;
1439 2302 1616 2357 Τοῦτο
1662 2303 1762 2374 μὲν

147 2390 243 2448 οὖν
275 2393 412 2446 αὐτὸ
465 2391 658 2455 κακὸν,
709 2389 902 2460 φησίν.
959 2387 1106 2442 Αύτδ
1159 2388 1260 2459 μὲν
1308 2383 1403 2441 οὖν
1457 2385 1621 2440 τοῦτο
1656 2403 1761 2440 κα-

147 2477 241 2530 λὸν
271 2489 298 2517 ι
325 2476 386 2529 τὸ
410 2475 488 2546 μὴ
513 2473 637 2528 κατ’
684 2473 844 2540 ἀξίαν
879 2473 1098 2526 παθεῖν.
1147 2470 1315 2524 Ἀλλά
1343 2470 1396 2523 τί
1417 2489 1432 2537 ;
1457 2469 1580 2524 κατ’
1604 2469 1767 2536 ἀξίαν

148 2563 293 2628 Eat;
327 2563 484 2616 Εῖπω
513 2578 568 2615 τι
599 2560 786 2614 πάλιν*
815 2559 1114 2628 Φιλόσοφός
1149 2575 1234 2621 τις
1255 2558 1367 2614 τῶν
1391 2556 1594 2623 ἔξωθεν
1626 2557 1652 2598 b
1691 2557 1767 2622 ὡς

148 2647 408 2715 ἦκουσεν,
455 2645 540 2697 δτι
578 2645 608 2696 δ
633 2642 782 2696 δεῖνα
818 2641 1083 2702 ἀπέθανε,
1143 2640 1238 2693 καί
1269 2656 1355 2704 τις
1420 2636 1576 2693 εἶπεν
1611 2639 1766 2712 αύτῷ

148 2728 258 2782 τῶν
288 2726 572 2799 μαθητῶν
629 2726 812 2797 Οῖμοι,
851 2725 935 2779 ὅτι
977 2723 1202 2789 ἀδίκως·
1235 2724 1445 2788 ἐκεῖνος
1498 2725 1770 2796 ἐπιστραο

211 2837 230 2860 ⁸
264 2837 440 2887 Morel.
477 2849 590 2886 cum
638 2848 737 2885 uno
768 2835 876 2884 cod.
903 2834 1074 2883 κακόν.
1161 2831 1190 2871 δ
1222 2833 1328 2882 Hoc
1377 2833 1610 2882 Socrates
1648 2833 1771 2882 dicit

148 2900 280 2960 apud
309 2900 588 2960 Diogenem
615 2895 886 2957 Laeruum,
911 2895 1181 2958 simileque
1221 2895 1382 2944 refert.
1415 2894 1689 2958 Xenophon
1716 2897 1767 2944 in

147 2958 393 3025 Apologia
411 2958 656 3011 Socratis.

1123 354 1192 410 IN
1231 353 1418 410 ACTA
1458 347 2005 407 APOSTOLORUM.
2044 348 2283 405 HOMIL.
2329 347 2442 403 XV.

3395 307 3500 406 τεο

1877 465 2210 535 φεὶς,Ἀλλά
2237 465 2313 532 τί,
2347 465 2478 535 ἔφη,
2509 461 2737 526 δικαίως
2773 461 2968 533 ἤθελες
2995 472 3018 501 ο
3045 477 3060 527 ;
3093 461 3204 516 Καὶ
3241 463 3504 536 Ἰωάννης

1869 550 1929 604 δὲ
1962 549 2084 619 οὐχὶ
2119 549 2325 611 ἀδίκως
2354 547 2632 612 ἀπέθανες
2663 546 2800 600 Τίνα
2830 542 2928 601 οὖν
2957 546 3165 616 μᾶλλον
3188 545 3384 611 ἐλεεῖς,
3408 550 3502 602 τὴν

1870 633 2100 695 δικαίως
2131 631 2506 692 ἀποθανόντα.
2533 631 2568 700 ἢ
2595 629 2689 684 τὸν
2741 630 2842 700 οὺχ
2877 628 3092 696 οῦτως;
3124 629 3249 701 οὐχὶ
3302 629 3501 685 τοῦτον

1875 715 1977 786 μὲν
2009 713 2342 779 ταλανίζεις,
2395 715 2607 769 ἐκεῖνον
2657 712 2717 767 δέ
2779 713 2877 767 καὶ
2909 711 3252 784 θαυμάζεις;
3308 714 3375 768 Τί
3404 711 3501 768 οὖν

1869 799 2124 869 ἠδίκηται
2165 797 2458 870 ἄνθρωπος
2499 799 2596 852 καὶ
2627 798 2724 852 ἀπ’
2760 796 2931 851 αὑτοῦ
2962 797 3058 850 τοῦ
3093 798 3329 852 θανάτου
3371 815 3502 867 κερ-

1867 883 2036 946 δάνας
2067 882 2304 952 μεγάλα,
2332 883 2394 936 ού
2434 883 2597 954 μόνον
2635 882 2792 936 οὐδὲν
2823 881 3087 952 βλαϐείςς
3156 882 3221 934 Εί
3258 882 3360 952 μέν
3390 883 3503 952 γάρ

1868 964 2142 1019 ἀθάνατον
2169 965 2302 1020 ὄντα
2333 965 2530 1036 θνητὸν
2571 965 2771 1030 ἐποίει,
2812 966 2946 1029 ῖσως
3004 964 3074 1018 ἂν
3104 963 3282 1035 βλάϐη
3319 960 3411 1038 ἦν·
3448 967 3501 1019 εί

1867 1047 1926 1100 δὲ
1949 1048 2146 1117 θνητὸν
2180 1047 2334 1113 ὄντα,
2363 1049 2462 1102 καὶ
2511 1048 2624 1102 ἀπὸ
2650 1049 2750 1120 τῆς
2781 1047 3004 1118 φύσεως
3037 1048 3237 1116 μικρὸν
3271 1046 3502 1119 ὕστερον

1867 1130 1962 1184 τὸν
2018 1130 2252 1186 θάνατον
2301 1130 2624 1202 ἐκδέχεσθαι
2673 1130 2968 1201 μέλλοντα,
3022 1131 3296 1186 ἔσπευσεν
3341 1127 3501 1195 οὗτος

1873 1213 2014 1286 μετά
2068 1215 2231 1286 δόξης
2283 1214 2480 1268 τοῦτον
2537 1216 2869 1283 ἐπαγαγεῖν,
2923 1215 2977 1268 τί
3033 1215 3274 1284 βλάϐος;
3315 1217 3502 1269 Ἔστω

1867 1305 2004 1375 ἡμῖν
2031 1306 2064 1375 ἡ
2093 1303 2244 1375 ψυχὴ
2277 1302 2661 1376 ρυθμιζομένη
2705 1303 2914 1368 καλῶς,
2966 1305 3065 1358 καὶ
3096 1304 3297 1375 βλάϐος
3343 1304 3503 1358 οὐδὲν

1867 1388 2026 1440 ἐσται
2061 1386 2286 1452 ἔξωθεν.
2339 1387 2484 1440 Ἀλλ’
2508 1389 2612 1442 οὐκ
2669 1383 2723 1441 εῖ
2762 1389 2822 1442 ἐν
2857 1386 3020 1461 δόξῃς
3068 1389 3184 1441 Καὶ
3213 1389 3270 1442 τί
3299 1387 3498 1447 τοῦτο;

1869 1472 2052 1544 Ὅπερ
2077 1472 2190 1544 γάρ
2224 1472 2318 1525 ἐπὶ
2374 1472 2487 1525 τῶν
2516 1471 2826 1543 χρημάτων
2857 1472 3002 1534 ἐστὶ,
3037 1471 3202 1526 τοῦτο
3255 1473 3354 1526 καὶ
3406 1473 3501 1528 ἐπὶ

1867 1556 1968 1625 τῆς
2032 1554 2216 1624 δόξης.
2257 1556 2358 1610 Ἂν
2381 1554 2491 1628 γὰρ
2525 1550 2571 1610 ὢ
2628 1556 3088 1628 μεγαλοπρεπὴς,
3116 1557 3179 1610 οὐ
3230 1557 3502 1630 δεήσομαι

1866 1640 2105 1704 οὐδενός⁹
2143 1639 2210 1694 ἂν
2239 1639 2295 1693 δέ
2323 1637 2631 1712 κενόδοξος,
2662 1638 2777 1710 ὅσῳ
2835 1639 2904 1694 ἂν
2936 1639 3208 1712 ἐπιτύχω,
3256 1640 3503 1709 τοσούτῳ

1873 1724 2125 1796 μείζονος
2149 1723 2442 1794 δεήσομαι.
2487 1723 2625 1778 Τότε
2665 1723 2725 1777 δὲ
2760 1724 3004 1794 μάλιστα
3054 1723 3317 1797 λαμπρὸς
3373 1724 3498 1779 ἐσο-

1871 1826 1996 1878 μαι,
2036 1807 2133 1860 καὶ
2167 1807 2420 1878 μείζονος
2464 1806 2858 1880 ἀπολαύσομαι
2902 1808 3089 1880 δόξης,
3131 1809 3180 1861 εί
3211 1825 3498 1880 καταφρο-

1868 1892 2021 1960 νήσω
2048 1889 2232 1959 δόξης.
2268 1889 2460 1945 Ταῦτα
2510 1887 2607 1945 οὖν
2641 1891 2872 1955 ειδότες,
2927 1893 3024 1946 καὶ
3059 1892 3223 1964 χάριν
3282 1893 3500 1963 ἔχωμεν

1867 1973 1947 2044 τῷ
1969 1973 2231 2044 τοιαύτην
2257 1975 2391 2045 ἡμῖν
2418 1974 2786 2047 χαρισαμένῳ
2816 1974 2968 2047 ζωὴν
3003 1975 3231 2047 Χριστῷ
3266 1975 3347 2046 τῷ
3376 1976 3500 2046 Θεῷ

1869 2057 2051 2128 ἡμῶν,
2089 2058 2185 2111 καὶ
2235 2058 2518 2128 μετίωμεν
2548 2057 2723 2129 αὐτὴν
2756 2059 2838 2121 είς
2866 2057 3030 2123 δόξαν
3062 2057 3254 2125 αὑτοῦ,
3277 2059 3362 2112 ὅτι
3396 2059 3499 2112 αύ-

1869 2141 1949 2211 τῷ
1978 2140 2181 2211 πρέπει
2232 2142 2266 2213 ἡ
2316 2141 2445 2208 δόξα
2482 2143 2580 2196 σὺν
2627 2141 2709 2212 τῷ
2759 2142 2988 2214 ἀνάρχῳ
3039 2143 3220 2214 Πατρὶ
3272 2142 3368 2196 καὶ
3421 2141 3502 2211 τῷ

1869 2225 2012 2296 ἀγίῳ
2039 2225 2208 2279 αὑτοῦ
2233 2227 2544 2298 Πνεύματι,
2580 2227 2662 2291 είς
2693 2226 2827 2292 τοὺς
2861 2226 3070 2291 αίῶνας
3119 2227 3231 2282 τῶν
3258 2225 3497 2282 αἰώνων.

1883 2309 2080 2380 Ἀμήν.

1942 2467 1966 2496 ε
1991 2465 2246 2516 Dounams
2268 2481 2285 2528 _:
2313 2466 2436 2518 Hazc
2458 2464 2683 2520 Socratis
2703 2472 2816 2518 sum
2840 2467 2908 2516 ad
2937 2480 3147 2519 uxorem
3188 2466 3338 2520 verba
3359 2479 3378 2518 :
3402 2471 3501 2528 Τῆς

1876 2528 2106 2593 γυναικός
2141 2526 2392 2593 εἶπούσης,
2430 2528 2638 2593 Ἀδίκως
2687 2530 3036 2593 ἀποθνήσκεις,
3070 2531 3134 2578 Σὺ
3173 2532 3244 2589 δέ,
3287 2531 3397 2593 ἔφη,
3424 2526 3502 2580 δι-

1877 2589 2622 2656 κ-αίῳςιέϐούλρυλΧεῃοριιοη
2665 2599 2836 2656 quem
2889 2594 2941 2640 in
2985 2592 3232 2656 Apologia
3275 2589 3503 2656 Socretis

1874 2649 1949 2699 sic
1973 2649 2126 2720 [labet
2147 2670 2158 2698 :
2184 2652 2368 2720 _Ila9¢_b_v
2389 2649 2542 2720 δὲλίξις
2574 2649 3285 2720 ξᾼπολλόδωρεςηέπιθυμῆτῂς
3420 2655 3501 2703 ἱσ-

1874 2713 2033 2794 γξυρῑῷς
2063 2713 2232 2794 αὐτοῦ,
2269 2713 2430 2794 ἄλλως
2450 2715 2504 2762 δὲ
2544 2715 2732 2787 εύήθης,
2760 2713 2892 2794 εἶπεν
2914 2713 3500 2794 ’-Ἃλλςιέοῦτςέγωγεο

1875 2775 1917 2821 ὦ
1951 2775 2220 2836 Σώκρατες.
2278 2776 2572 2824 αλεπωτατα
2591 2779 2740 2840 φέρω,
2764 2777 2839 2825 ὅτι
2867 2778 2968 2840 ὁρῶ
2993 2794 3052 2826 σε
3083 2777 3264 2835 ἀδίκως
3286 2775 3499 2837 ἀποθνῆὲ

1876 2835 2218 2906 σκονταςϋτὸχ
2243 2790 2298 2885 ἒέ
2323 2837 2527 2906 ’λέγεται
2555 2840 2914 2906 καταψήσαντα
2949 2837 3216 2906 αύτρῦ-τὴν
3260 2843 3496 2906 κεφαλήν,

1878 2897 2026 2972 εἰπεῖν
2042 2898 2128 2944 ’Σὺ
2174 2897 2228 2945 δέ
2251 2932 2264 2954 ,
2316 2898 2358 2946 ὦ
2404 2898 2628 3010 ﬁla“,
2669 2897 2852 2960 μᾶλλον
2891 2902 2950 2948 ἂν
2997 2901 3200 2950 ἐϐούλου
3261 2897 3339 2965 με’
3379 2904 3501 2968 όρᾷν

1877 2958 2076 3009 δικαιωε
2099 2960 2129 3017 ἢ
2156 2959 2335 3016 ἀδίκως
2356 2976 2410 3009 τι
2465 2963 2683 3017 υτῶντα;

1909 2975 2076 3009 ικαιως
2099 2975 2129 3017 η
2156 2975 2335 3016 αοικως
2356 2975 2683 3023 τιλευτωντας

3275 3163 3450 3179 υ*

1634 3329 1882 3386 ΟΜΙΛΙΛ
1923 3331 2028 3389 ΙΕ’.

151 3492 309 3568 [119]
343 3492 651 3568 Στέφανος
665 3492 733 3547 δὲ
752 3493 996 3568 πλήρης
1029 3495 1292 3568 πίστεως
1326 3495 1426 3550 καὶ
1455 3495 1770 3568 δυνάμεως

218 3565 413 3621 ἐποίει
437 3565 655 3634 τέρατα
685 3567 785 3619 καὶ
816 3566 1038 3635 σημεῖα
1057 3567 1296 3636 μεγάλα
1328 3567 1399 3620 ἐν
1425 3566 1507 3634 τῷ
1545 3565 1693 3634 λαῷ.

221 3680 466 3751 α⁹.”ορα,
482 3676 601 3741 πῶς
623 3678 716 3729 καὶ
736 3677 794 3730 ἐν
812 3678 922 3740 τοῖς
935 3678 1077 3730 ἐπτά
1093 3673 1160 3747 ἦν
1178 3696 1262 3742 τις
1279 3678 1576 3752 πρόκριτος
1595 3679 1690 3733 καὶ
1701 3678 1771 3732 τὰ

154 3766 406 3836 πρωτεῖα
445 3758 612 3832 εῖχεν.
649 3761 712 3813 El
751 3761 862 3832 γάρ
896 3761 993 3814 καὶ
1023 3763 1057 3831 ἡ
1087 3763 1398 3832 χειροτονία
1437 3762 1614 3833 κοινὴ.
1650 3762 1769 3816 ἀλλ’

151 3849 306 3916 ὅμως
334 3838 495 3907 οὖτος
526 3843 881 3898 ἐπεσπάσατο
918 3845 1082 3915 χάριν
1131 3845 1383 3901 πλείονα.
1425 3846 1541 3916 Πρὸ
1576 3845 1768 3899 τούτου

151 3931 210 3983 δὲ
240 3931 343 3983 οὐκ
407 3927 583 3980 ἐποίει
630 3929 856 3997 σημεῖα,
887 3927 1004 3980 ἀλλ’
1054 3927 1145 3980 ὅτε
1182 3927 1341 3998 δῆλος
1389 3927 1642 3996 γέγονεν,
1682 3929 1770 3982 ἵνα

152 4014 367 4083 δειχθῇ,
395 4012 478 4065 ὅτι
505 4012 606 4064 οὑκ
626 4011 788 4082 ἀρκεῖ
813 4011 952 4081 μόνη
976 4013 1008 4082 ἠ
1034 4011 1215 4082 χάρις,
1269 4011 1410 4065 ἀλλά
1436 4011 1518 4064 δεῖ
1547 4013 1644 4066 καὶ
1667 4012 1770 4082 τῆς

153 4095 516 4169 χειροτονίας
549 4093 691 4147 ὥστε
732 4094 1022 4164 προσθήκη
1055 4091 1378 4164 Πνεύματος
1426 4095 1670 4162 ἐγένετο.
1708 4097 1770 4150 Εἰ

151 4182 212 4235 δέ
245 4181 343 4232 καὶ
383 4177 491 4249 πρὸ
536 4175 731 4230 τούτου
769 4177 1003 4249 πλήρεις
1051 4177 1374 4248 Πνεύματος
1406 4174 1570 4250 ἦσαν,
1632 4181 1771 4235 ἀλλά

154 4265 252 4318 τοῦ
291 4263 400 4315 ἀπὸ
422 4261 518 4314 τοῦ
554 4259 804 4331 λουτροῦ.
860 4257 1234 4327 Ἀνέστησαν
1259 4257 1328 4314 δέ
1357 4278 1520 4327 τινες
1557 4263 1678 4318 τῶν
1704 4265 1773 4318 ἐκ

153 4345 269 4414 τῆς
298 4339 678 4412 συναγωγῆς.
711 4341 882 4396 Πάλιν
930 4342 1231 4396 ἀνάστασιν
1281 4343 1374 4396 τὸν
1418 4346 1772 4417 παροξυσμὸν

155 4429 342 4482 αὐτῶν
361 4427 513 4495 λέγει
534 4426 629 4479 καὶ
650 4424 748 4495 τὴν
769 4425 962 4496 ὀργήν.
1001 4425 1145 4496 Ὅρα
1171 4428 1265 4480 καί
1288 4426 1527 4482 ἐνταῦθα
1553 4428 1689 4484 πολὺ
1711 4430 1773 4483 τὸ

153 4510 386 4580 πλῆθοςο
412 4508 612 4579 μᾶλλον
643 4507 699 4560 δὲ
728 4508 842 4572 πῶς
862 4508 951 4560 ἐτε
961 4524 1052 4578 ρον
1074 4510 1173 4578 τῆς
1193 4510 1534 4581 κατηγορίας
1555 4512 1616 4565 τὸ
1641 4513 1774 4584 σχῆ-

157 4611 258 4663 μα.
309 4591 530 4660 Ἐπειδὴ
557 4591 668 4659 γὰρ
692 4590 969 4644 ἐκώλυσεν
1001 4591 1200 4655 αὐτοὺς
1230 4593 1581 4664 Γαμαλιῆλος
1605 4595 1772 4666 μηδὲν

150 4674 306 4745 ’ὺπέρ
325 4673 533 4726 ἐκείνου
555 4671 831 4739 ἐγκαλεῖν,
852 4673 1048 4742 ἑτέραν
1065 4677 1405 4745 κατηγορίαν
1427 4676 1767 4745 εἰσάγουσιν.

170 4759 556 4826 Ἀνέστησαν
587 4757 655 4812 δέ
686 4775 865 4824 τινες.
904 4760 1063 4828 φησὶ,
1093 4759 1213 4812 τῶν
1247 4760 1315 4812 ἐκ
1346 4759 1458 4827 τῆς
1492 4775 1770 4831 συναγω-

157 4844 275 4916 γῆς
300 4841 414 4910 τῆς
439 4842 770 4910 λεγομένης
820 4849 846 4888 d
880 4843 1243 4910 Λιϐερτίνων
1281 4843 1380 4896 καὶ
1412 4844 1772 4913 Κυρηναίων

158 4928 263 4982 καί
321 4925 786 4994 Ἀλεξανδρέων,
843 4927 945 4979 καὶ
1003 4925 1124 4979 τῶν
1167 4925 1287 4979 ἀπὸ
1339 4928 1613 4992 Κιλικίας
1669 4930 1770 4983 καὶ

172 5011 406 5076 Ἀσίας,
432 5006 831 5073 συζητοῦντες
852 5007 932 5072 τῷ
958 5010 1261 5077 Στεφάνῳ·
1288 5010 1387 5063 καὶ
1412 5012 1524 5063 οὐκ
1548 5010 1774 5079 ἴσχυον

159 5091 524 5160 ἀντιστῆναι
555 5091 628 5158 τῇ
653 5092 842 5158 σοφίᾳ
872 5089 1075 5156 καὶτῷ
1109 5093 1433 5160 Πνεύματι,
1464 5086 1513 5159 ᾦ
1541 5093 1768 5150 ἐλάλει.

168 5179 310 5234 Τότε
337 5176 646 5231 ὑπέϐαλον
674 5174 902 5243 ἄνδρας
923 5176 1240 5244 λέγοντας,
1274 5178 1363 5230 ὅτι
1398 5179 1775 5249 Ἀκηκόαμεν

161 5261 358 5317 αὑτοῦ
389 5259 733 5324 λαλοῦντος
764 5257 1009 5326 ῥήματα
1054 5259 1406 5329 βλάσφημα
1429 5265 1517 5326 είς
1542 5263 1777 5331 Μωσῆν

162 5345 265 5399 καὶ
291 5343 398 5396 τὸν
427 5344 595 5405 Θεόν,
626 5344 743 5393 Ἵνα
766 5342 866 5412 τὴν
889 5343 1227 5414 κατηγορίαν
1254 5345 1591 5411 συστήσωσι,
1620 5348 1779 5402 Κατά

163 5426 259 5481 τοῦ
310 5424 468 5478 Θεοῦ.
506 5426 661 5493 φησὶ,
697 5426 793 5478 καὶ
823 5426 966 5478 κατά
993 5427 1242 5489 Μωσέως
1273 5427 1445 5483 λαλεῖ.
1484 5429 1584 5481 Διά
1620 5431 1778 5484 τοῦτο

164 5511 261 5562 καὶ
301 5504 654 5575 συνεζήτουν,
675 5507 761 5560 ἵνα
785 5509 1174 5580 ἀναγκάσωσιν
1199 5511 1364 5563 αὐτόν
1393 5528 1444 5563 τι
1482 5514 1679 5566 εἰπεῖν.
1716 5514 1777 5567 '0

164 5593 224 5645 δὲ
285 5589 626 5659 γυμνότερον
664 5589 852 5642 λοιπὸν
902 5591 1198 5658 διελέγετο,
1260 5594 1357 5646 καὶ
1399 5595 1499 5664 τὴν
1563 5595 1777 5649 παῦλαν

169 5677 304 5734 ἴσως
327 5672 474 5738 ἔλεγε
503 5673 596 5725 τοῦ
624 5673 790 5743 νόμου
817 5675 998 5742 μόνον·
1025 5676 1056 5745 ἢ
1081 5677 1180 5729 οὑκ
1202 5676 1353 5742 ἔλεγε
1383 5680 1504 5747 μὲν,
1529 5679 1777 5749 ᾐνίττετο

169 5755 231 5809 δέ
285 5756 412 5808 ἐπεὶ
450 5752 496 5804 εἰ
528 5755 680 5822 ἔλεξέ
739 5756 1012 5826 φανερῶς,
1045 5760 1148 5811 οὐκ
1177 5759 1286 5812 ἔδει
1313 5760 1422 5812 τῶν
1454 5761 1778 5832 ὺποϐλητῶν

174 5835 391 5907 ἀνδρῶν
415 5833 535 5888 οὐδὲ
565 5834 676 5889 τῶν
701 5836 1188 5909 ψευδομαρτύρων.
1214 5841 1472 5913 Διάφοροι
1494 5842 1549 5895 δὲ
1579 5845 1636 5896 αἱ
1655 5861 1778 5898 συν-

240 5989 266 6030 d
295 5989 392 6038 Alii
425 5991 705 6045 συναγωγῆς
739 5986 834 6032 τῶν
866 5985 1154 6048 λεγομένων,

457 6076 733 6135 Ριιτιιοι..
793 6076 835 6135 G
851 6095 908 6134 ιι.
963 6078 1073 6137 LX

1873 3499 2090 3568 ἀγωγαὶ
2113 3492 2256 3571 ἦσαν
2286 3497 2627 3570 Λιϐερτίνων
2655 3494 2754 3552 καὶ
2796 3497 3152 3570 Κυρηναίων.
3193 3497 3356 3554 Ἀλλά
3383 3502 3494 3556 Κυ-

1877 3586 2088 3654 ρηναῖοι
2123 3584 2222 3653 μὲν
2249 3583 2299 3635 οἱ
2323 3581 2588 3636 ἐπέκεινα
2649 3581 3068 3652 Ἀλεξανδρείας
3097 3580 3267 3647 είσὶν,
3300 3583 3352 3638 οἶ
3396 3587 3496 3639 καὶ

1872 3669 1992 3720 ἐκεῖ
2020 3668 2161 3721 κατὰ
2181 3667 2251 3720 τά
2287 3667 2415 3739 ἔθνη
2446 3663 2596 3738 εῖχον
2629 3669 2981 3736 συναγωγάς·
3015 3665 3149 3731 ῖσως
3180 3668 3238 3722 δὲ
3263 3672 3362 3723 καὶ
3379 3671 3501 3725 ἐκεῖ

1873 3753 2087 3823 ἔμενον,
2150 3754 2236 3806 ἵνα
2275 3752 2352 3824 μὴ
2392 3751 2821 3820 ἀναγκάζωνται
2875 3751 3121 3822 συνεχῶς
3166 3754 3496 3825 ἀποδημεῖν.

1874 3836 2186 3908 Λιϐερτϊνοι
2239 3836 2297 3888 δέ
2349 3836 2400 3889 οί
2440 3835 2737 3906 Ῥωμαίων
2789 3835 3156 3907 ἀπελεύθεροι
3206 3835 3352 3891 οὕτω
3393 3856 3501 3894 κα·

1872 3919 2113 3973 λοῦνται.
2153 3921 2368 3983 ’Ὠσπερ
2394 3919 2452 3971 δὲ
2487 3918 2670 3990 ᾤκουν
2710 3920 2831 3972 ἐκεῖ
2894 3921 3087 3974 πολλοὶ
3132 3921 3298 3988 ξένοι,
3351 3923 3498 3978 οὕτω

1874 4003 1968 4056 καὶ
1993 4003 2325 4071 συναγωγὰς
2347 3998 2521 4074 εἶχον,
2556 4001 2690 4055 ἔνθα
2730 4002 2839 4056 ἔδει
2889 4005 2983 4058 τὸν
3021 4006 3190 4076 νόμον
3218 4007 3498 4078 ἀναγινώ-

1875 4086 2104 4140 σκεσθαι
2138 4088 2231 4139 καὶ
2263 4086 2432 4157 εύχάς
2461 4083 2735 4155 γίνεσθαι.
2795 4086 2868 4139 Σὺ
2893 4087 2949 4141 δέ
2985 4105 3079 4159 μοι
3125 4090 3343 4155 σκόπει,
3377 4093 3498 4156 πῶς

1875 4171 1971 4224 καὶ
1999 4163 2157 4233 οὗτος
2181 4169 2640 4240 ἀναγκαζόμενος
2661 4169 2942 4224 διδάσκειν
2973 4172 3270 4243 ἐπιχειρεῖ,
3302 4174 3496 4227 κάκεῖ-

1875 4271 1960 4308 νοι
1996 4253 2160 4306 πάλιν
2199 4251 2290 4306 διά
2315 4251 2384 4306 τά
2413 4254 2622 4323 σημεῖα
2648 4253 2729 4316 είς
2760 4253 2959 4322 φθόνον
2989 4254 3050 4308 ού
3090 4255 3255 4326 μόνον
3281 4258 3499 4312 κινοῦν-

1871 4354 1985 4402 ται,
2015 4337 2132 4390 ἀλ).’
2182 4336 2308 4388 ἐπεὶ
2353 4335 2450 4388 καὶ
2475 4334 2622 4404 λόγῳ
2650 4335 2899 4405 ἐκράτει,
2953 4338 3053 4391 καὶ
3097 4338 3380 4410 ἀφόρητος
3426 4335 3500 4412 ἦν

1874 4421 2082 4485 αὐτοῖς,
2116 4419 2582 4490 ψευδομάρτυρας
2629 4417 2981 4474 ωνιστῶσιν.
3036 4421 3153 4474 Οὐκ
3211 4423 3501 4478 ἐϐούλοντο

1874 4503 1986 4575 γὰρ
2016 4503 2204 4567 ἀπλῶς
2233 4503 2508 4573 ἀναιρεῖν,
2537 4501 2678 4556 ἀλλά
2717 4505 2859 4574 μετά
2881 4504 3094 4576 ψήφου,
3134 4506 3222 4559 ἵνα
3251 4507 3347 4561 καὶ
3397 4507 3502 4579 τὴν

1874 4586 2032 4654 δόξαν
2058 4586 2239 4667 αὐτῶν
2277 4586 2548 4657 βλάψωσιο
2586 4587 2683 4641 καὶ
2709 4588 2958 4652 ἐκείνους
2986 4589 3220 4659 ἀφέντες
3249 4593 3341 4646 ἐπὶ
3373 4594 3500 4647 τούς

1873 4691 2001 4739 τους
2026 4674 2302 4747 ἔρχονται,
2349 4673 2427 4733 ὡς
2487 4673 2662 4744 ταύτῃ
2712 4675 3200 4746 καταπληξόμενοι
3244 4686 3268 4713 °
3303 4680 3498 4733 κάκεί-

1874 4774 2019 4821 νους⁹
2061 4758 2110 4811 οἳ
2133 4759 2226 4810 καὶ
2251 4757 2354 4811 οὐκ
2387 4752 2565 4824 εἶπον,
2601 4758 2686 4810 ὅτι
2709 4759 2900 4820 Λαλεῖ,
2929 4759 3069 4824 ἀλλ’,
3107 4762 3191 4814 Οὐ
3239 4764 3500 4817 παύεται

1874 4839 2106 4904 λαλῶν,
2136 4837 2394 4904 αὔξοντες
2419 4840 2520 4912 τὴν
2565 4841 2930 4912 κατηγορίαν.
2962 4844 3394 4912 Συνεκίνησάν
3431 4864 3498 4900 τε

1874 4923 2020 4989 τοὺς
2048 4923 2494 4993 πρεσϐυτέρους
2526 4923 2626 4977 καί
2657 4924 2800 4988 τοὺς
2825 4925 3214 4994 γραμματεῖς,
3246 4929 3346 4981 καὶ
3368 4928 3498 4982 ἐπι-

1876 5006 2135 5072 στάντες
2170 5005 2588 5075 συνήρπασαν
2629 5006 2841 5072 αὐτὸν,
2873 5009 2976 5062 καί
3030 5008 3266 5079 ἤγαγον
3302 5014 3400 5079 -είς
3428 5016 3499 5066 τὸ

1876 5090 2221 5158 συνέδριον,
2246 5090 2526 5160 ἔστησάν
2569 5108 2636 5144 τε
2654 5092 2968 5162 μάρτυρας
3011 5094 3264 5162 ψευδεῖς
3284 5096 3498 5167 λέπον-

1877 5191 2002 5240 τας·
2044 5176 2095 5225 Ὀ
2114 5174 2428 5243 ἄνθρωπος
2452 5170 2634 5241 οὗτος
2656 5176 2729 5230 οὺ
2754 5176 3007 5230 παύεται
3018 5177 3263 5245 ῥήματα
3282 5178 3496 5234 λαλῶν

1876 5257 2031 5311 κατὰ
2066 5257 2218 5329 [120]
2248 5259 2356 5311 τοῦ
2384 5258 2576 5312 τόπου
2628 5258 2738 5312 τοῦ
2771 5260 2949 5327 ἁγίου
2993 5262 3211 5315 τούτου
3243 5262 3344 5317 καὶ
3385 5263 3495 5317 τοῦ

1876 5341 2086 5408 νόμου.
2134 5344 2217 5394 Οὺ
2249 5343 2525 5405 παύεται,
2564 5342 2754 5410 φασίν,
2779 5343 2856 5404 ὡς
2879 5341 3045 5415 ἔργον
3101 5345 3270 5399 αὑτοῦ
3302 5363 3492 5400 ποιου-

1881 5423 2042 5492 μένου
2071 5423 2160 5476 διὰ
2189 5425 2384 5477 τούτου
2415 5424 2722 5496 δηλοῦντες.
2763 5426 3145 5496 Ἀκηκόαμεν
3169 5433 3282 5498 γὰρ
3301 5429 3493 5483 αὐτοῦ

1886 5506 2187 5574 λέγοντος,
2230 5507 2319 5560 ὅτι
2366 5507 2611 5575 Ἰησοῦς
2636 5511 2670 5562 ό
2711 5507 3052 5576 Ναζωραῖος
3080 5506 3264 5576 οὗτος
3313 5528 3494 5566 κατα⁴

1877 5591 2057 5643 λύσει
2091 5592 2199 5644 τὸν
2228 5591 2420 5646 τόπον
2445 5591 2684 5657 τοῦτον,
2715 5594 2815 5647 καί
2874 5593 3132 5657 ἀλλάξει
3168 5596 3241 5647 τὰ
3268 5594 3400 5662 ἔθη,
3452 5595 3490 5649 d

1879 5674 2226 5741 παρέδωκεν
2251 5675 2399 5743 ἡμῖν
2427 5675 2711 5743 Μωῦσῆς.
2785 5677 3046 5744 Ἰησοῦς,
3090 5677 3275 5745 φασὶν,
3310 5681 3343 5731 ό
3369 5681 3489 5732 Na-

1881 5755 2142 5823 ζωραῖος,
2193 5759 2287 5810 καὶ
2341 5757 2734 5822 ὀνειδιπικῶς,
2770 5761 3102 5813 καταλύσει
3143 5760 3252 5813 τὸν
3298 5762 3491 5814 τόπον

1880 5840 2119 5908 τοῦτον,
2147 5842 2246 5893 καὶ
2272 5841 2532 5906 ἀλλάξει
2567 5843 2638 5896 τὰ
2666 5845 2793 5912 ἔθη.
2821 5843 2993 5897 Τοῦτο
3014 5842 3223 5900 καὶτοῦ
3247 5842 3485 5916 Χριστοῦ

1948 5995 1968 6019 ⁸
2004 5994 2142 6046 Ιέήιιδ
2172 5997 2637 6060 καταπληττόμενοι.

3097 6093 3139 6158 8
