4068 6444
120 397 214 452 HI
1123 392 1190 448 IN
1234 390 1418 448 ACTA
1461 387 1994 447 APOSTOLORUII.
2037 387 2273 446 HOMIL.
2316 387 2434 446 XV.

117 516 347 582 Moyses.
382 511 568 576 Iesus,
625 511 917 581 inquiunt,
951 506 1257 562 Nasarenas
1286 549 1301 571 ,
1345 505 1500 576 quasi
1544 513 1735 562 contu-

115 605 343 659 meliose
367 646 384 669 ,
416 603 640 659 destruet
675 603 842 657 locum
869 602 1044 663 istum,
1073 609 1120 653 et
1155 597 1373 653 mutabit
1409 596 1738 652 consuetudi-

111 711 217 749 nes.
247 694 367 750 Hoc
406 696 569 751 etiam
612 692 887 748 Christum
927 699 1268 754 accusantes.
1307 689 1601 746 dicebant:
1635 687 1737 754 Qui

109 789 332 842 destruis
367 788 614 854 templum
639 785 734 840 Dei
767 784 984 856 (Matth.
1002 783 1095 838 27.
1120 783 1238 854 ιο).
1263 782 1425 839 Multa
1444 781 1644 852 quippe
1667 780 1733 834 il-

3365 392 3470 448 in

1848 503 2060 560 labores
2103 504 2451 570 sustinuisse,
2477 502 2578 559 hos
2625 518 2758 562 vero
2803 503 3010 562 fruetus
3057 503 3389 576 decerpere,
3415 522 3472 564 et

1845 596 2222 668 progenitores
2242 610 2437 652 omnes
2464 595 2519 650 iu
2548 595 2806 650 aerumnis
2834 593 3025 652 fuisse.
3049 596 3107 651 4.
3140 614 3162 650 s
3190 595 3259 652 Et
3277 612 3468 670 egres-

1843 701 1935 742 sus
1957 686 2026 742 de
2047 696 2189 743 terra
2211 685 2614 754 Chaldaeorum,
2634 686 2899 742 habitavit
2914 687 2968 742 in
2985 685 3252 744 Charran:
3270 698 3327 745 et
3342 689 3471 747 inde

1842 790 2126 855 postquam
2168 791 2420 839 mortuus
2440 791 2528 840 est
2551 793 2707 856 pater
2725 783 2845 853 ejus
2867 823 2886 852 ,
2928 784 3206 840 transtulit
3232 784 3383 840 illum
3413 781 3480 840 in

109 880 171 934 lis
199 879 508 935 reverentia
530 889 646 933 crat
669 893 795 949 erga
821 877 1105 947 templum,
1128 884 1314 945 utpote
1332 875 1424 946 qui
1445 873 1553 928 illic
1571 871 1734 927 sedes
1841 883 2038 928 terram
2066 873 2224 930 istam
2247 893 2261 931 :
2286 875 2340 930 in
2359 889 2465 946 qua
2491 888 2634 930 nunc
2660 888 2758 930 vos
2780 873 3038 930 habitatis
3056 874 3145 947 :5.
3162 883 3222 930 et
3246 889 3354 930 non
3370 873 3470 930 dc.

108 984 317 1039 ponere
341 969 568 1034 vellent,
603 969 837 1038 itemque
855 983 982 1037 erga
1013 965 1214 1037 Moysis
1246 978 1464 1019 nomen.
1492 961 1562 1016 Et
1587 960 1727 1026 vide,

105 1061 390 1132 quomodo
411 1061 613 1131 duplex
639 1061 710 1114 sit
729 1057 1003 1114 accusatio
1033 1075 1046 1110 :
1073 1055 1330 1121 Destruet,
1358 1053 1622 1123 inquiunt,
1647 1052 1727 1106 lo-

106 1171 220 1206 rum
249 1162 302 1208 et
331 1153 544 1206 mutabit
567 1150 980 1206 consuetudines.
1027 1146 1144 1202 Non
1187 1145 1350 1202 modo
1374 1144 1572 1214 duplex
1593 1186 1608 1208 ,
1632 1142 1727 1198 sed

101 1246 266 1300 etiam
293 1247 516 1308 acerba,
550 1253 602 1300 et
630 1243 788 1314 plena
820 1240 1094 1314 periculis.
1123 1239 1212 1294 l5.
1245 1237 1308 1293 Et
1333 1239 1583 1292 intuentes
1608 1252 1728 1291 eunt

101 1353 300 1400 carnes,
315 1337 405 1405 qui
418 1336 656 1390 sedebant
677 1336 730 1388 in
749 1331 988 1396 concilio,
1004 1331 1237 1386 viderunt
1259 1329 1444 1402 facient
1463 1328 1574 1398 ejus
1596 1336 1722 1381 tam-

96 1445 254 1497 quam
285 1429 476 1498 [aciein
501 1424 690 1498 angeli.
721 1423 812 1481 Sic
839 1422 953 1478 ﬁeri
977 1429 1188 1491 potest,
1219 1430 1280 1476 ut
1305 1419 1398 1490 qui
1440 1418 1492 1474 in
1530 1417 1723 1473 minori

99 1521 269 1591 gradu
301 1529 430 1576 sunt
451 1521 775 1574 clarescant.
818 1516 958 1584 Quid
979 1514 1124 1570 enim
1147 1555 1161 1579 ,
1184 1527 1373 1585 qumso
1389 1554 1404 1576 .
1431 1511 1520 1568 hic
1544 1510 1724 1566 minus

99 1615 361 1680 habebat,
408 1627 567 1684 quam
596 1609 861 1681 apostoli?
915 1623 1097 1664 nonne
1131 1607 1284 1677 signa
1313 1613 1569 1675 operatus
1591 1601 1722 1658 cst?

97 1722 281 1762 nonne
308 1706 532 1761 multam
559 1702 800 1760 exhibuit
825 1698 1078 1771 loquendi
1098 1696 1442 1754 libertatem?
1467 1693 1721 1750 Viderunt

96 1803 287 1871 faciem
319 1802 452 1871 ejus,
470 1809 729 1867 tamquam
750 1795 936 1865 faciem
960 1793 1152 1862 angeli,
1174 1790 1368 1861 inquit.
1399 1788 1526 1845 llmc
1547 1787 1718 1858 gratia

93 1901 229 1958 crat,
263 1892 386 1946 hzuc
405 1891 575 1962 gloria
598 1888 796 1959 Moysis
821 1896 958 1942 erat.
1000 1884 1313 1941 Gratiosum
1337 1891 1520 1937 autem
1544 1881 1716 1948 illum,

93 1999 149 2040 ut
180 1985 403 2040 videtur
423 1983 581 2050 mihi,
604 1981 734 2038 fecit
758 1980 920 2046 Deus,
955 1977 1092 2034 forte
1112 1977 1237 2048 quia
1263 1974 1511 2046 quzedam
1541 1973 1719 2029 dictu-

95 2091 186 2132 rus
207 2085 361 2142 erat,
380 2083 438 2130 ut
457 2073 643 2129 statim
663 2071 748 2128 vel
769 2087 836 2128 ex
859 2079 1079 2139 aspectu
1108 2068 1229 2124 illos
1251 2063 1716 2137 perterrefaceret.

93 2168 336 2223 Possunt
361 2167 506 2222 enim
526 2207 542 2232 ,
580 2171 807 2234 possunt
833 2163 1019 2232 utique
1048 2160 1227 2214 vultus
1253 2159 1421 2230 gratia
1452 2156 1716 2227 spirituali

92 2261 261 2328 pleni,
289 2259 556 2314 amabiles
576 2255 1030 2319 desiderantibus,
1055 2250 1348 2306 venerandi
1370 2259 1426 2305 et
1447 2247 1716 2305 terribiles

88 2350 404 2406 oilieutibus
428 2363 571 2404 esse.
599 2345 695 2402 Vel
718 2344 969 2418 fortassis
991 2343 1096 2398 hoc
1116 2339 1271 2406 dixit,
1298 2340 1450 2411 quasi
1471 2353 1711 2402 causam,

89 2454 322 2515 propter
351 2458 513 2514 quam
556 2441 700 2510 passi
724 2447 852 2494 sunt
881 2437 1029 2492 illum
1061 2434 1396 2490 conciouari.
1419 2432 1558 2500 Quid
1583 2445 1714 2486 vero

86 2538 349 2609 princeps
373 2531 755 2590 sacerdotum?
781 2528 937 2600 (Cap.
971 2529 1053 2597 7.)
1085 2527 1136 2582 l.
1168 2525 1230 2581 Si
1257 2525 1387 2591 hac,
1420 2523 1610 2594 inquit,
1641 2524 1713 2576 ita

83 2645 137 2682 se
159 2628 353 2683 habent
370 2627 396 2680 Ρ
423 2623 633 2688 Videu',
663 2638 822 2694 quam
850 2627 1132 2675 mansueta
1156 2627 1210 2673 et
1233 2617 1366 2673 nihil
1393 2615 1618 2671 molesta
1641 2616 1715 2670 sit

84 2715 486 2788 interrogatio?
514 2713 641 2769 ideo
663 2713 754 2768 ille
784 2709 996 2784 placide
1023 2708 1256 2776 orditur,
1282 2715 1339 2764 et
1361 2711 1440 2762 ait
1469 2725 1482 2760 :
1506 2707 1561 2762 2.
1601 2704 1712 2761 Viri

82 2816 270 2878 fratres
301 2822 353 2866 et
383 2819 552 2880 patres
576 2848 592 2872 ,
623 2806 799 2861 audite
826 2821 847 2859 .°
875 2803 1014 2858 Deus
1055 2803 1235 2874 gloria:
1283 2801 1528 2872 apparuit
1575 2799 1710 2870 patri

82 2914 257 2978 nostro
286 2902 536 2966 Aera/ne,
569 2915 684 2952 cum
721 2906 848 2952 esset
883 2896 941 2949 in
987 2893 1386 2964 Mesopotamia,
1412 2892 1710 2962 priusquam

81 3003 377 3048 moraretur
404 2993 459 3046 in
481 2989 742 3046 Cltarran.
791 2987 986 3044 Statim
1018 3001 1047 3038 a
1081 2985 1350 3056 principio
1396 2984 1706 3054 Opinionem

79 3085 299 3140 illorum
331 3082 513 3148 tollit,
541 3089 597 3137 et
618 3081 737 3136 sine
777 3078 885 3133 ulla
929 3076 1238 3146 suspicione
1281 3074 1546 3141 adstruit,
1572 3073 1706 3129 nihil

76 3190 200 3230 esse
233 3173 525 3244 templum,
557 3170 691 3226 nihil
719 3167 1164 3232 consuetudines,
1193 3179 1370 3235 neque
1392 3165 1538 3235 ipsos
1561 3180 1705 3236 prte-

75 3269 418 3324 dicationem
459 3279 584 3321 esse
612 3263 947 3320 eohibituros
971 3277 986 3327 ;
1011 3260 1292 3330 Deumque
1335 3271 1554 3326 semper
1605 3270 1701 3322 ea,

73 3378 197 3431 quae
215 3359 479 3415 videntur
498 3355 876 3428 impossibilia,
899 3354 1081 3409 facere
1099 3359 1156 3407 et
1178 3364 1390 3421 parare.
1419 3348 1554 3404 Vide
1573 3361 1705 3419 ergo

72 3458 160 3511 his
212 3454 438 3511 contexi
490 3451 810 3508 concionem
832 3491 847 3516 ,
879 3462 984 3519 qua
1021 3444 1357 3507 ostenditur,
1383 3442 1505 3498 illos
1539 3441 1702 3497 multa

70 3563 298 3621 semper
319 3547 412 3602 Dei
433 3543 762 3616 benignitate
790 3541 1051 3606 fruentes,
1073 3537 1345 3595 contraria
1373 3533 1701 3591 benefactori

70 3641 427 3711 rependisse,
452 3647 507 3693 et
536 3635 890 3706 impossibilia
924 3641 1154 3688 tentare.
1204 3629 1344 3685 Deus
1383 3628 1563 3700 gloriae
1601 3643 1700 3695 ap-

69 3731 255 3802 paruit
282 3731 414 3801 patri
441 3737 616 3783 nostra
642 3725 895 3790 Abrahte,
929 3725 982 3780 5.
1015 3733 1062 3777 et
1090 3721 1220 3776 dixit
1261 3721 1331 3774 ad
1369 3721 1515 3774 illum
1542 3733 1562 3773 .'
1594 3716 1700 3772 Emi

66 3827 136 3879 de
183 3836 327 3879 terra
355 3835 461 3881 tua.
487 3832 534 3875 et
561 3821 672 3875 ueni
699 3821 752 3874 in
780 3828 969 3873 terram
990 3858 1008 3886 ,
1028 3831 1186 3888 quant
1212 3821 1558 3869 monstrauero
1584 3811 1695 3867 tibi.

68 3918 246 3990 (Gen.
287 3914 377 3970 η.
432 3913 520 3983 l).

142 4010 202 4064 2.
237 4005 528 4074 Templum
556 4001 794 4058 nondum
821 4010 959 4064 erat,
990 3994 1317 4054 sacrificium
1345 4008 1453 4050 non
1481 4001 1620 4057 erat,
1642 4001 1698 4048 et

65 4099 258 4154 divina
308 4097 517 4150 visione
560 4094 808 4164 dignatus
857 4099 943 4145 est
981 4087 1274 4152 Abraham,
1299 4085 1388 4157 qui
1418 4083 1694 4154 Persas(a)

68 4188 462 4261 progenitores
493 4185 696 4249 habuit,
720 4192 776 4239 et
805 4184 858 4238 in
883 4181 1058 4236 aliena
1088 4188 1233 4235 terra
1259 4186 1396 4234 erat.
1424 4175 1492 4231 Et
1517 4191 1616 4232 cur
1641 4176 1692 4231 in

64 4281 303 4338 exordio
331 4279 519 4345 Deum,
548 4278 735 4348 gloria:
763 4273 1052 4346 appellavit
1082 4269 1291 4327 Deum?
1327 4269 1464 4337 Quia
1489 4269 1578 4324 ille
1607 4269 1691 4324 inv

64 4374 282 4445 glorias
303 4371 428 4426 fecit
446 4370 747 4441 gloriosos;
770 4375 896 4422 etut
919 4362 1251 4427 ostenderet,
1278 4361 1324 4416 si
1344 4360 1469 4415 illos
1490 4359 1692 4430 glorifi-

64 4463 215 4519 eavit
241 4505 258 4528 ,
284 4461 456 4515 multo
490 4459 659 4529 magis
695 4459 829 4513 istos
867 4452 1296 4527 glorilleaturum
1324 4466 1468 4507 esse.
1499 4450 1690 4505 Viden’

61 4557 353 4632 quomodo
377 4556 498 4609 illos
525 4569 555 4609 a
583 4555 861 4623 corporeis
882 4549 1133 4613 abducat,
1159 4556 1214 4602 et
1235 4562 1264 4600 a
1288 4545 1409 4600 loco
1433 4545 1686 4614 primum,

60 4653 197 4721 quia
216 4649 290 4704 de
305 4646 426 4700 loco
442 4645 734 4716 agebatur?
751 4642 888 4696 Deus
904 4641 1102 4712 glorite.
1133 4638 1192 4694 Si
1216 4638 1357 4692 Deus
1378 4645 1460 4691 est
1477 4635 1686 4707 gloria,

61 4743 254 4811 palam
285 4747 369 4793 est
391 4737 539 4791 illum
563 4752 671 4791 non
701 4749 862 4806 egere
888 4733 1058 4804 gloria
1087 4740 1292 4794 nostra,
1322 4743 1494 4800 neque
1517 4728 1687 4800 gloria

61 4831 261 4900 templi
281 4845 297 4894 ;
317 4829 434 4898 ipse
470 4841 702 4898 namque
733 4835 813 4882 est
849 4823 1036 4895 gloriae
1069 4824 1209 4877 fons.
1239 4820 1317 4876 Ne
1343 4835 1472 4891 ergo
1489 4819 1687 4890 putetis

60 4939 168 4978 vos
198 4922 280 4977 sic
308 4919 459 4975 illum
486 4918 885 4989 glorificaturos
908 4929 1050 4970 esse.
1094 4913 1161 4968 Et
1182 4929 1299 4978 cur,
1328 4912 1558 4981 inquies,
1583 4910 1687 4966 hoc

57 5016 348 5084 Scriptura
379 5011 446 5066 de
477 5010 784 5065 Abrahamo
808 5008 983 5064 dicit?
1009 5005 1144 5073 Quia
1173 5006 1353 5060 minus
1377 5001 1684 5059 necessaria

59 5123 176 5160 non
207 5105 398 5159 rclert.
438 5100 592 5170 Quod
620 5101 765 5155 enim
795 5099 937 5155 scire
966 5113 1066 5152 nos
1090 5095 1432 5169 expediebat,
1467 5093 1571 5148 hoc
1595 5107 1685 5147 so-

59 5199 179 5251 lum
211 5210 311 5250 nos
338 5193 543 5256 docuit,
595 5191 736 5263 quod
781 5190 974 5246 videns
1004 5188 1168 5242 lilium
1208 5203 1329 5241 cum
1369 5185 1459 5240 illo
1485 5185 1683 5254 migra-

58 5291 173 5351 vit;
208 5295 408 5341 extera
441 5299 569 5339 vero
598 5284 784 5347 tacuit,
839 5295 906 5336 eo
954 5280 1098 5351 quod
1155 5279 1264 5333 cito
1311 5285 1556 5332 mortuus
1611 5275 1682 5330 sit

55 5389 355 5450 postquam
400 5375 731 5437 habitaverat
760 5373 812 5427 in
839 5372 1103 5427 Charran.
1159 5369 1258 5422 Exi
1289 5368 1353 5421 de
1378 5368 1682 5438 cognatione

54 5482 174 5524 tua.
211 5467 311 5523 llic
337 5465 576 5520 ostendit
605 5464 704 5519 hos
742 5479 850 5518 non
893 5477 1016 5518 esse
1061 5462 1199 5515 ﬁlios
1225 5460 1479 5515 Abrahzc.
1528 5459 1677 5526 Quo-

1836 965 1914 1020 dit
1936 966 2012 1022 illi
2041 966 2415 1023 haereditatem
2440 968 2493 1023 in
2513 982 2598 1032 ca,
2615 982 2792 1038 neque
2817 981 3036 1038 passum
3053 965 3226 1038 pedis.
3255 983 3277 1020 ι
3306 966 3464 1034 Vide,

1838 1058 2114 1127 quomodo
2135 1059 2260 1114 illos
2280 1073 2312 1114 a
2341 1069 2484 1114 terra
2506 1058 2763 1114 abducat.
2787 1057 2906 1114 Non
2927 1057 3064 1114 dixit
3083 1058 3252 1124 cnim,
3272 1057 3461 1124 Dabit;

1835 1149 1955 1216 sed,
1987 1148 2111 1205 Non
2138 1150 2300 1218 dedit,
2320 1150 2609 1206 declarans
2627 1150 2812 1206 omnia
2838 1151 2908 1205 ab
2933 1150 3049 1216 illo,
3083 1149 3218 1206 nihil
3240 1150 3309 1206 ab
3331 1149 3464 1221 ipsis

1836 1240 2025 1299 fuisse.
2073 1241 2238 1298 Venit
2273 1243 2420 1299 enim
2461 1243 2650 1299 relicta
2693 1242 3022 1316 cognatione
3044 1251 3101 1298 et
3127 1243 3319 1313 patria.
3351 1242 3462 1298 Cur

1831 1346 1966 1402 ergo
1987 1345 2095 1388 non
2120 1331 2306 1390 dedit?
2330 1334 2468 1402 Quia
2503 1333 2672 1405 figura
2700 1343 2822 1391 crat
2846 1335 3072 1390 alterius
3111 1343 3274 1390 terra:
3290 1349 3457 1406 quam

1834 1425 2082 1492 promisit
2109 1439 2169 1482 se
2199 1425 2275 1481 illi
2307 1425 2582 1482 daturum.
2620 1427 2784 1484 Vides
2807 1469 2822 1495 ,
2855 1443 2982 1483 eum
3011 1441 3118 1482 nou
3146 1428 3265 1483 sine
3291 1442 3456 1485 causa

1829 1529 2137 1574 sermonem
2175 1519 2498 1574 resumere?
2529 1519 2651 1574 Non
2680 1519 2822 1574 dedit
2859 1519 2967 1584 illi,
3003 1519 3194 1589 inquit.
3233 1518 3303 1574 Et
3333 1538 3456 1592 pro-

1828 1607 1967 1662 misit
2007 1608 2192 1664 semini
2231 1610 2344 1676 eius
2373 1620 2487 1680 post
2524 1610 2670 1665 illum
2692 1652 2709 1679 ,
2740 1627 2858 1666 cum
2894 1628 2997 1666 non
3027 1611 3233 1666 liqueret
3261 1613 3452 1680 ﬁlium.

1830 1699 1965 1755 llinc
1995 1717 2212 1757 rursum
2249 1703 2557 1758 ostenditur
2588 1703 2681 1759 Dei
2713 1705 2955 1773 potentia
2976 1744 2993 1772 ,
3024 1704 3172 1775 quod
3198 1720 3264 1759 ea
3292 1703 3452 1760 faciat

1827 1808 1948 1862 quae
1975 1793 2328 1866 impossibilia
2359 1795 2634 1852 videntur.
2668 1795 2806 1852 Eum
2835 1798 3003 1864 enim,
3033 1797 3124 1868 qui
3153 1797 3205 1852 in
3228 1796 3452 1853 Perside

1825 1896 1962 1953 erat,
1999 1895 2151 1944 tanto
2179 1888 2356 1959 spatio
2383 1900 2680 1954 remotum,
2709 1889 2848 1946 dixit
2875 1905 2936 1946 sc
2963 1890 3246 1948 dominum
3276 1889 3451 1947 Palae-

1824 1978 1982 2033 stina:
2012 1976 2306 2036 facturum.
2349 1980 2456 2038 Sed
2496 1980 2636 2038 dicta
2681 1982 2933 2053 superius
2972 1992 3304 2054 repetamus.
3353 1983 3449 2038 ln-

1825 2080 2022 2128 tuentes
2057 2073 2111 2127 in
2148 2089 2264 2128 eum
2289 2116 2304 2140 ,
2335 2075 2543 2145 inquit,
2571 2075 2809 2130 uiderunt
2832 2073 3018 2146 faciem
3048 2076 3159 2147 ejus
3184 2084 3448 2145 tamquam

1822 2166 2006 2235 faciem
2033 2164 2225 2234 angeli.
2255 2164 2406 2221 Unde
2434 2167 2486 2221 in
2513 2165 2792 2236 Stephano
2813 2167 2984 2238 gratia
3017 2165 3282 2225 ﬂorebat?
3309 2184 3448 2223 non-

1821 2270 1889 2310 ne
1915 2271 1982 2311 ex
2017 2256 2166 2312 fide?
2191 2257 2247 2312 ld
2271 2266 2424 2313 certe
2451 2257 2627 2328 palam
2652 2269 2770 2324 est;
2800 2275 2922 2314 nam
2949 2274 3114 2330 supra
3143 2259 3212 2314 de
3237 2258 3333 2315 illo
3356 2260 3446 2316 di-

1820 2349 1933 2416 xit,
1967 2349 2185 2421 plenum
2214 2349 2322 2407 [ide
2361 2350 2547 2408 fuisse.
2577 2351 2766 2409 Potest
2790 2363 2973 2408 autem
3014 2350 3200 2408 haberi
3232 2355 3440 2423 gratia,

1818 2455 1940 2511 qua:
1988 2457 2096 2496 non
2137 2442 2211 2498 sit
2250 2444 2590 2499 curationum
2634 2462 2649 2499 :
2692 2442 2816 2501 ideo
2857 2444 2934 2500 ait
2963 2445 3255 2516 Apostolus
3288 2461 3302 2499 :
3335 2446 3444 2501 Alii

1817 2533 1993 2600 datur,
2026 2535 2233 2605 inquit,
2269 2537 2440 2608 gratia
2462 2537 2791 2593 curationum
2810 2579 2825 2602 ,
2854 2538 2947 2593 alii
2974 2554 3144 2594 sermo
3171 2540 3442 2607 sapientia:

1816 2626 1907 2698 (Ι.
1938 2625 2058 2682 Cor.
2089 2627 2178 2682 i2.
2210 2627 2307 2696 9).
2341 2629 2442 2686 Hic
2469 2641 2650 2686 autem
2679 2629 2894 2686 videtur
2921 2630 3050 2684 milii
3094 2630 3245 2686 illum
3283 2631 3440 2686 valde

1813 2717 2111 2787 gratiosum
2153 2719 2319 2776 fuisse
2358 2719 2685 2776 subindicari
2709 2761 2725 2788 ,
2756 2736 2881 2777 cum
2911 2720 3142 2788 dicitur,
3184 2719 3440 2776 Viderunt

1815 2811 1998 2880 faciem
2041 2813 2153 2878 eius
2197 2822 2461 2885 tamquam
2503 2815 2688 2885 faciem
2731 2813 2941 2885 angeli;
2975 2814 3118 2884 quod
3163 2815 3327 2871 etiam
3366 2814 3437 2870 tle

1811 2901 2054 2958 Barnaba
2082 2903 2287 2959 dictum
2316 2904 2435 2960 fuit.
2467 2904 2623 2962 Unde
2661 2905 2862 2962 scimus
2891 2905 3166 2976 simplices
3194 2915 3248 2961 et
3278 2906 3437 2961 inno-

1811 3001 1997 3048 centes
2037 2993 2089 3048 in
2131 2995 2322 3065 primis
2365 2996 2418 3051 in
2459 2995 2820 3052 admiratione
2857 2996 3044 3062 esse‘,
3089 2997 3435 3067 maximeque

1809 3087 2100 3156 gratiosos.
2132 3087 2277 3142 Tunc
2312 3089 2674 3144 summiserant
2698 3090 2834 3143 viros
2859 3089 2947 3160 qui
2971 3087 3198 3144 dicerent
3214 3130 3229 3154 ,
3258 3106 3312 3144 se
3336 3108 3435 3144 au-

1809 3178 1997 3232 divisse
2038 3177 2187 3233 illum
2222 3179 2472 3235 dicentem
2513 3179 2664 3235 verba
2706 3180 3029 3252 blasphema.
3058 3180 3138 3237 De
3169 3183 3432 3251 apostolis

1807 3272 2027 3342 quidem
2058 3270 2333 3340 dicebant,
2363 3273 2506 3344 quod
2536 3273 2990 3329 resurrectionem
3019 3275 3427 3342 annuntiarcnt,

1807 3370 1862 3417 et
1888 3361 2031 3432 quod
2074 3361 2239 3416 multa
2278 3363 2430 3418 turba
2462 3363 2797 3429 conﬂueret;
2832 3363 2920 3419 hic
2949 3373 3129 3419 autem
3162 3364 3306 3435 quod
3335 3381 3428 3420 sa-

1808 3462 2090 3510 narentur.
2119 3453 2164 3510 0
2195 3455 2594 3526 insipientiam!
2642 3457 2718 3512 De
2757 3455 2953 3528 quibus
2992 3458 3276 3528 Oportebat
3303 3472 3425 3529 gra.

1807 3547 1910 3601 tias
1934 3561 2096 3617 agere
2115 3588 2129 3613 ,
2159 3546 2229 3602 de
2272 3547 2340 3602 iis
2377 3547 2812 3618 redarguebant;
2841 3554 2897 3602 et
2924 3562 3020 3603 eos
3046 3549 3137 3619 qui
3169 3549 3428 3619 operibus

1804 3639 2153 3709 superabant,
2199 3653 2260 3694 se
2307 3639 2488 3695 verbis
2537 3649 2889 3709 superaturos
2939 3653 3062 3695 esse
3109 3640 3422 3710 sperabant,

1802 3729 1946 3800 quod
1992 3731 2155 3786 etiam
2208 3745 2336 3801 erga
2391 3729 2668 3787 Christum
2707 3729 3006 3797 faciebant;
3037 3739 3091 3786 et
3122 3744 3339 3802 semper
3370 3732 3425 3787 in

1803 3820 1968 3875 verba
2009 3834 2134 3876 sese
2177 3820 2587 3876 convertebant.
2623 3819 2750 3875 Illos
2791 3820 2937 3876 enim
2980 3829 3192 3878 temere
3229 3838 3423 3893 rapere

1801 3910 2225 3974 erubescebant,
2269 3909 2400 3967 nihil
2441 3910 2701 3968 habentes
2731 3926 2839 3983 quo
2867 3911 3308 3968 criminarentur.
3355 3915 3417 3971 Et

1799 4001 1960 4066 vide,
1995 4001 2268 4071 quomodo
2309 4017 2415 4058 non
2459 4001 2670 4071 indices
2713 4001 2814 4073 ipsi
2854 4002 3253 4070 testiﬁcentur;
3295 4020 3420 4062 nam

1800 4093 2063 4150 confutati
2095 4093 2358 4160 fuissent;
2393 4095 2489 4150 sed
2516 4095 2654 4150 alios
2696 4093 2895 4150 frustra
2935 4095 3187 4151 mercede
3214 4097 3422 4152 condn-

1798 4194 1962 4253 cunt,
1993 4193 2050 4239 ut
2083 4200 2150 4240 ne
2179 4184 2456 4240 videretur
2484 4200 2571 4241 res
2609 4199 2731 4241 esse
2769 4186 3031 4241 violenta.
3077 4185 3192 4242 Hoc
3240 4186 3420 4256 ipsum

1797 4279 1959 4334 etiam
1989 4275 2209 4333 Christo
2239 4275 2532 4346 contigisse
2563 4275 2768 4331 videas.
2803 4275 3055 4330 Vidistin’
3081 4277 3191 4330 vim
3224 4277 3420 4345 praedi-

1797 4372 2044 4436 cationis,
2073 4379 2130 4426 et
2147 4369 2422 4440 quomodo
2448 4368 2626 4439 vigeat
2651 4383 2760 4422 non
2791 4367 2954 4423 modo
2980 4384 3103 4425 cum
3137 4383 3418 4439 pratconcs

1797 4463 2167 4536 ﬂagellantur,
2201 4462 2296 4518 sed
2332 4462 2494 4518 etiam
2534 4476 2658 4516 cum
2700 4459 3039 4531 lapidantur,
3068 4475 3191 4514 curn
3221 4460 3286 4515 ad
3321 4461 3418 4515 tri-

1797 4557 1962 4612 bunal
2002 4565 2268 4627 aguntur,
2312 4565 2438 4609 cum
2486 4553 2726 4624 undique
2782 4551 3098 4622 pelluntur?
3128 4551 3264 4606 Hine
3303 4550 3411 4608 illis

1793 4651 1926 4706 falsa
1961 4648 2400 4712 testiﬁcantibus,
2439 4661 2545 4701 non
2585 4644 2749 4700 modo
2779 4659 2887 4699 non
2919 4644 3281 4714 superabant,
3313 4644 3412 4699 sed

1795 4757 1895 4798 nec
1911 4740 2176 4797 obsistere
2192 4737 2446 4794 valebant
2461 4738 2504 4802 ',
2520 4735 2620 4792 etsi
2645 4735 2799 4792 valde
2817 4735 3160 4805 impudentes
3185 4744 3367 4791 essent
3392 4753 3407 4791 :

1792 4835 1873 4890 sic
1900 4833 2023 4888 illos
2053 4831 2263 4886 fortiter
2286 4828 2515 4894 devicit,
2547 4827 2648 4882 etsi
2692 4825 2858 4880 multa
2889 4826 3298 4896 incongruentia
3331 4825 3413 4880 fa-

1791 4933 1997 4988 cerent,
2031 4933 2082 4976 ut
2115 4931 2168 4977 ct
2197 4936 2322 4992 erga
2350 4919 2659 4985 Christum,
2693 4933 2820 4975 cum
2862 4918 3043 4972 omnia
3075 4919 3314 4974 facerent
3350 4926 3412 4974 ut

1791 5017 1944 5072 illum
1988 5024 2164 5069 morte
2205 5013 2521 5077 afliccreut,
2561 5010 2633 5064 ita
2682 5017 2740 5064 ut
2782 5007 3003 5064 demum
3045 5009 3221 5078 palam
3261 5017 3410 5063 esset

1788 5107 2061 5172 omnibus,
2086 5119 2192 5160 non
2222 5103 2512 5158 humanam
2537 5115 2658 5157 esse
2683 5115 2939 5171 pugnam,
2969 5099 3065 5156 sed
3094 5099 3188 5155 Dei
3215 5109 3406 5154 contra

1789 5199 2056 5255 homines.
2099 5195 2380 5264 Perpende
2422 5205 2603 5250 autem
2643 5192 2773 5264 quid
2813 5192 3011 5247 faciant
3053 5191 3129 5246 illi
3172 5192 3408 5262 appositi

1790 5293 1906 5348 falsi
1931 5302 2094 5348 testes
2117 5290 2292 5358 abiis,
2320 5290 2410 5362 qui
2436 5287 2780 5360 sanguinario
2803 5287 2987 5342 animo
3017 5286 3166 5342 illum
3196 5288 3249 5341 in
3272 5301 3405 5341 eon-

1787 5386 1968 5441 cilium
1997 5389 2307 5454 rapuerant.
2336 5381 2639 5436 Audiuimus
2667 5380 2815 5434 illunt
2845 5381 3094 5434 dicentem
3120 5382 3269 5434 verba
3291 5379 3404 5433 bla-

1785 5478 1996 5550 sphema
2022 5484 2199 5531 contra
2225 5473 2458 5547 Moysem
2481 5490 2541 5528 ac
2566 5471 2755 5528 Deum.
2779 5471 2826 5528 0
2848 5471 3192 5544 impudentes
3216 5473 3229 5526 l
3260 5473 3407 5536 Ope-

52 5557 270 5615 modo?
315 5555 449 5624 Quia
477 5555 567 5609 ille
594 5556 902 5626 obsequens
945 5563 1083 5618 erat,
1117 5552 1168 5607 hi
1201 5562 1383 5606 autem
1434 5553 1681 5622 pervicao
1790 5619 1797 5624 _

45 5665 186 5714 res;
206 5649 316 5704 imo
329 5662 395 5703 ex
422 5646 487 5701 iis
504 5660 622 5716 qua!
639 5645 822 5715 jussus
844 5643 966 5698 facit
983 5642 1263 5712 dlSl'illlilS,
1290 5643 1440 5696 illum
1459 5643 1676 5713 quidem

124 5787 201 5847 (α)
235 5783 502 5836 Fanuliare
542 5789 621 5835 est
642 5779 989 5848 Chrysostomo
1003 5779 1290 5839 Orientales
1326 5793 1460 5847 pene
1501 5793 1677 5834 omnes

50 5863 235 5901 νοω-υ
259 5856 452 5899 t‘ersas.

1851 5659 1868 5690 ι
1910 5655 2035 5706 Alius
2064 5655 2217 5706 habet
2244 5691 2259 5716 ,
2294 5652 2450 5706 salvos
2498 5668 2621 5713 esse,
2663 5666 2754 5714 pro
2781 5688 2796 5714 ,
2826 5651 2880 5716 in
2929 5650 3256 5716 admiratione

1849 5722 1869 5752 '
1895 5722 2118 5783 unussic
2140 5712 2294 5768 habet
2319 5733 2331 5767 :
2355 5753 2370 5767 .
2490 5712 2726 5783 partique
2757 5712 3004 5783 pelluntur
3029 5712 3054 5764 .9
3089 5721 3136 5783 et
3158 5713 3258 5783 illis
3281 5714 3405 5782 ipsis

1785 5779 2146 5894 ᾖππὲἕί
2169 5793 2266 5832 non
2289 5781 2433 5832 modo
2456 5777 2790 5842 vincebantur,
2815 5779 2904 5833 scd
2935 5788 2996 5828 ne
3028 5777 3257 5831 resistere
3290 5777 3404 5841 qui»
