4068 6442
666 387 774 442 425

669 513 724 550 ra
753 503 934 550 contra
961 490 1126 547 Deum
1151 488 1462 559 blasphcma
1495 488 1684 557 facitis,
1717 493 1769 538 ct
1799 501 1904 538 non
1933 485 2165 545 curatis;
2197 492 2252 536 ct

665 587 734 639 de
777 585 957 656 Moyse
1001 581 1214 636 solliciti
1265 595 1384 634 esse
1432 578 1727 634 simulatis?
1775 577 1898 632 Ideo
1943 575 2252 643 preponitur

663 679 891 747 llo_\ses,
919 674 1182 742 quiaqua:
1210 672 1300 726 Dei
1321 680 1490 736 erant,
1517 686 1621 724 non
1650 669 1875 722 multum
1899 668 2174 731 curabant,
2198 676 2253 718 et

664 769 859 836 ubique
886 766 1120 836 Moysem
1143 769 1563 818 commemorant
1593 781 1605 815 :
1631 759 1854 828 Moyses,
1882 757 2143 827 inquiunt,
2171 756 2252 809 hic

658 860 744 926 qui
775 856 948 910 edaait
978 873 1068 909 nos
1103 855 1249 924 (Act.
1282 854 1333 907 7.
1373 852 1442 906 40
1462 853 1502 920 ),
1534 851 1688 905 facile
1715 848 1965 902 mobilem
1999 846 2251 916 populum

663 949 953 1002 irritantes.
986 947 1142 1015 Atqui
1175 944 1443 1015 quomodo
1484 944 1566 996 vir
1606 941 1948 1009 blasphemus
1974 939 2042 992 ita
2074 937 2253 990 vince-

664 1050 745 1093 ret
767 1039 788 1092 ?
811 1038 1083 1108 quomcdo
1112 1037 1190 1089 vir
1231 1035 1580 1103 blaSphetuus
1627 1032 1746 1085 talia
1792 1031 1940 1098 signa
1973 1028 2024 1081 in
2053 1026 2253 1096 populo

663 1130 900 1185 faceret?
925 1128 1027 1183 Sed
1059 1128 1177 1180 talis
1207 1141 1294 1179 res
1319 1135 1402 1180 cst
1430 1124 1643 1185 invidia,
1675 1122 1866 1174 stultos
1892 1118 2129 1175 efﬁciens
2159 1131 2262 1171 cos

660 1236 796 1291 quos
826 1219 1015 1274 invasit
1038 1260 1054 1283 ,
1089 1230 1144 1272 ut
1182 1233 1354 1286 neque
1387 1216 1448 1268 iis
1477 1214 1754 1267 attendant
1783 1227 1901 1281 qtue
1943 1211 2247 1279 loquuntur.

661 1313 959 1367 Audiuimus
984 1313 1145 1375 illum,
1179 1309 1442 1378 inquiunt,
1476 1307 1757 1375 loquentem
1785 1301 2076 1370 blaspltema
2107 1298 2252 1352 verba

659 1416 838 1462 contra
880 1405 1111 1476 .iloysem
1147 1415 1192 1456 et
1224 1401 1426 1462 Detun;
1467 1414 1530 1452 ac
1572 1411 1806 1458 rursum,
1838 1393 1937 1446 Hic
1965 1393 2114 1446 Itonia
2150 1406 2251 1443 non

661 1498 997 1551 ccssalmerba
1038 1495 1173 1564 loqui
1212 1502 1385 1545 contra
1425 1492 1587 1543 locant
1625 1498 1856 1540 sanctum
1893 1495 1938 1538 et
1977 1484 2166 1554 legem,
2199 1489 2252 1535 et

659 1590 937 1660 adjiciunt,
966 1589 1093 1654 ραω
1119 1584 1328 1638 tradidit
1352 1581 1491 1635 nobis
1521 1578 1760 1647 Moyses;
1787 1591 1894 1629 non
1922 1575 2056 1627 ultra
2086 1572 2247 1626 Deus.

733 1683 787 1736 5.
823 1679 1006 1734 Viden‘
1037 1675 1304 1746 quomodo
1337 1673 1482 1726 illum
1518 1670 1588 1725 ob
1630 1682 1873 1723 eversam
1916 1679 2029 1719 rem
2070 1661 2250 1730 publi-

662 1788 778 1826 cam
826 1769 1117 1840 impietatis
1157 1763 1455 1820 accusant?
1483 1759 1635 1827 Quod
1667 1768 1844 1813 autem
1873 1771 1980 1811 non
2021 1751 2253 1824 potuerit

662 1867 751 1920 ille
782 1864 902 1918 talia
928 1861 1179 1916 audacter
1211 1857 1354 1927 loqui
1382 1897 1395 1920 ,
1425 1855 1616 1923 cuique
1645 1849 1986 1904 manifestum
2017 1853 2099 1900 est
2133 1843 2248 1897 :ita

662 1959 807 2014 mitis
831 1957 913 2010 vel
937 1955 990 2009 iu
1015 1953 1149 2008 facie
1167 1961 1295 2007 erat.
1329 1949 1490 2017 Igitur
1514 1945 1604 2000 ubi
1628 1961 1732 1998 nou
1760 1938 2246 1998 ealumniabantur,

665 2049 794 2104 nihil
831 2048 937 2100 tale
976 2045 1105 2099 dicit
1145 2042 1420 2110 Scriptura
1454 2057 1466 2091 :
1498 2037 1619 2107 quia
1651 2049 1778 2088 vero
1809 2041 1977 2087 totum
2006 2030 2106 2084 hoc
2134 2027 2251 2080 loco

662 2139 926 2196 calumnia
956 2146 1056 2202 εει,
1089 2135 1208 2204 jure
1240 2133 1383 2187 illam
1410 2129 1632 2199 Corrigit
1663 2128 1825 2190 Deus,
1851 2124 1933 2180 vel
1961 2138 2056 2193 per
2080 2121 2252 2190 ipsum

663 2234 890 2287 vultum.
925 2227 1164 2298 Apostoli
1203 2234 1349 2280 certe
1383 2239 1488 2278 non
1519 2219 1800 2276 calumniis
1830 2214 2248 2286 impetebantur,

663 2323 758 2378 sed
804 2319 1261 2392 prohibebantur;
1306 2315 1394 2370 hic
1436 2329 1567 2368 vero
1607 2308 1890 2366 calumniis
1933 2305 2249 2375 impetitur:

665 2417 905 2484 ideoque.
927 2421 1051 2466 aute
1087 2410 1266 2464 omnia
1309 2407 1484 2460 vultus
1515 2405 1684 2473 ipsum
1719 2406 1926 2471 purgat.
1959 2396 2121 2451 Forte
2149 2393 2251 2448 hoc

663 2506 993 2563 sacerdotem
1037 2502 1240 2574 pudore
1281 2499 1478 2555 affecit.
1507 2496 1610 2552 Ubi
1637 2509 1764 2550 vero
1787 2491 1963 2555 dixit,
1995 2486 2256 2542 Promise-

665 2609 742 2652 rut
767 2640 785 2664 ,
817 2595 1050 2651 ostendit
1093 2591 1502 2664 promissionem
1545 2586 1709 2642 fuisse
1749 2584 1940 2638 factam
1969 2589 2253 2649 antequam

667 2691 818 2744 locus
846 2689 1132 2757 deputatus
1161 2693 1344 2746 esset,
1374 2689 1659 2749 antequam
1689 2672 2030 2730 circumcisio
2051 2711 2067 2736 ,
2100 2678 2255 2724 ante-

664 2795 824 2850 quam
860 2776 1181 2833 sacriﬁcium
1210 2781 1267 2828 et
1299 2771 1556 2841 templum
1592 2776 1737 2823 esset
1774 2783 1787 2820 :
1819 2773 1874 2820 et
1908 2763 2026 2817 illos
2052 2774 2160 2815 non
2191 2773 2257 2813 ex

667 2872 861 2927 merito
890 2868 1163 2936 accepisse
1203 2861 1669 2918 circumcisionem
1707 2869 1883 2926 neque
1921 2853 2091 2924 legem
2114 2889 2130 2915 ,
2160 2847 2254 2903 sed

665 2961 1217 3018 obedientizetantum
1254 2952 1556 3010 mercedem
1587 2949 1750 3004 fuisse
1779 2957 1998 3002 terram.
2028 2945 2098 2998 At
2125 2955 2258 2994 uou-

671 3058 796 3111 dum
826 3051 1238 3109 circumcisione
1265 3047 1410 3108 data,
1435 3042 1722 3116 promissio
1749 3038 2000 3110 impletur
2029 3053 2045 3089 :
2077 3049 2141 3089 ac
2163 3047 2260 3102 per

669 3146 891 3216 ﬁguram
924 3143 1074 3207 illos,
1112 3140 1220 3195 Deo
1240 3138 1486 3207 jubente,
1519 3133 1806 3204 probatur,
1851 3126 2134 3198 reliquisse
2161 3138 2257 3194 pa-

681 3238 835 3292 triam
855 3246 910 3290 et
928 3235 1298 3303 cognationem
1323 3229 1437 3299 (illa
1467 3239 1696 3295 namque
1707 3222 1875 3293 patria
1895 3229 1995 3284 est,
2017 3217 2082 3272 ad
2099 3231 2257 3287 quam

671 3328 885 3384 duxerit
922 3326 1108 3394 Deus),
1149 3332 1200 3377 ct
1231 3320 1319 3377 hic
1358 3317 1708 3374 hereditatem
1729 3330 1834 3370 non
1869 3312 2104 3368 habere:
2130 3323 2257 3364 nam

670 3419 714 3472 si
741 3417 858 3487 quis
885 3430 997 3470 rem
1029 3421 1276 3469 accurate
1304 3410 1593 3473 examinet,
1622 3407 1799 3465 Persae
1816 3411 1940 3459 sunt
1967 3400 2136 3456 Judaei
2161 3415 2176 3465 ;
2205 3407 2258 3455 et

672 3511 862 3574 innuit,
895 3507 1036 3578 quod
1064 3507 1222 3562 etiam
1251 3505 1453 3573 absque
1489 3500 1655 3572 signis
1683 3493 2160 3566 obtemperandum
2192 3491 2262 3545 sit

673 3603 788 3657 Deo
813 3599 1071 3670 loquenti,
1095 3598 1302 3652 etiamsi
1330 3594 1507 3665 gravia
1531 3590 1776 3662 quaedam
1795 3586 2057 3643 accidant.
2082 3584 2262 3652 Quan-

675 3695 960 3764 doquidem
1001 3688 1298 3762 patriarcha
1325 3696 1380 3742 et
1408 3694 1632 3756 paterno
1660 3679 1908 3750 sepulcro
1932 3684 1988 3733 et
2013 3674 2262 3730 omnibus

673 3785 910 3849 relictis,
950 3784 1060 3837 Deo
1106 3777 1516 3848 obtemperavit.
1578 3772 1732 3842 Quod
1793 3771 1837 3826 si
1870 3768 2059 3837 ‘hujus
2113 3775 2264 3836 pater

678 3892 784 3930 non
854 3874 1032 3928 socius
1072 3871 1214 3926 illius
1277 3869 1375 3923 fuit
1425 3865 1700 3936 migrantis
1762 3863 1820 3917 in
1881 3858 2261 3923 Palaestinam,

677 3969 845 4022 multo
884 3967 1061 4018 minus
1091 3963 1179 4017 lilii
1215 3969 1371 4015 erunt
1417 3964 1696 4013 consortes
1720 3994 1732 4018 ,
1776 3950 1985 4007 etiamsi
2017 3961 2262 4017 magnam

681 4060 782 4112 viai
814 4064 1017 4127 partem
1062 4054 1417 4113 cmetiantur,
1473 4048 1595 4118 quia
1639 4045 1886 4098 virtutem
1942 4037 2108 4110 patris
2152 4051 2263 4091 non

685 4149 982 4205 imitantur.
1018 4144 1086 4198 Et
1115 4141 1401 4213 repromisit
1438 4140 1564 4192 dare
1597 4136 1741 4190 illam
1781 4134 1825 4188 ei
1852 4141 1898 4186 et
1924 4130 2101 4185 semini
2132 4133 2262 4198 ejus,

684 4239 874 4309 inquit,
911 4246 1021 4307 post
1061 4236 1222 4289 illum.
1270 4231 1432 4287 Multa
1490 4231 1576 4283 hic
1620 4228 1714 4282 Dei
1767 4225 2070 4294 benignitas
2112 4220 2268 4276 exhi—

684 4332 870 4396 betur,
922 4329 1083 4382 nmlta
1129 4325 1358 4380 Abrahae
1406 4323 1556 4377 ﬁdes.
1603 4319 1735 4375 Nam
1783 4317 1927 4387 quod
1986 4314 2264 4377 crederet,

685 4425 811 4477 Cum
842 4419 1064 4474 nondum
1089 4425 1214 4470 esset
1243 4416 1287 4469 ei
1316 4415 1472 4482 ﬁlius,
1507 4412 1607 4465 hoc
1654 4409 1768 4479 ejus
1810 4420 1865 4462 et
1909 4405 2268 4460 obedientiam

686 4525 742 4568 et
795 4512 953 4566 ﬁdem
988 4508 1218 4562 Ostendit
1263 4524 1276 4559 :
1320 4503 1562 4574 quamvis
1599 4517 1660 4556 ea
1686 4541 1700 4565 ,
1737 4515 1856 4568 qum
1900 4498 2036 4552 facta
2083 4504 2265 4559 erant,

686 4603 1014 4659 contrarium
1063 4604 1466 4651 monstrarent:
1499 4607 1689 4661 nempe
1733 4588 1872 4660 quod
1916 4603 2038 4642 cum
2088 4586 2271 4640 venis-

693 4707 809 4759 set,
868 4708 936 4746 ue
985 4689 1265 4758 vestigiqu
1334 4686 1544 4756 quidem
1602 4683 1752 4753 pedis
1798 4696 1951 4736 suum
2014 4678 2269 4742 haberet,

690 4799 859 4853 neque
890 4783 1075 4845 ﬁlium,
1101 4795 1217 4850 quae
1244 4779 1362 4832 ﬁdei
1389 4776 1655 4831 contraria
1681 4781 1848 4828 erant.
1882 4772 2006 4825 Haec
2030 4783 2124 4824 nos
2144 4782 2276 4837 quo-

692 4896 794 4948 que
821 4875 1234 4937 considerantes,
1262 4887 1380 4940 qua:
1403 4871 1539 4923 Deus
1562 4867 1884 4936 promiserit,
1910 4863 2272 4927 admittamus,

693 4972 901 5027 etiamsi
933 4967 1198 5023 contraria
1239 4967 1516 5020 evenerint
1545 4983 1557 5018 :
1586 4961 1828 5033 quamvis
1854 4958 1993 5029 apud
2025 4972 2124 5012 nos
2147 4970 2276 5010 con-

695 5065 854 5119 traria
896 5077 1003 5116 non
1046 5061 1189 5124 sint,
1227 5057 1322 5113 sed
1371 5057 1524 5110 valde
1564 5049 2095 5123 consequentiavUbi
2133 5047 2274 5103 enim

695 5155 1076 5230 promissiones
1116 5161 1272 5217 sunt,
1309 5152 1353 5205 si
1396 5149 1661 5205 contraria
1701 5146 1988 5208 eveniant,
2029 5142 2113 5195 illa
2155 5153 2278 5193 vere

698 5246 963 5302 centraria
994 5251 1155 5306 sunt;
1187 5241 1324 5311 apud
1353 5254 1449 5294 nos
1474 5249 1649 5293 autem
1676 5249 1832 5292 secus
1861 5252 1874 5288 :
1905 5247 2024 5287 nam
2053 5231 2139 5284 hic
2164 5229 2280 5298 qui-

700 5341 820 5395 dem
844 5339 1183 5393 alﬁietionem
1204 5332 1354 5396 dixit,
1375 5332 1478 5385 illic
1497 5330 1755 5400 requiem.
1778 5326 1887 5381 Cur
1906 5321 2280 5380 contundimus

704 5428 984 5498 tempora?
1022 5443 1118 5481 cur
1151 5423 1326 5477 omnia
1358 5436 1448 5475 sus
1477 5419 1649 5489 deque
1688 5414 1984 5472 vertimus?
2013 5413 2238 5482 Augoris
2261 5451 2278 5474 ,

703 5523 791 5576 dic
821 5520 984 5585 mihi,
1015 5519 1133 5588 quia
1161 5518 1212 5571 in
1246 5521 1554 5586 paupertate
1583 5511 1715 5564 vivis
1735 5550 1749 5571 ,
1781 5517 1835 5563 et
1861 5506 1982 5561 ideo
2011 5502 2282 5558 turbaris?

703 5614 782 5669 Ne
815 5611 1076 5667 turbaris:
1110 5611 1230 5680 jure
1258 5605 1570 5670 turbareris,
1601 5603 1646 5656 si
1674 5602 1782 5655 illic
1811 5597 2080 5653 tribulatio
2110 5594 2282 5649 futura

707 5716 848 5761 esset
879 5721 892 5756 :
925 5704 1037 5773 ipsa
1075 5701 1216 5755 enim
1259 5697 1528 5754 tribulatio
1571 5694 1763 5765 quietis
1791 5700 1874 5747 est
1911 5704 2090 5745 causa.
2122 5687 2286 5740 Infir-

711 5799 856 5851 uiitas
882 5837 896 5864 ,
928 5794 1126 5865 inquit,
1159 5792 1266 5846 liam
1300 5807 1404 5846 non
1436 5798 1504 5844 cst
1539 5790 1604 5840 ad
1644 5795 1849 5839 mortem
1877 5780 2052 5855 (Joau.
2091 5779 2175 5833 11.
2209 5779 2281 5848 ι).

1405 375 1460 431 S.
1501 371 1776 431 JOANNIS
1812 345 2288 430 CHDV‘SOSTOMI
2330 369 2647 425 ARCIIIEP.
2688 365 3217 425 CONSTANTINOP.

2357 480 2450 534 llla
2484 482 2752 535 tribulatio
2787 493 2870 536 est
2909 485 3112 552 punitio
3136 526 3150 547 ,
3195 487 3308 540 hate
3347 496 3522 542 autem
3549 528 3563 551 ,
3603 487 3946 540 ἰιηίίωιῙηιιει

2358 573 2681 628 emendatio.
2711 574 2996 630 Certamen
3027 587 3108 631 est
3145 593 3381 648 prmsvns
3411 589 3622 648 tempus
3652 589 3666 631 ':
3695 593 3923 648 ergo-pit

2357 668 2518 737 gilatu
2551 677 2632 722 est
2661 684 2796 735 opus
2824 687 2838 722 :
2870 669 3069 724 bellum
3101 677 3154 725 et
3185 687 3357 741 pugna
3388 681 3488 726 est.
3521 671 3694 725 Nemo
3731 672 3797 723 in-
3817 671 3946 724 bello

2359 759 2596 828 requiem
2628 759 2842 827 quaerit,
2877 776 3036 814 nemo
3080 763 3130 814 in
3177 762 3319 816 belfo
3356 762 3547 831 qu:rrit
3584 761 3944 828 voluptatem.

2361 862 2457 900 nec
2481 848 2547 900 de
2564 847 2768 900 divitiis
2793 849 3052 904 sollicitus
3077 859 3173 910 est,
3207 866 3306 905 nec
3335 851 3401 904 de
3427 867 3594 905 uxore
3619 868 3634 912 ;
3667 851 3765 905 sed
3792 867 3944 904 unum

2361 944 2565 990 tantum
2607 947 2849 1006 spot-tat,
2882 941 3151 1009 quomodo
3194 941 3438 994 inimicos
3475 952 3716 1009 superet.
3758 942 3867 995 liae
3897 955 3948 995 at

2360 1044 2459 1084 nos
2490 1029 2775 1094 faciamus;
2799 1047 2860 1086 ea
2891 1034 2934 1086 si
2965 1035 3258 1098 vincamus,
3288 1043 3341 1089 et
3369 1050 3489 1087 cum
3521 1035 3742 1103 trepmis
3772 1050 3945 1087 rever-

2360 1128 2554 1185 tamur,
2569 1123 2756 1175 ontnia
2791 1123 2943 1177 nobis
2967 1125 3114 1178 dabit
3145 1123 3305 1178 Deus.
3339 1126 3450 1180 lloc
3475 1125 3651 1178 solum
3670 1141 3950 1189 curemus,

2357 1212 2628 1279 quomodo
2668 1212 2938 1268 diabolum
2985 1215 3306 1269 vincamus:
3341 1216 3448 1270 imo
3494 1231 3623 1270 vero
3674 1218 3783 1271 hoc
3827 1235 3955 1285 opus

2358 1315 2465 1354 non
2513 1303 2677 1356 nostri
2724 1305 2884 1360 studii
2923 1317 3038 1370 est,
3069 1307 3161 1361 sed
3205 1309 3390 1378 gratia:
3422 1309 3511 1363 Dei
3548 1316 3744 1363 totum.
3785 1310 3954 1365 Unum

2360 1394 2515 1448 nobis
2536 1397 2775 1451 cur:e~sit
2792 1438 2808 1461 ,
2831 1405 2898 1453 ut
2929 1397 3083 1453 nobis
3108 1399 3224 1468 ejus
3249 1403 3469 1469 gratiam
3496 1402 3843 1456 attrahamus
3863 1444 3877 1465 ,
3901 1414 3958 1454 ut

2352 1485 2490 1542 illud
2522 1489 2675 1542 nobis
2700 1491 3357 1546 auxiliumcouciliemus.
3392 1493 3455 1548 Si
3485 1493 3624 1548 Deus
3653 1511 3752 1563 pro
3783 1496 3958 1557 nobis,

2357 1578 2470 1648 ιιι-δε
2499 1590 2675 1632 contra
2706 1597 2796 1634 nos
2824 1581 3000 1650 (Rom.
3031 1582 3254 1655 8.51)?
3290 1584 3480 1652 inquit.
3517 1584 3630 1639 lloc
3661 1602 3834 1638 unum
3865 1601 3961 1640 eu-

2359 1684 2537 1724 remus
2560 1711 2574 1734 ,
2607 1682 2663 1725 ut
2695 1671 2783 1726 hic
2823 1673 2976 1728 nobis
3003 1689 3119 1728 non
3157 1674 3420 1730 efﬁciatur
3447 1676 3733 1744 inimicus,
3768 1687 3820 1730 ut
3856 1693 3959 1730 lion

2357 1772 2632 1818 avertatur
2659 1779 2687 1816 a
2718 1764 2892 1818 nobis.

2413 1856 2482 1908 4.
2523 1854 2649 1908 Non
2672 1857 2910 1911 tribulari
2933 1897 2946 1922 ,
2976 1859 3072 1912 sed
3110 1874 3330 1928 peccaro
3360 1860 3558 1914 malum
3590 1868 3710 1916 est.
3730 1858 3806 1914 Et
3834 1861 3947 1914 hac

2357 1945 2535 2014 gravis
2564 1946 2839 2003 tribulatio
2861 1956 2964 2013 est,
2998 1951 3206 2004 etiamsi
3237 1951 3288 2004 in
3321 1950 3529 2005 deliciis
3553 1966 3782 2020 agamus
3808 1967 3824 2013 ;
3857 1968 3958 2004 ttutt

2359 2034 2480 2090 dico
2505 2037 2566 2090 in
2589 2036 2767 2092 futuro
2788 2080 2802 2104 ,
2839 2039 2934 2094 sed
2955 2041 3115 2095 etiam
3144 2042 3195 2096 in
3227 2043 3499 2110 praseuti.
3541 2041 3835 2109 Quomodo
3865 2057 3960 2108 pu-

2361 2137 2442 2181 tas
2469 2127 2706 2183 morderi
2738 2132 3121 2184 conscientiam
3147 2132 3431 2186 nostram?
3465 2148 3572 2202 quo
3601 2141 3880 2185 tormento
3914 2132 3961 2184 id

2360 2218 2598 2275 deterius
2644 2238 2748 2276 non
2791 2221 2993 2277 fuerit?
3037 2224 3239 2279 Vellem
3281 2224 3963 2295 diligentersinterrogam

2363 2325 2494 2374 eos.
2527 2312 2619 2381 qui
2653 2314 2891 2368 ins-malis
2924 2316 3127 2379 vivunt,
3161 2331 3226 2369 an
3254 2331 3506 2384 umquam
3551 2316 3602 2369 in
3637 2317 3960 2370 memoriam

2361 2415 2700 2475 peccatorum
2733 2421 2954 2462 suorum
2983 2409 3226 2472 veniant,
3258 2423 3436 2463 annon
3469 2419 3701 2463 tremant
3726 2449 3742 2472 ,
3778 2423 3962 2462 δηηοιι

2359 2497 2688 2565 formident,
2720 2513 2897 2552 annon
2933 2498 3192 2553 doleant?
3221 2514 3401 2554 annon
3437 2500 3624 2554 beatos
3657 2499 3966 2569 praedicent

2357 2602 2490 2651 eos,
2522 2589 2609 2658 qui
2641 2589 2692 2642 in
2719 2588 2959 2658 jejunio,
2995 2591 3046 2643 in
3079 2591 3351 2645 montibus
3371 2630 3386 2654 ,
3418 2591 3469 2643 iu
3505 2590 3850 2659 phileSophia
3881 2593 3963 2644 vi-

2362 2689 2510 2735 vunt.
2537 2681 2628 2735 Vis
2654 2681 2762 2736 illic
2781 2682 3017 2750 quietem
3041 2680 3281 2736 habere?
3310 2682 3406 2736 llic
3433 2681 3844 2737 tribulationem
3870 2697 3965 2752 pa-

2366 2782 2478 2827 tere
2516 2783 2736 2843 proptor
2781 2772 3094 2837 Christum;
3141 2775 3276 2827 nihil
3320 2773 3444 2828 huic
3486 2775 3692 2843 requiei
3724 2789 3825 2843 par
3855 2785 3962 2828 est.

2362 2865 2678 2920 Gaudebant
2722 2865 2950 2934 apostoli
3000 2865 3127 2920 dum
3172 2864 3586 2936 ﬁagellarentur.
3639 2866 3843 2920 Paulus
3885 2868 3967 2921 sic
4046 2897 4047 2900 η

2363 2962 2617 3017 admonet
2643 3002 2659 3028 ,
2711 2959 2938 3022 Gaudete
2977 2959 3030 3013 in
3080 2958 3299 3014 Domino
3328 2957 3605 3029 (Philipp.
3652 2960 3708 3013 4.
3741 2958 3837 3026 4).
3901 2959 3969 3012 Et
4046 2995 4047 2998 η

2364 3052 2635 3124 quomodo
2661 3060 2838 3123 potest
2865 3053 2985 3121 quis
3012 3050 3284 3120 gaudere,
3315 3049 3525 3119 inquies
3548 3090 3563 3113 ,
3598 3048 3961 3110 ubivincula.
4046 3071 4047 3106 ξ

2368 3153 2633 3200 tormenta
2657 3186 2672 3210 ,
2707 3143 3029 3197 tribunalia?
3078 3142 3199 3196 Istic
3225 3142 3457 3195 maxime
3495 3140 3722 3210 gauderi
3760 3149 3966 3209 potest.

2365 3235 2646 3306 Quomodo
2672 3243 2849 3289 autem
2872 3234 3039 3303 possit
3066 3231 3283 3303 gauderi
3305 3272 3321 3299 ,
3350 3231 3438 3284 ubi
3462 3197 3576 3286 haec
3602 3197 3967 3295 suun-disce.

2368 3328 2468 3397 Qui
2509 3326 2704 3381 nullius
2739 3326 2842 3379 sibi
2885 3324 3133 3379 conscius
3162 3331 3276 3388 est,
3329 3322 3615 3390 plurimum
3645 3320 3964 3386 laetabitur;

2367 3420 2438 3472 ita
2469 3427 2524 3472 ut
2548 3461 2563 3484 ,
2605 3431 2718 3488 quo
2749 3416 3008 3486 majorem
3039 3413 3240 3469 dixeris
3269 3411 3669 3467 tribulationem
3694 3452 3711 3477 ,
3739 3425 3812 3466 eo
3844 3427 3964 3466 ma-

2362 3509 2535 3580 jorem
2579 3508 2727 3562 dicas
2757 3508 3108 3575 voluptatem.
3162 3505 3256 3559 Dic
3285 3504 3427 3559 enim
3465 3503 3591 3557 mihi
3618 3542 3634 3568 ,
3679 3503 3843 3557 miles
3872 3503 3970 3574 qui

2368 3602 2515 3657 mille
2543 3601 2761 3655 vulnera
2793 3598 3034 3667 accepit,
3069 3611 3247 3652 nonne
3277 3595 3472 3650 redibit
3495 3608 3617 3649 cum
3645 3608 3847 3663 magna
3879 3610 3971 3647 v0-

2367 3695 2603 3764 luptale,
2648 3690 3013 3761 ipsa-vulnera
3044 3689 3095 3742 in
3127 3695 3514 3758 argumentum
3557 3685 3763 3740 habens
3794 3686 3970 3741 auda-

2368 3787 2465 3841 ciae
2491 3825 2505 3850 ,
2539 3782 2840 3852 splendoris
2866 3791 2920 3835 et
2948 3779 3248 3834 claritatis?
3291 3779 3355 3832 Et
3396 3787 3452 3832 tu
3483 3778 3526 3832 si
3557 3791 3750 3846 posses
3777 3793 3971 3832 erum-

2370 3874 2581 3946 pere'in
2627 3874 2774 3927 illam
2813 3887 3019 3937 vocem,
3069 3885 3228 3940 quam
3272 3870 3489 3938 protulit
3535 3868 3753 3928 Paulus.
3815 3869 3973 3939 Stig-

2370 3977 2507 4020 mata
2535 3965 2660 4020 Jesu
2691 3976 2835 4036 porto
2869 3963 2888 4034 (
2920 3963 3040 4018 Gal.
3073 3964 3126 4017 6.
3154 3963 3218 4016 17
3245 3961 3288 4032 ),
3324 3975 3509 4031 posses
3536 3967 3683 4015 certe
3714 3975 3970 4030 magnus,

2371 4060 2550 4116 clarus
2576 4068 2628 4114 et
2659 4059 2882 4112 illustris
2906 4071 3047 4111 esse.
3078 4054 3183 4109 Sed
3214 4069 3317 4107 non
3349 4061 3431 4107 est
3460 4052 3809 4122 persequutio
3831 4053 3857 4105 ?
3879 4051 3975 4107 Sta

2373 4163 2557 4209 contra
2591 4151 2836 4222 gloriam;
2855 4159 2918 4204 et
2939 4148 2981 4203 si
3005 4149 3124 4218 quis
3149 4148 3480 4201 contrarium
3509 4143 3788 4214 quidpiam
3819 4145 3977 4199 dixe-

2373 4245 2478 4310 rit,
2529 4259 2596 4297 ne
2627 4241 2868 4295 timueris
2897 4240 3034 4293 male
3065 4238 3250 4292 audire
3282 4247 3499 4306 propter
3525 4235 3807 4289 Christum
3846 4253 3860 4289 :
3896 4247 3976 4290 sta

2375 4343 2559 4390 contra
2594 4332 2764 4386 fastus
2794 4329 3128 4402 tyrannidem
3153 4369 3168 4393 ,
3219 4337 3302 4382 sta
3341 4338 3527 4382 contra
3558 4327 3652 4381 ira:
3693 4343 3934 4397 pugnam
3957 4368 3973 4391 ,

2376 4438 2458 4485 sta
2498 4437 2684 4482 contra
2711 4423 3161 4492 concupiscentiae
3199 4429 3549 4476 tormentum.
3599 4419 3668 4474 Et
3721 4420 3845 4474 hinc
3876 4423 3976 4475 sti-

2374 4532 2573 4592 gmata,
2607 4519 2722 4574 haec
2748 4525 3011 4572 tormenta
3039 4524 3183 4573 sunt.
3212 4514 3307 4568 Dic
3329 4514 3473 4567 enim
3504 4511 3658 4576 mihi,
3692 4511 3825 4580 quid
3859 4528 3980 4581 gra-

2377 4615 2495 4668 vius
2525 4613 2575 4667 in
2609 4611 2891 4666 tormentis
2916 4617 3001 4664 est
3023 4608 3083 4662 1?
3111 4621 3287 4660 annon
3317 4604 3458 4675 quod
3498 4604 3677 4658 anima
3709 4603 3900 4658 doleat
3924 4613 3978 4657 ct

2377 4707 2605 4760 uratur?
2638 4705 2747 4758 Illic
2773 4703 2916 4757 enim
2939 4715 3135 4769 corpus
3160 4698 3444 4760 dividitur;
3477 4695 3563 4750 hic
3590 4704 3770 4748 autem
3806 4705 3978 4749 totum

2381 4800 2521 4855 illius
2564 4808 2665 4852 est.
2706 4797 2860 4851 Circa
2894 4794 3040 4849 illam
3083 4792 3241 4847 dolor
3286 4800 3371 4846 est
3412 4788 3626 4860 quando
3676 4787 3936 4842 Irascitur
3961 4829 3977 4852 ,

2381 4889 2594 4962 quando
2621 4887 2860 4951 invidet,
2907 4884 3121 4956 quando
3147 4883 3271 4953 quid
3302 4881 3476 4936 simile
3505 4880 3670 4944 facit;
3704 4880 3820 4933 imo
3851 4895 3980 4934 vero

2380 4981 2594 5053 quando
2623 4980 2837 5050 patitur.
2887 4977 3000 5032 Hoc
3027 4976 3170 5031 enim
3203 4990 3308 5028 non
3338 4982 3422 5027 est
3452 4974 3627 5025 facere
3649 5011 3664 5035 ,
3697 4969 3794 5023 sed
3833 4971 3938 5039 pati
3963 5010 3978 5032 ,

2381 5089 2574 5142 nempe
2618 5071 2774 5127 irasci
2823 5079 2878 5124 et
2925 5066 3162 5123 invidere
3208 5080 3227 5119 :
3271 5065 3497 5132 ideoque
3550 5061 3665 5114 hzec
3713 5070 3983 5113 vocantur

2381 5165 2574 5219 animae
2601 5161 2791 5224 morbi,
2828 5159 3044 5213 vulnera
3066 5199 3082 5225 ,
3114 5157 3302 5228 plagae.
3329 5155 3466 5208 Vere
3494 5165 3727 5220 namque
3753 5150 3982 5205 morbus

2384 5267 2467 5312 est
2493 5265 2549 5312 et
2578 5255 2767 5310 morbo
2793 5253 3030 5323 gravius.

2456 5348 2548 5402 Ira
2583 5346 2835 5413 quomodo
2864 5342 3109 5398 sedanda.
3142 5338 3492 5407 —Cogitate,
3525 5335 3805 5402 iracundi,
3837 5334 3984 5406 quod

2387 5457 2508 5497 cum
2539 5438 2728 5494 morbo
2755 5435 2807 5491 id
2837 5436 3060 5489 faciatis.
3108 5432 3253 5501 Ergo
3279 5430 3370 5499 qui
3411 5444 3515 5483 non
3551 5428 3804 5481 irascitur
3829 5468 3848 5492 ,
3884 5444 3989 5480 nec

2388 5534 2608 5605 patitur.
2642 5528 2829 5583 Viden‘
2861 5542 2982 5581 eum
3007 5567 3020 5590 ,
3071 5524 3158 5580 cui
3198 5521 3520 5577 contumelia
3556 5519 3820 5584 infertur,
3879 5534 3988 5570 Mm
4046 5577 4047 5580 η

2390 5601 2498 5695 pati
2521 5663 2536 5683 .
2569 5620 2664 5676 sed
2692 5634 2816 5674 eum
2848 5617 2936 5688 qui
2968 5612 3346 5670 contumeliam
3381 5610 3578 5676 infert,
3626 5619 3685 5662 ut
3725 5609 3841 5678 jam
3874 5608 3992 5662 dixi

3841 367 3947 426 ηι

2462 5782 2476 5814 ί
2512 5778 2569 5830 in
2597 5790 2694 5829 uno
2717 5777 2834 5831 Cod.
2867 5774 3064 5838 tegitur,
3087 5767 3203 5836 quid
3226 5767 3356 5822 hisac
3377 5765 3631 5823 tormentis
3649 5765 3851 5832 ararim
3871 5771 3944 5814 cst
3971 5763 4002 5818 γ
4045 5755 4047 5878 j
