4068 6448
189 375 291 435 "5

187 481 632 558 superiusl‘Nam
663 476 807 551 quod
848 474 1117 548 patiatur,
1160 471 1243 526 vel
1277 470 1403 525 hinc
1447 465 1622 538 palam
1660 473 1786 528 est,

187 576 330 647 quod
361 575 466 629 hoc
491 572 672 644 passio
692 578 934 632 vocetur;
966 566 1139 636 palam
1163 565 1294 619 item
1319 570 1492 617 estex
1521 570 1750 634 corpore
1773 570 1788 608 :

192 683 274 721 na:
316 678 550 734 namque
578 659 855 732 passiones
891 657 960 711 ab
991 656 1409 713 innascuntur,
1439 649 1630 704 obtusa
1659 660 1793 699 ocu-

192 757 368 812 lorum
412 755 577 815 acies,
623 760 832 819 stupor,
878 757 929 804 et
971 745 1253 801 innumera
1293 741 1419 795 alia.
1472 737 1581 794 Sed
1625 734 1794 789 lilium

185 845 516 903 contumelia
543 841 757 908 affecit,
782 838 1036 911 inquies;
1068 834 1164 891 scd
1186 833 1478 890 famulum.
1525 829 1605 885 Ne
1634 833 1791 899 putes

190 940 560 997 inﬁrmitatem
589 950 734 1000 esse,
764 930 992 1004 quodid
1019 931 1135 999 ipse
1161 943 1266 982 non
1298 925 1484 980 facias.
1524 922 1618 977 Dic
1642 920 1792 976 enim

187 1032 348 1097 mihi,
377 1046 444 1084 an
478 1027 820 1084 benefactum
844 1024 971 1082 est?
1001 1022 1118 1078 Non
1151 1029 1282 1091 puto
1313 1018 1365 1074 id
1397 1025 1450 1073 te
1479 1014 1750 1072 dicturum
1777 1032 1792 1068 :

187 1141 320 1196 ergo
341 1139 413 1180 ne
439 1121 607 1177 facias
628 1119 772 1190 quod
799 1132 905 1173 non
932 1123 1017 1171 est
1041 1115 1178 1169 bene
1205 1111 1427 1167 factum.
1453 1108 1579 1164 Scio
1605 1105 1798 1178 quales

189 1219 246 1270 in
276 1216 472 1271 talibus
511 1215 606 1269 iraa
647 1218 955 1267 nascantur.
1006 1206 1147 1277 Quid
1186 1220 1316 1276 ergo
1358 1204 1414 1258 si.
1449 1207 1796 1263 contemnat,

190 1304 448 1376 inquies?
472 1305 518 1359 si
551 1317 776 1359 rursum
793 1299 940 1356 dicat
956 1296 983 1350 τ
1002 1297 1188 1370 Argue
1215 1313 1230 1350 :
1263 1297 1501 1362 increpa,
1533 1291 1792 1346 obsecra:

187 1395 606 1452 mansuetudine
649 1394 727 1449 ira
769 1391 1046 1448 solvitur:
1083 1386 1353 1444 accedens
1391 1398 1577 1454 argue.
1629 1381 1688 1437 In
1731 1381 1796 1436 iis

189 1495 342 1543 certe
366 1527 382 1550 .
412 1501 535 1558 quae
565 1500 667 1540 nos
693 1483 1032 1554 respiciunt,
1060 1478 1175 1534 hoc
1192 1474 1503 1532 faciendum
1535 1489 1642 1529 non
1674 1481 1795 1539 est;

190 1583 246 1638 in
280 1581 522 1644 iis~vero,
555 1594 678 1647 qua:
702 1576 842 1630 alios
866 1579 1132 1646 spectant,
1167 1570 1222 1627 id
1251 1582 1476 1624 necesse
1502 1577 1588 1622 est
1608 1581 1794 1637 agere.

188 1673 269 1729 Ne
299 1671 568 1742 propriam
597 1666 979 1724 contumeliam
1008 1674 1167 1737 putes
1186 1703 1203 1726 ,
1250 1661 1395 1732 quod
1427 1659 1567 1714 filius
1604 1666 1798 1714 contu-

189 1763 351 1818 melis
373 1761 642 1816 afficiatur
665 1777 681 1814 ε
704 1766 762 1812 ιιι
785 1756 834 1812 si
859 1755 1046 1812 doleas
1069 1754 1140 1812 de
1164 1753 1278 1816 illo,
1305 1759 1363 1806 at
1387 1765 1496 1806 non
1525 1759 1797 1819 tamquam

187 1851 522 1908 contumelia
543 1849 770 1904 affectus
783 1864 805 1903 -:
828 1860 934 1902 non
956 1845 1102 1904 enim
1125 1845 1249 1916 quia
1281 1858 1416 1913 puer
1440 1842 1582 1898 male
1611 1840 1797 1906 habet,

191 1937 249 1998 tu
293 1940 619 1997 contumelia
648 1937 874 1993 aﬂ‘ectus
898 1951 993 2001 es;
1020 1935 1118 1991 sed
1162 1935 1210 1990 is
1233 1934 1324 2005 qui
1353 1933 1494 1988 male
1516 1930 1662 1986 fecit.
1692 1929 1801 1986 lte-

187 2037 401 2105 stingue
425 2033 662 2105 gladium
688 2039 928 2102 acutum,
953 2029 1006 2084 in
1029 2027 1218 2098 vagina
1233 2025 1520 2082 condatur.
1545 2024 1601 2079 Si
1624 2023 1801 2078 nudus

188 2134 441 2190 maneat,
470 2139 617 2194 saepe
644 2122 738 2178 illo
769 2121 1134 2191 inOpportuno
1150 2129 1404 2187 tempore
1447 2123 1685 2180 utemur,
1731 2113 1802 2168 ab

188 2220 268 2275 ira
296 2217 557 2273 concitati
581 2232 596 2281 ;
628 2215 674 2269 si
708 2228 835 2269 vero
861 2211 1112 2268 conditus
1137 2217 1392 2274 maneat,
1420 2206 1631 2264 etiamsi
1661 2219 1802 2276 opus

187 2310 370 2372 fuerit,
401 2306 776 2376 esstiuguetur
797 2304 898 2358 ira.
928 2302 1044 2358 Non
1066 2301 1177 2356 vult
1200 2299 1451 2355 Christus
1477 2306 1536 2352 ut
1557 2311 1655 2368 pro
1681 2296 1802 2366 ipso

188 2402 488 2457 imscaniur
512 2417 525 2454 :
548 2397 674 2454 audi
702 2396 845 2453 enim
883 2393 1012 2466 quid
1044 2394 1203 2450 Petro
1221 2391 1402 2448 dicat:
1425 2388 1670 2446 Converte
1687 2389 1815 2458 gla-'

186 2493 330 2546 dium
371 2501 517 2546 tuum
558 2491 613 2544 in
653 2489 893 2560 vaginam
929 2485 1166 2556 (Matth.
1209 2484 1302 2540 26.
1332 2482 1443 2554 52)
1467 2523 1481 2548 ,
1533 2492 1588 2538 et
1621 2492 1676 2537 tu
1703 2497 1801 2552 pro

187 2585 302 2640 tilio
342 2581 638 2638 irasceris?
687 2582 826 2635 Doce
858 2578 1028 2633 ﬁlium
1057 2575 1469 2649 philosophari;
1517 2587 1680 2629 narra
1715 2572 1795 2628 illi

185 2674 473 2744 passiones
504 2672 749 2737 Domini;
781 2670 992 2726 imitare
1023 2667 1337 2739 magistrum
1366 2677 1538 2721 tuum.
1571 2661 1799 2732 Quando

186 2765 267 2820 illi
324 2761 687 2818 inhonorandi
742 2770 934 2827 erant,
987 2774 1092 2813 non
1143 2757 1303 2824 dixit,
1356 2755 1651 2816 Ulciscar;
1702 2751 1799 2809 sed

182 2853 362 2925 quid?
406 2852 492 2907 Me
514 2851 800 2922 persequuti
838 2857 979 2916 sunt,
1024 2858 1069 2903 et
1096 2864 1184 2904 uos
1212 2856 1578 2920 persequentur
1612 2843 1796 2915 (locis.

187 2943 445 3013 15.20).
503 2942 669 2998 Ferte
721 2942 902 3013 itaque
959 2939 1204 3004 fortiter;
1246 2936 1356 2993 non
1414 2938 1558 2992 enim
1611 2935 1802 2990 melioo

185 3049 279 3090 res
305 3048 391 3090 me
417 3032 570 3089 estis.
622 3031 749 3087 llaec
773 3042 827 3087 et
853 3040 909 3086 tu
933 3031 1046 3085 lilio
1064 3039 1119 3084 et
1144 3044 1304 3085 servo
1347 3027 1553 3084 dicito:
1577 3026 1694 3082 Non
1739 3039 1807 3082 es

185 3127 421 3183 Domino
452 3135 545 3180 tuo
583 3123 796 3179 melior.
845 3122 953 3186 Sed
985 3122 1104 3178 bene
1141 3119 1499 3194 philosophiae
1525 3118 1689 3175 verba
1722 3117 1803 3173 vi-

184 3218 386 3273 dentur
411 3232 441 3272 a
468 3216 626 3272 vidua
657 3213 944 3286 proficisci.
976 3214 1072 3270 ﬂei
1106 3214 1238 3270 mihi
1264 3253 1282 3280 ,
1312 3211 1458 3283 quod
1492 3226 1584 3267 res
1615 3209 1802 3266 verbis

184 3309 457 3366 declarari
488 3319 741 3378 nequeat,
773 3317 831 3363 ut
857 3316 1036 3377 potest
1058 3307 1390 3378 experientia
1421 3304 1615 3360 edisei.
1647 3303 1715 3358 Et
1742 3314 1803 3360 ut

183 3405 392 3467 discas,
423 3404 479 3458 in
508 3401 686 3458 medie
713 3400 945 3456 duorum
971 3397 1399 3455 concertantium
1428 3405 1600 3462 stans,
1629 3396 1706 3451 sis
1732 3412 1799 3450 ex

185 3505 342 3566 parte
363 3495 640 3560 laesorum,
669 3508 776 3548 non
802 3491 1134 3557 latdentium,
1164 3491 1208 3546 si
1232 3504 1340 3545 non
1364 3489 1506 3560 apud
1536 3501 1587 3544 te
1611 3489 1803 3543 trium-

187 3586 330 3656 phos
351 3583 582 3652 videbis,
605 3584 650 3639 si
673 3599 782 3638 non
799 3581 1109 3653 splendidas
1120 3581 1353 3652 accipies
1371 3596 1623 3636 coronas.
1643 3579 1801 3646 Vide,

184 3679 466 3750 quomodo
491 3677 818 3733 contumelia
849 3675 1086 3731 alticitur
1114 3677 1254 3730 Deus
1278 3714 1294 3740 ,
1327 3688 1489 3744 quam
1521 3682 1805 3728 mansuete

188 3783 248 3828 et
278 3770 510 3839 benigne
537 3766 864 3838 respuudeat
896 3784 908 3820 :
943 3765 1043 3822 Ubi
1070 3775 1184 3832 est,
1221 3766 1430 3836 inquit,
1471 3764 1599 3820 Abel
1641 3769 1803 3836 frater

187 3874 312 3916 tuus
339 3859 496 3930 (Gen.
526 3859 582 3914 4.
607 3857 781 3928 9)?Et
795 3855 923 3928 quid
951 3857 1085 3912 ille?
1129 3853 1399 3926 Numquid
1426 3866 1596 3910 custos
1624 3855 1806 3926 fratris

188 3952 293 4005 mei
311 3967 426 4004 sum
440 3966 533 4021 ego
549 3949 575 4003 .’
601 3949 738 4016 Quid
757 3947 860 4003 hoc
886 3947 1253 4017 arrogantius?
1277 3947 1379 4001 hoc
1402 3957 1550 4002 certe
1569 3946 1655 4002 vel
1677 3961 1708 4001 a
1741 3947 1807 4000 fi-

187 4041 648 4113 lieqnislibenter
667 4041 1013 4096 audivisset?
1030 4055 1150 4094 nam
1176 4040 1220 4095 si
1240 4054 1270 4092 a
1286 4038 1664 4102 fratre,nonne
1683 4040 1806 4110 quis

186 4134 409 4189 duxerit
443 4148 565 4187 esse
591 4132 982 4202 ignominia-ml
1009 4132 1079 4186 At
1101 4131 1243 4185 Dens
1287 4130 1486 4185 iterum
1519 4142 1804 4186 mansuete

188 4223 522 4294 respondet:
551 4221 665 4277 Vox
681 4222 965 4292 sanguinis,
989 4221 1183 4289 inquit,
1202 4221 1382 4290 fratris
1417 4221 1490 4274 tui
1521 4220 1710 4275 clamat
1734 4220 1805 4273 ad

188 4315 370 4369 πολι
389 4313 551 4376 Deus,
577 4312 906 4382 inquies,_ira
925 4310 1176 4381 superior
1191 4318 1295 4366 est.
1313 4311 1418 4366 Sed
1438 4311 1560 4367 ideo
1578 4312 1806 4366 descen-

189 4407 274 4463 dit
302 4405 469 4460 Filius
501 4405 594 4461 Dei
620 4446 637 4472 ,
670 4415 728 4459 ut
755 4415 808 4460 te
834 4402 995 4460 deum
1040 4403 1242 4460 faceret
1272 4420 1349 4460 sci
1369 4405 1568 4460 undum
1608 4405 1804 4462 huma-

191 4513 294 4554 nas
323 4499 486 4553 vires.
529 4497 599 4551 At
627 4513 733 4552 non
765 4511 982 4565 possum
1004 4537 1020 4562 ,
1053 4497 1265 4567 inquies
1287 4537 1304 4564 ,
1335 4497 1499 4552 homo
1527 4513 1650 4553 cum
1676 4500 1803 4554 sim.

192 4590 341 4658 Ergo
368 4599 554 4658 patere
578 4597 636 4643 ut
662 4588 908 4644 homines
936 4589 1028 4644 tibi
1050 4589 1404 4644 adducamus.
1433 4588 1511 4644 Ne
1535 4600 1692 4660 putes
1718 4606 1807 4649 me

192 4680 422 4738 Paulum
452 4679 634 4736 dicere
657 4690 751 4735 aut
780 4680 993 4735 Petrum
1016 4720 1032 4744 ,
1062 4680 1157 4735 sed
1188 4680 1450 4752 quosdam
1479 4681 1612 4752 ipsis
1640 4681 1808 4753 longe

193 4773 505 4828 infen'ores.
537 4771 655 4828 lleli
683 4787 873 4828 servus
899 4773 1111 4827 Annam
1146 4773 1480 4829 contumelia
1509 4774 1804 4843 allecerat,

189 4863 386 4918 dicens
419 4881 432 4916 :
462 4863 650 4935 Digere
694 4866 864 4919 vinum
903 4865 1059 4918 tuum’
1093 4866 1189 4935 (l.
1243 4864 1370 4937 Reg.
1406 4867 1456 4920 l.
1488 4867 1619 4938 14.).
1665 4866 1808 4935 Quid

197 4956 305 5010 hoc
331 4955 818 5010 eontumelioisius?
844 4955 982 5022 Quid
1008 4971 1139 5026 ergo
1165 4957 1253 5012 illa
1275 4957 1298 5010 ?
1327 4956 1519 5013 Mulier
1546 4960 1600 5013 in
1629 4975 1807 5016 amaro

193 5046 281 5099 die
306 5061 398 5116 ego
422 5062 552 5100 sum.
583 5045 725 5101 Nihil
752 5062 940 5103 revera
969 5047 1250 5101 afﬂictioni
1282 5063 1377 5116 par
1405 5065 1418 5101 :
1451 5047 1808 5119 philosophia:

193 5147 372 5191 mater
399 5146 501 5192 est.
548 5137 676 5192 Haec
710 5153 841 5193 vero
883 5140 1014 5207 ipsa
1038 5139 1234 5193 mulier
1263 5139 1514 5193 (amulum
1549 5139 1756 5195 habens
1779 5181 1796 5209 ,

196 5244 308 5283 non
335 5229 658 5283 contumelia
683 5227 860 5285 affecit
885 5245 1027 5294 eam;
1055 5229 1151 5285 sed
1175 5229 1340 5299 quid?
1369 5230 1447 5284 Ad
1477 5230 1644 5285 Deum
1670 5246 1804 5286 con-
1871 5237 1878 5248 '

195 5320 354 5391 fugit,
379 5329 434 5375 et
459 5335 623 5378 orans
646 5322 790 5376 illius
816 5339 882 5378 ne
903 5323 1118 5393 quidem
1143 5324 1412 5386 meminit,
1442 5339 1614 5392 neque
1637 5323 1804 5379 dicit:

195 5413 465 5479 Quoniam
499 5412 614 5468 haec
640 5430 726 5469 me
752 5415 964 5485 probris
992 5415 1191 5476 affecit.
1213 5431 1299 5470 me
1329 5415 1596 5472 ulciscere
1625 5435 1639 5472 :
1670 5418 1807 5473 adeo

197 5502 561 5573 philosophia:
589 5515 802 5560 assueta
832 5505 1029 5561 mulier
1055 5517 1192 5561 erat.
1218 5506 1641 5577 Erubescimus,
1669 5509 1804 5565 viri:

196 5593 354 5647 scitis
380 5595 525 5648 enim
555 5594 690 5649 nihil
713 5595 832 5651 zelo
864 5611 959 5665 par
984 5611 1126 5652 esse.

272 5684 330 5739 5.
361 5684 682 5740 Publicanus
708 5702 737 5741 a
761 5687 1038 5744 Pharismo
1063 5690 1388 5745 contumelia
1420 5691 1666 5757 allectus,
1698 5709 1807 5749 non

199 5777 393 5835 lettth
433 5779 814 5837 coxittniteliam
836 5821 852 5848 ,
883 5781 1129 5852 quamvis
1169 5791 1384 5854 posset,
1431 5785 1475 5841 si
1509 5785 1803 5853 voluisset;

1155 359 1223 417 IN
1261 355 1441 416 ACTA
1485 345 2009 411 APOSTOLORUM.
2050 340 2283 400 unum.
2323 342 2442 398 XV.

3412 341 3516 398 {.36

1900 455 1998 514 sed
2046 455 2098 511 id
2139 454 2517 527 pbilosophico
2561 451 2748 508 animo
2793 451 2937 518 tulit,
2983 452 3194 520 dicens,
3248 454 3519 526 Propitius

1897 557 2004 603 esto
2045 547 2173 602 mihi
2215 546 2473 616 peccatori
2499 542 2667 615 (Luc.
2701 543 2788 599 l8.
2825 542 3343 617 13)..“empltibaal
3381 547 3461 616 (ιι)
3488 564 3520 602 a

1900 652 2062 694 servo
2087 647 2376 694 accusatus
2397 645 2454 693 et
2473 637 2744 692 calumnia
2767 636 3045 707 impetitus
3067 637 3146 708 (Ἰ.
3167 639 3300 713 Reg.
3330 640 3414 696 ιϐ.
3436 642 3520 710 5),

1903 747 2084 804 neque
2107 731 2246 787 dixit
2270 746 2448 801 neque
2476 729 2602 786 fecit
2625 730 2708 785 illi
2726 730 3002 800 quidpiam
3029 732 3180 798 mali,
3212 748 3281 788 ne
3300 734 3522 804 quidem

1902 823 2046 894 apud
2088 837 2296 894 regem.
2341 821 2439 878 Vis
2487 822 2652 879 etiam
2697 822 3002 878 meretricis
3053 823 3255 884 audire.
3283 824 3528 896 philoso-

1905 915 2122 986 phiam?
2147 913 2285 970 Audi
2314 913 2591 972 Christum
2617 914 2888 971 dicentem
2910 956 2925 980 ,
2953 916 3177 987 quando
3203 917 3291 973 illa
3313 920 3526 990 capillis

1902 1009 2020 1064 suis
2046 1006 2212 1079 pedes
2238 1006 2412 1078 ipsius
2442 1006 2688 1079 tergebat
2711 1024 2726 1062 :
2750 1004 3029 1063 Publicam'
3048 1016 3097 1063 et
3128 1011 3416 1065 meretrices
3436 1027 3527 1066 vos

1903 1098 2191 1172 prandent
2237 1099 2292 1153 in
2334 1114 2491 1171 regno
2539 1096 2759 1166 (Matth.
2817 1097 2915 1154 2i.
2965 1099 3087 1171 5i).
3134 1099 3327 1157 Vidisti
3373 1102 3524 1158 illam

1904 1197 2138 1246 stantem
2167 1198 2224 1244 et
2253 1188 2669 1261 lacrytnantem,
2701 1204 2767 1244 ac
2796 1191 3015 1262 propria
3043 1202 3263 1262 peccata
3291 1193 3528 1250 abluen-

1906 1285 2061 1340 tem?
2099 1278 2256 1343 Vide,
2313 1278 2591 1351 quomodo
2632 1293 2664 1336 a
2716 1279 2994 1338 Pharist
3047 1284 3264 1354 probris
3306 1284 3525 1354 affecta,

1907 1386 2016 1427 non
2059 1369 2346 1428 irascatur.
2396 1371 2452 1428 Si
2500 1373 2688 1440 sciret,
2736 1374 2940 1444 aiebat,
2982 1375 3125 1444 quod
3173 1376 3291 1434 haec
3331 1379 3529 1435 mulier

1906 1462 2179 1532 peccatrix
2223 1464 2337 1530 sit,
2386 1477 2495 1519 non
2537 1463 2744 1522 sineret
2817 1480 2964 1522 eam.
3031 1465 3151 1523 Non
3203 1468 3342 1525 dixit
3394 1471 3524 1526 illi:

1905 1553 2083 1622 Quid?
2104 1569 2318 1625 qumso;
2367 1564 2497 1610 tune
2527 1571 2696 1626 purus
2734 1571 2765 1611 a
2809 1558 3048 1628 peccatis
3083 1559 3186 1616 es?
3218 1562 3314 1617 sed
3355 1565 3530 1634 magis

1908 1645 2236 1715 patiebatur,
2273 1647 2446 1717 magis
2487 1647 2761 1717 gemebat,
2814 1659 2870 1704 et
2910 1650 3201 1707 calidiores
3259 1652 3530 1726 lacrymas

1907 1734 2215 1791 emittebat.
2243 1735 2405 1803 Quod
2430 1738 2474 1792 si
2509 1738 2791 1805 mulieres,
2825 1740 3098 1810 publicani
3123 1753 3181 1799 et
3207 1748 3530 1804 meretriocs

1909 1826 2383 1898 philosophantur,
2418 1829 2582 1902 idque
2610 1841 2739 1886 ante
2767 1833 2996 1904 gratiam
3029 1852 3043 1888 :
3073 1851 3178 1906 qua
3199 1840 3356 1894 venia
3377 1838 3524 1911 digni

1910 1933 2009 1974 nos
2052 1919 2281 1988 erimus,
2330 1921 2424 1992 qui
2462 1932 2584 1991 post
2634 1929 2842 1978 tantam
2885 1927 3117 1996 gratiam
3163 1932 3336 2002 magis
3362 1947 3527 2003 quam

1908 2008 2038 2067 ferte
2067 2010 2340 2080 rixemur,
2355 2013 2693 2081 mordentes,
2727 2014 3076 2073 calcitrantes
3092 2019 3117 2071 ’ἒ

1981 2100 2076 2156 Ira
2102 2103 2452 2176 redarguitur.
2482 2135 2556 2148 —-
2581 2105 2728 2161 Nihil
2761 2109 2970 2178 turpius
3000 2109 3078 2164 ira
3101 2151 3118 2178 ,
3147 2110 3281 2166 nihil
3324 2113 3488 2171 vilius
3509 2155 3527 2181 ,

1907 2191 2043 2248 nihil
2068 2196 2326 2264 gravius,
2359 2194 2498 2250 nihil
2531 2196 2836 2267 ingratius,
2867 2199 3008 2254 nihil
3029 2200 3368 2259 damnosius.
3401 2204 3530 2261 llmc

1907 2283 2060 2349 dico,
2105 2299 2214 2340 non
2267 2292 2478 2342 tantum
2530 2295 2590 2343 ut
2637 2302 2761 2344 cum
2793 2289 2927 2345 viris
2968 2292 3130 2349 mites
3171 2294 3342 2350 simus
3369 2337 3386 2364 ,
3430 2299 3528 2354 sed

1907 2375 2072 2431 etiam
2100 2385 2160 2432 ut
2183 2377 2230 2432 si
2262 2393 2402 2434 uxor
2429 2379 2627 2450 loquax
2651 2379 2742 2447 sit,
2772 2380 2915 2438 feras
2939 2383 3088 2440 illam
3120 2403 3136 2442 :
3166 2387 3354 2445 sittibi
3379 2391 3533 2460 palae-

1907 2478 2021 2525 stra
2060 2480 2117 2526 et
2153 2473 2496 2543 gymnasium
2545 2489 2703 2529 uxor.
2745 2474 3032 2542 Quomodo
3057 2479 3205 2534 enim
3233 2481 3529 2540 absurdum

1909 2578 2018 2619 non
2037 2564 2206 2621 fuerit
2232 2568 2517 2638 gymnasia
2545 2567 2838 2624 admittere
2857 2611 2875 2638 ,
2901 2586 3024 2641 qum
3052 2573 3187 2629 nihil
3221 2574 3360 2631 lucri
3391 2577 3529 2633 all‘e-

1907 2663 2054 2720 rant,
2105 2655 2198 2710 ubi
2241 2671 2444 2728 corpus
2472 2660 2797 2727 atterimus;
2839 2669 2896 2716 et
2931 2666 3215 2734 gymnasia
3245 2666 3393 2722 domi
3423 2684 3532 2725 non

1911 2761 2125 2818 parare,
2170 2763 2292 2819 quae
2340 2749 2507 2805 etiam
2538 2761 2669 2808 ante
2715 2755 3015 2810 certamina
3064 2771 3326 2814 coronam
3375 2762 3536 2816 nobis

1908 2840 2249 2898 concilient?
2293 2842 2638 2900 Contumelia
2680 2844 2850 2901 afficit
2879 2847 3118 2905 mulier?
3146 2850 3223 2905 Ne
3255 2860 3308 2907 tu
3339 2855 3535 2910 mulier

1907 2931 2169 2988 efﬁciaris
2200 2950 2215 2988 :
2245 2933 2513 2990 muliebre
2561 2937 2710 2992 enim
2758 2948 2844 2993 est
2890 2941 3223 2997 contumelia
3273 2943 3530 3012 afﬁcere;

1908 3023 2134 3081 morbus
2161 3033 2248 3080 est
2286 3025 2484 3094 animi,
2513 3027 2705 3083 vitium
2732 3038 2838 3085 est.
2870 3028 2950 3086 Ne
2976 3042 3139 3101 putes
3163 3031 3216 3088 t'e
3247 3033 3532 3106 indignum

1910 3131 2056 3181 esse,
2081 3117 2229 3189 quod
2264 3133 2296 3172 a
2327 3119 2560 3175 muliere
2581 3122 2917 3178 contumelia
2942 3123 3218 3181 afficiaris.
3248 3125 3533 3199 indignum

1911 3216 1965 3264 te
1994 3218 2097 3275 est,
2139 3224 2264 3266 eum
2311 3219 2367 3266 tu
2405 3214 2740 3270 contumelia
2775 3214 2970 3284 silicis,
3004 3217 3093 3273 illa
3124 3233 3256 3276 vero
3282 3221 3532 3292 philoso-

1911 3298 2141 3370 phatur;
2169 3311 2298 3357 tunc
2327 3304 2560 3373 turpiter
2585 3305 2726 3376 agis,
2753 3316 2882 3363 tunc
2901 3311 3233 3366 contumelia
3261 3311 3532 3372 afficeris:

1911 3391 1955 3445 si
1985 3404 2117 3447 vero
2145 3393 2538 3449 contumeliam
2571 3397 2716 3452 feras
2736 3438 2752 3462 ,
2784 3413 3038 3469 magnum
3068 3401 3174 3458 erit
3201 3401 3536 3463 fortitudinis

1912 3489 2020 3537 tute
2051 3492 2453 3554 argumentum.
2494 3485 2618 3542 Non
2649 3487 2755 3544 hoc
2783 3489 2945 3559 dico,
2988 3500 3049 3547 ut
3089 3495 3349 3553 mulieres
3380 3499 3538 3556 indu-

1911 3587 2033 3630 eam
2079 3574 2149 3629 ad
2199 3577 2558 3634 contumelias
2611 3577 2969 3649 inferendae;
3017 3583 3199 3653 absit;
3232 3589 3328 3643 sed
3359 3599 3458 3659 ut,
3490 3595 3539 3648 si

1912 3672 2104 3720 satana
2123 3664 2416 3736 instigante
2442 3667 2495 3723 id
2516 3672 2757 3738 eveniat,
2781 3687 2881 3728 vos
2911 3673 3118 3730 feratis.
3149 3677 3401 3736 Virorum
3426 3681 3541 3739 for.

1914 3755 2049 3811 tium
2079 3767 2164 3812 est
2195 3759 2444 3817 infirmos
2465 3762 2632 3820 ferre.
2665 3762 2722 3818 Si
2753 3764 2988 3822 famulus
3013 3771 3412 3831 eontradixerit
3432 3819 3448 3845 ,
3480 3787 3535 3834 tu

1913 3847 2291 3919 philosophice
2311 3866 2412 3923 age
2436 3870 2449 3906 :
2473 3869 2580 3909 non
2597 3855 2744 3926 quod
2770 3858 2860 3915 ille
2881 3870 3123 3918 meretur
3149 3863 3362 3934 audire,
3387 3865 3540 3923 dicas

1912 3941 2000 3997 vel
2030 3940 2220 4009 facias,
2242 3943 2340 4000 sed
2361 3946 2508 4016 quod
2534 3957 2754 4017 oportet
2775 3959 2828 4006 te
2852 3949 3040 4010 dicere
3061 3963 3119 4010 et
3143 3954 3345 4014 facere.
3371 3958 3540 4014 Num-

1912 4047 2077 4103 quam
2104 4035 2339 4104 puellam
2369 4038 2702 4094 contumelia
2733 4040 2964 4108 aflicias,
2995 4045 3223 4101 verbum
3251 4057 3408 4119 turpe
3450 4051 3542 4106 cf-

1912 4125 2131 4194 ferens;
2159 4143 2456 4199 numquam
2484 4129 2746 4188 famulum
2779 4136 3072 4192 scelestum
3103 4139 3276 4197 dicas.
3307 4140 3403 4198 ille
3427 4159 3537 4200 non

1914 4219 2242 4275 contumelia
2272 4218 2503 4279 atl‘ectus
2528 4232 2633 4293 est,
2661 4225 2758 4281 sed
2803 4235 2880 4282 tu.
2913 4228 3034 4285 Non
3063 4242 3242 4301 potest
3271 4235 3323 4289 in
3353 4237 3540 4307 seipse

1918 4321 2147 4366 manere
2193 4310 2242 4366 is
2283 4312 2378 4383 qui
2410 4313 2665 4372 irascitur
2686 4356 2708 4385 ,
2732 4319 2876 4376 sicut
2902 4335 3006 4377 nec
3035 4324 3260 4395 pelagus
3285 4326 3541 4387 fluctibus

1914 4401 2367 4498 agitati-impnec
2422 4405 2549 4498 fons
2593 4423 2818 4466 manere
2866 4427 3038 4483 purus
3090 4427 3292 4488 potest,
3326 4419 3442 4476 luto
3479 4423 3535 4478 in

1915 4489 2070 4546 illum
2101 4491 2376 4550 incidente
2403 4489 2526 4552 :"sic
2555 4499 2739 4556 omnia
2766 4502 3093 4574 miscentur;
3123 4508 3233 4564 imo
3253 4512 3334 4584 sic
3355 4514 3542 4570 omnia

1916 4595 2012 4637 sus
2039 4581 2218 4655 deque
2245 4595 2557 4645 vertuntur.
2591 4591 2651 4647 Si
2683 4593 2967 4663 verberes,
2995 4597 3042 4652 si
3076 4581 3312 4656 tunicam
3333 4602 3541 4660 discin-

1918 4671 2039 4741 das,
2093 4683 2150 4730 tu
2203 4677 2380 4747 majus
2423 4680 2682 4739 damnum
2730 4688 3027 4759 accepisti;
3075 4692 3153 4746 illi
3203 4709 3444 4766 namque
3485 4699 3542 4754 in

1917 4779 2152 4836 corpore
2197 4777 2253 4824 et
2301 4770 2356 4825 in
2408 4781 2558 4830 veste
2601 4774 2756 4846 plaga
2793 4788 2912 4848 est,
2963 4781 3060 4837 tibi
3095 4799 3225 4839 vero
3252 4787 3304 4841 in
3332 4787 3538 4845 anima.

1917 4858 2070 4950 illam
2115 4862 2347 4928 scidisti,
2381 4864 2530 4921 illam
2570 4868 2905 4939 vulnerasti;
2935 4877 3180 4948 aurigam
3207 4881 3364 4950 equis
3403 4883 3541 4936 sub-

1912 4947 2096 5019 jecisti
2117 4993 2133 5018 ,
2179 4955 2436 5023 supinum
2470 4959 2610 5014 trahi
2639 4965 2841 5022 curasti
2875 4981 2889 5020 :
2928 4947 3094 5037 atque
3124 4947 3362 5041 idipsum
3391 4971 3450 5026 fit
3476 4987 3544 5030 ac

1918 5043 1963 5098 si
2007 5046 2193 5116 auriga
2235 5048 2394 5104 alteri
2419 5066 2790 5123 succensens,
2825 5057 2962 5113 trahi
3005 5074 3066 5116 se
3112 5064 3370 5132 patiatur.
3416 5063 3546 5122 Sive

1921 5134 2172 5206 increpes
2193 5177 2208 5205 ,
2259 5139 2382 5196 sive
2421 5157 2648 5200 moneas
2666 5187 2682 5212 ,
2715 5147 2833 5202 sive
2861 5149 2989 5219 quid
3018 5152 3166 5207 aliud
3196 5152 3385 5223 facias,
3413 5158 3544 5213 abs-

1919 5241 2026 5297 que
2065 5227 2145 5284 ira
2184 5238 2242 5285 et
2278 5229 2466 5288 furore
2504 5233 2688 5291 facito.
2730 5237 2864 5294 Nam
2903 5242 2950 5296 si
2989 5241 3035 5297 is
3061 5283 3078 5311 ,
3125 5243 3218 5315 qui
3258 5245 3545 5317 increpat,

1983 5363 2557 5447 squamam
2574 5371 2656 5444 hic
2679 5381 2818 5447 εραςι
2854 5377 3202 5447 μεωρηεθααι,
3228 5381 3271 5433 ιε
3302 5385 3413 5447 ipse
3439 5393 3517 5436 εει

2029 5419 2230 5476 vocatur
2255 5419 2663 5499 Miphitiosethiin
2690 5419 3413 5499 ἰῖῐιῑέςθίἓῐὲἰἜὶιῖζιὲζέιῗεὸἬ
3433 5419 3547 5497 tu);

1947 5460 2002 5487 ιι..
2035 5460 2221 5476 ννυαιυιι
2255 5460 2576 5503 "nun-tm"!
2613 5460 2663 5483 ιιι
2708 5460 2907 5499 νυιδδιδ
2926 5460 2980 5488 et.
3014 5460 3052 5492 ﬂ
3139 5460 3250 5498 σοσοι
3269 5460 3400 5508 apuu
3433 5460 3529 5496 LX)

1947 5495 2251 5562 nter-precs.
2278 5490 2473 5562 l_)tcntur
2497 5501 2666 5544 autem
2710 5500 2994 5562 Merihbaal,
3020 5467 3134 5553 [Ἴ
3153 5506 3391 5562 Paralip.,
3422 5521 3467 5558 (ι.
3495 5510 3529 5557 8

1919 5521 2251 5550 ...ιν-γιυυυο.
2279 5521 2469 5543 uiuitur
2497 5521 2666 5544 autem
2711 5521 2994 5562 lacrumam,
3022 5521 3054 5552 l.
3101 5521 3126 5553 1
3153 5521 3391 5570 varaup.,
3422 5521 3467 5558 (ι.
3495 5521 3550 5570 ὅ,

1919 5562 1971 5629 χ.
1993 5551 2391 5629 3.1...Ai‘7sxlduobus
2427 5565 2608 5629 autem.
2627 5560 2914 5629 nominibus
2937 5577 3090 5629 unum
3127 5565 3310 5616 factum
3345 5577 3442 5629 est,
3478 5573 3548 5620 ita

1920 5615 1977 5660 ut
2013 5611 2233 5683 Memphi
2257 5627 2320 5663 ex
2341 5630 2458 5676 uno,
2476 5617 2608 5690 _Baal
2633 5632 2698 5668 ex
2725 5620 2884 5672 altero
2902 5611 3100 5677 nomine
3122 5611 3442 5692 desum—ptum
3461 5611 3547 5682 έιῖ

1920 5680 2068 5722 Porro
2085 5687 2159 5722 sne
2194 5685 2397 5722 vocatur
2419 5687 2568 5722 etiam
2603 5694 2751 5722 sum-si
2786 5685 2835 5722 in
2858 5687 3059 5722 ςνηηπκί
3090 5691 3353 5722 ςρνίηιηι-ση
3371 5706 3524 5722 ραι-...ι

1921 5685 2068 5781 εξοἨο
2085 5687 2164 5782 sm!
2194 5685 2397 5786 νὲίξῗξω
2419 5685 2569 5730 eum“
2603 5694 2754 5744 supra
2786 5685 2836 5734 in
2858 5687 3061 5751 Syuopsi
3090 5685 3353 5760 Scriptura“:
3370 5706 3546 5753 saera),

1923 5747 2184 5859 qiméf‘ii
2209 5772 2270 5848 inv
2293 5741 2964 5859 inrlﬂfgdiiiiiﬁ..q"°""°
2998 5751 3324 5815 “emph’ml
3370 5756 3539 5817 ίιέὼοιο

2087 5831 2098 5845 .
2124 5818 2184 5850 οι
2209 5818 2257 5848 ιιι
2293 5818 2474 5853 nurum
2498 5818 2528 5853 Ζ
2553 5818 2756 5870 ttegum.
