4068 6428
540 352 644 408 127

542 463 784 520 medicus
804 464 885 514 est
912 450 1209 526 peccantis,
1237 447 1506 520 quomodo
1534 444 1701 515 possit
1729 443 1890 496 alium
1916 453 2129 501 curare,

539 570 662 610 cum
693 551 790 605 sibi
822 548 921 617 ipsi
952 545 1100 617 prius
1122 543 1317 597 malum
1347 537 1605 601 intulerit,
1637 548 1736 589 nec
1764 531 1999 599 seipsum
2036 543 2131 583 cu-

541 646 657 701 ret?
684 644 741 699 Si
766 643 921 711 quis,
954 651 1137 710 quaeso
1158 677 1172 701 ,
1202 632 1442 689 medicus
1466 629 1630 682 alium
1672 635 1955 681 curaturus
1993 622 2095 677 iret
2115 661 2130 684 ,

542 748 819 809 postquam
849 734 997 804 prius
1039 742 1255 785 manum
1287 738 1437 780 suam
1477 720 1775 777 sauciasset
1800 757 1813 780 ,
1846 725 2129 785 postquam

548 806 697 901 prius
730 829 919 882 ocu'os
946 829 1291 882 excmcasset,
1324 831 1450 870 num
1476 815 1553 868 sic
1585 813 1732 867 illum
1759 807 2009 864 curaret?
2038 806 2134 859 Mi-

544 900 709 987 nime,
742 916 969 988 inquies.
1001 913 1091 969 Sic
1120 919 1171 965 et
1201 918 1252 963 tu
1285 908 1411 963 licet
1440 907 1704 972 increpes,
1740 900 1864 953 licet
1890 910 2132 959 moneas,

542 1027 677 1085 pura
706 987 920 1065 videant
952 1002 1091 1059 oculi
1133 1001 1231 1056 lui.
1275 998 1351 1053 Nc
1394 998 1577 1051 turbes
1608 1006 1863 1055 mentem,
1897 987 2133 1057 alioquin

541 1080 813 1173 quomodo
860 1094 1067 1151 medela
1112 1091 1253 1147 erit?
1296 1089 1410 1143 Non
1453 1092 1673 1155 possunt
1712 1082 1767 1136 in
1799 1080 1987 1136 eadem
2014 1092 2135 1133 esse

548 1168 935 1263 tranquillitate
974 1186 1064 1257 qui
1097 1198 1203 1237 non
1235 1181 1483 1235 irascitur
1508 1186 1564 1231 et
1592 1174 1682 1245 qui
1712 1172 1979 1226 irascitur.
2024 1168 2135 1223 Cur

540 1261 765 1340 doctore
794 1281 1025 1336 decusso
1054 1275 1123 1333 de
1155 1274 1372 1335 throno,
1404 1267 1552 1323 humi
1577 1265 1845 1335 iacentem
1888 1261 2133 1328 alloque-

540 1374 653 1431 ris‘l
693 1372 811 1428 Non
856 1368 1010 1424 vides
1030 1365 1259 1437 iudices,
1293 1362 1381 1432 qui
1408 1374 1531 1415 cum
1566 1352 1856 1426 iudicaturi
1891 1358 2010 1405 sunt
2036 1390 2050 1416 ,
2082 1348 2134 1404 in

1269 336 1328 393 S.
1368 330 1644 392 JOANNIS
1680 321 2162 387 CHRYSOSTOMI
2201 320 2519 384 ARCHIEI‘.
2555 319 3091 378 CONSTANTINOP.

3731 311 3838 370 ηε

2245 435 2439 489 throno
2482 435 2705 502 sedent,
2741 436 2792 490 in
2826 436 3006 491 habitu
3048 434 3301 491 decenti?
3339 432 3428 490 Sic
3469 443 3520 490 ct
3550 443 3605 488 tu
3638 433 3804 492 facito
3826 473 3839 494 .

2237 544 2371 583 orna
2422 526 2657 581 animam
2707 538 2848 582 tuam
2901 532 3095 583 vestitu
3134 527 3413 596 iudiciali;
3456 526 3573 581 hmc
3602 541 3728 581 vera
3760 536 3843 581 est

2238 620 2462 688 mquitas
2515 635 2528 670 :
2570 628 2624 672 et
2652 630 2775 673 ttmc
2804 620 2856 672 in
2890 619 3084 673 throno
3127 618 3290 688 iudex
3320 618 3466 673 sede.
3494 616 3600 673 Sed
3633 633 3741 670 non
3778 619 3845 670 li-

2247 711 2433 775 mebit,
2468 712 2698 781 inquies.
2724 710 2835 765 lino
2859 714 3027 779 magis
3050 712 3275 765 timebit.
3306 710 3457 765 Tunc
3478 725 3608 764 vero
3629 710 3844 763 etiamsi

2237 802 2380 870 iusta
2412 801 2631 868 dixeris,
2667 803 2717 856 id
2751 802 2913 857 furori
2939 819 3127 857 servus
3156 803 3467 873 imputabit;
3494 806 3538 856 si
3569 817 3698 857 vero
3722 816 3843 854 cum

2243 896 2691 962 mansuetudine,
2723 897 2960 967 seipsum
3007 895 3283 949 damnabit
3314 911 3327 945 :
3360 895 3611 965 quodque
3644 892 3839 962 pra-ei-

2241 1000 2404 1055 puum
2436 994 2552 1049 est,
2589 994 2640 1041 te
2669 987 2807 1041 Deus
2848 996 3126 1056 acceptum
3166 985 3423 1050 habebit,
3452 993 3505 1039 et
3532 984 3611 1037 sic
3643 982 3848 1052 pmeris

2241 1086 2444 1129 a-terna
2466 1077 2602 1130 bona
2620 1078 2897 1147 consequi,
2917 1078 3107 1148 gratia,
3138 1077 3484 1132 miseratione
3512 1085 3567 1131 et
3596 1075 3850 1143 benigni-

2243 1179 2349 1222 tate
2382 1169 2590 1224 Domini
2616 1173 2783 1225 nostri
2813 1172 2940 1227 Jesu
2962 1172 3185 1237 Christi,
3213 1173 3428 1242 quiCum
3461 1170 3605 1225 Patri
3632 1183 3849 1236 unaque

2243 1258 2468 1329 Spiritui
2513 1271 2699 1315 sancto
2740 1263 2912 1331 gloria
2938 1303 2953 1329 ,
3001 1264 3325 1332 imperium,
3371 1265 3543 1317 honor
3568 1302 3586 1329 ,
3620 1275 3764 1315 nunc
3797 1268 3851 1313 ct

2244 1364 2459 1422 semper
2478 1392 2495 1421 ,
2527 1362 2580 1407 et
2608 1356 2661 1407 in
2691 1356 2885 1408 saecula
2917 1355 3259 1410 sax-olorum.
3286 1360 3480 1411 Amen.

570 1484 3836 1529 MM

1923 1556 2273 1620 HOMILIA
2321 1561 2491 1623 XVI.

546 1738 674 1793 CAP.
704 1737 757 1791 7.
789 1750 838 1785 v.
871 1730 923 1786 6.
953 1729 1210 1798 Loquutus
1232 1731 1302 1777 est
1320 1727 1486 1773 autem
1505 1721 1581 1773 sic
1610 1712 1750 1767 Deus
1779 1702 2137 1767 dicens:Quia

616 1828 708 1881 erit
738 1839 905 1879 semen
936 1823 1048 1890 ejus
1076 1817 1250 1869 accola
1287 1814 1338 1864 in
1385 1820 1517 1863 terra
1564 1807 1735 1858 aliena
1767 1842 1783 1868 ,
1825 1810 1871 1853 et
1913 1793 2137 1851 servituti

616 1935 700 1974 eos
730 1887 1018 1984 subjicient,
1052 1918 1100 1964 et
1130 1907 1263 1976 male
1283 1902 1569 1960 tractabant
1596 1913 1681 1952 eos
1708 1894 1859 1948 annis
1889 1887 2134 1960 quadrin-

616 2012 812 2083 gentis;
842 2008 895 2060 7.
927 2016 972 2059 et
1011 2012 1210 2075 gentem
1248 1997 1331 2053 cui
1373 1993 1635 2051 servierint
1667 2031 1682 2055 ,
1722 1984 1971 2059 judicabo
2001 1996 2092 2048 ego
2118 2019 2133 2044 ,

618 2074 743 2159 dicit
771 2102 947 2164 Deus;
977 2074 1024 2153 et
1052 2106 1162 2167 post
1194 2096 1301 2147 haec
1323 2091 1550 2153 exibunt,
1583 2094 1627 2138 et
1653 2081 1867 2138 servient
1916 2075 2041 2129 mihi
2084 2074 2140 2125 in
2168 2126 2179 2139 _

622 2199 734 2250 loco
759 2195 875 2248 isto.

622 2294 673 2344 1.
712 2285 842 2339 Vide
866 2291 992 2337 aute
1021 2287 1151 2349 quot
1172 2290 1345 2331 annos
1375 2268 1660 2343 promissio
1685 2274 1740 2321 et
1767 2257 2142 2334 promissionis

551 2379 777 2444 modus;
806 2385 861 2432 et
890 2386 1152 2442 nusquam
1183 2365 1534 2429 sacriﬁcium,
1565 2371 1829 2428 nusquam
1856 2350 2143 2407 circumci-

551 2475 654 2527 sio.
682 2470 780 2524 llic
804 2465 1078 2529 ostendit,
1111 2463 1277 2515 Deum
1311 2455 1624 2527 permisisse
1648 2458 1704 2505 ut
1730 2448 1802 2502 illi
1833 2444 2141 2513 afﬂigeren-

555 2577 663 2628 tur,
696 2575 797 2616 nec
840 2561 1059 2627 impune
1101 2554 1216 2608 fore
1263 2564 1358 2605 eos
1392 2588 1407 2613 ,
1456 2547 1546 2617 qui
1580 2544 1901 2597 afﬂixerant.
1935 2534 2146 2605 Geptcm

554 2666 747 2721 autem,
776 2652 858 2706 cui
886 2638 1144 2705 servierint
1169 2687 1184 2712 ,
1199 2642 1444 2715 judicabo
1473 2655 1594 2711 ego,
1625 2636 1746 2690 dicit
1770 2632 1935 2686 Deus:
1961 2629 2146 2684 Viden‘

554 2748 645 2819 qui
667 2745 932 2819 promisit,
959 2741 1047 2812 qui
1078 2738 1224 2793 dedit
1253 2747 1474 2800 terram,
1510 2730 1659 2801 prius
1683 2726 1818 2781 mala
1847 2722 2104 2796 permittit
2129 2738 2143 2770 :

556 2815 636 2896 sic
667 2815 733 2894 vet
770 2852 909 2891 nunc
944 2835 1071 2889 licet
1115 2843 1335 2899 regnum
1378 2822 1681 2896 promiserit
1715 2862 1731 2887 ,
1763 2815 2148 2873 teutatiouibus

476 2981 483 2989 .
557 2930 796 2990 exerceri
838 2927 985 2983 siuit.
1035 2925 1092 2981 Si
1134 2922 1222 2977 hic
1262 2928 1385 2989 post
1421 2915 1843 2987 quadringentos
1870 2923 2041 2962 annos
2078 2907 2145 2961 li-

557 3027 757 3088 bertas,
790 3018 919 3090 quid
947 3017 1142 3071 mirum
1168 3055 1182 3079 ,
1212 3013 1257 3067 si
1286 3010 1516 3081 idipsum
1547 3007 1601 3061 in
1633 3017 1800 3074 regno
1826 2999 1964 3055 ﬁat?
1995 3000 2147 3052 Atta-

554 3132 684 3172 tuen
717 3114 819 3168 hoc
847 3110 975 3167 fecit
1004 3149 1020 3175 ,
1069 3122 1169 3162 nec
1200 3115 1410 3174 tempus
1448 3099 1623 3171 potuit
1665 3097 1857 3153 falsqu
1888 3108 2008 3148 esse
2038 3106 2153 3145 ser-

565 3220 780 3262 monem
811 3199 1164 3272 comprobare
1190 3239 1205 3262 ,
1236 3197 1337 3250 etsi
1376 3208 1484 3248 non
1532 3189 1737 3245 modica
1765 3185 2010 3256 oppressi
2044 3183 2153 3237 siut

561 3297 837 3354 servitute.
869 3294 1055 3363 Neque
1084 3289 1218 3345 satis
1246 3287 1344 3357 ipsi
1374 3284 1475 3340 luit
1502 3283 1621 3337 illos
1654 3279 1946 3351 puuivisse,
1976 3276 2067 3330 sed
2097 3286 2151 3329 et

564 3391 651 3445 his
704 3388 842 3443 bona
884 3382 1172 3455 promittit.
1207 3379 1430 3434 Videtur
1474 3384 1655 3429 autem
1697 3372 1829 3427 mihi
1884 3369 1970 3423 hic
2014 3368 2154 3422 velle

565 3484 696 3553 ipsis
716 3479 974 3536 beneficia
1005 3477 1061 3531 in
1087 3472 1401 3529 memoriam
1432 3481 1707 3524 revocare.
1734 3464 1790 3519 8.
1822 3462 1889 3517 Et
1917 3461 2054 3515 dedit
2079 3460 2155 3513 illi

568 3551 920 3627 testamentum
949 3553 1350 3621 circumcisionis
1383 3603 1399 3628 ,
1442 3570 1489 3614 et
1532 3560 1605 3613 sic
1648 3557 1821 3628 genuit
1852 3552 2025 3607 Isaac.
2060 3551 2157 3606 llic

561 3667 669 3737 iam
697 3661 980 3719 demissius
1008 3657 1260 3729 loquitur.
1289 3653 1354 3709 Et
1374 3649 1685 3707 circumcidit
1706 3664 1817 3703 eunt
1838 3646 1920 3701 die
1943 3656 2158 3699 octavo:

564 3768 612 3811 et
639 3756 789 3811 Isaac
816 3752 978 3808 Iacob
1001 3792 1017 3818 ,
1043 3760 1089 3805 et
1119 3748 1281 3803 Jacob
1306 3745 1571 3800 duodecim
1596 3742 1935 3814 patriarchas.
1968 3738 2036 3791 Et
2066 3753 2159 3807 pa-

568 3849 804 3903 triarcha
840 3843 1157 3909 (Bruttianus,
1184 3838 1377 3910 Joseph
1404 3836 1733 3891 vendiderunt
1764 3834 1815 3887 in
1842 3828 2155 3900 ﬁgyptum.

570 3941 684 3995 Hoc
707 3949 761 3994 et
788 3938 839 3992 in
867 3936 1083 3992 Christo
1127 3934 1325 3987 factum
1351 3938 1470 3985 est:
1504 3942 1627 3982 nam
1668 3925 1810 3979 illius
1844 3923 2010 3993 figura
2039 3926 2159 3974 erat

569 4032 794 4103 Joseph;
826 4029 1055 4099 idquue
1084 4024 1427 4081 subindicaus
1455 4020 1606 4084 illud,
1638 4028 1802 4073 totam
1829 4016 1959 4071 texit
1990 4014 2161 4069 histo-

569 4127 728 4180 riam.
766 4122 899 4179 Cum
940 4121 1084 4177 enim
1132 4118 1266 4175 nihil
1311 4125 1496 4172 contra
1538 4114 1685 4169 illum
1739 4110 2001 4166 haberent
2029 4108 2162 4176 ,sed

575 4217 781 4271 veniret
814 4216 901 4270 ille
929 4224 984 4269 ut
1002 4214 1178 4268 cibum
1197 4210 1434 4275 aﬁ‘erret,
1452 4208 1589 4262 male
1612 4207 1785 4275 ipsum
1813 4208 2161 4273 exceperunt.

577 4311 646 4364 Et
686 4308 805 4362 vide
835 4306 922 4361 hic
952 4306 1143 4359 iterum
1169 4301 1575 4373 promissionem
1603 4298 1691 4351 diu
1720 4293 2161 4365 exspectandam,

577 4417 696 4472 qum
740 4411 914 4454 tamen
964 4396 1125 4450 ﬁnem
1157 4393 1373 4464 accipit.
1415 4391 1481 4444 Et
1520 4399 1625 4445 erat
1671 4388 1809 4443 Deus
1836 4404 1947 4441 cum
1979 4403 2037 4440 eo
2067 4401 2086 4439 :
2112 4395 2166 4441 ct

580 4497 681 4549 hoc
712 4494 921 4547 illorum
944 4489 1136 4560 gratia.
1167 4486 1254 4542 10.
1280 4484 1346 4539 Et
1374 4484 1558 4553 eripuit
1589 4500 1704 4537 eum
1732 4498 1794 4537 ea:
1819 4481 2053 4535 omnibus
2077 4480 2168 4533 tri-

580 4584 914 4641 bulationibus
936 4584 1067 4653 ejus.
1092 4582 1189 4635 Hic
1217 4578 1451 4634 ostendit
1473 4578 1592 4631 illos
1623 4576 1820 4629 inscios
1844 4574 1909 4628 ad
1931 4574 2169 4643 prophe-

583 4685 669 4735 tia:
697 4688 946 4734 eventum
978 4674 1307 4737 contulisse;
1338 4673 1588 4740 ipsosque
1613 4677 1862 4722 auctores
1892 4666 2056 4720 fuisse
2079 4706 2095 4726 ,
2118 4674 2174 4720 et

583 4774 721 4826 mala
754 4771 805 4823 in
833 4771 977 4838 ipsos
1006 4766 1282 4822 recidisse.
1329 4762 1395 4815 Et
1424 4762 1564 4815 dedit
1589 4761 1633 4813 ei
1658 4760 1878 4830 gratiam
1906 4769 1952 4811 et
1972 4757 2175 4827 sapien-

584 4866 707 4916 tiam
751 4862 802 4914 in
841 4867 1108 4927 conspectu
1152 4854 1441 4908 Pharaonis
1474 4852 1605 4922 regis
1650 4848 1890 4919 Egypti.
1934 4848 2171 4909 Gratiam

585 4954 751 5013 dedit.
782 4951 940 5022 idque
969 4947 1108 5019 apud
1138 4945 1421 5000 barbarum
1445 4958 1625 5011 regem
1649 4984 1663 5007 ,
1691 4955 1848 4995 servo
1869 4982 1883 5005 ,
1916 4940 2127 5007 captivo
2157 4954 2171 4994 :

586 5060 743 5116 quem
774 5042 965 5098 fratres
985 5037 1199 5111 quidem
1225 5032 1697 5099 vendiderant,ille
1722 5047 1851 5085 vero
1873 5030 2173 5084 honoravit.

589 5141 675 5193 il.
715 5136 861 5191 Venit
883 5143 1051 5187 autem
1074 5138 1232 5202 {ames
1259 5130 1312 5182 in
1350 5128 1633 5181 universam
1662 5134 1845 5178 terram
1877 5120 2098 5192 Αἶρε]ιηὶ
2133 5132 2177 5175 et

590 5232 857 5293 Chanaan,
884 5235 931 5279 et
952 5223 1210 5279 tribulatio
1238 5236 1422 5289 ntagna
1449 5236 1468 5283 ;
1496 5227 1542 5271 et
1571 5234 1673 5270 non
1701 5215 2017 5269 inveniebant
2046 5212 2179 5265 cibos

598 5331 765 5387 patres
800 5318 977 5372 nostri.
1012 5315 1098 5369 12.
1130 5313 1256 5367 Cum
1300 5310 1519 5363 audisset
1550 5319 1715 5361 autent
1741 5308 1901 5361 Jacob
1931 5322 2039 5359 esse
2065 5308 2180 5373 fru-

595 5422 764 5468 menta
800 5413 851 5464 in
899 5408 1133 5479 Egypto
1157 5446 1170 5468 ,
1206 5403 1338 5456 misit
1378 5410 1545 5469 patres
1578 5409 1773 5453 nostros
1818 5400 2057 5467 primum.
2094 5397 2180 5450 15.

600 5504 665 5561 Et
699 5506 751 5559 in
779 5502 999 5556 secundo
1038 5499 1265 5569 cognitus
1290 5504 1359 5548 est
1380 5492 1572 5557 Ioseph
1599 5508 1630 5542 a
1658 5490 1897 5559 fratribus
1920 5489 2042 5542 suis.
2079 5488 2181 5541 Dc-

599 5595 924 5652 scenderunt
950 5588 1203 5659 empturi,
1233 5595 1287 5640 et
1314 5586 1403 5639 illo
1425 5596 1558 5651 opus
1582 5579 1837 5633 habuere.
1860 5578 1996 5645 Quid
2026 5578 2185 5646 igitur

602 5691 731 5747 ille?
759 5688 875 5743 Non
906 5699 967 5740 ea
992 5683 1045 5737 in
1067 5695 1125 5735 re
1146 5679 1317 5735 solum
1346 5676 1727 5745 benignitatem
1755 5686 1904 5725 suam
1928 5669 2182 5735 ostendit;

604 5788 698 5841 sed
725 5784 884 5840 etiam
908 5774 1174 5837 Pharaoni
1205 5772 1256 5829 id
1288 5769 1540 5829 indicavit
1589 5767 1818 5837 illosque
1843 5763 2083 5820 deduxit.
2119 5761 2186 5815 Et

2240 1704 2458 1759 innotuit
2489 1706 2756 1762 Pharaoni
2783 1725 2940 1777 genus
2961 1708 3177 1781 Ioseph.
3201 1710 3286 1764 14.
3323 1708 3527 1763 Mittens
3557 1717 3726 1762 autem
3755 1706 3857 1762 Joo‘

2240 1800 2386 1867 seph,
2411 1802 2670 1854 accersivit
2714 1800 2875 1854 Jacob
2921 1812 3117 1871 patrem
3161 1819 3328 1865 suum,
3358 1814 3403 1855 et
3434 1818 3634 1855 omnem
3661 1818 3854 1871 cogna-

2245 1894 2431 1947 tionem
2471 1910 2617 1945 suam
2660 1894 2711 1946 in
2729 1894 2998 1947 animabus
3036 1898 3357 1962 septuaginta
3387 1895 3624 1964 quinque.
3654 1893 3743 1947 15.
3782 1892 3852 1945 Et

2246 1983 2499 2037 descendit
2518 1983 2681 2037 Jacob
2696 1986 2745 2036 in
2765 1983 3076 2054 Afgyptum,
3098 1984 3462 2053 defunctusque
3478 1994 3547 2038 est
3566 1985 3675 2052 ipse
3694 1994 3739 2036 et
3760 2001 3855 2053 pa-

2247 2087 2345 2129 tres
2360 2077 2534 2130 nostri.
2560 2078 2648 2132 16.
2666 2076 2728 2130 Ει
2746 2079 3105 2132 translatisunt
3120 2079 3169 2131 in
3190 2077 3417 2141 Sic/tem,
3439 2088 3484 2131 et
3503 2080 3782 2147 positistmt
3801 2080 3855 2132 its

2247 2171 2497 2239 sepulcro,
2517 2171 2653 2239 quod
2670 2172 2787 2224 emit
2808 2171 3061 2222 Abraham
3081 2172 3240 2239 pretio
3254 2170 3448 2240 argenti
3465 2187 3496 2222 a
3513 2172 3635 2237 [iliis
3660 2168 3855 2224 Hemor

2249 2262 2342 2329 ﬁlii
2366 2260 2591 2315 Sic/tem.
2618 2262 2702 2315 17.
2724 2260 2850 2315 Cum
2874 2270 3040 2314 autem
3061 2264 3497 2329 appropinquaret
3515 2270 3715 2329 tempus
3730 2278 3855 2329 pro-

2252 2354 2541 2420 missionis,
2575 2357 2638 2406 de
2666 2368 2767 2419 qua
2790 2352 3050 2415 iuraverat
3073 2350 3214 2405 Deus
3236 2352 3473 2414 Abrahae,
3504 2352 3656 2405 crevit
3689 2368 3858 2421 papu-

2250 2445 2329 2499 lus
2356 2486 2371 2510 ,
2414 2456 2460 2497 et
2504 2444 2873 2512 multiplicatus
2903 2452 2974 2497 est
3008 2444 3059 2496 in
3086 2442 3321 2513 Egypto
3352 2483 3367 2507 ,
3399 2442 3484 2497 i8.
3510 2444 3850 2513 quoadusque

2249 2542 2472 2591 surrexit
2499 2552 2588 2590 rea:
2616 2537 2749 2589 alius
2777 2576 2792 2602 ,
2833 2536 2919 2606 qui
2966 2536 3217 2589 nesciebat
3247 2534 3462 2605 Ioseph.
3492 2535 3701 2591 Rur'sus
3750 2537 3857 2591 alia

2250 2628 2569 2697 desperandi
2601 2643 2763 2681 causa
2796 2647 2808 2681 :
2843 2628 3012 2697 prima
3048 2627 3143 2680 fuit
3168 2625 3336 2681 fames
3364 2643 3378 2691 ;
3412 2626 3674 2691 secunda,
3706 2627 3858 2693 quod

2253 2720 2541 2775 inciderint
2572 2721 2624 2775 in
2647 2735 2838 2774 manus
2870 2718 3050 2773 fratris
3078 2735 3092 2783 ;
3119 2718 3272 2774 tertia
3299 2760 3314 2785 ,
3346 2732 3467 2773 cum
3491 2718 3695 2772 datura
3730 2732 3858 2787 rege

2252 2814 2519 2868 sententia
2556 2821 2612 2866 ut
2646 2812 3035 2868 interficiuntur
3068 2828 3081 2863 :
3110 2820 3343 2865 attamen
3386 2810 3437 2864 in
3487 2809 3570 2865 his
3601 2811 3861 2864 omnibus

2252 2907 2448 2961 servati
2480 2916 2627 2960 sunt.
2658 2905 2864 2960 Deinde
2894 2906 3210 2975 sapientiam
3240 2904 3332 2959 Dei
3362 2904 3655 2958 ostendens
3682 2945 3700 2970 ,
3732 2905 3810 2959 ait
3842 2924 3857 2957 :

2250 2997 2345 3052 εο.
2378 2996 2443 3049 1η
2482 3014 2580 3067 quo
2623 3007 2847 3067 tempore
2875 3005 3023 3049 natus
3048 3006 3120 3050 est
3152 2994 3357 3065 Moyses
3380 3035 3394 3059 ,
3444 2996 3532 3064 qui
3558 2995 3656 3063 fuit
3678 3005 3863 3065 gratus

2260 3091 2388 3144 Deo.
2418 3091 2471 3146 Si
2503 3090 2631 3146 illud
2658 3090 2906 3146 mirabile
2929 3089 3028 3143 fuit
3051 3132 3066 3157 ,
3090 3088 3229 3159 quod
3253 3104 3283 3142 a
3316 3087 3569 3142 fratribus
3605 3087 3862 3143 venditus

2255 3186 2326 3239 sit
2360 3203 2373 3239 :
2410 3183 2545 3238 illud
2572 3183 2893 3247 mirabilius,
2922 3181 3065 3252 quod
3092 3196 3182 3236 rex
3208 3196 3331 3236 eum
3370 3180 3676 3236 educaverit
3711 3220 3727 3245 ,
3768 3179 3864 3251 qui

2262 3276 2414 3331 illum
2445 3276 2513 3331 ab
2544 3274 2769 3346 imperio
2798 3273 3109 3341 deiecturus
3139 3281 3277 3328 erat.

2330 3366 2652 3421 Resurrectio
2691 3366 2743 3419 in
2772 3366 2924 3419 veteri
2976 3365 3084 3435 lege
3108 3365 3350 3434 ﬁgurata.
3379 3392 3451 3404 ——
3475 3362 3636 3419 Vides
3664 3362 3865 3431 ubique

2259 3460 2371 3515 fere
2412 3460 2688 3529 figuratam
2735 3457 3224 3512 resurrectionem?
3275 3455 3433 3524 Atqui
3469 3469 3575 3510 non
3605 3465 3689 3509 est
3720 3454 3864 3509 idem

2261 3552 2426 3606 Deum
2461 3552 2631 3619 ipsum
2672 3547 2869 3617 aliquid
2899 3546 3105 3613 facere,
3130 3556 3183 3600 et
3214 3547 3451 3601 humano
3478 3545 3702 3599 arbitrio
3728 3544 3861 3611 quid

2262 3644 2400 3699 fieri.
2433 3642 2558 3697 "ch
2601 3640 2779 3710 itaque
2814 3654 2921 3693 non
2950 3654 3016 3694 ex
3062 3636 3298 3692 humano
3330 3634 3605 3706 proposito
3638 3634 3863 3691 fiebant.

2268 3737 2331 3791 Et
2358 3744 2463 3791 erat
2492 3745 2664 3804 potens
2681 3734 2733 3786 in
2754 3731 2900 3785 verbo
2922 3741 2967 3784 et
2993 3746 3159 3799 opere.
3188 3728 3299 3782 lloc
3320 3728 3474 3793 dixit,
3499 3735 3551 3780 et
3574 3725 3723 3779 illum
3748 3740 3869 3780 ser-

2262 3839 2501 3883 vatorem
2524 3866 2539 3891 ,
2585 3833 2641 3881 et
2684 3825 2780 3878 bos
2810 3837 2935 3892 erga
2983 3821 3383 3877 benefactorem
3413 3820 3652 3889 ingratos
3677 3828 3870 3874 osten-

2263 3922 2416 3977 dens.
2452 3920 2520 3975 Ut
2558 3932 2686 3988 ergo
2713 3926 2839 3971 tunc
2886 3930 2915 3968 a
2958 3913 3156 3983 Ioseph
3200 3912 3338 3967 mala
3380 3912 3617 3983 patiente
3660 3909 3871 3966 servati

2264 4025 2389 4071 sunt
2422 4032 2435 4068 :
2469 4013 2539 4067 ita
2568 4022 2622 4067 et
2649 4026 2787 4067 nunc
2816 4024 2845 4063 a
2874 4008 3059 4079 Moyse
3083 4005 3222 4060 male
3251 4013 3498 4074 excepto.
3525 4001 3663 4070 Quid
3692 4003 3869 4069 enim,

2268 4106 2311 4160 si
2340 4106 2489 4159 illum
2521 4118 2579 4158 re
2620 4117 2727 4155 non
2754 4096 3111 4153 occiderunt?
3154 4095 3420 4151 Sermone
3460 4103 3609 4148 certe
3654 4091 3872 4147 occide-

2269 4208 2427 4261 runt,
2461 4198 2599 4251 sicut
2625 4203 2681 4249 et
2706 4193 2803 4246 illi.
2845 4192 2912 4245 Et
2957 4190 3031 4244 illi
3062 4188 3277 4258 quidem
3308 4202 3372 4241 ex
3424 4200 3518 4239 sua
3551 4184 3604 4239 in
3635 4184 3873 4238 alienant

2271 4301 2468 4346 terram
2502 4285 2790 4354 Josephum
2824 4280 3203 4344 vendiderunt;
3252 4278 3302 4331 hi
3333 4272 3462 4332 vero
3489 4291 3553 4331 ex
3595 4275 3768 4329 aliena
3816 4276 3873 4330 iu

2273 4385 2503 4440 alienam
2532 4379 2767 4449 Moysem
2794 4374 3041 4444 fugarunt
3068 4388 3081 4425 :
3116 4370 3188 4425 illi
3216 4369 3531 4424 aﬁ‘erentem
3556 4368 3736 4421 cibum
3760 4408 3777 4432 ,
3818 4367 3874 4421 hi

2273 4474 2555 4531 consilium
2596 4470 2815 4525 dantem
2846 4463 3118 4535 quomodo
3168 4476 3290 4517 eum
3341 4462 3450 4514 Deo
3478 4473 3597 4513 esse
3629 4469 3874 4526 possent.

2274 4569 2363 4623 Sic
2388 4580 2570 4620 verum
2615 4560 2872 4632 probatur
2902 4573 2966 4611 ex
3006 4556 3101 4617 iis,
3133 4569 3251 4623 qua:
3285 4567 3425 4606 uuuc
3454 4551 3840 4618 tliSpensantur
3860 4591 3877 4614 ,

2277 4660 2473 4715 dictum
2503 4655 2630 4711 illud
2658 4650 3004 4709 Gamalielis:
3045 4647 3106 4701 Si
3145 4662 3208 4699 ea:
3234 4643 3340 4697 Deo
3376 4643 3481 4707 sit,
3523 4658 3623 4694 non
3666 4642 3881 4709 potestis

2279 4751 2549 4805 dissolvere
2591 4745 2744 4799 illud.
2774 4742 2853 4796 Tu
2881 4754 3008 4795 vero
3038 4753 3159 4792 cum
3191 4735 3356 4791 discis
3383 4748 3509 4800 eos,
3543 4732 3631 4802 qui
3665 4732 3882 4786 insidiis

2279 4850 2635 4913 appetuntur,
2668 4816 3067 4891 insidiatoribus
3113 4830 3303 4884 salutis
3333 4842 3549 4882 causam
3602 4825 3748 4888 fieri,
3781 4824 3885 4877 ob-

2281 4947 2527 5004 stupesce
2547 4932 2613 4986 de
2655 4930 2747 4985 Dei
2778 4926 3041 4995 sapientia
3069 4932 3123 4977 et
3154 4922 3396 4976 solertia.
3427 4920 3557 4974 Nam
3590 4919 3633 4972 si
3666 4918 3741 4972 illi
3771 4934 3883 4973 non

2284 5026 2490 5081 insidiis
2522 5022 2746 5092 impetiti
2771 5020 3016 5081 fuissent,
3043 5016 3095 5068 hi
3129 5029 3233 5067 non
3268 5012 3493 5066 fuissent
3525 5010 3745 5063 servati.
3779 5008 3887 5062 Fa-

2284 5132 2399 5172 mes
2425 5124 2561 5178 erat,
2580 5128 2675 5167 nec
2698 5108 3032 5175 consumpsit
3049 5105 3189 5158 illos.
3210 5104 3392 5171 Neque
3408 5102 3511 5154 hoc
3534 5108 3761 5162 tantum;
3786 5099 3885 5153 sed

2284 5214 2445 5269 etiam
2474 5209 2542 5263 ab
2571 5208 2661 5261 illo
2687 5202 2883 5259 servati
2912 5209 3056 5263 sunt,
3082 5214 3238 5267 quem
3274 5195 3540 5265 perditum
3570 5192 3884 5261 sperabant.

2286 5306 2500 5360 Jussum
2525 5298 2727 5366 regium
2750 5295 2865 5357 fuit,
2893 5308 2989 5346 nec
3007 5288 3239 5360 perdidit
3263 5302 3390 5349 eos;
3427 5285 3534 5338 imo
3565 5291 3692 5335 tunc
3718 5283 3890 5350 magis

2288 5403 2443 5447 aucta
2473 5402 2555 5445 est
2586 5384 2893 5448 multitudo,
2924 5398 3043 5435 cum
3070 5380 3179 5444 illc,
3211 5380 3298 5446 qui
3333 5384 3557 5429 noverat
3586 5388 3705 5437 eos,
3726 5388 3891 5425 mor-

2292 5497 2412 5541 tuus
2440 5493 2542 5539 est.
2568 5481 2731 5535 Serva
2761 5490 2907 5530 orem
2934 5488 3089 5528 suum
3119 5470 3368 5525 volebant
3397 5464 3669 5530 occidere,
3703 5479 3882 5532 neque

2292 5579 2368 5632 sic
2397 5578 2706 5645 potuerunt.

2361 5642 2417 5717 2'.
2461 5660 2649 5717 Viden'
2670 5698 2689 5723 ,
2715 5655 2984 5726 quomodo
3018 5668 3111 5723 per
3138 5667 3258 5719 quae
3296 5647 3542 5704 diabolus
3568 5642 3890 5720 promissip-

2294 5773 2417 5814 nem
2451 5752 2546 5812 Dei
2574 5751 2781 5809 irritam
2809 5747 2989 5805 lacere
3019 5743 3316 5801 conabatur
3338 5784 3351 5811 ,
3384 5755 3478 5810 per
3508 5737 3596 5793 illa
3624 5736 3885 5792 Creverit?
