4068 6418
161 340 267 395 127

153 453 276 506 οὐκ
311 448 461 504 ἐστιν
493 449 553 504 ἐν
593 453 660 522 τῇ
696 451 834 524 αὐτῇ
867 451 1078 523 γαλήνῃ
1105 448 1281 517 εἶναι,
1316 452 1589 524 ἀόργητον
1633 449 1779 506 ὄντα

153 534 256 587 καὶ
295 533 672 606 ὀργιζόμενον.
706 535 772 588 Τί
815 535 907 587 τὸν
943 535 1266 588 διδάσκαλον
1306 535 1416 588 ἀπὸ
1442 535 1537 588 τοῦ
1570 536 1764 607 θρόνου

156 617 571 687 καταστρέψας,
605 616 750 671 οῦτω
772 617 997 690 διαλέγῃ
1030 616 1108 687 τῷ
1139 619 1314 688 χαμαὶ
1343 618 1618 688 κειμένῳ;
1651 619 1765 688 Οὐχ

151 701 290 770 ὁρᾷς
319 702 445 764 τοὺς
476 701 822 764 δικάζοντας,
857 701 906 753 οἳ
935 701 1064 754 ὅταν
1090 696 1327 772 μέλλωσι
1353 699 1561 772 κρίνειν
1582 743 1597 766 ,
1631 700 1766 754 καθ-

154 781 414 845 έζονται·
462 784 556 836 ἐπὶ
594 782 690 836 τοῦ
727 782 944 853 θρόνου,
984 786 1080 838 καὶ
1126 785 1186 836 ἐν
1222 785 1466 854 σχήματι
1485 783 1562 852 τῷ
1594 800 1762 853 προσ-

156 864 357 931 ήκοντι
383 879 398 922 ;
460 863 614 936 [ιε-ι]
643 863 804 918 οὕτω
837 866 932 918 καὶ
968 868 1032 919 σὺ
1064 866 1320 936 ποίησον*
1346 866 1624 936 κόσμησον
1663 865 1764 936 τὴν

151 945 342 1015 ψυχὴν
371 945 561 1016 ἐσθῆτι
584 947 880 1018 δικαστικῇ
911 948 1075 1020 (αῦτη
1105 949 1162 1002 δέ
1196 950 1346 1001 ἐστιν
1377 950 1409 1019 ὴ
1445 948 1758 1017 ἐπιείκεια),

149 1029 251 1080 καὶ
277 1029 405 1082 τότε
444 1029 538 1082 ἐπὶ
586 1029 682 1083 τοῦ
715 1030 906 1100 θρόνου
941 1031 1204 1102 δικαστὴς
1235 1031 1482 1085 κάθισον.
1531 1031 1672 1086 Ἀλλ’
1700 1029 1762 1083 οὐ

221 1123 248 1151 ⁸
278 1119 418 1170 Idem
459 1121 633 1186 κρίνειν
651 1124 754 1178 πῶς
777 1124 1073 1179 καθέζονται.

1155 336 1225 394 IN
1265 337 1449 394 ACTA
1490 338 2037 398 APOSTOLORUM.
2081 337 2319 396 HOMIL.
2361 337 2504 392 XVI.

3374 334 3478 391 128

1869 455 2267 526 φοϐηθήσεται,
2313 453 2472 524 φησί.
2522 450 2746 504 Μᾶλλον
2777 447 3149 520 φοόηθήσεται
3208 447 3344 501 Τότε
3374 449 3480 502 κᾶν

1865 539 2053 592 δίκαια
2094 537 2296 608 λέγῃς,
2330 537 2408 606 τῷ
2439 532 2602 604 θυμῷ
2652 533 2921 601 λογιεῖται
2965 533 2994 585 6
3035 531 3258 602 οἰκέτης
3279 547 3292 561 ·
3325 531 3392 585 ἂν
3420 530 3479 584 δὲ

1870 619 2014 692 μετὰ
2039 619 2366 681 ἐπιεικείας.
2414 616 2612 672 ἐαυτοῦ
2644 613 3093 683 καταγνώσεται,
3124 614 3187 666 τὸ
3225 613 3283 666 δὲ
3345 630 3482 683 προ-

1866 703 2196 775 ηγούμενον,
2233 699 2556 764 ἀποδέξεται
2600 717 2660 752 σε
2691 702 2719 753 6
2743 699 2901 762 Θεὸς,
2955 698 3052 751 καὶ
3080 696 3223 750 οὕτω
3271 697 3480 771 δυνήσῃ

1865 787 1978 841 τῶν
2013 786 2250 840 αἰωνίων
2291 783 2517 852 ἀγαθῶν
2560 783 2864 852 ἐπιτυχεῖν,
2901 781 3089 850 χάριτι
3135 781 3230 833 καλ⁵
3272 780 3480 847 οίκτιρ-

1871 872 1993 944 μοῖς
2019 870 2115 923 καὶ⁷
2148 866 2540 938 φιλανθρωπίᾳ
2567 864 2662 919 τοῦ
2701 865 2910 935 Κυρίου
2947 865 3107 934 ἡμῶν
3136 863 3316 933 Ἰησοῦ
3347 863 3482 929 Χρι-

1868 953 2020 1018 στοῦ,
2054 952 2175 1023 μεθ’
2199 946 2262 1005 οῦ
2292 949 2371 1020 τῷ
2395 949 2572 1018 Πατρὶ
2602 948 2718 1018 ἀμα
2739 947 2819 1017 τῷ
2847 947 2991 1017 ἀγίῳ
3021 946 3301 1015 Πνεύματι
3326 944 3478 1010 δόξα,

1867 1037 2092 1108 κράτος,
2135 1035 2297 1106 τιμὴ,
2328 1034 2423 1088 νῦν
2458 1034 2554 1087 καὶ
2584 1033 2695 1099 ἀεὶ,
2731 1033 2827 1086 καὶ
2850 1032 2932 1094 εἰς
2960 1031 3090 1094 τοὺς
3124 1031 3330 1093 αἰῶνας
3370 1027 3482 1082 τῶν

1867 1115 2105 1170 αἰώνων.
2144 1115 2345 1184 Ἀμήν.

185 1235 3443 1264 WW

1625 1346 1877 1400 OMIAIA
1897 1343 2027 1430 ις’.

162 1461 479 1534 Ἒλάλησε
507 1462 577 1517 δέ
604 1464 795 1531 οὕτως
829 1466 863 1519 δ
899 1464 1045 1531 Θεὸς
1073 1465 1288 1534 λέγων,
1322 1464 1413 1518 ὅτι
1453 1465 1663 1518 Ἔσται
1695 1461 1762 1534 τὸ

227 1531 473 1604 σπέρμα
501 1535 690 1587 αὐτοῦ
742 1534 1036 1602 πάροικον
1083 1531 1163 1604 ἐν
1193 1533 1270 1604 τῇ
1316 1535 1630 1601 ἀλλοτρίᾳ,
1662 1533 1762 1586 καί

227 1601 662 1670 δουλώσουσιν
685 1601 835 1657 αύτὸ
872 1605 971 1670 καί
999 1601 1394 1658 κακώσουσιν
1421 1603 1531 1664 ἐτη
1561 1619 1762 1670 τετρα-

224 1673 409 1725 κόσια
433 1688 460 1741 '_
483 1665 583 1725 καί
611 1673 677 1726 τὸ
708 1673 908 1741 ἔθνος,
931 1667 980 1740 ᾧ
1007 1675 1116 1727 ἐὰν
1139 1673 1546 1735 δουλεύσωσι,
1579 1665 1764 1740 κρινῶ

225 1742 363 1810 ἐγὼ,
402 1736 577 1795 εἶπεν
605 1745 639 1796 ό
669 1743 816 1808 Θεός
836 1736 982 1797 (καὶ
1003 1743 1156 1812 μετὰ
1195 1744 1383 1812 ταῦτα
1408 1736 1766 1806 ἐξελεύσον-

224 1827 340 1875 ται,
381 1812 483 1865 καί
513 1813 930 1879 λατρεύσουσι
950 1811 1054 1883 μοι
1078 1812 1150 1866 ἐν
1178 1811 1258 1879 τῷ
1295 1814 1456 1880 τόπῳ
1477 1814 1688 1879 τούτῳ.

223 1939 294 1987 α’.
318 1933 461 2004 Ὅρα
485 1934 594 2005 πρὸ
624 1935 809 1988 πόσων
841 1936 980 1989 ἐτῶν
1006 1937 1038 2006 ή
1093 1935 1403 2005 ἐπαγγελία
1456 1937 1552 1989 καὶ
1600 1937 1630 1988 6
1660 1935 1762 2006 τῆς

149 2017 492 2084 ἐπαγγελίας
535 2017 764 2088 τρόπος,
822 2019 918 2071 καλ⁵
973 2018 1214 2090 οὐδαμοῦ
1273 2018 1468 2084 θυσία,
1520 2017 1760 2087 οὐδαμοῦ

151 2102 454 2170 περιτομή.
507 2100 776 2154 Ἐνταῦθα
827 2101 1128 2167 δείκνυσιν,
1169 2103 1252 2154 ὅτι
1293 2101 1458 2164 αὐτὸς
1509 2101 1756 2163 αὐτούςι

152 2182 309 2248 ἠφίει
335 2182 522 2245 κακῶς
562 2183 814 2253 πάσχειν,
851 2185 945 2239 καὶ
977 2185 1060 2238 ὅτι
1101 2186 1204 2237 οὐκ
1234 2185 1547 2255 ἀτιμωρητὶ
1584 2184 1759 2236 ταῦτα

149 2265 330 2318 ἔσται.
368 2265 439 2320 Τὸ
463 2265 531 2317 δέ
553 2265 751 2332 ἕθνος,
780 2260 828 2333 ᾦ
849 2267 958 2320 ἐὰν
983 2267 1388 2332 δουλεύσωσι,
1418 2267 1599 2336 κρινῶ
1619 2267 1754 2336 ἐγὼ,

146 2345 325 2403 εἶπεν
362 2353 395 2404 ὁ
427 2353 594 2417 Θεός.
637 2351 834 2423 Ὀρᾷςς
867 2355 894 2406 6
925 2353 1420 2423 ἐπαγγειλάμενος,
1451 2355 1479 2406 6
1509 2353 1635 2415 δοὺς
1659 2353 1760 2422 τήν

150 2440 282 2507 γῆν,
323 2437 595 2510 πρότερον
641 2440 711 2491 τὰ
742 2442 889 2494 κακὰ
922 2441 1224 2510 συγχωρεῖ·
1254 2441 1397 2493 οῦτω
1433 2441 1528 2493 καὶ
1558 2438 1676 2500 νῦν,
1710 2439 1760 2492 εἰ

149 2525 250 2578 καὶ
273 2523 556 2594 βασιλείαν
588 2526 978 2596 ἐπηγγείλατο,
1010 2526 1126 2580 ἀλλ’
1158 2527 1384 2597 ἀφίησιν
1407 2526 1755 2595 ἐγγυμνάζεο

148 2605 278 2659 σθαι
309 2608 421 2670 τοῖς
456 2611 808 2677 πειρασμοῖς.
857 2609 921 2660 El
979 2608 1219 2661 ἐνταῦθα
1254 2609 1394 2679 μετά
1425 2608 1757 2681 τετρακόσια

146 2687 247 2758 ἐτη
282 2689 316 2757 ή
343 2687 652 2758 ἐλευθερία,
682 2692 734 2741 τί
765 2689 1103 2760 θαυμαστὸν,
1134 2691 1228 2744 ἐπὶ
1256 2691 1359 2761 τῆς
1402 2690 1681 2761 βασιλείας
1709 2692 1759 2743 εἰ

145 2770 212 2823 τὸ
244 2771 378 2824 αὐτὸ
404 2771 654 2840 γίνεταις
684 2772 878 2842 Ὅμως
913 2773 1047 2841 γοῦν
1080 2775 1329 2845 ἐποίησε,
1363 2775 1458 2828 καὶ
1483 2774 1585 2828 οὐκ
1605 2775 1760 2844 ἷσχυ·

149 2872 247 2908 σεν
280 2856 309 2908 6
337 2854 531 2923 χρόνος
574 2853 651 2918 ὡς
676 2854 848 2927 ψευδῆ
881 2855 1100 2924 ἐλέγξαι
1140 2858 1231 2911 τὸν
1264 2857 1443 2926 λόγον,
1479 2859 1660 2911 καίτοι
1694 2858 1757 2910 οὐ

144 2938 252 3008 τήν
288 2936 560 3007 τυχοῦσαν
591 2936 837 2991 δουλείαν
861 2938 1183 3009 ὑπέμειναν.
1217 2940 1292 2993 Οὐ
1323 2940 1430 3010 μὴν
1449 2941 1574 2994 οὐδὲ
1593 2940 1758 3010 μέχρι

146 3020 251 3088 τῆς
279 3020 559 3091 τιμωρίας
581 3023 682 3090 τῆς
705 3020 932 3073 ἐκείνων
953 3021 1110 3092 ἔστη,
1134 3021 1273 3075 ἀλλά
1304 3023 1400 3076 καὶ
1421 3024 1604 3086 αὐτοῖς
1625 3040 1760 3094 χρη-

149 3103 254 3157 στά
275 3102 696 3171 ἐπαγγέλλεται.
724 3103 882 3171 Ἐμοὶ
913 3104 970 3156 δὲ
998 3103 1146 3156 δοκεῖ
1177 3104 1267 3158 διά
1307 3103 1512 3158 τούτων
1559 3106 1758 3168 αὐτοὺς

147 3187 247 3240 καὶ
283 3187 730 3258 ἀναμιμνήσκειν
763 3190 864 3259 τῆς
885 3188 1231 3259 εὐεργεσίας,
1267 3183 1337 3260 ἦς
1389 3187 1600 3259 ἔτυχον.
1645 3186 1758 3242 Kal

143 3268 377 3324 ἔδωκεν
393 3267 558 3334 αὐτῷ
576 3269 879 3338 διαθήκην
903 3270 1250 3340 περιτομῆς,
1273 3271 1371 3324 καὶ
1390 3271 1583 3339 οὕτως
1597 3272 1758 3341 ἐγέν-

144 3368 302 3419 νησε
318 3351 426 3405 τὸν
453 3351 676 3408 Ἰσαάκ.
695 3353 961 3407 Ἐνταῦθα
982 3353 1168 3407 λοιπὸν
1186 3353 1508 3426 καθυφίησι.
1527 3357 1635 3409 Καὶ
1655 3372 1758 3408 πε-

139 3434 422 3504 ριέτεμεν
445 3433 636 3489 αὐτόν
654 3435 729 3503 τῇ
758 3435 949 3504 ἡμέρᾳ
976 3435 1054 3505 τῇ
1082 3435 1269 3506 ὀγδόῃ
1291 3453 1305 3467 ⁶
1343 3439 1444 3490 καὶ
1466 3441 1500 3492 ό
1547 3437 1756 3494 Ἰσαὰκ

143 3518 257 3570 τιῗν
281 3516 511 3578 Ἰακὼϐ.
536 3518 633 3571 καί
656 3521 689 3571 ό
705 3518 918 3572 Ἰακὼϐ
943 3519 1087 3586 τοὺς
1103 3517 1336 3574 δώδεκα
1359 3521 1754 3590 πατριάρχας.

144 3600 258 3655 Kal
275 3603 330 3654 οι
347 3598 708 3670 πατριάρχαι
723 3599 1105 3670 ζηλώσαντες
1119 3605 1230 3658 τὸν
1241 3605 1479 3674 Ἰωσὴφ,
1497 3606 1756 3661 ἀπέδον-

143 3700 216 3735 το
231 3681 661 3750 εἰς-Αιγυπτον.
677 3683 853 3738 Τοῦτο
893 3686 990 3739 καὶ
1015 3687 1110 3740 ἐπὶ
1137 3685 1234 3740 τοῦ
1255 3685 1497 3756 Χριστοῦ
1523 3690 1718 3756 γέγονε
1737 3705 1752 3720 ·

145 3765 244 3817 καὶ
273 3763 384 3835 γάρ
412 3763 580 3817 αὐτοῦ
607 3765 778 3830 τύπος
805 3769 836 3820 6
871 3767 1074 3838 Ἰωσήφ
1098 3784 1111 3799 ο
1135 3768 1217 3822 διὸ
1240 3769 1336 3822 καὶ
1360 3769 1753 3840 αἰνιττόμενος,

142 3850 246 3918 την
264 3847 510 3919 ἰστορίαν
535 3848 602 3902 δι’
620 3849 745 3903 ὅλου
768 3850 1062 3918 ἐπέξεισιν.
1086 3851 1256 3905 Οὐδὲν
1277 3853 1388 3923 γάρ
1408 3852 1626 3924 ἔχοντες
1661 3856 1756 3923 ἐγ-

146 3929 358 3994 καλεῖν,
389 3930 508 3983 ἀλλ⁹
530 3930 755 3985 ἐλθόντα
782 3933 876 3986 ἐπὶ
896 3935 1104 4005 τροφὴν
1119 3935 1220 4004 τήν
1235 3935 1437 4002 αὐτῶν,
1464 3938 1654 4001 κακῶς
1677 3939 1756 3991 δι-

151 4013 382 4083 έθηκαν.
435 4012 546 4064 Καὶ
571 4014 695 4084 δρα,
723 4015 805 4066 δτι
845 4016 940 4068 καὶ
967 4015 1205 4068 ἐνταῦθα
1238 4013 1403 4071 πάλιν
1446 4020 1754 4089 ἐπαγγελία

152 4093 382 4165 μακρά,
424 4095 520 4148 καλ⁵
562 4095 714 4165 ὅμως
758 4097 912 4161 τέλος
953 4097 1244 4168 λαμϐάνει.
1271 4100 1384 4154 Kal
1417 4097 1498 4170 ἦν
1545 4106 1579 4157 ό
1610 4103 1754 4171 Θεὸς

144 4179 272 4246 μετ’
305 4177 526 4232 αὐτοῦ’
581 4178 742 4232 τοῦτο
783 4180 880 4232 καὶ
919 4179 1061 4250 ὑπὲρ
1092 4181 1296 4236 αὐτῶν.
1341 4185 1451 4238 Καὶ
1478 4185 1754 4249 ἐξείλετο

148 4259 341 4313 αὑτὸν
372 4259 443 4314 ἐκ
497 4261 718 4315 πασῶν
766 4260 888 4315 τῶν
920 4263 1190 4331 θλίψεων
1227 4266 1439 4321 αὐτοῦ.
1485 4268 1752 4324 Ἐνταῦθα

147 4343 444 4407 δείκνυσιν,
488 4344 618 4398 δτιδ
649 4344 750 4397 οὐκ
787 4345 991 4408 εἰδότες
1038 4347 1410 4419 συνέπραττον
1438 4354 1504 4422 τῇ
1538 4368 1753 4424 προφη-

144 4426 291 4495 τείᾳ,
323 4426 417 4478 καὶ
448 4425 530 4478 ὅτι
554 4427 715 4480 αὐτοὶ
748 4429 911 4479 αῖτιοι
946 4427 1208 4494 ἐγίνοντο,
1259 4431 1355 4484 καὶ
1381 4432 1450 4485 τά
1493 4435 1640 4487 κακά
1669 4438 1751 4499 εἰς

143 4507 349 4570 αὐτοὺς
391 4509 809 4580 περιετρέπετο.
851 4508 963 4562 Kal
992 4509 1218 4564 ἔδωκεν
1243 4513 1406 4578 αὑτῷ
1438 4514 1622 4584 χάριν
1649 4519 1748 4572 καί

142 4591 373 4659 σοφίαν
407 4589 558 4662 [128]
588 4592 792 4645 ἔναντι
836 4592 1050 4660 Φαραὼ
1081 4595 1394 4662 ,βασιλέως
1418 4600 1744 4668 Αἰγύπτου.

143 4675 322 4743 Χάριν
353 4672 554 4739 ἐδωκε,
591 4673 688 4727 καὶ
720 4673 896 4728 ταῦτα
941 4675 1036 4727 ἐπὶ
1089 4678 1368 4749 βαρϐάρου
1407 4681 1601 4753 ἀνδρὸς
1625 4722 1639 4746 ,
1670 4684 1749 4754 τῷ

142 4758 316 4828 δούλῳ
349 4758 445 4811 καὶ
472 4757 838 4828 αἰχμαλώτῳο
879 4758 938 4811 ὃν
978 4761 1028 4811 οἰ
1061 4762 1159 4830 μὲν
1200 4763 1421 4833 ἀδελφοὶ
1448 4767 1707 4821 ἀπέδοντο
1728 4807 1746 4835 ,

145 4843 354 4904 ἐκεῖνος
397 4839 454 4894 δέ
495 4841 780 4910 ἐτίμησεν.
828 4841 1096 4910 Ἐγένετο
1134 4844 1202 4897 δὲ
1250 4848 1431 4914 λιμὸς
1465 4849 1557 4918 ἐφ’
1592 4852 1748 4918 ὅλην

145 4926 263 4991 τὴν
308 4923 425 4994 γῆν
469 4923 774 4990 Αἰγύπτου
807 4923 907 4977 καὶ
937 4924 1204 4989 Χαναὰν,
1241 4929 1339 4981 καί
1378 4931 1585 5000 θλῖψις
1636 4951 1746 5002 με·

144 5009 328 5076 γάλη,
372 5007 470 5060 καί
501 5008 614 5074 οὐχ
646 5007 934 5073 εὕρισκον
966 5010 1354 5078 χορτάσματα
1402 5017 1457 5067 οί
1490 5017 1746 5084 πατέρες

147 5087 334 5156 ἡμῶν.
364 5088 660 5152 Ἀκούσας
687 5087 755 5139 δὲ
789 5089 999 5142 Ἰακὼϐ
1023 5090 1168 5144 ὄντα
1188 5093 1327 5149 σῖτα
1352 5096 1422 5148 ἐν
1441 5099 1740 5166 Αἰγύπτῳ,

143 5170 540 5234 ἐξαπέστειλε
566 5170 709 5234 τοὺς
735 5171 997 5240 πατέρας
1026 5175 1200 5242 ἡμῶν
1242 5177 1500 5245 πρῶτον.
1530 5184 1639 5234 Kal
1674 5184 1745 5236 ἐν

143 5254 225 5319 τῷ
268 5254 529 5322 δευτέρῳ
557 5254 971 5324 ἀνεγνωρίσθη
1027 5257 1249 5328 Ἰωσὴφ
1299 5261 1423 5329 τοῖς
1452 5263 1744 5334 ἀδελφοῖς

143 5339 350 5424 αὐτοϋ.
381 5340 665 5424 Κατῆλθον
692 5341 1064 5424 ώνησόμενοι,
1108 5345 1202 5397 καὶ
1243 5347 1454 5402 ἐκείνου
1495 5352 1553 5403 ἐν
1585 5353 1746 5424 χρείᾳ

143 5422 508 5492 κατέστησαν.
562 5423 626 5475 Τί
675 5420 769 5476 οὖν
815 5424 1009 5488 αὐτόςς
1065 5428 1140 5479 Οὐ
1200 5430 1364 5501 μέχρι
1407 5420 1745 5506 τούτου-τὴν

144 5506 334 5577 φιλανθ
344 5505 556 5576 ρωπίαν
580 5507 890 5571 ἐπεδείξατο
911 5519 958 5574 ο,
978 5509 1112 5564 ἀλλά
1140 5514 1234 5566 καὶ
1257 5515 1332 5584 τῷ
1353 5517 1553 5589 Φαραὼ
1581 5505 1746 5587 ἐγνώ.

147 5606 294 5661 ρισε,
344 5589 437 5641 καὶ
492 5589 689 5651 αὐτοὺς
719 5593 1024 5660 κατήγαγε.
1063 5595 1175 5647 Καὶ
1205 5601 1478 5666 φανερὸν
1501 5601 1746 5669 ἐγένετο

144 5673 223 5736 τῷ
255 5670 470 5740 Φαραὼ
507 5671 573 5725 τὸ
595 5671 771 5741 γένος
811 5673 919 5727 τοῦ
962 5675 1206 5747 Ἰωσήφ.
1248 5680 1636 5752 Ἀποστείλας
1674 5686 1744 5740 δὲ

208 5842 232 5910 _‘
262 5840 365 5910 Alii
391 5841 599 5910 δείκνυσι
623 5843 725 5910 πῶς
746 5843 1098 5910 αὐτὸςᾼαῦτούς,
1168 5851 1195 5891 b
1222 5853 1539 5910 Αιίίολίψεων
1572 5859 1718 5910 αὐτοῖς

149 5905 335 5954 ιαίότι.
413 5907 435 5936 ε
465 5906 564 5958 Am
600 5907 685 5962 τὴν
708 5907 862 5969 {dum
887 5908 1015 5958 ἐπιδ.
1071 5900 1081 5906 -
1222 5900 1320 5904 -~---
1342 5900 1369 5902 --
1394 5900 1534 5920 ττνην
1573 5900 1686 5910 η..
1709 5900 1738 5920 .,

1881 1473 2126 1543 Ἰωσὴφ,
2146 1472 2604 1544 μετεκαλέσατο
2632 1472 2743 1526 τὸν
2769 1468 3002 1538 πατέρα
3028 1467 3220 1524 αὐτοῦ
3249 1467 3478 1531 Ἰακὼϐ,

1865 1557 1967 1614 καί
2006 1558 2218 1613 πᾶσαν
2249 1558 2366 1625 τὴν
2405 1555 2774 1626 συγγένειαν
2812 1554 2884 1608 ἐν
2919 1551 3333 1622 ἐϐδομήκοντα
3381 1551 3481 1604 καί

1865 1643 2049 1697 πέντε
2088 1641 2342 1711 ψυχαῖς.
2387 1641 2618 1708 Κατέϐη
2664 1639 2733 1692 δὲ
2766 1639 2985 1695 Ἰακὼό
3021 1639 3111 1702 εἰς
3135 1636 3479 1704 Αιγυπτον,

1864 1727 1964 1780 καὶ
2001 1726 2409 1790 ἐτελεύτησεν
2437 1723 2624 1788 αὐτὸς
2646 1723 2746 1776 καί
2775 1724 2829 1774 οἰ
2864 1717 3121 1787 πατέρες
3150 1716 3342 1786 ήμῶν.
3369 1716 3484 1771 Kal

1859 1807 2276 1878 μετετέθησαν
2298 1809 2387 1871 εἰς
2419 1806 2644 1874 Συχὲμ,
2678 1803 2779 1858 καί
2806 1804 3113 1870 ἐτέθησαν
3135 1801 3206 1854 ἐν
3225 1799 3304 1866 τῷ
3328 1797 3484 1869 μνή-

1858 1907 2021 1960 ματι,
2057 1889 2090 1943 ὃ
2141 1888 2423 1953 ὠνήσατο
2465 1887 2725 1954 Ἀϐραὰμ
2767 1885 2946 1954 τιμῆς
2977 1884 3268 1954 ἀργυρίου
3314 1881 3483 1950 παρὰ

1865 1973 1985 2026 τῶν
2032 1971 2199 2043 υἱῶνῌ
2223 1969 2458 2039 Ἑμμὼρ
2489 1970 2596 2043 τοῦ
2629 1968 2869 2043 Συζέμζ
2890 1966 3101 2032 Καθὼς
3133 1965 3203 2043 δὲ
3219 1964 3484 2043 Δἤγγιζεζθ

1863 2044 2084 2112 χρόνος
2125 2040 2236 2108 τῆς
2281 2036 2680 2109 ἐπαγγελίας,
2835 2038 3077 2107 ὤμοσεν
3123 2039 3156 2090 ό
3207 2036 3353 2100 Θει’ς
3402 2036 3483 2099 τῷ

1876 2124 2146 2194 Ἀϐραὰμ.
2177 2123 2459 2191 ηὔξησεν
2489 2125 2522 2178 ό
2545 2124 2718 2190 λαὸς,
2753 2122 2853 2177 καὶ
2881 2122 3240 2188 ἐπληθύνθη
3281 2119 3352 2172 ἐν
3379 2121 3483 2173 Αί-

1863 2209 2089 2278 γύπτῳ,
2122 2207 2298 2277 ἄχρις
2327 2203 2399 2262 οὗ
2432 2203 2664 2274 ἀνέστη
2683 2205 2994 2271 ,βασιλεὺς
3018 2205 3247 2273 ἕτερος,
3279 2202 3349 2267 ὃς
3369 2203 3483 2255 οὐκ

1863 2289 1994 2358 ᾔδει
2029 2289 2139 2342 τὸν
2202 2289 2438 2358 Ἰωσήφ.
2479 2288 2649 2342 Πάλιν
2703 2288 2838 2357 άλλη
2891 2285 3250 2340 ἀνελπιστία·
3285 2283 3481 2357 πρώτη

1865 2374 1964 2442 μὲν
2006 2374 2035 2425 6
2082 2371 2266 2443 λιμὸς,
2325 2371 2558 2442 δευτέρα
2613 2371 2674 2424 τὸ
2716 2373 2984 2441 ἐμπεσεῖν
3019 2371 3100 2434 εἰς
3143 2371 3332 2439 χεῖρας
3383 2366 3482 2421 τοῦ

1861 2455 2117 2525 ἀδελφοῦ,
2172 2455 2266 2508 καὶ
2323 2454 2502 2525 τρίτη·
2534 2452 2595 2506 τὸ
2643 2453 2988 2523 ἀναιρεῖσθαι
3042 2452 3226 2522 ψῆφον
3260 2451 3483 2521 δοθῆναι

1863 2539 1968 2591 ὑπὸ
1999 2539 2095 2591 τοῦ
2145 2537 2447 2608 βασιλέως·
2507 2538 2604 2590 καὶ
2656 2537 2808 2607 ὅμως
2867 2535 3211 2606 διεσώθησαν
3272 2534 3484 2588 τούτων

1861 2621 2140 2676 ἀπάντων.
2208 2617 2342 2675 Εἶτα
2404 2620 2468 2673 τὸ
2521 2620 2836 2690 εὐμήχανον
2889 2621 3110 2684 δεικνὺς
3167 2619 3262 2673 τοῦ
3319 2619 3481 2685 Θεοῦ,

1865 2704 2060 2775 φησιν·
2103 2703 2208 2758 Ἐν
2252 2702 2300 2768 ᾧ
2336 2701 2524 2772 καιρῷ
2565 2703 2866 2773 ἐγεννήθη
2918 2703 3222 2772 Μωῡονῆς⁹
3274 2704 3372 2757 και
3403 2699 3484 2773 ἦν

1858 2786 2102 2853 ἀστεῖος
2136 2784 2217 2852 τῷ
2243 2785 2387 2851 Θεῷ.
2421 2787 2485 2839 Εἰ
2512 2788 2692 2840 ἐκεῖνο
2713 2785 3055 2856 θαυμαστὸν,
3074 2787 3156 2839 ὄτι
3189 2785 3296 2839 ὐπὸ
3328 2785 3484 2837 ὀδελο

1860 2870 1976 2939 φῶν
2011 2869 2253 2941 ἐπράθη,
2285 2868 2422 2923 ἀλλά
2457 2869 2621 2924 τοῦτο
2645 2869 3098 2942 θαυμαστότερον
3122 2867 3175 2932 ἀ,
3210 2871 3291 2922 ὅτι
3328 2868 3484 2938 βασι-

1859 2953 1985 3016 λεῦς
2011 2952 2240 3024 ἔτρεφεν
2265 2953 2429 3007 αὐτὸν
2457 2953 2550 3006 τὸν
2585 2953 2852 3025 μέλλοντα
2874 2952 3162 3025 καθαιρεῖν
3185 2952 3354 3006 αὐτοῦ
3381 2952 3483 3025 τήν

1858 3035 2058 3107 ἀρχὴν.
2096 3035 2260 3100 αὐτὸς
2290 3038 2319 3089 6
2353 3035 2566 3106 μέλλων
2601 3038 2962 3092 ἀπόλλυσθαι.

1945 3120 2112 3191 Ὁρᾷς
2151 3119 2431 3190 πανταχοῦ
2479 3121 2590 3173 τῶν
2620 3121 2834 3191 νεκρῶν
2868 3120 3059 3190 σχεδον
3106 3120 3482 3191 διατυπουμέ-

1859 3225 1958 3277 νην
1988 3206 2088 3278 τὴν
2136 3206 2474 3272 ἀνάστασιν;
2510 3207 2706 3260 Καίτοι
2732 3208 2834 3260 οὐκ
2877 3207 3028 3260 ἐστιν
3061 3206 3177 3258 ἴσον
3216 3207 3383 3260 αὐτόν
3427 3223 3482 3260 τι

1857 3291 1950 3344 τὸν
1983 3290 2118 3344 Θεὸν
2169 3293 2347 3343 ποιεῖν
2373 3332 2387 3353 ,
2419 3293 2516 3345 καὶ
2554 3292 2664 3345 ἀπὸ
2696 3291 3076 3362 προαιρέσεως
3124 3288 3481 3362 ἀνθρωπίνης

1858 3395 1910 3430 τι
1935 3376 2215 3445 γενέσθαι.
2237 3375 2429 3429 Ταῦτα
2458 3375 2590 3445 γοῦν
2612 3377 2713 3430 οὐκ
2736 3376 2846 3429 ἀπὸ
2869 3373 3247 3446 προαιρέσεως
3269 3373 3483 3444 ἀνθρω-

1859 3459 2025 3531 πίνης
2050 3454 2140 3530 ἧν.
2175 3459 2284 3512 Καὶ
2321 3455 2402 3529 ἦν
2428 3458 2768 3526 δυνατὸςέι
2801 3461 2965 3527 λόγῳ
2986 3457 3086 3512 καί
3117 3457 3289 3526 ἔργῳ.
3311 3456 3482 3512 Τοῦτο

1858 3537 2003 3602 εἷπε,
2038 3542 2291 3595 κάκεῖνον
2325 3543 2553 3613 σωτῆρα
2579 3543 2674 3596 καὶ
2700 3540 2925 3604 τούτους
2953 3541 3084 3610 περὶ
3121 3540 3212 3594 τὸν
3249 3539 3481 3612 εὐεργέ-

1855 3643 1958 3694 την
1986 3624 2316 3694 ἀγνώμονας
2356 3625 2596 3689 δεικνύς.
2631 3625 2907 3694 Καθάπερ
2937 3619 3033 3677 οὖν
3070 3623 3194 3677 τότε
3233 3623 3340 3676 ὐπὸ
3380 3623 3479 3677 τοῦ

1858 3706 2047 3770 κακῶς
2078 3707 2347 3770 παθόντος
2376 3705 2472 3760 τοῦ
2507 3706 2708 3778 Ἰωσὴφ
2736 3705 3025 3776 ἐσώθησαν
3047 3722 3060 3735 ο
3092 3705 3237 3759 οῦτω
3263 3706 3358 3760 καὶ
3381 3705 3480 3759 νῦν

1858 3790 1966 3844 ὑπὸ
2013 3789 2111 3843 τοῦ
2156 3790 2347 3852 κακῶς
2388 3789 2658 3853 παθόντος
2702 3788 3016 3858 ἐσώθησαν,
3056 3787 3151 3843 τοῦ
3194 3789 3479 3854 Μωῦσέως

1857 3871 2020 3940 λέγω.
2053 3873 2120 3925 Τί
2169 3871 2303 3942 γάρ,
2341 3873 2390 3924 εἰ
2441 3872 2518 3942 μὴ
2554 3871 2768 3926 ἀνεῖλον
2813 3871 2979 3925 αὐτὸν
3031 3871 3111 3942 τῷ
3150 3872 3474 3944 πράγματι;

1858 3957 1951 4027 Τῷ
1979 3955 2123 4026 λόγῳ
2153 3956 2363 4010 ἀνεῖλον
2393 3955 2586 4028 ῶσπερ
2618 3957 2884 4010 κάκεῖνοι.
2928 3957 3039 4011 Καὶ
3060 3959 3259 4010 ἐκεῖνοι
3289 3957 3390 4028 μέν
3410 3958 3477 4011 ἐκ

1855 4039 1955 4109 τῆς
1981 4039 2164 4092 αὐτῶν
2199 4041 2279 4103 εἰς
2320 4038 2631 4110 ἀλλοδαπὴν
2659 4039 2755 4092 καὶ
2795 4037 2954 4110 ξένην
2990 4039 3280 4093 ἀπέδοντο’
3327 4035 3476 4094 οῦτοι

1854 4125 1912 4178 δέ
1943 4126 2008 4178 ἐκ
2036 4125 2140 4196 τῆς
2166 4124 2457 4195 ἀλλοτρίας
2487 4125 2564 4187 εἰς
2601 4123 2896 4195 ἀλλοτρίαν
2933 4124 3337 4193 φυγαδεύουσι·
3379 4126 3476 4178 καὶ

1855 4208 1972 4260 ἐκεῖ
1998 4209 2096 4278 μὲν
2151 4208 2358 4279 τροφὴν
2412 4206 2785 4276 ἀποφέροντα,
2827 4207 3068 4261 ἐνταῦθα
3121 4207 3178 4259 δὲ
3233 4207 3473 4276 συμϐου·

1853 4290 2080 4344 λεύοντα
2108 4291 2176 4344 δι’
2211 4285 2286 4344 ῶν
2308 4291 2524 4345 ἔσονται
2552 4291 2694 4361 μετὰ
2719 4291 2878 4345 Θεοῦ.
2912 4291 3103 4354 Οῦτως
3144 4291 3346 4362 ἀληθὲς
3376 4293 3474 4346 καὶ

1852 4377 1918 4428 ἐκ
1942 4375 2052 4428 τῶν
2083 4375 2176 4428 νῦν
2214 4376 2690 4447 οἰκονομουμένων
2718 4378 2896 4430 ἐκεῖνο
2924 4377 2986 4430 τὸ
3011 4377 3118 4429 ὐπὸ
3147 4375 3242 4429 τοῦ
3283 4376 3474 4445 Γαμα-

1851 4457 1973 4529 λιήλ
2019 4457 2339 4529 εἰρημένον,
2393 4457 2478 4512 ὅτι
2529 4460 2667 4512 Ἐὰν
2717 4454 2758 4530 ᾖ
2792 4459 2862 4513 ἐκ
2914 4459 3023 4513 τοῦ
3052 4459 3224 4520 Θεοῦ,
3268 4460 3341 4512 οὐ
3369 4459 3474 4512 δύ-

1850 4543 2041 4594 νασθε
2067 4539 2416 4594 καταλῦσαι
2454 4542 2624 4595 αὐτό.
2665 4543 2739 4595 Σὺ
2773 4541 2831 4594 δὲ
2862 4543 2992 4605 τοὺς
3034 4541 3470 4610 ἐπιϐουλευομέ-

1850 4640 1978 4685 νους
2025 4621 2135 4675 τῶν
2167 4622 2649 4696 ἐπιϐουλευόντων⁸
2684 4626 2896 4687 αἰτίους
2943 4625 3221 4696 σωτηρίας
3254 4626 3471 4694 γινομέ-

1851 4723 1974 4769 νους
2017 4706 2346 4776 μανθάνων,
2381 4707 2693 4778 ἐκπλάγηθι
2737 4706 2833 4760 τοῦ
2875 4708 3013 4761 Θεοῦ
3049 4710 3112 4762 τὸ
3157 4710 3469 4778 εὐμήχανον

1849 4792 1943 4843 καὶ
1979 4790 2078 4861 τὴν
2113 4790 2361 4843 σύνεσινο
2392 4793 2441 4843 εἰ
2478 4792 2554 4861 μὴ
2588 4792 2700 4861 γὰρ
2731 4792 2932 4844 ἐκεῖνοι
2968 4791 3466 4863 ἐπεϐουλεύθησαν,

1848 4874 1947 4927 οὐκ
1971 4873 2037 4927 ἂν
2065 4868 2212 4928 οῦτοι
2255 4872 2546 4936 ἐσώζοντο.
2585 4874 2756 4944 Λιμὸς
2789 4870 2881 4944 ἦν,
2917 4876 3012 4927 καὶ
3043 4875 3145 4927 οὐκ
3187 4876 3467 4928 ἀνάλωσεν

1847 4957 2066 5020 αὐτούς.
2103 4957 2214 5009 Καὶ
2244 4957 2305 5009 οὐ
2335 4955 2494 5009 τοῦτο
2533 4957 2716 5025 μόνον,
2743 4957 2880 5010 ἀλλά
2914 4960 3010 5011 καὶ
3041 4957 3197 5029 [1⁸29]
3220 4958 3295 5010 δι’
3321 4957 3468 5010 ἐκεί-

1845 5057 1936 5094 νου
1971 5040 2258 5110 ἐσώθησαν
2280 5039 2376 5092 τοῦ
2410 5039 2879 5110 προσδοκηθέντος
2902 5041 3266 5093 ἀπολωλέναι.
3288 5042 3465 5110 Πρόσ-

1845 5141 2036 5194 ταγμα
2092 5123 2396 5194 βασιλικὸν,
2439 5127 2534 5177 καὶ
2565 5125 2664 5176 οὐκ
2699 5125 2967 5193 ἠφάνισεν
3009 5125 3284 5186 αὐτούςυο
3326 5123 3466 5175 ἀλλὰ

1843 5207 1965 5260 τότε
2007 5207 2208 5277 μᾶλλον
2234 5207 2432 5277 ηὐξετο
2461 5207 2522 5260 τὸ
2567 5207 2795 5276 πλῆθος,
2828 5210 2918 5260 ὅτε
2950 5210 3158 5271 ἐκεῖνος
3190 5207 3464 5260 ἀπέθανεν

1842 5292 1871 5342 ὁ
1911 5289 2066 5354 εἰδὼς
2117 5290 2339 5353 αὐτούς.
2393 5290 2498 5342 Τὸν
2556 5291 2782 5360 σωτῆρα
2834 5291 3020 5344 αὐτῶν
3076 5291 3463 5363 ὴῦουλήθησαν

1843 5372 2071 5435 ἀνελεῖν,
2112 5375 2206 5426 καὶ
2238 5374 2360 5426 οὐδὲ
2391 5372 2565 5437 οῦτως
2598 5373 2848 5442 ἴσχυσαν.

1921 5456 1986 5524 β’.
2015 5456 2200 5526 Ὀρᾷς,
2235 5459 2318 5510 ὃτι
2352 5456 2420 5508 δι’
2454 5451 2529 5510 ὧν
2557 5458 2584 5509 6
2604 5457 2852 5519 διάόολος
2870 5457 3146 5528 ἐπεχείρει
3169 5459 3463 5512 καταλύειν

1844 5539 1945 5609 τὴν
1971 5539 2305 5608 ἐπαγγελίαν
2331 5539 2427 5592 τοῦ
2463 5539 2622 5603 Θεοῦ,
2667 5539 2757 5593 διὰ
2791 5540 3002 5593 τούτων
3029 5541 3257 5610 ηῦξετος
3289 5542 3462 5596 Τοῦτο

1848 5623 1942 5674 καὶ
1970 5622 2171 5684 αὐτοὺς
2215 5623 2460 5691 ἥρμοττε
2488 5624 2610 5676 τότε
2643 5625 2838 5687 εἰπεῖν,
2863 5624 2944 5676 ὅτι
2974 5625 3283 5692 εὐμήχανός
3311 5626 3462 5677 ἐστιν

1853 5706 1881 5758 6
1907 5705 2038 5767 Θεὸς
2060 5706 2155 5758 καί¹
2189 5706 2488 5775 ἀναγαγεῖν
2527 5709 2675 5778 ἡμᾶς
2695 5707 2922 5771 δυνατὸς
2950 5709 3225 5761 ἐντεῦθεν.
3260 5709 3333 5760 Τὸ
3354 5711 3460 5778 γάρ

1915 5797 1942 5836 ἀ
1972 5799 2109 5865 Ευυδ
2157 5801 2334 5865 ἐπράθη
2391 5804 2591 5853 ἐνταῦθα
2640 5803 2809 5865 πάλιν;
2861 5805 2985 5852 ἀλλὰ
3054 5803 3457 5865 θαυμαστότιρον.

1850 5857 2042 5930 [Paulo
2063 5869 2180 5912 ante
2203 5857 2366 5914 Ι).καὶ
2410 5866 2562 5916 ἐκεῖνο
2601 5864 2682 5933 0.]
2770 5857 2922 5916 "Am
2963 5867 3045 5912 καὶ
3081 5857 3169 5913 οὐκ
3212 5857 3460 5914 ἀναλώσει

1853 5941 2039 5982 manu;
