4068 6468
193 453 349 508 1'unc
368 459 466 517 par
490 449 610 500 cra‘.
626 442 810 498 dicere
831 439 954 496 illos
979 454 996 493 :
1023 434 1252 506 Sapiens
1280 441 1366 490 est
1382 432 1560 497 Deus;
1591 442 1798 500 nosque

196 549 378 612 [niteat
397 539 526 595 hinc
545 536 824 592 reducere.
847 528 1123 600 Sapientia
1147 540 1377 596 namque
1406 524 1500 578 Dei
1522 523 1575 577 in
1599 535 1666 578 eo
1692 533 1800 576 ma-

195 633 339 688 xima
367 638 520 696 erat,
548 625 691 698 quod
720 626 772 678 in
798 621 1040 679 adversis
1064 633 1200 690 gens
1228 618 1316 672 illa
1347 623 1642 681 cresceret,
1671 627 1791 669 scr-

195 724 369 780 vitnte
387 762 403 786 ,
434 719 693 776 aerumnis
720 724 777 772 et
803 713 1040 770 caedibus
1067 717 1280 766 vexata.
1327 707 1454 764 Haec
1484 703 1798 777 magnitudo

197 813 574 892 promissionis
600 817 735 865 erat.
765 807 899 864 Nam
924 806 970 861 si
1001 805 1057 860 in
1088 813 1230 860 terra
1259 815 1355 857 sua
1383 800 1803 892 crevisset,inon

196 891 270 968 ita
301 906 548 965 mirabile
592 903 801 960 fuisset.
828 898 1014 969 Neque
1055 910 1222 966 parvo
1263 904 1509 963 tempore
1539 892 1594 946 in
1627 891 1802 945 aliena

198 1011 344 1059 terra
392 999 640 1064 fuerant,
687 993 784 1051 sed
810 987 1216 1064 quadringentis
1244 987 1421 1041 annis.
1455 984 1592 1039 llinc
1624 981 1789 1037 disci-

199 1109 345 1156 mus,
379 1090 505 1146 illos
523 1100 772 1160 magnam
795 1081 1190 1158 philosOphiam
1215 1095 1335 1150 prae
1351 1093 1412 1135 se
1441 1077 1669 1133 tulisse:
1694 1090 1802 1129 non

197 1186 347 1240 enim
401 1181 542 1237 sicut
580 1178 785 1235 domini
832 1174 1004 1232 servis
1032 1173 1139 1227 illis
1165 1171 1486 1233 utebantur,
1525 1165 1622 1222 sed
1668 1164 1809 1220 sicut

199 1275 410 1332 inimici
431 1285 483 1329 et
508 1270 742 1345 tyranni.
772 1267 899 1323 ldeo
921 1264 1172 1336 praedixit
1196 1262 1319 1318 illos
1341 1261 1394 1314 in
1419 1258 1666 1315 libertate
1693 1271 1810 1311 ma-

199 1382 306 1437 gna
353 1367 562 1420 futuros
598 1375 723 1418 esse
749 1377 765 1415 :
792 1358 847 1414 id
888 1358 1034 1414 enim
1074 1354 1177 1412 sibi
1205 1353 1321 1408 vult
1363 1348 1491 1405 illud
1517 1388 1533 1415 ,
1573 1347 1809 1402 Sercient

202 1459 364 1525 mihi,
413 1465 459 1512 et
497 1456 595 1510 huc
632 1460 980 1516 reuertentur,
1013 1462 1115 1504 nec
1158 1446 1278 1501 sine
1304 1442 1529 1498 ultione.
1578 1439 1646 1496 Et
1685 1437 1809 1494 ani-

203 1549 521 1614 madverte,
549 1542 824 1614 quomodo
872 1539 1120 1596 videatur
1161 1533 1365 1607 aliquid
1407 1527 1808 1588 circumcisioni

205 1641 529 1707 concedere,
560 1653 684 1694 cum
725 1633 858 1691 nihil
883 1633 932 1689 ei
961 1630 1200 1695 tribuat;
1226 1623 1491 1697 siquidem
1521 1619 1811 1692 promissio

208 1731 487 1804 praecessit
532 1731 678 1786 illam
701 1770 718 1795 ,
749 1742 869 1798 qua:
898 1721 1168 1795 posterior
1208 1720 1324 1774 fuit.
1360 1717 1428 1772 Et
1465 1713 1809 1788 patriarcha,

206 1824 416 1895 inquit,
439 1821 758 1878 cumulantes.
787 1817 889 1872 Hic
913 1829 1022 1870 non
1044 1811 1195 1868 ladit
1207 1825 1326 1877 eos,
1356 1809 1452 1864 sed
1477 1804 1813 1883 gratificatur

205 1916 361 1986 ipsis.
411 1912 756 1970 Patriarchas
797 1919 978 1964 autem
1017 1913 1178 1963 vocat
1219 1903 1631 1976 progenitores;
1676 1911 1814 1970 quo-

206 2009 354 2065 niam
382 2006 452 2062 de
481 2005 568 2061 his
595 2004 762 2057 altum
788 2000 1089 2071 sepiebant.
1113 1996 1368 2066 Alioquin
1393 2007 1526 2050 vero
1551 1991 1810 2058 ostendit,

205 2107 427 2154 sanctos
453 2113 563 2151 non
591 2093 760 2150 fuisse
780 2105 1145 2149 aerumnarum
1174 2096 1446 2158 expertes,
1475 2084 1573 2141 sed
1597 2084 1652 2138 in
1680 2083 1814 2153 ipsis

206 2188 471 2246 arumnis
481 2200 642 2255 opem
659 2193 978 2254 asseqnutos
991 2195 1132 2237 esse.
1157 2179 1236 2235 llli
1252 2193 1385 2234 vero
1396 2192 1504 2232 non
1523 2175 1686 2232 modo
1703 2187 1810 2229 non

206 2280 497 2337 solvebant
516 2278 683 2348 ipsas,
717 2275 813 2330 sed
841 2275 1007 2330 etiam
1022 2287 1147 2328 eum
1160 2269 1524 2341 afﬂigentibus
1547 2281 1608 2323 se
1623 2281 1815 2338 coope-

204 2371 618 2438 rabantur,cum
630 2367 942 2423 debuissent
956 2364 1136 2435 potius
1147 2361 1265 2416 illas
1276 2358 1817 2427 exscindere.Quem-

206 2461 500 2518 admodum
538 2473 669 2528 ergo
699 2456 776 2512 illi
823 2455 1120 2526 Josephum
1173 2450 1493 2515 vcndentes,
1525 2449 1812 2505 clariorem

205 2554 359 2610 illum
383 2551 757 2616 reddiderunt,
784 2548 863 2603 sie
889 2563 985 2603 rex
1016 2546 1277 2618 Moysem,
1306 2558 1429 2599 cum
1450 2542 1614 2612 jussit
1640 2539 1812 2598 occidi

206 2658 443 2716 pueros:
471 2642 572 2697 nisi
594 2642 740 2695 enim
768 2639 1039 2711 iussisset,
1073 2652 1179 2691 non
1209 2634 1643 2691 hoceventurum
1671 2641 1811 2688 erat.

282 2735 380 2790 Dei
444 2732 877 2804 prouidentia.—
905 2729 1038 2786 Vide
1095 2727 1488 2799 providentiam
1549 2724 1667 2780 Dei.
1719 2723 1814 2779 Ille

206 2829 352 2898 fugat
393 2824 674 2897 Moysen);
723 2837 822 2878 nec
864 2822 1006 2877 Deus
1050 2817 1340 2890 prohibet,
1385 2816 1530 2888 quod
1573 2816 1811 2871 futurum

204 2929 325 2978 erat
354 2919 708 2988 dispensans,
732 2923 791 2970 ut
812 2914 921 2969 illic
947 2912 1047 2969 Dei
1092 2911 1302 2966 visione
1348 2908 1684 2979 dignaretur.
1723 2907 1818 2962 Sic

205 3024 265 3067 et
295 3025 519 3066 servum
557 3006 832 3062 venditum
866 3005 937 3060 ibi
970 3017 1151 3073 regem
1171 3000 1476 3066 constituit,
1506 2999 1597 3055 ubi
1621 3013 1816 3054 servus

204 3118 332 3158 esse
349 3100 657 3171 putabatur.
675 3096 824 3151 Sicut
855 3103 1034 3150 autem
1058 3092 1149 3147 hie
1176 3092 1250 3148 ibi
1281 3101 1490 3161 regnat,
1522 3091 1611 3145 ubi
1640 3090 1816 3160 ipsum

204 3191 601 3247 vendiderunt:
617 3188 696 3244 sic
714 3197 770 3243 et
787 3184 1037 3241 Cbristus
1059 3185 1113 3238 in
1135 3192 1310 3238 morte
1327 3190 1644 3251 potestatem
1662 3179 1816 3235 exhi-

207 3283 350 3338 buit.
383 3281 496 3336 Hoc
528 3294 636 3333 non
674 3277 894 3333 honoris
928 3285 1133 3331 tantum
1152 3283 1288 3337 erat,
1309 3272 1562 3343 sedquod
1579 3272 1815 3326 etiamin

205 3391 304 3430 sua
323 3381 589 3444 potestate
617 3370 826 3425 fideret.
845 3367 955 3424 Sed
979 3368 1090 3438 jam
1121 3381 1242 3437 qua:
1261 3365 1401 3420 dicta
1433 3374 1580 3431 sunt,
1599 3373 1818 3434 repeta-

206 3479 354 3520 mus.
397 3463 464 3518 Et
491 3463 752 3517 constituit
791 3477 906 3515 eum
941 3459 1278 3531 prwpositum
1302 3474 1458 3528 super
1481 3455 1774 3529 zEgyptum
1797 3498 1814 3523 ,

207 3567 259 3612 et
286 3570 442 3625 super
465 3569 666 3608 omnem
691 3552 903 3605 domum
923 3567 1091 3606 suum.
1118 3549 1252 3605 Vide
1273 3559 1472 3620 quanta
1503 3564 1598 3618 per
1619 3548 1816 3602 laniem

209 3656 502 3720 prteparet.
540 3644 604 3699 In
634 3645 957 3715 septuaginta
995 3645 1219 3716 quinque
1261 3642 1562 3708 animabus,
1614 3641 1816 3712 inquit,

208 3739 472 3794 descendit
491 3737 656 3791 Jaeob
685 3738 739 3790 in
765 3734 1082 3806 Egyptian,
1129 3744 1178 3787 et
1224 3733 1497 3804 defunctus
1525 3741 1600 3786 est
1629 3732 1739 3802 ipse
1773 3741 1820 3787 el

209 3845 386 3906 patres
399 3830 594 3886 nostri.
623 3827 690 3883 Et
715 3827 952 3882 translati
973 3836 1090 3881 sunt
1112 3826 1166 3880 in
1199 3825 1434 3890 Sic/tem,
1459 3834 1506 3879 et
1531 3824 1684 3894 positi
1701 3831 1823 3879 sunt

210 3927 269 3980 in
297 3923 532 3994 sepulcro
556 3962 572 3987 ,
598 3920 736 3991 quod
762 3919 881 3973 emit
925 3916 1186 3970 Abraham
1222 3916 1383 3985 pretio
1404 3915 1607 3985 argenti
1640 3931 1673 3968 n
1697 3915 1822 3983 filiis

215 4011 415 4071 Mentor
440 4011 537 4081 filii
569 4011 797 4066 Sicltent.
828 4006 1080 4063 Ostendit
1110 4007 1234 4062 illos
1263 4021 1436 4076 neque
1462 4007 1698 4076 sepulcri
1725 4007 1826 4062 do-

213 4108 395 4165 minos
421 4105 607 4161 fuisse.
640 4102 709 4159 Ut
728 4111 901 4156 autem
922 4100 1350 4172 appropinquavit
1377 4108 1574 4169 trinpus
1603 4101 1826 4169 promis-

212 4201 398 4263 sionis,
427 4215 579 4268 quam
595 4198 866 4271 juraverat
895 4193 1035 4250 Deus
1059 4194 1300 4258 Abralue,
1326 4193 1482 4247 crevit
1505 4193 1748 4263 papulas,
1778 4202 1824 4247 et

1164 321 1228 378 IN
1267 319 1450 376 ACTA
1488 307 2024 373 APOSTOLORUM.
2064 305 2295 368 llOlllL.
2338 305 2484 368 XVI.

1912 423 2081 495 plum,
2109 436 2377 494 nusquam
2396 417 2745 486 sacriﬁcium,
2768 417 2898 475 licet
2914 425 2995 475 tot
3021 426 3279 489 tantaque
3305 417 3518 488 dispen-

1911 525 2120 571 sentur.
2149 515 2219 570 Et
2247 513 2509 570 educatus
2538 522 2623 570 est
2647 513 2701 569 in
2725 513 2952 569 barbara
2980 512 3164 569 domo.
3193 511 3286 568 22.
3317 512 3382 568 Et
3402 530 3518 567 rru-

1911 607 2050 663 ditus
2071 617 2148 664 est
2175 606 2383 678 Moyses
2402 607 2457 661 in
2483 605 2624 661 omni
2647 604 2902 676 sapientia
2929 602 3326 677 :Egyptiorum,
3353 613 3402 658 et
3417 610 3524 659 erat

1914 709 2092 769 potens
2117 699 2170 752 in
2197 698 2362 753 verbis
2389 707 2438 753 et
2463 698 2519 752 in
2545 695 2805 767 operibus.
2837 696 3015 753 Mirari
3047 698 3192 754 subit
3209 738 3222 762 ,
3252 697 3524 768 quomodo

1911 791 2268 861 quadraginta
2295 791 2454 845 annis
2481 788 2593 844 illic
2618 788 2801 854 fuerit,
2834 804 2935 844 nec
2964 788 3340 860 deprehensus
3365 789 3436 844 sit
3457 805 3523 844 ex

1913 880 2358 944 circumcisione;
2401 879 2514 934 imo
2556 880 2735 950 potius
2761 878 3037 951 quomodo
3073 893 3267 934 secure
3305 889 3528 950 agentes

1915 985 2011 1025 sna
2040 969 2348 1040 despiciunt
2372 977 2430 1025 et
2460 968 2546 1024 hic
2568 977 2626 1025 et
2646 968 2876 1040 Ioseph,
2904 979 2966 1024 ut
2987 969 3127 1024 alios
3153 979 3374 1025 servent
3396 988 3410 1026 :
3432 969 3527 1026 23.

1917 1058 1988 1115 Ut
2003 1071 2176 1114 autem
2198 1059 2465 1130 impletum
2480 1069 2557 1114 est
2575 1060 2654 1115 illi
2672 1060 3017 1132 quadraginta
3035 1077 3288 1116 annorum
3303 1070 3528 1131 tenspus,

1913 1153 2142 1206 ascendit
2161 1151 2216 1206 in
2236 1168 2327 1207 cor
2350 1152 2483 1221 eius,
2509 1160 2565 1208 ut
2584 1152 2812 1208 uisitaret
2830 1157 3018 1224 fratres
3038 1170 3158 1210 suos
3183 1155 3319 1224 ﬁlios
3339 1153 3528 1211 Israel.

1912 1243 2006 1299 ει.
2039 1242 2108 1298 Et
2131 1260 2247 1298 cum
2272 1245 2482 1301 uidisset
2506 1245 2781 1314 quemdam
2805 1245 3054 1316 injuriarn
3080 1247 3356 1318 patientem
3381 1288 3396 1313 ,
3419 1249 3533 1304 ein-

1915 1333 2104 1390 dicaeit
2133 1336 2302 1403 illum,
2333 1345 2380 1391 et
2405 1337 2526 1408 fecit
2543 1337 2790 1392 ultionem
2815 1337 2880 1405 ei,
2914 1338 3004 1410 qui
3027 1338 3274 1409 injuriam
3307 1343 3530 1398 sustine-

1915 1425 2029 1492 bat,
2063 1442 2300 1498 percusso
2324 1425 2600 1500 Egyptio.
2627 1427 2722 1484 25.
2766 1427 3111 1484 Existimabat
3135 1439 3308 1484 autem
3338 1431 3530 1488 intelli-

1915 1533 2035 1587 gere
2062 1515 2249 1586 {ratres
2269 1533 2407 1583 suos,
2431 1519 2677 1590 quoniam
2700 1517 2841 1573 Deus
2865 1535 2958 1590 per
2975 1535 3186 1574 manuni
3205 1521 3366 1590 ipsius
3387 1523 3532 1577 daret

1917 1608 2133 1664 salutem
2161 1608 2267 1663 illis
2296 1624 2316 1664 :
2343 1618 2398 1663 at
2421 1609 2507 1664 illi
2525 1626 2630 1664 non
2657 1610 3041 1666 intellexerunt.
3069 1610 3230 1680 Vide,
3257 1613 3560 1684 quomodo-

1917 1700 2159 1757 nondum
2193 1701 2455 1758 molestus
2479 1701 2747 1766 videatur,
2779 1703 2877 1758 sed
2903 1717 3027 1758 cum
3056 1712 3204 1760 tanta
3240 1705 3534 1762 concione-

1919 1801 2028 1860 tur,
2062 1793 2215 1848 illum
2241 1792 2432 1850 audire
2452 1794 2792 1861 sustineant;
2825 1796 2894 1850 ita
2913 1795 3038 1851 illos
3059 1797 3239 1852 vultus
3259 1798 3341 1853 sui
3361 1799 3532 1868 gratia

1917 1895 2158 1956 ceperat.
2193 1884 2562 1954 Existimabat,
2593 1888 2801 1959 inquit,
2829 1888 3117 1960 intelligere
3137 1889 3344 1961 fratres.
3370 1893 3534 1964 Atqui

1917 1978 2174 2048 operibus
2200 1979 2559 2050 patrocinium
2581 1980 3084 2049 demonstrabatnr,
3114 1998 3290 2053 neque
3310 1995 3428 2040 erat
3450 2002 3538 2041 ra-

1920 2068 2142 2124 tiocinio
2161 2083 2302 2140 opus
2325 2087 2347 2124 ι
2368 2084 2547 2142 neque
2572 2079 2754 2128 tamen
2775 2073 2857 2129 sic
2883 2072 3288 2130 intellexerunt.
3319 2075 3534 2144 Vidcn',

1918 2162 2194 2233 quomodo
2220 2179 2348 2221 cum
2379 2165 2797 2221 mansuetudine
2825 2167 3201 2233 concionetur,
3238 2181 3288 2225 et
3330 2183 3453 2225 eum
3483 2171 3536 2226 in

1918 2256 2014 2312 illo
2044 2257 2182 2311 iram
2220 2264 2600 2324 monstrasset,
2633 2259 2686 2313 in
2713 2256 2819 2313 huc
2848 2259 3321 2316 mansuetudinem
3349 2272 3538 2316 osten-

1917 2347 2051 2404 dat?
2076 2347 2166 2404 26.
2195 2348 2444 2417 Sequenti
2462 2365 2580 2404 vero
2605 2349 2694 2403 die
2708 2351 2954 2421 apparuit
2979 2351 3088 2405 illis
3110 2352 3428 2423 litigantibus
3451 2369 3470 2408 :
3493 2363 3540 2407 et

1919 2440 2316 2496 reconcialiabat
2337 2441 2455 2496 illos
2475 2441 2529 2495 in
2556 2457 2683 2512 pace
2703 2483 2719 2507 ,
2752 2440 2927 2496 dicens
2953 2456 2973 2496 :
3010 2439 3145 2510 Viri,
3176 2446 3362 2513 fratres
3387 2444 3536 2510 estis,

1919 2542 1978 2588 ut
2003 2533 2130 2602 quid
2149 2533 2342 2589 nocetis
2366 2533 2671 2588 alterutrum
2687 2535 2713 2588 2
2738 2533 2831 2588 27.
2862 2534 2967 2601 Qui
2987 2545 3158 2589 autem
3187 2536 3434 2606 injuriam
3459 2541 3542 2610 fa-

1919 2624 2084 2679 ciebat
2120 2625 2387 2694 proatimo,
2427 2626 2620 2695 repulit
2649 2640 2766 2679 eum
2800 2625 3011 2681 dicens:
3043 2625 3170 2692 Quis
3199 2635 3246 2680 te
3281 2627 3542 2682 constituit

1920 2714 2206 2786 principem
2234 2723 2281 2768 et
2301 2714 2532 2785 judicent
2564 2730 2721 2785 super
2747 2716 2884 2770 nos?
2919 2715 3011 2770 28.
3045 2714 3314 2789 Numquid
3341 2719 3539 2788 interﬁ-

1918 2821 2033 2860 cere
2052 2821 2131 2860 me
2155 2815 2211 2859 tu
2229 2807 2328 2873 uis,
2348 2806 2479 2861 sicut
2505 2806 2616 2861 lteri
2641 2807 2940 2878 interfecisti
2962 2803 3272 2879 Aegyptium
3287 2810 3313 2862 7
3337 2808 3542 2864 Eodem

1919 2898 2105 2953 animo
2137 2908 2326 2953 contra
2355 2897 2632 2954 Christum
2669 2899 2925 2954 videntur
2953 2899 3140 2956 dicere
3169 2917 3184 2953 :
3221 2895 3345 2954 Non
3382 2901 3542 2956 liabe-

1919 3007 2036 3044 mus
2072 3006 2244 3062 regem
2267 3031 2285 3059 ,
2320 2990 2423 3044 nisi
2447 2989 2700 3045 Caesarem
2728 2988 2912 3060 (Joan.
2939 2989 3028 3044 l9.
3063 2990 3176 3061 15).
3209 2989 3300 3046 Sic
3327 2999 3546 3062 scinpet'

1920 3082 2104 3140 facere
2125 3085 2375 3139 solebant
2401 3083 2574 3138 Judaei
2596 3123 2612 3147 ,
2641 3097 2768 3137 cum
2795 3080 3061 3138 beneﬁcia
3087 3083 3418 3153 acciperent.
3454 3084 3545 3140 Vi-

1921 3174 2102 3230 distin‘
2127 3174 2493 3241 insipientiam
2515 3172 2721 3238 ‘tEum,
2739 3172 2831 3243 qui
2861 3187 2921 3228 se
2945 3182 3262 3228 servaturus
3283 3184 3422 3238 erat.
3452 3190 3545 3231 sc-

1921 3275 2116 3321 cusant
2150 3279 2275 3319 cum
2311 3263 2528 3328 dicunt,
2565 3262 2716 3318 Sicut
2739 3264 2849 3317 lteri
2879 3264 3178 3335 interfecisti
3205 3263 3544 3336 Aigyptium.

1921 3360 2015 3415 29.
2049 3358 2209 3431 Fugit
2229 3369 2402 3413 autem
2425 3357 2631 3430 Moyses
2659 3360 2713 3412 in
2742 3359 2892 3414 uerbo
2921 3360 3020 3414 isto
3042 3376 3062 3416 :
3093 3370 3139 3415 et
3160 3365 3328 3434 factus
3353 3373 3425 3417 est
3453 3364 3550 3416 ad-

1923 3468 2049 3506 uena
2073 3453 2128 3508 in
2158 3463 2296 3507 terra
2329 3451 2568 3519 Madian,
2599 3451 2686 3506 ubi
2720 3455 2980 3524 generauit
3004 3454 3143 3524 ﬁlios
3167 3455 3316 3509 duos.
3348 3455 3507 3528 Fugit
3530 3500 3545 3523 ,

1925 3561 2102 3617 neque
2129 3545 2252 3615 fuga
2274 3545 2640 3601 oeconomiam
2667 3545 2948 3612 exstinxit,
2978 3556 3036 3602 ut
3063 3563 3241 3618 neque
3263 3563 3435 3606 mors.
3453 3551 3545 3606 50.

1926 3636 1994 3692 Ει
2022 3638 2240 3707 expletis
2270 3640 2421 3693 annis
2458 3637 2836 3708 quadraginta,
2865 3642 3110 3710 apparuit
3147 3640 3227 3695 illi
3265 3643 3316 3696 in
3349 3643 3550 3700 deserto

1926 3730 2115 3785 montis
2142 3729 2277 3786 Sina
2298 3731 2514 3800 angelus
2538 3729 2754 3786 Domini
2778 3732 2832 3786 in
2863 3732 2980 3805 igne
3000 3734 3229 3803 [lamnae
3253 3736 3387 3791 rubi.

1999 3823 2054 3878 3.
2090 3822 2301 3890 Viden',
2328 3823 2605 3894 quomodo
2642 3825 2952 3881 (economia
2980 3840 3088 3881 non
3130 3837 3375 3896 tempore
3401 3830 3550 3884 scin-

1927 3916 2114 3972 ditur?
2141 3916 2277 3974 Cum
2320 3918 2581 3988 profugus
2625 3928 2803 3986 esset,
2854 3933 2978 3975 cum
3022 3921 3378 3990 peregrinus,
3423 3939 3550 3979 cum

1930 4010 2101 4064 multo
2128 4018 2372 4080 tempore
2390 4010 2442 4063 in
2468 4009 2644 4065 aliena
2671 4019 2812 4064 terra
2837 4010 3148 4075 mansisset,
3171 4023 3226 4066 et
3252 4011 3389 4066 lilios
3414 4013 3553 4068 duos

1929 4103 2292 4174 suscepisset,
2321 4119 2445 4160 cum
2474 4119 2581 4160 non
2609 4105 2750 4159 ultra
2772 4103 3004 4159 reditum
3027 4113 3393 4174 exspectaret,
3421 4115 3553 4161 tunc

1931 4196 2162 4265 angelus
2193 4195 2294 4265 ipsi
2324 4206 2568 4265 apparet.
2615 4194 2817 4250 Filium
2858 4194 2955 4251 Dei
2984 4205 3141 4250 vocat
3171 4197 3419 4267 angelum
3442 4239 3458 4264 ,
3496 4206 3556 4253 ut

215 4292 588 4361 audtiplicatus
609 4298 681 4344 est
707 4289 763 4342 in
784 4286 1020 4359 Egypto
1037 4328 1052 4352 ,
1076 4285 1405 4357 quoadusque
1439 4285 1661 4340 surrexit
2015 4289 2315 4344 hominem.
2350 4288 2418 4343 Et
2444 4287 2534 4342 ubi
2561 4286 2826 4360 apparet?
2854 4287 2912 4344 in
2935 4287 3178 4353 deserto,
3207 4305 3314 4344 non
3339 4292 3390 4344 in
3419 4299 3557 4346 tem-

215 4399 346 4446 rex,
377 4381 466 4451 qui
493 4381 743 4436 nesciebat
764 4376 984 4448 Ioseph.
1017 4376 1184 4444 Vide,
1213 4376 1486 4448 quomodo
1512 4392 1622 4432 non
1663 4377 1718 4432 in
1747 4385 1828 4432 tot

217 4475 379 4532 annis
405 4474 557 4530 auxit
585 4487 682 4527 eos
702 4472 728 4534 ,‘
749 4471 846 4527 sed
871 4486 997 4526 cum
1039 4467 1163 4524 linis
1194 4469 1646 4540 apprOpinquavit
1674 4484 1689 4520 :
1723 4471 1825 4526 etsi

215 4565 330 4638 jam
363 4562 740 4636 quadringenti
767 4561 892 4617 anni
913 4601 929 4626 ,
959 4562 1070 4616 imo
1095 4561 1277 4633 plures
1301 4602 1318 4627 ,
1348 4560 1743 4630 praeteriissent
1771 4560 1826 4617 in

219 4653 482 4726 Egypto.
508 4655 574 4709 Et
599 4654 704 4712 hoc
723 4652 974 4709 mirabile
992 4660 1096 4708 est.
1127 4650 1215 4707 19.
1244 4649 1365 4717 Hic,
1389 4652 1584 4722 inquit,
1607 4654 1829 4709 circum-

218 4749 428 4805 veniens
455 4762 615 4816 genus
639 4755 870 4800 nostrum
891 4785 908 4811 ,
935 4744 1112 4815 afflixit
1144 4751 1312 4814 patres
1341 4754 1560 4809 nostros,
1588 4754 1642 4798 ut
1666 4761 1829 4816 expo-

169 4858 178 4866 ·
221 4848 402 4896 nerent
430 4839 656 4909 infantes
675 4854 794 4891 suos
816 4877 832 4904 ,
862 4853 926 4890 ne
946 4836 1342 4904 uiuiﬁcarentur.
1377 4836 1789 4893 Circumveniens
1809 4879 1825 4906 ,

222 4931 432 5001 inquit,
483 4930 831 4985 subindicans
881 4929 1274 4986 clandestinam
1323 4928 1528 4984 caedem
1563 4947 1576 4983 :
1612 4930 1832 4985 nolebat

223 5023 369 5078 enim
393 5031 580 5091 aperte
601 5020 722 5076 illos
737 5018 1018 5084 occidere;
1054 5020 1174 5076 ideo
1199 5020 1350 5075 addit
1378 5038 1391 5074 :
1421 5019 1490 5075 Ut
1518 5031 1832 5090 exponerent

222 5112 451 5183 infantes
482 5128 622 5167 suos.
646 5109 736 5168 20.
772 5109 837 5166 In
865 5127 966 5184 quo
985 5119 1212 5181 tempore
1249 5121 1399 5166 natus
1421 5120 1495 5165 est
1527 5110 1756 5182 Moyses,
1786 5121 1834 5165 et

228 5207 328 5280 fuit
352 5216 528 5276 gratus
557 5203 689 5263 Deo.
722 5205 835 5261 lloc
866 5204 1110 5260 mirabile
1136 5215 1218 5260 est
1242 5245 1257 5269 ,
1286 5204 1430 5275 quod
1460 5205 1505 5260 is
1525 5246 1540 5270 ,
1571 5207 1661 5275 qui
1691 5221 1833 5276 prte-

225 5298 399 5359 lcetus
437 5297 646 5352 futurus
673 5309 790 5354 erat
813 5337 828 5362 ,
881 5312 989 5352 non
1016 5308 1146 5352 ante
1174 5298 1260 5352 vel
1287 5305 1448 5367 post,
1481 5299 1578 5353 sed
1611 5298 1663 5353 in
1714 5313 1833 5354 me-

223 5393 318 5448 dio
350 5390 533 5447 furore
563 5399 835 5448 nascatur.
872 5388 937 5443 Et
964 5391 1186 5445 nutritus
1215 5400 1288 5445 est
1314 5391 1476 5446 tribus
1500 5391 1752 5446 mensibus
1779 5394 1834 5446 in

227 5487 380 5542 domo
417 5487 598 5554 patris.
634 5483 856 5549 Quando
886 5483 1045 5551 igitur
1067 5482 1300 5538 humana
1331 5483 1532 5537 nullam
1565 5498 1716 5552 spem
1747 5483 1838 5538 of-

227 5578 510 5641 ferebant,
555 5583 611 5630 et
649 5575 793 5628 illum
839 5575 1177 5645 abjecerant,
1225 5584 1351 5629 tunc
1394 5575 1485 5629 Dei
1532 5577 1835 5630 (nconomia

229 5669 397 5725 fulsit.
427 5663 521 5723 Si.
556 5667 856 5738 Expositum
895 5677 1065 5720 autem
1108 5667 1251 5720 illum
1284 5666 1488 5720 sustulit
1529 5667 1642 5735 [ilia
1684 5666 1833 5721 Pha-

231 5769 438 5831 faunis,
481 5770 528 5816 et
558 5762 762 5816 nutrivit
792 5778 907 5817 eu-n
951 5760 1047 5816 sibi
1092 5762 1144 5816 in
1175 5760 1357 5831 filium.
1385 5757 1658 5831 Nusquam
1695 5772 1831 5820 tem-

1936 4380 2048 4450 plo.
2089 4378 2303 4445 Viden‘,
2332 4388 2464 4447 quot
2493 4377 2625 4434 liant
2668 4378 2963 4446 miracula,
3009 4387 3065 4435 et
3106 4395 3370 4450 nusquam
3415 4391 3556 4435 tem-

1934 4474 2114 4543 plum,
2151 4486 2418 4542 nusquam
2460 4471 2761 4527 sacriﬁcia?
2793 4471 2980 4541 Neque
3023 4472 3112 4527 hic
3150 4473 3473 4541 simpliciter
3503 4476 3555 4530 in

1933 4564 2173 4630 deserto,
2207 4563 2304 4618 sed
2335 4562 2390 4617 in
2422 4562 2577 4618 rubo.
2613 4563 2706 4618 51.
2740 4561 2947 4634 Moyses
2971 4573 3141 4618 autem
3163 4563 3358 4630 uidens,
3383 4567 3557 4620 admi-

1935 4665 2078 4712 ratus
2104 4665 2178 4710 est
2209 4655 2406 4718 visum;
2435 4664 2483 4708 et
2509 4655 2779 4709 accedente
2810 4656 2899 4709 illa
2929 4665 2985 4709 ut
3016 4657 3385 4722 consideraret,
3421 4661 3562 4730 facta

1935 4760 2010 4804 est
2034 4765 2133 4804 una:
2157 4747 2395 4802 Domini.
2444 4748 2588 4802 Ecce
2636 4762 2768 4803 voce
2798 4761 3016 4816 quoque
3045 4747 3300 4817 dignatus
3334 4759 3436 4803 est.
3468 4750 3560 4805 52.

1938 4843 2052 4915 Ego
2080 4863 2194 4899 sum
2220 4844 2363 4899 Deus
2394 4853 2602 4914 patrum
2633 4852 2868 4908 tuorum,
2915 4841 3059 4897 Deus
3097 4843 3392 4910 Abraham,
3426 4842 3565 4900 Deus

1939 4936 2116 4999 Isaac,
2149 4946 2197 4989 et
2224 4935 2362 4990 Deus
2390 4933 2576 4988 Jacob.
2602 4933 2721 4988 Non
2744 4932 2906 4987 modo
2935 4933 3024 4988 hic
3048 4933 3288 4988 ostendit
3312 4935 3563 5004 angelum

1937 5029 2029 5098 qui
2079 5027 2332 5098 apparuit
2359 5028 2445 5092 ei,
2487 5041 2610 5082 esse
2656 5025 2837 5096 magni
2883 5026 3096 5080 consilii
3127 5026 3418 5094 angelum;
3465 5028 3564 5084 sed

1939 5119 2104 5173 etiam
2135 5119 2410 5184 ostendit,
2455 5126 2715 5188 quantam
2746 5115 3135 5186 benignitatem
3170 5116 3314 5172 Dens
3357 5133 3454 5187 per
3484 5119 3568 5173 vi-

1941 5225 2060 5264 sum
2085 5209 2359 5265 exhibeat.
2392 5209 2745 5281 Tremefactus
2778 5217 2950 5261 autem
2979 5207 3187 5280 Moyses
3215 5225 3318 5262 non
3345 5211 3569 5280 qudebat

1941 5304 2284 5358 considerare.
2319 5303 2410 5358 55.
2448 5301 2595 5356 Dixit
2625 5310 2799 5355 autem
2827 5299 2908 5354 illi
2943 5299 3201 5355 Dominus
3224 5316 3244 5356 :
3273 5298 3428 5356 Solve
3455 5304 3568 5357 cal-

1941 5407 2258 5452 ceamentunt
2308 5395 2496 5466 pedum
2535 5405 2780 5458 tuorum;
2825 5392 2969 5447 locus
3017 5394 3152 5447 enim
3191 5395 3244 5447 in
3283 5410 3384 5462 quo
3431 5406 3569 5454 stus.

1943 5499 2079 5542 terra
2105 5498 2285 5541 sancta
2327 5497 2421 5541 est.
2449 5485 2724 5555 Nusquam
2753 5485 3013 5555 templum
3037 5526 3052 5552 ,
3085 5494 3140 5539 et
3171 5484 3323 5539 locus
3349 5495 3572 5541 sanctus

1943 5588 2027 5634 est
2069 5595 2166 5650 per
2207 5577 2602 5647 apparitionem
2657 5585 2711 5631 et
2759 5576 3135 5645 operationem
3182 5574 3404 5630 Christi.
3462 5577 3573 5629 lluc

1946 5672 2119 5726 multo
2147 5669 2564 5729 mirabiliuscst,
2589 5683 2749 5737 quam
2770 5668 2919 5721 locus
2945 5666 3034 5721 ille
3060 5666 3112 5721 in
3137 5666 3339 5722 sanctis
3360 5675 3574 5722 sancto—

1951 5781 2069 5820 rum
2098 5782 2109 5820 :
2145 5765 2252 5820 illic
2283 5763 2427 5819 enim
2461 5777 2754 5834 numquam
2784 5761 2862 5819 sic
2901 5762 3151 5832 apparuit
3193 5761 3368 5832 Deus,
3412 5777 3570 5817 num-
