4068 6432
567 344 671 402 131

565 470 725 529 quam
753 466 829 508 sic
856 448 1202 507 tremefactus
1216 459 1299 504 est
1323 446 1548 518 Moyses.
1575 444 1823 501 Vidistin'
1847 444 2151 497 misericor-

564 546 747 603 diam?
782 543 911 597 \‘ide
953 538 1165 595 tandem
1200 537 1634 594 sollicitudinem.
1665 536 1753 589 54.
1794 531 1980 588 Vidcns
2013 534 2151 598 ridi,

566 638 767 707 inquit,
799 635 1114 706 afﬂictionens
1141 630 1473 701 populi'meir,
1505 628 1593 697 qui
1617 636 1687 680 est
1726 628 1777 678 in
1809 623 2042 694 Aigypto
2061 665 2077 689 ,
2108 634 2155 677 et

563 732 801 801 gemitum
828 742 1009 779 eorum
1025 723 1215 781 audiui.
1244 732 1291 774 et
1310 717 1780 773 desaettdi‘liberare
1804 731 1905 768 eos.
1933 712 1999 766 Et
2020 730 2155 767 nunc

562 820 695 884 veni,
724 828 769 871 et
794 818 988 871 mittant
1017 823 1070 868 te
1094 814 1144 866 in
1167 810 1476 881 zEgyptum.
1503 808 1655 872 Vide,
1687 806 1954 876 quomodo
1975 817 2157 860 osten-

563 910 653 962 dat
684 924 748 963 se
784 923 878 976 per
908 904 1163 961 beneﬁcia
1186 944 1200 965 ,
1234 917 1331 971 per
1375 899 1634 968 supplicia
1680 906 1736 952 et
1773 912 1870 966 per
1900 894 2153 949 miracula

562 1002 761 1055 ducere
788 999 926 1057 illos,
955 982 1026 1047 illi
1058 1009 1193 1048 vero
1208 1007 1424 1061 semper
1450 988 1609 1044 iidem
1638 997 1812 1043 erant:
1840 985 2155 1040 Hine‘disei»

565 1104 716 1152 mus,
750 1090 912 1142 Deum
945 1086 1142 1153 ubique
1170 1093 1487 1152 pra:scntem
1516 1095 1658 1135 esse.
1688 1079 1811 1133 llaec
1848 1088 1903 1133 et
1934 1091 2031 1131 nos
2057 1092 2155 1130 au-

563 1180 794 1243 dientes,
822 1178 874 1230 in
903 1174 1279 1229 afﬂictionibus
1305 1171 1372 1225 ad
1403 1186 1526 1225 eum
1555 1169 1946 1238 confugiamus.
1973 1166 2042 1220 Et
2069 1182 2155 1237 ge-

562 1270 777 1331 mitum,
811 1268 1013 1336 inquit,
1054 1280 1224 1319 eorum
1268 1263 1461 1315 audivi.
1499 1260 1614 1316 Non
1643 1260 1957 1328 simpliciter
1985 1257 2150 1321 dixit,

563 1359 914 1423 Audiri;:sed,
935 1360 1155 1424 Pr0pter
1177 1354 1529 1407 calamitates.
1558 1349 1711 1417 Quod
1742 1350 1785 1403 si
1815 1349 1935 1417 quis
1963 1347 2108 1401 dicat
2135 1362 2150 1400 :

568 1450 630 1504 Et
658 1465 754 1503 cur
774 1450 890 1502 illos
916 1452 996 1503 sic
1018 1447 1177 1516 affligi
1203 1442 1485 1513 permisit?
1510 1441 1711 1501 audiat,
1736 1440 1891 1495 emn'r-
1908 1440 2055 1509 justo
2076 1437 2169 1493 ατ..

562 1542 824 1596 ﬂietiones
853 1554 1069 1599 causam
1101 1552 1222 1592 esse
1250 1535 1588 1606 praemiorum
1622 1549 1635 1585 :
1668 1532 1751 1585 vel
1781 1532 1902 1587 ideo
1929 1532 2049 1586 illos
2076 1529 2154 1583 af-

563 1634 668 1701 ﬂigi
712 1630 987 1700 permisit,
1038 1638 1097 1683 ut
1126 1630 1373 1683 virtutem
1416 1641 1566 1679 suam
1612 1624 1738 1679 hinc
1783 1624 2149 1695 splendentem

563 1722 876 1790 csbiberet,
922 1721 1147 1788 illosque
1182 1734 1277 1785 per
1307 1731 1572 1771 a-rumnas
1615 1716 1951 1780 institueret,
2000 1725 2055 1766 ut
2101 1714 2150 1766 in

561 1812 808 1866 omnibus
840 1809 1365 1881 pltilosOpbarentur.
1399 1807 1534 1862 Vide
1578 1821 1706 1876 ergo
1735 1822 1854 1860 cum
1888 1815 2070 1859 essent
2100 1806 2162 1858 in

560 1905 805 1964 deserto,
850 1916 957 1954 non
1000 1900 1157 1953 modo
1189 1899 1536 1968 impingnati,
1586 1895 1901 1959 incraSsali,
1947 1895 2149 1949 dilatati

562 2001 719 2057 sunt,
752 1991 845 2046 sed
891 1992 1050 2046 etiam
1083 1991 1483 2058 dereliqucrunt
1531 1988 1709 2040 Deum.
1762 1985 1968 2054 Ubique
2011 1985 2151 2039 enim

561 2083 723 2136 animi
753 2082 997 2136 remissio
1020 2082 1213 2134 malum
1241 2091 1346 2146 est,
1373 2080 1586 2132 dilecte.
1615 2077 1739 2131 Ideo
1764 2077 1832 2130 ab
1854 2077 2005 2130 initio
2020 2077 2157 2130 dixit

564 2176 815 2228 Adamn:
865 2172 929 2225 In
975 2172 1160 2226 sudore
1204 2171 1368 2224 vultus
1408 2171 1479 2221 Isti
1518 2169 1745 2221 comedas
1785 2183 1965 2237 panem
2013 2178 2153 2218 tuum

562 2263 716 2335 (Gen.
746 2264 799 2317 5.
822 2263 933 2333 19).
963 2262 1039 2317 Ne
1066 2262 1223 2331 igitur
1242 2276 1307 2315 ex
1333 2259 1623 2313 afﬂictione
1645 2258 1807 2311 multa
1831 2259 1881 2309 in
1905 2271 2150 2326 magnam

562 2356 999 2424 tranquillitatem
1030 2353 1335 2417 venientes,
1367 2351 1742 2405 contumeliosi
1782 2359 1997 2416 essent,
2032 2349 2153 2404 illos

559 2448 719 2517 alﬂigi
755 2445 1011 2516 permittit
1040 2462 1054 2499 :
1100 2460 1347 2514 magnum
1383 2444 1525 2498 enim
1556 2443 1753 2496 bonum
1792 2454 1875 2497 est
1910 2442 2149 2496 afﬂictio.

638 2541 929 2611 Aﬁlictionis
958 2536 1383 2592 bonane—Audi
1423 2535 1673 2588 Davidem
1699 2536 1965 2588 dicentem
1999 2553 2012 2586 :
2046 2534 2149 2587 Bo-

565 2648 685 2684 num
714 2631 837 2682 milti
878 2630 998 2699 quia
1037 2626 1312 2681 Itumilia’sti
1342 2642 1421 2679 me
1463 2624 1646 2698 (Psal.
1681 2626 1802 2680 118.
1836 2624 1960 2693 7|).
2001 2623 2156 2690 Quod

565 2724 609 2776 si
642 2721 848 2791 magnis
873 2730 928 2774 et
953 2719 1278 2772 admirandis
1304 2718 1442 2771 viris
1460 2733 1648 2785 magna
1678 2730 1766 2770 res
1793 2727 1875 2769 est
1900 2715 2150 2781 afﬂictio,

565 2815 732 2869 multo
761 2808 1131 2879 magisnobis.
1157 2807 1212 2862 Si
1246 2808 1440 2872 vultis,
1490 2808 1659 2877 ipsam
1704 2804 2046 2860 afﬂictionem
2098 2806 2155 2861 in

569 2904 742 2973 seipsa
770 2900 1162 2954 exatninemus.
1194 2898 1278 2952 Sit
1301 2898 1424 2967 quis
1454 2897 1693 2966 gaudens
1713 2937 1728 2960 ,
1761 2897 1913 2951 laetus
1939 2905 1993 2951 et
2019 2894 2153 2950 effl-

566 3011 659 3050 sus
682 3010 697 3059 ;
729 2994 853 3063 quid
882 2992 1091 3058 turpius
1116 3029 1132 3054 ,
1158 2990 1283 3058 quid
1315 2988 1649 3057 insipientins
1676 2990 1801 3043 illo?
1822 2989 1900 3045 Sit
1918 2990 2039 3060 quis
2060 2989 2166 3044 do-

563 3087 679 3142 lens
736 3090 791 3136 et
837 3093 1111 3143 atterens;
1155 3078 1283 3148 quid
1324 3077 1418 3131 illo
1464 3079 1632 3147 magis
1681 3080 2157 3149 pltilosoplticum?

562 3176 765 3231 Idcirco
792 3170 1025 3241 Sapiens
1050 3168 1306 3223 admonet
1328 3208 1345 3233 ,
1376 3168 1562 3222 dicens
1594 3184 1608 3221 :
1643 3166 1832 3222 Melius
1856 3180 1928 3223 est
1949 3171 2151 3241 ingredi

561 3266 613 3319 in
641 3266 841 3318 domum
868 3262 1033 3315 luctus
1052 3300 1066 3324 ,
1097 3274 1247 3329 quam
1274 3260 1328 3312 in
1354 3259 1560 3311 domum
1584 3260 1717 3313 risus
1746 3258 1949 3332 (-Ecrli.
1979 3263 2032 3316 7.
2061 3262 2152 3335 ὅ).

564 3355 725 3410 Forte
767 3352 908 3407 dicta
954 3350 1209 3405 irridetis.
1258 3349 1362 3404 Sed
1411 3348 1723 3416 videamus,
1772 3352 1946 3421 qualis
1994 3352 2160 3409 fuerit

564 3446 734 3500 Adam
785 3444 836 3497 in
883 3442 1166 3512 paradiso,
1214 3448 1269 3495 et
1311 3440 1484 3510 qualis
1530 3450 1713 3509 postea
1747 3455 1762 3495 :
1791 3444 1965 3511 qualis
1994 3442 2156 3500 fuerit

563 3536 693 3591 Cain
731 3543 889 3599 ante,
922 3533 1099 3603 qualis
1131 3540 1338 3602 postea.
1381 3530 1497 3585 Non
1524 3540 1630 3586 stat
1660 3533 1711 3587 itt
1737 3547 1832 3589 sua
1864 3534 1992 3590 sede
2033 3537 2154 3590 ani-

563 3641 683 3681 mus
705 3665 722 3691 ,
763 3625 857 3679 sed
902 3622 1053 3693 quasi
1082 3639 1111 3675 a
1142 3622 1374 3693 quodam
1400 3633 1561 3676 vento
1589 3623 1849 3679 tollitur;
1880 3627 2152 3696 voluptate

563 3727 620 3773 et
644 3716 775 3770 levis
818 3714 1078 3780 efﬁcitur,
1118 3714 1249 3769 nihil
1296 3714 1501 3768 habens
1544 3712 1777 3768 firmum.
1827 3714 2039 3771 Etenim
2083 3717 2155 3773 ad

564 3807 948 3880 promissiones
972 3814 1053 3859 est
1076 3804 1263 3871 facilis,
1290 3814 1346 3858 et
1375 3804 1446 3859 ad
1467 3805 1822 3874 pollicendum
1850 3819 2149 3878 promptus,

571 3911 625 3956 et
655 3914 843 3969 magna
866 3907 950 3953 est
974 3897 1377 3952 ratiociniurum
1409 3896 1700 3952 ﬂuctuatio.
1731 3899 1867 3955 Hine
1893 3902 2031 3957 risus
2071 3904 2154 3957 in-

570 3990 965 4057 tempestivus,
1020 3986 1201 4041 lwtitia
1250 3987 1458 4041 ratione
1515 3987 1808 4054 destituta,
1865 3991 2149 4047 verborum

568 4095 756 4150 magna
785 4088 839 4134 et
867 4078 1130 4148 superﬂua
1152 4080 1447 4148 nugacitas.
1474 4078 1674 4148 Ecquid
1700 4079 1767 4133 de
1788 4079 1906 4135 aliis
1928 4081 2150 4152 loquor?

566 4176 642 4229 De
684 4184 987 4229 sanctorum
1034 4171 1217 4240 aliquo
1261 4185 1510 4240 agamus,
1560 4172 2151 4243 videamusque..qualls

565 4268 635 4320 sit
662 4267 712 4321 in
739 4266 1013 4334 voluptate
1037 4304 1051 4327 ,
1079 4273 1134 4318 et
1160 4262 1333 4333 qualis
1374 4264 1424 4316 in
1457 4279 1714 4320 mmrore.
1767 4265 1940 4320 Vultis
1989 4266 2147 4321 Davi-

563 4357 686 4411 detn
713 4353 1151 4411 consideremus?
1182 4352 1314 4406 Cum
1361 4369 1489 4424 ergo
1536 4356 1627 4410 ille
1672 4355 1724 4409 in
1776 4357 2050 4425 voluptate
2095 4367 2150 4413 et

566 4448 745 4503 laetitia
777 4455 1084 4501 versaretur
1112 4457 1141 4495 a
1175 4443 1355 4499 multis
1386 4445 1601 4513 tropaeis
1622 4487 1637 4510 ,
1666 4461 1695 4498 a
1724 4446 1967 4511 victoria,
1999 4462 2027 4499 a
2051 4462 2147 4501 co-

564 4539 732 4604 ronis,
756 4551 785 4591 a
813 4536 1051 4599 deliciis,
1082 4549 1111 4586 a
1144 4532 1337 4587 fiducia
1364 4574 1377 4597 ,
1408 4533 1529 4588 vide
1554 4551 1672 4604 quae
1698 4536 1897 4590 dixerit
1926 4546 1979 4590 et
2006 4536 2150 4592 fece-

561 4635 633 4689 rit
659 4648 674 4687 :
706 4631 813 4701 Ego
837 4638 1005 4682 autent
1026 4627 1132 4680 disi
1156 4626 1208 4678 in
1235 4624 1549 4679 abundantia
1581 4642 1711 4690 mea,
1754 4625 1875 4681 Non
1916 4626 2150 4681 movebar

563 4726 615 4776 in
647 4733 885 4777 (sternunt
915 4717 1095 4788 (Psal.
1123 4716 1216 4771 29.
1248 4717 1279 4770 7
1306 4716 1346 4787 ).
1378 4715 1512 4769 Cum
1544 4728 1723 4771 autem
1758 4720 1807 4771 in
1856 4717 2148 4773 afﬂictione

566 4814 691 4876 fuit,
722 4810 842 4864 audi
869 4810 991 4878 quid
1019 4808 1161 4861 dicat
1189 4825 1202 4860 :
1236 4806 1300 4860 Et
1326 4808 1369 4861 si
1396 4808 1579 4861 dixerit
1608 4810 1751 4870 mihi,
1780 4809 1941 4863 Nolui
1956 4820 2021 4875 te,
2037 4826 2148 4864 ecce

559 4918 689 4974 ego;
719 4901 872 4970 faciat
900 4899 1025 4951 mihi
1052 4898 1185 4965 quod
1213 4898 1455 4966 placitum
1478 4909 1550 4952 est
1572 4915 1742 4953 coram
1763 4902 1872 4967 ipso
1898 4900 1986 4970 (2.
2014 4902 2142 4971 Reg.

561 4996 649 5050 15.
670 4993 743 5047 ‘26
762 4993 801 5061 ).
824 4990 959 5057 Quid
984 4989 1066 5043 his
1094 4988 1273 5043 verbis
1294 4990 1461 5057 magis
1493 4988 1916 5057 pbilosophicum
1936 4991 1957 5041 'i
1980 4991 2146 5058 Quid-

561 5085 687 5153 ψυά
717 5082 825 5135 Deo
852 5082 1015 5148 magis
1064 5088 1272 5148 gratum
1326 5077 1517 5142 fuerit,
1568 5079 1775 5148 inquit,
1826 5079 1875 5133 id
1924 5080 2033 5134 ﬂat.
2063 5084 2145 5136 .Et

561 5188 771 5232 rursum
814 5171 958 5227 Sauli
1003 5169 1212 5224 dicebat
1238 5186 1253 5222 :
1283 5169 1343 5223 Si
1391 5180 1559 5223 autem
1600 5169 1740 5224 Deus
1782 5183 2055 5225 commovet
2098 5183 2146 5228 te

557 5277 733 5321 contra
764 5282 872 5328 me,
916 5262 1185 5315 odoratum
1226 5262 1289 5313 sit
1334 5263 1639 5329 sacriﬁcium
1679 5274 1817 5314 tuum
1868 5262 1958 5332 (l.
2008 5261 2136 5333 Reg.

562 5356 649 5409 ’26.
686 5356 751 5407 49
774 5356 813 5421 ).
847 5352 914 5405 Et
942 5361 1067 5405 tunc
1092 5392 1107 5417 ,
1137 5365 1261 5403 cum
1297 5361 1441 5404 esset
1494 5352 1544 5404 in
1595 5352 1885 5407 afﬂimione
1911 5392 1925 5418 ,
1980 5354 2140 5408 etiam

564 5446 792 5501 inimicis
818 5443 1099 5512 parcebat;
1130 5452 1311 5512 postea
1338 5458 1465 5495 vero
1495 5458 1664 5511 neque
1703 5445 1888 5498 amicis
1912 5486 1928 5511 ,
1968 5460 2141 5514 neque

561 5538 627 5592 iis
646 5538 806 5605 quise
830 5533 962 5587 nihil
980 5534 1245 5587 keserant.
1270 5532 1476 5587 Rursus
1498 5532 1661 5587 Jacob
1682 5525 1801 5587 cum
1828 5537 1878 5588 in
1902 5550 2139 5589 :ernmna

557 5636 699 5682 esset
724 5666 737 5688 ,
768 5624 983 5679 dicebat
1010 5640 1023 5675 :
1056 5622 1117 5677 Si
1154 5623 1344 5675 dederit
1376 5623 1499 5675 mihi
1524 5622 1660 5676 Deus
1689 5641 1867 5690 panem
1894 5624 1962 5677 ad
1992 5641 2139 5677 man-

558 5722 842 5780 ducandum
898 5731 946 5779 cl
974 5719 1314 5775 vestimentum
1335 5738 1433 5791 quo
1460 5720 1661 5791 aperiar
1685 5721 1706 5791 (
1730 5719 1855 5774 Gen.
1883 5720 1971 5775 28.
1996 5720 2067 5775 20
2093 5722 2134 5792 ).

1298 334 1353 391 8.
1386 330 1668 395 ΙΟΧΝΝῙΞ
1699 327 2172 399 CIIRYSOSTOMI
2209 325 2527 386 SRCIHEP.
2568 329 3100 388 CONSTANPINOP.

3751 325 3857 381 {3‘1

2260 442 2327 497 Et
2355 442 2495 497 ﬂlius
2523 441 2635 497 Noe
2662 453 2816 499 antea
2847 444 2976 498 nihil
3011 444 3116 500 tale
3146 442 3381 510 fecerat;
3424 442 3511 497 tibi
3556 453 3735 498 autem
3786 449 3859 499 de

2259 532 2695 588 salute-conlisus
2724 544 2806 589 est
2825 576 2840 601 ,
2870 536 3021 589 audis
3046 550 3204 605 quam
3231 536 3650 590 contumeliosus
3683 535 3859 590 factus

2258 624 2349 678 sit.
2393 624 2459 678 Et
2505 624 2763 679 Ezechias
2798 641 2919 679 cum
2948 628 3001 679 in
3026 626 3291 680 aerumnis
3310 635 3486 687 esset,
3519 625 3643 680 vide
3673 628 3857 695 qualia

2260 729 2355 784 pro
2390 714 2564 768 salute
2592 714 2777 769 fecerit
2806 731 2818 765 :
2847 730 3060 769 saccum
3089 717 3233 770 enim
3267 716 3467 781 induit,
3510 725 3565 770 et
3608 717 3661 770 in
3714 725 3859 771 terra

2258 804 2437 870 sedit;
2465 805 2552 877 ubi
2580 816 2757 859 autem
2788 806 2840 858 in
2865 806 3137 875 voluptate
3165 805 3293 869 fuit,
3328 808 3521 863 cecidit
3570 824 3681 877 pra:
3734 808 3858 862 alti-

2259 896 2447 952 tudine
2492 898 2673 952 cordis
2718 897 2822 952 sui.
2878 897 3003 951 Ideo
3056 897 3269 967 Moyses
3292 898 3585 965 admonet,
3618 898 3858 953 dicens:

2259 985 2384 1041 Cum
2409 989 2684 1043 comederis
2706 999 2752 1042 et
2782 989 2963 1043 biberis
2988 998 3036 1044 et
3064 999 3321 1043 saturatas
3351 990 3542 1060 fueris,
3587 990 3862 1045 recordare

2259 1075 2470 1131 Domini
2496 1076 2595 1132 Dei
2622 1082 2697 1131 tui
2725 1080 2742 1147 (
2768 1078 2918 1133 Deut.
2940 1079 2993 1133 6.
3027 1079 3151 1147 l2).
3172 1078 3417 1147 Prmceps
3439 1088 3523 1133 est
3540 1081 3686 1134 enim
3707 1080 3861 1135 lucus

2259 1167 2573 1223 deliciarum
2594 1211 2623 1235 ,.
2661 1179 2716 1224 et
2745 1170 3069 1225 oblivionem
3098 1170 3190 1225 Dei
3224 1171 3444 1224 inducit.
3481 1171 3615 1225 Eum
3646 1171 3861 1240 afﬂige-

2258 1270 2447 1313 rentur
2482 1259 2783 1326 lsraeliue,
2832 1262 3002 1316 multo
3046 1262 3228 1330 plures
3272 1270 3461 1325 erant;
3510 1277 3632 1315 cum
3676 1274 3858 1315 autem

2258 1350 2383 1405 iltos
2408 1350 2732 1414 dimitteret,
2766 1358 2893 1405 tunc
2921 1367 3110 1406 omnes
3140 1352 3415 1419 peribant-
3435 1351 3502 1405 Et
3536 1367 3649 1405 cur;
3674 1363 3857 1406 vetera

2258 1440 2503 1509 exempla
2531 1440 2735 1495 affero?
2759 1439 2837 1494 Ex
2865 1441 3020 1495 nobis
3050 1441 3181 1509 ipsis
3208 1441 3514 1506 videamus,
3560 1442 3603 1495 si
3660 1442 3856 1511 placet.

2260 1531 2342 1585 Ex
2367 1532 2565 1585 noSIris
2598 1532 2810 1599 plurimi
2840 1531 2890 1584 in
2916 1531 3077 1585 rebus
3106 1532 3381 1603 prosperis
3410 1532 3667 1585 inﬂantur
3687 1572 3701 1593 ,
3734 1548 3857 1584 ont-

2260 1622 2417 1675 nibus
2447 1622 2683 1685 inimici,
2714 1620 2989 1687 iracundi,
3019 1622 3142 1675 dum
3188 1632 3448 1690 potestate
3499 1622 3680 1678 valent
3708 1640 3724 1688 ;
3762 1638 3858 1675 su-

2258 1712 2399 1765 blata
2429 1726 2564 1766 vero
2591 1721 2856 1781 potestate
2875 1751 2893 1778 ,
2925 1713 3186 1767 mansueti
3215 1726 3360 1779 sunt,
3393 1713 3642 1776 humiles,
3676 1716 3857 1778 mites,

2259 1804 2314 1856 in
2338 1814 2543 1857 natura:
2571 1818 2680 1857 sua:
2706 1805 3083 1873 cogitationem
3110 1807 3350 1860 veniunt.
3380 1807 3530 1874 Quod
3570 1822 3659 1862 res
3692 1808 3766 1861 ita
3803 1824 3863 1863 se

2258 1894 2492 1959 habeat,
2520 1897 2754 1950 ostendit
2786 1896 2948 1951 David
2972 1937 2985 1963 ,
3018 1897 3207 1952 dicens
3235 1916 3247 1951 :
3285 1897 3468 1952 Tenuit
3494 1917 3577 1953 eos
3617 1902 3864 1968 superbia

2258 1980 2309 2032 in
2364 1982 2516 2047 ﬁnem
2557 1996 2575 2032 :
2625 1981 2853 2049 prodibit.
2891 1985 3037 2049 quasi
3082 1998 3145 2034 ea:
3190 1982 3348 2050 adipe
3394 1983 3630 2049 iniquitas
3684 2001 3862 2037 eorum

2260 2069 2446 2137 (Psal.
2478 2070 2563 2124 7‘2.
2598 2070 2650 2125 6.
2685 2069 2777 2141 7.).
2812 2071 2936 2125 Hmc
2960 2086 2990 2125 a
3021 2087 3107 2126 me
3136 2072 3277 2126 dicta
3306 2082 3430 2126 sunt
3453 2113 3469 2137 ,
3501 2080 3559 2125 ut
3588 2088 3658 2127 ne
3680 2075 3862 2127 omnb-

2260 2160 2360 2214 bns
2383 2162 2554 2214 modis
2572 2163 2837 2230 gaudium
2851 2177 3175 2231 quaeramus.
3208 2164 3272 2217 Et
3294 2164 3585 2233 quomodo,
3618 2165 3860 2235 inquies,

2258 2254 2333 2306 ait
2370 2253 2567 2307 Paulus
2600 2271 2627 2306 ι
2660 2253 2891 2307 Gaudete
2932 2271 3129 2324 semper
3169 2253 3443 2327 (Philipp.
3477 2256 3531 2310 4.
3564 2257 3597 2309 ι
3628 2256 3688 2323 >ἳ
3740 2257 3860 2311 Non

2258 2344 2574 2412 simpliciter
2598 2343 2772 2411 dixit,
2805 2344 3049 2400 Gaudete
3069 2385 3084 2409 ,
3119 2345 3215 2400 sed
3242 2346 3479 2412 addidit,
3509 2346 3577 2401 In
3607 2348 3855 2405 Domino.

2329 2437 2381 2490 4.
2408 2432 2662 2488 Gaudium
2679 2436 2935 2506 quodnam
2953 2438 3017 2491 sit
3039 2437 3439 2493 bonum—dlce
3456 2440 3751 2495 maximum
3778 2452 3861 2496 est

2257 2526 2546 2596 gaudium;
2581 2529 2671 2581 tali
2712 2528 3014 2596 gaudebant
3059 2532 3322 2598 apostoli;
3355 2531 3612 2599 gaudium
3647 2533 3857 2587 lucrum

2260 2618 2489 2672 aﬂ'erens
2525 2634 2539 2672 :
2570 2617 2711 2687 quod
2738 2633 2769 2672 a
2789 2620 3127 2685 carceribus,
3157 2635 3186 2672 a
3216 2619 3392 2690 ﬂagris
3414 2660 3429 2687 ,
3473 2636 3503 2675 a
3550 2638 3855 2693 persequu-

2260 2709 2529 2774 tionibus,
2564 2724 2603 2764 a.
2626 2710 2763 2763 mala
2802 2709 2953 2764 fama
2968 2721 3024 2766 et
3052 2726 3080 2764 a
3110 2712 3353 2766 tristibus
3384 2715 3606 2768 omnino
3651 2717 3855 2784 princi-

2260 2800 2404 2868 plum
2432 2808 2489 2854 et
2529 2800 2775 2861 radicem
2803 2800 2965 2855 habet
3008 2812 3061 2856 et
3108 2803 3444 2858 occasioaetn
3478 2822 3491 2858 :
3523 2805 3666 2861 unde
3706 2817 3761 2861 et
3806 2808 3856 2863 in

2260 2890 2461 2945 bonum
2489 2890 2650 2947 finem
2679 2894 2945 2961 pervenit.
2976 2892 3241 2948 Gaudium
3271 2909 3398 2950 vero
3424 2897 3609 2952 mundi
3652 2912 3813 2953 secus
3842 2917 3857 2954 :

2261 2984 2449 3055 incipit
2496 2988 2643 3041 enim
2689 3001 2720 3040 a
2770 2987 3060 3053 suavibus,
3104 2986 3411 3057 desinitque
3460 2991 3513 3043 in
3560 2990 3856 3045 tristitiam.

2260 3073 2444 3143 Neque
2488 3089 2589 3143 ego
2639 3075 2899 3143 prohibeo
2946 3076 3181 3146 gaudere
3225 3079 3277 3131 in
3327 3078 3588 3145 Domino,
3644 3080 3756 3134 imo
3799 3082 3855 3136 id

2259 3162 2415 3218 valde
2444 3163 2733 3217 admoneo.
2767 3163 3201 3233 Flagellabantur
3238 3168 3500 3235 apostoli,
3548 3176 3603 3223 et
3647 3171 3857 3239 gaude-

2260 3252 2385 3307 bant
2409 3268 2425 3318 ;
2459 3254 2846 3319 vinciebantur,
2866 3266 2920 3309 et
2944 3256 3144 3327 gratias
3168 3257 3424 3333 agebant;
3456 3258 3855 3329 lapidabantur,

2258 3355 2311 3401 et
2338 3346 2721 3415 praedicabant.
2750 3346 2863 3402 Hoc
2891 3356 2946 3402 et
2974 3364 3074 3417 ego
3111 3348 3272 3403 velim
3318 3350 3570 3420 gaudium
3601 3369 3615 3405 :
3647 3353 3793 3422 quod
3826 3370 3858 3409 ι

2260 3438 2410 3493 nullo
2439 3438 2709 3507 corporali
2756 3439 2963 3493 initium
3007 3440 3237 3506 balneas,
3274 3441 3440 3497 seda
3488 3442 3859 3512 spiritualibus

2259 3534 2443 3589 rebus.
2473 3533 2591 3589 Non
2633 3543 2806 3604 potest
2851 3534 2953 3604 qui
2982 3535 3275 3589 secundum
3323 3534 3581 3590 tnundum
3624 3538 3855 3607 gaudet,

2260 3626 2419 3679 simul
2443 3635 2498 3680 et
2524 3625 2821 3680 secundum
2856 3626 3021 3681 Deum
3048 3627 3282 3696 gaudere
3316 3643 3329 3680 :
3362 3628 3538 3682 omnis
3561 3630 3705 3682 enim
3725 3670 3741 3694 ,
3764 3632 3855 3697 qui

2256 3717 2549 3771 secundum
2574 3717 2829 3771 mundum
2859 3717 3092 3785 gaudet,
3136 3717 3205 3772 de
3244 3717 3446 3771 divitiis
3492 3719 3732 3787 gaudet,
3785 3720 3858 3777 de

2260 3810 2574 3878 voluptate,
2607 3808 2675 3863 de
2719 3809 2921 3878 gloria,
2966 3809 3034 3864 de
3081 3811 3350 3879 potentia,
3397 3810 3467 3865 de
3512 3814 3855 3881 arrogantis;

2257 3900 2345 3969 qui
2397 3899 2860 3954 verosecundum
2911 3898 3115 3964 Deum,
3172 3900 3241 3955 de
3295 3901 3581 3970 ignominia
3634 3913 3859 3972 propter

2258 3991 2443 4054 illmu,
2496 3990 2565 4044 de
2608 3997 2962 4059 paupertate,
3009 3988 3077 4043 de
3127 3989 3336 4060 inopia,
3388 3989 3457 4046 de
3496 3991 3738 4060 jejunio,
3786 3995 3858 4052 de

2257 4082 2577 4137 lunnilitate.
2603 4081 2793 4138 VidBn‘
2817 4098 2974 4153 quam
3002 4086 3270 4138 contraria
3300 4087 3655 4155 argumenta?
3684 4086 3859 4153 Quot-

2255 4184 2385 4245 quot
2419 4174 2506 4227 hic
2534 4183 2684 4227 extra
2712 4174 2963 4243 gaudium
2988 4182 3149 4239 sunt,
3177 4185 3325 4227 extra
3359 4188 3651 4229 mmrorem
3683 4187 3811 4230 sunt
3837 4192 3855 4242 ;

2256 4276 2310 4322 et
2338 4273 2600 4335 quotquot
2630 4273 2776 4319 extra
2805 4279 3115 4329 mmrorem,
3144 4273 3269 4319 sunt
3293 4266 3455 4321 etiam
3505 4275 3653 4321 extra
3695 4267 3854 4323 volu~

2258 4370 2479 4430 ptatem.
2511 4358 2577 4411 Et
2602 4372 2788 4411 revera
2816 4356 2929 4411 hare
2960 4364 3105 4422 sunt,
3136 4372 3254 4425 quae
3282 4372 3467 4411 verum
3495 4358 3749 4428 gaudium
3770 4359 3852 4413 fa-

2255 4450 2443 4514 ciunt,
2474 4448 2724 4517 quoniam
2758 4446 2847 4499 illa
2878 4461 3073 4500 nomen
3126 4455 3331 4500 tanttun
3380 4447 3557 4516 gaudii
3604 4447 3857 4515 habent,

2258 4550 2427 4594 totum
2448 4546 2622 4592 autem
2651 4537 2959 4590 inmterore
2984 4538 3143 4589 situm
3172 4547 3272 4591 est.
3304 4538 3571 4604 Quantum
3600 4540 3854 4595 maeroris

2257 4630 2417 4686 liabet
2444 4629 2744 4700 arrogans?
2774 4636 3031 4698 quantum
3062 4629 3386 4697 pnepeditur
3413 4630 3540 4684 dum
3585 4646 3851 4701 arrogan-

2258 4735 2336 4778 ter
2382 4722 2535 4794 agit?
2585 4721 2729 4775 Mille
2779 4721 2879 4775 sibi
2933 4728 3087 4789 parat
3135 4721 3531 4785 contumelias,
3590 4737 3849 4792 magnum

2253 4815 2477 4878 odium,
2520 4828 2767 4882 magnam
2816 4810 3187 4876 inimicitiam,
3240 4811 3498 4865 invidiam
3546 4812 3859 4881 ingentem.

2254 4906 2385 4961 Nam
2416 4906 2461 4959 si
2493 4920 2521 4957 a
2550 4904 2843 4973 majoribus
2873 4902 3190 4956 contumelia
3224 4902 3519 4969 afficiatur,
3562 4903 3745 4961 dolet:
3799 4906 3848 4961 si

2254 5012 2359 5050 non
2388 5005 2571 5051 contra
2604 5008 2794 5049 omnes
2824 4995 3098 5063 insurgat,
3128 4994 3422 5049 mordetur.
3455 4994 3682 5049 Humilis
3712 5012 3854 5054 vero

2254 5088 2304 5141 in
2335 5088 2497 5141 multa
2528 5098 2612 5141 est
2637 5086 2931 5154 voluptate,
2955 5100 2983 5137 a
3018 5084 3164 5139 nullo
3193 5085 3453 5139 honorem
3481 5098 3806 5154 exspectans
3828 5106 3847 5143 :

2252 5178 2295 5232 si
2325 5178 2639 5242 lautoretur,
2670 5175 2899 5245 gaudet;
2926 5175 2970 5229 si
3000 5190 3104 5229 llOtt
3137 5176 3463 5239 lionoretur,
3496 5190 3604 5230 non
3656 5177 3802 5231 dolet
3824 5219 3844 5245 ,

2251 5270 2357 5322 imo
2382 5268 2577 5339 gaudet
2615 5266 2755 5337 quod
2787 5282 2890 5322 non
2923 5267 3213 5322 honoratus
3259 5268 3328 5321 sit
3359 5268 3397 5319 ί.
3432 5268 3616 5336 Itaque
3665 5269 3845 5324 Itono-

2250 5374 2362 5412 rem
2410 5374 2514 5413 non
2555 5374 2795 5428 qumrere
2829 5368 2881 5413 et
2911 5358 3200 5423 honorari,
3232 5358 3283 5412 id
3316 5374 3560 5428 magnam
3594 5361 3845 5430 volupta-

2251 5458 2353 5503 tem
2386 5450 2544 5520 parit.
2574 5449 2684 5504 illic
2716 5464 2842 5504 vero
2870 5450 3197 5504 contrarium
3226 5451 3453 5515 accidit;
3498 5452 3692 5521 qua-rit
3737 5451 3842 5506 ho-

2312 5606 2329 5674 ‘_
2366 5605 2587 5674 Dounaeo
2610 5605 3002 5674 ita_versionem_
3023 5602 3348 5674 Graecamhtc
3370 5612 3627 5674 immutare
3654 5603 3839 5673 placet,

2245 5668 2366 5780 rtiin
2392 5668 2797 5779 interpretatione
2822 5666 3093 5730 legendum
3113 5666 3178 5715 sit
3198 5699 3213 5727 ,
3239 5666 3335 5717 into
3359 5667 3474 5718 satis
3498 5666 3719 5719 Iusoc'e'si
3742 5679 3843 5717 mes

2266 5742 2468 5778 maiore
2491 5742 2567 5778 nr.
