4068 6420
236 345 336 400 131

238 458 365 524 γείᾳ
386 451 481 506 τοῦ
511 451 772 524 Χριστοῦ.
820 453 1008 524 Πολλῷ
1051 453 1502 524 θωμασιώτερον
1541 452 1704 505 τοῦτο
1741 451 1840 505 τοῦ

228 547 398 600 τόπου
457 546 514 598 ἐν
543 548 656 608 τοίς
696 545 900 612 Ἀγίοις
925 546 1036 598 τῶν
1067 543 1241 605 ἀγίων
1267 562 1279 575 ·
1308 545 1426 597 ἐκεῖ
1469 543 1578 615 γὰρ
1605 540 1844 611 οὐδαμοῦ

229 629 410 698 ἐφάνη
440 626 613 690 οὕτως
638 630 666 680 6
695 628 851 691 Θεὸς,
883 627 1124 697 οὐδαμοῦ
1153 627 1327 691 οὕτως
1356 628 1620 698 ἔντρομος
1649 627 1843 694 γέγονε

227 716 497 786 Μωὺσῆς.
525 710 680 777 Εἶδες
706 715 806 785 τὴν
852 713 1303 784 φιλανθρωπίαν;
1342 716 1488 784 ’Ὂρα
1523 714 1711 766 λοιπὸν
1746 713 1843 765 καὶ

225 801 332 871 τὴν
386 798 739 869 κηδεμονίαν.
799 796 959 850 Ἰδὼν
988 793 1204 850 εἷδονιι
1257 796 1388 862 τὴν
1414 797 1688 849 κάκωσιν
1732 794 1841 848 τοῦ

224 884 388 939 λαοῦ
414 901 553 951 μου,
578 881 732 950 φησί,
767 880 874 933 τοῦ
898 881 969 933 ἐν
987 881 1291 948 Αἰγύπτῳ,
1314 878 1414 932 καί
1449 879 1554 932 τοῦ
1589 893 1842 944 στεναγ-

220 972 348 1040 μοῦ
366 968 566 1025 αὐτῶν
585 967 848 1036 ἤκουσα,
900 966 1000 1019 καὶ
1045 966 1311 1032 κατέϐην
1359 965 1681 1028 ἐξελέσθαι
1733 965 1841 1017 αὐ-

225 1054 395 1117 τούς.
426 1052 531 1104 Καὶ
558 1050 676 1103 νῦν
697 1048 899 1116 δεῦρο,
926 1049 1270 1102 ἀποστείλω
1301 1065 1374 1101 σε
1401 1049 1489 1112 είς
1510 1047 1835 1114 Αἴγυπτον.

227 1135 402 1205 Ὅρα,
435 1133 552 1196 πῶς
578 1132 871 1196 δείκνυσιν,
903 1132 984 1184 ὅτι
1014 1131 1110 1183 καὶ
1156 1130 1221 1183 δι’
1246 1129 1604 1199 εὐεργεσιῶν,
1634 1127 1841 1205 καὶ-διά

227 1201 508 1269 κολάσεων
558 1215 651 1267 καὶ
675 1214 763 1266 διὰ
801 1214 1097 1282 θαυμάτων
1146 1214 1381 1281 ἐπήγετο
1428 1211 1658 1270 αὐτούς’
1702 1201 1765 1262 οΡ
1783 1211 1838 1263 δὲ

224 1301 279 1352 οί
305 1299 463 1351 αὑτοὶ
495 1295 659 1367 ἦσαν.
701 1295 889 1358 Οὕτως
919 1296 1169 1348 ἐντεῦθεν
1196 1296 1563 1365 μανθάνομεν,
1585 1295 1667 1346 ὅτι
1701 1311 1839 1346 παν-

216 1385 398 1456 ταχοῦ
436 1385 694 1455 πάρεστιν
721 1386 749 1436 6
778 1384 928 1446 Θεός.
958 1383 1146 1435 Ταῦτα
1184 1382 1474 1445 ἀκούοντες
1495 1425 1510 1447 ,
1557 1383 1654 1434 καὶ
1676 1383 1839 1451 ἡμεῖς

223 1471 286 1523 ὲν
326 1471 448 1531 ταῖς
473 1468 689 1537 θλίψεσι
717 1467 855 1538 πρὸς
881 1467 1043 1520 αὑτὸν
1094 1467 1556 1535 καταφεύγωμεν.
1585 1467 1694 1519 Καὶ
1730 1465 1837 1519 τοῦ

226 1555 574 1623 στεναγμοῦ
595 1555 706 1624 γὰρ
735 1553 954 1615 αὐτῶν,
1000 1555 1188 1623 φησὶν,
1217 1553 1478 1621 ἤκουσα.
1504 1554 1616 1622 Οὑχ
1649 1552 1838 1616 ἁπλῶς

225 1635 715 1703 εἷπεν,¹’11κουσα,
739 1637 895 1700 ἀλλὰ,
930 1636 1017 1687 διὰ
1047 1636 1147 1697 τάς
1181 1635 1473 1706 συμφοράς
1508 1635 1557 1689 δ.
1593 1636 1652 1686 Εἰ
1673 1633 1728 1685 δέ
1751 1651 1835 1698 τις

224 1722 410 1790 λέγοι,
448 1722 558 1774 Kal
590 1721 737 1782 τίνος
788 1719 972 1771 ἕνεκεν
997 1729 1019 1756 ο
1074 1719 1272 1781 αὑτοὺς
1305 1718 1458 1771 εἴασε
1515 1715 1835 1787 κακωθῆναι

223 1806 440 1870 οὖτωςς
472 1806 740 1867 ἀκουέτω,
776 1804 857 1857 δτι
900 1804 1136 1873 μάλιστα
1175 1804 1275 1874 μὲν
1308 1799 1404 1857 οὖν
1445 1805 1610 1856 παντὶ
1639 1803 1837 1872 δικαίῳ

223 1892 283 1944 al
319 1890 592 1952 κακώσεις
624 1890 792 1943 αἴτιαι
828 1888 1038 1957 μισθῶν
1059 1889 1305 1954 γίνονται
1333 1901 1346 1915 ·
1376 1888 1409 1956 ἢ
1443 1886 1537 1939 καὶ
1560 1886 1648 1938 διὰ
1675 1884 1836 1938 τοῦτο

224 1975 429 2036 αὐτοὺς
456 1972 638 2042 ἀφῆκε
675 1969 1002 2032 κακοῦσθαι,
1042 1971 1129 2023 ’ίνα
1163 1970 1263 2042 τὴν
1287 1968 1454 2022 αὑτοῦ
1477 1968 1711 2037 δύναμιν
1739 1968 1836 2020 xal

224 2056 482 2110 ἐντεῦθεν
509 2053 660 2124 δείξῃ
690 2053 1128 2122 διαλάμπουσαν,
1171 2050 1460 2112 κάκείνους
1493 2050 1560 2102 δι’
1594 2043 1670 2103 ὧν
1703 2053 1835 2102 ἐκα-

224 2138 420 2192 κοῦντο
453 2141 532 2201 είς
575 2137 755 2189 πάντα
806 2133 1074 2206 παιδεύσῃ
1116 2133 1454 2200 φιλοσοφεῖν.
1486 2132 1630 2202 Ὅρα
1677 2131 1832 2198 γοῦν,

221 2223 314 2278 ὅτε
347 2218 488 2294 ἦσαν
530 2223 589 2274 ἐν
614 2222 680 2289 τῇ
727 2220 942 2291 ἐρήμῳ,
978 2218 1040 2271 οὑ
1079 2218 1238 2288 μόνον
1275 2215 1663 2285 ἐλιπάνθησαν,
1694 2216 1832 2268 ἐπα-

223 2307 521 2380 χύνθησαν,
555 2303 993 2372 ἐπλατύνθησαν,
1041 2301 1176 2354 ἀλλά
1212 2300 1309 2353 καὶ
1346 2300 1712 2368 ἐγκατέλιπον
1740 2300 1833 2354 τον

224 2390 378 2442 Θεόν.
420 2385 707 2458 Πανταχοῦ
739 2385 848 2457 γὰρ
873 2387 905 2456 η
945 2385 1150 2447 ἄνεσις,
1189 2384 1445 2452 ἀγαπητέ
1469 2425 1483 2449 ,
1513 2385 1707 2438 κακόν.
1733 2383 1834 2438 Διά

223 2473 386 2528 τοῦτο
413 2473 506 2525 καὶ
535 2471 596 2536 ἐξ
617 2473 791 2542 ἀρχῆς
813 2470 891 2540 τῷ
916 2467 1089 2539 Ἀδὰμ
1110 2468 1294 2536 ἔλεγεν
1322 2485 1334 2498 ’
1376 2468 1481 2522 Ἐν
1500 2466 1697 2536 ἱδρῶτι
1724 2467 1834 2522 τοῦ

222 2558 558 2626 προσώπου
580 2575 697 2611 σου
724 2557 887 2626 φάγῃ
917 2557 1025 2608 τίν
1045 2557 1229 2624 ἄρτον
1252 2572 1390 2609 σου.
1418 2556 1539 2608 Ἵνα
1564 2555 1744 2608 τοίνυν
1767 2557 1834 2609 ἐκ

220 2639 326 2712 τῆς
344 2641 549 2710 πολλῆς
572 2640 868 2700 κακώσεως
891 2642 970 2702 είς
985 2639 1169 2692 ἄνεσιν
1185 2639 1429 2701 ἐλθόντες
1448 2639 1524 2710 μὴ
1543 2639 1829 2710 ὑϐρίσωσι,

223 2723 505 2778 θλίϐεσθαι
535 2723 729 2784 αὑτοὺς
744 2724 1038 2792 συγχωρείο
1066 2721 1207 2791 μέγα
1234 2723 1342 2791 γὰρ
1362 2724 1395 2791 ἡ
1415 2722 1591 2791 θλῖψις
1604 2722 1830 2790 ἀγαθόν.

296 2819 410 2871 Καὶ
442 2819 526 2870 δτι
547 2817 770 2884 ἀγαθὸν,
805 2817 973 2870 ἄκουε
1012 2815 1108 2868 τοῦ
1143 2815 1307 2870 Δαυῒδ
1339 2815 1590 2884 λέγοντος
1612 2833 1624 2845 ·
1663 2818 1833 2886 Ἀγα-

221 2901 332 2956 θόν
367 2917 474 2970 μοι
527 2901 616 2952 ὅτι
662 2898 1076 2963 ἐταπείνωσάς
1091 2917 1188 2967 με.
1230 2900 1293 2952 El
1320 2899 1375 2951 δὲ
1417 2901 1530 2962 τοῖς
1573 2900 1833 2968 μεγάλοις

222 2984 319 3037 καὶ
342 2983 685 3054 θαυμαστοῖς
723 2982 950 3053 ἀνδράσι
982 2983 1125 3052 μέγα
1162 2982 1418 3053 ὴθλῖψις,
1464 2982 1645 3052 πολλῷ
1696 2984 1833 3053 μᾶλ-

221 3065 312 3119 λον
347 3068 502 3136 ἡμῖν.
549 3066 613 3118 El
650 3065 906 3134 βούλεσθε
933 3064 1011 3128 δὲ,
1043 3065 1136 3118 καὶ
1172 3065 1343 3135 αὐτὴν
1380 3065 1465 3131 ἐφ’
1505 3065 1708 3133 ἑαυτῆς
1732 3064 1831 3133 τὴν

227 3147 412 3217 θλῖψιν
451 3146 607 3219 [152]
639 3148 1009 3217 ἐξετάσωμεν.
1055 3147 1238 3199 Ἔστω
1270 3163 1356 3210 τις
1387 3147 1596 3217 χαίρων
1623 3146 1831 3218 σφόδρα

221 3232 316 3283 καὶ
349 3229 599 3299 γεγηθὼς
629 3231 722 3282 καὶ
748 3229 1098 3299 διαχεόμενος
1117 3243 1132 3257 ⁶
1169 3228 1221 3280 τί
1255 3230 1751 3300 ἀσχημονέστερον,
1775 3230 1829 3282 τί

222 3314 581 3382 ἀνοητότερον
619 3311 844 3378 τούτους
883 3310 1067 3364 Ἔστω
1097 3330 1180 3374 τις
1210 3312 1392 3378 ἀλγῶν
1439 3313 1532 3365 καὶ
1563 3312 1788 3383 ἀθυμῶν
1812 3331 1826 3346 ι

219 3392 277 3446 τί
307 3390 502 3444 τούτου
551 3389 1018 3460 φιλοσοφώτερον;
1071 3391 1170 3442 Διά
1219 3390 1381 3443 τοῦτο
1429 3393 1556 3444 καὶ·
1583 3391 1612 3444 6
1665 3391 1828 3460 σοφὸς

221 3475 484 3543 ⁶παραινεῖ
525 3472 735 3540 λέγων·
791 3471 1074 3538 Κρεῖττον
1114 3473 1203 3538 εις
1250 3472 1448 3526 οὶκίαν
1492 3472 1519 3512 ἀ
1566 3473 1829 3542 πένθους

219 3556 542 3620 εἰσελθεῖν,
568 3556 606 3622 ἢ
637 3557 722 3621 είς
757 3557 956 3609 οὶκίαν
981 3556 1259 3625 γέλωτος.
1306 3556 1461 3626 Τάχα
1499 3558 1592 3608 καὶ
1621 3558 1828 3626 διαμωο

226 3639 394 3692 κᾶσθε
434 3639 504 3691 τά
543 3638 834 3707 λεγόμενα.
895 3637 1043 3707 Πλὴν
1086 3637 1307 3705 ἴδωμεν,
1344 3634 1455 3701 οἷος
1501 3633 1570 3708 ἦν
1597 3640 1625 3690 6
1658 3639 1828 3710 Ἀδὰμ

223 3724 283 3775 ἐν
318 3721 653 3793 παραδείσῳ,
688 3719 780 3772 καὶ
822 3715 934 3778 οἶος
993 3722 1133 3791 μετά
1163 3718 1336 3771 ταῦτα
1367 3715 1436 3790 ἦν
1461 3737 1474 3749 ο
1524 3715 1636 3784 οἷος
1682 3717 1750 3791 ἦν
1802 3725 1830 3773 6

224 3806 367 3858 Κάῖν
431 3805 538 3871 πρὸ
585 3803 801 3868 τούτου,
856 3803 953 3856 καὶ
996 3797 1105 3865 οἷος
1144 3797 1212 3871 ἦν
1264 3803 1403 3872 μετά
1455 3800 1648 3857 ταῦτα.
1715 3803 1828 3874 Οὑχ

221 3896 456 3966 ἔστηκεν
485 3895 578 3948 ἐπὶ
629 3894 729 3964 τῆς
783 3893 987 3954 οἰκείας
1032 3893 1195 3962 ἔδρας
1235 3894 1269 3961 ἡ
1296 3892 1462 3962 ψυχὴ,
1493 3892 1608 3945 ἀλλ’
1635 3891 1827 3965 ὥσπερ

222 3988 331 4041 ὑπό
364 4003 509 4048 τινος
551 3985 863 4054 πνεύματος
893 3985 1106 4054 αἴρεται
1140 3982 1242 4052 τῆς
1288 3983 1484 4053 ἡδονῆς
1508 3983 1602 4036 καὶ
1629 3986 1827 4052 κουφί-

222 4079 398 4143 ζεται,
421 4077 572 4129 οὐδὲν
606 4076 803 4145 ἔχουσα
839 4074 1073 4144 βέϐαιον.
1108 4075 1217 4126 Kal
1248 4073 1355 4144 γὰρ
1385 4076 1495 4127 καὶ
1543 4075 1681 4144 πρὸς
1730 4077 1828 4148 ἐπτ-

221 4160 484 4229 αγγελίας
539 4160 690 4210 ἐστὶν
735 4157 977 4220 εῦκολος,
1019 4156 1112 4209 καὶ
1146 4157 1282 4226 πρὸς
1309 4158 1634 4226 ὑποσχέσεις
1691 4158 1828 4228 πρό-

223 4260 430 4315 χειρος,
461 4243 556 4295 xal
585 4240 752 4303 πολὺς
780 4241 808 4292 6
857 4241 1016 4302 σάλος
1043 4239 1155 4291 τῶν
1201 4240 1497 4308 λογισμῶν.
1545 4240 1827 4294 Ἐντεῦθεν

222 4329 454 4395 ἄκαιρος
476 4325 670 4393 γέλως,
707 4323 1000 4393 φαιδρότης
1035 4323 1136 4375 οὑκ
1189 4321 1387 4390 ἔχουσα
1434 4321 1611 4389 λόγον,
1652 4323 1826 4393 ῥημάο

221 4426 332 4462 των
372 4408 528 4470 ὕθλος
563 4406 729 4468 πολὺς
780 4408 873 4458 καὶ
912 4405 1188 4467 περιττός.
1241 4405 1350 4455 Kal
1395 4403 1447 4455 τί
1509 4404 1655 4470 λέγω
1699 4406 1826 4468 τοὺς

222 4492 452 4554 ἄλλους
483 4490 606 4542 Τῶν
646 4489 817 4557 ἁγίων
842 4489 937 4541 Eva
967 4485 1470 4556 προχειρισώμεθα,
1503 4487 1599 4538 καὶ
1627 4486 1825 4554 ἴδωμεν

220 4573 308 4635 τίς
347 4573 449 4644 μὲν
480 4569 547 4640 ἦν
575 4575 633 4626 ἐν
667 4572 827 4641 ἡδονῇ
863 4568 994 4636 ζῶν,
1039 4570 1122 4631 τίς
1173 4569 1230 4621 δὲ
1282 4567 1444 4621 πάλιν
1489 4571 1546 4620 ἐν
1592 4568 1820 4640 ἀθυμίᾳ.

222 4655 491 4709 Βούλεσθε
509 4651 604 4708 οὑν
628 4654 721 4706 τὸν
751 4651 914 4706 Δαυῒδ
942 4652 1143 4721 ἴδωμεν
1166 4668 1184 4718 ;
1225 4651 1353 4703 Ὂτε
1376 4650 1556 4703 τοίνυν
1584 4646 1736 4714 οὗτος
1767 4655 1825 4706 ἐν

222 4739 386 4810 ἡδονῇ
415 4733 483 4809 ἦν
530 4739 625 4791 καὶ
676 4739 734 4791 ἐν
785 4736 932 4806 χαρᾷ
980 4734 1090 4788 ἀπὸ
1118 4733 1228 4786 τῶν
1279 4732 1490 4785 πολλῶν
1523 4734 1822 4803 τροπαίων,

221 4821 333 4876 ἀπὸ
358 4821 454 4890 τῆς
487 4821 666 4890 νίκης,
694 4820 804 4873 61:6
842 4820 950 4871 τῶν
986 4817 1286 4886 στεφάνων,
1312 4815 1421 4868 ἀπὸ
1456 4817 1557 4886 τῆς
1585 4818 1822 4887 τρυφῆς,

219 4905 332 4959 61:6
361 4903 456 4956 τοῦ
510 4904 755 4974 θαρῤεἴν,
786 4902 908 4973 δρα,
958 4896 1047 4952 οἷα
1101 4899 1196 4952 καὶ
1237 4893 1358 4950 εἷπε
1405 4899 1501 4950 καὶ
1548 4899 1818 4971 ἔπραξεν·

234 4988 380 5057 Ἐγὼ
400 4986 468 5040 δὲ
497 4983 635 5039 εἶπα
659 4987 730 5039 ἐν
755 4984 831 5053 τῇ
861 4983 1113 5049 εὑθηνίᾳ
1143 4998 1284 5049 μου,
1325 4983 1407 5034 οὐ
1427 4979 1514 5049 μὴ
1545 4982 1823 5038 σαλευθῶ

221 5074 312 5138 είς
338 5071 444 5124 τὸν
469 5069 675 5123 αἰῶνα.
721 5067 941 5138 Ἐπειδὴ
981 5066 1038 5119 δέ
1085 5066 1143 5119 ἐν
1173 5064 1353 5132 θλίψει
1386 5064 1628 5131 γέγονεν,
1657 5066 1823 5119 ἀκου-

224 5170 319 5208 σον
341 5152 394 5206 τί
419 5152 568 5221 λέγει
588 5168 602 5183 ·
668 5150 776 5206 Καὶ
809 5151 920 5204 ἐὰν
948 5149 1087 5215 ειπῃ
1111 5162 1234 5217 μοι·
1293 5147 1374 5199 Οὐ
1404 5145 1695 5214 τεθέληκά
1722 5163 1816 5215 σε,

224 5235 361 5290 ιδοὺ
391 5235 525 5305 ιγὼ,
557 5236 796 5289 ποιείτω
820 5252 920 5303 μοι
938 5231 1006 5286 τὸ
1033 5230 1294 5299 ἀρεστὸν
1323 5230 1580 5283 ἐνώπιον
1608 5231 1817 5286 αὑτοῦ.

223 5318 292 5372 Τί
327 5319 529 5373 τούτων
563 5317 997 5388 φιλοσοφώτερον
1025 5314 1134 5368 τῶν
1177 5311 1474 5385 ρημάτων;
1532 5313 1601 5364 Ὅ
1650 5331 1702 5367 τι
1753 5316 1820 5368 ἂν

226 5397 366 5473 ﬁn}:
397 5402 537 5471 Θεῷ,
568 5402 720 5472 φησὶ,
748 5399 923 5469 φίλον,
957 5397 1132 5469 ταύτῃ
1172 5395 1331 5448 ἔστω.
1383 5395 1493 5448 Kal
1531 5397 1692 5449 πάλιν
1740 5399 1820 5468 τῷ

224 5485 420 5548 Σαοὺλ,
457 5485 643 5552 ἔλεγεν
663 5499 680 5516 ο
706 5485 777 5536 Et
811 5483 881 5535 δὲ
911 5483 1128 5550 Κύριος
1171 5479 1421 5530 ὲπισείει
1451 5495 1527 5531 σε
1569 5480 1664 5532 ἐπ’
1690 5481 1818 5549 ἐμὲ,

224 5569 595 5638 ὀσφρανθείη
634 5568 674 5634 ἡ
709 5567 893 5620 θυσία
920 5582 1058 5621 σου.
1112 5565 1222 5617 Kal
1250 5563 1372 5614 τότε
1426 5563 1527 5630 μὲν
1550 5566 1608 5618 ὲν
1642 5565 1819 5634 θλίψει

222 5654 322 5714 ὢν,
366 5652 460 5703 καὶ
491 5649 701 5722 ἐχθρῶν
734 5650 1010 5718 ἐφείδετο·
1051 5647 1189 5718 μετὰ
1216 5647 1273 5699 δὲ
1299 5645 1473 5698 ταῦτα
1501 5647 1626 5700 οὑδὲ
1665 5659 1687 5686 θ
1732 5648 1820 5717 φί-

286 5759 310 5785 ⁸
344 5757 442 5805 Alii
467 5759 697 5813 Μωὺσῆς.
718 5756 839 5804 Εἶτα
875 5758 906 5812 ἠ
951 5753 1211 5815 κηδεμονία
1254 5749 1424 5806 πολλή.
1488 5752 1620 5800 Ἰδὼν
1675 5751 1817 5799 εἶδον.

227 5818 420 5880 b_Uuus
440 5819 528 5880 οὐχ
548 5820 712 5873 ἁπλῶς
754 5818 855 5880 διὰξ
878 5819 962 5872 τὰς
986 5815 1254 5880 συμφοράς,
1293 5815 1488 5880 οιξιοτίε
1516 5815 1821 5880 ριέειετηὶὶβ-

231 5874 314 5927 sis.
386 5882 408 5910 ε
456 5871 597 5928 Αἶῖυς
622 5871 770 5939 λέγοι,
797 5878 936 5933 Τίνος
954 5871 1250 5926 οὖν’ἕνεκεν.
1325 5871 1819 5939 didam-00.000016-

225 5955 392 6006 11.0w“
421 5941 646 6006 Κρεῑττον
668 5937 776 6006 γαρ,
802 5942 961 6004 φησὶν,
995 5940 1060 5997 είς
1097 5939 1251 5989 οἰκίαν
1341 5952 1364 5982 ο
1386 5939 1559 5991 Morel.
1588 5937 1812 6006 ἐφιίδετσ

224 5998 320 6063 πρὸ
350 5998 402 6049 δι
437 5998 771 6053 «mucosa
812 5998 862 6004 "
947 5998 957 6003 '
1622 5998 1631 6003 '
1752 6003 1758 6014 ί

1227 337 1306 392 ΊΝ
1345 337 1528 394 ACTA
1571 332 2120 393 APOS'I‘OLORUM.
2166 334 2406 392 HOMIL.
2447 338 2572 394 ΧΠ.

3457 341 3566 397 152

1952 453 2082 517 λων,
2113 453 2234 508 οὑδὲ
2266 455 2377 508 τῶν
2416 454 2758 525 ἠδικηκότων
2805 451 2978 511 ούίέν.
3032 456 3204 511 Πάλιν
3254 457 3286 512 6
3342 459 3560 513 Ἰακὼϐ.

1951 536 2040 588 ὅτε
2074 538 2132 588 ἐν
2157 537 2335 605 θλίψει
2360 538 2604 605 γέγονεν,
2666 538 2875 606 ἔλεγεν·
2914 539 3057 593 Ἐὰν
3091 538 3176 605 δῷ
3206 557 3308 609 μοι
3343 542 3559 609 Κύριος

1950 619 2137 687 ἄρτον
2169 619 2408 688 φαγεῖν,
2442 620 2538 672 καὶ
2591 620 2827 688 ιμάτιον
2856 622 3305 688 περιϐαλέσθαι.
3365 625 3478 677 Kal
3529 627 3559 678 6

1947 701 2044 754 τοῦ
2085 702 2210 755 Νῶε
2242 702 2359 764 υἱὸς
2401 703 2508 770 πρὸ
2542 704 2640 771 μὲν
2669 703 2860 756 τούτου
2892 706 3045 758 οὑδέν
3088 705 3333 758 τοιοῦτον
3363 707 3557 778 ἐποίη-

1947 801 2059 837 σενο
2091 784 2278 855 ἐπειδὴ
2306 785 2363 836 δὲ
2393 784 2700 856 ἐθάρρησεν
2736 787 2878 857 ὑπὲρ
2902 788 3001 856 τῆς
3022 788 3561 859 σωτηρίας,ἀκούεις

1943 862 2056 931 οἷος
2079 867 2302 936 γέγονεν
2328 867 2614 938 ὑϐριστής.
2663 870 2773 921 Kal
2816 872 2844 922 6
2887 869 3137 934 Ἐζεκίας
3159 872 3248 923 ὅτε
3278 873 3378 942 μὲν
3403 868 3471 939 ἦν
3501 873 3559 924 ἐν

1943 950 2145 1020 θλίψει,
2196 953 2299 1022 ὅρα
2329 948 2418 1005 οἷα
2471 951 2647 1007 ἐποίει
2680 953 2820 1022 ὑπὲρ
2847 955 2947 1024 τῆς
2978 957 3258 1026 σωτηρίας
3279 970 3292 984 ⁶
3351 955 3559 1008 σάκκον

1940 1034 2051 1105 γὰρ
2078 1034 2453 1105 περιεϐάλετο,
2509 1036 2604 1088 καὶ
2661 1038 2740 1098 εἰς
2801 1039 2905 1106 γῆν
2952 1037 3235 1091 ἐκάθισεν·
3280 1037 3466 1108 ἐπειδὴ
3498 1038 3553 1091 δὲ

1941 1118 2164 1186 γέγονεν
2186 1119 2242 1169 ὲν
2269 1119 2454 1188 ἡδονῇ,
2491 1117 2686 1171 ἔπεσεν
2716 1120 2824 1172 61:6
2863 1118 2958 1172 τοῦ
2994 1118 3166 1188 ὕψους
3201 1121 3299 1190 τῆς
3324 1120 3556 1192 καρδίας

1943 1199 2132 1254 αὑτοῦ.
2184 1201 2284 1253 Διὰ
2343 1199 2500 1254 τοῦτο
2564 1202 2659 1254 καὶ
2722 1203 2964 1272 Μωὺσῆς
3028 1206 3288 1273 παραινεί
3339 1204 3550 1273 λέγων’

1943 1283 2158 1352 Φαγὼν
2190 1283 2287 1336 καί
2314 1284 2469 1336 πιὼν
2495 1283 2596 1337 καί
2634 1284 3035 1352 ἐμπλησθεὶς,
3071 1287 3378 1354 μνήσθητι
3429 1291 3547 1341 Κυ-

1931 1367 2075 1434 ρίου
2110 1367 2217 1421 τοῦ
2247 1368 2394 1422 Θεοῦ
2415 1384 2554 1422 σου.
2595 1369 2980 1440 Ἀπόκρημνος
3011 1370 3120 1438 γάρ
3147 1373 3294 1422 ἐστιν
3323 1373 3351 1423 6
3386 1372 3551 1433 τόπος

1939 1452 1968 1502 6
2015 1452 2115 1517 τῆς
2145 1449 2381 1520 τρυφῆς,
2439 1451 2534 1503 καὶ
2583 1451 2756 1521 λήθην
2806 1453 2900 1504 τοῦ
2954 1452 3091 1505 Θεοῦ
3141 1455 3375 1523 ἐμποιεῖ.
3418 1455 3550 1506 ὐτε
3629 1449 3637 1455 ’

1939 1531 2215 1585 ἐθλίϐοντο
2261 1537 2310 1586 οἱ
2354 1533 2707 1604 Ἰσραηλῖται,
2766 1533 2947 1603 πολλῷ
3000 1534 3223 1598 πλείους
3275 1535 3548 1603 ἐγίνοντο·

1937 1615 2128 1686 ἐπειδὴ
2157 1615 2213 1667 δὲ
2241 1615 2441 1677 αὐτοὺς
2469 1615 2643 1676 εἴασε,
2677 1615 2803 1668 τότε
2859 1616 3063 1680 πάντες
3099 1617 3398 1670 ἀπώλοντο.
3443 1621 3554 1671 Kal

1939 1698 1990 1750 τί
2021 1698 2165 1764 λέγω
2193 1697 2301 1750 61:6
2322 1697 2431 1750 τῶν
2460 1697 2708 1750 παλαιῶν
2733 1699 2802 1750 τὰ
2827 1699 3283 1769 παραδείγματα;
3321 1701 3554 1771 Ἰδωμεν

1937 1782 2032 1850 ἀφ’
2065 1781 2246 1851 ἡμῶν,
2280 1782 2328 1833 εί
2367 1781 2535 1834 δοκεῖ.
2579 1780 2768 1849 Ἥμῶν
2792 1782 2922 1834 ὅταν
2953 1784 3011 1836 ἐν
3039 1784 3322 1855 εὐπραγίᾳ
3354 1777 3488 1837 ὦσιν
3529 1783 3548 1822 ί

1937 1865 1985 1915 οἱ
2038 1862 2280 1927 πλείους,
2354 1864 2736 1933 τετυφωμένοι
2790 1865 3058 1932 γίνονται,
3111 1869 3280 1920 πᾶσιν
3341 1866 3550 1938 ἐχθροὶ,

1937 1946 2145 2016 ὀργίλοι
2198 1948 2299 2015 τῆς
2348 1945 2600 2010 ἐξουσίας
2642 1948 2970 2019 παρούσης·
3024 1951 3551 2022 ἀφαιρεθείσης-δὲ,

1935 2029 2157 2099 ἥμεροι,
2207 2030 2478 2096 ταπεινοὶ,
2540 2033 2730 2100 πρᾶοι,
2791 2032 2895 2102 τῆς
2941 2035 3152 2098 οἰκείας
3201 2033 3418 2103 φύσεως
3471 2034 3554 2096 είς

1936 2111 2144 2165 ἔννοιαν
2180 2111 2454 2182 ἔρχονται.
2508 2114 2620 2167 Kal
2658 2115 2739 2168 ὅτι
2793 2114 2968 2179 οὕτως
3011 2116 3145 2186 εχει,
3181 2117 3422 2170 δείκνυσι
3455 2117 3552 2169 καὶ

1935 2195 1964 2246 6
1989 2193 2153 2248 Δαυῒδ
2179 2195 2384 2262 λέγων·
2433 2196 2808 2264 Ἐκρὰτησεν
2831 2197 3058 2264 αὐτοὺς
3083 2200 3122 2266 ἠ
3161 2201 3553 2269 ὑπερηφανία

1933 2277 2019 2343 είς
2044 2277 2256 2343 τέλος·
2298 2277 2689 2342 ἐξελεύσεται
2725 2281 2808 2346 ὡς
2855 2280 2924 2335 ἐκ
2960 2281 3215 2348 στέατος
3260 2283 3298 2351 ἡ
3343 2283 3551 2338 ἀδικία

1934 2360 2155 2413 αὐτῶν.
2191 2359 2379 2414 Ταῦτα
2429 2361 2495 2431 δή
2536 2379 2627 2432 μοι
2668 2363 2908 2434 εἴρηται,
2961 2363 3050 2417 ἴνα
3113 2365 3189 2436 μὴ
3226 2367 3292 2419 ἐκ
3343 2366 3549 2429 παντὸς

1935 2442 2138 2512 τρόπου
2183 2442 2286 2512 τὴν
2336 2444 2514 2513 χαράν
2573 2444 2868 2516 ζητῶμεν..
2922 2448 3035 2501 Kal
3106 2448 3245 2512 πῶς,
3300 2450 3486 2519 φησὶν,
3517 2451 3549 2503 6

1935 2526 2150 2589 Παῦλος
2175 2526 2348 2594 λέγει,
2384 2529 2630 2594 Χαίρετε
2668 2527 2964 2595 πάντοτε;
3013 2532 3126 2601 Οὐχ
3163 2531 3350 2598 ἁπλῶς
3399 2528 3546 2597 εἶπε,

1934 2610 2200 2677 Χαίρετε,
2237 2609 2374 2664 ἀλλά
2405 2611 2772 2682 προσέθηκεν,
2830 2613 2933 2667 Ἐν
2966 2617 3184 2682 Κυρίῳ.

2010 2693 2164 2766 [155]
2190 2693 2250 2748 δ’.
2266 2693 2416 2764 Αὕτη
2439 2695 2670 2765 μεγίστη
2685 2697 2850 2767 χαρά’
2863 2697 3121 2769 τοιαύτην
3137 2699 3234 2752 καὶ
3250 2699 3548 2753 0161:6010-

1933 2776 2016 2834 λοι
2029 2782 2053 2820 8
2068 2779 2189 2849 ἓχαι
2197 2795 2310 2849 ρον·
2328 2780 2474 2851 χαρὰ
2486 2779 2677 2849 κέρδος
2695 2781 2997 2851 φέρουσα,ή
3011 2782 3121 2836 ἀπὸ
3132 2782 3546 2854 δεσμωτηρίων,

1935 2864 1968 2933 ὴ
1999 2861 2110 2915 ἀπὸ
2154 2863 2458 2932 μαστίγων,
2486 2865 2517 2933 ὴ
2547 2864 2656 2916 61:6
2689 2864 2971 2934 διωγμῶν,
3002 2867 3034 2936 ὴ
3078 2866 3187 2919 61:6
3217 2866 3314 2919 τοῦ
3360 2868 3549 2931 κακῶς

1933 2945 2176 3011 ἀκούειν,
2228 2946 2262 3014 ἡ
2309 2945 2419 2997 ἀπὸ
2463 2945 2576 2998 τῶν
2626 2945 2892 3017 λυπηρῶν
2948 2949 3168 3010 πάντως
3200 2948 3402 3018 ἔχουσα
3448 2949 3550 3019 τὴν

1933 3028 2111 3099 ἀρχὴν
2141 3028 2238 3081 καὶ
2264 3028 2365 3098 τὴν
2391 3028 2550 3098 ῥίζαν
2597 3028 2692 3082 καὶ
2717 3028 2815 3099 τὴν
2839 3029 3100 3084 ὑπόθεσιν
3123 3048 3137 3062 ·
3188 3031 3312 3084 ὃθεν
3338 3032 3433 3084 καὶ
3465 3034 3549 3095 είς

1933 3110 2170 3182 χρηστὸν
2211 3112 2433 3181 ἀπαντᾷ
2478 3111 2655 3176 τέλος.
2713 3111 2778 3164 Ἠ
2819 3112 2876 3166 δὲ
2930 3111 3026 3165 τοῦ
3076 3113 3284 3180 κόσμου
3317 3116 3545 3169 τοὺναν-

1930 3212 2067 3256 τιον,
2102 3194 2330 3266 ἄρχεται
2363 3195 2460 3264 μὲν
2490 3195 2599 3248 61:6
2624 3195 2735 3249 τῶν
2766 3196 2965 3266 ἡδέων,
3010 3197 3239 3268 τελευτᾷ
3267 3198 3324 3251 δέ
3370 3201 3451 3263 είς
3477 3199 3548 3253 τά

1930 3278 2173 3347 λυπηρά.
2229 3277 2364 3329 Οὑδὲ
2418 3277 2532 3344 ἐγὼ
2597 3278 2793 3331 κωλύω
2842 3279 3054 3351 χαίρειν
3114 3281 3256 3335 κατά
3315 3281 3544 3353 Κύριον,

1931 3361 2068 3414 ἀλλὰ
2103 3361 2196 3413 καὶ
2224 3359 2430 3429 σφόδρα
2471 3361 2747 3430 παραινῶ.
2791 3363 3185 3432 Ἐμαστίζοντο
3213 3365 3263 3416 οί
3312 3365 3544 3420 61:60:0-

1931 3444 2036 3503 λοι,
2062 3444 2155 3495 καὶ
2182 3442 2403 3512 ἔχαιρον
2424 3457 2436 3470 ·
2477 3443 2738 3506 ἐδέδεντο,
2787 3446 2883 3498 καὶ
2918 3445 3280 3516 εὑχαρίστουν
3303 3467 3315 3478 ·
3363 3448 3548 3503 ἐλιθά-

1931 3526 2109 3590 ζοντο,
2161 3527 2256 3577 καὶ
2307 3525 2632 3595 ἐκήρυττον.
2709 3527 2934 3597 Ταύτην
2985 3529 3080 3581 καὶ
3130 3528 3243 3596 ἐγὼ
3282 3530 3550 3601 βούλομαι

1930 3610 2030 3679 τὴν
2054 3608 2230 3679 χαράν
2252 3626 2263 3638 ·
2316 3609 2412 3662 ἀπ’
2449 3609 2666 3672 οὐδενὸς
2719 3610 3040 3680 σωματικοῦ
3091 3611 3189 3682 τὴν
3214 3612 3388 3684 ἀρχὴν
3408 3615 3544 3684 ἔχει,

1931 3693 2044 3744 ἀλλ’
2087 3691 2195 3744 ἀπὸ
2254 3692 2601 3761 πραγμάτων
2636 3694 3048 3762 πνευματικῶν.
3112 3695 3227 3747 Οὑκ
3284 3696 3401 3749 ἔστι
3451 3699 3547 3751 τὸν

1931 3774 2075 3828 κατὰ
2105 3775 2308 3843 κόσμον
2339 3775 2602 3844 χαίροντα
2632 3775 2769 3844 ὁμοῦ
2800 3776 2896 3828 καὶ
2931 3778 3074 3829 κατὰ
3107 3776 3240 3829 Θεὸν
3288 3779 3504 3850 χαίρειν
3534 3795 3545 3809 ’

1932 3862 2039 3921 πᾶς
2063 3860 2171 3928 γὰρ
2202 3860 2230 3910 6
2260 3858 2401 3910 κατά
2452 3859 2659 3927 κοσμον
2687 3859 2914 3928 χαίρων,
2947 3859 3041 3911 ἐπὶ
3072 3860 3290 3931 πλούτῳ
3340 3864 3544 3934 χαίρει,

1931 3942 2024 3994 ἐπὶ
2060 3945 2264 4011 τρυφῇ,
2298 3941 2391 3994 ἐπὶ
2425 3938 2552 4012 δόξῃ
2587 3941 2681 3993 καὶ
2733 3940 3044 4012 δυναστείᾳ,
3098 3943 3190 3995 ἐπὶ
3221 3943 3541 4016 ἀλαζονείᾳ·

1929 4025 1958 4076 6
1986 4024 2043 4076 δὲ
2080 4025 2222 4077 κατά
2263 4025 2417 4086 Θεὸν,
2453 4025 2547 4075 ἐπὶ
2587 4025 2784 4094 ἀτιμίᾳ
2823 4028 2889 4095 τῇ
2924 4026 2991 4078 δι’
3010 4027 3196 4088 αὑτὸν,
3223 4028 3314 4080 ἐπὶ
3358 4030 3540 4102 πενίᾳ,

1931 4110 2025 4162 ἐπὶ
2065 4109 2445 4178 ἀκτημοσύνῃ,
2478 4109 2571 4161 ἐπὶ
2601 4110 2853 4178 νηστείᾳ,
2901 4111 2993 4164 ἐπὶ
3043 4114 3538 4187 ταπεινοφροσύνῃ.

1941 4191 2126 4262 Ὁρᾷς,
2156 4192 2238 4245 δτι
2269 4193 2510 4270 ἐναντίαι
2538 4192 2594 4243 αἱ
2624 4191 2910 4254 ὑποθέσεις
2936 4209 2950 4256 ;
3008 4194 3164 4246 Ὅσοι
3217 4195 3322 4258 ἔξω
3368 4199 3544 4267 χαρᾶς

1928 4276 2067 4327 εἰσιν
2110 4275 2368 4334 ἐνταῦθα.
2414 4276 2509 4328 καὶ
2547 4273 2758 4342 λύπης·
2813 4277 2908 4328 καὶ
2937 4276 3054 4328 ὅσοι
3085 4275 3190 4340 ἔξω
3237 4278 3418 4348 λύπης
3455 4282 3546 4334 ἐν·

1927 4357 2124 4420 ταῦθα,
2176 4359 2273 4411 καὶ
2306 4357 2527 4427 ήδονῆς.
2581 4358 2693 4409 Kal
2724 4357 2897 4419 δντως
2929 4359 3102 4412 ταῦτά
3150 4361 3268 4413 ἐστι
3319 4363 3388 4415 τὰ
3420 4379 3542 4416 ποι-

1927 4440 2092 4493 οῦντα
2130 4441 2307 4511 ἀληθῆ
2358 4441 2556 4510 χαράν,
2598 4441 2721 4492 ἐπεὶ
2772 4442 2956 4492 ἐκεῖνα
2997 4441 3169 4510 ὄνομα
3219 4443 3379 4513 μόνον
3426 4444 3539 4514 ἔχει

1927 4525 2124 4595 χαρᾶς,
2158 4523 2218 4576 τὸ
2270 4523 2325 4576 δὲ
2385 4525 2495 4575 πᾶν
2545 4524 2604 4575 ἐν
2654 4522 2799 4593 λύπῃ
2854 4526 3054 4576 κεῖται.
3093 4524 3276 4593 Πόσην
3318 4525 3472 4579 ἀνίαν
3511 4530 3540 4580 6

1929 4605 2147 4669 ἀλαζὼν
2188 4606 2340 4676 ἔχειί
2405 4605 2524 4667 πῶς
2572 4603 2928 4658 διακόπτεται
2964 4607 3023 4658 ἐν
3049 4606 3202 4676 αὐτῷ
3238 4608 3316 4678 τῷ
3340 4609 3539 4673 ἀλαζο-

1927 4689 2201 4754 νεύεσθαι,
2259 4689 2462 4759 μυρίας
2531 4688 2715 4758 ἐαυτῷ
2792 4689 3189 4761 μηχανώμενος
3241 4691 3429 4762 ὕϐρεις
3464 4695 3490 4732 h
3522 4733 3538 4757 ,

1926 4771 2062 4824 πολὺ
2115 4771 2177 4823 τὸ
2213 4774 2391 4840 μῖσος,
2436 4772 2681 4841 μεγάλην
2714 4772 2815 4840 τὴν
2855 4771 3174 4841 ἀπέχθειαν,
3228 4774 3397 4828 πολὺν
3447 4776 3539 4829 τδν

1926 4854 2140 4921 φθόνον,
2179 4853 2381 4922 πολλὴν
2415 4855 2516 4923 τὴν
2557 4853 2891 4923 βασκανίανί
2943 4854 3046 4908 κᾶν
3093 4856 3203 4925 γὰρ
3241 4858 3392 4927 παρά
3429 4859 3539 4911 τῶν

1929 4935 2194 5006 μειζόνων
2222 4935 2477 5006 ὑϐρισθῇ,
2513 4936 2700 5004 ἀλγεί’
2743 4937 2848 4990 κᾶν
2898 4938 2972 5008 μὴ
3009 4937 3231 4990 πάντων
3274 4941 3539 5006 κατεξανο

1924 5021 2088 5088 αστῇ,
2128 5019 2405 5072 δάκνεται.
2469 5019 2527 5069 ’0
2571 5021 2626 5073 δὲ
2678 5021 2934 5084 ταπεινὸς
2968 5023 3028 5073 ἐν
3058 5022 3229 5092 πολλῇ
3293 5024 3412 5083 ἐστι
3467 5025 3535 5092 τῇ

1924 5099 2109 5168 ἡδονῇ,
2155 5099 2286 5168 παρ’
2311 5097 2528 5159 οὐδενὸς
2562 5099 2884 5168 προσδοκῶν
2906 5101 3076 5170 τιμήν
3102 5117 3114 5131 ’
3163 5100 3231 5153 ἂν
3286 5102 3385 5170 μὲν
3442 5097 3536 5154 οὑν

1922 5181 2151 5250 τιμηθῇ.
2184 5180 2350 5250 ἥσθη,
2383 5180 2450 5234 ἂν
2489 5181 2547 5233 δὲ
2591 5183 2665 5253 μὴ
2698 5182 2932 5252 τιμηθῇ,
2988 5183 3091 5236 οὑκ
3127 5183 3387 5254 ἤλγησεν,
3417 5184 3534 5238 ἀλλ’

1922 5263 2135 5333 ἀγαπᾷ,
2159 5263 2240 5315 ὃτι
2276 5264 2375 5316 οὑκ
2415 5265 2651 5335 ἐτιμήθη
2686 5266 2727 5317 ί.
2764 5266 2886 5334 ’Ἆρ’
2911 5261 3000 5317 οὖν
3029 5267 3094 5318 ἐκ
3120 5267 3215 5318 τοῦ
3250 5267 3325 5338 μὴ
3354 5267 3539 5339 ζητεῖν

1923 5346 2088 5417 τιμὴν
2134 5347 2230 5399 καὶ
2268 5347 2555 5414 τιμᾶσθαι,
2593 5347 2764 5418 πολλὴ
2799 5348 2832 5417 ἡ
2888 5349 3070 5418 ἡδονή.
3120 5349 3267 5400 Ἐκεῖ
3299 5349 3355 5402 δὲ
3409 5350 3537 5403 τοὺ·

1923 5431 2156 5496 ναντίον,
2219 5431 2313 5483 καὶ
2374 5432 2528 5501 ζητεί
2588 5432 2779 5500 τιμὴν,
2843 5433 2938 5483 καί
2999 5432 3059 5484 οὑ
3111 5433 3360 5502 τιμᾶται.
3421 5435 3534 5503 Οὑχ

1921 5515 2123 5586 ὁμοίως
2157 5515 2214 5568 δὲ
2248 5515 2438 5584 ἥδεται
2489 5514 2657 5585 τιμὴν
2703 5517 2730 5566 6
2785 5515 2988 5584 ζητῶν,
3021 5517 3116 5568 καὶ
3166 5517 3194 5567 6
3225 5516 3299 5585 μὴ
3331 5514 3534 5584 ζητῶν.

1995 5634 2013 5671 τ
2043 5636 2446 5697 Παραδείγματα.
2492 5633 2592 5684 Νῦν
2621 5636 2821 5693 ῐδωμεν,
2862 5637 2902 5683 εἰ
2937 5635 3087 5697 δοκεῖ,
3114 5634 3202 5693 οὐχ
3226 5634 3341 5697 ὅταν
3381 5634 3536 5697 ἐννεύ-

1920 5700 2099 5761 πραγίᾳ
2127 5695 2281 5749 ὦσιν,
2299 5695 2379 5746 ⁷8ἱο
2405 5711 2549 5746 unus.
2619 5700 2641 5736 8
2672 5697 2808 5744 Idem
2834 5698 2960 5758 χαρά
2979 5713 2989 5722 ·
3039 5696 3138 5743 οἷον
3164 5698 3207 5741 οί
3249 5695 3531 5744 ἀπόστολοι.

1923 5760 1950 5795 ⁸³
1977 5760 2072 5807 Alii
2115 5761 2270 5812 ἐαυτῷ
2315 5762 2554 5812 προξενῶν
2593 5760 2678 5812 τὰς
2723 5761 2879 5812 ὕϐρεις
2996 5760 3008 5794 ί
3043 5758 3293 5804 Dounz'us
3324 5774 3334 5803 ;
3369 5757 3531 5803 Mani-

1923 5772 1950 5795 n
1977 5772 2072 5807 ΑΙΙΙ
2115 5772 2270 5820 εαυτῳ
2315 5772 2554 5822 προξενων
2593 5777 2678 5814 τας
2723 5772 2879 5818 υῆρεις
2996 5772 3008 5794 ¹
3043 5772 3293 5804 υΟὶιηᾶῚΙδ
3324 5774 3334 5803 .'
3369 5772 3530 5803 Μωυ-

1920 5819 2043 5882 festo
2083 5820 2359 5883 (agendum,
2405 5821 2510 5868 ἀλλ’
2545 5823 2708 5882 ἁγαπᾷ
2732 5821 2804 5883 ὅτι
2833 5821 2922 5866 οὐκ
2950 5820 3211 5883 ᾖτιμάσθη.
3263 5815 3361 5883 εἰςΔ
3386 5817 3530 5883 ρίαν-ιε

1921 5878 2178 5944 legendum
2202 5895 2306 5931 esse
2329 5878 2629 5932 demonstrat
2671 5878 2798 5943 quod
2823 5878 3056 5989 sagulum
3089 5879 3297 5941 μάλιστα
3322 5879 3362 5924 δ’
3381 5878 3529 5924 αὐτὸν

1924 5944 2078 5989 οὐδεὶς
2107 5945 2343 5989 ἀτιμάζει.
2383 5947 2532 5989 Alaui
2564 5944 2707 5989 illud.
2731 5944 2860 5989 quod
2923 5941 2965 5989 ic
2987 5943 3234 5989 seuuitur.
3263 5953 3354 5986 nec
3399 5937 3529 5989 apud

1924 5937 2078 6005 οιῗδεὶς
2107 5945 2343 6004 ἀτιμάζει.
2383 5947 2532 6005 Atqui
2564 5937 2707 6001 illud}
2731 5944 2860 6004 quod
2888 5937 2965 5989 hic
2987 5937 3234 6002 sequitur,
3263 5953 3354 6005 99c
3399 5937 3532 6005 apu_d

1926 6000 2294 6068 Mure|.,néciu
2319 6019 2435 6055 mss.
2461 6000 2649 6070 ziliquol
2672 6000 2905 6066 habelur,
2929 6009 2982 6055 el
3005 6000 3083 6056 ωε
3104 6000 3527 6064 ευρριθιιυωυει.
