4068 6482
170 393 264 451 135

167 515 342 560 norem
364 539 384 570 ,
415 503 605 557 etnon
636 495 952 551 honoratur.
999 490 1119 548 Non
1163 490 1416 547 similiter
1458 496 1639 544 autem
1686 485 1758 542 de

169 597 362 652 honore
388 592 589 664 gaudet
615 587 708 660 qui
737 587 931 658 qumrit
956 599 1080 640 eum
1102 624 1119 651 ,
1165 593 1217 638 ct
1254 582 1347 652 qui
1387 596 1495 635 non
1544 577 1757 650 quaerit.

169 686 258 741 llic
283 693 775 757 quantumcumque
803 677 1115 748 acceperit,
1151 674 1284 730 nihil
1315 689 1376 730 se
1404 683 1556 744 putat
1603 685 1763 725 acce—

165 779 336 848 pisse:
365 777 457 832 ille
482 788 612 830 vero
639 772 687 828 si
715 771 801 828 vel
830 770 1098 826 tantillum
1142 767 1359 824 dederis
1377 808 1393 834 ,
1441 767 1516 822 ita
1560 763 1760 834 accipit

167 885 230 925 ac
249 870 290 924 si
321 878 491 923 totum
519 874 720 922 teneat.
756 864 962 921 Rursus
986 863 1077 931 qni
1124 862 1177 917 in
1222 860 1433 916 deliciis
1479 866 1761 922 versatur,

167 960 307 1015 mille
335 959 549 1028 negotia
578 955 742 1012 habet
769 972 783 1009 :
813 953 1028 1011 etiamsi
1057 953 1239 1008 faciles
1263 963 1316 1007 et
1345 949 1498 1022 quasi
1527 964 1595 1004 ex
1646 946 1766 1002 fon-

167 1053 301 1108 tiims
332 1050 538 1105 reditus
565 1048 667 1119 ipsi
694 1046 960 1112 afﬂuant,
1011 1055 1251 1101 attamen
1294 1043 1475 1106 mala,
1524 1055 1647 1112 quae
1695 1054 1764 1094 ex

167 1141 370 1198 deliciis
396 1139 699 1202 accedunt,
734 1137 989 1192 formidat
1010 1178 1024 1200 .
1054 1150 1266 1191 necnon
1297 1133 1482 1212 futuri
1506 1132 1765 1188 incertam

167 1233 528 1290 conditionem
559 1246 576 1285 :
609 1229 698 1284 hic
719 1244 848 1284 vero
874 1243 1094 1298 semper
1121 1228 1174 1282 in
1204 1237 1320 1283 tuto
1349 1236 1433 1283 est
1480 1234 1537 1280 et
1570 1224 1625 1279 in
1667 1239 1768 1280 vo-

167 1323 364 1392 luptate
382 1363 399 1388 ,
427 1319 573 1391 quod
605 1319 854 1398 tenuitati
881 1319 1056 1372 victus
1085 1318 1156 1372 sit
1182 1328 1453 1372 assuetus.
1480 1315 1599 1373 Non
1621 1300 1768 1371 enim

165 1414 233 1468 ita
255 1428 313 1467 se
341 1414 598 1468 miserum
627 1418 795 1481 putat,
827 1409 970 1480 quod
1000 1410 1141 1465 lauta
1170 1425 1356 1465 mensa
1390 1424 1496 1464 non
1534 1408 1764 1472 fruatur,

165 1511 221 1556 ut
247 1502 564 1568 deiiciatur,
594 1501 722 1555 dum
753 1499 913 1554 futuri
945 1500 1206 1555 incertam
1237 1499 1604 1556 conditionem
1660 1513 1768 1553 non

165 1595 333 1648 timet.
371 1591 503 1659 Quae
529 1607 662 1646 vero
687 1605 753 1647 ex
798 1589 1011 1646 deliciis
1051 1590 1191 1644 mala
1233 1590 1518 1653 oriantur.
1562 1590 1774 1660 ignorat

167 1699 325 1739 nemo
355 1701 368 1738 :
400 1698 626 1739 necesse
655 1692 739 1738 est
763 1691 943 1738 autem
978 1681 1106 1738 illud
1147 1681 1262 1753 jam
1309 1682 1515 1739 dicere.
1567 1681 1772 1753 Duplex

167 1784 250 1832 est
295 1775 493 1830 bellum
515 1816 530 1838 ,
578 1773 826 1844 corporis
845 1815 862 1840 ,
913 1773 1134 1844 inquam
1159 1814 1176 1841 ,
1225 1783 1281 1828 et
1305 1775 1501 1829 animae
1531 1791 1546 1829 :
1575 1772 1774 1844 duplex

170 1866 372 1930 hiems,
406 1864 656 1936 duplices
699 1865 875 1920 morbi
910 1882 926 1919 :
956 1880 1134 1936 neque
1180 1865 1232 1920 id
1282 1874 1526 1934 tantum,
1573 1865 1670 1922 sed
1718 1874 1775 1920 et

169 1956 492 2012 insanabiles
513 1998 528 2022 ,
559 1957 648 2025 qui
681 1970 904 2026 magnas
929 1955 1159 2012 ati‘erant
1182 1952 1548 2012 calamitates.
1574 1958 1644 2011 At
1666 1972 1773 2012 non

170 2050 289 2104 talis
315 2058 397 2103 est
422 2046 739 2120 frugalitas;
766 2048 863 2104 sed
893 2047 1093 2117 duplex
1124 2057 1209 2103 est
1249 2049 1486 2111 sanitas,
1537 2047 1776 2118 duplicia

168 2141 340 2201 bona.
360 2140 588 2196 Somnus
616 2140 873 2206 sanitatis,
904 2141 1170 2210 inquit,in
1201 2149 1388 2195 ventre
1408 2157 1562 2210 parco
1585 2138 1776 2210 (Ecclt'.

170 2233 258 2287 3i.
289 2230 362 2286 Ἃ
382 2235 424 2301 ).
459 2229 668 2300 Ubique
699 2232 843 2285 enim
874 2230 1224 2287 mediocritas
1246 2229 1626 2286 desiderabilis
1655 2238 1738 2284 est
1761 2270 1778 2295 ,

169 2324 310 2394 quod
361 2339 490 2378 vero
537 2322 758 2378 modum
799 2338 908 2378 non
954 2334 1177 2387 servat,
1223 2321 1595 2392 injucnndnm.
1646 2319 1783 2375 Vide

170 2416 315 2472 enim
345 2433 359 2469 :
392 2413 643 2470 scintilla:
678 2428 857 2483 parva:
889 2427 1136 2484 magnam
1166 2413 1432 2483 lignorum
1469 2409 1780 2481 congeriem

173 2510 427 2577 impone,
460 2517 516 2561 et
544 2522 650 2560 non
680 2506 818 2560 ultra
867 2505 1048 2577 ignem
1093 2504 1503 2576 splendentem,
1552 2503 1650 2560 sed
1695 2503 1784 2561 fu-

172 2616 318 2653 tunm
347 2597 560 2652 videbis
587 2595 744 2651 valde
771 2597 1076 2651 insuavem.

242 2692 457 2747 Delii-ite
477 2707 608 2746 onus
629 2699 747 2745 sunt
767 2689 1181 2745 animm—Viro
1209 2689 1330 2746 forti
1355 2693 1411 2747 et
1431 2704 1630 2762 magno
1649 2705 1788 2746 onus

175 2787 391 2854 impone
434 2783 574 2837 ιιι-οε
609 2796 910 2850 superans,
955 2792 1010 2837 et
1040 2781 1248 2837 videbis
1287 2797 1412 2837 eum
1442 2794 1610 2838 onere
1639 2782 1788 2838 humi

171 2877 465 2944 iacentem.
497 2872 746 2943 Magnum
777 2887 916 2927 onus
937 2872 1098 2939 iniice
1125 2873 1176 2927 in
1206 2873 1380 2927 navim
1402 2914 1418 2940 ,
1447 2883 1502 2929 et
1528 2889 1691 2944 grave
1713 2873 1794 2929 fa-

174 2969 285 3023 cies
314 2966 678 3037 naufragium.
719 2965 881 3020 Tales
917 2973 1046 3020 sunt
1084 2965 1314 3022 deliciae.
1355 2966 1509 3022 Sicut
1549 2967 1694 3022 enim
1736 2967 1790 3022 in

177 3063 401 3117 navibus
428 3074 589 3129 supra
623 3058 841 3114 inodum
869 3058 1113 3113 oneratis
1143 3073 1368 3129 magnus
1395 3068 1482 3114 est
1508 3067 1792 3114 nautarum

179 3153 460 3212 tumultus.
494 3152 861 3220 gubernatore
879 3163 967 3214 eo,
993 3149 1085 3219 qui
1131 3149 1184 3203 in
1229 3164 1387 3220 prora
1415 3150 1588 3218 sedet,
1620 3166 1684 3206 ac
1705 3166 1798 3208 ve-

177 3244 420 3298 ctoribus
445 3244 724 3311 superiora
738 3249 793 3295 et
816 3239 1072 3296 inferiora
1093 3240 1145 3295 in
1168 3256 1320 3296 mare
1350 3242 1794 3312 proﬁcientibus:

178 3337 260 3390 sic
287 3344 346 3389 et
374 3333 474 3387 huc
501 3332 649 3398 loco,
674 3332 952 3402 superiora
983 3341 1298 3388 evomentes
1333 3343 1389 3388 et
1427 3332 1703 3401 inferiora,
1733 3348 1799 3390 ac

178 3427 390 3498 seipsos
447 3433 884 3495 corrumpentes,
938 3435 1189 3495 pereunt.
1243 3426 1505 3496 Quodque
1555 3427 1797 3484 omnium

179 3517 554 3589 turpissimum
577 3526 690 3580 est,
720 3535 782 3574 us
811 3518 1169 3586 posteriorum
1201 3519 1432 3589 partium
1463 3534 1617 3574 usum
1649 3534 1802 3576 assu-

179 3612 304 3674 mit,
337 3611 502 3679 litque
533 3608 640 3664 illis
667 3609 1098 3678 ignominiosius.
1122 3607 1274 3677 Quod
1299 3610 1345 3664 si
1376 3611 1428 3664 in
1449 3624 1545 3665 ore
1565 3610 1636 3667 sit
1657 3619 1800 3666 tanta

181 3698 482 3769 turpitudo,
517 3701 693 3769 cogita
723 3705 922 3769 quanta
953 3698 1023 3754 sit
1048 3699 1101 3752 in
1131 3698 1330 3754 anima.
1357 3699 1492 3755 Nam
1519 3701 1590 3755 ibi
1621 3703 1802 3758 omnia

180 3795 382 3866 caligo,
414 3794 596 3850 omnia
629 3791 914 3863 procellas,
957 3791 1139 3847 omnia
1164 3791 1438 3861 tenebrae,
1469 3793 1637 3849 multa
1670 3809 1804 3849 con-

180 3891 328 3946 fusio
374 3888 761 3961 cogitationum
813 3888 868 3944 in
909 3889 1155 3958 angustia
1204 3888 1575 3955 versantium,
1624 3889 1804 3943 anima

181 3983 302 4051 ipsa
323 3981 581 4036 damnum
602 3978 959 4034 exclamante.
986 3978 1122 4034 Hinc
1145 3979 1243 4050 ipsi
1265 3980 1440 4036 ventri
1465 3979 1656 4046 dediti,
1681 3995 1804 4037 sese

183 4082 378 4126 mutuo
405 4070 756 4140 redarguunt,
779 4085 922 4140 aegre
949 4070 1160 4137 ferunt,
1184 4080 1393 4126 stercus
1415 4070 1685 4125 internum
1707 4071 1806 4127 de—

179 4163 353 4231 jicere
370 4159 648 4215 festinant.
667 4161 919 4218 Attamen
939 4170 1218 4232 postquam
1239 4161 1603 4230 projecerunt,
1630 4177 1806 4232 neque

182 4253 270 4307 sic
312 4252 535 4322 agitatio
575 4249 827 4316 sedatur;
877 4250 971 4306 sed
1012 4260 1069 4306 et
1107 4250 1288 4307 febres
1335 4252 1458 4306 hinc
1503 4262 1558 4308 et
1607 4255 1803 4310 morbi.

183 4343 403 4408 Etiam,
436 4341 646 4412 inquit,
679 4340 875 4396 infirmi
915 4355 1042 4396 sunt
1079 4352 1135 4398 et
1175 4345 1402 4413 turpiter
1430 4353 1594 4414 agunt
1633 4363 1648 4400 :
1691 4344 1808 4402 hate

183 4435 390 4490 frustra
422 4434 580 4489 nobis
602 4442 911 4499 narrantur,
937 4433 1134 4489 frustra
1165 4435 1342 4489 morbi
1371 4446 1804 4496 enumerantur:

182 4524 439 4582 infirmor
463 4539 586 4595 ego,
625 4524 833 4579 laceror
860 4533 917 4579 et
948 4525 1175 4595 turpiter
1203 4540 1324 4596 ago,
1353 4527 1441 4596 qui
1482 4545 1588 4582 non
1633 4528 1808 4586 habeo

181 4615 338 4685 quod
367 4616 523 4670 edam
554 4633 568 4669 :
603 4615 704 4670 hos
732 4623 912 4670 autem
947 4615 998 4669 in
1027 4616 1236 4671 deliciis
1263 4630 1488 4688 agentes
1514 4619 1699 4678 videre
1725 4633 1810 4680 est

183 4709 336 4765 bene
364 4708 624 4775 allectos,
655 4709 914 4780 pingues,
953 4710 1265 4779 gaudentes,
1298 4713 1453 4782 equis
1482 4725 1683 4770 vectos.
1720 4717 1808 4772 Vae

183 4797 364 4854 niihil
398 4799 655 4871 lacrymis
680 4800 824 4854 enim
857 4800 1016 4869 digna
1048 4799 1161 4854 hmc
1195 4802 1355 4856 verba
1387 4814 1532 4859 sunt.
1574 4807 1679 4860 Eos
1705 4823 1804 4863 an-

181 4899 308 4946 tem
335 4892 424 4962 qui
453 4890 687 4963 podagra
716 4891 993 4957 laborant,
1026 4892 1177 4948 scllis
1205 4903 1476 4963 gestatus,
1518 4897 1766 4969 alligatos
1786 4939 1802 4968 ,

1155 376 1224 433 IN
1264 372 1448 431 ACTA
1486 365 2019 428 APOSTOLURW.
2060 364 2297 423 HOMIL.
2337 363 2507 422 XV".

1865 498 1973 554 qua
2011 498 2076 538 ex
2118 493 2292 554 parte,
2329 496 2538 555 quaeso,
2567 479 2965 552 respiciemusi
3003 478 3070 537 Et
3108 479 3212 535 nisi
3236 495 3367 561 rem
3407 479 3485 535 illi

3371 369 3480 428 15⁸

1873 583 2127 647 putarent
2154 573 2603 629 contumeliosam
2629 585 2694 628 ac
2724 572 3065 643 probrosam,
3099 571 3221 628 illos
3244 571 3356 644 jam
3386 585 3487 628 no-

1873 668 2021 723 mine
2048 680 2150 723 suo
2176 666 2611 737 compellassem.
2645 663 2754 721 Sed
2781 673 2912 721 sunt
2937 662 3155 735 quidam
3181 704 3197 730 ,
3241 663 3454 734 inquies
3474 705 3490 729 ,

1875 760 1966 830 qui
2009 759 2148 814 bene
2176 741 2357 813 valent
2378 798 2395 825 ,
2441 756 2567 828 quia
2605 771 2713 811 non
2746 755 2924 811 solum
2955 754 3162 811 deliciis
3191 754 3324 810 dant
3358 771 3496 827 ope-

1874 867 2013 917 ram,
2054 851 2150 907 sed
2191 851 2353 905 etiam
2398 849 2664 906 laborant.
2697 848 2896 904 Verum
2936 847 3005 904 da
3044 847 3175 903 mihi
3216 848 3496 904 hominem

1875 959 2094 1015 semper
2125 943 2600 1014 pinguescentem,
2632 941 2901 1005 otiosum,
2936 939 3166 996 inertem
3187 981 3203 1005 ,
3235 941 3324 1010 qui
3360 941 3499 996 bene

1877 1035 2074 1091 valeat.
2095 1034 2203 1092 Sed
2227 1050 2336 1090 non
2368 1035 2631 1090 invenies.
2663 1032 2888 1088 Etiamsi
2911 1033 3055 1087 enim
3080 1031 3361 1088 innumera
3385 1047 3502 1086 me-

1877 1125 2125 1182 dicorum
2169 1125 2325 1182 turba
2371 1125 2550 1193 adsit,
2603 1125 2752 1180 illum
2803 1126 2977 1180 ventri
3017 1138 3237 1195 semper
3278 1138 3499 1194 Operam

1879 1219 2100 1274 dantem
2124 1233 2154 1273 a
2186 1218 2388 1273 morbis
2416 1232 2610 1274 eruere
2639 1232 2749 1272 non
2779 1226 3034 1288 poterunt
3082 1239 3095 1274 :
3141 1232 3318 1288 neque
3357 1217 3504 1273 enim

1882 1309 1936 1365 id
1967 1319 2156 1365 natura
2186 1309 2266 1364 rei
2301 1309 2581 1380 permittit.
2615 1308 2732 1379 Ego
2772 1324 2900 1363 vero
2931 1309 3264 1364 medicorum
3297 1309 3503 1364 dictum

1882 1402 2036 1457 vobis
2063 1401 2311 1457 all'eram.
2345 1401 2428 1457 Ex
2453 1401 2538 1464 iis,
2567 1416 2690 1472 qua!
2720 1399 2773 1456 in
2795 1411 3040 1456 ventrem
3067 1403 3372 1465 mittuntur,
3398 1416 3505 1455 non

1883 1496 2066 1550 omnia
2096 1493 2235 1549 fiunt
2263 1495 2582 1550 alimentum
2619 1511 2633 1547 :
2663 1511 2788 1551 nam
2811 1496 2864 1550 in
2895 1497 3009 1566 ipsa
3037 1496 3282 1550 ciborum
3315 1507 3506 1551 natura

1885 1602 1992 1642 non
2023 1597 2193 1642 totum
2222 1587 2401 1643 alendi
2441 1590 2548 1642 vim
2581 1585 2786 1654 habet,
2831 1587 2925 1642 sed
2969 1602 3093 1656 pars
3134 1587 3187 1640 in
3227 1601 3507 1642 secessum

1884 1681 2209 1744 secernitur,
2242 1696 2370 1752 pars
2411 1681 2465 1737 in
2495 1681 2813 1738 alimentum
2853 1681 3016 1736 cedit.
3059 1680 3116 1736 Si
3154 1696 3286 1751 ergo
3316 1680 3506 1735 mode-

1889 1782 2006 1828 rate
2035 1773 2216 1829 cibum
2244 1788 2469 1830 sumens
2500 1781 2671 1828 totnm
2704 1773 2974 1844 perlieias,
3008 1772 3216 1840 singula
3247 1773 3300 1826 in
3329 1772 3508 1827 locum

1885 1877 2046 1918 suum
2075 1871 2333 1934 pergunt.
2365 1872 2422 1919 et
2450 1863 2596 1934 quod
2637 1878 2828 1919 sanum
2868 1863 3109 1931 utileque
3128 1872 3235 1926 est,
3265 1864 3321 1918 in
3353 1877 3512 1917 suum

1886 1969 1949 2009 se
1980 1954 2154 2010 locum
2180 1953 2428 2021 confert;
2457 1953 2601 2024 quod
2632 1965 2814 2011 autem
2848 1953 3182 2024 superﬂuum
3207 1965 3288 2009 est
3309 1966 3361 2009 et
3387 1955 3511 2010 inn-

1890 2046 2003 2108 tile,
2034 2047 2240 2102 secedit
2268 2057 2324 2101 et
2353 2047 2628 2118 egeritur;
2661 2047 2744 2102 sin
2788 2062 2920 2101 vero
2955 2047 3122 2102 nimia
3158 2047 3230 2103 sit
3269 2047 3513 2103 ciborum

1889 2139 2047 2208 copia
2067 2180 2084 2204 ,
2115 2139 2279 2194 etiam
2311 2139 2362 2193 id
2381 2179 2398 2205 ,
2429 2139 2574 2208 quod
2602 2140 2784 2194 alendi
2812 2141 2922 2194 vim
2950 2139 3134 2206 habet,
3165 2141 3383 2195 noximn
3407 2151 3514 2207 est,

1893 2229 2055 2301 idque
2096 2230 2500 2299 perspicuitatis
2528 2247 2690 2287 causa
2719 2235 2973 2304 exemplo
3006 2233 3301 2304 proferam.
3325 2236 3513 2293 Infru-

1893 2328 2079 2374 mento
2106 2319 2250 2374 aliud
2281 2331 2366 2376 est
2393 2321 2568 2376 simila
2591 2363 2608 2389 ,
2638 2322 2782 2376 aliud
2813 2323 2980 2377 larina
3003 2365 3020 2391 ,
3063 2324 3206 2379 aliud
3242 2325 3431 2380 furfur.
3461 2325 3517 2381 Si

1896 2424 2028 2480 ergo
2064 2410 2206 2465 mola
2238 2411 2467 2483 accipiet
2495 2427 2559 2468 ea
2581 2453 2598 2479 ,
2627 2427 2748 2484 quae
2781 2422 2959 2483 potest
2989 2415 3216 2482 mel-re,
3251 2415 3366 2470 haec
3396 2431 3520 2469 om-

1897 2502 1984 2555 nia
2014 2501 2307 2568 discernit;
2344 2503 2428 2557 sin
2461 2503 2614 2572 plura
2646 2504 2933 2574 coniicias,
2965 2507 3145 2560 omnia
3175 2506 3521 2562 confundun-

1901 2601 2002 2646 tnr.
2041 2591 2250 2648 Rursus
2277 2593 2486 2659 vinum,
2517 2593 2561 2648 si
2594 2607 2982 2665 congruentem
3019 2597 3247 2668 accipiat
3273 2613 3519 2668 operam,

1898 2682 1944 2737 si
1983 2697 2083 2738 suo
2122 2692 2370 2754 tempore
2406 2683 2746 2749 conficiatur,
2790 2686 2966 2754 primo
2997 2686 3178 2743 omnia
3218 2688 3377 2744 simul
3415 2690 3520 2746 tui-

1900 2782 2141 2838 scentur,
2176 2783 2362 2844 postea
2407 2769 2536 2830 vero
2580 2775 2725 2830 aliud
2771 2777 2824 2831 in
2870 2775 3057 2834 faccem
3090 2779 3237 2846 abit,
3282 2780 3426 2835 aliud
3469 2782 3523 2838 in

1901 2882 2183 2936 spumam,
2234 2867 2380 2922 aliud
2425 2877 2608 2924 manet
2636 2867 2704 2924 ad
2748 2883 2903 2949 usum
2948 2869 3238 2926 fruentinm
3275 2891 3288 2926 :
3322 2883 3376 2928 et
3409 2874 3524 2929 ha:c

1902 2959 2044 3014 bOna
2075 2973 2199 3029 pars
2226 2967 2344 3026 est,
2379 2974 2482 3018 nec
2512 2957 2666 3016 facile
2706 2970 2962 3016 mutatur.
3007 2961 3140 3016 Nam
3182 2973 3309 3019 ante
3349 2980 3527 3034 neque

1903 3052 2088 3104 vinum
2118 3066 2296 3121 neque
2326 3052 2423 3106 faex
2452 3061 2568 3132 est,
2600 3067 2722 3107 cum
2754 3053 2963 3108 scilicet
2992 3055 3170 3109 omnia
3205 3055 3524 3112 miscentur.

1906 3137 2022 3195 lloc
2046 3140 2099 3194 in
2131 3142 2266 3195 mari
2297 3156 2512 3211 quoque
2541 3137 2725 3198 videre
2751 3153 2835 3198 cst
2862 3143 2916 3197 in
2946 3160 3138 3216 magna
3185 3157 3526 3215 tempestate.

1906 3231 1977 3289 Ut
2006 3247 2138 3306 ergo
2170 3243 2296 3288 tunc
2327 3234 2502 3303 pisces
2539 3233 2785 3289 videmus
2831 3245 3076 3292 mortuos
3113 3240 3528 3310 superﬂuitare,

1907 3325 1996 3396 qui
2030 3341 2140 3395 prro
2167 3324 2367 3396 frigore
2395 3341 2501 3381 non
2531 3337 2752 3398 possunt
2788 3327 2839 3382 in
2871 3327 3094 3384 fumium
3127 3331 3368 3404 demergi
3401 3351 3415 3388 :
3457 3335 3530 3390 ita

1907 3429 1964 3474 et
1994 3420 2149 3475 nobis
2178 3420 2393 3475 accidit.
2424 3419 2652 3490 Quando
2682 3423 2827 3477 enim
2858 3434 3094 3492 Superne
3117 3426 3307 3496 ingens
3334 3428 3533 3498 ingruit

1908 3512 2220 3568 voracitatis
2268 3512 2463 3579 imber,
2517 3513 2698 3568 omnia
2752 3529 3127 3582 connnovens,
3177 3520 3535 3589 cogitationes

1909 3613 2065 3658 antea
2095 3617 2278 3670 sanas,
2308 3613 2359 3658 et
2389 3604 2622 3674 quietas,
2649 3620 2750 3660 ceu
2782 3615 3021 3663 mortuas
3049 3619 3405 3678 supernatare
3431 3626 3524 3665 co-

1909 3699 2006 3769 git.
2038 3697 2173 3752 Ctnn
2207 3698 2370 3767 igitur
2391 3712 2454 3752 ex
2485 3697 2792 3768 hujnsmodi
2816 3700 3078 3770 exemplis
3101 3702 3534 3759 demonstratum

1912 3790 2068 3845 nobis
2100 3788 2261 3843 fuerit
2299 3798 2562 3860 quantum
2607 3791 2679 3844 sit
2715 3789 2996 3860 damnum,
3028 3806 3306 3848 cessemus
3346 3794 3539 3850 beatos

1912 3881 2093 3937 dicere
2117 3880 2262 3946 illos,
2282 3895 2416 3949 quos
2439 3880 2670 3935 miseros
2686 3879 2983 3950 pra-dicare
3004 3892 3303 3952 opo'teret,
3330 3899 3535 3954 nosque

1913 3973 2200 4041 deplorare
2230 3987 2297 4026 ex
2327 3970 2415 4037 iis,
2449 3971 2520 4025 ob
2550 3987 2670 4042 quae
2697 3973 2885 4026 beatos
2913 3972 3098 4028 dicere
3137 3983 3449 4044 oporteret,
3481 3985 3536 4032 ct

1914 4062 2276 4133 frugalitatem
2326 4062 2638 4133 diligamus.
2687 4067 2880 4119 Annon
2928 4067 3128 4122 auditis
3177 4069 3417 4124 medicos
3455 4069 3532 4124 di-

1914 4163 2130 4215 centes,
2161 4151 2460 4224 indigentia
2486 4161 2570 4209 est
2601 4163 2773 4210 mater
2802 4156 3088 4212 sanitatis?
3119 4159 3228 4230 Eg»
3269 4175 3398 4218 ve:o
3427 4177 3534 4217 non

1915 4246 2216 4315 corporalis
2255 4245 2416 4299 modo
2456 4245 2706 4301 sanitatis
2750 4245 3097 4318 indigentiam
3143 4260 3369 4306 matrem
3415 4269 3538 4309 esse

1916 4339 2060 4405 dico,
2095 4340 2190 4395 sed
2220 4341 2382 4396 etiam
2414 4338 2732 4409 spiritualis.
2767 4340 2882 4396 lloc
2922 4352 2977 4396 et
3007 4342 3204 4396 Paulus
3233 4360 3394 4399 verus
3425 4362 3540 4402 meo

1916 4433 2070 4488 dicus
2090 4433 2309 4497 clamat,
2335 4432 2523 4487 dicens
2554 4451 2567 4487 :
2600 4432 2858 4489 [labentes
2879 4434 3124 4488 alimenta
3154 4448 3201 4490 et
3228 4447 3536 4508 tegumenta,

1919 4527 1997 4580 his
2025 4526 2247 4580 contenti
2275 4526 2431 4579 simus
2467 4525 2552 4593 (1.
2585 4523 2718 4579 Tim.
2738 4526 2794 4580 6.
2821 4525 2907 4596 8).
2933 4526 3383 4596 Obzempercmus
3409 4544 3542 4601 ergo

1920 4621 2029 4684 illi,
2062 4630 2120 4674 ut
2148 4620 2263 4673 sani
2292 4634 2354 4673 ea
2377 4661 2391 4685 ,
2425 4634 2547 4688 qua:
2576 4619 2783 4689 agenda
2815 4629 2959 4681 sunt,
2981 4635 3271 4689 operemur
3303 4623 3354 4677 in
3380 4621 3542 4679 Citri—

1918 4721 2003 4768 sto
2044 4711 2173 4767 Jesu
2225 4713 2451 4766 llomino
2489 4721 2715 4776 nostro,
2760 4713 2977 4780 quicum
3029 4714 3173 4768 Patri
3220 4723 3276 4770 et
3317 4715 3540 4788 Spiritui

1919 4813 2107 4860 sant-to
2135 4805 2305 4876 gloria
2330 4847 2345 4872 ,
2378 4807 2660 4875 imperium
2683 4848 2697 4871 ,
2731 4806 2929 4874 honor,
2963 4822 3106 4864 nunc
3131 4819 3184 4863 et
3216 4825 3455 4883 semper,
3488 4820 3544 4863 et

1922 4901 1975 4954 in
2004 4899 2200 4955 stucula
2232 4900 2580 4954 smculorum.
2613 4903 2810 4955 Amen.

188 5029 3524 5056 mw

1541 5110 1892 5175 HOMlLlA
1935 5112 2143 5174 XVII.

182 5255 328 5312 Car.
361 5256 416 5310 7.
457 5271 510 5310 v.
555 5256 648 5312 35.
691 5253 846 5310 Hune
889 5255 1140 5327 Moysem,
1191 5274 1338 5326 quem
1377 5269 1702 5330 negaverunt,
1729 5260 1810 5313 di-

266 5357 439 5403 centes
468 5364 487 5401 :
515 5347 642 5413 Quis
678 5355 726 5402 te
750 5348 1009 5402 constituit
1033 5351 1316 5420 principem
1341 5359 1386 5406 et
1407 5352 1634 5422 judicent
1655 5369 1810 5423 super

266 5441 404 5495 nos?
429 5441 565 5494 hunc
591 5437 731 5494 Deus
754 5441 1036 5510 principem
1056 5451 1104 5495 et
1122 5441 1491 5512 redemptorem
1520 5445 1656 5500 misit
1691 5462 1809 5500 cum

266 5547 430 5585 inanis
451 5531 645 5603 angeli,
673 5531 760 5599 qui
785 5533 1028 5600 apparuit
1055 5532 1138 5586 illi
1163 5534 1217 5588 in
1244 5535 1392 5590 rubo.

267 5623 296 5677 1
314 5663 329 5676 .
358 5621 585 5676 Multum
605 5635 910 5692 congruens
937 5621 1042 5678 hoc
1060 5632 1144 5679 est
1169 5636 1486 5696 argumento
1509 5629 1806 5699 proposito.

193 5712 364 5768 Hunc
406 5711 660 5783 Hogsem,
714 5713 908 5782 inquit.
952 5713 1177 5782 Qualem
1225 5716 1408 5772 hunc?
1453 5719 1586 5774 Eum
1623 5722 1712 5791 qui
1753 5721 1808 5776 in

193 5804 502 5876 periculum
523 5801 676 5861 exitii
702 5808 868 5874 venit,
885 5819 1010 5863 eum
1032 5821 1196 5879 quem
1225 5808 1325 5881 ipsi
1342 5818 1806 5884 contempserant,

1920 5275 2080 5330 quem
2125 5267 2458 5330 negaverant
2491 5258 2754 5322 dicentes,
2788 5259 2916 5326 Quis
2959 5271 3008 5315 te
3043 5264 3309 5318 constituit
3343 5266 3538 5334 princi-

1919 5349 2250 5420 pem(Exod.
2281 5351 2337 5404 ‘2.
2364 5350 2453 5420 li)
2478 5349 2502 5402 Τ
2525 5350 2985 5421 quemadmodum
3033 5365 3089 5407 et
3131 5354 3351 5411 Christo
3381 5355 3535 5413 dice-

1917 5444 2068 5508 bant,
2102 5441 2223 5497 Non
2270 5441 2514 5496 habemus
2543 5460 2747 5515 regem,
2796 5445 2896 5498 nisi
2937 5444 3190 5499 Cursarem
3223 5447 3402 5518 (Joan.
3440 5451 3530 5506 i9.

1923 5535 2034 5600 15).
2063 5534 2223 5589 'Iluuc
2253 5534 2394 5590 Deus
2432 5536 2711 5607 principem
2757 5544 2802 5590 et
2841 5536 3213 5606 redemptorem
3253 5537 3390 5594 misit
3421 5558 3540 5596 cum

1919 5645 2077 5683 manu
2109 5628 2311 5700 angeli;
2341 5627 2432 5698 qui
2457 5626 2669 5682 dixerat
2697 5628 2770 5692 ei,
2811 5625 2927 5698 Ego
2957 5644 3069 5681 sum
3114 5628 3253 5685 Deus
3280 5631 3539 5687 Abraham

1921 5721 2119 5793 (Exod.
2150 5723 2202 5778 3.
2230 5722 2310 5791 6).
2342 5721 2440 5776 iiic
2474 5729 2529 5775 et
2569 5720 2850 5783 tniracula,
2895 5736 3016 5791 quae
3064 5719 3204 5776 facta
3247 5734 3395 5790 sunt,
3439 5742 3539 5797 per

1919 5813 2197 5871 Christum
2224 5812 2364 5870 facta
2392 5826 2514 5869 esse
2541 5810 2802 5878 ostendit,
2829 5810 2920 5869 ‘56.
2955 5810 3079 5882 llic,
3111 5811 3162 5867 id
3191 5825 3293 5884 est,
3327 5814 3537 5883 Moyses
