4068 6432
635 321 734 378 ιω

630 442 710 505 (ct
738 433 876 497 vide,
910 430 1180 501 quomodo
1211 431 1356 485 illum
1385 430 1721 500 splendidum
1761 428 2030 497 exhibeat)
2086 429 2213 482 edu-

628 532 701 583 xit
729 529 861 587 illos,
900 527 1090 595 faciens
1116 525 1346 596 prodigia
1382 523 1598 592 etsigna
1637 521 1688 574 in
1726 529 1858 573 terra
1894 519 2137 588 Ai'gypti,
2169 528 2215 571 et

628 622 678 673 in
708 620 834 671 mari
855 617 1041 677 Rubro,
1069 625 1116 669 et
1140 613 1190 668 in
1216 615 1409 666 deserto
1430 613 1577 664 annis
1601 613 1963 682 quadraginta.
1992 612 2079 664 57.
2113 609 2213 662 Hic

627 723 698 767 est
731 711 950 781 Moyses,
977 709 1063 776 qui
1087 709 1214 760 dixit
1241 708 1362 773 filiis
1392 703 1555 757 Israel
1579 719 1597 756 :
1620 702 1934 772 Prop/ictam
1955 701 2091 754 vobis
2123 717 2211 754 su-

627 804 822 856 scitabit
851 802 1094 854 Dominus
1123 799 1252 850 Deus
1278 814 1340 849 ea:
1368 795 1606 860 fratribus
1643 794 1816 848 vestris
1849 803 2102 860 tamquam
2132 809 2213 843 me

625 894 801 966 (Deut.
834 893 920 946 18.
964 892 1050 962 18)
1078 906 1090 949 ;
1126 889 1175 941 id
1218 897 1319 950 est,
1344 894 1732 953 contemptum,
1768 883 1972 936 insidiis
2003 881 2209 950 appeti-

627 1000 756 1042 tmn.
791 986 995 1039 Etenim
1028 982 1266 1035 voluerat
1299 981 1471 1048 ipsum
1510 976 1757 1032 occidere
1783 973 2043 1038 Herodes,
2073 983 2124 1026 ct
2156 974 2205 1025 in

628 1079 854 1148 Egypto
883 1086 1124 1130 servatus
1145 1082 1245 1130 est.
1271 1073 1407 1124 sicut
1434 1080 1486 1122 ct
1513 1071 1598 1123 ille
1631 1082 1759 1137 puer
1783 1082 1904 1119 cum
1931 1074 2094 1130 esset,
2123 1065 2173 1116 in
2193 1091 2207 1102 -

619 1173 771 1227 sidiis
795 1181 875 1222 est
900 1168 1186 1235 appetitus.
1217 1164 1306 1220 58.
1346 1162 1442 1214 Hic
1472 1170 1563 1224 est,
1594 1161 1680 1230 qui
1699 1159 1796 1228 fuit
1835 1159 1888 1211 in
1921 1158 2129 1210 ecclesia
2154 1157 2206 1210 in

621 1261 910 1322 solitudine,
934 1275 1046 1311 cum
1072 1257 1270 1325 angelo.
1300 1253 1384 1323 qui
1403 1253 1701 1322 loquebatur
1721 1252 1765 1302 ei
1787 1250 1838 1302 in
1861 1258 2027 1300 monte
2049 1247 2200 1313 Sina,

616 1367 662 1408 et
693 1371 803 1406 cum
837 1352 1063 1418 patribus
1094 1347 1274 1400 nostris
1289 1362 1308 1408 ;
1335 1345 1421 1414 qui
1447 1343 1636 1412 accepit
1658 1341 1803 1394 verba
1824 1340 1934 1392 vitta
1957 1339 2082 1390 dare
2106 1353 2203 1389 no-

617 1447 710 1498 bis.
740 1445 943 1497 llursus
969 1455 1227 1509 nusquam
1259 1436 1534 1505 templum,
1570 1446 1830 1500 nusquam
1860 1429 2196 1484 sacriﬁcium.

614 1536 741 1589 Cant
786 1535 983 1602 angelo,
1041 1529 1228 1598 inquit,
1285 1537 1337 1580 ut
1382 1526 1522 1577 daret
1568 1522 1712 1576 nobis
1755 1522 1902 1573 verba
1928 1520 2059 1572 vitae.
2107 1518 2202 1572 Hic

613 1625 866 1682 ostendit.
903 1622 1072 1690 ipsmn
1107 1634 1210 1672 non
1247 1625 1449 1670 tantum
1495 1614 1644 1683 signa
1677 1612 1886 1674 iecisse,
1917 1609 2009 1663 sed
2039 1609 2199 1663 ctiam

612 1719 784 1786 legam
811 1714 1042 1774 dedisse,
1074 1719 1131 1765 ut
1157 1710 1400 1763 Christus
1422 1706 1561 1761 l'ccit.
1589 1701 2047 1770 Quemadmodum
2073 1715 2201 1769 ergo

616 1809 700 1861 hic
730 1806 900 1875 primo
929 1804 1074 1872 signa
1103 1800 1245 1864 facit,
1274 1809 1328 1853 et
1356 1809 1478 1850 tunc
1505 1796 1674 1865 legem
1703 1794 1795 1846 dat
1825 1811 1836 1844 :
1864 1794 1940 1846 sic
1967 1800 2020 1845 et
2047 1791 2200 1844 Chri-

612 1911 748 1952 stus.
793 1896 895 1950 Sed
944 1909 1048 1948 non
1100 1892 1384 1945 audierunt
1424 1888 1609 1962 illum,
1647 1899 1858 1953 semper
1902 1896 2196 1951 repugnare

607 1990 773 2052 docti,
806 1996 926 2056 post
969 1987 1118 2053 signa
1167 1983 1273 2046 illa,
1309 1989 1430 2050 post
1457 1978 1692 2048 prodigia
1729 1989 1822 2044 per
1846 1972 2196 2043 quadraginta

606 2095 775 2136 annus
805 2077 967 2130 edita.
1007 2074 1188 2142 Neque
1229 2073 1330 2126 hoc
1374 2079 1612 2130 tantum,
1652 2067 1745 2121 sed
1787 2077 1838 2119 ct
1865 2064 2194 2120 c0ntrarium

607 2169 970 2225 exhibuerunt
993 2181 1008 2226 ;
1035 2164 1173 2233 quod
1198 2161 1498 2222 declarans,
1523 2157 1718 2224 adjecit
1740 2173 1752 2208 :
1775 2155 1867 2208 59.
1899 2153 1990 2207 Cui
2021 2153 2198 2204 nolue-

606 2271 724 2314 runt
745 2258 946 2311 obedire
967 2263 1132 2321 patres
1155 2251 1345 2311 nostri;
1370 2249 1460 2302 sed
1483 2248 1794 2315 repulerunt,
1820 2254 1864 2297 et
1886 2243 2048 2295 (aversi
2080 2250 2196 2294 sunt

604 2353 839 2407 cordibus
866 2347 972 2401 suis
999 2347 1049 2398 in
1076 2342 1384 2412 Egyptian,
1411 2340 1501 2394 40.
1521 2339 1740 2390 dicentes
1757 2336 1825 2387 ad
1848 2335 2018 2387 Aaron
2044 2346 2064 2385 .'
2087 2331 2195 2384 Fac

605 2443 744 2496 nobis
785 2440 922 2499 deos,
959 2436 1043 2506 qui
1087 2436 1370 2504 prcccedant
1398 2446 1489 2483 nos
1523 2443 1542 2482 :
1574 2427 1776 2497 Moyses
1802 2430 1932 2478 enim
1963 2423 2064 2485 hic,
2093 2422 2184 2491 qui

605 2535 776 2589 eduxit
813 2549 903 2584 nos
927 2529 988 2582 de
1020 2539 1152 2580 terra
1186 2522 1427 2593 Egypti,
1461 2520 1709 2574 nescimus
1745 2516 1866 2584 quid
1904 2519 2094 2585 factum
2129 2513 2192 2566 sit

603 2630 649 2679 ei
667 2625 858 2696 (Exod.
885 2622 974 2677 33.
1008 2620 1082 2687 1).
1109 2618 1198 2671 41.
1223 2614 1287 2668 Et
1317 2612 1525 2666 uitulum
1547 2612 1768 2680 fecerunt
1795 2608 1845 2660 in
1870 2605 2042 2658 diebus
2067 2604 2188 2668 illis,

603 2729 650 2771 et
675 2717 959 2770 obtulerunt
986 2711 1199 2764 hostiam
1222 2705 1516 2767 simulacro,
1548 2712 1593 2754 et
1614 2700 1916 2754 (celabantur
1941 2699 1994 2750 in
2017 2696 2188 2765 operi-

601 2809 695 2860 bus
725 2820 966 2857 manuum
985 2816 1213 2854 suarum.
1239 2796 1326 2850 42.
1359 2793 1611 2848 Convertit
1637 2801 1805 2843 autem
1828 2788 1984 2852 Deus,
2012 2797 2056 2840 et
2079 2797 2190 2839 tra-

601 2899 728 2952 didit
759 2897 873 2948 illos
901 2893 1084 2947 seruire
1113 2889 1307 2942 militia:
1335 2886 1467 2947 cadi,
1502 2885 1630 2936 sicut
1656 2882 1898 2950 scriptum
1939 2888 2012 2932 est
2042 2880 2092 2929 in
2126 2876 2190 2929 li-

601 2991 690 3042 bro
718 2990 1074 3058 prophetarum
1096 2999 1115 3034 :
1148 2977 1411 3046 Numquid
1436 2975 1659 3028 uictimas
1686 2983 1732 3026 ct
1759 2971 2010 3037 sacrificia
2034 2969 2186 3058 obtuf

602 3056 728 3133 listis
757 3078 876 3128 mihi
903 3075 1048 3126 annis
1085 3068 1423 3138 quadraginta
1459 3065 1510 3116 in
1545 3064 1765 3124 deserto,
1811 3060 1988 3112 domus
2022 3056 2190 3110 Israel

609 3176 783 3239 (Amos
830 3168 882 3222 5.
917 3163 1053 3232 25)?
1092 3162 1180 3215 45.
1229 3158 1291 3212 Et
1330 3159 1614 3222 suscepistis
1657 3152 2031 3205 tabernaculum
2074 3148 2190 3202 Μο-

601 3267 734 3324 loclt,
766 3272 811 3315 et
832 3260 971 3313 sidus
992 3255 1072 3307 dei
1093 3253 1240 3306 vestri
1266 3249 1552 3317 Rempltan,
1588 3246 1798 3315 ﬁguras,
1822 3259 1947 3311 quas
1974 3241 2184 3309 fecistis,

599 3367 656 3410 ut
681 3350 957 3408 ndoraretis
986 3363 1089 3400 eas.
1129 3343 1191 3395 Et
1222 3340 1525 3408 transferam
1565 3353 1652 3390 vos
1679 3345 1819 3387 trans
1851 3331 2182 3403 Babylonem.

604 3443 861 3505 Tradidit;
885 3440 984 3490 hoc
1010 3437 1146 3489 idem
1169 3442 1252 3486 est
1279 3443 1362 3496 ac,
1382 3426 1638 3496 [,tertiiisit.
1670 3425 1757 3479 44.
1781 3423 2186 3477 Tabernaculum

601 3531 867 3588 testimonii
894 3537 1000 3582 erat
1027 3523 1254 3594 patribus
1282 3519 1466 3574 nostris
1506 3519 1560 3570 in
1597 3517 1812 3576 deserto,
1845 3515 1972 3567 sicut
1998 3522 2188 3566 statue-

598 3637 676 3681 rat
706 3626 806 3678 illis
839 3624 1044 3691 loquens
1069 3618 1136 3670 ad
1175 3615 1423 3685 Moysem,
1458 3622 1512 3665 ut
1539 3613 1723 3682 faceret
1751 3609 1882 3661 illud
1911 3607 2186 3661 secundum

597 3723 834 3790 formam,
862 3729 1012 3784 quam
1043 3710 1232 3763 viderat
1263 3704 1458 3777 (Exod.
1487 3703 1577 3758 9-5.
1609 3701 1723 3772 40).
1754 3702 1902 3756 Licet
1929 3700 2182 3756 taberna-

597 3809 776 3864 culum
807 3814 970 3868 esset,
1000 3800 1258 3855 sacriﬁcia
1291 3812 1394 3852 non
1427 3804 1599 3850 erant.
1631 3793 1784 3861 Quod
1814 3806 1942 3846 vero
1969 3807 2074 3845 non
2099 3805 2185 3844 es-

598 3912 740 3966 sent,
774 3899 1030 3969 propheta
1060 3894 1297 3947 declarat
1327 3890 1408 3943 his
1430 3889 1606 3943 verbis
1633 3905 1646 3940 :
1673 3885 1936 3955 Numquid
1961 3885 2184 3938 victimas

598 4005 643 4047 et
672 3991 921 4059 sacriﬁcia
943 3985 1193 4040 obtulistis
1226 3983 1352 4034 mihi
1369 3981 1394 4032 tl
1431 3979 1858 4034 Tabernaculum
1893 3976 2180 4030 testimonii

593 4095 729 4148 crat,
754 4095 806 4136 et
839 4079 967 4134 nihil
1000 4079 1126 4146 ipsis
1155 4074 1424 4145 proderat,
1459 4071 1552 4125 sed
1575 4070 2046 4125 consumebantur.
2075 4067 2181 4121 Ne-

593 4191 700 4244 quc
729 4171 952 4225 antehac
975 4170 1076 4222 illis
1104 4173 1273 4236 signa,
1307 4178 1477 4232 neque
1507 4172 1684 4231 postea
1714 4160 2030 4229 profuerunt
2052 4159 2176 4212 illis.

595 4267 682 4320 45.
717 4263 864 4329 Quod
887 4272 933 4314 et
965 4260 1292 4321 induxerunt,
1323 4255 1652 4323 suscipientes
1680 4262 1848 4322 patres
1879 4252 2058 4304 nostri.
2093 4250 2180 4303 Vi-

595 4358 714 4411 don‘
745 4355 812 4408 ibi
841 4353 1012 4406 locum
1041 4360 1283 4404 sanctum
1321 4363 1461 4410 esse,
1490 4345 1578 4400 ubi
1606 4356 1688 4398 cst
1720 4343 1900 4399 Deus?
1933 4342 2078 4405 Ideo,
2114 4341 2178 4395 In

592 4451 810 4509 deserto,
840 4445 991 4506 dixit,
1016 4451 1071 4495 ut
1099 4440 1269 4495 locum
1303 4439 1418 4492 loco
1448 4436 1710 4491 coal'erat.
1743 4435 1943 4489 Deinde
1972 4433 2178 4488 beneﬁ-

592 4539 732 4590 cium
763 4535 1019 4604 sequitur.
1057 4531 1119 4584 Et
1144 4531 1472 4591 induxerunt,
1514 4528 1702 4597 inquit,
1739 4528 2067 4595 suscipientes
2087 4542 2178 4596 ραι

591 4642 692 4683 tres
718 4630 873 4681 nostri
904 4643 1018 4679 cum
1046 4624 1077 4677 .l
1085 4641 1170 4678 esu
1195 4625 1247 4676 in
1275 4622 1638 4691 possessionem
1661 4621 1904 4690 gentium,
1933 4635 2056 4687 quas
2084 4635 2175 4672 ea:-

593 4723 720 4792 pulit
766 4720 897 4774 Deus
938 4736 969 4771 a
1009 4718 1138 4787 facie
1185 4727 1389 4786 patrunt
1434 4725 1720 4767 nostrorum
1765 4729 1924 4781 usque
1961 4713 2029 4765 ad
2071 4714 2176 4766 dies

596 4814 778 4875 Dauid,
811 4813 897 4866 46.
930 4811 1013 4880 qui
1042 4811 1226 4862 invenit
1253 4809 1471 4878 gratiam
1510 4818 1628 4859 ante
1655 4804 1842 4870 Deum,
1881 4815 1930 4860 et
1957 4807 2096 4875 petiit
2121 4816 2175 4859 ut

592 4908 832 4961 inveniret
853 4902 1229 4957 tabernaculum
1257 4900 1349 4953 Dei
1377 4899 1535 4953 Jacob
1567 4897 1739 4967 (Psal.
1773 4899 1896 4953 151.
1917 4899 1996 4967 5).
2020 4899 2176 4952 Petiit

592 4997 857 5052 aediﬁcare
884 4994 1067 5059 David,
1094 5003 1147 5048 et
1179 5008 1283 5045 non
1313 5005 1627 5044 concessum
1659 4998 1742 5044 cst
1773 4998 1845 5054 ci,
1885 5005 2077 5058 magno
2106 4989 2174 5042 li-

572 5099 676 5145 ‘cet
697 5098 752 5144 et
780 5087 1044 5151 mirabili;
1084 5085 1179 5141 sed
1225 5082 1449 5137 auliﬁcat
1491 5080 1734 5148 ahjectus
1769 5082 1856 5134 ille
1894 5080 2170 5134 Salomon.

593 5183 718 5237 ldco
742 5181 966 5236 ωιτη.
1017 5178 1263 5232 Salomon
1301 5186 1468 5229 autem
1514 5173 1785 5241 aedificavit
1821 5173 1899 5226 illi
1942 5173 2169 5226 domum.

590 5277 677 5330 48.
709 5273 814 5329 Sed
841 5289 942 5325 non
969 5271 1252 5324 Altissimus
1294 5270 1347 5322 in
1384 5268 1690 5335 manufactis
1718 5267 1917 5336 templis
1955 5267 2169 5320 habitat.

590 5365 705 5419 Jam
734 5365 834 5418 hoc
864 5379 956 5432 per
977 5377 1058 5424 ea,
1083 5377 1200 5430 qua:
1226 5377 1383 5429 supra
1409 5361 1549 5414 dicta
1577 5371 1720 5425 sunt,
1753 5369 2028 5414 ostensum
2053 5367 2168 5425 est;

587 5455 884 5509 declaratur
905 5454 1061 5508 ctiam
1079 5469 1142 5506 ex
1162 5453 1468 5522 prophetica
1485 5467 1615 5506 voce
1638 5469 1649 5502 :
1674 5451 1942 5522 quomodo
1966 5462 2165 5512 atttt'nt,

585 5548 706 5600 audi
738 5546 1030 5613 sequentia.
1071 5545 1216 5599 Sicut
1237 5544 1484 5614 praplteta
1513 5544 1674 5597 dicit:
1703 5545 1787 5599 49.
1823 5543 2012 5599 Cwlum
2043 5544 2166 5595 mihi

581 5640 721 5693 sedes
751 5647 840 5701 est,
888 5647 1020 5689 terra
1067 5645 1231 5688 autent
1272 5635 1542 5688 scabellum
1586 5636 1769 5706 pedum
1811 5653 2058 5689 meorum.
2099 5633 2168 5688 Et

581 5745 728 5800 quam
754 5729 959 5783 domum
984 5726 1299 5797 wdiﬁcabitis
1325 5726 1469 5795 mihi,
1491 5726 1612 5780 dicit
1635 5724 1925 5781 Dominus?
1946 5738 2034 5780 aut
2049 5725 2168 5796 quis

1379 317 1438 374 3.
1476 316 1752 374 JOANNIS
1787 315 2261 373 CIIRYSOSTOMI
2299 316 2620 374 ARClllEP.
2659 319 3194 377 CONSTANTINOP.

3805 331 3910 388 13η

2324 427 2464 482 locus
2485 430 2805 498 requietionis
2837 449 2960 486 mea:
2984 432 3099 486 est?
3127 432 3217 487 50.
3246 448 3417 486 nonne
3441 448 3622 487 manus
3660 450 3775 490 nica
3791 439 3918 506 fecit

2319 520 2426 573 haec
2447 521 2617 574 omnia
2634 520 2786 591 (lsai.
2811 522 2897 576 66.
2927 524 3019 591 1)?
3047 523 3126 577 Ne
3155 523 3441 586 miremini,
3473 524 3667 593 inquit,
3696 526 3741 578 si
3763 525 3921 580 Chri-

2316 621 2430 665 stus
2461 612 2544 674 iis,
2574 613 2664 681 qui
2688 629 2909 682 regnum
2936 616 3100 684 ipsius
3119 616 3383 684 rcjiciuut,
3411 617 3546 671 bene
3573 615 3721 677 facit,
3744 633 3916 687 quan-

2317 699 2602 770 doquidem
2629 714 2690 756 ct-
2710 702 2761 756 in
2802 704 2984 775 Moyse
3021 705 3124 759 hoc
3166 708 3362 759 factum
3391 717 3492 760 est.
3533 706 3600 760 Et
3641 723 3752 761 non
3780 709 3912 762 sim-

2316 790 2525 859 pliciter
2555 791 2676 844 illos
2722 794 2882 858 eruit,
2929 794 3021 848 δρᾶ
3069 795 3119 847 in
3165 795 3379 850 deserto
3426 806 3669 865 agentes.
3705 796 3911 864 Vidcn',

2314 880 2452 948 quod
2486 890 2704 949 propter
2747 882 2867 936 illos
2908 884 3056 951 signa
3110 884 3196 937 illa
3236 885 3378 938 edita
3420 885 3562 939 sint?
3603 883 3792 955 Itaque
3824 889 3911 955 qui

2312 985 2433 1025 cum
2463 971 2577 1026 Deo
2612 971 2865 1042 loquutus
2891 986 2994 1038 est,
3029 976 3116 1043 qui
3150 975 3286 1028 miro
3316 985 3595 1040 servatus,
3641 978 3734 1046 qui
3771 987 3911 1031 tanta

2313 1061 2437 1116 fecit
2465 1064 2738 1134 etpotuit;
2773 1067 3005 1119 ostendit
3031 1068 3251 1120 omnino
3271 1075 3523 1136 Oportcrc
3549 1068 3762 1135 impleri
3787 1085 3912 1136 pro-

2313 1155 2571 1223 phctiam,
2603 1172 2704 1212 nec
2733 1169 3012 1212 aversatur
3037 1159 3137 1212 sibi
3183 1159 3305 1228 ipsi.
3346 1159 3450 1214 Sed
3487 1159 3740 1227 superius
3769 1159 3910 1213 dicta

2310 1257 2634 1315 repetamus.
2670 1248 2769 1302 Hic
2789 1260 2879 1311 est,
2913 1250 3100 1318 inquit,
3138 1250 3339 1320 Moyses
3362 1252 3447 1318 qui
3475 1251 3603 1303 dixit
3637 1267 3656 1303 :
3685 1249 3910 1318 Prophe-

2308 1347 2410 1390 tam
2451 1339 2587 1393 vobis
2622 1341 2883 1394 suscitabit
2926 1340 3177 1394 Dominus
3208 1353 3463 1411 tamquam
3494 1358 3593 1395 me.
3638 1341 3750 1395 lloc
3781 1357 3910 1412 pu;o

2306 1429 2576 1484 Christum
2607 1433 2909 1500 resttcxissc
2938 1449 3058 1487 cum
3085 1433 3221 1486 dixit
3258 1451 3270 1485 :
3301 1432 3386 1486 Ex
3407 1432 3609 1486 Judceis
3652 1435 3796 1486 salus
3837 1444 3908 1487 est

2309 1519 2484 1589 (Joan.
2513 1521 2564 1573 4.
2595 1520 2711 1590 2‘2),
2737 1523 2972 1590 seipsum
2996 1521 3362 1576 subindicans.
3390 1521 3490 1574 Hic
3511 1533 3604 1586 est,
3626 1523 3711 1590 qui
3737 1524 3835 1592 fuit
3859 1525 3907 1575 in

2306 1610 2501 1663 deserto
2531 1626 2646 1663 cum
2678 1612 2880 1680 angelo,
2920 1613 3006 1681 qui
3035 1612 3333 1682 loquebatur
3370 1613 3487 1680 ipsi.
3531 1611 3671 1667 Ecce
3714 1614 3907 1666 iterum

2305 1701 2540 1756 ostendit
2569 1702 2740 1770 ipsum
2763 1703 2975 1756 dedisse
2999 1702 3191 1772 legem,
3218 1703 3483 1772 siquidem
3506 1718 3628 1757 cum
3649 1703 3770 1772 ipso
3792 1715 3907 1756 erat

2306 1793 2356 1848 in
2387 1805 2529 1849 (ξωιιι
2567 1795 2618 1849 in
2663 1796 2897 1849 dcscrto.
2952 1795 3049 1850 llic
3094 1811 3224 1850 vero
3274 1796 3593 1850 miraculum
3650 1812 3905 1866 magnum

2302 1888 2462 1939 etiam
2489 1897 2875 1940 commemorat
2905 1889 2955 1940 in
2985 1898 3167 1942 monte
3195 1888 3411 1942 factum.
3439 1888 3539 1955 Qui
3573 1889 3768 1957 accepit
3796 1907 3908 1943 rer-

2301 1981 2364 2030 ba
2392 1980 2524 2042 uitta,
2554 1988 2610 2031 ut
2643 1979 2788 2032 daret
2825 1978 2986 2033 nobis.
3017 1979 3224 2049 Ubique
3265 1981 3526 2035 mirabilis
3551 1994 3635 2037 est
3665 1981 3901 2057 Moyscs,

2301 2072 2533 2124 maxime
2559 2087 2688 2125 vero
2717 2072 2930 2141 quando
2970 2072 3053 2126 lex
3082 2072 3254 2127 danda
3285 2082 3420 2129 erat.
3467 2073 3604 2141 Quid
3646 2075 3751 2129 sibi
3792 2077 3905 2128 volt

2303 2162 2455 2225 illud,
2497 2161 2658 2215 Verba
2687 2164 2840 2217 vita?
2870 2163 2960 2218 Vel
2987 2179 3072 2230 ea,
3103 2179 3329 2233 quorum
3359 2164 3478 2219 linis
3503 2180 3598 2234 per
3616 2179 3904 2220 sermones

2301 2253 2722 2320 monstrabatur,
2753 2253 2832 2308 vel
2861 2255 3168 2323 prophetias
3194 2255 3343 2310 dicit.
3373 2255 3506 2310 llinc
3531 2258 3781 2328 seq-uitur
3802 2260 3900 2312 cri-

2299 2343 2522 2397 tninatio
2548 2345 2600 2398 in
2651 2347 3003 2413 patriarchas,
3034 2347 3122 2416 qui
3166 2357 3284 2416 post
3323 2349 3474 2418 signa
3517 2357 3572 2402 et
3610 2350 3896 2416 miracula,

2299 2444 2577 2503 postquam
2608 2444 2928 2502 acceperant
2949 2437 3107 2490 verba
3129 2439 3269 2504 vitae,
3293 2438 3356 2491 Ei
3382 2438 3676 2503 noluerunt,
3701 2441 3896 2510 inquit,

2296 2524 2579 2580 obedientes
2602 2542 2729 2582 esse.
2748 2527 2912 2582 Recte
2933 2537 3109 2583 autem
3129 2529 3279 2595 dixit,
3298 2528 3458 2584 Verba
3478 2531 3613 2597 uiue,
3630 2541 3691 2586 ut
3709 2543 3867 2587 osten
3882 2565 3898 2577 -

2295 2618 2447 2673 deret
2472 2632 2591 2672 esse
2617 2633 2829 2687 quoque
2857 2618 3020 2674 verba
3043 2635 3148 2674 non
3175 2620 3428 2686 viventia,
3453 2621 3520 2676 de
3542 2623 3742 2692 quibus
3765 2623 3901 2678 Eac-

2296 2709 2437 2764 chiel
2467 2711 2576 2764 ait:
2606 2709 2672 2762 Et
2694 2710 2810 2763 dedi
2839 2711 2976 2764 vobis
3005 2720 3258 2781 prwcepta
3279 2728 3378 2764 non
3401 2710 3531 2766 bona
3551 2712 3774 2783 (Eseclt.
3803 2714 3898 2770 20.

2295 2802 2408 2872 25).
2438 2802 2584 2856 Talia
2606 2818 2735 2872 ergo
2766 2803 3058 2872 respiciens
3086 2803 3239 2868 dixit,
3273 2801 3438 2856 Verba
3457 2804 3590 2857 vita.
3614 2805 3725 2860 Sed
3742 2823 3899 2877 repu-

2294 2894 2484 2957 lerunt,
2503 2905 2550 2947 et
2569 2896 2730 2948 aversi
2751 2905 2867 2948 sunt
2883 2895 3118 2948 cordibus
3137 2899 3243 2949 suis
3261 2895 3312 2948 in
3327 2894 3660 2967 /Egyptum,'
3694 2898 3783 2952 ubi
3816 2901 3897 2953 in-

2293 2986 2660 3055 gemiscebant
2678 2987 2714 3051 ',
2738 2987 2824 3041 ubi
2843 2987 3162 3053 clamabant,
3195 2987 3335 3044 unde
3355 2989 3521 3044 Deum
3541 2990 3890 3044 invocabant.

2296 3075 2364 3130 Et
2387 3078 2616 3131 dicebant
2652 3079 2840 3131 Aaroni
2861 3093 2880 3130 :
2911 3077 3018 3132 Fac
3035 3078 3176 3133 nobis
3197 3081 3336 3144 deos,
3355 3082 3440 3152 qui
3462 3082 3753 3150 precedant
3777 3100 3890 3138 nos.

2364 3170 2419 3224 2.
2461 3170 2766 3224 Judteorum
2804 3170 3260 3240 insipientia.—O
3305 3171 3704 3242 insipientiam!
3756 3172 3892 3238 Fac,

2294 3262 2558 3333 inquiunt,
2606 3271 2661 3315 ut
2701 3265 2987 3331 prtecedant
3022 3278 3134 3315 nos.
3173 3262 3326 3329 Quo?
3354 3262 3408 3316 In
3440 3262 3755 3332 Egyplum.
3802 3264 3895 3318 Vi-

2293 3355 2435 3418 den',
2465 3370 2622 3424 quant
2649 3369 2790 3425 mgre
2816 3353 3174 3409 avellerentur
3199 3369 3228 3407 a
3261 3355 3500 3409 moribus
3521 3354 3894 3426 .Egyptiacis?

2291 3445 2428 3512 Quid
2461 3445 2638 3500 dicis?
2675 3461 2779 3498 non
2825 3454 3104 3514 exspectas
3145 3461 3266 3499 cum
3306 3446 3393 3515 qui
3436 3455 3488 3500 te
3527 3445 3750 3513 eduxit;
3794 3448 3891 3502 scd

2294 3550 2456 3604 negas
2496 3535 2835 3599 beneﬁcium,
2869 3545 2922 3590 et
2964 3549 2994 3589 a
3044 3534 3386 3590 benefactore
3424 3535 3600 3606 fugis?
3638 3537 3701 3589 Et
3745 3538 3891 3604 vide,

2291 3628 2562 3699 quomodo
2604 3629 2925 3683 contumelia
2958 3627 3215 3683 afﬁciunt.
3262 3625 3466 3698 Moyses
3494 3629 3627 3682 enim
3663 3629 3766 3696 hic,
3803 3630 3892 3682 in-

2289 3719 2497 3789 quiunt,
2529 3720 2618 3792 qui
2644 3721 2820 3773 eduxit
2846 3736 2936 3773 nos
2964 3721 3027 3774 de
3052 3730 3186 3773 terra
3214 3717 3453 3789 Afgypti.
3479 3718 3754 3787 Nusquam
3794 3721 3890 3776 Dei

2291 3827 2506 3876 nomen,
2540 3812 2633 3865 sed
2662 3811 2840 3864 omnia
2879 3811 3047 3882 Moysi
3078 3809 3406 3865 adscribunt.
3442 3811 3504 3864 Et
3533 3826 3654 3866 cum
3686 3815 3893 3882 gratias

2290 3919 2448 3972 agere
2472 3912 2765 3972 Oporterct,
2799 3903 3035 3973 Moysem
3064 3901 3116 3956 in
3150 3902 3384 3956 medium
3415 3903 3686 3957 adducunt
3715 3921 3728 3957 :
3763 3920 3890 3959 cum

2288 4003 2466 4048 autem
2497 3993 2598 4062 legi
2618 3991 2975 4047 obedicndum
3002 4001 3134 4052 erat,
3161 4007 3264 4045 non
3284 3993 3653 4064 jamhloysem
3679 4009 3892 4048 memo-

2288 4095 2428 4140 rant.
2463 4085 2622 4152 Atqui
2657 4085 2885 4148 dixerat,
2932 4098 2991 4138 se
3027 4083 3340 4150 ascendere,
3373 4093 3430 4137 ut
3459 4083 3629 4154 legem
3665 4087 3889 4155 accipe-

2287 4186 2368 4231 rct
2393 4191 2407 4241 ;
2440 4176 2515 4231 illi
2550 4191 2676 4230 vero
2698 4191 2766 4231 ne
2795 4192 2890 4246 per
2919 4174 3268 4246 quadraginta
3300 4175 3513 4246 quidem
3541 4176 3657 4231 dies
3685 4192 3890 4247 exspe-

2286 4276 2519 4321 ctarunt.
2570 4265 2677 4318 Fac
2712 4267 2853 4320 nobis
2884 4267 3024 4318 deos.
3060 4264 3178 4319 Non
3221 4266 3489 4334 dixerunt,
3530 4267 3720 4331 Deum,
3762 4270 3884 4335 sed,

2288 4356 2422 4411 Deos
2449 4373 2467 4410 :
2489 4357 2568 4410 sic
2591 4355 3078 4421 debacchabantur,
3103 4365 3160 4409 ut
3180 4356 3448 4411 nescirent
3467 4357 3589 4428 quid
3613 4358 3882 4418 dicen-nt.

2287 4448 2355 4503 Et
2377 4455 2600 4522 fecerunt
2622 4449 2834 4502 uitulum
2855 4449 2905 4501 in
2921 4449 3095 4502 diebus
3117 4449 3238 4516 illis,
3262 4458 3309 4502 et
3325 4450 3606 4503 obtulerunt
3627 4451 3887 4520 sacrificia

2285 4543 2443 4597 idolo.
2479 4541 2721 4596 Vidlstin‘
2749 4541 3107 4610 insipientiam
3153 4531 3466 4611 ingentem?
3497 4536 3592 4596 Ubi
3631 4548 3886 4613 apparuit

2288 4635 2429 4689 Deus
2453 4634 2636 4706 Moysi,
2671 4635 2722 4687 hi
2752 4635 2974 4688 vitulum
3004 4633 3282 4692 faciunt,ct
3312 4634 3611 4688 immolant.
3640 4635 3705 4687 Et
3728 4634 3884 4689 icta-

2285 4728 2486 4793 bantur,
2513 4726 2704 4796 inquit,
2728 4726 2780 4779 in
2806 4725 3039 4795 aperibus
3061 4741 3301 4777 manuum
3329 4741 3558 4777 suarum.
3588 4725 3664 4780 De
3683 4728 3885 4796 quibus

2283 4819 2603 4874 erubescere
2629 4817 2929 4887 oportebat,
2960 4815 3296 4870 lmtabantur.
3332 4815 3399 4869 Et
3423 4816 3549 4886 quid
3582 4818 3799 4882 mirum,
3835 4821 3881 4875 si

2284 4911 2542 4980 ignoratis
2577 4910 2872 4972 Christum,
2915 4908 3131 4978 quando
3166 4917 3217 4962 et
3256 4907 3494 4978 Moysem
3541 4910 3799 4978 ignoratis
3826 4928 3883 4969 et

2284 5002 2472 5068 Deum,
2490 5011 2583 5057 'tot
2607 5003 2774 5069 signis
2798 5000 3134 5055 cxhibitum?
3161 4999 3238 5054 llli
3269 5015 3399 5056 vero
3429 5017 3533 5056 non
3563 5003 3880 5069 ignorarunt

2281 5094 2462 5160 modo,
2494 5094 2587 5149 sed
2613 5103 2668 5149 ct
2693 5093 2985 5146 aliomodo
3023 5096 3345 5147 contumelia
3388 5094 3702 5154 aﬁeceruut,
3747 5095 3877 5150 dum

2281 5188 2418 5243 idola
2450 5188 2707 5242 faccrcnl.
2739 5185 2994 5240 Convertit
3020 5197 3186 5240 autem
3225 5187 3388 5251 Deus,
3433 5197 3479 5240 et
3506 5188 3718 5242 tradidit
3757 5190 3877 5244 illos

2277 5281 2463 5334 servire
2491 5279 2684 5333 militia:
2712 5278 2841 5332 cwli.
2885 5279 3018 5332 llinc
3054 5294 3231 5332 mores
3263 5277 3356 5342 illi,
3400 5276 3524 5332 hinc
3562 5278 3824 5334 sacriﬁcia
3851 5316 3867 5336 ο

2277 5375 2373 5444 ipsi
2406 5375 2632 5442 primum
2663 5371 2818 5425 idolis
2835 5370 3222 5424 sacriﬁcarunt.
3248 5369 3359 5423 lloc
3374 5369 3680 5439 signiﬁcans
3703 5369 3873 5424 David

2275 5467 2400 5519 dicit
2435 5485 2448 5518 :
2484 5465 2549 5517 Et
2593 5469 2818 5532 fecerant
2860 5464 3069 5516 uitulum
3110 5464 3162 5514 in
3201 5461 3416 5527 Cltoreb,
3445 5473 3490 5515 et
3530 5464 3875 5518 adoravernsst

2275 5558 2507 5627 sculptile
2539 5554 2709 5627 (Psat.
2742 5554 2863 5611 105.
2897 5554 3008 5625 19).
3047 5552 3180 5609 Nam
3215 5555 3442 5608 antehac
3483 5570 3745 5625 nusquam
3784 5570 3872 5610 sa-

2339 5737 2354 5768 ¹
2383 5735 2518 5796 Haec,
2547 5732 2626 5785 ubi
2647 5728 3036 5795 injcmiscebanl,
3062 5729 3242 5783 desiuit
3265 5732 3314 5780 in
3337 5743 3436 5780 uno
3459 5730 3579 5784 Cod.
