4068 6450
193 484 300 541 137

191 598 384 653 criﬁcii
426 611 648 660 nomen,
695 594 791 649 sed
825 600 1090 663 prmt'tt‘pla
1125 591 1263 654 viva,
1297 595 1351 641 et
1388 585 1597 654 eloquia
1642 583 1759 636 viva
1794 598 1805 631 .-

192 705 461 760 nnsquam
495 688 850 745 initiationes,
877 684 970 738 sed
997 683 1254 736 miracula
1289 691 1341 734 et
1368 679 1518 748 signa
1548 676 1806 732 exhibita.

190 783 346 837 Sicut
376 784 619 851 scriptum
652 790 726 833 est
761 781 811 832 in
857 777 985 830 libro
1018 778 1403 845 praphetarum.
1441 772 1539 825 llic
1572 770 1805 823 testimo-

189 875 343 928 nium
379 890 482 927 non
519 874 639 927 sine
683 885 841 925 causa
881 868 1117 933 adducit,
1165 864 1261 921 sed
1306 874 1362 919 ut
1401 862 1653 918 ostendat
1702 876 1808 914 non

183 983 315 1024 esse
348 967 628 1022 sacriﬁciis
665 980 822 1035 opus.
854 964 919 1018 Et
951 962 1090 1025 vide,
1124 961 1249 1028 quid
1280 958 1444 1013 dicat.
1487 956 1627 1010 Num
1669 954 1810 1007 victi-

184 1078 304 1116 mas
331 1071 378 1115 et
406 1060 663 1127 sacriﬁcia
693 1057 944 1111 obtulistis
976 1055 1101 1109 milii
1140 1055 1193 1107 in
1227 1052 1423 1105 deserto
1468 1048 1810 1118 quadraginta

185 1154 344 1208 anuis
361 1154 387 1207 ?
416 1152 479 1205 Et
505 1133 773 1219 accepistis
803 1149 1192 1203 tabernaculum
1218 1144 1445 1207 .ilolocli,
1474 1154 1517 1196 et
1543 1142 1685 1194 sidus
1712 1139 1811 1194 Dei

185 1249 343 1303 vestri
391 1244 697 1316 Rempltan,
742 1243 936 1312 ﬁguras
979 1256 1105 1309 quas
1150 1237 1379 1309 fecistis,
1424 1244 1478 1288 ut
1527 1233 1810 1288 adorarrtis

185 1361 297 1400 eas.
328 1343 464 1398 Cum
490 1340 734 1411 emphasi
768 1340 1038 1408 loquitur;
1068 1339 1169 1391 hoc
1197 1350 1325 1390 vero
1355 1332 1623 1403 significat
1653 1348 1665 1383 :
1691 1329 1805 1383 Non

186 1436 420 1507 potestis
472 1434 677 1498 dicere,
730 1448 824 1485 vos
880 1430 1021 1500 quod
1069 1429 1197 1482 mihi
1250 1423 1650 1485 sacriﬁcat-etis,
1701 1421 1809 1475 illis

186 1532 353 1585 etiam
386 1527 808 1589 sacriﬁcavisse;
855 1534 911 1579 et
952 1524 1052 1577 hoc
1082 1524 1133 1576 in
1178 1521 1416 1585 deserto,
1442 1518 1548 1571 ubi
1577 1515 1809 1570 maxime

188 1626 298 1679 illis
338 1622 681 1693 prmsidehat.
727 1618 795 1673 Et
841 1618 1106 1687 accepistis
1144 1612 1529 1669 tabernaculum
1578 1608 1803 1663 Molorh.

187 1718 258 1772 Et
304 1717 419 1770 haec
461 1715 561 1769 fuit
605 1727 767 1768 causa
813 1710 1224 1766 sacriﬁciorum.
1269 1705 1332 1760 Et
1378 1707 1684 1775 transferam
1724 1717 1811 1754 vos

186 1810 328 1862 ultra
356 1805 687 1878 Babylonem.
725 1804 813 1859 Sic
854 1812 909 1857 et
947 1800 1230 1871 Captivitas
1274 1797 1547 1852 accusatio
1589 1793 1809 1848 malitia:

186 1910 293 1955 cst.
329 1899 389 1953 Et
434 1897 729 1968 quomodo,
773 1895 1014 1964 inquies,
1056 1902 1175 1947 erat
1219 1887 1628 1944 Tabernaculum
1670 1885 1811 1937 testi-

186 1994 351 2047 monii
371 1994 395 2046 ?
415 1992 536 2046 Ideo
568 2000 705 2053 erat,
730 1998 785 2043 ut
817 1999 1007 2043 testem
1042 1986 1301 2040 haberent
1332 1985 1525 2037 Deum.
1561 1981 1723 2051 Igitur
1744 1978 1808 2032 ad

187 2087 296 2141 hoc
322 2087 497 2141 solum
530 2093 667 2137 erat.
708 2082 1008 2138 Secundum
1048 2084 1289 2149 formam,
1340 2077 1526 2145 inquit,
1572 2089 1686 2144 quw
1722 2073 1809 2126 tibi

184 2189 469 2235 monstrata
516 2178 614 2247 fuit
657 2179 709 2231 in
749 2184 937 2229 monte.
989 2173 1254 2242 ltaquein
1298 2181 1480 2225 monte
1518 2167 1809 2236 descriptio

187 2276 329 2331 facta
357 2283 441 2330 est
470 2291 482 2327 :
516 2284 572 2327 et
602 2272 706 2326 hoc
738 2273 787 2325 in
818 2270 1034 2325 deserto
1078 2265 1585 2324 circmnl‘crebatur,
1627 2276 1724 2315 nec
1754 2260 1805 2313 in

185 2367 443 2439 quopiam
478 2365 597 2419 loco
625 2363 899 2417 manebat.
932 2357 1362 2414 Tabernaculum
1394 2370 1523 2408 vero
1557 2353 1804 2408 testimo-

189 2462 262 2515 nii
296 2468 475 2525 vocat,
526 2472 632 2511 non
677 2455 777 2508 alia
820 2456 887 2508 de
926 2467 1109 2515 causa,
1155 2466 1317 2521 quam
1353 2448 1424 2501 ob
1465 2444 1721 2501 miracula
1754 2452 1808 2499 et

188 2562 483 2625 praecepta.
519 2550 772 2605 Attamen
804 2562 902 2602 nec
936 2546 1088 2612 illud,
1122 2560 1221 2599 nec
1248 2544 1321 2598 illi
1349 2540 1606 2610 templum
1637 2538 1807 2591 halic—

186 2648 338 2714 haut.
373 2646 516 2714 Ergo
546 2642 769 2713 ﬁguram
812 2640 958 2694 illam
989 2639 1209 2709 angelm
1254 2636 1497 2692 dederat.
1543 2630 1717 2702 Usque
1742 2629 1810 2681 ml

185 2739 296 2793 dies
328 2736 512 2803 David,
538 2736 727 2804 inquit.
761 2733 945 2803 Itaque
977 2746 1148 2801 usque
1171 2729 1235 2783 ad
1272 2738 1484 2796 tempus
1515 2724 1642 2780 illud
1675 2733 1810 2777 tem-

186 2831 339 2901 plum
370 2844 476 2882 non
522 2838 657 2889 erat,
703 2824 913 2880 etiamsi
943 2832 1131 2894 gentes
1168 2822 1414 2890 expulsm
1462 2820 1706 2877 fuissent,
1742 2815 1809 2870 de

186 2923 386 2993 quibus
416 2921 490 2974 ait
520 2938 531 2973 :
571 2925 712 2986 Quas
741 2918 933 2987 expulit
974 2915 1112 2969 Deus
1139 2931 1170 2968 a
1208 2914 1340 2985 facie
1368 2921 1572 2982 patrum
1610 2917 1811 2962 nostro-

184 3032 326 3069 rum.
352 3013 467 3068 lloc
495 3026 622 3065 vero
640 3011 792 3074 dixit,
819 3009 1013 3065 iterum
1034 3006 1351 3071 ostendens,
1382 3002 1619 3058 nondum
1645 2999 1811 3054 fuisse

189 3103 475 3173 templum.
507 3104 643 3169 Quid
670 3102 826 3156 dico?
854 3111 929 3155 tot
962 3098 1241 3163 miracula,
1276 3106 1333 3152 et
1371 3109 1633 3166 nusquam
1668 3102 1809 3147 tem-

187 3196 383 3269 plum?
423 3195 515 3250 Sic
566 3205 620 3249 et
667 3196 896 3263 primum
950 3191 1379 3252 tabernaculum,
1434 3197 1487 3243 et
1540 3198 1807 3254 nusquam

188 3291 475 3360 templum.
516 3288 578 3342 Et
605 3287 778 3357 petiit,
812 3297 865 3341 ut
898 3284 1167 3341 inveniret
1204 3284 1431 3353 gratiam
1460 3296 1642 3335 coram
1677 3278 1805 3332 Deo.

188 3383 372 3444 Pctiit,
406 3390 459 3435 et
487 3397 593 3435 non
622 3378 905 3434 aediﬁcavit
933 3397 946 3432 :
984 3379 1054 3431 ita
1086 3392 1191 3431 non
1236 3391 1487 3445 magnum
1536 3371 1807 3443 quidpiam

186 3485 310 3531 erat
352 3475 609 3543 templum
634 3515 648 3537 ,
691 3458 901 3528 etiamsi
946 3472 1165 3542 quidam
1213 3484 1464 3540 magnum
1504 3466 1811 3538 putaverint

186 3585 312 3625 esse
336 3568 705 3625 Salomonem,
729 3564 869 3634 quod
896 3564 1155 3633 templum
1180 3560 1544 3622 a-diﬁcaverit,
1573 3559 1661 3627 qui
1688 3557 1809 3611 ideo

189 3661 345 3715 illum
377 3658 516 3727 patri
543 3658 913 3727 praetulerunt.
945 3654 1097 3723 Quod
1130 3638 1309 3709 autem
1344 3667 1448 3706 nou
1480 3650 1635 3705 fuerit
1658 3660 1811 3719 patre

189 3752 407 3819 melior,
438 3752 547 3804 imo
569 3766 745 3819 neque
767 3765 861 3819 par
895 3749 988 3812 illi,
1016 3748 1108 3803 sed
1139 3757 1341 3801 tantum
1363 3761 1426 3799 ex
1453 3742 1809 3813 quorumdam

189 3844 472 3914 opinione,
506 3842 555 3897 id
597 3842 836 3897 declarat
864 3842 943 3895 sic
968 3856 1196 3912 pergens
1227 3857 1238 3892 :
1273 3839 1379 3893 Sed
1423 3839 1713 3891 Altissimus
1759 3836 1811 3888 in

192 3938 505 4008 mauufactis
548 3953 649 3989 non
689 3936 904 4001 habitat,
954 3936 1083 3989 sicut
1130 3934 1379 4005 propheta
1418 3932 1539 3985 dicit
1571 3947 1588 3985 .'
1620 3931 1811 3985 Caelum

193 4030 319 4083 mihi
346 4027 491 4082 sedes
524 4036 595 4081 est
618 4043 633 4087 ;
668 4036 801 4080 terra
828 4034 996 4079 autem
1023 4025 1299 4079 scabellum
1341 4024 1531 4093 pedum
1559 4038 1806 4075 meorum.

189 4121 380 4190 Neque
409 4120 555 4175 cnim
589 4118 705 4173 haec
738 4118 849 4172 Deo
867 4119 1022 4187 digna
1052 4128 1197 4181 sunt,
1231 4125 1414 4185 utpote
1442 4115 1601 4180 facta,
1629 4124 1812 4182 utpote

193 4228 386 4269 manus
416 4213 535 4282 ejus
554 4227 739 4282 opera.
773 4211 928 4277 Vide,
961 4211 1234 4280 quomodo
1267 4210 1387 4263 illos
1418 4208 1674 4279 paulatim
1700 4208 1811 4261 eri-

190 4315 303 4378 gat.
323 4303 732 4360 Ostenditenim
754 4320 851 4374 per
872 4302 1211 4372 prophetam,
1244 4300 1522 4371 indignum
1550 4316 1669 4355 esse
1699 4303 1813 4355 tunc

194 4398 265 4452 de
294 4397 403 4451 Deo
433 4397 638 4450 dicere.
670 4395 738 4449 Et
761 4410 864 4465 qua
891 4394 959 4449 de
999 4408 1182 4457 causa,
1227 4394 1460 4463 inquies,
1498 4393 1585 4448 hic
1614 4393 1815 4447 acriter

194 4489 471 4556 loquitur?
518 4488 678 4542 Multa
719 4487 894 4541 inerat
940 4486 1193 4556 loquendi
1248 4485 1441 4540 ﬁducia
1488 4486 1755 4540 morituro
1795 4504 1811 4542 :

195 4594 321 4635 nam
342 4590 471 4651 puto
487 4581 634 4634 illum
656 4580 757 4633 hoc
778 4594 993 4649 quoque
1019 4594 1086 4633 ex
1106 4578 1435 4633 revelatione
1455 4578 1695 4632 scivisse.
1720 4578 1810 4633 51.

193 4675 345 4729 llum
375 4675 587 4735 cervice,
623 4685 669 4726 et
699 4672 1066 4726 incircumcisis
1097 4673 1335 4726 cordibus
1366 4682 1409 4724 et
1436 4672 1665 4725 auribus.
1704 4672 1815 4727 Hoc

193 4783 411 4838 quoque
430 4768 804 4837 propheticum
825 4776 930 4833 est,
952 4783 1126 4838 neque
1146 4767 1219 4845 illi
1241 4767 1539 4835 proprium.
1566 4766 1665 4822 Vos
1682 4784 1815 4823 sem-

196 4877 288 4931 per
320 4861 541 4929 Spiritui
569 4870 748 4913 srncto
784 4859 1039 4924 resistitis,
1081 4861 1209 4912 sicut
1253 4869 1423 4929 putres
1452 4862 1623 4925 vestri,
1657 4862 1729 4914 ita
1768 4871 1816 4915 ct

196 4970 304 5007 vos.
333 4952 560 5021 Quando
607 4952 823 5006 nolebat
858 4966 980 5008 esse
1015 4953 1301 5014 sacriﬁcia,
1337 4969 1430 5007 vos
1464 4953 1811 5008 sacriﬁcaba-

195 5058 264 5099 tis
312 5064 324 5106 ;
383 5044 601 5116 quando
656 5046 897 5111 volebat,
930 5061 1144 5102 rursum
1214 5064 1319 5099 non
1384 5045 1812 5113 sacriﬁcabatis;

194 5138 416 5207 quando
462 5137 681 5192 nolebat
721 5138 849 5193 dare
895 5139 1049 5193 vobis
1080 5149 1372 5207 praecepta,
1426 5138 1812 5208 requirebatis;

193 5230 413 5298 quando
459 5231 783 5301 accepistis,
831 5233 1166 5301 neglexistis.
1213 5233 1422 5287 Rursus
1470 5249 1591 5288 cum
1648 5244 1817 5292 staret

197 5324 484 5392 templum,
531 5324 669 5379 idola
713 5324 1006 5387 colebatis;
1039 5325 1256 5393 quando
1299 5326 1409 5379 vult
1453 5326 1571 5381 sine
1613 5329 1816 5397 templo

192 5416 323 5481 coli,
362 5418 694 5471 contrarium
742 5415 935 5471 facitis.
984 5417 1266 5488 Perpende
1300 5437 1312 5472 :
1349 5435 1454 5472 non
1499 5419 1667 5484 dixit,
1703 5420 1817 5476 Deo

192 5509 471 5575 resistitis,
501 5510 618 5571 sed,
649 5509 870 5580 Spiritui
901 5526 919 5563 :
947 5511 1026 5564 sic
1052 5513 1253 5567 nullam
1289 5522 1515 5568 noverat
1556 5514 1815 5570 dill'cren-

194 5603 346 5657 tiam.
381 5602 644 5673 Quodque
680 5605 856 5671 majus
895 5613 996 5669 est,
1043 5606 1191 5660 Sicut
1227 5617 1397 5675 patres
1443 5608 1612 5671 vestri,
1645 5610 1719 5660 ita
1769 5617 1816 5661 et

191 5713 303 5760 vos,
335 5697 527 5768 inquit.
564 5697 638 5751 Ita
661 5706 715 5752 et
743 5697 993 5753 Christus
1017 5698 1399 5769 exprobrabat,
1433 5698 1555 5768 quia
1586 5700 1812 5753 multum

192 5802 415 5858 semper
444 5789 512 5844 de
547 5790 785 5858 patribus
829 5790 1219 5861 gloriabantur.
1254 5790 1343 5845 52.
1381 5791 1545 5856 Quem
1585 5792 1803 5860 prop/un

193 5891 367 5934 larunt
398 5896 501 5934 non
528 5892 643 5935 sunt
676 5888 965 5953 persequuti
992 5894 1159 5953 patres
1188 5886 1338 5939 vestri
1361 5885 1384 5937 ?
1416 5885 1481 5937 Et
1518 5885 1814 5939 occiderunt

191 5988 300 6039 eos,
335 5976 419 6045 qui
448 5978 861 6047 prtenuntiabant
898 5980 957 6032 de
986 5979 1205 6033 adventu
1247 5977 1405 6032 Justi.
1442 5977 1632 6033 Adhuc
1670 5977 1811 6032 .i'asti

1171 475 1232 530 lN
1276 472 1454 527 ACTA
1502 464 2030 527 APOSTOLORUM.
2077 465 2307 521 IIOMIL.
2353 462 2515 521 XVII.

3437 470 3541 528 158

1926 579 2075 645 dicit,
2107 580 2293 634 volens
2326 579 2446 635 illos
2476 582 2858 650 comprimere.
2887 581 3056 655 Cujus
3085 602 3173 641 vos
3202 604 3341 643 nunc
3366 595 3515 659 prodi
3526 622 3543 631 -

1921 681 2054 725 tores
2075 681 2124 725 et
2145 671 2418 725 homicida.-
2439 672 2611 742 fuistis
2662 675 2774 727 Ι)υο
2797 674 2902 730 illis
2932 677 3285 749 improperai,
3318 692 3374 737 et
3398 686 3541 753 quod

1920 764 2238 833 ignorarint,
2292 773 2347 819 et
2396 765 2539 833 quod
2594 766 2915 822 occiderint.
2968 770 3060 826 55.
3122 772 3228 840 Qui
3273 778 3542 845 acrepistis

1920 857 2081 941 legem
2124 874 2215 927 per
2254 858 2614 929 dispositiones
2641 863 2961 931 angelorum,
3003 876 3051 919 ct
3090 882 3195 922 non
3225 870 3536 928 custodistis.

1993 949 2048 1004 5.
2091 949 2229 1016 Quid
2256 963 2340 1006 est
2389 952 2569 1006 hoc‘?
2622 954 2852 1021 Quidam
2900 968 3093 1027 putant
3140 961 3315 1031 ipsum
3360 963 3541 1021 dicere

1922 1040 2094 1110 legem
2123 1042 2191 1096 ab
2220 1043 2428 1111 angelis
2460 1043 2629 1100 fuisse
2650 1046 2994 1117 dispositam.
3025 1053 3093 1106 At
3130 1069 3219 1109 res
3246 1069 3353 1111 non
3389 1059 3460 1112 ita
3481 1073 3542 1113 se

1922 1132 2080 1188 habet
2116 1153 2129 1188 :
2164 1136 2250 1190 ubi
2282 1151 2513 1208 namque
2540 1139 2718 1209 angrli
2752 1140 2848 1195 visi
2881 1154 3009 1198 Sltnl.
3040 1146 3213 1217 legem
3245 1150 3543 1206 ordinare?

1921 1225 2015 1280 sed
2043 1225 2359 1296 dispositam
2395 1230 2569 1299 legem
2598 1231 2765 1299 dicit;
2820 1233 2871 1290 id
2904 1245 3007 1301 εει,
3042 1240 3290 1295 traditam
3340 1243 3414 1297 illi
3448 1260 3544 1313 per

1918 1320 2192 1389 angelum,
2221 1324 2309 1392 qui
2337 1325 2589 1392 apparuit
2621 1326 2693 1381 illi
2720 1330 2770 1381 in
2802 1330 2959 1387 rubo.
2987 1331 3175 1390 Nonne
3204 1334 3367 1393 homo
3390 1343 3541 1396 erat?

1918 1411 2061 1467 Nihil
2089 1429 2219 1485 ergo
2266 1418 2461 1471 mirum
2490 1430 2595 1482 Cal,
2624 1436 2719 1475 eos
2765 1425 2855 1492 qui
2909 1426 2997 1479 illa
3048 1426 3310 1495 fecerant,
3343 1444 3393 1488 et
3427 1435 3544 1492 lure

1922 1506 2135 1562 fecisse.
2163 1509 2220 1565 Si
2248 1514 2634 1570 ammntiautes
2664 1517 2812 1570 illum
2844 1514 3142 1589 occidistis,
3176 1527 3346 1581 inulto
3373 1533 3544 1601 magis

1923 1599 2120 1667 ipsum.
2158 1600 2253 1656 llic
2302 1602 2426 1656 illos
2458 1615 2512 1658 et
2548 1607 2676 1672 Ι)ι·0,
2711 1620 2760 1663 ει
2814 1614 3042 1680 angi-lis,
3071 1626 3124 1668 et
3159 1599 3544 1690 prophetis—et

1918 1691 2175 1762 Spiritui,
2228 1704 2283 1750 et
2329 1700 2582 1753 omnibus
2636 1701 3013 1761 inobcdicntes
3058 1713 3343 1768 ostendit:
3391 1726 3445 1769 ut
3487 1730 3543 1773 et

1920 1786 2043 1840 alibi
2078 1788 2153 1839 ait
2197 1787 2520 1858 Scriptura:
2566 1793 2807 1861 Domine,
2854 1802 3132 1869 pl'OpIIcllls
3182 1814 3298 1860 tuos
3339 1810 3542 1863 occide-

1919 1889 2059 1945 runt,
2092 1889 2138 1933 et
2169 1879 2357 1934 altaria
2386 1894 2475 1936 tua
2503 1886 2857 1942 subverterqu
2900 1892 2978 1962 (5.
3027 1894 3153 1966 Ilcg.
3188 1896 3274 1953 l9.
3320 1901 3431 1970 10).
3464 1904 3539 1957 Ilii

1922 1975 2083 2039 igitur
2111 1975 2294 2042 specie
2348 1986 2554 2031 tantmn
2609 1980 2780 2051 legem
2826 1996 3099 2053 cumules,
3131 1989 3426 2049 dicebant;
3480 1997 3542 2051 In

1921 2062 2153 2160 dloysem
2205 2066 2542 2138 blusp/iemat.
2579 2072 2671 2153 Ille
2718 2091 2848 2130 vero
2888 2080 3128 2151 ostendit
3177 2080 3323 2153 ipsos
3374 2090 3543 2160 magis

1920 2156 2318 2229 blasphemare,
2353 2179 2457 2217 non
2514 2166 2690 2221 solum
2744 2170 2795 2221 in
2828 2169 3087 2241 Moysen),
3125 2176 3219 2230 sed
3272 2180 3435 2235 etiam
3465 2156 3540 2237 vin

1922 2250 2116 2317 Deum,
2147 2264 2200 2307 et
2224 2254 2334 2321 jam
2366 2257 2492 2310 olim
2523 2258 2645 2313 illos
2671 2261 2795 2315 talia
2826 2262 3039 2331 fecisse,
3074 2276 3130 2322 et
3156 2270 3399 2327 instituta
3433 2278 3542 2329 sol~

1920 2346 2099 2410 visse;
2148 2364 2323 2418 neque
2352 2350 2457 2404 illis
2484 2352 2619 2406 ultra
2654 2370 2791 2423 opus
2833 2372 2995 2413 esse:
3037 2360 3183 2429 ipsos
3226 2364 3373 2430 item,
3412 2368 3540 2423 dum

1919 2451 1979 2491 sc
2005 2448 2348 2503 accusarent,
2381 2443 2524 2511 quod
2557 2444 2725 2516 Moysi
2756 2460 2900 2502 esset
2951 2456 3283 2520 contrarius,
3317 2458 3539 2529 Spiritui

1919 2540 2108 2584 sancto
2152 2532 2456 2599 obsistere;
2519 2539 2792 2605 nequeid
2841 2542 3180 2615 simpliciter,
3235 2551 3329 2605 sed
3378 2555 3464 2607 eti.
3490 2571 3539 2609 ιιι

1919 2639 2040 2677 cum
2060 2624 2240 2691 crde;
2269 2636 2321 2680 et
2345 2626 2436 2681 diu
2466 2638 2624 2683 antea
2654 2632 2964 2690 inimicitias
2985 2653 3301 2699 exercuere.
3332 2646 3539 2716 Viden‘,

1918 2718 2193 2787 quomodo
2226 2721 2346 2776 illus
2372 2724 2623 2778 ostendat
2654 2736 2710 2781 et
2741 2727 2911 2800 Moysi
2956 2742 3011 2786 et
3062 2737 3316 2792 omnibus
3343 2740 3541 2795 adrer-

1919 2823 2123 2875 santes,
2153 2814 2437 2885 legemque
2470 2835 2574 2873 non
2604 2823 2924 2878 SCI'VﬂlllCa?
2957 2808 3119 2896 Atqui
3142 2829 3361 2903 Moyses
3390 2834 3541 2889 dixe—

1918 2911 2046 2957 rat:
2099 2904 2412 2976 I’i'Op/tetmn
2454 2911 2592 2964 vobis
2636 2915 2899 2969 suscitabit
2934 2916 3187 2974 Dominus
3237 2923 3414 2993 (Deut.
3452 2929 3539 2983 18.

1922 2996 2011 3065 18)
2038 3014 2050 3048 :
2082 3007 2133 3051 ct
2165 3001 2252 3052 alii
2290 3006 2430 3055 ltll::C
2458 3015 2744 3059 venturum
2777 3009 3166 3076 prmdixcrunt,
3196 3026 3249 3069 ct
3281 3021 3541 3088 propin-ta

1918 3103 2133 3157 quoque
2164 3091 2254 3160 qui
2288 3092 2420 3147 dicit
2456 3113 2468 3148 :
2519 3096 2737 3161 Qualem
2766 3100 2976 3154 domum
3016 3105 3337 3172 azdi/icubilis
3378 3112 3547 3165 milii!

1920 3178 1987 3233 Et
2035 3182 2251 3246 ilertim,
2311 3182 2579 3255 Numquid
2621 3189 2851 3246 victimas
2893 3203 2940 3246 et
2986 3198 3245 3265 sacriﬁcia
3293 3201 3548 3258 oblulistis

1920 3274 2047 3326 milii
2072 3276 2419 3347 quadraginta
2448 3284 2598 3334 anuis
2616 3283 2641 3335 ?
2672 3282 2798 3338 Ha'c
2825 3295 2941 3339 erat
2973 3286 3163 3344 ﬁducia
3198 3293 3298 3347 viri
3327 3309 3543 3350 crucem

1922 3367 2195 3423 habentis.
2224 3370 2374 3427 Hauc
2403 3382 2457 3426 et
2486 3389 2585 3428 nos
2612 3390 2831 3446 quoque
2862 3378 3159 3448 imitemur,
3193 3385 3407 3442 etiamsi
3440 3406 3547 3442 nth

1920 3462 1991 3516 sit
2016 3461 2141 3517 belli
2171 3471 2408 3534 tempus,
2438 3468 2532 3521 sed
2564 3468 2772 3525 ﬁduciae
2800 3452 3020 3541 semper
3064 3485 3273 3547 tempus
3310 3491 3414 3535 est.
3444 3481 3548 3537 Lo-

1919 3554 2128 3623 quebar,
2162 3556 2355 3625 inquit,
2387 3558 2450 3611 tle
2476 3561 2780 3615 testimoniis
2817 3564 2917 3617 tuis
2948 3566 3001 3617 in
3031 3582 3303 3637 conspectu
3343 3590 3545 3643 regum,

1920 3656 1967 3699 et
2005 3664 2106 3700 non
2130 3649 2485 3719 confundebar
2521 3649 2693 3721 (Psal.
2730 3655 2853 3710 HS.
2879 3651 2996 3725 46).
3024 3658 3077 3712 Si
3108 3676 3238 3731 ergo
3268 3678 3389 3718 cum
3413 3681 3547 3737 gen-

1923 3739 2106 3793 tilibus
2150 3742 2593 3811 congrediamur,
2640 3746 2719 3800 sic
2764 3747 2887 3803 illos
2933 3752 3297 3821 repriniamus
3342 3758 3552 3828 abSque

1922 3830 2021 3891 ira.
2057 3831 2261 3901 absque
2284 3835 2596 3905 asperitate.
2632 3835 2765 3892 Nam
2798 3841 2841 3893 si
2874 3855 2997 3895 cum
3034 3844 3107 3897 ira
3135 3845 3236 3902 hoc
3266 3846 3548 3919 faciamus,

1923 3941 2030 3979 non
2060 3927 2171 3994 jam
2207 3928 2423 3995 ﬁducia,
2452 3931 2546 3986 sed
2584 3934 2764 4002 paSsio
2812 3951 2935 3991 esse
2980 3940 3227 4009 videtur;
3261 3946 3343 3999 sin
3397 3964 3553 4002 Inan-

1922 4030 2095 4085 suete,
2120 4034 2243 4076 vere
2271 4020 2462 4077 ﬁducia
2492 4037 2596 4078 est.
2615 4025 2800 4096 Ncquc
2822 4030 2966 4085 enim
2999 4035 3260 4101 possibile
3282 4048 3368 4094 est
3390 4042 3550 4097 simul

1923 4109 2221 4165 secundum
2277 4114 2524 4169 eamdem
2575 4119 2842 4174 rationem
2896 4122 3128 4193 idipsum
3175 4141 3299 4184 esse
3348 4130 3550 4187 bonum

1923 4216 2059 4271 opus
2082 4210 2135 4256 et
2160 4202 2440 4259 delictum.
2476 4206 2698 4263 Fiducia
2736 4211 2937 4267 bonum
2988 4230 3127 4285 Opus
3154 4228 3257 4285 est,
3288 4220 3367 4276 ira
3414 4223 3551 4279 deli-

1922 4301 2092 4350 ctum.
2125 4299 2353 4365 Uportet
2388 4315 2518 4369 ergo
2550 4316 2673 4355 cum
2708 4302 2904 4359 ﬁducia
2937 4307 3279 4379 loquntur-os,
3309 4329 3337 4367 a
3369 4315 3553 4373 lurore

1924 4384 2127 4441 liberos
2159 4403 2303 4455 esse,
2335 4399 2390 4443 ut
2433 4406 2501 4445 ne
2528 4392 2651 4463 quis
2686 4393 2811 4448 hinc
2846 4399 3007 4452 verba
3066 4402 3337 4470 proﬁcisci
3374 4419 3544 4475 putet.

1924 4480 2149 4535 Etiamsi
2182 4482 2323 4551 ju~ta
2352 4484 2562 4540 dixeris
2601 4502 2722 4542 cum
2775 4489 2981 4559 furore,
3018 4504 3188 4550 totum
3242 4500 3545 4569 perdidisti,

1927 4572 2051 4626 licet
2078 4572 2247 4628 libere
2281 4575 2540 4647 loquaris,
2573 4580 2700 4634 licet
2729 4597 2974 4651 moui-as,
3006 4588 3128 4643 licet
3153 4592 3369 4659 quidvis
3401 4594 3545 4651 aliud

1925 4665 2111 4721 facias.
2148 4667 2302 4723 Hunc
2333 4672 2545 4740 respice
2577 4673 2750 4729 virum
2784 4691 2890 4731 noo
2922 4696 3047 4735 eum
3091 4681 3276 4741 furore
3320 4687 3546 4758 loquen-

1927 4769 2035 4816 tem
2072 4780 2083 4814 :
2118 4778 2292 4832 neque
2335 4766 2481 4819 cnim
2527 4770 2860 4825 contumelia
2892 4773 3092 4841 atlecit,
3125 4778 3218 4831 sed
3270 4779 3377 4833 illis
3428 4799 3553 4852 pro-

1925 4854 2197 4924 pheticum
2248 4870 2557 4913 sermonem
2614 4866 2957 4919 memoravit.
2992 4866 3146 4934 Quod
3196 4873 3339 4926 enim
3395 4876 3550 4930 nullo

1928 4943 2107 4999 ftu'ore
2165 4959 2502 5014 numeretur,
2572 4954 2813 5008 ostendit
2862 4958 3081 5026 quando
3154 4978 3251 5031 pro
3317 4965 3421 5020 illis
3489 4982 3550 5024 sc

1927 5040 2068 5094 male
2100 5041 2488 5109 iinpetemibus
2538 5055 2811 5115 precatus,
2844 5049 2983 5105 dixit
3027 5070 3039 5105 :
3091 5054 3174 5109 Ne
3212 5067 3410 5114 statuas
3443 5063 3550 5116 illis

1928 5134 2022 5187 hoc
2061 5146 2343 5205 peccatum.
2388 5138 2477 5193 Sic
2507 5155 2613 5193 non
2646 5142 2835 5207 iratus,
2867 5146 2961 5200 sed
3006 5162 3103 5217 pro
3134 5151 3254 5206 illis
3269 5153 3463 5210 dolens
3490 5173 3552 5210 ac

1926 5242 2166 5283 moerens
2211 5229 2536 5299 loquebatur
2565 5232 2674 5289 ille.
2723 5235 2853 5289 Ideo
2894 5253 3128 5310 namque
3160 5242 3229 5298 de
3254 5244 3392 5302 facie
3431 5249 3551 5318 ejus

1925 5318 2104 5373 dixit:
2148 5319 2397 5376 Viderunt
2446 5325 2629 5394 faciem
2657 5328 2771 5397 ejus
2807 5338 3067 5400 tamquam
3120 5336 3303 5405 [aciem
3351 5342 3547 5411 angeli,

1925 5421 1985 5466 ut
2016 5412 2136 5466 illos
2168 5413 2519 5470 attraherct’.
2577 5417 2703 5471 Puri
2759 5420 2924 5490 igitur
2954 5423 3023 5478 ab
3057 5424 3137 5480 ira
3183 5427 3373 5483 simus.
3426 5429 3547 5487 Non

1925 5503 2134 5559 habitat
2160 5505 2392 5575 Spiritus
2421 5519 2643 5564 sanctus
2687 5510 2775 5566 ubi
2806 5512 2881 5566 ira
2909 5522 2996 5569 est
3025 5534 3037 5571 :
3069 5517 3391 5576 maledictus
3416 5522 3548 5577 iuri—

1924 5594 2161 5650 bundus.
2212 5595 2329 5651 Non
2358 5608 2536 5668 potest
2563 5615 2758 5657 sanum
2784 5605 2915 5675 quid
2964 5610 3207 5678 prodire,
3236 5628 3360 5668 cum
3394 5613 3548 5669 furor

1924 5691 2224 5762 egreditur.
2248 5691 2383 5748 Nam
2414 5695 2555 5750 sicut
2600 5698 2651 5749 iu
2686 5699 2895 5755 marina
2943 5711 3265 5771 tempestate
3318 5722 3548 5779 magnus

1924 5796 2007 5841 est
2048 5788 2334 5856 tumultus,
2368 5805 2597 5860 magnus
2636 5792 2867 5863 clamor,
2901 5812 2999 5851 nec
3039 5800 3161 5869 quis
3206 5810 3420 5871 tempus
3452 5804 3549 5859 lia-

1990 5929 2005 5958 ³
2043 5926 2162 5976 Hme
2186 5928 2511 5991 interrogatio
2544 5930 2691 5980 deest
2715 5930 2765 5980 in
2799 5946 2899 5982 uno
2922 5933 3039 5985 Cod.

1992 5991 2012 6020 ²
2048 5997 2177 6039 Unus
2202 5991 2315 6040 Cod.
2347 5993 2517 6054 habet,
2540 5992 2613 6043 illi
2638 5997 2925 6059 crederent,
2961 5996 3096 6058 loco,
3123 5997 3234 6051 illos
3255 6002 3525 6057 attrahere:
