4068 6416
636 434 740 492 ίόθ

632 550 804 605 huerit
829 546 893 601 ad
934 540 1419 616 philosophandum
1447 558 1460 595 :
1492 542 1559 594 ita
1590 552 1760 608 neque
1790 539 1839 591 in
1871 535 2068 590 furore.
2098 533 2201 589 Sed

631 644 676 697 si
702 642 877 695 anima
919 637 1047 708 quid
1093 632 1517 707 philosophicum
1550 630 1633 685 vel
1679 629 1821 698 loqui
1869 628 1951 684 vel
1998 627 2206 683 discere

630 733 772 796 velit,
798 730 947 801 quasi
972 729 1021 783 in
1052 736 1205 797 portu
1233 727 1301 781 sit
1330 733 1559 794 oportet.
1590 721 1705 776 Non
1740 719 1907 785 vides,
1937 718 2205 789 quomodo

627 823 695 879 de
729 821 1048 877 necessariis
1092 816 1253 874 rebus
1304 813 1598 885 loquuturi,
1628 813 1742 868 loca
1773 810 1999 865 tumultu
2039 822 2201 863 vacua

624 913 946 985 quazrimus,
977 910 1064 965 ubi
1105 910 1255 979 quies
1302 912 1409 970 sit,
1455 905 1542 959 ubi
1591 902 1980 973 tranquillitas,
2030 908 2088 954 ut
2135 914 2201 953 ne

626 1004 979 1075 repellantur?
994 1002 1143 1069 Quod
1166 1002 1209 1054 si
1228 1006 1480 1053 externus
1499 995 1754 1051 tumultus
1775 992 2018 1063 repellat,
2033 991 2201 1046 multo

626 1098 792 1165 magis
822 1096 1027 1151 interna
1080 1092 1329 1147 turbatio.
1364 1089 1475 1144 Etsi
1526 1094 1774 1158 precetur
1816 1082 1955 1156 quis,
2007 1082 2200 1138 frustra

623 1196 893 1255 precatur,
919 1186 961 1239 si
992 1199 1112 1239 eum
1147 1184 1222 1237 ira
1255 1192 1308 1235 et
1341 1180 1521 1235 furore
1550 1178 1604 1234 id
1632 1178 1825 1233 faciat:
1858 1174 1903 1231 si
1930 1175 2197 1244 loquatur,

622 1276 875 1332 ridiculus
905 1275 1037 1337 erit;
1070 1274 1114 1329 si
1146 1280 1336 1335 taceat,
1370 1269 1652 1334 similiter;
1684 1268 1728 1323 si
1755 1264 2019 1329 comedat,
2039 1266 2198 1320 etiam

618 1372 695 1422 sic
718 1366 961 1431 laeditur;
992 1367 1224 1434 itemque
1252 1363 1294 1417 si
1331 1362 1494 1425 Ιιὶ1›.ιι,
1518 1362 1561 1416 si
1590 1376 1694 1416 non
1719 1360 1882 1419 bibat.
1907 1358 1951 1412 si
1991 1356 2195 1421 sedeat,

620 1464 662 1511 si
709 1467 832 1519 stet,
875 1458 919 1512 si
966 1456 1230 1523 ambulet,
1287 1455 1328 1507 si
1378 1454 1641 1513 dormiat;
1692 1465 1811 1504 nam
1861 1458 1918 1503 et
1962 1448 2011 1502 in
2056 1462 2199 1501 Som-

617 1550 719 1603 niis
752 1548 871 1601 talia
903 1547 1279 1615 imaginantur.
1312 1545 1447 1612 Quid
1480 1546 1531 1597 in
1577 1541 1846 1596 iracundis
1868 1555 1974 1594 non
2005 1538 2195 1607 turpe?

615 1638 766 1693 Oculi
826 1637 1135 1708 injucundi,
1192 1651 1252 1690 os
1302 1636 1624 1697 distortum,
1672 1632 1908 1686 membra
1969 1629 2192 1685 tremula

612 1740 670 1784 et
714 1729 917 1793 inﬂata,
958 1728 1133 1797 lingua
1165 1726 1384 1781 infrenis
1422 1736 1476 1781 et
1527 1722 1724 1778 nemini
1769 1736 2009 1792 parcens,
2044 1734 2195 1775 mens

616 1823 671 1875 in
700 1834 942 1885 excessu,
978 1818 1187 1873 habitus
1219 1817 1491 1882 indecens,
1516 1816 1677 1870 multa
1726 1814 2031 1867 insuavitas.
2062 1812 2195 1868 Vide

613 1911 743 1965 mibi
773 1910 1227 1965 daemoniacorum
1278 1902 1484 1972 oculos,
1528 1915 1583 1961 et
1625 1905 1917 1966 ebriorum,
1946 1913 1999 1958 et
2045 1902 2191 1956 ins-ac

613 2004 892 2068 nientium,
917 2001 1041 2071 quid
1073 2004 1210 2056 inter
1237 2014 1295 2055 se
1326 1999 1619 2053 differunt?
1656 2012 1834 2052 nonne
1858 2005 2020 2049 totum
2047 1994 2193 2049 furor

609 2097 732 2152 est?
760 2095 898 2164 Quid
929 2096 1071 2151 enim
1099 2094 1198 2149 etsi
1228 2092 1295 2149 ad
1327 2103 1536 2163 tempus
1583 2091 1681 2144 hoc
1710 2090 1833 2143 fiat?
1860 2089 1990 2143 Nam
2021 2098 2073 2143 et
2102 2088 2187 2142 in-

606 2190 828 2244 saniens
853 2187 918 2241 ad
944 2197 1153 2257 tempus
1180 2186 1452 2241 detinetur
1477 2202 1489 2238 :
1523 2185 1624 2239 hoc
1660 2193 1838 2238 autem
1865 2182 1994 2253 quid
2036 2182 2187 2237 deteo

607 2278 760 2331 rius?
786 2276 969 2347 Neque
998 2277 1164 2347 pudet
1193 2277 1312 2332 illos
1341 2276 1408 2331 ad
1453 2275 1819 2331 defensionem
1841 2274 2052 2330 dicere:
2083 2273 2187 2329 Ne—

604 2369 837 2424 sciebam
881 2370 1009 2439 quid
1057 2369 1324 2436 dicebam,
1352 2369 1580 2425 aientes.
1633 2367 1702 2422 Et
1744 2381 1839 2422 cur
1887 2366 2185 2431 nesciebas,

602 2461 878 2516 rationalis
920 2470 975 2517 et
1003 2461 1216 2516 ratione
1264 2459 1522 2531 praeditus
1569 2459 1771 2515 homo?
1798 2474 1894 2514 cur
1938 2472 2036 2524 ea,
2069 2474 2189 2528 qua:

606 2555 882 2609 brutorum
915 2563 1058 2620 sunt,
1093 2553 1243 2619 facis,
1276 2555 1411 2609 sicut
1442 2568 1609 2623 equus
1639 2551 1787 2608 ferox
1820 2553 1894 2607 ira
1928 2561 1980 2607 et
2008 2552 2187 2607 furore

600 2644 924 2713 correptus?
966 2645 1087 2699 llaae
1114 2655 1261 2700 certe
1282 2645 1524 2700 defensio
1551 2644 1707 2714 culpa
1737 2660 1841 2698 non
1864 2653 2033 2699 vacat.
2070 2644 2181 2700 Uti-

601 2752 723 2790 nam
756 2736 1027 2801 seivisses,
1047 2752 1166 2807 qua:
1187 2736 1432 2793 dicebasl
1454 2735 1571 2800 Irae,
1606 2736 1833 2806 inquies,
1852 2735 2013 2791 verba
2038 2745 2182 2802 sunt,

602 2843 706 2881 non
738 2842 877 2882 mea.
924 2827 1204 2895 Quomodo
1246 2828 1340 2881 irae
1386 2836 1531 2894 sunt,
1574 2841 1693 2881 cum
1726 2826 1801 2881 ira
1834 2826 2030 2880 nullam
2077 2827 2183 2881 vim

603 2919 815 2985 habeat,
847 2920 948 2974 nisi
978 2935 1007 2974 a
1042 2928 1093 2975 te
1118 2919 1387 2989 accipiat?
1432 2920 1509 2973 Ac
1546 2920 1593 2973 si
1632 2919 1751 2989 quis
1780 2917 2020 2973 diceret:
2054 2916 2178 2972 Vul-

600 3026 727 3064 nera
759 3026 864 3064 non
898 3025 1037 3075 mea,
1064 3010 1159 3065 sed
1203 3024 1392 3063 manus
1422 3025 1555 3064 mea:
1582 3019 1727 3063 sunt.
1756 3008 1851 3065 Cui
1900 3010 1973 3064 rei
2025 3018 2181 3079 putas

600 3103 831 3155 maxime
868 3116 1007 3170 opus
1054 3116 1173 3155 esse
1201 3100 1315 3155 ira?
1358 3116 1535 3155 nonne
1576 3100 1713 3155 bello
1756 3109 1811 3155 et
1839 3102 2065 3169 pugnae?
2113 3103 2182 3156 At

598 3194 666 3245 ibi
694 3195 873 3256 etiam,
896 3193 938 3245 si
961 3192 1087 3261 quid
1116 3208 1237 3246 cum
1266 3192 1339 3246 ira
1368 3192 1481 3257 fiat,
1512 3202 1677 3245 totum
1704 3191 1860 3260 periit
1885 3201 1938 3246 et
1966 3206 2178 3261 pessum

587 3283 745 3337 abiit.
777 3283 908 3337 Nam
939 3284 1296 3353 pugnantibus
1327 3288 1557 3337 maxime
1580 3285 1832 3339 convenit
1861 3279 1966 3337 non
1996 3284 2175 3351 irasci,

596 3377 704 3427 imo
725 3391 823 3429 nec
851 3377 933 3440 iis,
954 3377 1041 3444 qui
1064 3374 1441 3431 contumeliam
1468 3373 1703 3429 inferunt
1723 3376 1974 3430 convenit
1996 3375 2171 3429 irasci.

593 3467 667 3519 Et
718 3468 985 3534 quomodo
1032 3465 1377 3536 pugnandum
1440 3476 1563 3529 est,
1625 3466 1875 3535 inquies?
1924 3466 2171 3535 Ratione,

595 3555 1004 3610 mansuetudine
1036 3575 1048 3609 :
1078 3564 1349 3610 certamen
1378 3555 1520 3609 enim
1552 3565 1634 3610 est
1661 3571 1727 3609 ex
1756 3555 1982 3611 adverso
2008 3569 2170 3612 Stare.

592 3646 782 3700 Annon
828 3646 977 3701 vides
1005 3646 1120 3701 hzcc
1162 3647 1299 3701 bella
1349 3646 1495 3715 lege,
1522 3646 1711 3701 ordine
1740 3655 1797 3701 et
1845 3648 2175 3717 temporibus

584 3738 847 3793 definita?
892 3738 972 3793 lra
1016 3740 1157 3794 enim
1201 3739 1329 3793 nihil
1362 3738 1505 3792 aliud
1531 3748 1617 3793 est
1656 3754 1815 3809 quam
1849 3740 2173 3796 irrationalis

587 3830 854 3899 impetus;
906 3830 1230 3885 irrationalis
1285 3840 1463 3885 autem
1511 3828 1642 3885 nihil
1692 3840 1870 3900 potest
1913 3832 2171 3889 rationale

586 3924 784 3979 facere.

658 4020 710 4071 5.
751 4019 907 4072 Certe
938 4018 1021 4071 hic
1054 4018 1173 4071 talia
1204 4017 1534 4088 loquebatur,
1569 4032 1665 4071 nec
1689 4018 2035 4072 irascebatur.
2064 4016 2167 4071 He-

589 4113 685 4165 lias
711 4126 838 4174 vero
865 4111 1106 4164 dicebat:
1136 4110 1408 4179 Quousque
1431 4108 1729 4162 claudicatio
1750 4117 1958 4177 utroque
1979 4108 2169 4179 poplite

586 4212 746 4255 restro
765 4203 839 4271 (3.
870 4200 1105 4271 lleg.18.
1135 4200 1262 4270 2|)?
1286 4216 1383 4255 nec
1408 4200 1755 4255 irascebatur.
1786 4200 2012 4256 Phinees
2041 4202 2166 4256 item

582 4292 861 4347 occidebat
894 4292 1079 4363 (Nam.
1112 4292 1226 4363 25),
1271 4302 1323 4346 et
1370 4307 1475 4345 non
1521 4292 1868 4348 irascebatur.
1913 4293 1991 4347 lra
2023 4293 2164 4348 enim

584 4403 690 4439 non
723 4386 851 4440 sinit
880 4386 1082 4451 videre,
1113 4385 1205 4440 sed
1238 4386 1486 4439 omnibus
1514 4386 1662 4455 quasi
1692 4387 1743 4439 in
1774 4395 2031 4441 nocturna
2063 4402 2164 4456 pu-

586 4493 686 4550 gna
718 4478 913 4548 ligatis,
946 4478 1126 4531 oculos
1156 4486 1209 4532 et
1237 4492 1395 4532 aures
1438 4460 1599 4531 trahit
1641 4492 1747 4546 quo
1791 4478 2039 4533 voluerit.
2082 4478 2165 4533 Ab

586 4569 686 4624 hoc
717 4582 846 4638 ergo
872 4568 1114 4622 dwmene
1146 4568 1458 4633 liberemur;
1486 4567 1829 4637 incipientem
1852 4568 1998 4621 illum
2015 4582 2163 4622 com-

583 4676 892 4730 pescantus;
919 4660 1149 4729 sigillum
1176 4662 1372 4729 pectori
1402 4674 1727 4727 apponamus
1752 4661 1899 4729 quasi
1928 4660 2159 4714 frenum.

582 4754 739 4807 Canis
772 4746 1052 4823 impudens
1082 4764 1164 4807 est
1202 4753 1317 4806 ira:
1351 4751 1442 4807 sed
1466 4751 1643 4805 discat
1669 4751 1853 4806 audire
1885 4751 2077 4821 legem.
2106 4751 2161 4806 Si

582 4849 650 4899 sit
675 4847 822 4899 canis
851 4848 900 4900 in
930 4854 1174 4901 armento
1206 4846 1278 4899 ira
1326 4845 1495 4909 ferox,
1531 4853 1587 4897 ut
1617 4844 1849 4898 bubulco
1880 4844 2159 4911 imperanti

581 4954 685 4990 non
720 4946 923 5007 pareat,
944 4952 1039 4992 nec
1068 4938 1183 5005 ejus
1208 4952 1388 4991 vocem
1412 4946 1687 5007 agnoscat,
1705 4938 1882 4991 omnia
1913 4946 2158 5005 pereunt.

581 5029 713 5083 Cum
746 5029 875 5097 ipsis
902 5029 1088 5082 ovibus
1121 5028 1378 5096 pascitur;
1428 5028 1521 5082 sed
1575 5028 1616 5081 si
1668 5028 1808 5096 ipsas
1848 5042 1976 5081 oves
2015 5029 2155 5092 edat,

581 5122 786 5176 inutilis
815 5130 895 5175 est
922 5129 975 5176 ct
1002 5119 1280 5174 occiditur.
1310 5119 1365 5173 Si
1386 5118 1630 5174 didicerit
1660 5126 1711 5171 te
1732 5117 1936 5180 audire,
1968 5118 2050 5171 ale
2072 5134 2158 5172 ra-

581 5227 736 5266 nem:
763 5211 907 5264 utilis
936 5220 1019 5265 est
1044 5219 1228 5264 contra
1257 5210 1431 5279 lupos,
1462 5219 1647 5264 contra
1681 5207 1939 5275 latrones,
1970 5218 2155 5263 contra

580 5302 751 5355 furum
782 5303 1073 5371 principem
1097 5301 1313 5362 latrans,
1344 5315 1446 5353 non
1475 5309 1660 5354 contra
1684 5314 1811 5354 oves
1832 5314 2008 5368 neque
2031 5314 2157 5354 con-

578 5406 656 5447 tra
687 5394 991 5450 familiares.
1018 5394 1073 5449 Si
1107 5410 1209 5448 non
1244 5392 1441 5456 audiat,
1474 5393 1649 5445 omnia
1684 5391 1890 5460 perdit:
1934 5392 1977 5444 si
2024 5406 2151 5445 con-

577 5494 819 5540 temnere
846 5486 1038 5551 discat,
1068 5485 1244 5538 omnia
1274 5482 1600 5553 pessumdat.
1650 5482 1998 5535 Mansuetudo
2027 5496 2155 5551 ergo

576 5581 628 5633 in
654 5588 704 5633 te
726 5592 829 5633 non
851 5588 1211 5644 consumatur,
1240 5576 1334 5631 sed
1356 5590 1472 5631 eam
1494 5574 1756 5628 custodiat
1778 5575 1852 5628 ira
1881 5584 1933 5627 et
1955 5572 2155 5636 foveat;

574 5672 839 5727 custodiet
861 5682 1059 5736 autem,
1083 5683 1135 5724 et
1163 5672 1214 5722 in
1242 5661 1528 5723 securitate
1559 5666 1720 5720 multa
1750 5679 1969 5735 pascere
1990 5664 2150 5730 sinet,

575 5770 617 5818 si
652 5766 815 5817 malas
861 5777 1153 5833 pt'avasquc
1180 5760 1529 5828 cogitationes
1554 5766 1854 5821 consumat,
1890 5756 1935 5811 si
1965 5756 2151 5809 diabo-

572 5855 680 5909 lum
716 5857 945 5924 undique
978 5863 1344 5923 persequatur.
1386 5853 1472 5907 Sic
1500 5849 1851 5905 mansuetudo
1888 5857 2149 5917 servatur,

1378 426 1437 483 S.
1476 424 1752 481 IOANNIS
1788 422 2253 479 Cllli\'$()$'l‘(l.\ll
2293 417 2606 476 ARClllEl’.
2651 420 3181 479 CONS'I'ANTINOP.

3802 424 3905 480 ιω

2309 546 2433 586 cum
2471 533 2598 586 nihil
2632 535 2830 589 malum
2858 541 2925 591 de
2952 536 3196 606 proximo
3217 535 3547 606 cogitamus:
3576 534 3653 591 sic
3680 552 3910 593 venera-

2313 620 2445 676 biles
2475 623 2759 690 efficimur,
2789 628 3005 692 quando
3040 626 3383 696 impudenter
3408 642 3569 697 agerc
3598 643 3707 681 non
3741 629 3911 683 discs-

2312 732 2448 771 mus.
2475 715 2615 772 Nihil
2646 720 2789 772 enim
2818 721 2887 773 ita
2914 722 3276 790 impudentem
3306 720 3484 776 reddit
3519 730 3577 775 ut
3607 722 3747 775 mala
3774 737 3911 775 con-

2309 808 2550 863 scientia.
2571 810 2676 864 Cur
2696 814 3006 867 meretrices
3025 814 3359 883 impudentes
3378 812 3536 869 sunt?
3551 829 3649 868 cur
3664 814 3908 885 virgines

2310 900 2666 970 pudibunda?
2710 918 2889 958 nonne
2930 904 3033 959 illa:
3075 921 3103 959 a
3152 917 3390 974 peccato,
3438 906 3517 959 Ita:
3545 921 3575 959 a
3605 906 3906 961 castitate?

2310 994 2449 1048 Nihil
2480 996 2620 1050 enim
2656 999 2724 1048 ita
2755 997 3117 1064 impudentem
3148 998 3349 1065 reddit,
3378 1008 3433 1052 ut
3464 1006 3768 1068 peccatum.
3789 998 3905 1052 lmo

2306 1096 2513 1149 contra,
2549 1089 2776 1157 inquies,
2810 1088 2860 1142 in
2896 1089 3151 1157 pudorem
3182 1090 3370 1157 injicit.
3402 1091 3572 1144 Etiam
3597 1099 3747 1144 certe
3777 1103 3904 1146 sese

2286 1179 2680 1245 damnantem;
2706 1181 2870 1235 alium
2905 1196 3031 1235 vero
3060 1181 3507 1250 impudentiorem
3542 1179 3717 1236 reddit
3745 1189 3905 1250 petu-

2307 1272 2586 1327 lantiorem
2629 1294 2644 1329 :
2692 1288 2813 1328 nam
2843 1274 2929 1342 qui
2956 1273 3023 1327 de
3051 1287 3109 1327 se
3138 1272 3409 1343 deSperat,
3442 1273 3617 1328 audax
3644 1274 3899 1328 efﬁcitur.

2306 1361 2504 1433 Impius
2532 1364 2695 1429 enim,
2725 1364 2916 1433 inquit,
2964 1381 3078 1418 cum
3119 1366 3169 1417 in
3218 1365 3527 1434 profundum
3574 1375 3901 1433 peccatorum

2303 1456 2507 1520 venerit,
2534 1457 2804 1510 contemnit
2826 1455 3010 1527 (Prov.
3040 1458 3125 1513 l8.
3156 1458 3231 1527 ὅ).
3272 1457 3558 1527 [mpudens
3588 1473 3718 1513 vero
3744 1468 3904 1529 petu-

2303 1547 2417 1602 lans
2462 1547 2654 1613 fuerit;
2701 1548 2944 1617 petulans
2970 1558 3149 1604 autem
3176 1549 3347 1604 audax
3380 1560 3480 1604 est.
3518 1548 3612 1604 Vis
3658 1550 3900 1618 discere,

2300 1638 2640 1708 quandonam
2673 1640 3028 1695 mansuetudo
3054 1641 3437 1695 consumatur?
3462 1641 3592 1697 Cum
3626 1642 3783 1696 mala:
3805 1657 3903 1697 co-

2299 1729 2582 1798 gitationes
2601 1730 2742 1784 illam
2763 1732 3095 1797 pertrahunt.
3117 1731 3221 1787 Sed
3241 1733 3451 1803 etiamsi
3471 1732 3571 1788 hoc
3596 1736 3899 1806 contingat,

2299 1818 2421 1888 quia
2455 1819 2688 1874 nondum
2733 1822 2883 1875 canis
2913 1832 3019 1876 stat
3059 1824 3282 1877 multum
3300 1808 3538 1887 latrans,
3591 1840 3770 1894 neque
3812 1826 3898 1880 sic

2298 1909 2686 1978 desperandum
2725 1923 2829 1966 est.
2868 1912 2963 1967 Est
2993 1914 3190 1982 quippe
3234 1913 3387 1968 nobis
3438 1913 3600 1968 funda
3654 1922 3709 1969 et
3758 1914 3899 1983 lapis

2300 2000 2469 2067 (scitis
2498 2001 2637 2071 quod
2661 2002 2829 2070 dico),
2861 2014 2943 2057 est
2966 2005 3117 2057 nobis
3144 2004 3318 2069 hasta,
3340 2005 3492 2059 caula
3515 2015 3569 2059 et
3592 2005 3895 2073 stabulum,

2300 2092 2349 2146 in
2380 2108 2486 2161 quo
2512 2094 2865 2163 cogitationes
2900 2095 3094 2149 ilhesas
3124 2110 3419 2150 servemus.
3454 2096 3507 2151 Si
3539 2096 3690 2151 canis
3717 2097 3900 2151 adule-

2299 2192 2383 2236 tur
2410 2184 2619 2247 oribus,
2650 2183 2900 2254 furatque
2927 2194 2982 2239 et
3005 2185 3188 2255 vigilet
3226 2194 3412 2240 contra
3457 2195 3742 2251 externos;
3778 2186 3899 2243 hac

2297 2274 2464 2328 virtus
2492 2284 2574 2329 est
2594 2276 2775 2329 canis:
2802 2276 2923 2330 licet
2949 2278 3169 2343 esuriat,
3204 2292 3271 2333 ne
3300 2277 3545 2332 comedat
3569 2293 3733 2343 oves;
3769 2277 3900 2333 licet

2294 2376 2443 2422 satur
2468 2368 2558 2435 sit,
2588 2384 2654 2423 ne
2682 2378 2866 2437 parcat
2894 2368 3054 2438 lupis.
3088 2368 3234 2424 Talis
3264 2378 3318 2425 et
3344 2370 3421 2423 ira
3462 2370 3567 2425 sit:
3593 2370 3721 2425 licet
3748 2386 3898 2424 mor-

2292 2460 2504 2525 deatur,
2535 2476 2563 2513 a
2601 2460 3013 2515 mansuetudine
3055 2477 3121 2515 ne
3149 2460 3418 2525 discedat;
3454 2462 3580 2517 licet
3618 2462 3893 2531 quiescat,

2291 2556 2546 2609 adVCl'rUS
2577 2554 2744 2609 malas
2775 2556 3128 2625 cogitationes
3154 2556 3449 2610 excitetur:
3472 2568 3537 2609 ac
3557 2554 3698 2623 quod
3732 2569 3894 2609 suum

2289 2656 2394 2707 est.
2430 2646 2549 2701 licet
2599 2655 2819 2716 pungat,
2865 2662 2933 2702 ne
2978 2646 3212 2712 deserat,
3258 2645 3353 2701 sed
3405 2656 3693 2715 agnoscat;
3746 2645 3894 2715 quod

2290 2748 2467 2793 autem
2498 2738 2728 2792 ahenum
2772 2747 2875 2802 est,
2908 2738 3031 2792 licet
3058 2737 3331 2803 aduletur,
3361 2736 3695 2805 pessumdet.
3728 2735 3894 2807 Saepe

2289 2828 2533 2883 diabolus
2586 2828 2738 2897 quasi
2789 2828 2939 2883 canis
2990 2827 3273 2893 adulatur,
3328 2828 3423 2882 sed
3475 2828 3650 2882 sciant
3697 2840 3893 2884 omnes

2288 2920 2517 2972 alienum
2550 2934 2689 2974 esse.
2740 2920 2830 2974 Sic
2872 2928 2927 2974 et
2976 2932 3075 2973 nos
3123 2918 3327 2984 virtuti,
3376 2918 3475 2972 etsi
3527 2917 3755 2973 molesta
3792 2918 3886 2985 sit,

2285 3012 2594 3077 adulemur;
2641 3019 2697 3066 et
2743 3011 3024 3075 malitiam,
3079 3010 3182 3065 etsi
3238 3009 3492 3072 lzetiﬁcet,
3544 3024 3888 3065 aversemur.

2286 3100 2363 3156 Ne
2390 3104 2556 3155 simus
2583 3100 2806 3155 canibus
2837 3100 3159 3167 deteriores,
3208 3100 3297 3170 qni
3346 3098 3598 3169 flagellati
3648 3107 3707 3155 et
3752 3114 3891 3155 cou-

2286 3192 2478 3257 stricti,
2520 3197 2624 3245 non
2653 3192 2938 3245 absistunt.
2968 3189 3024 3245 Si
3067 3192 3189 3246 illos
3215 3174 3394 3245 autem
3426 3200 3613 3259 pascat
3639 3188 3886 3259 alienus,

2284 3284 2556 3355 quomodo
2605 3300 2709 3337 non
2756 3289 2925 3354 magis
2957 3284 3261 3338 nocebunt?
3292 3284 3385 3338 Est
3412 3282 3701 3354 aliquando
3733 3284 3886 3338 utilis

2284 3375 2384 3441 ira,
2402 3376 2495 3431 sed
2518 3391 2637 3431 cum
2662 3376 2818 3429 latrat
2842 3384 3031 3429 contra
3064 3376 3289 3428 alienos.
3318 3374 3453 3441 Quid
3477 3384 3561 3428 est
3585 3373 3740 3440 illud,
3777 3374 3885 3442 Qui

2280 3468 2513 3522 irascitur
2532 3470 2679 3539 fratri
2696 3484 2789 3522 suo
2808 3477 2987 3523 temere
3005 3467 3219 3537 (Matth.
3241 3467 3294 3523 5.
3312 3466 3441 3537 22)?
3458 3465 3513 3521 Id
3532 3475 3632 3531 est,
3655 3465 3733 3521 Ne
3751 3467 3887 3523 ulci-

2280 3576 2433 3615 scere
2455 3575 2552 3615 nec
2573 3560 2779 3614 vindica
2798 3560 3028 3628 teipsum
3049 3577 3062 3613 :
3082 3559 3125 3614 si
3147 3558 3308 3613 alium
3334 3567 3648 3628 pereuntem
3668 3557 3882 3627 videas,

2279 3653 2491 3723 porrige
2522 3660 2758 3707 manu‘nt.
2792 3652 2909 3707 Non
2944 3652 3051 3707 erit
3102 3652 3241 3705 ultra
3273 3652 3372 3716 ira,
3425 3665 3546 3705 cum
3578 3665 3608 3704 a
3659 3651 3884 3720 proprio

2277 3756 2425 3799 motu
2450 3754 2504 3798 et
2531 3744 2719 3799 affectu
2771 3744 2907 3802 liber
2949 3744 3077 3798 eris.
3118 3742 3485 3811 Apprehendit
3516 3741 3684 3795 David
3731 3741 3882 3797 Saft-

2278 3836 2379 3891 lem
2413 3836 2486 3906 (tl.
2514 3835 2640 3905 Reg.
2668 3835 2756 3889 26.
2792 3835 2848 3905 7)
2874 3874 2889 3898 ,
2924 3848 3025 3889 nec
3054 3834 3129 3888 ira
3160 3840 3462 3887 commotus
3491 3841 3607 3897 est,
3639 3847 3742 3887 nec
3787 3848 3882 3887 ca-

2276 3936 2424 3999 ptum
2448 3927 2716 3981 inimicum
2737 3927 2885 3980 hasta
2903 3925 3171 3987 confodit;
3190 3924 3285 3979 sed
3304 3924 3449 3979 ultus
3468 3932 3546 3979 est
3574 3923 3878 3979 diabolum.

2278 4020 2487 4083 Moyses
2518 4034 2637 4073 cum
2666 4019 2898 4072 alienum
2935 4016 3218 4070 laedentem
3258 4015 3410 4079 vidit,
3438 4015 3634 4069 occidit
3664 4016 3876 4087 (Exod.

2271 4110 2325 4164 2.
2354 4110 2443 4177 12)
2466 4127 2479 4175 ;
2506 4125 2625 4164 cum
2650 4122 3032 4178 congenerem,
3066 4121 3173 4160 non
3203 4107 3328 4161 item
3357 4121 3372 4170 ;
3405 4105 3498 4160 sed
3532 4106 3723 4162 fratres
3749 4109 3877 4178 qui-

2273 4201 2393 4257 dem
2424 4199 2802 4256 reconciliabat
2828 4241 2843 4265 ,
2877 4198 3082 4253 alienos
3110 4212 3241 4253 vero
3272 4189 3526 4267 pellebat.
3557 4196 3709 4254 Licet
3746 4214 3872 4253 Cll!“

2274 4293 2614 4347 mitissimum
2664 4292 2829 4346 fuisse
2878 4289 3154 4358 Scriptura
3201 4289 3742 4362 testificetur(Num.
3780 4293 3872 4348 12.

2275 4384 2339 4455 3)
2374 4400 2387 4446 ;
2422 4392 2653 4437 attamen
2698 4382 2920 4450 pervigil
2947 4390 3085 4435 erat.
3127 4380 3235 4434 Nos
3265 4391 3443 4436 autem
3478 4398 3583 4436 non
3630 4384 3700 4437 ita
3733 4387 3871 4441 :sed

2273 4475 2361 4529 ubi
2394 4473 2857 4529 mansuetudinem
2884 4472 3142 4527 exhibere
3164 4482 3416 4541 oportet,
3457 4472 3585 4528 feris
3615 4477 3870 4533 omnibus

2270 4567 2559 4621 ferociores
2586 4581 2771 4621 sumus
2796 4581 2810 4629 ;
2859 4565 2945 4618 ubi
2974 4575 3151 4619 autem
3179 4564 3402 4620 excitari
3436 4580 3532 4636 par
3555 4576 3738 4635 esset,
3772 4570 3869 4624 ad-

2269 4658 2485 4712 modum
2515 4658 2689 4728 ignavi
2712 4667 2764 4711 et
2794 4657 2989 4726 supini.
3020 4656 3151 4722 Quia
3180 4656 3338 4727 igitur
3371 4658 3454 4724 iis,
3485 4675 3603 4727 qua:
3628 4662 3679 4713 in
3710 4662 3865 4717 nobis

2270 4760 2429 4816 sunt,
2460 4766 2563 4805 non
2596 4760 2653 4805 ut
2691 4766 2784 4819 par
2810 4761 2953 4804 esset
2982 4751 3182 4803 utimur
3209 4791 3222 4813 ,
3254 4750 3374 4804 ideo
3404 4752 3453 4803 in
3498 4752 3726 4807 nihilum
3758 4760 3863 4810 vita

2269 4853 2450 4897 nostra
2478 4842 2832 4897 consumitur.
2862 4840 2935 4895 lta
2967 4848 3021 4894 et
3048 4841 3099 4894 in
3131 4841 3269 4895 vasis
3295 4843 3471 4895 evenit
3498 4861 3510 4895 :
3541 4844 3582 4895 si
3614 4844 3761 4897 aliud
3795 4848 3860 4900 ad

2268 4926 2430 4979 alium
2463 4941 2613 4979 nsum
2646 4925 2998 4979 adhibeamus
3024 4964 3037 4986 ,
3070 4923 3247 4977 omnia
3284 4926 3576 4994 perdimus.
3610 4926 3861 4997 Exempli

2265 5033 2422 5072 causa
2490 5019 2634 5089 iquis
2656 5018 2890 5087 gladium
2914 5026 3106 5082 sumat,
3136 5033 3232 5072 nec
3260 5019 3406 5072 illum
3433 5018 3497 5072 ad
3519 5033 3676 5073 suum
3702 5037 3858 5078 usum

2265 5110 2511 5164 adhibeat
2540 5151 2554 5175 ,
2591 5111 2685 5165 sed
2731 5126 2889 5164 manu
2924 5109 2976 5164 id
3020 5108 3194 5163 facere
3226 5121 3430 5177 tentet,
3461 5112 3593 5165 nihil
3621 5116 3851 5184 amplius

2263 5202 2419 5257 efficit
2453 5220 2465 5266 ;
2497 5202 2633 5255 sicut
2652 5210 2706 5256 et
2730 5201 2819 5270 qui
2845 5244 2858 5267 ,
2893 5201 2981 5255 ubi
3010 5216 3168 5255 manu
3197 5202 3308 5271 ipsa
3352 5202 3683 5271 operandam
3721 5214 3808 5261 est
3838 5250 3853 5273 ,

2262 5293 2437 5363 gladio
2470 5295 2658 5357 utitur,
2690 5292 2870 5347 omnia
2904 5293 3109 5362 perdet.
3143 5292 3233 5346 Sic
3263 5302 3316 5346 et
3343 5293 3603 5359 medicus,
3636 5298 3727 5365 qui
3760 5300 3851 5354 ubi

2260 5400 2447 5439 secare
2473 5393 2685 5452 oportet
2710 5398 2815 5437 non
2847 5394 2993 5438 secat
3017 5424 3031 5448 ,
3060 5393 3115 5437 et
3146 5384 3232 5437 ubi
3269 5398 3374 5437 non
3407 5393 3617 5453 oportet
3657 5399 3853 5455 secat,

2259 5477 2437 5531 omnia
2470 5476 2795 5544 pessumdat.
2821 5475 3177 5541 Quamobrem
3222 5491 3353 5543 rogo
3374 5516 3388 5537 ,
3418 5489 3517 5531 nos
3545 5488 3852 5545 oltportunc

2262 5568 2364 5622 hac
2395 5584 2450 5621 re
2483 5576 2711 5621 uta-our.
2758 5565 2853 5621 lrze
2899 5575 3109 5635 tempus
3156 5580 3260 5618 non
3292 5574 3373 5619 est
3397 5606 3410 5630 ,
3445 5565 3533 5619 ubi
3580 5580 3677 5619 nos
3706 5566 3851 5637 ipsos

2258 5676 2501 5729 Juvamus
2533 5676 2541 5715 ;
2645 5674 2769 5713 vero
2789 5657 2922 5713 alios
2947 5658 3215 5727 corrigere
3237 5663 3501 5726 oporteat,
3530 5669 3654 5713 tunc
3681 5662 3848 5714 maxi-

2261 5768 2347 5807 me
2375 5753 2460 5807 illa
2486 5752 2738 5806 utendum
2771 5760 2851 5806 est
2878 5792 2891 5816 ,
2933 5759 2991 5804 ut
3019 5750 3153 5804 alios
3196 5765 3468 5805 eruamus.
3520 5752 3591 5805 Ita
3636 5764 3694 5808 et
3738 5752 3849 5807 Deo

2264 5845 2489 5914 :cquales
2515 5846 2715 5899 erimus
2744 5884 2756 5909 ,
2805 5843 2847 5896 si
2895 5856 2995 5897 nos
3041 5844 3106 5897 ab
3138 5842 3210 5896 ira
3238 5856 3451 5910 Semper
3482 5853 3727 5898 tueamur
3748 5884 3765 5901 .
3797 5855 3847 5900 et
