4068 6446
208 323 314 381 I39

185 436 363 509 ψυχὴ,
379 433 584 506 ὀφείλει
605 434 772 508 πρόιτε
781 452 871 506 ρον
889 434 948 488 ἰν
960 432 1140 504 λιμένι
1153 429 1312 488 εῖναι.
1331 433 1444 503 Οὐχ
1457 433 1590 504 δρᾷς
1607 429 1744 494 πῶς,
1759 430 1888 482 ὅταν

191 522 519 594 βουλώμεθα
552 523 679 594 περί
725 540 886 576 τινων
924 520 1240 588 ἀναγκαίων
1281 519 1663 590 διαλεχθῆναι,
1691 518 1888 579 τόπους

191 608 432 681 θορύϐου
467 610 746 680 καθαροὺς
796 605 1250 678 παρατηροῦμεν,
1287 605 1415 660 ἔνθα
1473 606 1696 678 ἡσυχία,
1753 603 1882 657 ἔνθα

188 698 431 770 γαλήνη,
465 699 552 752 ἴνα
584 699 660 769 μὴ
697 694 1096 768 ἐκκρουώμεθα
1121 711 1134 759 ;
1169 693 1233 748 Εἰ
1262 695 1320 748 δὲ
1349 697 1378 748 6
1406 694 1606 759 ἔξωθεν
1628 692 1885 764 ἐκκρούει

189 783 447 856 θόρυϐος,
475 784 656 854 πολλῷ
683 782 887 854 μᾶλλον
937 783 971 852 ἡ
1007 781 1155 835 ἐνδον
1190 794 1216 823 ι
1242 782 1480 852 ταραχή.
1511 779 1630 834 Κᾶν
1657 777 1885 850 εὔχηταί

185 890 300 938 τις,
315 872 440 942 είκῆ
461 870 705 942 εῡχεται,
728 870 867 940 μετά
883 869 1054 939 ὀργῆς
1076 869 1172 923 xal
1189 868 1363 937 θυμοῦ
1386 866 1545 920 τοῦτο
1571 865 1758 918 ποιῶν·
1782 863 1886 917 κᾶν

191 960 530 1030 φθέγγηται,
552 958 958 1026 καταγέλαστος
982 956 1157 1010 ἐσται·
1181 956 1286 1010 κᾶν
1314 956 1462 1025 σιγᾷ,
1482 953 1643 1007 πάλιν
1660 951 1883 1021 ὁμοίως·

187 1047 302 1101 κᾶν
325 1047 503 1119 ἐσθίῃ,
522 1046 616 1100 xal
639 1045 816 1110 οὕτως
844 1044 1073 1115 ἐϐλάϐη·
1089 1043 1191 1098 κᾶν
1213 1043 1366 1114 πίνῃ,
1390 1042 1494 1095 κᾶν
1512 1042 1587 1112 μὴ
1611 1041 1762 1111 πίνῃ,
1783 1038 1887 1092 κᾶν

187 1134 518 1203 καθέζηται,
549 1132 656 1186 κᾶν
679 1134 878 1206 στήκῃ.
902 1133 1008 1188 κᾶν
1028 1131 1243 1202 βαδίζῃ,
1273 1131 1378 1184 κάν
1398 1127 1653 1200 καθεύδῃ·
1671 1128 1766 1181 xal
1777 1125 1888 1198 γάρ

187 1222 250 1273 ἐν
275 1223 390 1281 τοῖς
412 1219 647 1289 ὀνείροις
658 1221 882 1274 τοιαῦτα
899 1217 1285 1289 φαντάζονται.
1305 1216 1370 1270 Τί
1389 1216 1498 1285 γάρ
1509 1215 1617 1268 τῶν
1631 1215 1888 1268 τοιούτων

187 1307 295 1359 οὐκ
329 1305 572 1374 ἀτοπον;
639 1306 944 1376 ὀφθαλμοὶ
996 1303 1206 1374 ἀηδεῖς,
1234 1304 1410 1374 στόμα
1436 1302 1886 1373 διεστραμμένον,

191 1393 340 1464 μέλη
390 1394 733 1466 κεκινημένα
790 1393 887 1447 καὶ
924 1391 1253 1457 οίδαίνοντα,
1301 1391 1528 1461 γλῶσσα
1578 1391 1890 1461 ἀκράτητος

188 1482 295 1536 xal
344 1481 562 1548 οὐδενὸς
620 1479 952 1552 φειδομένη,
1016 1479 1231 1533 διάνοια
1288 1479 1638 1549 ἐξεστηκυῖα,
1702 1476 1890 1546 σχῆμα

187 1570 467 1641 ἀπρεπὲς,
521 1569 694 1647 πολλὴ
745 1569 778 1638 ὴ
833 1567 1018 1638 ἀηδία.
1061 1567 1167 1620 Ἴδε
1222 1585 1313 1638 μοι
1347 1565 1457 1620 τῶν
1509 1563 1890 1636 δαιμονώντων

187 1657 320 1719 τοὺς
341 1655 658 1726 ὀφθαλμοὺς
699 1655 796 1708 xal
823 1653 935 1706 τῶν
966 1652 1281 1724 μεθυόντων
1308 1652 1405 1706 xal
1443 1650 1811 1722 μαινομένων,
1838 1649 1891 1701 τί

188 1743 544 1813 διεστήκασιν
573 1741 859 1812 ἀλλήλων;
890 1741 1012 1811 οὐχὶ⁵
1047 1742 1214 1811 μανία
1241 1740 1304 1793 16
1328 1740 1438 1793 πᾶν
1477 1741 1629 1804 ἐστι;
1661 1738 1730 1792 Τί
1757 1737 1889 1809 γὰρ,

190 1830 241 1880 εί
270 1828 410 1898 πρὸς
435 1828 629 1896 καιρὸν
682 1827 844 1882 τοῦτο
896 1829 1148 1897 γίνεται;
1190 1828 1302 1881 Kal
1356 1827 1465 1898 γὰρ
1506 1830 1534 1881 6
1565 1826 1893 1897 μαινόμενος

190 1914 334 1985 πρὸς
361 1915 554 1987 καιρὸν
588 1915 900 1986 κατέχεται·
951 1915 1146 1969 τούτου
1205 1915 1262 1969 δὲ
1292 1915 1347 1969 τί
1378 1917 1597 1988 χεῖρον;
1653 1916 1765 1970 Kal
1792 1915 1893 1968 οὐκ

189 2003 546 2073 αἰσχύνονται
574 1994 668 2058 ἐπὶ
697 2008 763 2075 τῇ
796 2004 1085 2076 ἀπολογίᾳ·
1115 2005 1230 2059 Οὐκ
1253 2003 1424 2076 ᾔδειν,
1456 2004 1612 2074 φησὶ,
1636 2003 1689 2056 τί
1716 1998 1890 2056 εἷπον.

191 2092 308 2144 Kal
324 2091 413 2146 διὰ
437 2092 493 2145 τί
538 2091 616 2164 μὴ
639 2093 789 2163 ᾔδεις
811 2092 973 2146 τοῦτο
1005 2095 1034 2146 6
1078 2091 1298 2160 λογικὸς
1320 2089 1632 2161 ἄνθρωπος,
1676 2090 1705 2141 6
1753 2089 1894 2158 λογι-

192 2179 336 2250 σμὺν
369 2180 545 2248 ἔχωνς
572 2180 662 2233 διὰ
683 2180 736 2232 τί
765 2179 835 2231 τά
860 2179 969 2231 τῶν
991 2179 1205 2247 ἀλόγων
1234 2176 1383 2249 [Ml]
1409 2178 1605 2241 ποιεῖς,
1638 2175 1895 2246 καθάπερ

194 2266 368 2329 ἵππος
397 2265 590 2336 ἀγριος
619 2264 728 2319 ἀπὸ
756 2263 930 2334 θυμοῦ
966 2265 1061 2317 xal
1115 2264 1288 2335 ὀργῆς
1324 2264 1734 2335 συναρπαγείςς
1785 2264 1896 2317 Kal

198 2353 312 2423 μὴν
345 2354 380 2423 ἡ
433 2351 725 2420 ἀπολογία,
757 2350 1108 2424 ἐγκλήματος
1152 2351 1301 2418 ἀξία.
1333 2351 1460 2406 Εῖθε
1493 2351 1604 2424 γὰρ
1656 2351 1827 2424 ᾔδεις,
1861 2351 1897 2406 ἀ

193 2441 409 2508 ἔλεγες.
443 2440 554 2493 Τοῦ
603 2438 803 2510 θυμοῦ,
838 2440 1027 2511 φησὶν,
1065 2439 1184 2492 ἐστὶ
1215 2439 1282 2494 τὰ
1334 2440 1578 2510 ῥήματα,
1611 2439 1712 2492 οὐκ
1761 2439 1892 2509 ἐμά.

196 2530 326 2593 Πῶς
360 2529 612 2594 ἐκείνους
649 2527 762 2582 Kal
796 2528 903 2599 μὴν
950 2529 979 2580 6
1012 2527 1185 2596 θυμὸς
1209 2528 1312 2579 οὐκ
1346 2526 1461 2596 ἔχει
1491 2528 1667 2596 ἰσχὺν,
1709 2527 1776 2579 ἂν
1822 2526 1897 2596 μὴ

197 2618 352 2688 παρά
369 2610 464 2670 σοῦ
485 2615 648 2687 λάϐῃ.
667 2615 756 2679 Ὠς
775 2617 870 2668 καὶ
890 2614 956 2668 ἂν
974 2614 1120 2667 εἴποι
1139 2629 1245 2678 τις·
1270 2614 1383 2683 Τῆς
1402 2613 1582 2684 χειρός
1599 2615 1771 2674 ἐστιν,
1795 2615 1897 2666 οὐκ

195 2705 311 2777 ἐμά
334 2705 402 2758 τά
428 2703 744 2776 τραύματα.
777 2703 842 2757 Τί
874 2704 975 2757 οἴει
1009 2703 1244 2772 μάλιστα
1274 2702 1482 2755 δεῖσθαι
1524 2703 1735 2772 θυμοῦ;
1777 2702 1898 2772 οὐχὶ

198 2792 444 2862 πόλεμον
473 2792 572 2845 xal
600 2793 816 2862 μάχην;
864 2790 1030 2844 Ἀλλά
1063 2789 1158 2843 xal
1187 2792 1305 2844 ἐκεῖ
1357 2789 1423 2844 ἂν
1457 2789 1595 2859 μετά
1628 2789 1805 2860 θυμοῦ
1847 2808 1898 2843 τι

195 2880 444 2950 γίνηται,
482 2879 544 2932 τὸ
573 2879 681 2932 πᾶν
711 2878 1034 2950 διέφθαρται
1066 2877 1162 2932 xal
1191 2877 1460 2932 ἀπόλωλε.
1509 2878 1761 2931 Μάλιστα
1791 2878 1900 2947 γὰρ

194 2970 330 3031 τοὺς
355 2967 700 3038 μαχομένους
737 2965 1047 3037 θυμοῦσθαι
1073 2967 1135 3019 οὐ
1165 2966 1293 3037 χρή·
1323 2966 1563 3036 μάλιστα
1594 2967 1722 3030 τοὺς
1749 2966 1900 3037 ὑϐρί-

198 3056 398 3121 ζοντας
421 3053 729 3125 θυμοῦσθαι
782 3055 843 3107 ού
885 3055 1014 3124 χρή.
1049 3054 1163 3109 Kal
1215 3053 1336 3116 πῶς
1366 3052 1445 3106 ἔνι
1477 3053 1766 3124 μάχεσθαι,
1793 3071 1898 3124 φη-

201 3144 324 3208 σίν;
355 3143 539 3213 Λόγῳ,
563 3142 857 3213 ἐπιεικείᾳ·
886 3142 1033 3212 μάχη
1059 3142 1168 3212 γάρ
1194 3141 1310 3194 ἐστι
1331 3141 1393 3194 τὸ
1420 3140 1480 3205 ἐξ
1506 3144 1755 3205 ἐναντίας
1781 3143 1904 3213 στῆ-

199 3250 315 3286 ναι.
349 3233 421 3285 Ἢ
459 3232 560 3302 οὐχ
589 3232 724 3302 ὁρᾷς
755 3231 851 3284 καὶ
877 3229 1103 3292 τούτους
1133 3229 1259 3292 τοὺς
1320 3229 1592 3300 πολέμους
1624 3231 1774 3304 νόμῳ
1809 3234 1904 3287 xal

198 3320 450 3387 διατάξει
501 3321 594 3374 xal
652 3319 868 3390 καιροῖς
923 3317 1315 3388 ώρισμένους;
1354 3316 1539 3387 Θυμδς
1591 3319 1701 3391 γὰρ
1751 3321 1904 3375 οὐδέν

201 3411 379 3472 ἐστιν,
409 3409 442 3479 ἢ
476 3407 623 3480 ὁρμὴ
647 3407 865 3478 ἄλογος·
903 3407 1088 3476 ἀλόγῳ
1117 3406 1174 3469 δὲ
1215 3405 1370 3459 οὐδὲν
1407 3404 1626 3474 λογικὸν
1649 3407 1904 3476 γενέσθαι

198 3496 432 3550 δυνατόν
444 3537 453 3549 .

274 3675 338 3729 δ’.
358 3676 415 3728 Ἐ
425 3678 513 3728 πεῖ
527 3675 619 3728 xal
632 3667 788 3736 οὗτος
798 3673 1028 3729 τοιαῦτα
1043 3674 1364 3744 ἐφθέγγετο,
1381 3675 1476 3730 xal
1486 3677 1588 3730 ούκ
1611 3676 1705 3731 ἐθυ
1713 3678 1902 3748 μοῦτο.

205 3764 316 3818 Kal
339 3765 367 3816 6
399 3762 590 3823 Ἠλίας
629 3762 834 3830 ἔλεγεν·
878 3764 1027 3828 Ἕως
1058 3764 1205 3816 πότε
1227 3764 1556 3831 χωλανεῖτε
1586 3765 1678 3818 ἐπ’
1717 3767 1908 3836 ἀμφο-

205 3849 404 3920 τέραις
435 3848 566 3914 ταῖς
596 3849 829 3918 ἰγνύαις
860 3847 1064 3918 ὑμῶν;
1113 3851 1208 3903 xal
1242 3851 1343 3904 ούκ
1397 3851 1689 3922 ἐθυμοῦτο.
1740 3855 1850 3908 Kal
1880 3858 1908 3908 6

203 3939 392 4001 Φινεὲς
427 3937 654 4006 ἔσφαξε,
695 3937 789 3990 καὶ
820 3937 923 3990 οὐκ
967 3935 1262 4008 ἐθυμοῦτο.
1308 3938 1365 3992 Ὀ
1418 3938 1527 4010 γὰρ
1583 3939 1756 4011 θυμὸς
1806 3942 1908 3997 οὐκ

205 4028 438 4096 ἀφίησιν
469 4025 622 4086 ἰδεῖν,
652 4024 789 4078 ἀλλὰ
811 4024 1067 4095 καθάπερ
1096 4026 1155 4077 ἐν
1183 4027 1529 4096 νυκτομαχίᾳ
1563 4027 1746 4083 πάντα
1784 4047 1910 4084 συν-

204 4115 398 4186 δήσας,
441 4115 537 4167 καὶ
559 4112 880 4182 ὀφθαλμοὺς
934 4113 1030 4165 καὶ
1061 4105 1200 4174 ὦτα,
1267 4112 1443 4177 οὕτως
1476 4114 1622 4183 άγει,
1663 4116 1908 4188 ὅπουπερ

206 4203 275 4258 ἂν
301 4202 483 4272 ἐθέλῃ.
533 4199 970 4270 Ἀπαλλαγῶμεν
1000 4197 1094 4254 οὖν
1130 4200 1325 4255 τούτου
1373 4201 1468 4255 τοῦ
1500 4204 1776 4274 δαίμονος,
1809 4206 1908 4276 ἀρ-

205 4291 440 4361 χόμενον
491 4289 656 4342 αὑτὸν
687 4287 1159 4358 καταστείλωμεν,
1191 4288 1292 4360 τὴν
1324 4291 1600 4359 σφραγῖδα
1629 4292 1910 4364 ἐπιθῶμεν

204 4379 286 4450 τῷ
310 4377 500 4450 στήθει
524 4377 780 4448 καθάπερ
818 4377 942 4430 τινά
996 4377 1238 4447 χαλινόν.
1295 4377 1461 4432 Κύων
1495 4380 1645 4433 ἐστὶν
1684 4382 1910 4451 ἀναιδὴς

204 4470 236 4522 6
265 4465 458 4538 θυμός·
491 4465 630 4520 ἀλλά
686 4464 906 4535 μαθέτω
940 4464 1163 4519 ἀκούειν
1195 4464 1291 4519 τοῦ
1329 4466 1520 4536 νόμου.
1550 4469 1647 4522 Ἂν
1759 4470 1909 4524 κύων

206 4556 268 4611 ἐν
299 4554 506 4625 ποίμνῃ
535 4553 709 4617 οὕτως
739 4553 955 4624 ἄγριος,
990 4553 1067 4617 ὼς
1093 4553 1168 4625 μὴ
1198 4552 1486 4608 πείθεσθαι
1513 4558 1909 4628 προστάττοντι

206 4642 287 4714 τῷ
307 4642 574 4713 βουκόλῳ,
616 4641 751 4712 μηδὲ
779 4639 1171 4709 ἐπιγινώσκειν
1193 4641 1361 4696 αὐτοῦ
1377 4642 1476 4714 τὴν
1499 4645 1705 4716 φωνὴν,
1731 4647 1910 4700 πάντα

207 4731 464 4786 ἀπόλωλε
495 4732 590 4784 xal
617 4729 964 4800 διέφθαρται.
1008 4731 1178 4785 Μετάι
1199 4730 1310 4802 τῶν
1340 4732 1630 4803 προϐάτων
1661 4734 1908 4804 νέμεται·

209 4819 326 4874 ἀλλ’
353 4820 449 4874 ἐάν
481 4818 828 4890 ἀπογεύηται
873 4819 987 4872 τῶν
1020 4818 1336 4890 προϐάτων,
1371 4821 1643 4893 ἄχρηστός
1667 4825 1781 4876 ἐστι
1817 4825 1911 4877 xal

211 4908 683 4976 κατασφάττεται.
721 4907 783 4961 El
805 4907 1010 4978 ἔμαθεν
1032 4907 1253 4961 ἀκούειν
1280 4926 1398 4974 σου,
1421 4909 1620 4980 θρέψον
1635 4911 1727 4964 τὸν
1749 4913 1908 4966 κύνα·

209 4995 487 5070 χρήσιμός
539 4996 678 5058 ἐστι,
716 4995 856 5048 κατὰ
889 4995 1001 5048 τῶν
1041 4994 1246 5062 λύκων,
1288 4995 1432 5049 κατά
1461 4998 1571 5050 τῶν
1609 5000 1908 5070 πειρατῶν,

212 5087 359 5140 κατὰ
390 5083 486 5139 τοῦ
517 5085 828 5158 λῃστάρχου
865 5083 1138 5150 ὑλακτῶν,
1177 5085 1236 5137 ού
1273 5086 1417 5138 κατά
1443 5087 1756 5157 προϐάτων,
1791 5091 1914 5143 οὐδὲ

215 5175 361 5230 κατὰ
378 5174 620 5230 οἰκείων.
652 5175 751 5228 “Av
779 5173 855 5244 μὴ
885 5173 1081 5243 ἀκούῃ,
1107 5173 1291 5227 πάντα
1320 5175 1647 5247 διαφθείρει’
1673 5176 1740 5230 ἂν
1765 5177 1915 5252 μάθῃ

211 5265 605 5334 καταφρονεῖν,
641 5262 823 5315 πάντα
866 5261 1149 5316 ἀπολλύει.
1187 5262 1262 5314 Τὸ
1299 5263 1480 5315 τοίνυν
1509 5264 1719 5335 ἥμερον
1768 5267 1827 5319 16
1858 5269 1915 5321 ἐν

215 5353 301 5407 σοὶ
339 5352 417 5423 μὴ
449 5351 816 5416 ἀναλισκέτω,
846 5349 986 5404 ἀλλά
1034 5349 1354 5418 φυλαττέτω
1383 5350 1410 5402 6
1469 5349 1641 5422 θυμὸς
1667 5354 1761 5408 καὶ
1793 5357 1917 5408 πῖον

211 5441 448 5496 ποιείτω
481 5438 533 5478 δ’
567 5438 796 5510 φυλάξει
821 5438 898 5505 δὲ,
935 5437 1032 5492 xal
1063 5440 1120 5490 ἐν
1143 5438 1418 5511 ἀσφαλείᾳ
1454 5439 1620 5512 πολλῇ
1652 5439 1914 5513 νέμεσθαι

212 5529 577 5599 καταστήσει,
617 5526 684 5581 ἀν
706 5527 834 5591 τοὺς
874 5527 1112 5598 μιαροὺς
1144 5525 1445 5598 λογισμοὺς
1470 5529 1565 5582 καὶ
1595 5531 1720 5594 τοὺς
1750 5548 1917 5603 110w;-

213 5619 348 5690 ροὺς
375 5615 779 5686 καταναλίσκῃ,
817 5615 885 5669 ἂν
910 5614 1004 5668 τὸν
1043 5614 1296 5670 διάϐολον
1323 5614 1498 5689 διώκῃ
1555 5619 1912 5690 πανταχόθεν.

211 5708 406 5770 Οὖτως
432 5707 715 5761 ἐπιείκεια
752 5703 1103 5770 διασώζεται,
1133 5705 1265 5758 ὅταν
1299 5707 1553 5778 μηδαμοῦ
1587 5707 1664 5777 τῷ
1689 5708 1919 5780 πλησίον

213 5795 389 5850 κακόν
420 5811 474 5847 τι
504 5791 875 5863 λογιζώμεθα·
936 5791 1111 5856 οὓτως
1137 5793 1411 5864 αἰδέσιμσι
1471 5795 1755 5866 γινόμεθα,
1792 5797 1919 5852 ὅταν

278 5939 297 5966 ⁸
323 5939 426 5994 Alii
451 5944 485 6000 ἡ
509 5940 706 5990 ἐνδοθεν.
778 5938 805 5980 1³
831 5939 933 5992 Alii
961 5940 1039 5988 καὶ
1077 5939 1275 6003 λιπαρὸν
1321 5940 1534 5990 ποιείιω.

1296 316 1364 371 ΙΝ
1401 313 1584 372 ACTA
1619 309 2157 368 APOSTOLOBUM.
2201 309 2435 367 llOMlL.
2463 311 2630 367 XVII.
3572 307 3670 366 NO

2001 427 2075 496 μὴ
2108 425 2467 496 μανθάνωμεν
2498 426 2896 496 ἀναισχυντεῖν.
2943 425 3112 478 Οὐδὲν
3167 424 3274 496 γάρ
3307 424 3481 489 οὕτως
3529 427 3676 481 ἀναί-

2000 526 2224 579 σχυντον
2252 513 2416 574 ποιεῖ,
2467 512 2545 573 ὡς
2579 508 2816 580 πονηρὸν
2866 507 3121 571 συνειδός.
3154 511 3254 562 Διά
3280 510 3333 561 τί
3381 509 3434 561 αἱ
3477 508 3671 578 πόρναι

1996 597 2344 668 ἀναίσχυντοί
2368 597 2513 664 alar;
2545 597 2633 652 διά
2661 597 2714 651 τί
2736 597 2794 652 αἱ
2825 594 3088 667 παρθένοι
3129 596 3524 666 αἰοχυντηλαίς
3558 597 3674 648 Οὐκ

1993 684 2103 739 ἀπὸ
2157 686 2259 757 τῆς
2307 683 2580 755 ἁμαρτίας
2625 686 2860 750 ἐκεῖναι;
2896 684 2996 736 ούκ
3021 681 3131 736 ἀπὸ
3184 683 3284 754 τῆς
3323 683 3677 753 σωφροσύνης

1992 767 2192 838 αὖταις
2247 771 2415 827 Οὐδὲν
2448 772 2559 845 γάρ
2603 772 2778 838 οὕτως
2803 771 3162 842 ἀναίσχυντον
3193 771 3357 832 ποιεῖ,
3390 771 3466 834 ὡς
3491 773 3676 842 ἀμαρ-

1993 860 2104 913 τία.
2138 861 2252 913 Kal
2281 859 2388 930 μὴν
2416 859 2747 927 τούναντίον,
2765 861 2921 932 φησὶ,
2946 857 3440 932 κατ[αν]αισχύνει.
3459 860 3567 912 Nal
3589 860 3678 913 τὸν

1995 947 2335 1016 καταγνόντα
2361 946 2554 1002 ἐαυτοῦ
2582 964 2600 980 ·
2630 947 2720 1002 τὸν
2749 948 2806 1002 δὲ
2859 947 3402 1021 ἀπηρυθριασμένον,
3436 948 3532 1000 xal
3567 948 3682 999 ἰτα-

1999 1033 2245 1105 μώτερον
2300 1035 2614 1105 ἐργάζεται·
2653 1036 2683 1088 6
2714 1035 2824 1105 γὰρ
2864 1035 3140 1104 ἀπογνοὺς
3189 1035 3409 1098 ἐαυτοῦ,
3471 1033 3680 1106 θρασὺς

1995 1121 2228 1190 γίνεται.
2259 1121 2502 1188 Ἆσεόὴς
2523 1122 2655 1192 γὰρ,
2687 1123 2872 1192 φησὶν,
2901 1122 3096 1176 ἐλθὼν
3119 1125 3208 1187 εις
3232 1122 3428 1188 βάθος
3458 1121 3681 1183 κακῶν,

1996 1205 2380 1277 καταφρονεῖ.
2428 1207 2488 1261 '0
2517 1207 2575 1262 δέ
2605 1208 2980 1279 ἀναίσχυντος,
3028 1210 3125 1263 xal
3179 1210 3372 1280 ίταμδς
3403 1209 3470 1263 ἂν
3501 1209 3608 1279 εἴη·
3656 1213 3685 1262 ὁ

1995 1299 2054 1352 δὲ
2088 1299 2302 1371 ἰταμὸς,
2333 1300 2426 1353 xal
2476 1298 2705 1369 θρασύς.
2739 1298 2931 1353 Βούλει
2953 1299 3149 1370 μαθεῖν
3181 1301 3310 1354 πότε
3333 1300 3683 1354 ἀναλίσκεται

1999 1388 2272 1442 ἐπιείκεια
2290 1399 2313 1426 α
2338 1405 2352 1456 ;
2386 1388 2554 1442 Ὅταν
2576 1392 2806 1459 πονηροὶ
2820 1387 3074 1459 λογισμοὶ
3092 1388 3264 1460 αὐτὴν
3282 1389 3679 1460 διαμασῶνται.

2013 1474 2154 1528 Ἀλλ’
2176 1475 2226 1528 εί
2244 1475 2337 1529 καὶ
2365 1476 2526 1529 τοῦτο
2543 1475 2858 1546 συμϐαίνει,
2884 1477 2966 1530 ὅτι
2999 1475 3114 1547 μὴὸ
3132 1474 3278 1530 κύων
3308 1477 3506 1548 ἕστηκε
3544 1476 3684 1546 μέγα

2001 1559 2274 1625 ὑλακτῶν,
2297 1562 2421 1614 οὐδὲ
2444 1562 2618 1626 οὓτως
2649 1562 3051 1631 ἀπογινώσκειν
3084 1565 3212 1634 χρή.
3242 1564 3397 1617 Ἔστι
3420 1565 3531 1635 γάρ
3553 1565 3685 1634 ἡμῖν

2001 1647 2094 1702 xal
2133 1645 2283 1720 [I62]
2316 1646 2575 1720 σφενδόνη
2601 1649 2694 1702 xal
2728 1649 2877 1713 λίθος
2907 1650 3044 1720 (το-τε
3073 1650 3136 1702 16
3167 1650 3509 1720 λεγόμενον)·
3539 1651 3687 1706 ἔστιν

2002 1737 2133 1807 ἡμῖν
2168 1736 2264 1792 xal
2292 1737 2445 1809 δόρυ,
2508 1738 2602 1791 xal
2639 1736 2871 1810 μάνδρα,
2929 1737 3023 1790 xal
3058 1738 3244 1809 σηκὸς,
3290 1739 3350 1792 ἐν
3381 1732 3425 1807 ᾧ
3452 1739 3676 1808 φυλάξο-

2005 1843 2106 1897 μεν
2141 1827 2269 1891 τοὺς
2302 1825 2598 1899 λογισμοὺς
2633 1828 2860 1891 ἀσινεῖς.
2914 1827 3012 1881 Ἂν
3061 1828 3090 1882 6
3117 1827 3265 1882 κύων
3296 1829 3457 1899 σαίνῃ
3492 1827 3591 1899 μὲν
3620 1828 3688 1881 τὰ

2002 1913 2274 1984 πρόϐατα,
2327 1913 2587 1987 ἀγριαίνῃ
2641 1914 2700 1969 δὲ
2760 1914 2902 1970 κατά
2942 1914 3052 1968 τῶν
3111 1914 3218 1981 ἔξω
3277 1916 3368 1969 καὶ
3408 1917 3685 1988 ἀγρυπνῇ,

2000 2000 2162 2054 τοῦτο
2218 2001 2390 2072 ἀρετὴ
2440 2002 2622 2066 κυνός·
2661 2002 2765 2056 κᾶν
2814 2003 3084 2076 λιμώττῃ,
3143 2004 3218 2074 μὴ
3260 2003 3520 2073 γεύεσθαι
3580 2004 3687 2058 τῶν

2003 2086 2314 2158 προϐάτων·
2348 2085 2453 2140 κᾶν
2481 2087 2540 2141 ἐν
2597 2087 2878 2158 πλησμονῇ
3025 2089 3100 2159 μὴ
3141 2091 3419 2158 φείδεσθαι
3454 2092 3562 2144 τῶν
3593 2092 3688 2143 λύ-

2004 2191 2137 2228 κων.
2175 2171 2429 2228 Τοιοῦτον
2476 2175 2571 2227 xal
2618 2177 2647 2227 6
2698 2173 2890 2245 θυμός·
2947 2176 3053 2228 κᾶν
3103 2175 3387 2246 δάκνηται,
3427 2179 3527 2245 τῆς
3571 2183 3691 2231 επις

1987 2260 2212 2323 -εικείας
2276 2259 2352 2331 μὴ
2403 2259 2758 2328 ἀφίστασθαι·
2799 2260 2903 2316 κᾶν
2961 2263 3017 2315 ἐν
3056 2263 3259 2334 ἠσυχίᾳ
3308 2259 3363 2335 ᾖ,
3423 2263 3690 2334 διεγείρε-

2007 2349 2131 2402 σθαι
2162 2348 2300 2419 πρὸς
2334 2348 2460 2412 τοὺς
2489 2350 2760 2419 πονηροὺς
2792 2349 3107 2421 λογισμούς·
3146 2352 3239 2404 καὶ
3274 2351 3334 2404 16
3365 2351 3466 2422 μὲν
3492 2354 3693 2407 οἰκεῖον

2006 2437 2099 2490 xal
2153 2435 2389 2505 πλῆττον
2430 2433 2507 2506 μὴ
2563 2437 3024 2506 καταλιμπάνειν,
3087 2438 3203 2491 ἀλλ’
3263 2441 3691 2508 ἐπιγινώσκειν,

2006 2523 2066 2574 16
2102 2522 2158 2574 δὲ
2191 2521 2477 2592 ἀλλότριον
2530 2522 2625 2574 xal
2665 2524 2846 2576 σαῖνον
2884 2511 3277 2594 λυμαίνεσθαι.
3309 2525 3490 2580 Σαίνει
3515 2531 3543 2582 6
3579 2531 3695 2583 διά-

2008 2608 2162 2671 ϐολος
2198 2608 2463 2672 πολλάκις
2491 2608 2567 2672 ὡς
2603 2610 2632 2661 6
2658 2609 2829 2674 κύων,
2869 2611 3008 2665 ἀλλά
3034 2612 3227 2681 γνώτω
3268 2616 3396 2680 πᾶς,
3432 2616 3514 2669 ὅτι
3540 2617 3696 2671 ἀλλό-

2007 2697 2159 2768 τριός
2179 2695 2204 2736 ά
2226 2699 2398 2751 ἐστιν.
2437 2695 2597 2750 Οὕτω
2614 2697 2679 2768 δὴ
2703 2699 2799 2752 xal
2825 2700 2989 2770 ἡμεῖς
3024 2702 3126 2772 τὴν
3157 2703 3378 2776 ἀρετὴν,
3401 2704 3505 2759 κᾶν
3528 2705 3693 2778 λυπῇ,

2011 2785 2306 2856 σαίνωμεν·
2346 2786 2440 2838 καὶ
2473 2785 2575 2856 τὴν
2605 2786 2830 2854 κακίαν,
2863 2787 2968 2856 κᾶν
3008 2789 3298 2862 εὐφραίνῃ,
3331 2792 3696 2864 ἀττοστρεφώ⁹

2012 2874 2174 2944 μεθα.
2207 2874 2299 2945 Μὴ
2333 2874 2624 2945 γενώμεθα
2653 2875 2874 2947 χείρους
2896 2877 3007 2931 τῶν
3041 2879 3240 2944 κυνῶν,
3281 2881 3332 2933 οἳ
3367 2884 3698 2956 μαστιζόμε-

2012 2979 2090 3014 νοι
2130 2962 2226 3016 καὶ
2247 2961 2541 3034 ἀγχόμενοι
2600 2963 2700 3018 οὐκ
2734 2964 3084 3033 ἀφίστανται.
3131 2968 3228 3021 Ἂν
3283 2967 3341 3022 δὲ
3369 2970 3567 3034 αὐτοὺς
3609 2974 3702 3025 xal

2010 3051 2187 3122 τρέφῃ
2214 3050 2242 3103 6
2266 3050 2572 3122 ἀλλότριος,
2611 3050 2730 3116 πῶς
2761 3052 2822 3107 οὗ
2863 3053 3065 3124 μᾶλλον
3091 3053 3389 3124 βλάψουσιν
3422 3070 3481 3123 ες
3512 3061 3702 3116 Ἔστιν

2009 3142 2098 3194 ὅτε
2130 3141 2400 3212 χρήσιμος
2431 3143 2459 3194 6
2496 3141 2688 3212 θυμὸς,
2729 3142 2847 3196 ἀλλ’
2873 3143 3002 3197 ὅταν
3058 3144 3263 3216 ὑλακτῇ
3298 3147 3438 3200 κατά
3470 3148 3576 3201 τῶν
3609 3151 3704 3203 ἀλ-

2011 3229 2258 3302 λοτρίων.
2301 3231 2366 3283 Τί
2401 3231 2571 3295 ἐστιν,
2620 3230 2684 3284 '0
2709 3230 3083 3301 ὀργιζόμενος
3120 3233 3200 3301 τῷ
3239 3235 3482 3304 ἀδελφῷ
3516 3241 3704 3294 αὐτοῦ

2013 3316 2191 3387 είκῆ;
2233 3317 2386 3370 Ἀντὶ
2428 3316 2547 3383 τοῦ,
2589 3317 2682 3388 Μὴ
2723 3317 2899 3388 ἄμυνε
2939 3319 3142 3389 σαυτῷ,
3185 3323 3320 3391 μηδέ
3378 3325 3583 3377 ἐκδίκει
3640 3326 3705 3379 ἂν

2013 3405 2202 3475 ἕτερον
2232 3405 2348 3478 ἴδῃς
2387 3405 2782 3476 ἀπολλύμενον,
2818 3405 3008 3476 ὄρεξον
3070 3409 3249 3478 χεῖρα.
3287 3410 3401 3463 Ούκ
3427 3411 3509 3463 ἔτι
3535 3411 3707 3483 θυμὸς

2015 3492 2202 3546 λοιπὸν
2231 3492 2391 3545 τοῦτό
2420 3494 2591 3554 ἐστιν,
2627 3491 2757 3544 ὅταν
2789 3492 2889 3563 τῆς
2925 3493 3134 3557 οἰκείας
3173 3496 3517 3565 συμπαθείας
3538 3501 3710 3571 ἀπηλ-

2014 3580 2286 3652 λαγμένος
2306 3575 2394 3652 ᾗς.
2431 3577 2667 3632 Ἔλαϐεν
2703 3580 2731 3632 6
2763 3579 2928 3632 Δαυῖδ
2958 3581 3048 3634 16v
3091 3582 3283 3648 Σαοὺλ,
3313 3585 3408 3638 καὶ
3444 3587 3545 3640 οὐκ
3582 3587 3708 3640 ἐθυ-

2020 3670 2202 3741 μώθη,
2231 3670 2354 3723 οὐδὲ
2405 3667 2639 3738 ἐνέπηξε
2668 3668 2729 3722 16
2767 3669 2920 3742 δόρυ,
2973 3671 3066 3723 τὸν
3100 3671 3295 3742 ἐχθρὸν
3337 3673 3541 3735 λαϐὼν,
3591 3677 3708 3729 ἀλλ’

2017 3757 2268 3829 ἠμύνατο
2317 3755 2409 3811 τὸν
2447 3756 2717 3811 διάϐολον.
2760 3757 2817 3810 Ὀ
2857 3759 3120 3828 Μωῦσῆς,
3156 3761 3248 3812 ὅτε
3299 3761 3398 3830 μὲν
3428 3763 3709 3835 ἀλλότριον

2018 3847 2313 3903 ἀδικοῦντα
2366 3842 2497 3910 εἶδε,
2535 3846 2630 3900 xal
2670 3845 2904 3900 ἀνεῖλεν·
2947 3847 3036 3901 ὅτε
3096 3847 3153 3901 δὲ
3209 3849 3429 3915 οἰκεῖον,
3471 3853 3569 3905 οὐκ
3607 3853 3705 3906 ἔτι·

2017 3937 2156 3991 ἀλλά
2184 3936 2313 4000 τοὺς
2348 3935 2447 4006 μὲν
2481 3935 2749 4004 ἀδελφοὺς
2806 3935 3200 4007 κατήλλαττεν,
3237 3937 3484 4002 ἐκείνους
3529 3940 3585 3994 δὲ
3616 3942 3709 3994 xal

2019 4025 2314 4079 ἀπωθεῖτο.
2345 4022 2542 4076 Καίτοι
2596 4023 2906 4093 πραότατον
2942 4023 3104 4077 αὑτὸν
3141 4025 3389 4097 ὴΓραφὴ
3419 4032 3706 4100 μαρτυρεῖ,

2019 4115 2134 4168 ἀλλ’
2165 4116 2316 4184 ὅμως
2342 4108 2412 4182 ἦν
2447 4114 2541 4166 xal
2571 4112 3024 4184 διεγηγερμένος.
3072 4114 3213 4167 Ἀλλ’
3257 4115 3356 4186 οὐχ
3389 4119 3569 4187 ἡμεῖς·
3596 4121 3711 4174 ἀλλ’

2021 4203 2150 4256 ἔνθα
2190 4203 2288 4272 μὲν
2321 4200 2609 4272 πραότητα
2641 4199 3056 4255 ἐπιδείκνυσθαι
3083 4201 3213 4275 χρὴ,
3259 4203 3482 4258 πάντων
3503 4206 3711 4278 θηρίων

2020 4292 2188 4364 ἐσμὲν
2229 4289 2580 4362 ἀγριώτεροι·
2637 4289 2762 4343 ἔνθα
2794 4289 2850 4343 δὲ
2880 4290 3252 4362 διεγερθῆναι,
3294 4294 3511 4348 πάντων
3543 4296 3711 4351 νωθέ-

2023 4400 2202 4455 στεροι
2233 4383 2328 4437 καὶ
2367 4379 2750 4450 ὑπνηλότεροι.
2804 4379 2958 4433 Ἐπεὶ
2990 4376 3084 4434 οὖν
3107 4381 3208 4436 οὒκ
3263 4385 3342 4446 είς
3371 4384 3488 4436 δέον
3519 4390 3713 4457 κεχρὴ-

2026 4472 2170 4544 μεθα
2201 4473 2315 4531 τοῖς
2343 4469 2361 4508 ἲ
2390 4471 2446 4521 ἐν
2475 4469 2630 4539 ἡμῖν,
2661 4467 2752 4520 διά
2786 4485 2866 4521 τοι
2920 4467 3078 4523 τοῦτο
3111 4470 3206 4522 xal
3254 4471 3336 4534 είς
3362 4473 3514 4527 οὐδὲν
3540 4474 3658 4528 δέον
3685 4479 3711 4528 ὁ

2026 4561 2138 4631 βίος
2161 4560 2291 4630 ἡμῖν
2330 4555 2628 4610 ἀνάλωται.
2673 4554 2832 4608 Οὕτω
2884 4557 2980 4610 xal
3014 4556 3072 4611 ἐν
3112 4556 3385 4621 σκεύεσιν,
3421 4561 3513 4614 ἐὰν
3569 4564 3715 4635 ἄλλῳ

2022 4649 2199 4711 ἄλλως
2234 4642 2510 4716 χρήσηται
2538 4661 2646 4708 τις,
2682 4642 2752 4696 τὰ
2798 4643 2980 4698 πάντα
3008 4645 3325 4700 ἀπόλλυσιν·
3364 4645 3476 4701 οἷον
3514 4650 3578 4702 ἂν
3612 4653 3713 4720 μά.

2022 4753 2222 4809 χαιραν
2254 4733 2436 4789 λαϐών
2457 4750 2566 4796 τις,
2605 4732 2733 4784 ἔνθα
2765 4733 2901 4803 αὐτῇ
2958 4734 3196 4805 χρῆσθαι
3243 4735 3344 4800 δεῖ,
3383 4737 3458 4806 μὴ
3510 4739 3709 4809 χρῷτο,

2023 4826 2159 4880 ἀλλά
2210 4826 2276 4895 τῇ
2324 4821 2470 4893 χειρὶ
2522 4820 2685 4874 τοῦτο
2745 4824 2910 4886 ποιοῖ,
2967 4823 3118 4876 οὐδὲν
3177 4822 3338 4876 πλέον
3395 4825 3714 4896 ἐργάσεται·

2023 4916 2217 4984 ὥσπερ
2247 4912 2343 4966 xal
2397 4912 2426 4963 6
2484 4910 2614 4964 ἔνθα
2647 4914 2714 4981 τῇ
2746 4913 2894 4982 χειρί
2928 4911 3241 4982 χρήσασθαι
3293 4912 3420 4983 χρὴ,
3478 4915 3578 4983 τὴν
3613 4919 3716 4986 μά.

2024 5019 2225 5076 χαιραν
2283 4999 2707 5073 μεταχειρίζων,
2745 4998 2925 5052 πάντα
2958 4999 3023 5052 ἂν
3061 4998 3402 5055 ἀπολέσειεν.
3464 5000 3618 5058 Οὕτω
3653 5005 3717 5077 ὀὴ

2025 5093 2122 5148 xal
2159 5090 2366 5163 ἰατρὸς,
2402 5089 2531 5143 ἔνθα
2559 5087 2626 5142 ἂν
2654 5087 2876 5158 τέμνειν
2897 5086 3014 5160 δέῃ,
3060 5088 3136 5157 μὴ
3169 5088 3407 5158 τέμνων,
3467 5093 3559 5144 καὶ
3589 5092 3718 5147 ἔνθα

2025 5184 2090 5240 ἂν
2156 5186 2232 5254 μὴ
2288 5179 2417 5251 χρὴ,
2454 5177 2693 5248 τέμνων,
2736 5175 2917 5230 πάντα
2953 5174 3283 5246 διαφθείρει.
3338 5179 3428 5230 Διὸ
3465 5196 3717 5249 παρακαο

2025 5273 2125 5340 λῶ,
2164 5271 2326 5342 ἡμεῖς
2360 5269 2441 5332 εἰς
2479 5265 2674 5336 καιρὸν
2730 5263 2995 5336 χρώμεθα
3028 5264 3107 5335 τῷ
3160 5265 3471 5336 πράγματι.
3533 5270 3717 5341 Θυμοῦ

2027 5363 2136 5432 γὰρ
2185 5357 2375 5430 καιρὸς
2433 5353 2697 5425 οὐδαμοῦ,
2755 5355 2885 5407 ὅταν
2937 5354 3150 5416 ἑαυτοῖς
3199 5353 3506 5424 βοηθῶμεν-
3552 5358 3618 5410 ἂν
3666 5359 3721 5412 δὲ

2029 5449 2253 5520 ἐτέρους
2311 5443 2609 5515 διορθῶσαι
2651 5440 2778 5511 χρὴ,
2829 5441 2951 5494 τότε
3011 5440 3250 5510 μάλιστα
3296 5441 3447 5512 αύτῷ
3484 5445 3722 5515 χρῆσθαι

2027 5543 2127 5608 δεῖ,
2166 5542 2253 5595 ἵνα
2287 5538 2509 5608 ἐτέρους
2551 5533 2974 5605 ἐξαρπάσωμεν.
3024 5533 3184 5587 Οὕτω
3237 5535 3330 5587 xal
3369 5534 3563 5588 ίσόθεοι
3605 5524 3723 5590 606-

2034 5631 2196 5702 μεθα,
2248 5628 2310 5681 τὸ
2361 5628 2634 5697 ἀόργητον
2667 5620 2947 5692 πανταχοῦ
3004 5621 3413 5693 διατηροῦντες,
3472 5626 3564 5676 καὶ
3618 5626 3723 5681 τῶν

2098 5815 2118 5844 τ
2156 5811 2252 5861 Alii
2305 5810 2492 5873 θρασύς.
2538 5810 2668 5870 "Opi
2720 5813 2820 5864 πὼς
2865 5809 3171 5873 ᾁναλίσκεται
3214 5807 3480 5873 ἐπιείκειαᾷ
3517 5805 3554 5873 ’ἀ
3581 5805 3726 5855 Miid

2032 5877 2159 5922 κύων
2183 5869 2355 5922 εἱὸκοίι
2381 5869 2735 5932 imi/1619101.
2812 5885 2833 5910 ο
2872 5871 3158 5930 ’Λλλοτριοῃ
3195 5873 3276 5916 καὶ
3298 5869 3727 5929 οὕτωβὶάπτωσι,

2032 5939 2104 5992 δίο
2130 5938 2235 5988 alii.
2309 5934 2326 5976 ί
2353 5934 2455 5987 Alii
2480 5935 2811 5997 ὑπνηλότεροι,
2839 5933 3051 5995 οὐδαμοῦ
3075 5935 3135 5988 .‘i;
3164 5935 3268 5980 ϐίον
3294 5933 3572 5993 κῑγρτμζιοι
3610 5932 3721 5986 τοῖς,
