4068 6422
581 303 680 360 M3

578 413 731 475 Unde
757 429 901 471 mors
929 412 1073 469 illius
1097 410 1275 467 divina
1303 410 1437 466 laeta
1464 416 1548 465 est
1570 423 1584 460 :
1614 421 1736 461 nam
1767 404 2024 460 hactenus
2051 400 2166 455 ani-

575 511 765 565 mabus
805 507 1238 571 concedebatur,
1283 516 1340 559 ut
1386 506 1439 559 in
1480 501 1687 556 inferno
1729 507 1929 556 essent.
1978 495 2166 549 Omnes

571 613 741 655 autem
780 601 997 671 dispersi
1035 609 1153 654 sunt
1193 616 1282 668 per
1320 597 1544 666 regiones
1579 593 1779 646 Iudicas
1811 601 1854 644 et
1891 586 2162 644 Samaria.

573 693 792 762 Absque
818 701 961 746 metu
987 706 1106 745 cum
1134 687 1372 744 Samaria
1399 700 1458 740 se
1482 684 1851 742 commiscent,
1876 679 1964 748 qui
1989 676 2168 730 audie-

573 791 695 838 rant
734 802 748 835 :
789 782 858 836 In
898 785 1026 836 viam
1061 781 1283 852 gentium
1322 793 1385 831 ne
1422 775 1647 829 abieritis
1687 771 1910 844 (Matth.
1944 768 2031 824 10.
2064 765 2164 837 5).

580 877 772 930 Frater
809 875 1066 944 apostolos
1090 914 1106 936 ,
1136 869 1338 941 inquit;
1371 867 1662 923 ostendens
1693 864 1811 918 illos
1833 902 1850 925 ,
1882 871 1940 915 ut
1966 859 2044 915 sic
2071 859 2165 914 Ju-

574 972 718 1022 olzeos
738 967 1081 1028 adducerent,
1096 965 1367 1018 civitatem
1391 975 1494 1016 non
1519 957 1830 1027 reliquisse;
1852 953 1965 1008 sive
1980 953 2160 1014 etiam,

575 1069 626 1112 ιιι
656 1058 775 1112 aliis
803 1057 1006 1110 iiduci:e
1032 1065 1283 1110 auctores
1302 1060 1484 1108 essent
1526 1051 1576 1105 5.
1605 1047 1796 1103 Saulus
1821 1055 1988 1099 autem
2014 1043 2163 1097 deca-

571 1150 733 1204 stabat
761 1147 1040 1203 Ecclesium
1057 1190 1071 1212 ,
1101 1165 1190 1217 per
1215 1146 1390 1199 domos
1415 1143 1628 1202 intrans,
1657 1149 1705 1193 et
1733 1141 1935 1192 trahens
1961 1137 2093 1190 viros
2119 1144 2165 1188 ct

572 1243 825 1308 mulieres,
849 1243 1077 1296 tradebat
1099 1241 1151 1294 in
1180 1238 1479 1294 custodiam.
1507 1235 1726 1304 Magnus
1752 1233 1918 1298 furor,
1945 1239 1999 1286 et
2021 1228 2162 1300 quod

574 1335 721 1389 solus
748 1341 888 1389 cssct
910 1374 925 1399 ,
957 1343 1010 1388 et
1038 1331 1180 1402 quod
1210 1331 1261 1385 in
1292 1330 1483 1384 domos
1522 1328 1742 1381 intraret
1773 1343 1784 1377 :
1815 1325 1885 1377 ita
1930 1322 2162 1375 animam

572 1443 723 1481 suam
756 1442 851 1494 pro
883 1425 998 1495 lege
1027 1424 1208 1479 dabat.
1245 1422 1493 1483 Trahens,
1525 1419 1728 1488 inquit,
1757 1417 1888 1468 viros
1914 1424 1960 1467 et
1987 1412 2164 1465 mulie-

572 1535 669 1572 res.
696 1517 827 1572 Vide
851 1516 1141 1579 licentiam,
1161 1513 1535 1570 contumeliam
1559 1521 1614 1563 ot
1636 1509 1916 1564 insaniam.
1939 1505 2160 1569 Omnes,

571 1610 658 1676 qui
690 1609 741 1661 in
773 1623 962 1662 manus
992 1621 1116 1660 suas
1145 1604 1472 1669 incidebant,
1504 1603 1650 1656 mille
1679 1599 1946 1653 afliciehat
1974 1598 2126 1650 malis
2145 1636 2160 1660 ,

574 1710 753 1768 utpote
780 1700 848 1753 ab
889 1699 986 1752 hac
1018 1711 1148 1751 nece
1185 1695 1438 1750 audacior
1471 1694 1658 1748 lactus.
1690 1693 1744 1746 4.
1777 1689 1944 1761 Igitur
1967 1688 2052 1759 qui
2081 1687 2158 1739 di-

572 1792 730 1860 spersi
775 1798 958 1856 erant,
1007 1788 1327 1852 transibant,
1378 1785 1780 1856 erangelizuntes
1837 1781 2057 1835 verbum.
2105 1778 2158 1833 5.

577 1882 846 1951 Philippus
891 1891 1060 1934 autem
1114 1879 1420 1932 descendens
1465 1878 1517 1929 in
1566 1877 1816 1928 civitatem
1865 1871 2118 1926 Samaria:
2145 1909 2158 1933 ,

569 1974 876 2042 pra'dicabat
914 1975 1015 2027 illis
1043 1973 1320 2025 Christum.
1357 1971 1410 2023 6.
1445 1966 1780 2021 lntendebant
1807 1974 1973 2017 autem
2005 1963 2164 2016 turba:

570 2065 755 2118 unaniu
781 2067 872 2118 iter
902 2065 980 2128 iis,
1013 2079 1125 2133 qtae
1150 2081 1180 2115 a
1215 2061 1460 2131 Philippo
1489 2061 1801 2122 dicebantur,
1832 2059 2089 2110 audientes
2116 2065 2164 2109 et

569 2157 786 2210 videntes
835 2156 981 2225 signa
1024 2172 1135 2223 qua:
1179 2155 1414 2224 faciebat.
1445 2154 1496 2206 7.
1524 2153 1564 2205 Α
1592 2151 1760 2204 multis
1791 2149 1922 2202 enim
1949 2163 2121 2201 eorum
2145 2188 2160 2212 ,

569 2249 653 2316 qui
679 2248 924 2300 habebant
956 2247 1162 2314 spiritus
1191 2245 1500 2310 immundos,
1530 2245 1806 2296 clamantes
1835 2257 1952 2294 voce
1977 2256 2163 2309 magna

568 2341 768 2392 exibant
811 2358 826 2390 :
879 2339 932 2393 8.
985 2339 1140 2392 Multi
1181 2339 1333 2391 etiam
1380 2334 1652 2406 paralytici
1691 2345 1738 2388 et
1783 2333 1954 2387 claudi
1997 2325 2160 2385 curati

569 2437 704 2482 sunt.
742 2429 796 2484 9.
841 2428 1156 2500 Factumque
1184 2439 1256 2483 est
1286 2428 1528 2497 gaudium
1571 2441 1808 2497 nmgnunt
1837 2425 1890 2478 in
1921 2423 2010 2476 illa
2039 2421 2161 2474 civi-

566 2511 684 2574 tate.
717 2520 809 2575 Vir
836 2533 1002 2575 autem
1027 2523 1235 2592 quidam
1265 2521 1465 2574 nomine
1495 2520 1694 2580 Simon,
1722 2520 1805 2587 qui
1833 2527 1948 2570 ante
1972 2525 2078 2568 erat
2107 2515 2160 2568 in

565 2615 765 2666 ciritate
809 2630 986 2685 magus
1009 2655 1024 2679 ,
1063 2615 1305 2667 seducens
1346 2622 1544 2680 gentem
1584 2610 1838 2664 Samaria:
1861 2651 1875 2675 ,
1909 2609 2080 2661 dicens
2109 2624 2162 2661 se

565 2722 672 2757 esse
709 2706 925 2775 aliquem
962 2721 1201 2772 magnum
1237 2720 1257 2757 :
1300 2703 1383 2758 10.
1417 2703 1500 2755 cui
1536 2702 1890 2754 auscultabunt
1927 2715 2100 2752 omnes
2128 2717 2160 2752 a

562 2797 770 2850 minimo
795 2813 951 2865 usque
970 2795 1039 2849 ad
1063 2799 1363 2858 maximum,
1389 2794 1629 2856 dicentes,
1659 2791 1757 2845 llic
1783 2800 1853 2845 est
1879 2791 2036 2844 uirtus
2063 2789 2160 2843 Dei

563 2906 769 2960 nmgna.
795 2889 927 2944 V’ide
951 2889 1079 2943 mihi
1102 2889 1260 2944 aliam
1288 2887 1661 2950 tcntationem,
1688 2899 1878 2952 nempe
1899 2882 2154 2938 Simonis.

568 2983 653 3035 il.
680 2981 1011 3034 Attendebant
1031 2991 1197 3033 autem
1217 2981 1262 3033 ei
1288 2978 1461 3039 turbtv,
1486 2986 1691 3047 propter
1710 2979 1842 3044 quod
1864 2975 2022 3028 multo
2043 2987 2152 3029 tem-

569 3090 689 3141 pore
709 3074 888 3142 magiis
907 3073 1012 3127 suis
1035 3071 1366 3124 dementasset
1392 3086 1494 3123 eos.
1524 3069 1606 3121 l2.
1633 3067 1758 3121 Cum
1779 3084 1894 3120 vero
1914 3068 2130 3122 credidis

563 3175 671 3216 sent
711 3161 956 3232 Philippo
997 3161 1362 3232 euangelizanti
1388 3160 1451 3212 de
1480 3174 1633 3228 regno
1660 3158 1756 3211 Dei
1783 3167 1829 3210 et
1856 3157 1919 3211 de
1956 3158 2159 3210 nomine

564 3252 687 3306 Jesu
729 3253 952 3320 Christi,
985 3253 1372 3321 baptizabantur
1401 3251 1494 3304 viri
1525 3261 1569 3302 et
1601 3249 1854 3303 mulieres.
1895 3249 1980 3303 l5.
2012 3246 2158 3300 Tunc

566 3345 746 3398 Simon
774 3354 817 3397 et
843 3347 950 3412 ipse
973 3343 1208 3407 credidit,
1233 3353 1279 3394 et
1302 3357 1414 3393 cum
1441 3341 1720 3410 baptizatus
1744 3351 1890 3405 esset,
1919 3339 2153 3393 adltarre-

563 3435 648 3490 bat
683 3434 940 3504 Philippo.
990 3435 1178 3488 Videas
1218 3439 1368 3487 etiam
1410 3433 1557 3503 signa
1590 3443 1638 3487 et
1667 3433 1874 3486 virtutes
1910 3435 2158 3486 maximas

565 3527 717 3593 fieri,
757 3537 964 3595 stupens
996 3527 1363 3580 admirabatur.
1399 3525 1484 3579 Η.
1529 3524 1657 3578 Cum
1695 3526 1950 3578 audissent
1991 3535 2158 3578 autent

564 3619 801 3687 apOs'ltJIi,
825 3619 910 3688 qui
931 3629 1073 3672 erant
1093 3617 1446 3688 Jerosolymis,
1469 3616 1604 3686 quod
1625 3619 1890 3684 recepisset
1915 3617 2157 3670 Samaria

563 3707 765 3761 verbum
795 3708 909 3775 Dei,
937 3712 1178 3763 miserunt
1203 3711 1271 3761 ad
1297 3709 1412 3762 illos
1443 3707 1648 3761 Petrum
1673 3717 1720 3760 et
1746 3705 1996 3762 Joannem
2021 3723 2039 3761 :
2067 3708 2152 3762 l5.

562 3801 648 3868 qui
695 3817 808 3852 cum
854 3802 1134 3865 venissent,
1178 3810 1446 3853 orarerunt
1487 3817 1577 3868 pro
1618 3799 1743 3868 ipsis
1783 3809 1836 3856 ut
1874 3800 2158 3873 accipereut

564 3892 816 3960 Spiritum
855 3900 1104 3944 sanctum.
1149 3892 1236 3944 16.
1289 3890 1534 3947 Nondum
1583 3891 1715 3946 enim
1761 3893 1813 3946 in
1855 3910 2156 3964 quemquam

561 3983 768 4040 illorum
805 3991 1038 4052 venerat,
1070 3985 1158 4039 sed
1193 3987 1434 4055 baptizati
1469 3994 1663 4038 tantum
1697 3995 1838 4037 erant
1873 3985 1922 4036 in
1957 3986 2158 4041 nomine

564 4078 770 4134 Domini
816 4079 960 4135 Jesu.
996 4081 1079 4133 17.
1114 4080 1254 4133 Tunc
1285 4079 1606 4147 imponebant
1638 4094 1819 4130 manus
1848 4094 1998 4145 super
2027 4093 2114 4131 eos
2138 4121 2154 4146 ,

566 4180 612 4223 et
642 4171 952 4239 accipiebant
983 4171 1236 4240 Spiritum
1262 4180 1511 4224 sanctum.
1548 4168 1632 4222 18.
1669 4168 1792 4220 Cum
1825 4167 2025 4220 uidisset
2061 4183 2158 4220 au-

567 4273 664 4314 tent
703 4261 881 4315 Simon
906 4303 919 4326 ,
952 4263 1072 4328 quia
1099 4279 1185 4330 per
1213 4262 1579 4332 impositioncm
1608 4277 1785 4312 manus
1811 4259 2160 4328 apostolorum

567 4353 775 4405 daretur
802 4352 1028 4421 Spiritus
1059 4363 1259 4406 sanctus
1281 4394 1294 4418 ,
1326 4353 1498 4405 obtulit
1525 4353 1594 4405 eis
1623 4352 1887 4420 pecuniam
1911 4392 1925 4416 ,
1960 4351 2040 4406 l9.
2075 4349 2160 4403 di-

567 4459 682 4496 cens
707 4459 724 4496 .'
751 4443 885 4497 Date
912 4452 956 4496 et
989 4444 1113 4496 mihi
1139 4445 1268 4496 hanc
1300 4453 1620 4513 potestatem,
1654 4453 1708 4494 ut
1737 4444 2030 4512 cuicumque
2057 4443 2157 4494 im-

569 4550 780 4602 posuere
809 4550 1009 4600 manus,
1040 4535 1258 4601 accipiat
1287 4534 1537 4602 Spiritum
1564 4545 1813 4586 sanctum.
1839 4534 2120 4600 Quomodo
2143 4577 2156 4600 ,

569 4624 798 4693 inquies,
835 4626 884 4678 hi
916 4626 1172 4694 Spiritum
1205 4643 1308 4678 non
1339 4627 1692 4694 accieperant?
1722 4626 1976 4694 Spiritum
2009 4641 2162 4680 accc-

573 4724 760 4782 pcrant
789 4717 1134 4781 remissionis,
1162 4718 1414 4784 Spiritum
1445 4732 1570 4770 vero
1595 4716 1867 4786 signorum
1901 4715 2158 4770 nondum.

577 4803 728 4868 Vide,
758 4806 1029 4875 quomodo
1061 4807 1160 4860 hoc
1187 4823 1414 4862 cernens
1441 4806 1654 4871 Simon,
1683 4810 1909 4862 accessit
1936 4807 2038 4862 hoc
2071 4823 2162 4877 pc-

574 4905 713 4949 tcns.
750 4895 969 4950 Etiamsi
1001 4913 1124 4950 vero
1157 4908 1280 4952 tunc
1309 4899 1536 4952 maxime
1565 4901 1906 4969 persequutio
1935 4899 2160 4970 vigeret,

575 4997 809 5042 attamen
845 4989 984 5044 Deus
1025 4991 1166 5058 ipscis
1210 5007 1420 5044 rursum
1467 4991 1710 5045 liberavit
1749 4995 2018 5061 signorum
2061 5009 2165 5061 0pc

578 5082 828 5134 munitos.
870 5080 1053 5152 Neque
1083 5085 1223 5136 enim
1259 5099 1402 5136 mors
1440 5085 1694 5153 Stephani
1727 5084 1933 5138 illorum
1971 5086 2166 5139 restin-

580 5173 654 5224 xit
685 5172 916 5227 furorem
939 5215 955 5242 ,
988 5176 1094 5227 imo
1125 5177 1289 5246 magis
1315 5177 1496 5239 auxit;
1530 5177 1757 5246 ideoque
1785 5176 2166 5245 disperguntur

576 5262 824 5318 doctores
848 5305 864 5329 ,
899 5274 955 5319 ut
995 5265 1238 5321 doctrinm
1278 5268 1502 5337 amplius
1540 5276 1881 5336 propagetur.
1913 5267 2015 5321 Sed
2049 5266 2166 5319 vide

577 5355 771 5409 iterum
811 5357 930 5412 illos
971 5358 1021 5410 in
1066 5359 1217 5412 bonis
1251 5367 1524 5412 versantes
1550 5399 1563 5424 ,
1597 5369 1650 5412 et
1682 5359 1732 5411 in
1773 5357 1968 5426 gaudio
2001 5375 2013 5409 :
2045 5373 2164 5410 nam

573 5447 648 5500 ait
679 5464 692 5498 :
727 5445 946 5501 Factum
975 5462 1046 5502 est
1075 5453 1317 5520 gaudium
1349 5467 1587 5522 magnum
1617 5451 1667 5502 in
1695 5452 1928 5512 civitate;
1959 5450 2164 5503 etiamsi

575 5535 753 5596 luctus
780 5555 991 5611 quoque
1023 5556 1244 5610 magnus
1276 5542 1454 5597 fuerit.
1501 5541 1590 5595 Sic
1619 5541 1753 5594 solet
1787 5541 1926 5593 Deus
1958 5557 2170 5608 semper

579 5635 754 5691 facere
780 5676 795 5701 ,
825 5634 1064 5688 tristibus
1095 5648 1285 5702 nempe
1317 5635 1434 5688 laeta
1465 5632 1760 5686 admiscere
1788 5671 1801 5694 ,
1832 5641 1888 5684 ut
1919 5633 2086 5699 inagis
2117 5633 2168 5684 in

581 5727 928 5782 admiratione
961 5728 1045 5780 sit.
1078 5727 1118 5780 Δ
1153 5724 1319 5779 multo
1348 5735 1520 5781 autem
1558 5724 1668 5794 jam
1707 5731 1946 5786 tempore
1975 5722 2164 5776 morbo

1323 297 1380 352 S.
1410 293 1684 351 JOANNIS
1711 285 2183 348 οιιῐιγεοετολιι
2220 285 2541 342 ABCIIIEP.
2571 287 3106 347 CONSTANTINOP.

3775 287 3883 341 tu

2278 401 2555 457 laborabat
2578 404 2799 468 Simon;
2833 406 2972 462 unde
3022 420 3193 476 neque
3235 406 3313 461 sic
3354 406 3424 460 ab
3464 405 3554 460 illo
3586 405 3873 461 liberatur.

2273 493 2554 558 Quomodo
2601 505 2780 550 autem
2828 497 2977 550 illum
3023 497 3350 567 baptizavit?
3391 498 3541 553 Sicut
3583 509 3639 555 et
3675 497 3874 553 ludam

2274 584 2517 639 Christus
2538 586 2718 656 elegit.
2744 587 2841 642 llic
2865 589 3013 659 signa
3041 591 3251 655 videns.
3275 591 3604 661 obstupescit
3626 591 3870 660 quidem,

2275 691 2379 729 non
2405 677 2564 731 audet
2585 693 2715 731 vero
2736 680 2960 749 gratiam
2983 681 3258 750 signorum
3287 691 3486 752 petere.
3518 683 3640 751 quia
3665 682 3872 737 sciebat

2273 765 2432 819 etiam
2464 768 2600 820 alios
2627 769 2866 827 nondum
2893 771 3188 838 accepisse.
3217 772 3500 838 Quomodo
3530 773 3695 842 igitur
3719 771 3871 826 illum

2275 873 2380 912 non
2422 859 2737 916 occiderunt
2778 863 2910 917 sicut
2955 865 3215 917 Ananiam
3248 875 3300 918 et
3344 865 3710 935 Sapphiram?
3735 865 3870 934 Quia

2271 951 2432 1004 etiam
2479 953 2605 1006 olim
2652 955 2733 1018 is,
2763 957 2852 1025 qui
2899 956 3036 1026 ligna
3077 959 3406 1028 collegerat,
3441 960 3654 1014 occisus
3695 969 3778 1014 est
3817 977 3870 1014 tn

2272 1045 2609 1114 exemplum;
2642 1062 2813 1115 neque
2843 1050 2982 1104 ultra
3011 1051 3146 1103 alius
3172 1053 3435 1120 quispiam
3466 1053 3517 1106 id
3547 1068 3740 1122 passus
3764 1061 3869 1108 est.

2273 1133 2364 1188 Sic
2391 1145 2446 1189 et
2472 1153 2613 1190 nunc
2654 1138 2839 1191 Petrus
2873 1139 2997 1195 facit
3028 1159 3039 1193 :
3070 1142 3277 1205 ἰΙΙίς-ςιιιτ
3316 1145 3514 1212 punitis
3539 1187 3553 1210 ,
3587 1144 3732 1200 hunc
3759 1163 3871 1200 non

2274 1229 2443 1294 pttnit.
2477 1229 2572 1284 sed
2603 1231 2676 1284 ait
2707 1231 2778 1284 illi
2811 1249 2825 1284 :
2852 1233 2941 1287 ΞΟ.
2977 1232 3203 1287 Pecunia
3228 1245 3315 1289 tua
3340 1247 3499 1289 tecum
3524 1238 3586 1289 sit
3617 1238 3668 1290 in
3698 1240 3874 1306 perdi-

2273 1319 2477 1384 tionem,
2505 1322 2742 1385 quoniam
2777 1325 2966 1376 donum
3000 1324 3092 1378 Dei
3121 1329 3311 1392 putasti
3341 1329 3552 1396 pecunia
3578 1330 3796 1400 acquiri.

2344 1413 2398 1466 ὅ.
2431 1413 2533 1466 Cur
2558 1430 2588 1465 a
2624 1413 2864 1483 Philippo
2893 1417 3131 1484 baptizati
3159 1435 3257 1470 non
3285 1431 3587 1488 acceperunt
3616 1421 3873 1492 Spiritum

2272 1514 2520 1558 sanctum.
2554 1505 2782 1559 Ilisloria
2814 1507 3039 1562 Simonis
3065 1511 3405 1564 continuatur.
3441 1510 3658 1566 Nullum
3690 1531 3872 1584 pecca-

2273 1605 2377 1647 tum
2404 1613 2503 1649 non
2531 1599 2800 1651 remittitur
2825 1601 3180 1670 pwnitenti.—
3201 1601 3266 1656 Et
3285 1619 3379 1657 cur
3406 1603 3457 1657 bi
3484 1605 3735 1673 hapizati
3761 1622 3871 1659 non

2271 1697 2594 1755 acceperant
2632 1688 2889 1759 Spiritum
2939 1693 3221 1746 sanctum?
3268 1692 3364 1748 Vel
3417 1697 3540 1762 quia
3593 1695 3875 1763 Philippus

2271 1779 2400 1835 dare
2427 1798 2588 1837 ausus
2619 1798 2723 1837 non
2753 1794 2866 1838 erat
2887 1827 2900 1847 ,
2933 1783 3073 1838 lumc
3103 1799 3385 1842 reservans
3409 1788 3667 1857 apostolis
3701 1788 3876 1842 haun-

2271 1886 2419 1933 rem;
2451 1875 2563 1928 sive
2591 1875 2716 1945 quia
2750 1875 2850 1930 hoc
2875 1860 3139 1932 charisma
3169 1893 3276 1931 non
3299 1877 3528 1934 habebat
3555 1881 3695 1948 (erat
3724 1886 3873 1935 enim

2271 1981 2334 2017 cx
2369 1965 2470 2020 illis
2499 1967 2743 2040 septem)
2775 1988 2788 2022 :
2819 1969 2870 2024 id
2915 1970 3055 2040 quod
3097 1969 3264 2040 magis
3301 1970 3513 2025 videtur
3557 1971 3870 2028 dicendum.

2273 2056 2406 2112 l’uto
2437 2067 2586 2114 certe
2618 2059 2762 2115 lnmc
2788 2060 3093 2132 Philippum
3119 2076 3182 2115 ex
3216 2072 3422 2131 septem
3456 2062 3560 2116 illis
3585 2077 3707 2118 esse
3730 2105 3746 2127 ,
3781 2079 3874 2118 se-

2271 2151 2502 2206 cundum
2545 2168 2571 2205 a
2611 2153 2949 2222 Stephano‘.
2982 2153 3340 2221 Quamobrem
3371 2171 3492 2209 cum
3534 2156 3869 2224 baptizaret,

2271 2245 2526 2315 Spiritqu
2558 2247 2835 2315 baptizatis
2867 2263 2971 2302 non
3003 2247 3164 2302 dabat
3206 2267 3218 2302 :
3259 2264 3432 2318 neque
3461 2248 3602 2303 cnim
3635 2257 3876 2316 potesta-

2272 2347 2375 2392 tem
2421 2339 2681 2400 habt-bat;
2734 2338 2835 2393 hoc
2862 2341 3059 2408 quippe
3088 2339 3288 2393 donum
3328 2339 3610 2393 duodecim
3652 2339 3872 2393 illorum

2270 2438 2471 2482 tantum
2493 2438 2626 2483 erat.
2651 2429 2928 2498 Perpende
2957 2441 3135 2485 autem
3169 2449 3182 2484 :
3215 2431 3288 2484 illi
3319 2446 3422 2484 non
3456 2431 3731 2495 exierant;
3764 2432 3872 2487 dis-

2270 2534 2547 2590 pensatnm
2604 2533 2705 2587 est,
2741 2531 2798 2576 nt
2853 2523 2883 2575 ii
2924 2522 3167 2587 exirent,
3209 2522 3298 2590 qui
3332 2523 3592 2577 minorem
3635 2524 3869 2593 gratiam

2270 2617 2567 2678 habebant,
2608 2617 2748 2685 quod
2788 2617 3022 2668 nondum
3065 2617 3396 2684 accepissent
3435 2614 3694 2685 Spiritum
3738 2631 3870 2671 san-

2269 2719 2433 2762 etum.
2471 2708 2794 2763 Potestatem
2825 2710 3039 2778 quidem
3071 2719 3390 2777 acceperant
3421 2709 3646 2763 faciendi
3677 2710 3828 2780 signa
3852 2751 3870 2777 ,

2267 2817 2372 2853 non
2399 2811 2579 2854 autem
2607 2799 2862 2869 Spiritum
2893 2801 3015 2855 aliis
3041 2800 3223 2855 dandi.
3257 2801 3420 2870 Igitur
3447 2801 3564 2855 lucc
3588 2801 3875 2870 apostolu-

2269 2909 2382 2946 rnm
2410 2902 2524 2946 erat
2565 2894 2949 2964 praerogativa;
2995 2893 3223 2963 ideoque
3263 2903 3317 2948 et
3357 2893 3715 2965 coryphmos,
3760 2910 3871 2950 non

2266 2986 2420 3051 alios,
2451 2984 2634 3039 videre
2657 2994 2742 3039 est
2770 2985 2870 3039 hoc
2898 2985 3098 3041 facere.
3136 2983 3321 3039 Videns
3350 2995 3521 3040 autem
3549 2985 3729 3039 Simon
3747 3027 3761 3048 .
3795 2987 3875 3040 in-

2266 3078 2409 3149 quit,
2433 3078 2571 3146 quod
2601 3095 2688 3147 per
2713 3077 3082 3146 impositionem
3118 3093 3359 3129 manuum
3387 3078 3732 3146 apostolorum
3773 3077 3874 3130 da-

2264 3181 2401 3225 retur
2429 3171 2657 3239 Spiritus
2683 3181 2911 3224 sanctus.
2943 3169 3056 3224 Non
3085 3170 3162 3225 sic
3187 3167 3441 3235 dixisset,
3473 3170 3572 3224 nisi
3611 3169 3874 3225 sensibile

2264 3263 2536 3334 quidpiam
2563 3263 2758 3318 factum
2785 3261 2993 3335 luisset.
3024 3260 3135 3316 Hoc
3155 3271 3208 3315 et
3231 3261 3426 3316 Paulus
3454 3259 3577 3315 fecit
3599 3301 3614 3330 ,
3637 3275 3765 3319 cum
3792 3263 3874 3319 lo-

2264 3364 2556 3426 querentur
2584 3354 2796 3425 linguis.
2829 3353 3073 3408 Vidistin‘
3099 3353 3334 3412 Simonis
3359 3353 3578 3411 scelus?
3603 3356 3874 3413 Pecunias

2265 3448 2477 3501 obtulit.
2507 3447 2664 3517 Atqui
2689 3462 2794 3500 non
2815 3445 3021 3504 viderat
3051 3444 3199 3503 illum
3223 3463 3320 3519 pro
3339 3447 3562 3517 pecunia
3589 3447 3638 3502 id
3668 3446 3872 3502 facien-

2269 3553 2373 3595 tem
2406 3561 2418 3594 :
2455 3540 2596 3596 unde
2625 3555 2731 3598 non
2760 3540 3058 3614 ignorantis
3085 3557 3220 3612 opus
3249 3551 3364 3598 erat
3386 3582 3401 3606 ,
3442 3540 3535 3596 scd
3571 3540 3828 3595 tcntantis
3853 3582 3870 3605 ,

2265 3644 2320 3687 et
2347 3632 2574 3693 volentis
2599 3636 2800 3691 crimen
2829 3636 3112 3691 intentare.
3142 3632 3371 3703 ideoque
3397 3632 3544 3687 audit
3579 3651 3592 3686 :
3623 3632 3713 3686 2|.
3746 3629 3874 3686 Non

2266 3740 2338 3785 est
2365 3729 2452 3782 tibi
2479 3746 2597 3792 pars
2625 3744 2784 3796 neque
2811 3743 2920 3781 sors
2949 3728 3002 3779 iu
3029 3741 3260 3780 sermone
3285 3725 3381 3778 isto
3409 3739 3427 3777 :
3454 3741 3543 3777 cor
3568 3725 3699 3777 enim
3729 3735 3874 3778 tuum

2267 3839 2367 3876 non
2396 3831 2468 3874 est
2491 3830 2683 3874 rectum
2705 3835 2877 3873 coram
2900 3817 3027 3872 Deo.
3057 3816 3254 3872 lterum
3282 3833 3406 3887 qua:
3435 3817 3485 3870 in
3515 3827 3693 3871 mente
3714 3827 3877 3870 erant

2263 3916 2419 3971 all‘ert
2450 3916 2500 3969 in
2532 3915 2764 3969 medium
2787 3955 2800 3977 ,
2831 3915 2952 3982 quia
2986 3913 3074 3966 ille
3097 3927 3155 3966 se
3177 3912 3342 3966 latere
3365 3911 3604 3981 putabat.
3633 3910 3722 3964 Ἠ..
3753 3911 3876 3966 Pa:-

2266 4010 2528 4064 nitenliam
2554 4009 2720 4078 itaque
2745 4024 2837 4078 age
2863 4008 2926 4060 ab
2953 4008 3048 4060 hac
3079 4007 3300 4072 nequitia
3327 4015 3414 4058 tua
3432 4048 3445 4068 ,
3472 4015 3516 4058 et
3544 4021 3670 4074 roga
3701 4003 3876 4058 Domi-

2265 4117 2386 4155 num
2408 4142 2422 4164 ,
2465 4101 2507 4155 si
2549 4105 2680 4170 forte
2719 4101 3003 4152 remittatur
3034 4097 3122 4151 tibi
3155 4099 3262 4151 ha'c
3293 4097 3531 4168 cogitatio
3559 4096 3729 4150 tardis
3775 4098 3870 4149 tui.

2264 4193 2355 4248 25.
2386 4190 2452 4245 1η
2486 4191 2603 4260 felle
2631 4189 2761 4242 enim
2798 4189 3186 4251 amaritudinis,
3217 4196 3263 4241 et
3288 4187 3340 4240 iu
3367 4189 3564 4240 vinculo
3591 4189 3876 4257 iniquitais

2266 4286 2410 4340 video
2438 4296 2485 4338 te
2511 4301 2636 4340 esse.
2667 4284 2759 4338 24.
2785 4282 3116 4352 Respondeas
3143 4293 3310 4336 autem
3339 4281 3521 4337 Simon
3547 4283 3675 4336 dixit
3701 4300 3718 4336 :
3749 4283 3876 4338 Preo

2267 4379 2455 4432 camini
2485 4394 2570 4431 vos
2603 4394 2695 4445 pro
2725 4393 2803 4429 me
2831 4375 2899 4428 ad
2927 4374 3238 4439 Dominum,
3272 4384 3326 4428 ut
3354 4375 3486 4428 nihil
3515 4375 3680 4429 reniat
3722 4392 3878 4446 super

2267 4487 2346 4524 me
2368 4473 2549 4524 horum
2569 4486 2681 4540 qua:
2699 4471 2915 4524 ducistis.
2939 4468 3074 4523 Cum
3099 4468 3425 4536 oportuisset
3448 4466 3595 4520 illiilli
3619 4483 3682 4521 ex
3709 4468 3878 4522 corde

2269 4563 2637 4632 pteniteutiam
2678 4576 2837 4630 agerc
2866 4569 2920 4615 et
2948 4557 3076 4612 ﬂere
3098 4599 3112 4624 ,
3156 4558 3245 4611 ille
3276 4557 3635 4625 perfunctorie
3667 4567 3876 4610 tantum

2272 4656 2370 4709 hoc
2398 4653 2542 4708 facit.
2571 4653 2630 4708 Si
2653 4653 2783 4722 forte
2807 4653 3096 4705 remittatur
3116 4650 3222 4702 tibi.
3246 4648 3355 4702 Hoc
3381 4648 3572 4716 inquit.
3600 4663 3706 4701 non
3731 4648 3877 4718 quod

2272 4766 2375 4803 non
2407 4748 2688 4802 remissum
2718 4747 2904 4801 fuisset
2947 4744 3058 4809 illi,
3103 4744 3146 4817 si
3180 4743 3474 4811 plorasset;
3517 4739 3612 4794 sed
3645 4757 3766 4793 mos
3797 4751 3877 4794 cst

2270 4841 2430 4894 etiam
2460 4840 2735 4909 prophetis
2764 4838 2936 4892 solum
2967 4837 3234 4904 denegare
3254 4876 3270 4900 ,
3304 4849 3402 4888 nec
3430 4832 3610 4888 dicere
3645 4851 3656 4886 :
3691 4833 3748 4887 Si
3775 4849 3879 4887 au-

2273 4947 2382 4992 tem
2409 4933 2509 4987 hoc
2540 4931 2752 4996 feceris,
2781 4927 3171 4984 condonabitur
3195 4925 3284 4981 tibi
3309 4942 3324 4991 ;
3353 4924 3448 4980 sed
3480 4924 3707 4979 omnino
3740 4925 3880 4977 futu-

2274 5042 2386 5080 ram
2419 5039 2630 5095 pennam
2661 5021 3000 5076 denuntiare.
3044 5017 3122 5070 Τιι
3166 5032 3292 5070 vero
3333 5015 3527 5069 mirare
3552 5055 3568 5077 ,
3601 5013 3881 5082 qumuodo

2275 5120 2325 5173 in
2358 5121 2599 5186 tempore
2627 5111 2947 5170 calamitatis
2988 5125 3092 5163 non
3139 5108 3444 5178 negligant,
3484 5105 3577 5160 sed
3609 5107 3877 5175 prutdica-

2340 5298 2353 5326 ι
2390 5294 2532 5344 Savil.
2565 5295 2638 5343 sic
2682 5291 2863 5347 habet,
2889 5288 3017 5338 unde
3050 5286 3169 5338 mihi
3193 5286 3381 5337 videtur
3422 5283 3551 5335 hunc
3599 5285 3879 5348 Philippum

2277 5358 2294 5418 (
2319 5359 2403 5419 qui
2430 5357 2684 5404 solitariam
2719 5353 2776 5419 ad
2817 5351 2979 5419 fidem
3001 5352 3248 5419 convertit
3272 5351 3291 5411 )
3314 5360 3587 5419 unum-csse
3611 5361 3637 5396 e
3660 5357 3846 5417 septem
3864 5386 3877 5405 ,

2243 5416 2248 5419 ’
2275 5408 2544 5467 secundum
2566 5430 2596 5464 a
2621 5415 2895 5477 Stephano;
2926 5411 3202 5477 Philippum
3239 5408 3563 5477 autem_il_lum
3588 5409 3687 5477 qui
3716 5408 3878 5458 Etim:-

2275 5481 2418 5530 chum
2441 5470 2714 5536 baptizavit,
2737 5487 2802 5525 ea:
2824 5470 3145 5532 apostolorum
3177 5485 3376 5523 numero
3398 5470 3561 5536 fuisse.
3590 5470 3651 5519 At
3675 5472 3768 5520 hoc
3795 5486 3879 5531 po-

2275 5532 2512 5592 stremum
2534 5532 2728 5588 omnino
2750 5546 2839 5586 stat
2854 5551 2883 5586 e
2905 5537 3077 5598 nequit
3089 5535 3235 5598 ;_ipse
3267 5532 3477 5598 namque
3502 5532 3878 5594 Chrysostouuis

2277 5603 2474 5654 humilia
2496 5602 2722 5664 sequenti
2749 5599 2837 5654 ait,
2864 5595 3382 5664 eum'guil-lunucbum
3400 5595 3660 5664 baptizavit
3685 5608 3748 5664 ex
3786 5609 3877 5642 ni.-

2280 5679 2417 5717 tnero
2438 5655 2630 5726 septem
2656 5664 2971 5710 diaconornm
2994 5655 3166 5710 fuisse.
3201 5667 3360 5719 Quare
3395 5655 3576 5708 atorelli
3609 5656 3878 5706 lectiouuu

2283 5739 2334 5778 ut
2357 5741 2618 5790 genuinam
2641 5727 2957 5774 retituumus.
