4068 6422
198 336 302 392 1ίὸ

1239 330 1308 389 IN
1349 329 1532 388 ACTA
1573 322 2122 384 APOSTOLORUM.
2167 322 2405 384 IIOMIL.
2443 323 2638 382 XVIII.

3584 329 3689 390 M6

181 451 398 509 αὐτοῦ.
431 452 543 524 οὐχ
579 451 768 517 ἁπλῶς
797 451 853 506 δὲ
888 449 1106 521 εὔχεται
1210 450 1485 522 μακάριος
1533 441 1710 510 οὗτος,
1742 441 1882 496 ἀλλὰ
1987 441 2213 498 πλείονα
2234 442 2506 512 γενέσθαι.
2528 442 2629 515 τὴν
2676 439 2998 513 μαθητείαν.
3071 442 3211 496 Ἀλλ’
3245 444 3350 518 ὅρα
3388 447 3482 499 καὶ
3522 446 3691 503 πάλιν

187 542 330 613 μετά
357 543 655 614 προσοχῆς.
691 542 827 608 Θεὶς
849 541 980 612 γάρ,
1009 540 1164 610 φησὶ,
1191 537 1264 592 τὰ
1279 537 1520 608 γόνατα.
1541 535 1707 590 Ὅθεν
1738 533 1885 600 θεῖος
1987 529 2345 603 διαδεχόμενα
2398 533 2600 596 αὐτοὺς
2637 532 2707 586 τά
2757 531 2995 603 χρηστὰ,
3051 532 3147 585 καὶ
3195 534 3254 587 ἐν
3308 536 3454 606 χαρᾷ
3501 535 3685 600 ὄντας.

181 628 353 684 αὐτοῦ
386 630 530 684 καὶὸ
563 631 796 694 θάνατος
830 629 1043 698 γέγονε·
1104 625 1268 697 μέχρι
1303 626 1414 697 γάρ
1447 623 1639 679 τούτου
1672 638 1876 689 συγκε-

177 715 404 789 χώρητο
455 719 575 782 ταῖς
601 717 803 788 ψυχαῖς
844 718 904 768 ὲν
939 715 1017 785 τῷ
1064 715 1165 788 ᾅδῃ
1198 710 1360 768 εἶναι.
1413 712 1644 778 Πάντες
1675 710 1745 764 δὲ
1796 710 1878 763 διο

170 805 548 877 εσπάρησαν
567 807 719 860 κατὰ
733 805 844 871 τὰς
861 803 1058 874 χώίας
1080 803 1190 871 τῆς
1214 801 1506 866 Ἰουδαίας
1524 799 1624 855 καὶ
1678 801 1876 869 Σαμαο

172 893 369 960 ρείας.
419 893 615 957 ’Δδεῶς
678 893 1067 962 ἐπιμίγνυνται
1107 894 1174 963 τῇ
1216 890 1506 961 Σαμαρείᾳ
1562 887 1769 950 λοιπὸν,
1823 887 1875 939 οὶ

178 978 540 1045 ἀκούσαντες·
571 981 678 1047 Εὶς
715 978 862 1032 ὁδὸν
889 977 1084 1034 ἐθνῶν
1119 977 1207 1046 μὴ
1239 976 1565 1043 ἀπέλθητε.
1608 974 1786 1041 Πλὴν
1816 973 1874 1027 δὲ

177 1064 301 1126 τῶν
323 1069 713 1133 ἀποστόλων,
747 1067 917 1136 λέγει·
965 1067 1202 1129 δεικνὺς.
1243 1065 1326 1120 ὅτι
1369 1064 1467 1119 καὶ
1500 1062 1675 1134 ταύτῃ
1700 1077 1874 1134 προσ-

175 1155 486 1224 αγαγέσθαι
516 1155 834 1226 βουλόμενοι
879 1154 1008 1218 τοὺς
1077 1153 1364 1216 Ἰουδαίους
1414 1151 1514 1224 τὴν
1563 1150 1719 1206 πόλιν
1771 1151 1874 1205 οὐκ

173 1243 469 1310 ἀπέλιπον,
499 1243 532 1315 ἢ
564 1245 658 1298 καὶ
687 1244 901 1314 ἑτέροις
942 1241 1198 1311 γενέσθαι
1229 1241 1465 1310 θάρσους
1495 1240 1679 1294 αῐτιοι.
1715 1238 1872 1293 Σαῦ-

171 1334 292 1397 λος
311 1330 376 1384 δὲ
401 1333 763 1403 ἐλυμαίνετο
783 1332 900 1400 τὴν
926 1331 1299 1397 Ἐκκλησίαν
1321 1330 1474 1385 κατὰ
1497 1328 1642 1395 τοὺς
1661 1328 1872 1394 οῑκσυς

170 1422 704 1492 διαπορευόμενος,
735 1423 944 1490 σύρων
969 1438 1034 1475 τε
1058 1419 1285 1489 ἄνδρας
1318 1436 1382 1473 τε
1431 1418 1530 1473 καὶ
1579 1416 1871 1488 γυναῖκας

168 1509 502 1577 παρεδίδου
532 1514 622 1578 είς
644 1513 954 1581 φυλακήν.
982 1510 1160 1582 Πολλὴ
1209 1512 1242 1581 ὴ
1272 1509 1461 1580 μανία,
1493 1509 1555 1563 τὸ
1584 1509 1681 1563 καὶ
1707 1508 1870 1580 μόνον

169 1596 339 1650 αὐτὸν
371 1593 533 1664 εἶναι,
563 1599 626 1652 τὸ
648 1599 744 1654 καὶ
797 1602 878 1662 είς
915 1599 1044 1662 τοὺς
1079 1600 1263 1662 οἴκους
1298 1598 1553 1652 είσιέναι·
1576 1597 1720 1650 οὕτω
1768 1597 1869 1667 τὴν

163 1684 353 1756 ψυχὴν
381 1687 549 1740 αὐτοῦ
567 1686 767 1740 ἔδωκεν
789 1686 930 1756 ὑπὲρ
957 1686 1054 1740 τοῦ
1076 1686 1266 1756 νόμου.
1287 1687 1514 1755 Σύρων,
1537 1684 1724 1754 φησὶν,
1759 1683 1868 1737 ἄν’

163 1771 321 1838 διἀς
348 1774 446 1827 καὶ
469 1772 784 1842 γυναῖκας.
834 1773 981 1844 Ὂρα
1010 1773 1106 1826 καὶ
1155 1771 1253 1844 τὴν
1275 1773 1612 1844 παρρησίαν,
1636 1772 1732 1826 καὶ
1767 1771 1867 1843 τὴν

166 1858 353 1930 ὕϐριν,
377 1863 472 1915 καὶ
499 1861 599 1933 τὴν
633 1861 854 1932 μανίαν.
901 1861 1044 1925 Τοὺς
1078 1861 1456 1932 ἐμπίπτοντας
1483 1861 1732 1924 ἅπαντας
1762 1878 1866 1931 μυ-

163 1948 313 2020 ρίοις
350 1949 571 2003 διετίθει
606 1951 819 2014 κακοῖς,
845 1948 943 2003 ἆτε
963 1948 1075 2002 άπὸ
1099 1949 1200 2017 τῆς
1232 1948 1454 2019 σφαγῆς
1485 1948 1695 2018 ταύτης
1727 1947 1864 2021 θρα-

163 2035 400 2109 σύτερος
431 2035 696 2106 γεγονώς.
729 2039 793 2090 οι
822 2035 942 2106 μὲν
969 2033 1086 2092 οὖν
1112 2035 1573 2105 διασπαρέντες,
1612 2035 1866 2104 διῆλθον

157 2124 681 2194 εὐαγγελιζόμενοι
709 2124 820 2178 τὸν
872 2124 1083 2195 λόγον.
1137 2124 1438 2190 Φίλιππος
1459 2123 1528 2178 δὲ
1552 2124 1865 2179 κατελθὼν

156 2215 254 2278 εὶς
291 2213 474 2266 πόλιν
521 2210 630 2280 τῆς
680 2199 1038 2282 Σαμαρείας,
1087 2212 1443 2281 ἐκήρυσσεν
1496 2210 1703 2277 αὐτοῖς
1756 2210 1864 2266 τὸν

122 2301 445 2368 ’Χριστόη
500 2300 841 2371 Προσεῖχόν
881 2318 948 2355 τε
976 2304 1032 2355 οί
1084 2301 1260 2371 ὄχλοι
1334 2302 1460 2368 τοῖς
1506 2301 1863 2371 λεγομένοις

157 2385 286 2441 ὑπὸ
312 2386 421 2441 τοῦ
466 2387 772 2441 Φιλίππου
807 2387 1215 2457 ὁμοθυμαδὸν,
1266 2387 1339 2442 ἐν
1372 2387 1452 2453 τῷ
1480 2389 1728 2443 ἀκούειν
1753 2391 1862 2443 αὑ-

157 2474 311 2538 τοὺς
336 2474 438 2528 καὶ
467 2474 726 2538 βλέπειν
753 2475 826 2530 τὰ
853 2475 1096 2544 σημεῖα,
1146 2474 1186 2529 d
1208 2475 1420 2530 ἐποίει.
1467 2475 1724 2531 Πολλῶν
1751 2477 1860 2546 γὰρ

152 2562 432 2630 ἐχόντων
465 2564 780 2631 πνεύματα
809 2563 1136 2633 ἀκάθαρτα,
1157 2563 1403 2629 βοῶντα
1425 2563 1596 2634 φωνῇ
1621 2565 1858 2634 μεγάλῃ

152 2650 474 2719 ἐξήρχετο·
501 2652 723 2707 πολλοὶ
747 2653 818 2708 δὲ
845 2654 945 2707 καὶ
973 2654 1468 2724 παραλελυμένοι
1516 2654 1616 2709 καὶ
1670 2655 1856 2723 χωλοὶ

151 2739 675 2808 ἐθεραπεύθησαν.
734 2743 844 2796 Καὶ
891 2740 1134 2812 ἐγένετο
1172 2742 1328 2812 χαρὰ
1371 2742 1607 2812 μεγάλη
1667 2741 1738 2795 ἐν
1782 2739 1857 2809 τῇ

152 2829 339 2881 πόλει
384 2829 612 2898 ἐκείνῃ.
654 2830 828 2899 Ἀνὴρ
873 2830 942 2884 δέ
989 2849 1083 2898 τις
1129 2833 1376 2901 ὀνόματι
1403 2833 1600 2900 Σίμων
1628 2837 1852 2899 προῦπ-

151 2914 352 2985 ἦρχεν
379 2915 449 2969 ἐν
478 2916 553 2985 τῇ
585 2917 782 2978 πόλει.
809 2919 1116 2989 μαγεύων,
1144 2919 1244 2972 καὶ
1301 2917 1561 2982 ἐειστῶν
1583 2920 1649 2972 τὸ
1678 2919 1856 2985 ἔθνος

150 3002 271 3072 τῆς
301 3006 661 3073 Σαμαρείας,
692 3005 891 3076 λέγων
920 3003 1080 3061 εἷναί
1116 3024 1252 3061 τινα
1287 3009 1508 3061 ἑαυτὸν
1560 3008 1774 3077 μέγαν·
1806 3000 1856 3074 ᾧ

149 3091 743 3161 προσεῖχονπάντες
768 3095 889 3149 ἀπὸ
916 3095 1135 3165 μικροῦ
1161 3095 1274 3160 ἕως
1308 3095 1604 3166 μεγάλου,
1643 3098 1853 3166 λέγον-

154 3196 281 3246 τες·
313 3175 506 3245 οὗτός
529 3180 702 3234 ἐστιν
724 3183 764 3250 ἠ
793 3182 1052 3252 δύναμις
1079 3183 1187 3237 τοῦ
1213 3183 1364 3238 Θεοῦ
1392 3186 1430 3252 ἠ
1449 3184 1709 3253 μεγάλη.
1743 3185 1851 3238 Ἴδε

154 3285 251 3336 μοι
282 3267 380 3322 καὶ
404 3268 594 3340 ἓτερον
621 3271 931 3342 πειρασμὸν
956 3271 1052 3324 τὸν
1083 3270 1178 3324 τοῦ
1214 3271 1480 3342 Σίμωνος.
1513 3272 1855 3340 Προσεῒχον

148 3354 222 3408 δὲ
253 3353 441 3420 αὐτῷ,
477 3356 635 3425 φησὶ,
669 3360 724 3410 οί
749 3357 945 3427 ὄχλοι,
976 3357 1074 3412 διὰ
1118 3358 1187 3411 τὸ
1237 3354 1423 3423 ίκανῷ
1469 3360 1671 3426 χρόνῳ
1720 3358 1853 3425 τοῖς

145 3444 428 3513 μαγείαις
455 3444 850 3512 ἐξεστηκέναι
891 3447 1136 3513 αὐτούς.
1171 3447 1312 3499 Ὅτε
1361 3444 1431 3498 δὲ
1472 3445 1853 3500 ἐπίστευσαν

151 3531 235 3598 τῷ
260 3530 542 3598 Φιλίππῳ
569 3532 1077 3603 εὐαγγελιζομένῳ
1103 3533 1178 3588 τὰ
1204 3533 1337 3603 περὶ
1361 3532 1474 3603 τῆς
1522 3534 1852 3601 βασιλείας

150 3619 261 3674 τοῦ
289 3619 445 3674 Θεοῦ
467 3619 565 3674 καὶ
589 3619 695 3674 τοῦ
729 3621 1025 3690 ὀνόματος
1062 3620 1274 3689 Ἰησοῦ
1299 3622 1582 3689 Χριστοῦ.
1610 3623 1849 3676 Mand-

149 3708 326 3769 ζοντο
382 3707 600 3776 ἀνδρες
635 3725 700 3762 τε
733 3708 832 3763 καὶ
884 3708 1173 3780 γυναῖκες
1219 3722 1264 3762 ι.
1315 3711 1367 3762 '0
1397 3709 1465 3762 δὲ
1517 3712 1718 3780 Σίμων
1751 3710 1850 3764 καὶ

147 3794 339 3862 αὐτὸς
385 3795 737 3861 ἐπίστευσε,
788 3796 887 3850 καὶ
927 3797 1313 3864 βαπτισθεὶς,
1365 3795 1446 3868 ἦν
1483 3813 1852 3867 προσκαρτε-

145 3880 390 3950 ρῶν·τῷ
414 3884 710 3952 Φιλίππῳ.
753 3883 994 3952 Θεωρῶν
1035 3884 1105 3938 δὲ
1134 3885 1423 3955 δυνάμεις
1448 3886 1716 3956 μεγάλας
1751 3887 1850 3940 καὶ

148 3968 377 4040 σημεῖα
432 3971 739 4040 γινόμενα,
779 3971 1082 4036 ἐξίστατο.
1129 3974 1526 4040 Ἀκούσαντες
1573 3974 1642 4027 δὲ
1696 3976 1751 4027 οί
1780 3975 1850 4027 ἐν

163 4058 616 4126 Ἰεροσολύμοις
638 4059 996 4126 ἀπόστολοι,
1029 4060 1121 4114 ὅτι
1154 4061 1429 4115 δέδεκται
1460 4063 1498 4130 ή
1551 4063 1849 4130 Σαμάρεια

151 4147 260 4198 τὸν
282 4139 470 4214 λόγων
493 4145 598 4199 τοῦ
626 4146 797 4208 Θεοῦ,
827 4147 1199 4203 ἀπέστειλαν
1215 4149 1366 4217 πρὸς
1381 4150 1599 4216 αὐτοὺς
1623 4151 1850 4217 Πέτρον

152 4231 253 4284 καὶ
294 4230 596 4302 Ἰωάννην·
623 4235 842 4301 οἵτινες
862 4235 1223 4303 καταϐάντες
1259 4238 1692 4306 προση-ύξαντο
1713 4238 1848 4306 περὶ

150 4312 373 4378 αὐτῶν,
405 4315 567 4381 ὅπως
607 4316 838 4394 λάβωσι
874 4319 1115 4387 Πνεῦμα
1145 4318 1339 4388 ἅγιον.
1393 4321 1639 4375 Οὐδέπω
1692 4320 1844 4394 [146]

152 4400 266 4468 γὰρ
293 4396 374 4471 ἦν
398 4402 493 4454 ἐπ’
523 4388 726 4458 οὐδεῦὶ
759 4405 959 4458 αὐτῶν
981 4407 1419 4474 ἐπιπεπτωκός,
1446 4409 1644 4477 μόνον
1662 4388 1731 4462 δύ
1748 4388 1850 4473 βεί

155 4489 550 4557 ϐαπτισμένοι
574 4488 855 4560 ὑπῆρχον
875 4495 962 4558 εὶς
1001 4494 1067 4546 τὸ
1102 4494 1292 4564 ὄνομα
1317 4494 1424 4550 τοῦ
1456 4497 1680 4566 Κυρίου
1739 4498 1847 4564 ’1η-

153 4573 295 4628 σοῦ.
325 4577 462 4628 Τότε
487 4577 807 4633 ἐπετίθουν
829 4579 935 4646 τὰς
953 4581 1159 4649 χεῖρας
1171 4583 1265 4635 ἐπ’
1281 4584 1526 4649 αὐτοὺς,
1551 4585 1651 4638 καὶ
1670 4586 1848 4656 ἐλάμ-

152 4663 344 4714 ϐανον
359 4663 607 4732 Πνεῦμα
634 4664 826 4734 ἅγιον.
859 4667 1024 4722 Ἰδὼν
1044 4668 1113 4721 δὲ
1133 4671 1349 4738 Σίμων,
1366 4671 1453 4722 ὄτι
1468 4671 1567 4725 διὰ
1584 4671 1690 4740 τῆς
1720 4675 1844 4727 ἐπιο

151 4747 377 4814 θέσεως
395 4750 516 4802 τῶν
531 4751 751 4820 χειρῶν
763 4753 884 4807 τῶν
897 4756 1264 4810 ἀποστόλων
1276 4757 1503 4812 δίδοται
1520 4759 1587 4813 τὸ
1604 4760 1848 4832 Πνεῦμα

151 4835 220 4887 τὸ
247 4834 441 4905 ἂγιον,
473 4839 896 4910 προσήνεγκεν
919 4843 1126 4911 αὐτοῖς
1150 4844 1444 4914 χρήματα,
1464 4847 1682 4917 λέγων·
1702 4851 1847 4905 Δότε

151 4921 334 4990 κάμοὶ
359 4923 476 4990 τὴν
513 4925 809 4988 ἐξουσίαν
858 4932 1109 4998 ταύτην,
1165 4933 1268 4985 ἵνα
1306 4925 1355 4999 ᾧ
1405 4933 1485 4988 ἂν
1524 4935 1708 4990 ἐπιθῶ
1741 4938 1848 5003 τὰς

150 5005 375 5075 χεῖρας,
391 5011 669 5082 λαμϐάνῃ
693 5015 938 5085 Πνεῦμα
964 5016 1156 5087 ἅγιον.
1191 5019 1318 5084 Πῶς
1347 5015 1463 5085 οὖν,
1489 5023 1650 5092 φησὶ,
1672 5025 1845 5078 Πνεῦ-

153 5111 232 5161 μα
251 5095 354 5148 οῦκ
375 5095 568 5152 ἔλαϐον
593 5094 740 5154 οὗτοι
763 5117 776 5166 ;
807 5103 1035 5173 Πνεῦμα
1066 5105 1260 5159 ἔλαϐον
1289 5106 1349 5160 τὸ
1373 5109 1471 5178 τῆς
1493 5108 1762 5178 ἀφέσεως,
1786 5112 1848 5166 τό

150 5181 209 5234 δὲ
241 5181 355 5235 τῶν
389 5187 634 5256 σημείων
667 5188 822 5244 οῦπω
872 5187 1015 5262 ἦσαν
1066 5193 1345 5258 λαϐόντες.
1405 5198 1517 5249 Καὶ
1562 5199 1644 5251 ὅτι
1686 5199 1846 5254 τοῦτό

151 5267 291 5355 ἐστι,
318 5270 414 5324 καὶ
436 5273 496 5326 16
518 5275 628 5328 τῶν
660 5278 904 5348 σημείων
941 5279 1168 5350 Πνεῦμα
1199 5281 1301 5335 οὐκ
1325 5283 1539 5348 ἔλαϐον,
1575 5286 1699 5355 ὅρα,
1727 5288 1846 5352 πῶς

155 5351 337 5445 ίδὼνό
371 5358 576 5429 Σίμων,
613 5364 891 5434 προσῆλθε
924 5365 1086 5420 τοῦτο
1116 5369 1305 5422 αίτῶν.
1334 5371 1397 5423 Et
1446 5372 1541 5425 καὶ
1594 5351 1844 5445 ἐνίσχυσε

149 5441 210 5494 δὲ
232 5443 357 5497 τότε
401 5447 640 5516 μάλιστα
673 5453 701 5503 6
729 5451 992 5524 διωγμὸς.
1023 5457 1174 5526 ὅμως
1205 5459 1232 5510 6
1265 5458 1398 5522 Θεὸς
1450 5459 1615 5513 πάλιν
1645 5441 1845 5528 αὐτοὺς

150 5528 408 5618 ἐξείλετο,
435 5535 775 5605 ἐπιτειχίσας
800 5540 984 5606 αὐτοῖς
1016 5543 1086 5596 τὰ
1122 5546 1347 5613 σημεῖα.
1376 5546 1451 5599 Οὐ
1488 5547 1595 5618 μὴν
1619 5549 1647 5600 ὁ
1675 5548 1845 5602 θάνα-

148 5633 240 5704 τος
269 5617 328 5672 δέ
359 5620 636 5704 Στεφάνου
693 5626 920 5683 ἔσϐεσεν
949 5630 1180 5684 ἐκείνων
1207 5631 1298 5686 τὸν
1360 5617 1560 5704 θυμὸν,
1597 5636 1711 5689 ἀλλ’
1747 5639 1845 5691 ἐπ-

155 5703 320 5758 έτεινε
350 5702 576 5776 μᾶλλον,
608 5713 689 5768 διὸ
722 5715 817 5769 καὶ
845 5718 1242 5790 σκορπίζονται
1264 5723 1313 5773 οἱ
1335 5702 1672 5791 διδάσκαλοι,
1704 5727 1845 5780 ὥστε

210 5827 525 5915 ᾂΗίς-ῐέιιιῄιιε
546 5841 800 5915 superﬂue
824 5848 1258 5915 repetebanturjn
1279 5847 1481 5915 Morel,
1505 5856 1558 5900 et
1583 5861 1846 5915 perpetua

150 5896 850 5972 ἕξει-ξεξῴωιυη-νὲτῑειειεε
875 5896 924 5956 in
960 5896 1334 5972 manuscriplizr,
1371 5896 1842 5965 θεειέῌαὲῐήὶέὶῐδῖι

152 5963 348 6018 semper
372 5962 660 6019 proceditur

1986 619 2153 687 Χαρὰ
2180 620 2312 689 γάρ,
2339 619 2528 691 φησιν,
2562 619 2806 690 ἐγένετο
2844 619 2916 674 ἐν
2961 619 3034 689 τῇ
3064 622 3241 675 πόλει
3265 623 3526 692 μεγάλη·
3561 624 3685 678 καί·

1984 721 2064 758 τοι
2106 707 2204 761 καὶ
2243 706 2479 770 κοπετδς
2501 707 2724 777 ἐγένετο
2758 707 2953 778 μέγας.
2986 709 3176 775 Οὕτως
3217 710 3376 764 εἴωθε
3398 715 3576 765 ποιεῖν
3598 713 3687 768 ἀεὶ

1984 794 2013 846 6
2045 792 2201 859 Θεὸς,
2230 795 2325 848 καὶ
2349 796 2462 859 τοῖς
2487 795 2757 866 λυπηροῖς
2778 795 2847 850 τά
2881 796 3249 868 εὐφραίνοντα
3285 799 3565 869 μιγνύναι,
3601 802 3688 855 ἵνα

1983 881 2080 934 καὶ
2136 881 2342 952 μᾶλλον
2373 881 2748 955 θαυμάζηται.
2792 883 2914 954 Ἀφ’
2946 883 3140 939 ἱκανοῦ
3175 885 3233 940 δέ
3287 887 3484 959 χρόνου
3513 888 3575 942 τὸ
3602 889 3680 942 v6-

1984 987 2138 1041 σημα
2158 967 2230 1043 ἦν
2259 973 2493 1045 Σίμωνι·
2527 973 2612 1028 διὸ
2641 973 2763 1027 οὐδὲ
2793 972 2969 1038 οὕτως
3018 973 3188 1029 αὑτοῦ
3249 976 3682 1032 ἀπαλλάττεται.

1983 1058 2108 1123 Πῶς
2139 1059 2226 1115 δαὶ
2250 1062 2417 1115 αὑτὸν
2450 1062 2546 1116 καὶ
2575 1062 2904 1129 ἐϐάπτισεν;
2944 1064 3160 1136 Ὠσπερ
3192 1066 3289 1120 καὶ
3322 1067 3418 1121 τὸν
3482 1067 3686 1122 Ἰούδαν

1979 1147 2009 1200 6
2035 1147 2274 1216 Χριστὸς
2307 1148 2614 1215 ἐξελέξατο.
2670 1146 2841 1214 Οὗτος
2893 1150 3124 1223 θεωρῶν
3160 1157 3367 1225 σημεῖα
3397 1157 3681 1228 γινόμενα,

1979 1232 2262 1298 ἐξίσταται
2292 1237 2416 1305 μὲν,
2449 1238 2513 1291 οὐ
2543 1237 2725 1310 τολμᾷ
2746 1237 2820 1293 -δέ
2858 1238 2959 1309 τὴν
2977 1240 3142 1312 χάριν
3168 1241 3278 1294 τῶν
3315 1244 3561 1314 σημείων
3593 1248 3678 1298 αξ-

1977 1319 2167 1391 τῆσαι,
2197 1323 2390 1395 ἐπειδὴ
2436 1324 2559 1396 ᾔδει
2608 1324 2765 1380 οὔπω
2819 1325 3090 1392 λαϐόντας
3145 1329 3272 1384 οὐδὲ
3305 1332 3433 1394 τοὺς
3463 1331 3678 1396 ἄλλους.

1979 1408 2106 1473 Πῶς
2136 1405 2230 1465 οὖν
2259 1412 2425 1465 αὑτὸν
2455 1413 2558 1466 οὐκ
2593 1415 2830 1479 ἀνεῖλον,
2867 1415 3062 1487 ὥσπερ
3106 1417 3362 1472 ’Δνανίαν
3402 1419 3501 1472 καὶ
3532 1419 3682 1474 Σάπ-

1979 1514 2213 1571 φειραν;
2255 1501 2381 1555 Ὀτι
2406 1502 2500 1555 καὶ
2526 1503 2584 1555 τὸ
2609 1502 2841 1558 παλαιὸν
2870 1505 2899 1558 6
2929 1505 2998 1558 τά
3041 1504 3176 1570 ξύλα
3210 1506 3495 1575 συλλέξας,
3520 1509 3682 1563 άναι-

1979 1588 2160 1659 ρεθεὶς
2195 1589 2223 1630 ιι
2253 1591 2335 1655 είς
2370 1591 2576 1663 ἐτέρων
2595 1594 3007 1665 σωφρονισμὸν,
3032 1595 3224 1649 οὐκέτι
3253 1596 3445 1668 ἕτερος
3464 1596 3526 1650 τὸ
3547 1597 3683 1651 αὐτὸ

1977 1676 2275 1733 πέπονθεν.
2316 1678 2475 1734 Οὕτω
2505 1679 2603 1734 καὶ
2647 1679 2744 1734 νῦν
2799 1682 3010 1753 Πέτρος
3056 1685 3222 1751 ποιεῖ,
3283 1685 3379 1738 καὶ
3439 1685 3682 1748 κολάσας

1975 1764 2239 1834 ἐκείνους,
2263 1765 2458 1820 τοῦτον
2491 1768 2551 1821 οὐ
2582 1767 2826 1836 κολάζει,
2864 1771 3004 1826 άλλά
3048 1789 3184 1843 φησι
3215 1772 3354 1845 πρὸς
3383 1773 3567 1826 αὐτόν·
3609 1775 3681 1827 Τὸ

1973 1852 2264 1923 ἀργύριόν
2303 1872 2424 1910 σου
2453 1856 2579 1911 σὺν
2605 1858 2707 1913 σοὶ
2744 1860 2840 1928 εἴη
2899 1862 2990 1926 εὶς
3037 1859 3347 1916 ἀπώλειαν
3377 1903 3390 1927 ,
3429 1861 3518 1915 ὅτι
3565 1862 3681 1931 τὴν

1973 1939 2204 2010 δωρεὰν
2230 1943 2338 1998 τοῦ
2381 1945 2531 1999 Θεοῦ
2581 1946 2870 2017 ἐνόμισας
2919 1947 3014 2001 διὰ
3050 1948 3373 2019 χρημάτων
3396 1950 3676 2006 κτᾶσθαι.

2043 2035 2114 2098 γ’.
2149 2030 2260 2084 Καὶ
2281 2031 2370 2086 διά
2401 2033 2455 2086 τί
2485 2033 2587 2086 οὐκ
2613 2029 2757 2105 ἦσαν
2788 2029 2935 2089 οὗτοι
2968 2035 3228 2100 λαϐόντες
3259 2038 3488 2109 Πνεῦμα
3517 2040 3677 2107 άγιον

1973 2115 2400 2186 βαπτισθέντεςς
2471 2121 2630 2174 Ἤτοι
2677 2120 2758 2192 τῷ
2808 2121 2886 2194 μὴ
2936 2123 3122 2179 δοῦναι
3170 2125 3445 2180 ⁶Ιιιλίππου
3495 2130 3677 2199 τούτῳ

1968 2205 2241 2274 τιμῶντος
2271 2205 2414 2276 τάχα
2462 2208 2592 2271 τοὺς
2624 2209 2981 2273 ἀποστόλους·
3023 2212 3144 2284 ἦτοι
3174 2213 3255 2285 τῷ
3287 2214 3363 2286 μὴ
3397 2214 3543 2285 ἔχειν
3572 2217 3675 2285 χά-

1974 2308 2146 2363 ρισμα
2179 2293 2420 2347 τοιοῦτον
2453 2294 2585 2365 (τῶν
2647 2297 2790 2353 ἑπτά
2841 2298 2953 2371 γάρ
2982 2294 3095 2371 ἦν)·
3153 2302 3295 2374 ὅπερ
3324 2304 3420 2357 καὶ
3474 2305 3680 2375 μᾶλλόν

1969 2383 2119 2434 ἐστιν
2171 2384 2366 2436 εἰπεῖν.
2404 2383 2570 2438 Ὅθεν
2603 2403 2696 2456 μοι
2745 2386 2900 2441 δοκεῖ
2953 2384 3110 2453 οὗτος
3164 2391 3195 2444 6
3244 2392 3517 2457 Φίλιππος
3563 2393 3677 2448 τῶν

1969 2469 2111 2523 ἑπτὰ
2139 2467 2300 2526 εῖναι.
2358 2472 2388 2526 6
2422 2473 2700 2542 Στεφάνου
2733 2474 2987 2548 δεύτερος
3017 2488 3065 2533 ε.
3103 2479 3197 2532 Διὸ
3241 2481 3334 2534 καὶ
3369 2480 3670 2550 βαπτίζων.

1968 2557 2197 2628 Πνεῦμα
2223 2561 2337 2622 τοῖς
2366 2557 2792 2632 βαπτιζομένοις
2834 2564 2937 2618 οὐκ
2963 2564 3158 2619 ἐδίδου·
3215 2567 3338 2621 οὐδέ
3387 2569 3493 2643 γὰρ
3524 2566 3674 2642 εἶχεν

1966 2645 2241 2711 ἐξουσίαν·
2284 2647 2445 2701 τοῦτο
2473 2647 2585 2719 γὰρ
2616 2649 2676 2704 τὸ
2723 2650 2902 2723 δῶρον
2961 2653 3141 2724 μόνων
3172 2654 3285 2708 τῶν
3333 2657 3546 2713 δώδεκα
3580 2656 3668 2730 ἦν.

1967 2733 2170 2786 Σκόπει
2223 2735 2300 2788 δέ·
2353 2737 2582 2791 Ἐκεῖνοι
2613 2739 2714 2793 οὐκ
2767 2738 3024 2812 ἐξῄεσαν,
3075 2742 3408 2816 ᾡκονομήθη
3448 2748 3672 2814 τούτους

1965 2822 2226 2889 ἐξελθεῖν,
2284 2826 2336 2878 οῖ
2380 2829 2476 2880 καὶ
2525 2827 2791 2899 ὑστέρουν
2839 2833 2942 2903 τῆς
2974 2832 3222 2903 χάριτος,
3273 2834 3362 2890 διά
3409 2837 3469 2890 τὸ
3499 2840 3672 2910 μήπω

1963 2910 2149 2965 λαϐεῖν
2180 2913 2407 2984 Πνεῦμα
2447 2915 2625 2985 ἅγιον.
2662 2918 2907 2990 Δύναμιν
2958 2921 3060 2993 μὲν
3090 2923 3200 2996 γὰρ
3242 2923 3439 2980 ἔλαϐον
3493 2930 3672 2981 ποιεῖν

1964 3003 2191 3087 σημεῖα,
2259 3003 2382 3074 οὐχὶ
2436 3002 2630 3059 δὲκαὶ
2685 3007 2917 3079 Πνεῦμα
2963 3010 3168 3065 διδόναι
3224 3013 3458 3084 ἑτέροις.
3525 3017 3672 3087 Ἄρα

1961 3087 2120 3140 τοῦτο
2140 3083 2209 3160 ἦν
2235 3089 2345 3143 τῶν
2398 3091 2718 3147 ἀποστόλων
2777 3094 3082 3168 ἐξαίρετον·
3115 3099 3238 3153 ὅθεν
3269 3103 3364 3155 καὶ
3411 3104 3539 3167 τοὺς
3575 3121 3670 3158 κο·-

1964 3175 2249 3245 ρυφαίους,
2284 3178 2386 3232 οὐκ
2415 3179 2612 3244 ἄλλους
2626 3181 2801 3247 τινὰς,
2838 3183 2988 3238 ἔστιν
3009 3185 3138 3240 ίδείν
3167 3187 3327 3242 τοῦτο
3351 3190 3667 3255 ποιοῦντας.

1973 3261 2144 3349 ’ίδὼν
2179 3263 2248 3316 δὲ
2280 3262 2454 3338 [ιι-ιι,
2492 3269 2648 3338 φησὶ,
2682 3269 2901 3340 Σίμων,
2929 3271 3019 3326 ὅτι
3058 3274 3157 3328 διὰ
3183 3275 3298 3344 τῆς
3342 3277 3670 3349 ἐπιθέσεως

1959 3347 2080 3402 τῶν
2107 3350 2327 3419 χειρῶν
2359 3351 2482 3408 τῶν
2527 3354 2895 3412 ἀποστόλων
2934 3359 3168 3415 δίδοται
3223 3363 3289 3416 τὸ
3322 3363 3570 3435 Πνεῦμα
3602 3347 3668 3421 τό

1959 3436 2151 3505 ἅγιον.
2195 3439 2310 3493 Οὐκ
2348 3439 2415 3494 ἂν
2446 3441 2621 3508 οὕτως
2643 3441 2822 3512 εἶπεν,
2861 3449 2910 3500 εί
2945 3448 3020 3521 μὴ
3054 3450 3316 3521 αἰσθητόν
3343 3470 3397 3507 τι
3431 3455 3665 3523 ἐγίνετο.

1958 3525 2130 3578 Τοῦτο
2176 3527 2270 3580 καὶ
2316 3527 2533 3594 Παῦλος
2578 3532 2862 3603 ἐποίησεν,
2915 3536 3004 3588 ὅτε
3043 3540 3170 3601 ταῖς
3214 3539 3493 3608 γλώσσαις
3536 3544 3663 3599 ἐλά-

1958 3613 2104 3668 λουν.
2136 3610 2289 3679 Εἶδες
2320 3617 2422 3688 τὴν
2458 3619 2687 3690 μιαρίαν
2714 3619 2810 3674 τοῦ
2839 3622 3127 3693 Σίμωνος;
3180 3628 3461 3699 Χρήματα
3497 3649 3668 3703 προσ-

1958 3702 2178 3771 ήνεγκε·
2210 3705 2391 3759 καίτοι
2411 3706 2512 3758 οὐκ
2535 3703 2676 3760 εἶδεν
2707 3709 2872 3763 αὑτὸν
2896 3713 3201 3785 χρημάτων
3222 3717 3355 3771 αὐτὸ
3379 3702 3662 3773 ποιοῦντα·

1958 3790 2100 3844 ὥστε
2129 3792 2231 3844 οὐκ
2263 3787 2332 3862 ἦν
2369 3793 2598 3862 ἀγνοίας
2631 3795 2694 3848 τὸ
2721 3799 2978 3869 πρᾶγμα,
3009 3801 3149 3855 ἀλλὰ
3179 3806 3539 3874 πειράζοντες
3572 3811 3666 3863 καὶ

1959 3879 2292 3951 βουλομένου
2316 3883 2628 3955 κατηγορίᾳ
2651 3885 2992 3955 περιϐαλεῖν.
3015 3889 3116 3944 Διὰ
3140 3890 3302 3946 τοῦτο
3333 3893 3428 3947 καὶ
3449 3896 3662 3952 ἀκούει·

1960 3969 2083 4022 Οὐκ
2111 3967 2245 4022 ἔστι
2268 3986 2369 4022 σοι
2387 3971 2582 4040 μερὶς,
2621 3971 2765 4026 οὐδὲ
2802 3974 3032 4045 κλῆρος
3053 3977 3124 4033 ἐν
3158 3978 3239 4046 τῷ
3260 3984 3424 4052 λόγῳ
3450 3986 3660 4049 τούτῳ·

1957 4057 1995 4124 ἡ
2040 4055 2151 4125 γὰρ
2178 4055 2398 4124 καρδία
2446 4074 2565 4111 σου
2615 4059 2727 4113 οὐκ
2769 4061 2944 4115 ἔστιν
2989 4066 3195 4122 εὐθεῖα
3242 4069 3526 4123 ἐναντίον
3555 4072 3665 4124 τοῦ

1959 4145 2129 4199 Θεοῦ.
2185 4145 2357 4198 Πάλιν
2407 4146 2478 4199 τὰ
2510 4148 2571 4199 ἐν
2602 4151 2669 4219 τῇ
2705 4149 2916 4223 διανοίᾳ
2937 4154 3018 4217 είς
3056 4154 3224 4224 μέσον
3281 4158 3425 4226 ἄγει,
3469 4161 3664 4234 ἐπειδὴ

1956 4233 2165 4296 ἐκεῖνος
2215 4233 2504 4288 λανθάνειν
2537 4235 2779 4306 ἐνόμιζε.
2813 4241 3216 4310 Μετανόησον
3254 4241 3369 4300 οὖν
3397 4247 3520 4302 ἀπὸ
3549 4233 3664 4317 τῆς

1957 4321 2176 4386 κακίας
2205 4333 2325 4376 σου
2359 4323 2600 4391 ταύτης,
2635 4326 2733 4379 καὶ
2773 4326 3019 4396 δεήθητι
3047 4332 3155 4386 τοῦ
3183 4335 3431 4401 Κυρίου,
3469 4338 3522 4390 εί
3546 4337 3662 4406 ἆρα

1954 4409 2330 4478 ἀφεθήσεταί
2356 4427 2457 4465 σοι
2486 4412 2524 4478 ἡ
2560 4413 2801 4469 ἐπίνοια
2835 4415 2944 4484 τῆς
2969 4419 3225 4488 καρδίας
3251 4438 3389 4476 σου.
3421 4427 3526 4491 Εἰς
3552 4427 3661 4494 γὰρ

1934 4497 2156 4566 ⁶χολὴν
2208 4499 2453 4567 πικρίας
2499 4501 2598 4554 καὶ
2640 4503 2998 4574 σύνδεσμον
3047 4507 3287 4575 ἀδικίας
3339 4512 3536 4581 θεωρῶ
3584 4533 3660 4568 σε

1957 4587 2124 4641 ὄντα.
2192 4587 2555 4655 Ἀποκριθεὶς
2580 4588 2650 4641 δὲ
2682 4591 2879 4660 Σίμων
2923 4589 3116 4648 εἶπεν·
3181 4596 3442 4666 Δεήθητε
3488 4603 3660 4669 ὑμεῖς

1954 4675 2276 4758 ὑπὲρῌὲμοῦ
2304 4680 2456 4745 πρὸς
2484 4680 2590 4733 τὸν
2620 4682 2865 4749 Κύριον,
2898 4681 3060 4749 ὅπως
3091 4685 3291 4753 μηδὲν
3310 4688 3537 4758 ἐπέλθῃ
3563 4693 3657 4744 ἐπ’

1953 4760 2060 4830 ἐμὲ
2090 4756 2180 4816 ὧν
2210 4762 2510 4831 εἰρήκατε.
2543 4766 2673 4819 Δέον
2723 4768 2834 4820 ἀπὸ
2860 4770 3088 4840 καρδίας
3143 4756 3658 4844 μετανοῆσαιδδέον

1956 4850 2213 4904 κλαῦσαι·
2260 4851 2289 4902 6
2320 4851 2377 4905 δὲ
2438 4854 2739 4921 ἀφοσιώσει
2777 4856 2939 4926 μόνον
2994 4857 3158 4911 τοῦτο
3213 4865 3376 4914 ποιεῖ.
3417 4866 3487 4916 El
3542 4866 3656 4931 ἄρα

1955 4940 2328 5009 ἀφεθήσεταί
2360 4957 2479 4997 σοι.
2513 4943 2689 4996 Τοῦτο
2714 4943 2890 5010 εἶπεν,
2928 4946 3027 5017 οὺχ
3066 4948 3143 5011 ὡς
3173 4949 3235 5000 οὐ
3269 4953 3655 5022 συγχωρηθὲν-

1955 5046 2046 5092 τος
2070 5028 2138 5082 ἂν
2160 5029 2330 5100 αὐτῷ,
2365 5031 2414 5082 εί
2441 5029 2730 5096 ἔκλαυσεν,
2770 5033 2886 5086 ἀλλ’
2921 5034 3042 5097 ἔθος
3076 5037 3170 5089 καὶ
3198 5039 3312 5100 τοῖς
3345 5042 3657 5110 προφήταις

1960 5118 2121 5188 μόνον
2147 5119 2517 5188 ἀπαγορεύειν
2546 5117 2594 5182 ἀ,
2623 5121 2718 5173 καὶ
2751 5123 2826 5191 μὴ
2859 5121 3060 5188 λέγειν·
3106 5123 3231 5177 Ἐὰν
3259 5125 3315 5177 δὲ
3347 5128 3463 5180 τόδε
3495 5131 3655 5201 ποιή-

1959 5222 2080 5276 σῃς,
2111 5209 2532 5277 συγχωρήσεταί
2570 5226 2672 5261 σοι·
2698 5211 2813 5262 ἀλλ’
2842 5211 2929 5262 ὅτι
2976 5212 3202 5276 Πάντως
3228 5212 3382 5268 ἔσται
3417 5217 3448 5287 ἡ
3482 5235 3658 5288 τιμω-

1959 5293 2071 5360 ρία.
2104 5295 2175 5348 Σὺ
2211 5296 2268 5347 δέ
2295 5313 2386 5364 μοι
2418 5296 2698 5366 θαύμασον
2731 5299 2826 5350 καὶ
2880 5298 2998 5363 πῶς
3053 5301 3112 5352 ἐν
3147 5303 3329 5372 καιρῷ
3369 5307 3658 5376 συμφορᾶς

1956 5382 2057 5434 οὐκ
2096 5382 2415 5452 ἀμελοῦσιν,
2440 5385 2580 5438 ἀλλὰ
2613 5385 2708 5438 τοῦ
2745 5386 3105 5457 κηρύγματος
3136 5388 3372 5458 ἔχονται·
3411 5393 3506 5444 καὶ
3541 5392 3658 5458 πῶς

1959 5471 2215 5542 καθάπερ
2246 5473 2339 5525 ἐπὶ
2363 5474 2643 5538 Μωῦσέως
2673 5476 2781 5529 ἀπὸ
2816 5477 3163 5546 συγκρίσεως
3191 5478 3403 5546 ἐγίνετο
3430 5481 3496 5533 τὰ
3527 5481 3660 5536 θαύ-

1961 5576 2133 5630 ματα·
2166 5559 2308 5614 οὖτω
2331 5560 2399 5633 δὴ
2427 5562 2523 5616 καὶ
2548 5565 2803 5618 ἐνταῦθα.
2855 5567 3076 5634 Μαγεία
3107 5562 3198 5638 ἦν,
3237 5571 3332 5622 καὶ
3357 5570 3507 5638 ὅμως
3556 5589 3661 5639 φα-

2018 5730 2048 5772 ὶι
2084 5733 2198 5798 Alii,
2227 5733 2452 5798 ἀνῃρέθη.
2535 5738 2555 5765 ε
2585 5734 2735 5783 Savil.
2771 5750 2781 5783 :
2808 5737 2957 5786 ’Ὀθεν
2986 5755 3065 5798 μοι
3092 5738 3224 5787 δοκεῖ
3245 5738 3384 5794 οὗτος
3425 5743 3450 5787 ὁ
3489 5741 3663 5788 Φίλιπ-

1957 5811 2044 5848 πος
2065 5796 2302 5865 τῶνὲπτὰ
2337 5797 2457 5865 εἶναι
2510 5799 2536 5844 ὁ
2580 5798 2824 5865 Στεξοὶνου-
2857 5796 3110 5865 δεύτερος.-
3137 5803 3163 5848 ὁ
3214 5801 3265 5848 δὲ
3306 5800 3402 5865 τοῦ.
3437 5803 3664 5865 εὐνούχου

1958 5857 2038 5926 τξιν
2084 5857 2358 5904 ἀπόστολον
2408 5859 2553 5930 εἶναιζ
2566 5888 2629 5929 _-—
2654 5857 2849 5930 νίιίεεὶε
2870 5857 3066 5930 quarm!
3096 5860 3542 5930 iquerprclcyiumpc
3575 5857 3649 5911 'L'u-

1958 5920 2108 5989 linpm
2155 5923 2318 5967 notam
2361 5928 2489 5970 sum.
2539 5922 2657 5974 lion
2771 5920 2922 5975 dAl'ii
2982 5920 3243 5987 προζήτνιις
3290 5923 3434 5974 τοῦτο
3479 5927 3668 5988 ἀνι-ηοω

1958 5996 2109 6023 ῦ;“λιι“1
