4068 6422
148 324 252 381 H5

146 437 284 493 tioni
328 433 670 500 incumbant;
715 437 769 487 et
808 429 1111 507 quomodo,
1142 428 1282 482 sicut
1324 425 1424 480 sub
1457 423 1638 494 Moyse
1670 435 1765 491 per

145 531 609 600 comparationem
653 525 850 583 ﬁebant
883 525 1140 580 miracula
1184 523 1263 591 (a)
1313 537 1326 574 :
1378 522 1444 572 ita
1496 528 1548 572 et
1601 529 1761 568 tnmc.

145 623 324 691 Magia
372 631 522 685 erat,
574 630 628 674 ct
676 627 855 672 tamen
901 617 1014 671 lucc
1053 616 1201 684 signa
1252 612 1532 666 manifesta
1578 616 1763 672 erant,

141 713 396 782 quamvis
416 710 618 764 nullum
645 708 716 762 ibi
737 716 1012 776 Oporteret
1031 721 1151 759 esse
1171 702 1583 763 dmmoniacum,
1606 713 1768 768 quan-

142 804 436 873 doquidem
477 822 503 854 a
537 803 708 856 multo
747 803 856 869 jam
906 812 1147 867 tempore
1189 797 1378 866 magiis
1422 791 1769 848 dementabat

140 896 270 950 illos
305 913 319 949 :
353 895 473 964 quia
505 907 636 948 vero
663 894 812 947 multi
842 901 999 947 erant
1026 890 1344 946 daemoniaci
1367 930 1382 953 ,
1419 887 1572 940 multi
1605 899 1764 955 para-

143 987 333 1058 lytici;
378 987 468 1040 illa
517 986 712 1040 veritas
759 1001 862 1039 non
908 992 1084 1038 erant.
1125 982 1222 1035 llic
1272 994 1402 1034 vero
1447 994 1553 1032 non
1597 976 1765 1046 signis

141 1077 332 1137 modo.
365 1076 458 1132 sed
495 1077 662 1131 verbo
693 1077 814 1131 illos
841 1075 1126 1130 inducebat
1155 1074 1222 1126 de
1254 1086 1418 1141 regno
1448 1069 1646 1124 Christi
1681 1067 1764 1121 lo-

137 1184 338 1238 quens.
369 1170 438 1222 At
466 1170 686 1242 Simon,
731 1168 936 1238 inquit,
969 1168 1268 1233 baptizatus
1290 1163 1604 1218 adhaerebat
1637 1159 1760 1214 Phi-

139 1259 314 1328 lippo.
345 1259 463 1314 Non
501 1260 620 1314 fidei
653 1273 834 1322 causa,
864 1260 961 1314 sed
990 1269 1046 1312 ut
1075 1260 1192 1312 talis
1228 1259 1338 1327 ipse
1369 1258 1540 1320 lieret,
1573 1254 1766 1308 adlue-

134 1353 316 1406 rebat.
356 1353 456 1420 Qui
482 1370 595 1408 cum
623 1353 872 1408 uenissent
899 1362 1168 1406 oraverunt
1207 1368 1299 1422 pro
1338 1351 1464 1420 ipsis
1484 1389 1499 1416 ,
1544 1357 1599 1402 ut
1630 1348 1765 1400 acci-

135 1455 320 1514 perent
348 1444 602 1514 Spiritum
630 1456 863 1499 sanctum
893 1461 911 1498 :
942 1445 1169 1500 nondum
1199 1444 1330 1496 enim
1369 1445 1422 1497 in
1462 1457 1765 1514 quemquam

133 1539 352 1592 illorum
391 1548 612 1591 uenerat.
650 1536 794 1591 Tunc
836 1537 1159 1606 imponebant
1192 1552 1375 1589 manus
1415 1550 1569 1602 super
1607 1533 1758 1597 illos,

134 1641 185 1683 et
213 1629 530 1698 accipiebant
571 1629 826 1697 Spiritum
856 1637 1109 1683 sanctum.
1147 1627 1308 1682 Vides
1354 1627 1469 1680 hare
1517 1641 1623 1679 non
1674 1634 1762 1677 ut-

133 1737 375 1790 cumque
404 1721 516 1776 ﬁeri
541 1763 554 1785 ,
588 1721 682 1775 sed
715 1721 878 1776 multa
912 1736 1049 1790 opus
1080 1720 1247 1775 fuisse
1285 1719 1479 1773 virtute
1519 1717 1584 1772 ad
1625 1717 1762 1770 dan-

131 1813 268 1866 dum
303 1812 563 1882 Spiritum
597 1813 891 1867 sanetum?
931 1812 1047 1866 Non
1079 1811 1224 1866 enim
1259 1811 1402 1866 idem
1445 1819 1527 1864 est
1565 1808 1761 1863 remis-

131 1906 350 1959 sionem
370 1905 652 1976 consequi,
672 1914 726 1960 et
745 1905 906 1961 talem
931 1906 1176 1973 accipere
1195 1913 1538 1974 potestatem.
1573 1901 1764 1957 Videas

132 2010 310 2052 autem
339 1999 544 2067 Simon,
577 1999 714 2068 quod
736 2016 825 2070 per
845 2000 1220 2071 impositionem
1237 2016 1477 2052 manuum
1493 1998 1759 2067 apostolo-

134 2109 254 2145 rum
273 2093 484 2146 daretur
505 2093 734 2163 Spiritus
753 2103 981 2159 sanctus,
999 2094 1180 2146 obtulit
1198 2093 1324 2160 ipsis
1337 2094 1601 2161 pecunias.
1623 2091 1759 2144 Num

132 2182 276 2235 alios
308 2182 412 2236 hoc
438 2180 700 2238 facientes
731 2183 899 2237 vidit?
930 2198 1061 2236 num
1102 2182 1450 2252 Philippum?
1489 2197 1615 2235 num
1666 2198 1762 2250 pu-

135 2275 291 2328 tabat
316 2274 462 2342 ipsos
489 2289 597 2328 non
631 2289 816 2342 nosse,
844 2289 952 2346 quo
979 2275 1067 2329 ille
1089 2275 1268 2328 animo
1291 2273 1609 2330 accederet?
1636 2273 1762 2328 Ideo

136 2370 282 2422 bene
315 2366 504 2422 Petrus
535 2383 648 2422 rem
681 2368 882 2422 donum
913 2377 1069 2422 vocat
1090 2408 1104 2432 ,
1134 2366 1321 2421 dicens
1353 2383 1365 2420 :
1401 2366 1629 2419 Pecunia
1674 2377 1760 2418 tua

134 2472 304 2513 tecum
349 2460 415 2514 sit
453 2461 506 2514 in
549 2461 885 2530 perditionem
909 2502 922 2524 ,
972 2462 1215 2530 quoniam
1244 2461 1541 2514 existimasti
1570 2462 1761 2512 donum

138 2550 240 2604 Dei
268 2551 498 2620 pecuniis
527 2553 740 2621 acquiri.
790 2551 978 2606 Viden’
1008 2551 1205 2622 ubique
1235 2567 1401 2621 puros
1437 2553 1555 2606 illos
1595 2567 1623 2604 a
1669 2567 1760 2620 pe-

131 2644 353 2700 cuniis?
381 2643 504 2698 Non
533 2655 604 2700 est
644 2645 732 2698 tibi
760 2662 881 2716 pars
921 2662 1082 2715 neque
1116 2662 1228 2699 sors
1263 2647 1315 2699 in
1355 2662 1585 2699 sermone
1613 2646 1709 2699 ista
1741 2660 1759 2698 :

130 2755 224 2792 cor
252 2740 387 2792 enim
420 2747 562 2793 tuum
593 2755 694 2793 non
722 2750 795 2793 est
823 2749 1017 2793 rectum
1043 2755 1216 2792 coram
1265 2739 1388 2793 Deo.
1438 2739 1622 2808 Itaque
1664 2753 1761 2808 per

132 2831 402 2884 malitiam
429 2831 608 2885 omnia
637 2829 872 2886 faciebat
903 2848 917 2884 :
945 2832 1094 2902 atqui
1119 2832 1424 2899 simplicem
1448 2847 1573 2886 esse
1597 2846 1761 2900 opor-

131 2922 304 2977 tebat.
340 2921 698 2976 Paenitentiam
737 2923 907 2992 itaque
933 2939 1046 2993 age.
1086 2921 1149 2975 In
1191 2923 1312 2992 felle
1339 2924 1473 2975 enim
1502 2925 1757 2975 amaritu-

129 3014 294 3078 dinis,
325 3024 371 3068 et
402 3016 454 3068 in
482 3015 687 3068 vinculo
717 3015 1000 3084 iniquitatis
1027 3014 1173 3068 rideo
1202 3023 1247 3068 te
1278 3032 1401 3069 esse.
1434 3015 1637 3085 Magna:
1665 3017 1758 3070 ira:

131 3107 301 3161 verba
333 3115 479 3161 sunt.
509 3105 627 3162 Non
657 3107 810 3176 punit
837 3115 1019 3160 autem
1052 3107 1226 3176 ipsum
1247 3148 1260 3171 ,
1308 3117 1365 3161 ut
1409 3123 1475 3161 ne
1501 3109 1758 3177 deinceps

131 3199 270 3252 tides
303 3213 368 3252 ex
399 3198 726 3254 necessitate
754 3207 929 3264 esset,
959 3213 1062 3254 nec
1089 3214 1178 3254 res
1208 3199 1444 3254 crudelis
1472 3215 1593 3254 esse
1618 3199 1760 3255 vide-

129 3301 319 3354 retur;
355 3299 520 3359 utque
557 3291 929 3360 paenitentiam
978 3291 1260 3346 induceret
1312 3311 1340 3345 :-
1385 3292 1467 3347 vel
1515 3293 1639 3362 quia
1689 3293 1755 3345 ad

128 3382 529 3438 eorrectionem
570 3382 875 3438 sufﬁciebat
914 3384 1199 3454 arguisse,
1242 3393 1296 3438 et
1336 3401 1455 3453 qua:
1497 3386 1547 3438 in
1591 3385 1758 3439 corde

126 3485 289 3530 erant
334 3476 572 3541 dixisse,
617 3484 674 3529 ut
719 3475 807 3530 ille
851 3476 1206 3531 conﬁteretur
1250 3490 1308 3531 se
1345 3485 1561 3546 captum
1611 3491 1754 3532 esse.

127 3570 268 3623 Cum
305 3570 450 3623 enim
479 3569 637 3636 dicit,
676 3567 969 3623 Precamini
997 3585 1086 3623 vos
1114 3586 1206 3639 pro
1238 3587 1348 3636 me,
1383 3571 1433 3625 id
1467 3572 1759 3626 conﬁtetur

126 3671 184 3715 et
232 3659 459 3715 indicat.
505 3659 643 3714 Vide
687 3661 957 3729 quomodo
988 3662 1234 3731 quamvis
1277 3663 1538 3718 scelestus
1575 3673 1753 3729 esset,

127 3752 456 3822 redargutus
489 3760 668 3806 tamen
697 3752 962 3818 credidit,
994 3763 1053 3806 ut
1081 3762 1133 3807 et
1175 3751 1392 3810 humilis
1430 3753 1603 3810 factus
1636 3764 1754 3823 est,

124 3843 352 3914 quando
379 3844 574 3898 iterum
605 3842 929 3914 redargutus
953 3852 1055 3899 est.
1102 3844 1288 3899 Videas
1317 3846 1485 3916 signa,
1517 3863 1632 3916 qua:
1662 3848 1756 3913 ﬁe-

126 3939 272 4001 bant,
299 3936 580 4006 obstupuit,
602 3935 894 3990 ostendens
917 3935 1256 3990 mendacium
1286 3935 1472 4001 fuisse,
1496 3937 1755 4007 quidquid

127 4027 246 4096 ipse
277 4025 530 4081 faciebat.
574 4026 690 4082 Non
735 4027 900 4095 dixit,
951 4029 1230 4095 Accessit;
1273 4030 1404 4094 sed,
1458 4029 1752 4100 Obstupuit.

129 4119 197 4173 Et
226 4134 329 4173 cur
358 4135 466 4174 non
497 4120 600 4175 hoc
628 4120 810 4175 statim
843 4121 1005 4176 facit?
1036 4122 1344 4179 Putabatse
1375 4140 1533 4194 posse
1564 4125 1751 4193 latere,

129 4213 354 4282 putabat
383 4221 556 4268 artem
584 4227 708 4268 esse
736 4213 879 4284 quod
913 4213 1075 4270 fiebat
1108 4232 1121 4269 :
1156 4217 1246 4284 qui
1287 4225 1467 4272 autem
1509 4233 1617 4273 non
1661 4234 1756 4286 po-

127 4308 231 4361 tuit
254 4307 537 4376 apostolos
566 4307 733 4363 latere
753 4349 768 4375 ,
797 4310 1047 4363 accessit.
1081 4310 1124 4362 A
1153 4312 1328 4366 multis
1357 4314 1511 4380 enim,
1542 4315 1626 4383 qui
1661 4316 1754 4370 Ita-

126 4401 310 4454 bebant
353 4402 565 4470 spiritus
606 4401 932 4467 immundos,
975 4401 1255 4457 clamantes
1291 4405 1368 4457 illi
1407 4422 1523 4460 voce
1566 4424 1753 4478 magna

126 4493 360 4546 aibant.
412 4493 524 4549 Hoc
563 4494 877 4564 egrediendi
922 4495 1134 4566 signum
1183 4499 1530 4554 manifestum
1598 4512 1746 4568 erat;

125 4600 410 4656 magorum
451 4601 584 4640 vero
613 4587 764 4656 signa
791 4602 821 4642 e
851 4587 1126 4642 contrario
1158 4605 1171 4641 :
1207 4589 1278 4643 illi
1311 4608 1541 4662 namque
1582 4597 1751 4665 magis

125 4679 444 4749 alligabant.
476 4678 630 4734 Multi
661 4682 932 4752 paralytici
955 4693 999 4738 et
1020 4688 1196 4742 claudi
1225 4689 1393 4741 sanati
1417 4698 1556 4741 sunt.
1593 4688 1748 4743 Nulla

130 4768 217 4824 hic
247 4781 370 4825 erat
402 4771 609 4826 fallacia
638 4791 650 4828 :
675 4789 799 4828 nam
824 4779 1111 4845 oportebat
1133 4779 1410 4834 ambulare
1437 4790 1492 4834 et
1513 4781 1747 4849 operari.

126 4861 500 4928 Auscultpbant
525 4875 691 4919 autent
717 4868 794 4922 illi
833 4885 1026 4935 omnes,
1055 4870 1277 4926 dicentes
1311 4888 1330 4925 :
1359 4871 1459 4924 Hic
1489 4882 1562 4926 est
1593 4875 1750 4927 virtus

130 4953 246 5010 Dei.
279 4955 381 5010 llic
408 4956 664 5026 impletur
692 4961 821 5015 illud
856 4962 1053 5018 Christi
1085 4964 1287 5019 dictum
1323 4983 1336 5020 :
1371 4965 1522 5020 Multi
1556 4970 1750 5022 venient

128 5049 506 5116 pseudocltristi
531 5058 575 5103 et
598 5049 1055 5125 pseudoprOphette
1104 5058 1157 5109 in
1180 5059 1383 5110 nomine
1411 5075 1519 5112 meo
1553 5059 1745 5129 (Marc.

131 5141 216 5196 i5.
248 5141 382 5212 2'3).
416 5143 592 5210 Quare
618 5161 722 5199 non
754 5149 933 5202 statim
968 5148 1114 5202 illum
1148 5149 1578 5220 redargncrunt?
1605 5153 1749 5209 Satis

129 5233 403 5291 habebant
432 5236 575 5306 quod
607 5252 727 5292 sese
753 5240 1142 5295 condemnaret
1169 5260 1180 5295 :
1211 5244 1410 5298 ctenim
1440 5255 1493 5299 ct
1525 5246 1627 5301 hoc
1652 5248 1743 5302 do-

126 5331 316 5383 ctrinm
344 5339 482 5385 erat.
512 5330 644 5397 Quia
672 5341 850 5388 autem
884 5346 1136 5391 resrstere
1167 5352 1272 5390 non
1305 5329 1546 5406 pmerat,
1580 5342 1748 5396 simu-

129 5425 319 5488 lat,ut
349 5426 491 5495 magi
533 5425 610 5480 illi
653 5429 741 5497 qui
785 5428 1037 5483 dicebant
1080 5447 1091 5484 :
1150 5429 1264 5484 Hoc
1305 5433 1494 5503 digitus
1541 5433 1634 5489 Dei
1671 5449 1746 5490 est

183 5625 258 5686 (a)
295 5621 418 5673 Cum
433 5625 510 5692 _a_it
547 5623 642 5673 sub
665 5629 828 5687 Moyse
857 5625 1088 5692 miracula
1117 5640 1206 5689 per
1229 5633 1648 5692 comparationem
1676 5633 1741 5682 fa-

123 5695 200 5733 cta
240 5685 399 5756 esse,
520 5693 623 5746 est,
653 5685 1186 5756 pericomparationcm
1223 5685 1353 5740 cum"
1375 5693 1623 5756 ntiraculis
1649 5711 1741 5756 per

115 5761 278 5810 magos
309 5748 514 5811 patratis
532 5785 546 5810 ,
575 5762 634 5799 ea
659 5748 990 5813 probabantur
1015 5765 1130 5803 esse
1155 5768 1273 5806 vera
1300 5763 1352 5806 et
1386 5768 1413 5805 a
1448 5755 1557 5806 Deo
1595 5748 1738 5819 proti-

117 5821 252 5866 L'ISt’].

1122 312 1188 368 ΙΝ
1230 311 1412 368 ACTA
1457 302 1990 364 AI‘OSTOLORUM.
2036 301 2268 360 HOMIL.
2321 301 2510 358 XVIII.

3382 306 3487 362 HG

1883 416 2086 488 (Exod.
2119 421 2173 476 8.
2208 420 2316 492 l9).
2350 420 2424 474 Ne
2453 435 2583 475 vero
2613 436 2800 476 rursus
2833 422 3222 493 expelleretur,
3258 423 3382 479 ldco
3412 426 3497 479 ad-

1877 511 2110 567 ha'rcbat
2145 512 2416 582 Philippo,
2447 529 2548 569 nec
2580 514 2892 570 recedebat.

1947 608 1999 660 4.
2030 606 2165 672 Quot
2187 608 2319 660 bona
2342 624 2477 660 mors
2501 608 2754 678 Stephani
2776 610 3186 666 attulerit.—Tu
3213 625 3345 666 vero
3368 610 3496 665 mihi

1876 698 2150 765 perpende
2170 739 2186 763 ,
2219 709 2351 767 quot
2381 711 2689 770 quantaque
2721 702 3108 771 dispensentur
3141 719 3236 772 per
3264 714 3495 758 mortem

1876 790 2157 859 Stephani.
2194 789 2591 861 Dispcrguntnr
2617 810 2712 863 per
2739 794 2989 863 regiones
3013 794 3214 849 Judaxc
3238 805 3291 849 et
3312 794 3504 850 Sama-

1874 883 1968 938 ria:
1985 925 1999 948 ,
2025 885 2397 954 evangelizant
2419 886 2666 952 verbum,
2699 888 2995 956 praedicant
3020 887 3319 952 Christum,
3345 890 3496 957 signa

1874 974 2074 1042 edunt,
2111 977 2368 1046 paulatim
2402 978 2451 1030 hi
2482 977 2684 1033 donum
2715 980 3006 1050 accipiunt.
3044 981 3156 1035 lloc
3189 981 3382 1050 duplex
3419 981 3498 1035 si-

1874 1082 2037 1137 gnum
2072 1079 2192 1123 erat
2222 1090 2234 1125 :
2265 1085 2388 1124 nam
2417 1079 2470 1125 et
2499 1072 2604 1124 illis
2635 1072 2763 1126 dare
2796 1082 2846 1126 et
2883 1071 3005 1128 huic
3033 1087 3139 1127 non
3169 1072 3300 1127 dare
3322 1114 3335 1135 .
3380 1089 3498 1126 nia-

1873 1179 2040 1232 gnum
2070 1173 2187 1220 erat
2227 1167 2463 1235 signum.
2501 1166 2591 1219 25.
2626 1167 2690 1220 Et
2719 1167 2798 1219 illi
2827 1167 3027 1236 quidem
3057 1167 3313 1236 testiﬁcati
3344 1181 3387 1220 et
3418 1168 3498 1220 lo-

1872 1257 2017 1322 qunti
2044 1257 2247 1310 verbum
2278 1258 2502 1319 Domini,
2529 1262 2713 1312 rtrersi
2736 1269 2854 1314 sunt
2881 1262 2932 1313 in
2954 1259 3264 1326 Jerusalem,
3294 1271 3339 1313 et
3368 1262 3502 1313 mul-

1875 1355 1938 1405 tis
1985 1352 2104 1405 viris
2152 1354 2600 1407 Samaritanorum
2649 1354 3083 1425 evangelisabuut.
3139 1355 3282 1409 Bene
3325 1355 3494 1417 dixit,

1873 1443 2176 1512 Testi/icati.
2201 1445 2582 1500 Testificantur
2611 1440 2840 1500 fortasse
2864 1458 3084 1517 propter
3111 1447 3280 1510 illum,
3312 1463 3377 1500 ne
3405 1447 3499 1499 de-

1872 1539 2163 1608 cipiantur,
2199 1547 2255 1592 ut
2283 1548 2468 1608 postea
2498 1538 2550 1592 iu
2584 1547 2700 1593 tuto
2721 1550 2927 1606 essent,
2959 1556 3025 1593 ne
3056 1540 3321 1609 inexperti
3353 1555 3499 1608 sa~pe

1873 1630 2272 1699 abriperentnr.
2309 1631 2517 1685 Reversi
2557 1643 2675 1685 sunt
2713 1631 3113 1703 Jerosolymam.
3156 1632 3265 1688 Cur
3303 1633 3495 1687 iterum

1874 1722 1964 1776 illo
1993 1722 2319 1787 Concedunt,
2354 1723 2455 1778 ubi
2477 1725 2720 1795 tyrannis
2751 1734 2900 1789 erat,
2934 1726 3022 1780 ubi
3040 1719 3318 1779 'malorum
3352 1726 3498 1794 prin-

1871 1817 2099 1886 cipium,
2134 1817 2221 1871 ubi
2251 1818 2485 1872 maxime
2518 1819 2848 1888 sanguinarii
2892 1821 3086 1874 erant?
3129 1819 3198 1876 Ut.
3244 1820 3297 1874 in
3341 1821 3499 1876 bellis

1872 1908 2036 1964 duces
2067 1909 2305 1976 faciunt,
2347 1921 2399 1965 et
2440 1911 2583 1967 bello
2627 1912 2960 1968 laborantem
3004 1924 3212 1984 partem
3248 1923 3438 1985 petunt
3477 1931 3493 1966 :

1874 2000 2106 2070 idipsum
2156 2003 2208 2056 hi
2261 2013 2534 2071 praestant.
2585 2004 2719 2060 Vide
2761 2022 2976 2061 rursum
3027 2021 3135 2062 non
3181 2009 3358 2077 primo
3403 2023 3496 2063 ve-

1871 2096 2081 2148 nientes
2109 2096 2438 2162 Samariam,
2470 2095 2564 2152 scd
2597 2097 2780 2167 pulsos
2807 2099 3120 2168 discipulos,
3150 2100 3291 2154 sicut
3317 2110 3371 2155 et
3398 2101 3498 2156 sub

1869 2187 2105 2252 Christo,
2140 2199 2192 2243 et
2222 2191 2498 2260 apostolos
2529 2191 2596 2244 ad
2627 2205 2724 2246 eos
2753 2191 3150 2259 Samaritanos,
3188 2194 3278 2263 qni
3310 2193 3490 2248 credi-

1868 2282 2092 2346 derant,
2125 2280 2342 2337 demum
2385 2283 2603 2341 missos.
2632 2282 2760 2340 Cum
2790 2286 3051 2342 audissent
3078 2297 3268 2352 autem,
3301 2288 3496 2358 inquit,

1868 2375 2120 2446 apostoli,
2151 2377 2238 2447 qui
2273 2387 2416 2432 erant
2445 2376 2785 2450 Jerosolymis
2804 2422 2820 2447 ,
2850 2383 3095 2436 miserunt
3135 2381 3206 2435 ad
3244 2382 3362 2436 illos
3396 2381 3496 2436 Pe-

1869 2483 2002 2526 trum
2031 2483 2077 2527 et
2105 2471 2383 2527 Joannem.
2416 2473 2528 2529 Cur
2558 2476 2885 2529 mittuntur?
2928 2475 2993 2532 Ut
3038 2477 3158 2532 illos
3191 2478 3426 2532 libercnt
3467 2493 3496 2531 a

1869 2564 2075 2634 magia,
2122 2574 2180 2619 ut
2225 2565 2330 2618 illis
2377 2565 2682 2621 doctrinam
2733 2577 3204 2633 commemorent,
3257 2583 3420 2640 quam
3466 2583 3496 2622 a

1867 2660 2082 2714 Christo
2111 2659 2436 2716 didicerant.
2465 2662 2599 2716 Cum
2631 2670 2911 2731 oporteret
2942 2677 3073 2732 ergo
3101 2663 3250 2716 illum
3279 2672 3496 2717 contra-

1869 2754 2004 2807 rium
2037 2763 2255 2824 petere,
2289 2764 2346 2808 ut
2375 2754 2644 2824 acciperet
2673 2754 2934 2823 Spiritum
2963 2765 3210 2809 sanctum
3232 2796 3248 2822 ,
3283 2757 3327 2809 is
3364 2754 3495 2810 illud

1868 2844 2003 2898 nihil
2031 2859 2255 2910 cnrans,
2292 2845 2426 2916 petit
2455 2854 2513 2899 ut
2543 2846 2664 2900 aliis
2692 2845 2825 2901 dare
2859 2847 3027 2915 possit
3060 2864 3074 2900 :
3106 2847 3208 2902 etsi
3244 2847 3344 2916 ipsi
3386 2862 3496 2900 non

1867 2937 2018 2992 illum
2065 2939 2134 2994 ita
2176 2952 2537 3009 acceperant,
2581 2950 2641 2994 ut
2671 2939 2802 2995 dare
2843 2950 3084 3010 possent.
3131 2940 3238 2996 Sed
3282 2939 3498 2996 volebat

1867 3034 1956 3087 hic
2002 3033 2252 3102 Philippo
2293 3034 2491 3088 clarior
2519 3049 2662 3101 esse,
2695 3035 2784 3102 qui
2830 3035 2971 3088 inter
3011 3033 3303 3104 discipulos
3351 3042 3490 3088 erat.

1866 3125 2100 3180 Pecunia
2127 3136 2214 3180 tua
2243 3137 2404 3181 tecum
2425 3128 2488 3181 sit
2514 3129 2565 3180 in
2589 3128 2943 3199 perditionem.
2970 3126 3088 3182 Non
3119 3127 3490 3198 imprecantis,

1865 3218 1962 3273 sed
1995 3219 2319 3288 corrigentis
2351 3218 2465 3274 hmc
2496 3229 2643 3273 sunt.
2675 3220 2810 3286 Quia
2837 3220 2984 3275 enim
3027 3219 3116 3274 illa
3163 3235 3270 3275 non
3312 3230 3365 3275 ut
3397 3236 3496 3291 par

1865 3321 1982 3366 erat
2027 3312 2303 3375 utebatur,
2339 3312 2458 3367 Tibi
2497 3313 2599 3378 sit,
2646 3313 2856 3384 inquit,
2901 3314 2992 3384 qui
3037 3314 3156 3368 talis
3196 3328 3285 3378 es;
3328 3329 3391 3367 ac
3447 3315 3490 3367 si

1865 3407 1987 3474 quis
2017 3404 2227 3459 diceret
2261 3425 2272 3459 :
2310 3405 2443 3461 Cum
2478 3407 2758 3476 preposito
2792 3418 2882 3461 tuo
2925 3416 3109 3477 pereat
3137 3450 3150 3475 ,
3194 3407 3336 3478 quod
3385 3419 3490 3462 tam

1866 3498 2042 3551 viliter
2073 3499 2276 3552 sentias
2307 3499 2374 3554 de
2407 3500 2550 3554 dono
2584 3501 2698 3563 Dei,
2731 3499 2876 3570 quod
2906 3499 3168 3570 Sperabas
3197 3500 3491 3554 humanam

1865 3592 2088 3643 omnino
2144 3607 2260 3648 rem
2289 3606 2410 3646 esse
2447 3611 2458 3645 :
2495 3609 2605 3646 non
2640 3595 2709 3647 ita
2743 3610 2801 3647 se
2835 3594 3017 3648 habet.
3047 3592 3103 3650 Si
3127 3608 3257 3662 ergo
3299 3611 3490 3649 acces-

1865 3682 2059 3745 sisst-t,
2095 3692 2152 3737 ut
2202 3683 2571 3738 accedendum
2625 3695 2767 3751 erat,
2825 3687 3016 3741 saltem
3068 3696 3320 3756 receptus
3361 3687 3492 3742 fuis-

1864 3774 2012 3841 set‘,
2063 3774 2253 3828 saltem
2303 3790 2408 3828 non
2460 3785 2512 3828 ut
2555 3777 3000 3845 pestisrcjcctus
3044 3778 3493 3835 fuisset.'\'ideu’

1864 3881 2020 3930 eum,
2047 3867 2135 3934 qui
2169 3881 2328 3936 parva
2361 3867 2430 3922 de
2462 3870 2670 3939 magnis
2699 3871 2883 3933 sentit,
2913 3871 3203 3941 dupliciter
3224 3873 3492 3944 peccare?

1867 3958 1981 4011 Duo
2013 3958 2175 4028 igitur
2205 3960 2280 4014 illi
2315 3961 2559 4030 principit
2593 3979 2605 4014 :
2646 3960 3007 4016 Ptenitentiam
3035 3981 3159 4035 age,
3202 3975 3247 4018 et
3294 3983 3412 4029 ora,
3447 3967 3489 4020 si

1867 4051 2001 4120 forte
2039 4055 2328 4107 remittatur
2373 4055 2460 4108 tibi
2504 4057 2742 4126 cogitatio
2780 4059 2950 4113 cordis
2989 4060 3061 4110 tui
3092 4078 3109 4112 :
3140 4071 3244 4112 tam
3291 4061 3488 4114 malam

1864 4157 1977 4197 rem
2011 4145 2362 4215 cogitaverat.
2397 4148 2518 4201 Ideo
2540 4151 2643 4213 ait,
2673 4150 2734 4203 Si
2761 4152 2892 4219 forte
2914 4154 3198 4205 remittatur
3219 4153 3337 4215 tibi,
3364 4153 3488 4222 quia

1863 4237 2071 4293 sciebat
2099 4240 2521 4312 incorrigibilem
2552 4259 2690 4298 esse.
2729 4247 2797 4298 At
2837 4246 2926 4300 ille
2972 4248 3144 4299 timuit
3184 4249 3487 4302 multitudi-

1864 4349 2018 4396 nem,
2065 4342 2120 4388 et
2161 4335 2348 4388 metuit
2391 4350 2610 4405 negare.
2646 4335 2807 4392 Certe
2841 4339 2941 4393 nisi
2988 4340 3235 4394 turbatus
3268 4341 3484 4407 inisset,

1860 4427 2089 4482 dixisset
2120 4429 2334 4497 utique,
2367 4443 2426 4482 se
2456 4430 2749 4484 uescivisse
2771 4440 2826 4484 et
2848 4431 3220 4501 imprudenter
3252 4433 3444 4489 fecisse
3472 4455 3484 4488 :

1860 4533 1915 4576 at
1947 4523 2038 4576 ille
2071 4524 2350 4592 perculsus
2381 4532 2483 4587 est,
2519 4540 2711 4590 pr:mo,
2739 4525 2880 4594 quod
2909 4527 3079 4595 signis
3104 4537 3292 4596 captus
3318 4541 3481 4592 esset;

1861 4616 2122 4682 secundo,
2157 4615 2298 4686 quod
2331 4632 2451 4682 qua:
2483 4619 2532 4668 in
2566 4629 2747 4671 mente
2781 4623 3050 4684 versabat,
3083 4622 3367 4676 manifesta
3401 4640 3483 4678 cs-

1861 4720 2001 4764 sent.
2036 4711 2158 4764 Ideo
2193 4711 2376 4779 procul
2412 4721 2595 4778 postea
2627 4712 2760 4765 abiit
2782 4753 2795 4776 ,
2832 4729 3024 4783 netnpc
3051 4714 3297 4782 Romam,
3331 4720 3484 4787 quasi

1861 4819 1968 4857 non
1998 4814 2257 4857 venturus
2287 4804 2378 4856 illo
2407 4815 2554 4858 esset
2581 4805 2878 4874 apostolus.
2918 4806 3125 4871 Multis,
3161 4809 3368 4879 inquit,
3401 4830 3478 4865 re-

1857 4896 2092 4966 gionibus
2116 4895 2561 4949 Samaritanorum
2585 4896 3022 4968 evttngelizabant.
3054 4900 3188 4972 Vide
3212 4905 3486 4972 quomodo

1860 4991 1972 5059 ipsa
2005 4990 2193 5043 itinera
2225 4989 2333 5044 illis
2367 4992 2640 5060 negotium
2687 4991 2984 5048 affet-ebant
3026 5011 3039 5048 :
3080 4971 3181 5050 sed
3219 5012 3324 5050 non
3367 4998 3485 5052 sine

1857 5097 2019 5137 causa
2052 5083 2153 5137 iter
2181 5084 2570 5152 suscipiebant.
2606 5084 2765 5141 Tales
2800 5103 2897 5141 nos
2925 5089 3275 5158 migrationcs
3306 5091 3485 5146 facere

1856 5184 2154 5244 oporteret.
2187 5175 2256 5229 Et
2283 5177 2410 5246 quid
2444 5179 2566 5232 dico
2594 5180 2988 5249 migrationes?
3017 5183 3167 5236 Multi
3199 5200 3348 5239 VlCt)S
3381 5185 3448 5238 ha

1860 5269 1984 5320 bent
2014 5276 2067 5321 et
2095 5283 2276 5339 agros,
2309 5279 2363 5323 et
2393 5286 2498 5324 non
2554 5271 2640 5324 illa
2673 5281 2901 5338 curant;
2933 5273 3026 5327 sed
3056 5277 3330 5342 quomodo
3365 5277 3479 5331 bal-

1861 5375 2018 5414 neum
2063 5363 2188 5427 liat,
2223 5372 2276 5416 et
2318 5365 2486 5432 pretia
2529 5377 2812 5432 crescant,
2856 5378 2914 5421 nt
2944 5369 3079 5421 aula:
3120 5377 3171 5423 et
3209 5370 3480 5426 domicilia

1855 5465 2261 5522 construantur,
2311 5457 2538 5511 multam
2588 5457 2789 5513 habent
2835 5461 3298 5527 sollicitudinem;
3342 5480 3479 5534 quo-

1857 5548 2019 5602 tnodo
2048 5560 2225 5603 autem
2257 5551 2451 5605 anim-.e
2480 5554 2819 5617 excolantur,
2852 5571 2959 5608 nun
2991 5557 3140 5608 item.
3173 5557 3236 5609 Ει
3272 5566 3324 5609 tu
3357 5557 3477 5626 qui-

1855 5643 1977 5694 dem
2002 5683 2014 5705 ,
2046 5642 2090 5695 si
2123 5644 2304 5712 spinas
2344 5644 2393 5698 in
2423 5659 2554 5714 agro
2580 5645 2794 5708 videas,
2830 5662 3014 5712 secas,
3055 5649 3188 5714 uris,
3219 5648 3473 5716 destruis,

1922 5758 1936 5787 ¹
1967 5755 2116 5804 Juxta
2142 5755 2266 5806 alios
2289 5757 2559 5819 legendum
2582 5795 2594 5818 ,
2619 5759 2661 5808 si
2683 5759 2814 5810 enim
2838 5762 2886 5810 in
2912 5760 3060 5811 corde
3088 5770 3219 5812 recto
3242 5762 3464 5813 accessis-

1860 5829 1948 5874 set,
1977 5821 2364 5870 saltem-bonam
2389 5821 2540 5883 ipsius
2577 5823 2867 5874 voluntatem
2902 5825 3170 5889 essetesset
3192 5827 3457 5889 apostolus.
