4068 6424
591 326 697 383 M1

596 452 653 495 ut
681 452 874 495 terram
906 434 975 490 ab
1001 434 1101 489 hac
1125 431 1358 502 pernicie
1383 428 1579 482 liberes
1608 442 1621 477 :
1657 422 1743 479 ubi
1774 431 1950 475 autem
1977 417 2182 488 agrico-

597 534 674 586 las
705 528 852 583 vides
877 527 1047 596 spinis
1077 525 1283 594 plenos,
1310 536 1411 577 nec
1441 528 1683 579 resccas;
1727 528 1830 566 non
1877 510 2032 564 times
2054 549 2069 573 ,
2098 506 2186 559 dic

597 804 814 860 clesiam
830 809 1164 864 construere,
1184 796 1454 851 doctorem
1481 791 1679 845 habere
1695 788 1759 842 ad
1781 778 2189 841 conferendum?

598 905 723 950 ante
761 893 943 947 omnia
995 890 1121 944 illud
1165 889 1216 941 in
1260 900 1424 954 scopo
1472 882 1702 943 habere,
1756 886 1811 931 ut
1851 887 2040 931 omnes
2082 871 2191 923 sint

597 985 930 1046 Christiani?
956 978 1254 1050 Quomodo,
1287 989 1492 1049 quwso,
1538 970 1872 1027 Christianus
1900 964 2003 1021 erit
2044 962 2187 1031 agri-

598 1086 746 1149 cola,
774 1095 894 1137 cum
925 1090 977 1132 te
1007 1074 1182 1129 videat
1210 1072 1290 1125 sic
1320 1079 1463 1123 tuam
1492 1066 1761 1134 negligere
1787 1054 2051 1133 salutem?
2073 1053 2188 1109 Non

600 1188 751 1246 potes
779 1173 953 1227 facere
984 1169 1156 1239 signa,
1196 1172 1253 1220 et
1286 1163 1365 1217 sic
1396 1154 1751 1230 persuadere?
1790 1151 1993 1221 Quibus
2039 1156 2191 1246 potes

599 1241 862 1339 persuade
892 1306 907 1329 ,
965 1258 1336 1321 immanitate,
1390 1250 1709 1324 patrocinio,
1758 1241 2186 1306 mansuetudine,

602 1356 893 1419 blanditiis,
925 1353 1149 1421 aliisque
1178 1347 1445 1403 omnibus.

673 1448 915 1503 Ecclesia:
952 1446 1003 1498 in
1042 1443 1195 1497 villis.
1226 1469 1297 1481 —-
1324 1438 1457 1493 Fora
1486 1434 1701 1506 quidem
1733 1440 1786 1487 et
1814 1429 2003 1486 balnea
2035 1425 2189 1482 multi

599 1541 820 1603 faciunt,
848 1537 1103 1593 ecclesias
1136 1548 1261 1588 vero
1301 1530 1559 1593 minime;
1588 1526 1765 1581 omnia
1802 1523 1998 1593 potius,
2029 1534 2191 1590 quam

599 1632 724 1687 hoc.
752 1630 876 1685 Ideo
901 1628 1164 1682 admoneo
1190 1633 1243 1679 et
1266 1620 1528 1691 supplico,
1556 1618 1890 1688 gratiamque
1915 1621 2057 1683 peto,
2085 1611 2194 1665 imo

601 1724 773 1795 legem
802 1734 943 1792 pono
966 1761 981 1784 ,
1014 1727 1072 1772 ut
1097 1730 1257 1772 nemo
1287 1715 1459 1769 villam
1494 1712 1686 1766 habeat
1712 1708 1940 1766 ecclesia
1970 1721 2076 1761 non
2108 1705 2192 1758 in-

602 1825 881 1873 structam.
912 1812 989 1868 Ne
1021 1810 1148 1865 mihi
1178 1809 1396 1870 dixeris,
1430 1807 1601 1875 Prope
1630 1812 1733 1867 est,
1767 1803 1821 1857 in
1852 1800 2043 1855 vicinia
2069 1807 2150 1853 est
2176 1815 2189 1851 :

602 1908 767 1963 multa
795 1914 879 1961 est
907 1906 1170 1973 impensa,
1199 1899 1441 1955 modicus
1470 1906 1778 1968 proventus.
1801 1892 1856 1949 Si
1878 1893 2005 1964 quid
2029 1890 2195 1946 habes

603 1997 929 2067 erogandum
979 1992 1337 2066 pauperibus,
1381 1990 1480 2045 hac
1522 1990 1573 2044 in
1618 2004 1676 2045 re
1716 1990 1925 2043 insume
1956 2003 1971 2041 :
2006 1985 2196 2040 melius

606 2093 734 2154 illic,
764 2105 921 2161 quam
956 2089 1041 2142 hic
1073 2106 1087 2143 :
1118 2088 1201 2143 ale
1234 2086 1533 2149 doctorem,
1565 2084 1648 2137 ale
1686 2082 1991 2146 diaconum,
2022 2088 2076 2134 et
2104 2095 2197 2135 sa-

603 2180 936 2238 cerdotalem
966 2186 1187 2233 emtum.
1218 2184 1297 2233 Ae
1325 2177 1368 2230 si
1399 2190 1618 2229 uxorem
1650 2174 1731 2228 vel
1763 2187 2015 2242 sponsam
2036 2171 2199 2226 duce-

605 2287 715 2339 res,
738 2287 800 2327 ac
825 2270 870 2325 si
899 2269 1061 2323 tiliam
1094 2269 1319 2331 locares,
1344 2268 1423 2321 sic
1448 2275 1565 2321 esto
1594 2280 1717 2334 erga
1748 2263 2042 2318 Eeclesiam
2070 2260 2199 2316 affe—

605 2376 725 2422 ctus
755 2382 767 2418 :
795 2364 975 2419 dotem
1021 2360 1121 2431 ipsi
1155 2360 1366 2430 largire.
1398 2360 1487 2413 Sic
1530 2359 1622 2412 tibi
1663 2358 1786 2411 villa
1825 2355 2198 2411 benedictione

612 2456 924 2526 replebitur.
968 2453 1107 2519 Quid
1148 2450 1271 2506 boni
1318 2465 1423 2505 non
1466 2450 1573 2504 illic
1610 2449 1753 2505 erit?
1790 2462 2048 2517 parumne
2074 2456 2194 2510 est,

607 2561 791 2618 quaso
814 2588 828 2611 ,
863 2543 1098 2600 torcular
1136 2541 1421 2597 benedici?
1453 2555 1712 2611 parumne
1740 2549 1823 2595 est
1854 2540 2017 2594 Deum
2050 2538 2199 2606 prius

608 2655 676 2696 ex
716 2638 963 2693 omnibus
998 2636 1255 2691 fructibus
1300 2635 1403 2690 tuis
1441 2644 1643 2690 sortem
1680 2641 1735 2687 et
1772 2632 2030 2702 primitias
2058 2630 2196 2685 accio

609 2731 780 2801 pere?
804 2730 882 2782 Ad
911 2743 1095 2796 pacem
1122 2726 1475 2795 agricolarum
1506 2725 1606 2779 hoc
1630 2724 1755 2778 utile
1783 2732 1884 2777 est.
1914 2721 2202 2777 Venerabi-

609 2820 677 2875 lis
694 2819 797 2889 erit
818 2827 999 2889 postea
1024 2818 1321 2889 presbyter,
1349 2816 1585 2885 illudque
1606 2816 1669 2869 ad
1694 2816 1831 2869 villa:
1855 2815 2196 2869 securitatem

611 2913 894 2968 conducet.
916 2911 1200 2966 Orationes
1224 2911 1331 2964 illic
1353 2918 1622 2979 perpetuae
1644 2925 1741 2978 pro
1764 2916 1814 2962 te
1840 2908 1986 2973 fient,
2017 2906 2199 2977 hymni

610 3013 666 3057 et
685 3016 915 3073 synaxes
936 3010 1154 3071 propter
1176 3009 1246 3065 te,
1266 3000 1462 3053 oblatio
1486 2999 1708 3069 singulis
1732 2997 2042 3051 Dominicis.
2063 2997 2201 3062 Quid

613 3096 783 3165 magis
812 3092 1180 3148 admirandum
1208 3102 1292 3147 est
1312 3135 1327 3155 ,
1357 3091 1498 3159 quod
1529 3092 1614 3145 alii
1653 3090 1929 3161 splendida
1961 3089 2202 3158 sepulcra

610 3193 891 3242 exstruant
911 3225 924 3249 ,
954 3193 1011 3238 ut
1051 3185 1247 3254 posteri
1278 3184 1531 3249 audiant,
1565 3183 1709 3236 illum
1741 3184 1897 3236 talem
1934 3183 2046 3236 haec
2074 3197 2204 3236 con-

611 3278 910 3341 struxisse;
952 3291 1020 3329 an
1060 3274 1202 3346 quod
1244 3285 1298 3329 tu
1340 3276 1597 3331 ecclesias
1634 3276 1992 3331 excitaveris?
2020 3275 2201 3347 Cogita

615 3378 668 3423 te
698 3383 865 3438 usque
894 3366 960 3421 ad
989 3364 1185 3421 Christi
1224 3365 1512 3420 adventum
1555 3368 1858 3422 mercedem
1899 3368 2202 3423 habiturum

613 3475 755 3526 esse,
787 3458 831 3513 si
861 3460 1028 3513 altare
1059 3457 1154 3514 Dei
1187 3459 1524 3513 excitaveris.

684 3551 738 3607 5.
781 3552 875 3607 Dic
913 3551 1055 3605 enim
1102 3550 1230 3604 mihi
1256 3592 1271 3617 ,
1300 3551 1345 3604 si
1386 3549 1683 3620 Imperator
1724 3550 1816 3607 tibi
1863 3552 2207 3623 praecepisset

613 3644 829 3699 domum
857 3653 1167 3721 exstruere,
1201 3654 1257 3696 ut
1284 3642 1375 3697 illo
1407 3641 1786 3709 diversarelur,
1823 3659 2000 3699 nonne
2026 3645 2205 3711 omnia

615 3738 901 3793 moveres?
941 3738 1009 3790 At
1052 3751 1192 3791 nunc
1233 3735 1375 3805 regia
1420 3745 1503 3791 est
1542 3734 1739 3791 Christi
1780 3736 2009 3791 ecclesia
2047 3752 2207 3805 quam

615 3828 868 3884 aediﬁcas.
901 3826 979 3882 Ne
1007 3836 1276 3897 sumptum
1306 3836 1552 3897 spectes,
1590 3828 1682 3882 sed
1714 3827 1944 3883 fructum
1972 3838 2159 3898 reputa
2189 3847 2204 3885 :

618 3922 692 3976 illi
718 3921 899 3975 colunt
928 3929 1146 3985 terram,
1172 3928 1226 3975 tu
1251 3920 1370 3975 cole
1397 3919 1609 3974 illorum
1631 3920 1836 3975 animas
1861 3938 1874 3987 ;
1901 3921 1974 3975 illi
2003 3920 2206 3977 fructus

618 4012 710 4066 tibi
736 4011 986 4076 all'erunt,
1018 4020 1070 4065 tu
1100 4010 1218 4066 illos
1248 4010 1386 4066 infer
1418 4011 1469 4065 in
1498 4010 1709 4065 cmlum.
1742 4010 1840 4079 Qui
1872 4012 2077 4065 initium
2106 4013 2203 4067 de~

617 4104 730 4168 dit,
756 4104 801 4159 is
830 4104 1054 4157 aliorum
1095 4104 1332 4158 omnium
1367 4119 1526 4159 causa
1554 4114 1656 4160 est.
1690 4104 1831 4175 Ergo
1856 4115 1909 4161 et
1940 4114 1993 4160 tu
2023 4115 2209 4162 auctor

620 4194 761 4255 eris,
788 4194 929 4263 quod
958 4194 1327 4249 catechumeni
1372 4195 1479 4248 sint
1522 4194 1576 4248 in
1621 4196 1808 4250 vicinis
1850 4196 2012 4252 villis.
2053 4195 2208 4252 Certe

622 4282 811 4335 balnea
844 4284 1112 4337 molliores
1143 4284 1367 4339 reddunt
1404 4286 1686 4355 agricolas,
1719 4302 1976 4356 caupona:
2006 4287 2208 4344 delica-

621 4375 786 4428 tiores
814 4390 826 4425 :
856 4382 909 4427 et
941 4384 1114 4427 tamen
1146 4375 1258 4430 hazc
1288 4379 1557 4446 apparatis
1585 4388 1801 4447 propter
1828 4379 2075 4449 gloriam.
2106 4381 2210 4435 Fo-

622 4483 737 4522 rum
769 4477 822 4520 et
848 4467 1186 4523 celebritates
1218 4468 1335 4523 illos
1366 4469 1595 4524 reddunt
1638 4470 2020 4539 petulantiores
2050 4492 2062 4529 :
2097 4474 2209 4529 hmo

620 4566 798 4611 autem
828 4557 1045 4611 omnino
1071 4574 1245 4613 secus.
1278 4561 1483 4626 Quanta
1515 4562 1656 4614 enim
1689 4577 1774 4616 res
1804 4562 1997 4630 fuerit,
2030 4565 2211 4621 videre

625 4648 991 4717 presbyterum
1021 4649 1086 4702 ad
1119 4653 1420 4719 exemplum
1454 4650 1682 4705 Abrahre
1714 4652 2047 4707 incedentem
2074 4695 2087 4717 ,
2119 4671 2208 4709 ca-

626 4754 787 4801 num,
821 4740 1115 4794 accinctum
1140 4782 1154 4803 ,
1187 4741 1472 4796 fodientem
1492 4783 1507 4804 ,
1539 4744 1893 4811 cperantem?
1918 4744 2054 4811 Quid
2084 4760 2213 4815 agro

626 4829 717 4885 illo
740 4828 1186 4885 desiderabilius?
1214 4833 1308 4886 Hic
1334 4834 1505 4904 major
1528 4844 1608 4888 est
1634 4835 1820 4889 virtus.
1850 4835 1964 4890 Non
1996 4847 2080 4891 est
2106 4838 2214 4894 illic

625 4920 863 4986 lascivia,
892 4921 986 4975 sed
1016 4922 1200 4977 abacta
1226 4933 1307 4977 est
1331 4940 1345 4989 ;
1378 4939 1483 4977 non
1506 4924 1737 4979 ebrietas
1757 4935 1812 4980 et
1834 4927 2094 4997 voluptas,
2119 4930 2211 4985 Sed

623 5013 896 5068 eliminata
940 5023 1054 5077 est;
1100 5030 1205 5069 non
1243 5031 1374 5069 vana
1419 5016 1619 5085 gloria,
1658 5018 1751 5072 sed
1792 5020 2052 5075 exstincta
2084 5030 2165 5075 est
2197 5041 2209 5077 :

628 5104 999 5159 benevolentia
1030 5105 1147 5173 plus
1182 5106 1293 5165 illic
1334 5106 1497 5176 fulget
1538 5117 1753 5177 propter
1795 5110 2208 5179 simplicitatem.

623 5194 806 5261 Qualis
836 5210 921 5250 res
952 5203 1036 5249 est
1064 5196 1209 5251 abire
1239 5208 1290 5252 et
1322 5198 1527 5267 ingredi
1568 5199 1620 5253 in
1651 5199 1867 5255 domum
1901 5204 2027 5267 Dei,
2057 5212 2111 5258 et
2139 5203 2215 5257 vi-

626 5286 777 5351 dere,
805 5288 944 5357 quod
978 5288 1093 5359 ipse
1125 5290 1270 5343 illam
1297 5294 1645 5361 cxstruxcrit,
1679 5295 2018 5366 seipsumque
2051 5298 2213 5367 proji-

625 5393 749 5433 ccre
789 5380 1034 5447 supinum
1056 5424 1071 5448 ,
1107 5380 1167 5456 ¹[
1198 5393 1251 5437 et
1284 5396 1399 5452 post
1442 5386 1587 5441 illam
1637 5403 1949 5456 corpoream
1980 5392 2213 5460 quietem

629 5472 901 5525 nocturnis
924 5482 978 5526 et
1003 5477 1270 5529 matutinis
1299 5476 1508 5547 hymnis
1535 5478 1769 5551 adesse,]
1797 5485 2212 5538 commensalem

694 5606 721 5681 ξ
739 5605 911 5681 [n.uno
934 5608 1112 5659 Codice
1137 5608 1337 5681 legitur,
1366 5614 1410 5661 el
1442 5620 1543 5674 post
1569 5627 1740 5681 nonam
1764 5615 1949 5681 horum,
1977 5632 2208 5681 corporea

628 5663 901 5743 tent'cibum
920 5684 1129 5729 sumere,
1155 5663 1467 5743 εἴηοςίᾳτκέε
1486 5663 1833 5743 matutinisque
1851 5663 2044 5743 Ιιῇἦιῖξῖέ
2063 5663 2205 5733 1:56.;-

628 5738 703 5789 ιε,
734 5729 837 5780 loco
866 5745 1034 5783 eorum
1058 5746 1168 5797 qua
1194 5737 1388 5787 uncinis
1409 5738 1683 5788 clausimus.

1392 316 1450 373 S.
1489 310 1767 371 JOANNIS
1804 298 2275 366 CHRYSOSTOMI
2319 300 2632 358 ARCHIEP.
2674 299 3211 358 CONSTANTINOP.

3798 296 3905 356 HQ

2302 414 2499 469 habere
2548 412 2881 468 sacerdotem
2930 421 2985 467 et
3030 413 3464 482 colloquentem,
3519 406 3904 462 benedictione

2296 507 2428 571 frui,
2472 507 2608 561 alios
2649 506 2832 561 videre
2873 506 3009 559 istuc
3050 503 3360 559 venientes?
3401 500 3495 555 llic
3535 514 3720 553 murus
3746 542 3762 562 ,
3802 504 3907 552 hoc

2294 595 2602 668 prmsidium
2630 597 2739 667 agri
2771 605 2875 651 est.
2903 596 2998 650 Hic
3024 606 3107 651 est
3129 610 3257 665 ager
3276 595 3341 646 de
3365 609 3470 662 quo
3492 592 3689 646 dicitur
3714 609 3725 643 :
3756 590 3907 643 Odor

2294 690 2404 759 agri
2435 689 2593 758 pleni,
2624 689 2706 742 cui
2736 688 2989 744 benedixit
3024 686 3273 741 Dominus
3300 686 3449 759 (Gen.
3478 684 3566 738 27.
3596 683 3714 751 27).
3743 682 3904 749 QUIN,

2296 779 2341 833 si
2367 779 2569 849 absque
2600 780 2701 834 hoc
2730 779 2867 834 bona
2894 779 3017 833 villa
3041 788 3126 833 est
3150 789 3368 847 propter
3389 778 3647 847 quietem,
3676 784 3908 844 propter

2296 869 2389 924 otii
2415 869 2796 925 abundantiam
2820 886 2835 922 :
2857 869 2903 923 si
2925 879 2978 924 ct
3004 867 3106 923 hoc
3127 867 3434 929 accesserit,
3457 868 3540 920 cui
3567 866 3645 919 rei
3668 880 3765 935 par
3794 878 3907 917 non

2297 962 2444 1016 erit?
2476 962 2608 1017 Villa
2638 963 2781 1017 enim
2820 978 2938 1033 quae
2978 962 3259 1018 ecclesiam
3293 961 3452 1015 habet
3475 1001 3488 1020 .
3520 960 3773 1028 paradiso
3808 959 3906 1013 Dei

2297 1054 2487 1108 similis
2516 1064 2618 1109 est.
2656 1055 2773 1109 Non
2800 1065 2881 1110 est
2922 1055 3028 1109 illic
3060 1054 3296 1117 clamor,
3328 1068 3431 1107 non
3466 1052 3724 1105 tumultus
3746 1092 3762 1116 ,
3796 1067 3908 1105 non

2300 1146 2429 1200 varii
2459 1146 2675 1211 inimici,
2710 1162 2814 1201 non
2844 1147 3077 1203 lucreses
3102 1165 3116 1201 :
3140 1160 3329 1201 omnes
3358 1145 3537 1199 videre
3563 1155 3646 1199 est
3674 1145 3908 1209 amicos,

2296 1237 2609 1292 earumdem
2633 1246 2912 1292 consortes
2937 1237 3267 1307 dogmatum.
3300 1237 3375 1291 Te
3408 1235 3473 1291 ad
3507 1235 3909 1306 phil050phiam

2297 1329 2450 1399 quies
2489 1328 2703 1383 adducit
2732 1347 2745 1384 :
2770 1330 2839 1383 ab
2870 1328 2969 1384 hac
3009 1328 3345 1399 philoSOphia
3372 1336 3425 1383 te
3450 1342 3734 1382 assumens
3776 1342 3909 1396 prc-

2298 1423 2501 1493 shyter,
2532 1421 2686 1477 facile
2711 1423 2939 1479 curabit.
2974 1423 3075 1478 llic
3103 1423 3244 1477 enim
3272 1464 3287 1488 ,
3320 1436 3672 1491 qua-cumque
3700 1420 3909 1475 dixeri-

2300 1530 2439 1577 mus,
2471 1515 2645 1570 forum
2668 1515 2869 1570 excutit
2893 1531 2911 1569 :
2934 1514 3043 1570 illic
3069 1530 3194 1569 vero
3215 1530 3335 1585 qua:
3362 1514 3617 1578 audieris,
3647 1511 3825 1567 deﬁxa
3856 1514 3911 1569 in

2302 1617 2483 1663 mente
2512 1608 2753 1664 habebis.
2797 1608 2949 1664 Alius
2976 1609 3029 1662 in
3056 1624 3187 1678 agro
3214 1608 3321 1663 eris
3366 1624 3460 1677 per
3499 1607 3646 1660 illum
3677 1625 3692 1660 :
3718 1617 3774 1661 et
3804 1606 3913 1661 illis

2302 1701 2416 1769 ipse
2453 1700 2704 1769 praeerit,
2735 1708 2919 1755 custos
2950 1700 3053 1754 erit
3091 1709 3199 1754 tum
3229 1699 3370 1769 quod
3404 1715 3641 1769 pra-scus
3673 1700 3767 1765 sit,
3796 1710 3912 1751 tum

2299 1790 2442 1860 quod
2471 1790 2593 1846 illos
2618 1800 2928 1861 componat.
2962 1792 3174 1857 Quanta
3201 1802 3284 1847 est
3308 1807 3544 1862 expensa
3566 1833 3580 1856 ,
3609 1790 3697 1846 die
3734 1791 3867 1844 mihi
3892 1792 3917 1843 ?

2302 1883 2407 1939 Fac
2439 1884 2651 1939 interim
2682 1899 2898 1955 parvam
2930 1884 3147 1939 domum
3191 1899 3289 1953 pro
3324 1882 3560 1952 templo;
3589 1883 3676 1951 qui
3708 1893 3834 1953 post
3864 1893 3919 1937 te

2302 1978 2497 2043 veniet,
2530 1976 2687 2033 faciet
2719 1978 2980 2048 porticum
3007 1993 3021 2041 ;
3052 1991 3282 2046 sequens
3303 1976 3446 2030 aliud
3468 1976 3728 2045 adjiciet:
3756 1984 3813 2029 et
3836 1977 3919 2030 sic

2304 2070 2400 2125 tibi
2447 2080 2615 2124 totum
2662 2070 3029 2140 imputabitur.
3062 2070 3142 2124 Tu
3181 2069 3279 2123 das
3320 2084 3507 2140 parum
3535 2112 3548 2132 ,
3580 2081 3632 2122 et
3663 2068 3919 2123 omnium

2305 2162 2610 2218 mercedem
2640 2162 2856 2231 recipis.
2881 2162 3022 2231 Ergo
3047 2162 3254 2215 initium
3286 2162 3465 2224 facito,
3498 2159 3919 2215 fundamentum

2304 2270 2473 2327 pone;
2496 2256 2602 2309 imo
2624 2269 2719 2309 vos
2741 2262 2927 2309 mutuo
2950 2253 3235 2308 hortamini
3257 2269 3272 2319 ;
3298 2252 3399 2307 hac
3421 2253 3471 2307 in
3499 2267 3556 2306 re
3576 2261 3917 2306 concertate.

2303 2346 2454 2401 Nunc
2482 2353 2660 2400 autem
2689 2344 2777 2399 ubi
2809 2346 2959 2414 palea
2981 2385 2995 2408 ,
3029 2343 3358 2399 frumentum
3401 2353 3454 2397 et
3494 2342 3674 2396 omnia
3715 2340 3920 2399 similia

2304 2436 2612 2507 reponenda
2638 2444 2782 2498 sunt,
2810 2434 2965 2491 facile
2990 2434 3258 2490 tedillcant
3289 2451 3302 2488 :
3335 2434 3420 2488 ubi
3450 2450 3577 2489 vero
3607 2433 3920 2493 animarum

2306 2526 2511 2583 fructus
2554 2526 2841 2597 colligendi
2881 2535 3042 2593 sunt,
3076 2526 3207 2581 nihil
3246 2534 3471 2589 curant;
3508 2524 3604 2579 sed
3646 2533 3923 2594 coguntur

2308 2619 2453 2674 mille
2482 2619 2652 2674 stadia
2682 2619 2914 2683 emetiri,
2941 2627 2997 2674 et
3038 2633 3255 2688 magnas
3294 2617 3760 2687 peregrinationes
3799 2632 3922 2671 sus-

2307 2711 2487 2780 cipere
2508 2752 2521 2773 ,
2554 2720 2610 2765 ut
2653 2710 2704 2765 in
2736 2711 3017 2766 ecclesiam
3059 2710 3272 2764 abeant.
3305 2710 3571 2776 Quantum
3599 2720 3782 2764 autem
3819 2709 3922 2764 bo-

2308 2817 2433 2854 num
2462 2809 2544 2856 est
2563 2842 2579 2864 ,
2603 2816 2725 2856 cum
2752 2817 2939 2871 magna
2966 2801 3147 2870 quiete
3175 2801 3512 2855 sacerdotem
3544 2801 3593 2853 in
3626 2802 3923 2857 ecclesiam

2308 2893 2510 2957 venire,
2537 2902 2594 2947 ιιι
2615 2892 2835 2949 accedat
2855 2891 2923 2946 ad
2956 2891 3143 2958 Deum,
3167 2902 3219 2947 et
3242 2892 3483 2962 quotidie
3504 2902 3622 2949 oret
3650 2906 3749 2962 pro
3775 2897 3921 2959 vico.

2311 3002 2407 3054 pro
2437 2985 2642 3055 praedio
2662 2985 2673 3037 l
2694 2986 2961 3040 Parumne
2988 2995 3103 3051 est,
3136 2984 3345 3052 dic,oro
3365 3026 3379 3046 ,
3410 2985 3463 3039 in
3492 2986 3662 3040 δμωὶς
3686 2986 3924 3040 oblatio~

2311 3079 2468 3133 nibus
2489 3092 2702 3147 semper
2729 3092 2927 3132 nomen
2956 3087 3100 3132 tuum
3129 3075 3321 3134 referri
3346 3076 3441 3150 (α),
3473 3087 3526 3134 ct
3551 3078 3799 3151 quotidie
3823 3094 3926 3152 pro

2310 3172 2429 3225 villa
2463 3185 2650 3239 preces
2674 3170 2739 3224 ad
2770 3170 2937 3225 Deum
2966 3171 3182 3226 emitti?
3212 3183 3471 3242 quantum
3507 3174 3599 3229 tibi
3628 3185 3681 3229 et
3714 3176 3781 3230 ad
3815 3176 3925 3230 alia

2312 3260 2413 3313 hoc
2442 3260 2701 3328 prodest?
2729 3258 3005 3333 Contingit
3032 3263 3292 3332 quosdam
3325 3279 3355 3319 e
3386 3264 3561 3319 vicino
3595 3264 3847 3322 habitare
3872 3277 3928 3322 et

2310 3361 2585 3406 curatores
2606 3351 2809 3407 habere
2833 3370 2847 3405 :
2872 3353 2939 3407 ad
2966 3363 3015 3409 te
3041 3355 3202 3425 igitur
3230 3370 3518 3425 pauperem
3548 3371 3710 3411 nemo
3731 3373 3925 3413 eorum

2310 3445 2498 3499 venire
2518 3444 2845 3514 dignabitur,
2875 3445 2969 3500 sed
3003 3447 3377 3517 presbyterum
3406 3448 3543 3504 forte
3575 3449 3848 3517 invitabit,
3873 3460 3928 3505 et

2312 3552 2511 3591 mensa:
2536 3547 2841 3592 consortem
2867 3536 3044 3592 faciet.
3072 3538 3231 3593 Vides
3254 3551 3451 3609 quanta
3476 3542 3602 3596 hinc
3626 3542 3772 3597 bona
3798 3560 3928 3597 eve-

2315 3627 2495 3681 nient?
2528 3626 2661 3681 Villa
2694 3625 2909 3682 interim
2938 3628 3042 3684 erit
3075 3630 3143 3683 ab
3178 3631 3324 3686 omni
3361 3633 3673 3700 SUSpltiOlte
3702 3634 3876 3689 libera
3911 3653 3923 3689 :

2315 3733 2474 3773 nemo
2502 3716 2773 3773 homicidii
2800 3759 2813 3781 ,
2844 3734 3005 3774 nemo
3046 3720 3172 3774 furti
3210 3724 3517 3787 accusabit,
3553 3740 3716 3778 nemo
3747 3727 3928 3781 simile

2313 3809 2587 3879 quidpiam
2632 3808 3012 3879 suspicabitur.
3059 3810 3270 3866 Habent
3304 3821 3359 3867 et
3396 3812 3555 3867 aliam
3586 3819 3926 3871 consolatio-

2315 3918 2437 3956 nem
2464 3943 2479 3966 ,
2512 3902 2626 3957 sive
2657 3901 2878 3957 morbus
2904 3904 3017 3957 sive
3043 3917 3190 3958 mors
3224 3905 3454 3958 accidat.
3486 3905 3599 3959 Non
3628 3916 3929 3978 utcumque

2314 4010 2414 4052 nec
2445 4008 2662 4064 quoquo
2704 3992 2865 4049 modo
2900 3994 3152 4049 amicitiae
3200 3994 3337 4049 istuc
3382 4006 3569 4050 mutuo
3607 4000 3927 4054 coeuntium

2309 4087 2643 4156 junguntur;
2678 4095 2853 4142 cretus
2878 4101 3005 4141 vero
3031 4095 3189 4141 erunt
3214 4087 3385 4142 multo
3415 4102 3574 4156 quam
3609 4088 3663 4141 in
3695 4090 3927 4144 celebri-

2318 4177 2513 4230 tatibus
2541 4177 2839 4231 suaviores.
2865 4177 2980 4231 Non
3011 4177 3169 4232 modo
3194 4188 3375 4233 autem
3400 4188 3593 4246 canus,
3622 4180 3716 4237 sed
3743 4192 3798 4237 et
3830 4183 3928 4246 illi,

2316 4271 2403 4339 qui
2434 4269 2724 4339 priesident
2751 4311 2766 4334 ,
2798 4270 2867 4325 ob
2896 4271 3265 4343 presbyterum
3294 4272 3717 4329 venerabiliores
3742 4284 3928 4330 erunt.

2319 4362 2487 4416 Audis
2528 4364 2712 4431 utique
2752 4363 3142 4433 Jerosolymam
3185 4365 3312 4419 olim
3354 4366 3473 4420 aliis
3516 4366 3742 4421 urbibus
3786 4369 3929 4438 apud

2318 4467 2527 4512 veteres
2551 4456 2949 4512 honoratiorem
2973 4457 3167 4523 fuisse;
3194 4472 3294 4513 nec
3316 4458 3432 4512 sine
3451 4472 3633 4524 cauSa,
3659 4458 3757 4513 sed
3782 4464 3929 4529 quod

2318 4548 2390 4603 ibi
2444 4557 2570 4603 tunc
2615 4549 2784 4619 pietas
2833 4547 3122 4603 obtineret.
3171 4548 3437 4614 Quoniam
3486 4549 3577 4602 ubi
3628 4551 3931 4606 honoratur

2320 4639 2499 4702 Dens,
2543 4638 2613 4693 ibi
2658 4638 2789 4693 niltil
2834 4641 2958 4693 mali
2999 4649 3116 4704 est;
3152 4640 3242 4694 ubi
3274 4656 3377 4693 non
3422 4640 3757 4707 honoratur,
3796 4642 3930 4697 nihil

2321 4732 2465 4785 boni.
2491 4730 2649 4785 Multa
2672 4732 2934 4787 securitas
2959 4733 3062 4786 erit
3087 4733 3248 4787 etiam
3272 4742 3324 4787 et
3348 4734 3485 4804 apud
3518 4735 3684 4789 Deum
3707 4746 3761 4791 et
3783 4738 3929 4807 apud

2322 4824 2586 4879 homines.
2626 4825 2799 4879 Etiam
2842 4841 2994 4897 rogo,
3024 4842 3128 4879 non
3158 4826 3367 4896 ignave,
3402 4828 3495 4883 sed
3526 4829 3778 4884 alacriter
3814 4846 3930 4886 rem

2321 4917 2597 4986 suscipite.
2628 4918 2758 4974 Nam
2811 4920 2855 4974 si
2900 4920 2988 4988 qui
3018 4919 3200 4975 educit
3229 4922 3519 4991 pretiosum
3551 4938 3579 4976 a
3612 4922 3699 4976 vili
3723 4965 3737 4989 ,
3766 4926 3929 4993 quasi

2322 5025 2381 5065 os
2412 5011 2501 5066 Dei
2534 5012 2635 5065 erit
2662 5011 2797 5082 (λεν.
2829 5012 2915 5066 l5.
2949 5012 3036 5082 19)
3061 5029 3074 5079 ;
3100 5014 3187 5083 qui
3220 5023 3295 5069 tot
3321 5013 3621 5080 animabus,
3650 5025 3756 5069 tam
3790 5032 3930 5082 pne-

2322 5103 2562 5159 scntibus
2607 5119 2767 5173 quam
2820 5103 3011 5160 futuris
3055 5119 3223 5175 usque
3270 5105 3335 5160 ad
3386 5107 3674 5160 adventum
3721 5107 3932 5162 Christi

2322 5194 2557 5263 prodest,
2587 5204 2782 5265 quanta
2814 5197 2903 5250 Dei
2936 5198 3307 5253 benevolentia
3325 5198 3578 5257 fruetur?
3604 5198 3930 5257 Pra‘sidiutn

2325 5297 2577 5341 construe
2620 5298 2807 5341 contra
2854 5288 3165 5354 diabolum;
3220 5289 3323 5345 hoc
3360 5300 3442 5345 est
3481 5291 3624 5345 enim
3670 5294 3931 5349 ecclesia.

2328 5376 2458 5431 llinc
2490 5377 2751 5446 prodeant
2777 5394 2964 5434 manus
2991 5381 3056 5433 ad
3084 5381 3325 5435 laborem
3353 5400 3364 5433 :
3398 5382 3543 5449 prius
3569 5383 3936 5440 extendantur

2320 5468 2384 5520 ad
2420 5482 2625 5536 preces,
2656 5476 2710 5522 et
2741 5478 2863 5523 tunc
2889 5472 2952 5524 ad
2980 5487 3116 5541 opus
3142 5472 3355 5527 abeant.
3389 5473 3462 5527 Ita
3495 5474 3597 5529 erit
3630 5474 3733 5528 illis
3764 5479 3936 5530 robur

2323 5563 2601 5629 corporis;
2634 5561 2713 5615 sic
2740 5562 2843 5616 erit
2872 5563 3195 5632 agricultura
3232 5565 3436 5631 multa;
3467 5565 3544 5620 sic
3573 5566 3755 5619 omnia
3791 5570 3935 5623 mala

2334 5756 2383 5797 ω
2398 5688 2414 5746 (
2423 5689 2471 5748 (ι)
2494 5689 2683 5738 Nomina
2705 5693 3015 5751 patronorum
3043 5694 3090 5743 in
3110 5694 3259 5745 sacris
3274 5693 3599 5745 oblationibus
3611 5694 3926 5758 proferebat»

2388 5764 2427 5797 l‘.

2388 5764 2427 5797 ι’.
