4068 6420
159 440 266 501 147

155 557 425 630 φρίττεις,
454 553 575 609 είπέ
610 571 726 625 μοι,
773 551 863 606 τὸν
896 548 1162 631 μέλλοντά
1205 565 1266 602 σε
1317 549 1410 602 καὶ
1463 545 1605 618 ὑπὲρ
1639 543 1847 596 τούτων

152 645 416 699 ἀπαιτεῖν
443 641 638 711 λόγον;
669 641 745 695 Οὐ
771 640 879 710 γὰρ
907 638 1074 709 ἐχρῆν
1101 637 1334 690 ἕκαστον
1383 635 1494 690 τῶν
1517 631 1728 687 πιστῶν
1759 633 1848 682 ὲκ-

154 729 395 800 κλησίαν
450 729 795 799 οίκοδομεῖν,
857 725 1181 780 διδάσκαλον
1235 722 1538 793 λαμϐάνειν
1588 718 1728 790 πρὸς
1781 719 1846 772 τὸ

153 814 518 887 συναίρεσθαι
546 828 594 878 ι,
637 813 745 885 πρὸ
783 814 1004 867 πάντων
1033 810 1196 866 τοῦτο
1228 811 1477 873 σκοπεῖν,
1500 809 1652 869 ὅπως
1671 806 1853 860 ἀπαν-

150 920 249 967 τες
271 900 388 956 εἶεν
413 901 757 975 Χριστιανοί;
787 899 934 966 Πῶς,
968 901 1092 954 είπέ
1144 918 1260 971 μοι,
1295 895 1618 971 Χριστιανὸς
1649 894 1802 948 ἐσται
1823 895 1852 947 0

151 991 430 1061 γεωργὸς,
481 990 624 1061 ὁρῶν
657 989 718 1042 σέ
765 988 943 1052 οὕτως
991 988 1301 1059 ἀμελοῦντα
1329 987 1428 1057 τῆς
1478 982 1644 1038 αὐτοῦ
1676 998 1851 1052 σωτη-

153 1079 320 1149 ρίαςς
353 1080 429 1132 Ού
457 1078 687 1132 δύνασαι
715 1078 942 1162 ποιῆσαι
983 1078 1187 1147 σημεῖα
1216 1075 1311 1130 καὶ
1335 1076 1560 1138 πείσαις
1586 1065 1680 1134 Οἷς
1705 1068 1851 1162 ἔχεις

147 1168 368 1230 πεῖσον,
430 1159 811 1238 φιλανθρωπίᾳ
841 1167 904 1231 δ,
952 1164 1280 1238 προστασίᾳ,
1326 1162 1651 1235 ἡμερότητι,
1680 1159 1847 1212 κολα-

148 1251 308 1322 κείᾳ..
339 1256 451 1317 τοῖς
475 1254 657 1318 ἀλλοις
689 1253 882 1308 ἀπασι.

227 1341 340 1392 Καὶ
365 1341 574 1411 ἀγορὰς
608 1341 710 1412 μὲν
734 1340 831 1395 καὶ
874 1338 1134 1411 βαλανεῖα
1158 1337 1408 1393 ποιοῦσιν
1433 1337 1482 1390 οί
1506 1334 1714 1398 πολλοὶ,
1751 1333 1847 1388 ἐκ·

147 1425 390 1496 κλησίας
407 1428 463 1481 δὲ
487 1428 608 1498 οὐχί
619 1447 630 1457 ·
659 1428 754 1482 καὶ
789 1427 967 1482 πάντα
996 1426 1220 1498 μᾶλλον,
1267 1425 1302 1496 ἢ
1327 1424 1504 1478 τοῦτο.
1540 1423 1633 1478 Διὸ
1666 1439 1848 1492 παρα-

148 1513 312 1568 καλῶ
339 1515 432 1568 καὶ
456 1517 726 1570 ἀντιϐολῶ
757 1517 850 1571 καὶ
871 1517 1032 1587 χάριν
1055 1514 1212 1580 αίτῶ,
1244 1513 1447 1586 μᾶλλον
1467 1513 1524 1567 δέ
1558 1512 1654 1567 καὶ
1681 1512 1848 1581 νόμον

147 1599 372 1671 τίθημι,
406 1601 549 1656 ὥστε
583 1604 790 1674 μηδένα
825 1603 1057 1673 ὀφθῆναι
1096 1602 1304 1673 ἔρημον
1330 1599 1629 1672 ἐκκλησίας
1649 1596 1848 1670 χωρίον

149 1686 371 1757 ἔχοντα.
405 1690 496 1762 Μή
528 1708 620 1762 μοι
646 1691 828 1763 εἴπῃς·
859 1689 1095 1760 Πλησίον
1119 1691 1288 1753 ἐστὶν,
1314 1691 1378 1743 ἐκ
1407 1687 1666 1756 γειτόνων
1694 1684 1844 1758 [150]

146 1774 296 1827 ἐστί·
353 1775 525 1847 πολλή
594 1777 744 1832 ἐστιν
801 1777 1118 1848 ήδαπάνη,
1167 1777 1228 1830 οὐ
1276 1775 1447 1846 πολλὴ
1483 1775 1517 1845 ή
1560 1771 1844 1844 πρόσοδος.

146 1859 226 1914 Et
251 1878 306 1915 τι
333 1861 480 1933 ἔχεις
507 1866 588 1927 είς
618 1864 860 1935 πένητας
895 1865 1192 1930 ἀναλῶσαι,
1226 1865 1346 1917 ἐκεῖ
1380 1863 1681 1917 ἀνάλωσον⁸
1721 1860 1840 1930 βέλο

144 1963 272 2001 τιον
304 1950 440 2015 ἐκεῖ,
473 1949 505 2021 ἢ
543 1951 802 2008 ἐνταῦθα·
839 1952 1037 2024 θρέψον
1059 1952 1403 2015 διδάσκαλον,
1439 1950 1641 2021 θρέψον
1665 1949 1848 2004 διάκο-

146 2051 246 2088 νον
274 2038 368 2090 καὶ
389 2039 666 2111 ἱερατικὸν
701 2039 980 2111 σύστημα.
1029 2039 1244 2094 Ὠσανεὶ
1273 2041 1513 2109 γυναῖκα
1550 2035 1780 2106 ἀγαγὼν
1809 2035 1842 2108 ἢ

145 2119 395 2192 νύμφην,
424 2124 457 2194 ἢ
484 2124 611 2189 δοὺς
644 2124 1114 2199 θυγατέραγρῦτω
1140 2128 1208 2199 τῇ
1250 2125 1556 2197 Ἐκκλησία
1576 2124 1843 2179 διάκεισθ’

143 2210 358 2278 προῖκα
390 2211 574 2276 ἐπίδος
596 2214 760 2284 αὐτῇ.
787 2213 945 2267 υῦτω
980 2232 1064 2268 σοι
1087 2213 1339 2283 εὐλογίας
1362 2214 1424 2267 τδ
1456 2213 1656 2285 χωρίον
1707 2212 1846 2283 πλη-

146 2294 488 2370 ρωθήσεται.
514 2299 580 2352 Τί
608 2301 720 2370 γάρ
743 2301 842 2354 οὐκ
868 2302 1024 2355 ἔσται
1058 2303 1176 2356 ἐκεῖ
1197 2302 1308 2356 τῶν
1334 2301 1594 2370 ἀγαθῶν;
1622 2301 1845 2372 μικρὸν,

141 2385 275 2438 εἰπέ
316 2403 426 2455 μοι,
453 2387 548 2440 τὸν
583 2389 745 2459 ληνὸν
781 2391 1160 2460 εύλογεῖσθαι;
1209 2392 1427 2466 μικρὸν,
1483 2392 1544 2459 ἐξ
1565 2392 1705 2446 ὅλων
1735 2391 1846 2446 τῶν

142 2471 381 2544 καρπῶν
409 2483 432 2513 ο
479 2474 589 2528 τῶν
641 2477 748 2530 σῶν
773 2479 864 2531 τὸν
909 2479 1045 2533 Θεὸν
1076 2481 1345 2553 πρότερον
1387 2480 1703 2555 ἀπόμοιραν
1751 2480 1848 2534 καὶ

140 2558 408 2628 ἀπαρχάς
463 2561 798 2632 λαμϐάνειν;
843 2565 987 2635 Πρὸς
1041 2567 1268 2638 εἰρήνην
1296 2567 1407 2621 τῶν
1445 2567 1845 2638 γεωργούντων

139 2644 311 2699 τοῦτο
363 2649 655 2720 χρήσιμον.
721 2651 1010 2723 Αἰδέσιμος
1057 2653 1212 2708 ἐσται
1246 2655 1342 2709 καὶ
1391 2656 1421 2710 0
1472 2656 1848 2728 πρεσϐύτερος

141 2733 360 2802 λοιπὸν,
395 2737 492 2790 καὶ
543 2739 681 2810 πρὸς
726 2741 1032 2810 ἀσφάλειαν
1081 2741 1178 2796 τοῦ
1216 2744 1418 2815 χωρίου
1482 2745 1846 2816 συμϐαλεῖται

92 2865 100 2870 .
139 2821 333 2876 τοῦτο.
375 2825 550 2895 Εὐχαὶ
581 2827 700 2880 ἐκεῖ
725 2827 996 2899 διηνεκεῖς
1029 2829 1120 2884 διά
1169 2831 1252 2895 σέ,
1285 2829 1446 2902 ὕμνοι
1471 2832 1569 2886 καὶ
1592 2832 1848 2899 συνάξεις

137 2907 235 2962 διά
264 2910 349 2973 σέ,
393 2914 683 2985 προσφορά
719 2915 840 2969 καθ’
898 2918 1137 2990 ἐκάστην
1180 2921 1491 2991 Κυριακήν.
1529 2914 1655 2974 Οἷόν
1694 2923 1846 2977 ἐστιν

138 2997 226 3060 εἰς
259 2997 449 3068 θαῦμα
479 3001 686 3072 μεῖζον,
726 3003 822 3057 τοῦ
856 3006 1061 3074 τάφους
1099 3008 1199 3077 μὲν
1243 3008 1464 3080 ἐτέρους
1482 3010 1845 3080 οἰκοδομῆσαι

137 3084 460 3156 λαμπροὺς,
514 3088 602 3143 ἴνα
633 3090 684 3144 οῖ
740 3093 879 3162 μετά
927 3094 1102 3149 ταῦτα
1134 3097 1431 3158 ἀκούωσιν,
1497 3097 1577 3151 ὅτι
1607 3099 1636 3150 0
1694 3098 1847 3153 δεῖνα

137 3174 496 3246 ᾠκοδόμησε,
528 3177 588 3230 σέ
617 3178 675 3232 δέ
707 3181 1005 3253 ἐκκλησίας
1050 3184 1383 3256 ἀναστῆσαιί
1428 3185 1737 3256 Ἐννόησον,
1763 3188 1846 3241 ότι

143 3266 316 3339 μέχρι
337 3267 446 3338 τῆς
468 3267 564 3322 τοῦ
591 3270 832 3341 Χριστοῦ
886 3272 1197 3343 παρουσίας
1228 3274 1293 3329 σὺ
1322 3275 1415 3329 τὸν
1451 3274 1646 3346 μισθὸν
1702 3275 1847 3343 ἕξεις

137 3358 172 3410 ό
201 3357 520 3426 ἀναστήσας
551 3355 944 3429 θυσιαστήριον
972 3359 1068 3413 τοῦ
1097 3361 1256 3417 Θεοῦ.

215 3449 280 3498 ε’.
312 3443 448 3497 Είπὲ
470 3444 580 3513 γάρ
615 3462 728 3514 μοι,
761 3445 808 3498 εί
843 3445 1098 3515 βασιλεύς
1115 3465 1198 3502 σοι
1231 3450 1519 3505 ἐκέλευσεν
1549 3451 1844 3524 οίκοδομῆ-

140 3549 235 3586 σαι
265 3533 469 3597 οίκίαν,
503 3533 591 3586 ῖνα
617 3534 736 3586 ἐκεῖ
770 3533 1056 3596 καταλύοι,
1091 3536 1191 3590 οὐκ
1216 3537 1284 3591 ἂν
1322 3540 1502 3593 πάντα
1544 3540 1842 3610 ἐποίησας;

139 3618 262 3672 Νῦν
313 3614 407 3672 οῦν
451 3618 700 3689 βασίλειά
738 3620 854 3673 ἐστι
896 3620 995 3674 τοῦ
1026 3622 1292 3694 Χριστοῦ,
1320 3627 1421 3691 τῆς
1469 3623 1770 3697 ἐκκλησίας
1808 3629 1844 3699 ή

139 3707 428 3777 οἰκοδομή.
465 3707 557 3777 Μὴ
620 3707 682 3761 τὸ
714 3707 980 3780 ἀνάλωμα
1011 3709 1146 3783 ίδῃς,
1194 3710 1332 3765 ἀλλά
1364 3711 1458 3765 τὸν
1505 3713 1722 3783 καρπὸν
1751 3712 1843 3767 λό-

140 3805 318 3864 γισαι·
346 3794 689 3866 γεωργοῦσιν
738 3797 934 3850 ἐκεῖνοι
961 3795 1062 3868 τήν
1085 3797 1212 3868 γῆν,
1263 3798 1330 3852 σὺ
1380 3798 1704 3872 γεώργησον
1747 3801 1845 3856 αύ-

138 3882 254 3935 τῶν
298 3882 401 3945 τὰς
432 3882 632 3952 ψυχάς·
675 3881 901 3953 φέρουσί
959 3899 1045 3937 σοι
1089 3886 1337 3957 καρποὺς
1389 3887 1610 3952 ἐκεῖνοι,
1658 3889 1724 3942 σὺ
1760 3889 1854 3956 είς

139 3967 235 4023 τὸν
262 3969 498 4040 οὐρανὸν
518 3970 721 4033 αὐτοὺς
741 3969 1008 4040 ἀνάγαγε.
1056 3971 1114 4025 '0
1138 3970 1239 4044 τὴν
1287 3973 1468 4045 ἀρχὴν
1492 3974 1641 4040 δοὺς,
1683 3968 1844 4042 οὗτος

141 4058 239 4112 καὶ
267 4057 380 4110 τῶν
403 4056 581 4110 ἀλλων
629 4057 804 4120 αῖτιος
834 4057 1076 4113 πάντων.
1113 4060 1259 4129 ’Δρα
1305 4062 1401 4114 καὶ
1434 4063 1498 4116 σὺ
1525 4063 1698 4125 αῖτιος
1743 4064 1842 4137 ἔσῃ

137 4146 252 4198 τῶν
295 4143 727 4214 κατηχουμένων
754 4146 893 4210 ἐκεῖ,
927 4145 1038 4200 τῶν
1064 4147 1124 4200 ἐν
1155 4148 1269 4210 τοῖς
1301 4148 1525 4218 χωρίοις
1549 4150 1666 4213 τοῖς
1703 4151 1844 4222 πλη-

141 4233 282 4288 σίον.
349 4230 548 4286 Καίτοι
602 4231 674 4285 τά
731 4231 831 4303 μὲν
893 4231 1149 4303 βαλανεῖα
1207 4234 1636 4308 μαλακωτέρους
1697 4241 1845 4292 ποιεῖ

137 4323 271 4384 τοὺς
294 4320 604 4391 γεωργοὺς,
627 4319 696 4372 τά
721 4321 997 4390 καπηλεῖα
1046 4311 1513 4395 τρυφηλοτέρους·
1547 4324 1665 4379 ἀλλ’
1689 4326 1843 4397 ὅμως

141 4412 352 4462 ποιεῖτε
375 4407 552 4460 ταῦτα
583 4407 674 4460 διά
721 4407 901 4474 δόξαν.
931 4410 999 4461 Αἱ
1030 4410 1229 4481 ἀγοραὶ
1256 4412 1351 4464 καὶ
1398 4412 1456 4464 αἱ
1501 4414 1842 4485 πανηγύρεις

139 4495 310 4549 πάλιν
361 4493 612 4563 ἰταμούς·
658 4494 727 4547 τά
769 4493 826 4547 δὲ
860 4494 1118 4560 ἐνταῦθα,
1160 4497 1269 4550 πᾶν
1317 4497 1650 4552 τούναντίον.
1694 4501 1843 4553 Ἠλί-

141 4601 238 4637 κον
267 4583 381 4653 γάρ
425 4583 574 4636 ἐστιν
631 4583 761 4636 ἰδεῖν
787 4582 1157 4654 πρεσϐύτερον
1205 4585 1287 4647 εἰς
1313 4586 1499 4638 είκόνα
1552 4585 1841 4656 βαδίζοντα

139 4671 236 4725 τοῦ
282 4669 564 4742 Ἀϐραάμ,
595 4670 801 4737 πολιὸν,
832 4671 1214 4743 ἀνεζωσμένον
1247 4675 1344 4728 καὶ
1401 4676 1717 4730 σκάπτοντα
1745 4680 1844 4733 καὶ

140 4761 588 4832 αύτουργοῦνταί
646 4761 711 4815 Τί
764 4761 861 4815 τοῦ
919 4763 1091 4834 ἀγροῦ
1148 4764 1530 4836 ποθεινότερον
1585 4767 1838 4835 ἐκείνους

153 4850 426 4906 Ἐνταῦθα
487 4849 691 4921 μείζων
723 4851 757 4920 ἡ
806 4851 997 4922 ἀρετή.
1039 4853 1154 4905 Ούκ
1201 4853 1351 4906 ἐστιν
1384 4855 1646 4922 ἀσέλγεια
1700 4857 1838 4922 ἐκεῖ,

140 4938 260 4993 ἀλλ’
293 4935 660 5007 ἀπελήλαται·
686 4937 788 4990 οὐκ
814 4936 929 4990 ἐστι
957 4937 1096 5010 μέθη
1127 4939 1222 4993 καὶ
1263 4940 1466 5013 τρυφὴ,
1501 4942 1619 4996 ἀλλ’
1648 4943 1843 5015 ἐξώρι⁹

143 5045 290 5082 σται·
341 5026 445 5080 οὐκ
498 5025 615 5079 ἐστι
675 5025 972 5091 κενοδοξία,
1025 5027 1149 5080 ἀλλ’.
1202 5029 1478 5084 ἔσϐεσται·
1511 5032 1573 5086 τὸ
1617 5032 1716 5103 τῆς
1752 5033 1843 5085 εύ-

141 5117 294 5180 νοίας
334 5114 499 5168 πλέον
540 5115 661 5166 ἐκεῖ
714 5113 1011 5185 διαλάμπει
1069 5116 1157 5170 διὰ
1213 5119 1316 5188 τὴν
1362 5119 1647 5189 ἀφέλειαν.
1712 5115 1840 5176 Οἷόν

141 5206 292 5259 ἐστιν
327 5202 588 5256 ἀπελθεῖν
619 5203 711 5255 καὶ
735 5203 998 5257 εἰσελθεῖν
1041 5206 1122 5268 είς
1179 5207 1272 5260 τὸν
1320 5204 1470 5262 οἶκον
1527 5209 1624 5263 τοῦ
1678 5210 1838 5276 Θεοῦ,

141 5295 238 5347 καὶ
293 5293 517 5356 εἰδέναι,
573 5292 656 5344 δτι
704 5292 868 5355 αὐτὸς
924 5294 1087 5347 αὐτὸν
1137 5294 1479 5368 ᾠκοδόμησε,
1530 5299 1625 5352 καὶ
1686 5299 1841 5370 ῥῖψαι

142 5379 342 5435 ἑαυτὸν
395 5377 612 5441 ὕπτιον,
671 5377 767 5430 καὶ
798 5379 938 5448 μετά
964 5380 1064 5451 τὴν
1123 5381 1335 5454 αίώραν
1363 5383 1464 5456 τὴν
1517 5388 1841 5458 σωματικὴν

144 5469 240 5522 καὶ
297 5467 572 5536 λυχνικοῖς
619 5465 646 5506 ἀ
707 5467 800 5518 καὶ
858 5467 1101 5534 ἑωθινοῖς
1156 5471 1348 5541 ὕμνοις
1402 5475 1838 5546 παραγενέσθαι,

140 5556 529 5630 ὁμοτράπεζον
570 5557 717 5628 ἔχειν
764 5559 856 5611 τὸν
915 5559 1087 5630 ίερέα,
1143 5563 1540 5634 συνομιλοῦντα
1588 5567 1840 5636 εὐλογίας

207 5754 240 5832 ί
263 5751 431 5832 εεινὶιὲ
453 5748 743 5832 ,λαμϐάνειη
770 5750 1101 5832 συναίρεσθαιι
1120 5754 1256 5832 Ullus
1276 5756 1391 5832 πρὸς
1413 5755 1468 5832 τὲ
1501 5759 1838 5832 αυχαιρεῖσθαι.

153 5802 187 5884 ιζ
204 5813 344 5884 υρυε
377 5813 484 5884 ρος.
514 5802 583 5869 εις
609 5802 740 5884 ερας
768 5802 991 5884 πρίῃέον,
1033 5802 1391 5884 φίλοινθρ,.;,έιί,,’
1424 5802 1468 5884 '5:
1508 5802 1840 5884 ᾉὴῖτιὶίιὶῥεζᾷ,

149 5877 249 5926 εἰπέ
275 5892 377 5938 μοι,
400 5876 501 5944 τῶν
521 5878 733 5944 καρπῶν.
756 5941 772 5944 _
799 5876 829 5944 ξι
860 5877 994 5926 Unus
1017 5876 1124 5928 cOd.
1144 5876 1238 5944 λκαὶ
1261 5876 1386 5944 μετὰ
1408 5882 1494 5944 τὴν
1521 5876 1688 5939 ἐνάτην
1714 5876 1841 5944 ὥραν

149 5945 230 5996 τῆς
255 5942 537 6004 σωματικῆς
561 5939 842 6004 μεταλαϐεῖν
865 5946 1057 6002 τροφῆς,
1078 5941 1158 5989 καὶ
1184 5943 1230 5988 ἐν
1260 5939 1510 6004 λυχνικοῖς.
1547 5945 1668 6001 Qum
1694 5939 1841 5993 leélio

153 6011 249 6050 non
269 6000 552 6062 spernenda
581 6000 792 6051 videtur.

1193 431 1261 487 IN
1301 428 1484 486 ACTA
1527 422 2073 482 APOSTOLOIKUM.
2120 424 2356 484 HOMIL.
2391 425 2584 482 XVIII.

3552 426 3660 486 “8

1957 540 2280 610 ἀπολαύειν,
2317 544 2538 616 ἐτέρους
2569 545 2703 614 όρᾷν
2724 543 3055 614 ἐρχομένους
3082 544 3228 609 ἐκεῖ;
3259 542 3434 598 Τοῦτο
3451 547 3654 618 τεῖχος,

1956 628 2118 684 τοῦτο
2168 632 2445 700 ἀσφάλεια
2479 630 2679 702 ἀγροῦ.
2716 624 2888 695 Οὗτός
2933 630 3087 685 ἐστιν
3136 633 3168 685 0
3207 630 3380 706 ἀγρὸς
3429 634 3559 704 περὶ
3591 628 3656 690 οὗ

1960 733 2128 788 φησιν
2190 719 2384 787 Ὀσμὴ
2433 718 2623 788 ἀγροῦ
2651 717 2946 786 πλήρους,
2979 716 3054 772 δν
3079 719 3384 788 εὐλότησε
3411 720 3653 788 Κύριος.

1956 803 2021 857 Εἰ
2049 805 2144 859 καὶ
2172 807 2345 878 χωρὶς
2368 805 2561 860 τούτου
2594 803 2762 869 καλὸς
2786 805 2816 858 0
2845 804 3018 877 ἀγρδς
3044 803 3134 859 διά
3153 804 3252 878 τὴν
3279 806 3533 878 ήσυχίαν,
3565 807 3656 862 διά

1951 891 2014 944 τὸ
2045 892 2485 965 ἀπραγμοσύνης
2521 893 2740 965 γέμειν·
2790 892 2920 946 ὃταν
2954 891 3050 946 καὶ
3075 893 3235 947 τοῦτο
3253 892 3375 967 ἔχῃ,
3406 893 3513 947 τίνι
3550 894 3653 949 οὐκ

1952 978 2107 1033 ἔσται
2131 982 2276 1045 ῖσοςς
2314 980 2511 1053 Ἀγρὸς
2547 980 2658 1051 γὰρ
2687 979 2988 1051 ἐκκλησίαν
3036 980 3198 1052 έχων,
3229 980 3309 1052 τῷ
3335 981 3653 1053 παραδείσῳ

1952 1067 2099 1122 εοικε
2121 1067 2217 1122 τοῦ
2252 1067 2413 1123 Θεοῦ.
2465 1069 2581 1123 Οὐκ
2608 1067 2759 1122 ἐστιν
2791 1069 2911 1122 ἐκεῖ
2935 1063 3176 1141 κραυγὴ,
3208 1069 3312 1122 οὐκ
3339 1069 3456 1123 ἐστι
3486 1068 3651 1140 θόρυ-

1952 1155 2068 1220 ϐος,
2099 1151 2201 1210 οὐκ
2228 1156 2419 1228 ἐχθροὶ
2455 1156 2736 1228 διάφοροι,
2771 1156 2872 1229 οὐχ
2900 1156 3168 1228 αἱρέσεις·
3221 1155 3434 1221 πάντας
3462 1157 3653 1228 φίλους

1951 1243 2100 1298 ἐστιν
2133 1245 2284 1310 ἰδεῖν,
2333 1243 2448 1298 τῶν
2491 1244 2674 1298 αὐτῶν
2707 1243 3001 1315 δογμάτων
3033 1241 3351 1309 κοινωνούς.
3398 1246 3560 1315 Ἀγει
3591 1263 3652 1299 σε

1949 1332 2032 1395 είς
2046 1331 2367 1402 φιλοσοφίαν
2385 1334 2419 1404 ή
2450 1328 2672 1404 ἡσυχία·
2691 1330 2877 1386 λαϐών
2905 1349 2967 1386 σε
3001 1330 3151 1405 [151]
3182 1331 3294 1386 ἀπὸ
3309 1332 3408 1402 τῆς
3435 1333 3656 1402 φιλοσο-

1951 1418 2081 1488 φίας
2102 1420 2308 1491 ταύτης
2341 1422 2370 1474 0
2398 1421 2797 1494 πρεσϐύτερος,
2854 1420 3191 1492 θεραπεύσει
3227 1420 3490 1484 εὐκόλως.
3533 1421 3652 1474 Ἐν-

1949 1506 2130 1562 ταῦθα
2163 1507 2266 1578 μὲν
2297 1508 2428 1579 γὰρ,
2479 1509 2582 1563 ὅσα
2610 1509 2705 1563 ἐὰν
2738 1509 3015 1580 λέγωμεν,
3073 1510 3109 1579 ἡ
3144 1507 3322 1579 ἀγορὰ
3370 1508 3648 1580 ἐκκρούει·

1949 1594 2069 1649 ἐκεῖ
2097 1595 2155 1649 δὲ
2189 1597 2335 1671 άπερ
2365 1595 2432 1652 ἂν
2451 1596 2716 1670 ἀκούσῃς,
2751 1595 3043 1669 πεπηγότα
3071 1595 3217 1661 ἕξεις
3240 1595 3298 1648 ἐν
3317 1597 3386 1667 τῇ
3412 1596 3651 1668 διανοίᾳ,

1948 1683 2136 1756 ἕτερος
2193 1685 2254 1739 ἐν
2306 1683 2388 1755 τῷ
2422 1684 2578 1756 ἀγρῷ
2643 1685 2745 1758 έσῃ
2781 1684 2849 1738 δι’
2892 1683 3124 1738 ἐκείνου·
3178 1683 3276 1737 καὶ
3314 1683 3541 1761 ἐκείνων
3593 1683 3652 1738 δέ

1948 1774 2340 1843 προστήσεται,
2371 1773 2466 1826 καὶ
2497 1773 2655 1827 ἔσται
2677 1772 2856 1842 φύλαξ
2911 1770 2993 1843 τῷ
3040 1788 3102 1824 τε
3151 1774 3430 1843 παρεῖναι,
3480 1771 3561 1844 τῷ
3588 1790 3652 1826 τε

1949 1859 2237 1930 ῥυθμίζειν
2271 1860 2490 1925 αὐτούς.
2523 1862 2700 1915 Πόσον
2728 1861 2787 1914 δέ
2820 1861 2936 1914 ἐστι
2963 1859 3060 1914 καὶ
3093 1860 3156 1914 τὸ
3211 1861 3500 1931 ἀνάλωμα,
3528 1860 3652 1914 είπέ

1951 1962 2078 2016 μοι;
2108 1947 2344 2018 Ποίησον
2364 1947 2504 2013 τέως
2533 1948 2734 2020 μικρὸν
2781 1942 2933 2002 οἷκον
2978 1949 3036 2001 ἐν
3056 1946 3210 2014 τάξει
3259 1945 3415 2001 ναοῦ·
3445 1947 3476 2000 ό
3510 1946 3655 2017 μετά

1950 2034 2010 2088 σὲ
2039 2038 2260 2106 ποιήσει
2288 2036 2474 2099 στοὰν,
2512 2038 2541 2090 0
2571 2037 2689 2108 μετ’
2718 2036 2929 2090 ἐκεῖνον
2963 2035 3131 2108 ἐτερα
3163 2034 3491 2106 προσθήσει,
3557 2037 3654 2090 καὶ

1948 2120 2094 2175 οὕτω
2130 2124 2213 2176 σοὶ
2237 2122 2626 2195 λογισθήσεται
2656 2122 2718 2176 τδ
2739 2125 2873 2177 πᾶν.
2903 2123 2977 2176 Σὺ
3002 2121 3162 2186 δίδως
3188 2122 3407 2193 μικρὸν,
3443 2121 3652 2176 καὶτοῦ

1948 2209 2151 2273 παντὸς
2174 2210 2478 2282 λαμϐάνεις
2509 2211 2604 2264 τὸν
2650 2211 2864 2282 μισθόν.
2906 2209 3120 2266 Οὐκοῦν
3149 2210 3326 2282 ἀρχὴν
3379 2209 3570 2278 ἐπίθες⁹
3601 2220 3651 2275 ⁸,

1947 2295 2201 2368 θεμέλιον
2227 2298 2528 2354 κατάϐαλε·
2575 2298 2780 2370 μᾶλλον
2807 2298 2863 2351 δέ
2904 2297 3172 2368 ἀλλήλους
3197 2298 3650 2370 παρακαλέσατε·

1948 2384 2184 2455 ἀμιλλαν
2229 2385 2533 2455 ποιήσασθε
2569 2384 2666 2439 τοῦ
2707 2385 3061 2457 πράγματος.
3092 2384 3209 2439 Νῦν
3258 2385 3337 2449 δέ,
3370 2384 3499 2439 ἔνθα
3548 2385 3656 2457 μὲν

1947 2473 2129 2544 ἄχυρα
2157 2474 2252 2527 καὶ
2279 2477 2426 2527 σῖτον
2462 2474 2559 2526 καὶ⁵
2588 2474 2769 2528 πάντα
2792 2474 2863 2528 τά
2893 2473 3126 2528 τοιαῦτα
3177 2470 3482 2528 ἀποθέσθαι
3547 2472 3651 2538 δεῖ,

1947 2560 2190 2623 εύκόλως
2229 2560 2637 2632 οίκοδομοῦσιν·
2675 2560 2805 2615 ἔνθα
2834 2561 2892 2615 δέ
2944 2561 3280 2633 συλλεγῆναι
3307 2560 3415 2632 χρὴ
3459 2561 3654 2633 ψυχῶν

1946 2651 2288 2722 γεννήματα,
2326 2651 2579 2723 οὐδαμῶς
2608 2650 3015 2724 φροντίζουσιν,
3071 2650 3189 2704 ἀλλ’
3243 2650 3656 2720 ἀναγκάζονται

1950 2738 2178 2810 μυρίους
2208 2737 2461 2802 σταδίους
2491 2737 2756 2809 βαδίζειν,
2783 2738 2878 2792 καὶ⁵
2904 2738 3127 2810 μακρὰς
3156 2737 3474 2808 ἀποδημίας
3496 2737 3653 2792 στέλ-

1945 2823 2159 2886 λεσθαι,
2191 2825 2280 2879 ῖνα
2314 2826 2396 2890 εἰς
2424 2825 2725 2898 ἐκκλησίαν
2753 2825 3012 2880 ἀπίωσιν.
3049 2825 3217 2878 Ὅσον
3247 2824 3304 2879 δέ
3333 2826 3485 2878 ἐστιν
3511 2826 3654 2895 ἀγα-

1946 2911 2040 2965 θόν
2068 2912 2208 2983 μετὰ
2230 2911 2437 2983 πολλῆς
2468 2912 2702 2984 ήσυχίας
2732 2913 2791 2966 ἐν
2815 2915 2882 2983 τῇ
2912 2912 3185 2984 ἐκκλησίᾳ
3237 2912 3329 2965 τὸν
3365 2911 3518 2982 ἱερέα
3549 2931 3655 2966 πα-

1947 2999 2295 3071 ραγίνεσθαι,
2360 2999 2449 3055 ῖνα
2481 2999 2688 3074 προσίῃ
2737 2999 2816 3070 τῷ
2846 2998 2988 3070 Θεῷ,
3026 2999 3124 3053 καὶ
3171 2997 3310 3072 λέγῃ
3345 2998 3490 3069 ὺπέρ
3550 2999 3651 3071 τῆς

1944 3090 2142 3162 κώμης
2191 3090 2317 3144 καθ’
2365 3090 2609 3160 ἐκάστην
2661 3089 2903 3161 ἡμέραν,
2935 3087 3080 3160 ὑπὲρ
3112 3086 3209 3140 τοῦ
3264 3086 3649 3164 κεκτημένουι

1944 3179 2164 3251 Μικρόν
2196 3180 2367 3248 ἐστιν,
2394 3178 2519 3231 εἰπέ
2554 3193 2667 3250 μοι,
2684 3174 2756 3231 ,τὸ
2779 3177 2874 3231 καὶ⁵
2903 3177 2960 3229 ἐν
2989 3179 3111 3241 ταῖς
3139 3176 3328 3245 ἀγίαις
3347 3176 3652 3247 ἀναφοραῖς

1944 3268 2034 3322 ἀεὶ
2069 3267 2131 3320 τὸ
2151 3267 2328 3338 δνομά
2355 3283 2449 3321 σου
2487 3265 2926 3335 ἐγκεῖσθαι,καὶ
2970 3263 3095 3318 καθ’
3130 3264 3374 3334 ἑκάστην
3433 3264 3654 3336 ἡμέραν

1944 3353 2088 3427 ὑπὲρ
2110 3357 2211 3427 τῆς
2241 3353 2437 3426 κώμης
2469 3353 2638 3425 εὐχάς
2682 3351 2932 3424 γίνεσθαι
2967 3351 3106 3424 πρὸς
3132 3351 3224 3406 τὸν
3270 3350 3440 3418 Θεόν;
3481 3353 3654 3407 πόσον

1946 3457 2035 3494 σοι
2074 3441 2170 3495 καὶ
2200 3443 2281 3506 είς
2309 3441 2378 3495 τὰ
2403 3440 2541 3495 ἀλλα
2566 3439 2729 3495 τοῦτο
2758 3439 3033 3494 λυσιτελεῖ
3068 3438 3126 3493 τί
3173 3438 3476 3510 Συμϐαίνει
3495 3441 3654 3505 τινὰς

1945 3530 2010 3583 ἐκ
2054 3530 2317 3598 γειτόνων
2347 3531 2520 3583 οίκεῖν
2570 3529 2666 3584 καὶ
2697 3529 2842 3600 ἔχειν
2869 3528 3224 3600 ἐπιτρόπους·
3266 3525 3406 3598 πρὸς
3453 3527 3514 3581 σέ
3550 3527 3652 3596 μὲν

1944 3611 2038 3668 οὗν
2073 3617 2167 3670 τὸν
2201 3618 2414 3687 πένητα
2443 3617 2546 3671 οὐκ
2571 3615 2797 3683 ἀξιώσει
2825 3633 2909 3680 τις
2935 3614 3163 3669 ἐκείνων
3183 3615 3308 3670 οὐδὲ
3335 3613 3532 3669 ἐλθεῖν·
3557 3615 3653 3671 τὸν

1943 3702 1999 3756 δέ
2051 3704 2428 3777 πρεσϐύτερον
2477 3704 2611 3768 ἴσως
2655 3704 2753 3758 καὶ
2785 3703 3028 3766 καλεσει,
3057 3702 3154 3756 καὶ
3205 3702 3489 3774 τραπέζης
3537 3719 3654 3758 κοι-

1943 3791 2114 3845 νωνδν
2153 3793 2395 3863 ποιήσει.
2447 3792 2635 3865 Ὁρᾷς.
2664 3792 2810 3845 πόσα
2864 3790 3117 3846 ἐντεῦθεν
3150 3793 3446 3862 γενήσεται
3475 3791 3649 3859 καλάς

1945 3879 2136 3950 Πάσης
2168 3880 2323 3934 ἐσται
2346 3881 2486 3945 τέως
2516 3883 2551 3952 ή
2579 3883 2743 3951 κώμη
2792 3881 3041 3950 πονηρᾶς
3073 3877 3314 3950 ὖποψίας
3362 3877 3648 3951 thum-Pw

1942 3967 2124 4032 οὐδεὶς
2177 3967 2563 4039 ἀνδροφονίας,
2622 3967 2803 4027 οὐδεὶς
2857 3967 3069 4039 κλοπῆς
3103 3967 3292 4021 ἐνεκεν
3331 3966 3651 4037 ἐγκαλέσει,

1942 4057 2122 4119 οὐδεὶς
2154 4059 2398 4112 τοιοῦτον
2434 4057 2593 4112 οὐδὲν
2647 4055 3008 4110 ὐποπτεύσει.
3041 4055 3268 4126 Ἔχουσι
3317 4056 3413 4110 καὶ
3447 4056 3650 4127 ἑτέραν

1945 4144 2329 4217 παραμυθίαν,
2387 4145 2456 4199 ἀν
2511 4145 2669 4210 νόσος
2725 4143 3215 4217 παρακολουθήσῃ,
3265 4142 3334 4197 ἂν
3390 4142 3647 4207 θάνατος.

1944 4234 2059 4304 Οὐχ
2083 4234 2276 4298 ἀπλῶς
2326 4233 2446 4287 οὐδὲ
2495 4235 2572 4297 ώς
2618 4233 2775 4304 έτυχε
2807 4233 2902 4287 καὶ
2928 4233 3004 4304 ἀί
3045 4231 3224 4297 φιλίαι
3267 4231 3512 4301 γίνονται
3541 4232 3654 4286 τῶν

1944 4302 2063 4375 ἐκεῖ
2103 4322 2236 4393 παρ’
2263 4322 2515 4394 ἀλλήλοις
2567 4302 2778 4374 ἰόντων·
2819 4302 3003 4374 καὶάί
3042 4320 3255 4373 σύνοδοι
3297 4319 3354 4374 δέ
3384 4321 3619 4390 γενήσον

1942 4424 2036 4461 ται
2066 4407 2249 4478 πολλῷ
2280 4407 2389 4462 τῶν
2430 4409 2488 4460 ἐν
2539 4409 2662 4470 ταῖς
2706 4405 3088 4476 πανηγύρεσιν
3120 4404 3322 4476 ἡδίους.
3355 4405 3432 4458 Οὐ
3486 4405 3652 4476 μόνον

1940 4495 1998 4550 δὲ
2026 4498 2082 4550 αί
2115 4496 2347 4561 σύνοδοι,
2402 4495 2540 4549 ἀλλὰ
2597 4497 2693 4548 καὶ
2741 4495 2898 4548 αὐτοὶ
2943 4496 2991 4547 οί
3027 4493 3376 4566 προεστῶτες
3417 4493 3507 4547 διά
3557 4494 3653 4547 τὸν

1942 4583 2318 4655 πρεσϐύτερον
2371 4582 2788 4654 αἰδεσιμώτεροι
2836 4582 3071 4659 ἐσονται.
3123 4580 3351 4646 Πάντως
3403 4581 3654 4656 ἀκοόεις,

1940 4673 2026 4727 ὅτι
2048 4673 2120 4727 τά
2153 4671 2511 4745 Ἰεροσόλυμα
2563 4673 2715 4740 παρὰ
2737 4670 2836 4735 τὰς
2887 4671 3058 4735 άλλας
3116 4672 3303 4735 πόλεις
3340 4670 3651 4742 τιμιώτερα

1939 4755 2010 4832 ἦν
2058 4761 2212 4832 παρά
2266 4763 2380 4824 τοῖς
2439 4758 2715 4824 παλαιοῖς·
2781 4759 2897 4813 ἀλλ’
2949 4760 3048 4830 οὑχ
3102 4759 3312 4822 ἁπλῶς,
3373 4757 3513 4812 ἀλλά
3560 4757 3650 4812 διὰ

1940 4849 2042 4920 τὴν
2074 4849 2198 4903 τότε
2234 4847 2542 4920 κρατοῦσαν
2599 4848 2906 4902 εὐσέϐειαν.
2962 4848 3063 4901 Διά
3094 4845 3257 4901 τοῦτο
3308 4844 3438 4900 ἔνθα
3485 4848 3651 4918 τιμᾶ-

1941 4954 2034 4991 ται
2064 4938 2221 5002 Θεὸς,
2274 4937 2431 4992 οὐδέν
2482 4939 2600 4990 ἐστι
2650 4936 2909 5007 πονηρόν·
2972 4934 3164 5006 ῶσπερ
3220 4933 3387 4989 πάλιν
3416 4933 3549 4989 ἐνθα
3585 4934 3648 4989 οὐ

1942 5027 2212 5097 τιμᾶται,
2267 5025 2422 5080 οὐδὲν
2482 5025 2710 5093 ἀγαθόν.
2775 5023 2955 5097 Πολλὴ
3009 5023 3284 5092 ἀσφάλεια
3337 5022 3491 5076 ἔσται
3553 5023 3650 5078 καὶ

1946 5114 2098 5186 παρά
2127 5114 2250 5185 Θεῷ
2304 5114 2400 5168 καὶ
2435 5113 2589 5185 παρά
2645 5112 2980 5185 ἀνθρώποις.
3035 5112 3147 5165 Ναὶ
3195 5110 3525 5182 παρακαλῶ,
3569 5112 3649 5184 μὴ

1944 5200 2265 5271 παρέργως,
2316 5198 2453 5253 ἀλλά
2501 5198 2806 5270 προθύμως
2852 5197 2949 5251 τοῦ
2989 5197 3322 5269 πράγματος
3359 5196 3649 5252 ἀντιλάϐε-

1944 5287 2062 5342 σθε.
2099 5290 2161 5341 Εἰ
2193 5288 2303 5359 γὰρ
2332 5289 2360 5340 0
2385 5287 2601 5356 ἐξάγων
2630 5287 2816 5358 τίμιον
2867 5286 2927 5352 ἐξ
2953 5286 3196 5352 ἀναξίου,
3227 5285 3304 5350 ὡς
3335 5286 3511 5356 στόμα
3550 5284 3646 5339 τοῦ

1942 5375 2080 5430 Θεοῦ
2112 5376 2287 5430 ἔσται·
2323 5378 2352 5429 0
2409 5376 2683 5440 τοσαύτας
2731 5375 2914 5446 ψυχὰς
2947 5375 3048 5438 τάς
3095 5393 3157 5428 τε
3194 5373 3386 5443 οῦσας,
3439 5376 3540 5440 τάς
3583 5392 3646 5429 τε

1943 5466 2211 5538 ἐσομένας
2243 5467 2350 5530 ἓως
2379 5466 2480 5537 τῆς
2527 5465 2624 5520 τοῦ
2655 5467 2897 5537 Χριστοῦ
2931 5467 3244 5538 παρουσίας
3289 5465 3521 5536 ώφελῶν
3550 5467 3650 5523 καὶ

1944 5553 2354 5627 ἀνακτώμενος,
2409 5553 2584 5626 πόσης
2634 5555 2736 5607 οὐκ
2793 5553 3166 5609 ἀπολαύσεται
3223 5554 3442 5619 εὐνοίας
3492 5555 3679 5625 παρὰ,

1941 5641 2038 5694 τοῦ
2094 5635 2266 5695 Θὶοῦί
2328 5643 2595 5714 Φρούριον
2641 5642 3060 5697 κατασκεύασον
3107 5641 3253 5697 κατά
3305 5641 3401 5695 τοῦ
3455 5642 3645 5696 διαϐόο

1944 5728 2060 5782 λου·
2093 5727 2254 5781 τοῦτο
2285 5730 2396 5799 γάρ
2437 5730 2589 5782 ἐστιν
2623 5731 2656 5800 ή
2689 5730 2978 5801 ἐκκλησία.
3022 5730 3267 5784 Ἐκεῖθεν
3311 5731 3647 5802 όρμάτωσαν

1943 5818 2003 5871 αἱ
2039 5819 2224 5889 χεῖρες
2269 5819 2350 5882 είς
2397 5818 2664 5888 κάματον·
2701 5818 2920 5890 πρῶτον
2976 5818 3418 5874 ἀνατεινέτωσαν
3472 5818 3648 5883 αὑτὰς

2011 5942 2036 5971 θ
2087 5939 2226 6050 ἳῃιις
2278 5941 2467 6003 μισθόν·
2516 5942 2640 5998 ὅλως
2694 5942 2846 6006 ἀρχὴν
2885 5943 3055 6000 ἐπίθες.
3143 5942 3164 5981 ί
3195 5942 3330 5995 L‘nus
3365 5937 3646 5994 θοὰτοῦτο

2011 6018 2083 6050 ντε
2116 6019 2175 6050 ει.

1945 6018 2175 6052 συντελει.
