4068 6420
1171 436 1236 492 IN
1276 436 1456 493 ACTA
1486 396 2033 492 ‘APOSTULORUM.
2085 433 2316 489 llOMIL.
2365 431 2508 489 XIX.
3431 435 3533 495 150

1914 551 2076 606 etiam
2106 565 2293 613 utinm,
2325 560 2530 602 tantum
2554 547 2880 619 supplicium
2906 548 3265 604 comminatur
3295 566 3307 601 :
3336 552 3427 621 qui
3458 560 3536 607 tot

1912 652 2092 697 servat
2124 642 2392 704 homines,
2423 655 2603 694 annon
2634 641 2865 694 salutem
2894 642 3298 709 consequetur?
3328 641 3533 697 Conse-

196 446 301 503 M9

183 566 334 619 foras
363 562 662 618 mittentur.
695 558 810 615 Non
841 565 1016 629 potest
1046 555 1171 610 hinc
1196 564 1312 609 orta
1341 554 1587 623 voluptas
1618 553 1797 608 verbis

184 657 473 726 explicari,
504 655 676 709 donec
702 667 865 723 opere
893 651 962 704 sit
991 660 1263 718 suscepta.
1290 648 1365 702 Ne
1394 648 1495 702 hoc
1520 648 1797 717 reSpieias,

178 751 327 820 quod
360 749 562 803 nullum
594 746 783 801 habeat
818 753 1140 815 proventum
1169 762 1180 796 :
1214 742 1257 796 si
1286 742 1507 795 omnino
1535 740 1583 793 id
1614 740 1797 813 facias,

177 857 250 895 ne
297 840 465 897 facias
507 850 720 903 tamen,
756 838 859 893 nisi
906 847 1061 906 putes
1094 836 1354 905 majorem
1395 834 1487 889 tibi
1534 842 1643 889 tota
1676 833 1797 887 villa

177 942 503 1002 proventum
536 945 697 993 esse;
730 927 835 982 nisi
865 928 943 982 sic
974 926 1196 982 allectus
1235 927 1312 981 sis
1333 967 1346 986 .
1381 940 1481 981 nec
1510 925 1793 994 Opercris;

178 1022 284 1076 nisi
322 1035 477 1091 putes
508 1021 611 1075 hoc
638 1035 774 1090 Opus
807 1020 910 1073 tuis
941 1018 1192 1073 omnibus
1219 1032 1340 1073 esse
1372 1016 1788 1087 prteferendum.

74 1120 92 1128 ’
174 1113 313 1181 Quid
354 1115 455 1168 hoc
482 1121 746 1183 proventu
775 1111 965 1179 majus,
995 1110 1200 1163 animas
1230 1109 1280 1162 in
1310 1123 1489 1162 aream
1518 1108 1791 1162 caelestem

174 1204 481 1259 inducere?
514 1203 607 1256 Ilei
641 1202 793 1267 mihi,
827 1201 967 1270 quod
1003 1200 1255 1255 nesciatis
1287 1209 1545 1269 quantum
1578 1201 1647 1253 sit
1676 1198 1793 1252 ani-

177 1312 298 1349 mas
329 1293 659 1349 lucriﬁcare!
694 1292 830 1348 Audi
875 1291 1001 1361 quid
1046 1291 1209 1346 Petro
1238 1290 1380 1346 dicat
1408 1289 1655 1347 Christus
1686 1309 1697 1343 :
1730 1290 1791 1345 Si

170 1387 351 1458 diligis
377 1403 456 1441 me
477 1428 490 1450 ,
524 1402 680 1455 pasce
703 1401 815 1440 oves
852 1402 990 1439 meas
1020 1382 1038 1455 (
1056 1383 1215 1439 Joan.
1245 1383 1336 1439 21.
1371 1383 1495 1456 15).
1526 1384 1581 1439 Si
1614 1382 1790 1453 regias

166 1496 303 1535 oves
340 1480 529 1534 videns
556 1488 649 1531 aut
679 1493 941 1547 equorum
970 1488 1307 1543 armentum,
1342 1475 1487 1546 quod
1516 1476 1811 1530 stabulum

166 1587 280 1624 non
305 1568 585 1634 baberent,
613 1568 819 1621 insidiis
850 1579 1052 1637 patere,
1076 1568 1353 1636 acciperes
1378 1569 1512 1637 ipse,
1537 1576 1589 1621 et
1611 1566 1788 1637 equile
1818 1580 1822 1585 '

162 1662 549 1729 stabulumque
570 1670 906 1726 exstrueres,
930 1674 994 1723 ae
1015 1668 1286 1728 pastorem
1309 1661 1616 1730 prteticercs
1641 1678 1653 1712 :
1679 1675 1788 1730 quo

162 1766 218 1808 te
262 1769 353 1808 rex
404 1767 629 1807 munere
670 1766 779 1806 non
821 1750 1083 1806 donaret?
1126 1751 1281 1807 Nunc
1320 1750 1519 1807 Christi
1565 1766 1785 1822 gregem

157 1849 372 1917 colligis
394 1890 408 1910 ,
438 1854 791 1915 et-pastorem
826 1846 1057 1912 praeﬁcis
1078 1886 1093 1909 ,
1134 1859 1237 1901 nec
1266 1854 1420 1915 putas
1453 1856 1503 1901 te
1532 1861 1782 1915 maguum

154 1941 436 2012 quidpiam
471 1936 691 1991 facere?
722 1936 860 2002 Quid
904 1937 1067 1992 dico?
1111 1937 1165 1993 Si
1205 1939 1251 1993 ei
1276 1979 1289 2002 ,
1323 1938 1412 2007 qui
1454 1936 1785 1993 scandalizat

1907 746 2104 804 quetnr
2128 746 2296 790 certe.
2325 733 2607 802 Quodnam
2640 733 2784 790 enim
2821 742 3004 802 postea
3048 743 3326 802 peccatum
3360 733 3529 808 habe—

1907 824 2023 888 bit;
2053 826 2134 879 vel
2167 825 2210 878 si
2245 824 2440 878 habeat
2464 866 2478 891 ,
2512 838 2691 877 annon
2724 822 2929 878 delebit
2965 823 3134 883 illud?
3177 826 3219 878 A
3261 826 3529 894 supplicio

1904 917 2324 972 seandalizantis
2353 916 2501 971 disce
2531 917 2811 987 praemium
2840 917 3129 974 servantis.
3157 916 3213 972 Si
3245 933 3349 971 non
3382 932 3529 973 cura:

1902 1019 2045 1065 esset
2079 1010 2191 1065 Deo
2223 1010 2306 1065 vel
2339 1010 2495 1064 unius
2526 1010 2723 1065 anima:
2753 1010 2901 1064 salus
2924 1050 2940 1075 ,
2972 1024 3081 1064 non
3117 1019 3224 1064 tam
3260 1010 3526 1065 irascere-

1903 1111 1990 1155 tur
2015 1101 2085 1155 de
2116 1101 2255 1154 illius
2285 1099 2540 1169 pernicie.
2571 1099 2699 1156 Haec
2729 1099 2911 1169 itaque
2940 1114 3066 1155 eum
3095 1102 3329 1155 sciamus
3351 1142 3366 1166 ,
3400 1100 3526 1156 huic

1899 1194 2162 1263 spirituali
2193 1195 2342 1265 operi
2378 1194 2701 1258 hatreamus,
2737 1194 3226 1264 me'tmusquisque
3259 1205 3434 1258 vocet,
3469 1205 3524 1252 et

1903 1304 2001 1342 nos
2032 1287 2192 1341 simul
2220 1302 2443 1355 Operam
2481 1287 2729 1340 dabimus
2780 1301 2876 1354 pro
2921 1286 3084 1340 virili.
3128 1285 3194 1339 Et
3225 1287 3268 1339 si
3301 1287 3520 1355 quidem

1900 1389 2010 1434 tres
2054 1379 2249 1433 iuerint
2299 1393 2639 1447 possessores
2662 1421 2675 1436 .
2709 1379 2762 1431 in
2799 1392 3087 1433 commune
3118 1377 3442 1444 conferant;
3474 1378 3520 1433 si

1898 1488 2034 1525 unus
2060 1513 2073 1535 ,
2105 1472 2225 1524 aliis
2264 1486 2476 1541 quoque
2516 1471 2706 1525 vicinis
2752 1470 2803 1525 id
2850 1469 3117 1524 suadebit.
3152 1469 3385 1524 Tantum
3420 1470 3521 1524 hoc

1897 1565 2157 1633 perlicere
2194 1563 2453 1618 stndealis
2480 1604 2494 1626 ,
2527 1564 2757 1620 obsecro
2782 1606 2797 1630 ,
2833 1570 2890 1617 ut
2929 1562 3076 1617 omni
3113 1577 3177 1616 ex
3220 1573 3371 1631 parte
3412 1562 3521 1616 Dco

1896 1656 2189 1725 placentes,
2222 1664 2422 1709 aeterna
2455 1669 2855 1724 consequamur
2886 1653 3051 1720 bona,
3080 1652 3250 1722 gratia
3282 1660 3337 1706 et
3368 1652 3521 1731 beni—

1892 1751 2093 1818 gnitate
2128 1748 2336 1801 Domini
2367 1749 2536 1801 nostri
2562 1746 2688 1802 Iesu
2717 1744 2940 1813 Christi,
2969 1746 3187 1815 quicum
3217 1744 3358 1799 Patri
3389 1758 3519 1798 unae
3611 1784 3620 1794 .

1892 1858 1998 1912 que
2027 1842 2249 1911 Spiritui
2279 1850 2467 1894 sancto
2494 1838 2689 1910 gloria,
2722 1840 3029 1909 imperium,
3064 1838 3258 1906 honor,
3294 1852 3437 1892 nunc
3462 1846 3518 1892 et

1892 1951 2130 2005 semper,
2159 1944 2212 1988 et
2245 1935 2295 1988 in
2327 1934 2526 1989 s:ecula
2555 1934 2899 1988 smculorum.
2931 1934 3123 1986 Amen.

161 2060 3505 2097 MM

1536 2146 1879 2207 HOMILIA
1926 2145 2105 2206 XIX.

146 2302 287 2359 CAP.
337 2301 390 2358 8.
442 2317 498 2358 v.
545 2302 638 2357 26.
699 2302 921 2372 Angelus
974 2309 1145 2353 autem
1191 2296 1395 2352 Domini
1428 2296 1668 2366 loquutus
1698 2304 1774 2347 est

224 2394 299 2447 ad
330 2392 654 2464 Philippum,
688 2394 862 2448 dicens
892 2409 910 2447 :
938 2392 1109 2462 Surge
1151 2401 1196 2445 et
1242 2390 1368 2444 vade
1409 2397 1587 2442 contra
1616 2388 1768 2439 meri-

222 2486 385 2549 diem,
418 2484 488 2537 ad
509 2485 641 2538 viam
669 2500 783 2555 qua:
804 2483 1061 2537 descendit
1087 2499 1119 2535 a
1139 2480 1430 2536 Jerusalem
1454 2482 1507 2534 in
1540 2478 1733 2534 Gazam
1750 2494 1771 2534 :

222 2577 336 2629 ha’c
360 2588 433 2631 est
480 2577 698 2630 deserta.
742 2576 831 2629 27.
866 2576 930 2629 Et
957 2591 1168 2646 surgens
1196 2575 1338 2627 abiit.

225 2670 279 2723 i.
316 2669 539 2723 Videtur
571 2669 699 2722 mihi
730 2671 831 2723 hoc
855 2669 1166 2723 mandatum
1207 2666 1500 2737 accepisse,
1535 2682 1655 2721 eum
1684 2682 1772 2721 cs-

142 2770 231 2814 set
263 2762 316 2814 in
338 2760 581 2816 Samaria
607 2779 621 2826 ;
651 2762 773 2830 quia
797 2761 864 2813 ab
885 2760 1239 2830 Jcrosolymis
1272 2776 1377 2812 non
1405 2768 1591 2813 contra
1614 2761 1770 2812 meri-

139 2852 294 2905 diem
315 2852 436 2919 quis
455 2850 599 2904 vadit
624 2853 662 2915 ί,
687 2851 781 2906 sed
806 2860 991 2905 contra
1012 2851 1457 2919 septentrionem;
1480 2867 1509 2901 a
1529 2848 1770 2904 Samaria

144 2957 281 2996 vero
311 2954 501 2996 Culth
537 2942 839 2997 meridiem.
878 2940 1002 2996 Harc
1032 2949 1106 2995 est
1128 2940 1347 2994 deserta.
1378 2940 1489 2994 lloc
1530 2939 1678 3004 dicit,
1715 2948 1771 2993 nt

140 3049 213 3087 ne
243 3036 431 3089 timeat
473 3033 784 3089 Jndzcorum
815 3034 1111 3088 incursum.
1148 3032 1258 3087 Nec
1284 3033 1607 3101 interrogat,
1632 3047 1770 3101 qna-

139 3126 241 3180 re?
298 3125 395 3179 scd
440 3138 672 3195 Surgens
725 3125 878 3179 abiit.
911 3125 978 3178 Et
1019 3141 1152 3192 ecce,
1187 3126 1378 3194 inquit,
1412 3125 1487 3177 vir
1512 3122 1768 3193 .Ethiaps

135 3217 431 3281 eunuchus,
465 3228 645 3287 potens
668 3216 922 3273 Candacis
965 3220 1153 3288 regina'
1181 3216 1512 3288 1Ethiopum,
1543 3217 1630 3283 qui
1659 3226 1768 3271 erat

134 3325 299 3377 super
328 3325 532 3363 omnem
560 3326 743 3380 gazam
774 3311 905 3377 ejus,
934 3310 1023 3380 qui
1054 3320 1262 3364 venerat
1291 3312 1512 3365 adorare
1532 3311 1585 3363 in
1607 3309 1767 3365 Jeru-

132 3399 320 3453 salem.
344 3398 436 3454 9.8.
469 3400 537 3453 Et
564 3402 907 3456 revertebatur
944 3401 1125 3456 sedens
1160 3418 1319 3472 super
1345 3410 1725 3457 currumsuum
1746 3442 1762 3469 ,

131 3504 185 3546 et
210 3493 409 3564 legebat
435 3492 632 3547 Isaiam
660 3496 983 3565 prophetam.
1003 3496 1208 3566 Magnis
1234 3498 1319 3551 hic
1346 3497 1596 3551 laudibus
1624 3498 1767 3552 cele-

132 3572 365 3641 bratur:
394 3587 661 3657 siquidem
699 3589 752 3643 in
770 3588 1057 3659 Ethiopia
1085 3606 1330 3655 manens,
1355 3600 1409 3645 et
1436 3600 1513 3645 tot
1537 3591 1766 3662 negotiis

132 3683 391 3748 obrutus,
426 3698 549 3738 cum
583 3682 701 3739 dies
725 3683 895 3740 festus
928 3703 1033 3741 non
1064 3698 1229 3752 esset,
1262 3697 1316 3741 et
1344 3687 1397 3741 in
1421 3688 1767 3755 superstitio-

134 3776 301 3830 nibus
343 3775 529 3832 dedita
561 3777 782 3834 civitate
813 3789 1144 3846 versaretur,
1175 3781 1319 3834 venit
1363 3780 1685 3837 adoraturus
1710 3782 1764 3836 in

134 3867 471 3922 Jerusalem.
501 3867 799 3939 Magnaque
839 3880 957 3925 erat
988 3870 1305 3941 diligentia;
1347 3886 1468 3926 nam
1520 3873 1572 3927 in
1602 3888 1762 3928 curru

133 3959 339 4015 sedens
376 3959 614 4030 legebat.
652 3960 743 4017 29.
783 3961 922 4016 Dixit
961 3974 1132 4016 autem
1178 3963 1411 4033 Spiritus
1464 3963 1713 4035 Philippo
1743 3982 1762 4020 :

138 4050 359 4115 Accede,
394 4061 441 4105 et
468 4053 695 4124 adiunge
722 4063 769 4108 te
808 4056 879 4108 ad
926 4072 1133 4109 currum
1159 4056 1331 4110 istum.
1364 4057 1451 4112 30.
1480 4058 1761 4115 Accurrcns

132 4151 305 4196 autem
348 4141 650 4214 Philippus,
674 4146 869 4199 audivit
897 4163 1012 4199 eum
1040 4147 1287 4217 legentem
1311 4147 1509 4202 'lsaiam
1535 4140 1759 4220 praph'e-

131 4245 260 4301 tarn,
310 4246 360 4289 et
390 4235 521 4289 dixit
551 4251 571 4290 .'
604 4236 832 4293 Putasne
876 4239 1119 4311 intelligis
1162 4258 1276 4308 qu
1312 4243 1480 4314 legis?
1527 4245 1615 4299 51.
1659 4244 1762 4301 Ille

130 4342 250 4380 vero
279 4326 411 4381 dixit
428 4344 448 4379 :
481 4325 549 4381 Et
570 4329 823 4393 quomodo
851 4330 1060 4401 possim,
1087 4333 1185 4386 nisi
1202 4334 1316 4400 quis
1341 4338 1572 4389 ostendat
1593 4338 1761 4392 mihi?

138 4418 273 4473 Vide
304 4433 519 4473 rursum
546 4420 707 4474 aliam
747 4423 1024 4491 pietatem.
1057 4422 1229 4491 Quam
1262 4426 1447 4482 illam?
1475 4429 1629 4495 Quod
1659 4447 1758 4487 ne-

58 4550 61 4551 ν
128 4510 316 4567 sciens
345 4512 579 4581 legeret;
610 4522 665 4568 et
694 4523 976 4585 postquam
1018 4516 1242 4587 legerat,
1277 4521 1534 4590 requirat.
1585 4523 1759 4595 Roga-

128 4604 304 4671 vitque
334 4600 662 4671 Philippum,
706 4616 762 4659 ut
804 4607 1098 4662 ascenderet
1133 4618 1179 4663 et
1208 4610 1403 4665 sederet
1444 4629 1632 4667 secum.
1665 4616 1754 4670 3‘2.

128 4693 306 4750 Locus
328 4703 503 4747 autem
534 4682 841 4767 Scriptum,
891 4716 1037 4769 quem
1064 4701 1278 4773 legebat,
1317 4714 1424 4757 erat
1449 4706 1531 4759 hic
1557 4723 1575 4761 :
1600 4707 1759 4762 Tam-

130 4806 289 4857 quam
313 4790 424 4843 ovis
452 4790 521 4843 ad
546 4792 849 4846 occisionem
881 4794 1061 4848 ductus
1091 4806 1162 4849 est
1192 4813 1210 4849 :
1242 4806 1289 4852 et
1319 4801 1448 4853 sicut
1478 4817 1642 4872 agnus
1672 4821 1759 4858 co-

131 4901 246 4938 ram
280 4884 521 4938 tondente
540 4901 594 4938 se
618 4887 725 4941 sine
751 4903 887 4953 voce,
921 4890 994 4942 sic
1024 4906 1125 4944 non
1153 4894 1352 4961 aperuit
1377 4910 1433 4948 os
1459 4912 1627 4951 suum.
1663 4898 1753 4952 55.

133 4976 196 5029 1η
228 4974 521 5030 humilitate
545 4977 803 5048 judicium
830 4980 938 5049 ejus
959 4982 1213 5036 sublatum
1244 4994 1336 5039 est.
1368 4986 1756 5045 Generationem

129 5070 243 5127 eius
273 5066 392 5136 quis
417 5068 718 5123 enarrabit.’
748 5074 986 5139 quoniam
1011 5076 1214 5130 tolletur
1244 5080 1305 5132 de
1336 5084 1470 5135 terra
1506 5084 1606 5136 vita
1646 5089 1757 5153 ejus

132 5159 303 5231 (lsai.
335 5160 427 5215 55.
452 5162 504 5214 7.
534 5162 567 5217 8
592 5166 629 5231 ).
661 5165 750 5219 34.
782 5163 1117 5237 Respondeas
1136 5181 1304 5225 autem
1332 5177 1595 5230 eunuchus
1620 5176 1724 5231 Phi
1739 5209 1754 5219 -

128 5254 297 5325 lippo,
329 5253 462 5307 dixit
503 5272 522 5309 :
551 5254 772 5311 Obsecro
796 5268 862 5323 te,
895 5262 958 5313 de
981 5278 1083 5331 quo
1115 5266 1366 5333 propheta
1396 5269 1517 5322 dicit
1547 5271 1662 5335 hoc,
1693 5274 1756 5327 de

127 5363 201 5411 se,
226 5363 299 5400 an
346 5346 410 5399 de
450 5347 553 5401 alio
585 5350 801 5419 aliquo?
840 5352 928 5407 35.
963 5354 1208 5423 Aperiens
1254 5370 1423 5413 autem
1474 5361 1756 5435 Philippus

130 5456 185 5491 os
210 5455 388 5504 suum,
420 5447 465 5492 et
496 5440 743 5509 incipiens
770 5459 800 5495 α
834 5444 1110 5515 Scriptura
1139 5450 1255 5514 ista,
1286 5454 1645 5523 evangelisamt
1678 5458 1756 5509 illi

132 5530 340 5584 Jesum.
375 5530 590 5598 Viden’,
615 5537 889 5604 quomodo
918 5555 1006 5594 res
1030 5555 1150 5595 cum
1181 5543 1271 5597 illo
1303 5545 1581 5613 dispositae
1604 5552 1755 5605 sint?

134 5622 328 5677 Primo
357 5623 484 5694 legit
511 5635 565 5680 et
594 5625 840 5697 ignorat;
871 5630 1070 5687 deinde
1097 5634 1225 5705 legit
1253 5630 1395 5693 hunc
1433 5640 1636 5709 locmn,
1669 5648 1754 5702 ubi

200 5780 875 5868 Liui-labeant.autumihi
912 5792 1121 5868 ridetur,
1153 5797 1507 5868 Philippusde
1532 5818 1639 5868 quo
1675 5806 1754 5856 hic

135 5852 1161 5933 39:91.2.fmz35fjfef93iterenim
1184 5874 1213 5911 α
1249 5852 1751 5933 armenia-otii

132 5912 174 5956 rt
185 5919 241 5955 as
263 5914 437 5957 coutm
460 5912 716 5963 meridiem
732 5912 1068 5977 processisset.

1884 2292 2215 2346 narrabatur
2244 2293 2448 2362 passio,
2480 2292 2812 2348 resurrectio
2832 2300 2886 2345 et
2911 2291 3137 2346 donum.
3165 2290 3255 2346 36.
3300 2290 3366 2346 Et
3391 2292 3512 2345 dum

1882 2384 2014 2437 irent
2055 2402 2145 2453 per
2184 2387 2340 2450 riam,
2378 2394 2619 2439 venerunt
2661 2386 2729 2438 ad
2765 2384 3044 2454 quamdam
3091 2401 3325 2453 aquam:
3351 2394 3398 2439 et
3438 2388 3515 2440 ait

1887 2478 2182 2533 eunuchus:
2207 2475 2343 2530 Ecce
2372 2488 2524 2547 aqua,
2559 2477 2684 2547 quid
2710 2475 2943 2547 prohibet
2976 2494 3057 2531 me
3098 2478 3394 2549 baptizari?
3421 2478 3511 2533 Vi-

1885 2573 2067 2627 distin‘
2098 2583 2407 2643 prumptum
2434 2572 2719 2628 animum?
2751 2573 2988 2627 vidistin'
3010 2572 3386 2643 diligentiam?
3412 2575 3505 2629 58.

1884 2664 1952 2716 Et
1972 2667 2119 2732 iussit
2136 2676 2272 2719 stare
2295 2682 2526 2729 currum,
2546 2678 2593 2718 et
2616 2666 2985 2720 descenderunt
3002 2676 3210 2738 uterque
3225 2668 3276 2720 in
3294 2684 3506 2735 aquam,

1886 2754 2165 2826 Philippus
2194 2767 2240 2809 et
2269 2756 2550 2821 eunuchus,
2581 2769 2626 2809 et
2651 2758 2925 2827 baptizavit
2952 2773 3089 2812 eum.
3124 2758 3214 2812 59.
3245 2755 3373 2812 Cant
3410 2775 3509 2812 au-

1882 2855 1979 2901 tem
2002 2850 2345 2904 ascendissent
2368 2851 2436 2910 de,
2466 2867 2624 2921 aqua,
2650 2850 2880 2921 Spiritus
2908 2850 3119 2905 Domini
3166 2853 3339 2920 rapuit
3374 2850 3507 2907 ΡΙιὶ-

1880 2940 2100 3009 lippum,
2136 2952 2182 2994 et
2212 2943 2439 3009 amplius
2483 2960 2584 2997 non
2627 2943 2749 2995 vidit
2796 2960 2911 2997 eum
2946 2945 3231 2999 eunuchus.
3266 2943 3384 2999 Ibat
3417 2963 3507 3015 per

1880 3031 2012 3084 viam
2042 3049 2187 3084 suam
2215 3035 2464 3102 gaudens.
2497 3033 2627 3100 Cur,
2660 3034 2890 3103 inquies,
2942 3034 3063 3089 tulit
3093 3050 3218 3090 eum
3266 3035 3505 3106 Spiritus

1884 3123 2135 3178 Demiui?
2179 3126 2315 3191 Quia
2350 3143 2447 3196 per
2473 3128 2605 3179 alias
2638 3128 2887 3182 civitates
2910 3128 3237 3182 transiturus
3271 3138 3325 3183 et
3367 3146 3504 3199 prte-

1876 3214 2153 3273 tlieaturus
2174 3229 2308 3271 erat.
2343 3217 2412 3275 Ut
2436 3234 2566 3289 ergo
2595 3219 2644 3272 in
2675 3220 3030 3276 admiratione
3062 3219 3372 3287 haberetur,
3401 3223 3505 3281 hoc

1876 3308 2076 3364 laetum
2100 3320 2203 3376 est,
2239 3323 2404 3382 utque
2427 3327 2534 3366 non
2570 3313 2886 3377 humanum,
2922 3312 3017 3368 sed
3040 3314 3285 3369 divinum
3328 3317 3502 3373 babe-

1876 3410 2047 3467 retur,
2082 3402 2227 3471 quod
2278 3404 2420 3458 circa
2469 3404 2646 3473 ipsum
2682 3405 2880 3460 factum
2935 3414 3039 3460 est.
3074 3407 3164 3463 40.
3225 3406 3504 3481 Philippus

1874 3502 2045 3545 autem
2072 3493 2306 3547 inventus
2337 3495 2483 3549 estin
2513 3496 2672 3550 Azoto
2693 3512 2711 3550 :
2733 3506 2779 3550 et
2811 3499 3154 3562 pet-transiens
3185 3503 3504 3574 euangeliza-

1873 3581 1958 3637 bat
1996 3584 2285 3640 civitatibus
2334 3589 2554 3651 cunctis,
2583 3588 2744 3644 donec
2770 3592 2958 3645 veiiiret
2997 3589 3306 3648 Ctesaream.
3362 3595 3502 3654 lline

1872 3675 2050 3744 palam
2098 3686 2201 3743 est,
2242 3678 2387 3733 hunc
2416 3694 2479 3734 ex
2513 3693 2721 3749 septem
2756 3682 2861 3738 illis
2888 3682 3053 3739 fuisse
3088 3703 3101 3738 :
3137 3701 3259 3741 nam
3312 3697 3499 3758 postea

1872 3765 1926 3819 in
1949 3765 2197 3821 Caesarea
2242 3770 2531 3839 reperitur.
2567 3770 2607 3825 E
2637 3787 2696 3826 re
2718 3782 2897 3827 autem
2937 3776 3117 3844 rapuit
3139 3777 3293 3832 illum
3322 3778 3498 3850 Spiri-

1873 3868 1959 3916 tus
1987 3879 2002 3917 :
2036 3863 2277 3931 alioquin
2308 3875 2551 3934 rogasset
2580 3866 2864 3921 eunuchus
2885 3909 2898 3932 ,
2926 3877 2984 3923 ut
3023 3885 3209 3925 secum
3242 3872 3451 3929 veniret
3480 3894 3496 3931 :

1870 3968 2030 4022 quem
2061 3952 2152 4009 ille
2177 3953 2319 4010 forte
2346 3956 2726 4012 contristasset
2771 3959 3040 4030 negando,
3077 3970 3200 4017 cum
3252 3965 3495 4021 nondum

1872 4052 2083 4114 tempus
2109 4056 2273 4102 esset.
2317 4047 2509 4103 Vidisti
2557 4051 2781 4120 angelos
2835 4064 3194 4120 cooperantes
3244 4059 3498 4127 praedica-

1872 4137 2025 4204 tioni,
2045 4147 2099 4193 et
2117 4139 2264 4209 ipsos
2276 4140 2493 4210 quidem
2520 4157 2625 4196 non
2648 4144 3034 4211 praedicantes;
3060 4148 3155 4203 sed
3181 4148 3279 4204 bos
3298 4166 3499 4207 vocan-

1870 4229 1992 4284 tes?
2021 4229 2134 4283 Hoc
2161 4245 2324 4300 porro
2351 4232 2601 4287 mirabile
2634 4228 2759 4289 Iiinc
2797 4237 3104 4293 ostenditur
3135 4257 3149 4293 :
3178 4241 3321 4310 quod
3348 4249 3491 4298 enim

1867 4336 2049 4376 rarum
2074 4322 2204 4377 olim
2236 4335 2376 4391 erat,
2406 4334 2460 4379 et
2487 4327 2573 4380 vix
2600 4326 2779 4393 ﬁebat,
2812 4328 2901 4385 bic
2922 4330 3033 4399 jam
3087 4335 3393 4403 saepissime
3423 4337 3495 4393 ef-

1868 4412 2064 4469 ﬁcitur.
2097 4416 2349 4486 Alioquin
2381 4429 2561 4472 autem
2602 4420 2718 4475 hinc
2760 4425 3143 4491 prmnnutiatio
3171 4439 3309 4495 erat,
3343 4433 3489 4501 quod

1868 4504 1944 4559 illi
1992 4506 2559 4579 alienigenascssent
2604 4517 2931 4583 superaturi.
2984 4516 3117 4573 Nam
3151 4521 3488 4580 credentium

1867 4597 1972 4653 lide
1998 4598 2220 4668 dignum
2252 4603 2623 4659 testimonium
2654 4618 2863 4676 poterat
2906 4608 3236 4669 discentibus
3268 4631 3493 4686 persua-

1865 4687 1993 4743 dere
2018 4732 2033 4756 ,
2068 4700 2125 4744 ut
2169 4689 2419 4748 eumdem
2454 4696 2553 4766 ipsi
2603 4698 2777 4752 zelum
2810 4701 3141 4770 arriperent.
3173 4704 3299 4761 Ideo
3332 4709 3491 4778 igitur

1864 4778 1972 4834 ibat
2002 4782 2276 4852 gaudens;
2304 4796 2467 4856 atque
2493 4787 2631 4842 adeo
2660 4789 2703 4843 si
2733 4792 3000 4859 scivisset,
3030 4812 3137 4850 non
3158 4799 3227 4851 ita
3256 4799 3493 4856 delecta-

1865 4880 1950 4927 tus
1972 4885 2132 4929 esset.
2156 4875 2293 4944 Quid
2314 4888 2495 4934 autem
2522 4884 2755 4951 vetabat,
2784 4886 3013 4956 inquies,
3034 4892 3162 4959 quin
3185 4895 3365 4948 omuia
3397 4896 3490 4953 ille

1863 4978 2113 5022 accurate
2138 4968 2393 5036 disceret,
2428 4973 2478 5026 iu
2503 4989 2665 5029 curru
2696 4976 2917 5045 sedens,
2952 4982 3296 5060 maximeque
3320 4988 3369 5041 iu
3394 4988 3490 5042 dc-

1863 5060 2050 5112 serto?
2074 5060 2207 5128 Quia
2240 5078 2327 5117 res
2370 5078 2476 5119 non
2504 5076 2624 5121 erat
2665 5068 2731 5122 ad
2780 5074 3222 5131 ostentationem.
3262 5076 3366 5134 Sed
3398 5096 3489 5135 su-

1862 5150 2043 5216 perius
2075 5151 2211 5206 lci-ta
2260 5156 2629 5224 exploremus.
2686 5159 2751 5213 Et
2790 5178 2906 5216 ecce
2942 5168 3017 5217 vir
3045 5165 3295 5238 {Ethiops
3325 5189 3489 5225 turni—

1863 5239 2008 5304 chus,
2045 5243 2235 5313 inquit,
2286 5258 2463 5316 potens
2491 5248 2745 5305 Candacis
2773 5255 2964 5325 regina:
2989 5256 3321 5332 ίΕιΙιίορωη.
3352 5263 3488 5321 Hinc

1866 5331 2068 5400 liquet,
2120 5335 2263 5389 illam
2326 5340 2456 5406 i;.sis
2505 5342 2822 5411 imperasse.
2868 5346 3001 5402 Nam
3058 5352 3185 5406 olim
3229 5357 3487 5415 mulieres

1864 5425 2223 5495 imperabant,
2254 5440 2309 5485 et
2337 5432 2449 5487 lucc
2477 5434 2559 5489 lex
2585 5449 2700 5491 erat
2723 5439 2863 5508 apud
2897 5441 3017 5498 illos
3042 5442 3138 5516 (a).
3166 5447 3253 5502 Sic
3281 5454 3487 5508 nescie-

1938 5560 2011 5622 (τι)
2036 5561 2130 5635 Hic
2155 5569 2291 5633 notat
2328 5566 2580 5635 Dorulatus
2616 5572 2663 5619 in
2690 5572 2796 5621 haec
2820 5578 2990 5629 verba.
3018 5580 3185 5630 Strabo
3208 5580 3241 5630 ι.
3271 5583 3330 5631 l7
3356 5594 3485 5635 (ση-

1863 5623 2016 5703 daces
2046 5627 2311 5703 (Ethiopian
2346 5631 2643 5703 regintesut)
2674 5645 2882 5699 augusto
2906 5623 3337 5703 iurent—iniibgutim

2099 5692 2344 5772 ezt'iltimo,
2372 5692 2631 5772 sed'uliant
2651 5692 2851 5772 άμίεζριτον.
2879 5709 3026 5771 neges
3049 5692 3178 5772 enim
3202 5692 3482 5772 i-eg'iiuiﬁiii

1865 5754 2085 5822 ῳᾳςδαευι
2109 5754 2342 5822 _regi0n_is
2381 5754 2869 5822 iisdentgnonzinibus
2904 5754 2973 5814 aii
3007 5764 3176 5815 solent.
3206 5754 3482 5821 'riiéiiiii'iii

1868 5808 1977 5884 lita
2001 5808 2239 5884 Agricolic
2266 5820 2327 5865 de
2356 5819 2602 5870 mitannis
2634 5834 2650 5869 .'
2676 5808 3487 5884 nisialdueiaiiniié'i“17319333211

2078 5879 2281 5948 tioadiea
2316 5883 2535 5956 generis
2576 5886 2710 5956 regii
2744 5879 2925 5935 femina
2949 5891 3077 5939 duce
3116 5896 3131 5953 (
3160 5879 3485 5956 nequeenim

1868 5948 2048 5987 sexum
2076 5944 2122 5988 in
2151 5944 2369 6003 imperiis
2387 5944 2675 5996 discernunt
2700 5950 2717 6009 )
2744 5961 3007 6019 sumpsere
3031 5944 3482 6010 universi'bellum.
