4068 6422
577 413 668 470 (51

575 528 663 587 bat
690 521 968 591 Philippus
996 532 1101 590 qua
1125 516 1196 574 de
1215 528 1380 574 causa
1406 514 1615 571 veniret
1640 512 1693 567 in
1717 512 2015 571 desertum,
2037 507 2162 577 quia

573 630 686 671 non
725 613 835 682 jam
878 609 1140 681 angelus.
1186 608 1283 663 sed
1323 606 1555 677 Spiritus
1606 603 1781 673 ipsum
1834 601 1993 670 rapit.
2022 597 2166 653 Nihil

572 716 753 763 autem
801 704 991 758 horum
1036 702 1185 759 videt
1209 699 1507 763 eunuchus,
1551 696 1899 767 imperfectus
1923 707 2045 749 cum
2076 692 2166 757 sit,

578 802 658 857 vel
686 801 846 855 etiam
877 798 1020 869 quod
1048 796 1163 852 hate
1189 793 1383 849 nonad
1405 791 1739 861 corporales,
1768 789 1863 845 sed
1900 786 1968 843 ad
2008 785 2169 854 spiri«

576 893 750 947 tuales
781 890 1120 961 pertineant;
1151 901 1327 957 neque
1347 884 1509 941 etiam
1536 883 1694 939 discit
1721 897 1805 946 ea,
1824 896 1945 951 quae
1974 878 2172 947 Philip~

581 999 680 1055 pus
706 979 1053 1038 edocebatur.
1086 978 1155 1034 Et
1183 993 1282 1033 cur
1326 991 1432 1032 non
1460 976 1537 1031 illi
1577 981 1799 1044 apparet
1829 971 2090 1042 angelus,
2114 976 2174 1023 ut

574 1073 740 1132 ducat
758 1074 832 1129 ad
863 1071 1206 1143 Philippum?
1255 1070 1391 1139 Quia
1431 1067 1677 1124 fortassis
1700 1079 1808 1120 non
1836 1076 2127 1135 persuasus
2155 1101 2169 1125 ,

575 1170 671 1225 sed
701 1167 880 1239 potius
907 1163 1310 1236 obstupefactus
1332 1163 1540 1218 fuisset.
1578 1160 1709 1215 Vide
1728 1158 1961 1228 Philippi
1995 1157 2172 1227 philo-

575 1260 863 1331 sophiam:
895 1272 1002 1314 non
1044 1255 1336 1320 accusavit,
1368 1269 1473 1309 non
1501 1252 1653 1321 dixit,
1686 1250 1926 1322 ignoras,
1972 1263 2074 1320 ego
2122 1258 2174 1303 te

574 1350 821 1415 docebo;
853 1364 959 1403 non
980 1347 1137 1413 dixit,
1168 1346 1282 1416 Ego
1309 1344 1424 1400 lucc
1448 1342 1698 1399 accurate
1728 1343 1875 1407 scio;
1906 1357 2011 1395 non
2042 1340 2175 1394 adu-

577 1444 717 1498 latus
756 1450 861 1507 est,
894 1455 994 1495 nec
1017 1439 1151 1495 dixit
1176 1439 1248 1502 ei,
1280 1439 1474 1493 Beatus
1496 1452 1558 1493 es
1596 1438 1685 1508 qui
1729 1436 1883 1508 legis.
1915 1435 2003 1489 Sic
2023 1446 2078 1490 et
2105 1435 2175 1490 ab

574 1535 795 1591 audacia
816 1543 871 1590 et
899 1534 968 1589 ab
997 1533 1308 1588 adulatione
1336 1542 1601 1587 remotum
1647 1539 1764 1585 erat
1790 1530 2051 1591 verbum;
2078 1528 2173 1583 sed

579 1627 757 1697 potius
776 1642 959 1683 curam
984 1625 1222 1697 gerentis
1239 1634 1351 1681 erat
1376 1631 1430 1679 et
1450 1623 1686 1693 benigni.
1712 1621 2004 1693 Oportebat
2030 1620 2172 1676 cnim

580 1713 731 1772 illum
756 1719 1109 1788 interrogare,
1137 1715 1421 1786 oportebat
1439 1713 1770 1769 desiderare.
1801 1712 2047 1767 Declarat
2076 1728 2175 1766 au-

579 1819 687 1864 tem
720 1824 779 1865 se
804 1810 945 1865 scire
971 1810 1143 1879 ipsum
1171 1808 1303 1862 nihil
1336 1822 1513 1871 nosse,
1543 1822 1665 1861 cum
1687 1807 1801 1860 ait:
1835 1802 2062 1857 Putasne
2098 1804 2178 1858 in-

578 1901 765 1972 telligis
789 1916 902 1971 qua
926 1902 1091 1973 legis?
1119 1901 1386 1970 simulque
1427 1900 1661 1953 insinuat
1687 1914 1937 1967 magnum
1968 1896 2175 1965 reposi-

581 2002 693 2045 ttIm
718 2005 841 2046 esse
886 1991 1216 2047 thesaurum.

648 2080 704 2135 2.
742 2080 978 2135 Eunuchi
1011 2081 1253 2135 modestia
1290 2090 1337 2135 et
1361 2082 1608 2135 studium.
1628 2080 1816 2136 —Sed
1844 2079 1983 2142 vide,
2012 2096 2174 2149 qttam

578 2174 871 2244 prudenter
900 2188 961 2229 se
985 2182 1209 2229 excuset
1234 2176 1513 2229 eunuchus
1540 2192 1554 2228 :
1584 2173 1647 2227 Et
1680 2174 1933 2243 quamde
1966 2175 2177 2243 possim,

578 2267 677 2321 nisi
697 2267 809 2333 quis
834 2266 1106 2322 ostenderit
1132 2266 1303 2321 mihi?
1343 2266 1460 2321 Non
1492 2267 1731 2337 respexit
1773 2265 2036 2327 habitum,
2070 2282 2176 2321 non

578 2361 719 2415 dixit
747 2377 762 2414 :
794 2360 871 2414 Tu
896 2360 1016 2431 quis
1035 2361 1135 2415 es?
1159 2376 1267 2415 non
1292 2358 1586 2429 redarguit,
1614 2374 1721 2414 non
1753 2369 2069 2430 arroganter
2096 2360 2175 2412 lo-

580 2451 783 2521 qttitttr,
815 2466 921 2504 non
948 2464 1007 2504 se
1034 2450 1172 2505 scire
1197 2449 1349 2516 dicit,
1378 2449 1471 2506 sed
1496 2450 1744 2519 ignorare
1770 2449 1967 2505 fatetur
1990 2467 2006 2503 :
2031 2450 2179 2504 ideo-

577 2557 683 2613 que
710 2542 888 2596 discit.
914 2540 1170 2595 Monstrat
1199 2541 1389 2595 vulnus
1411 2540 1657 2601 medico;
1686 2541 1833 2595 novit
1862 2542 2034 2611 ipsum
2063 2540 2178 2595 h:cc

576 2634 739 2699 scire,
769 2642 823 2687 ct
844 2632 981 2688 velle
1005 2632 1220 2687 docere.
1256 2632 1331 2703 (a)
1364 2632 1505 2687 Vidit
1524 2634 1671 2687 illum
1694 2647 1816 2688 esse
1834 2647 1864 2687 a
1894 2632 2029 2687 fastu
2050 2632 2180 2686 alic-

580 2741 746 2791 num;
781 2738 954 2793 neque
993 2723 1137 2779 enim
1169 2723 1507 2793 splendidum
1537 2724 1782 2794 gestabat
1806 2724 2074 2779 vestitum.
2107 2723 2178 2778 Ita

578 2824 698 2871 erat
724 2814 965 2869 discendi
994 2813 1222 2883 cupidus
1247 2824 1302 2870 et
1328 2815 1507 2870 verbis
1534 2816 1791 2880 intentus,
1814 2817 1936 2887 quia
1954 2825 2008 2869 et
2027 2817 2178 2884 illud,

581 2906 683 2971 Qui
703 2907 903 2975 quierit,
928 2906 1115 2959 invenit
1143 2905 1163 2977 (
1190 2904 1375 2959 Matth.
1410 2906 1464 2959 7.
1487 2904 1523 2960 8
1544 2916 1583 2974 ),
1610 2905 1661 2960 in
1690 2905 1807 2975 ipso
1835 2905 2175 2975 implebatur.

580 2996 912 3068 Rogavitqne,
949 2997 1139 3065 inquit,
1176 2994 1499 3066 Philippum,
1522 3007 1577 3050 ut
1596 2998 1888 3051 ascenderet
1915 3009 1964 3051 et
1986 2999 2180 3052 sederet

578 3105 771 3143 secum.
795 3088 1045 3143 Vidistin‘
1067 3088 1343 3143 studium?
1364 3088 1596 3143 vidistin‘
1616 3089 1983 3144 desiderium?
2010 3090 2183 3160 Rogat

586 3189 644 3233 ut
666 3179 920 3234 ascendat
945 3190 997 3233 et
1023 3178 1208 3234 sedeat
1234 3194 1418 3235 secum
1452 3197 1466 3234 :
1495 3181 1574 3235 sic
1604 3181 1896 3245 nesciebat,
1923 3182 2049 3252 quid
2077 3183 2180 3238 sibi

583 3273 822 3329 dicturus
850 3281 1028 3340 esset;
1051 3273 1145 3328 sed
1166 3272 1480 3342 simpliciter
1501 3273 1738 3343 putabat,
1762 3289 1822 3330 se
1845 3274 2179 3344 prophetiam

541 3426 546 3431 _
582 3366 812 3436 aliquam
842 3364 1150 3419 auditurum
1186 3378 1329 3420 esse.
1356 3363 1523 3435 Major
1560 3375 1741 3421 autem
1770 3365 1855 3420 hic
1877 3365 2048 3420 honor
2073 3375 2177 3432 est,

584 3456 731 3526 quod
758 3471 863 3510 non
895 3455 1210 3525 simpliciter
1232 3456 1527 3512 ascendere
1552 3468 1725 3521 curet,
1758 3457 1851 3513 sed
1882 3469 2052 3529 roget.
2077 3459 2181 3512 Ac-

586 3563 794 3602 currens
820 3554 986 3600 autent
1007 3544 1285 3616 Philippus
1310 3548 1502 3601 audivit
1539 3564 1652 3602 eum
1679 3549 1942 3618 legentem.
1982 3549 2184 3605 Cursus

587 3641 839 3712 loquendi
886 3640 1140 3712 cupidum
1185 3640 1404 3704 indicat.
1450 3641 1611 3697 lectio
1636 3641 1797 3697 studii
1840 3643 2049 3713 signum
2077 3653 2180 3699 est.

585 3734 683 3790 Illo
712 3736 852 3789 enim
882 3743 1120 3804 tempore
1146 3733 1372 3803 legebat,
1407 3748 1512 3804 quo
1537 3734 1710 3803 major
1737 3742 1821 3791 est
1847 3733 1977 3789 solis
1997 3747 2177 3791 a-stns.

591 3826 765 3881 Locus
789 3835 965 3880 autem
997 3826 1084 3880 hic
1112 3836 1229 3881 erat
1250 3844 1262 3880 :
1283 3824 1560 3881 Sicut‘ovis
1585 3827 1653 3880 ad
1678 3828 1978 3881 occisionem
2004 3831 2185 3883 ductus

586 3928 682 3975 est.
709 3918 776 3975 Et
804 3918 905 3973 hoc
932 3918 1073 3973 illius
1093 3917 1334 3972 discendi
1363 3918 1671 3988 cupiditatis
1686 3920 1893 3991 signum
1912 3929 2017 3985 est,
2041 3920 2183 3991 quod

591 4013 909 4084 prophetam
949 4010 1099 4066 illum
1130 4011 1252 4065 aliis
1281 4012 1645 4067 sublimiorem
1675 4028 1783 4083 prae
1814 4013 2062 4068 manibus
2088 4014 2183 4067 ha-

592 4106 788 4162 buerit.
814 4103 939 4161 Ideo
956 4119 1062 4159 non
1086 4118 1207 4159 cum
1233 4103 1566 4159 vehementia
1591 4103 1666 4159 illi
1690 4114 1891 4172 narrat,
1918 4105 2011 4160 sed
2031 4121 2183 4159 utan.

590 4208 777 4262 suete;
807 4197 915 4251 imo
938 4210 1037 4251 nec
1057 4196 1203 4266 prius
1229 4196 1484 4266 loquitur,
1512 4212 1670 4267 quam
1696 4197 2051 4268 interrogatus
2073 4200 2181 4254 fuc-

593 4292 684 4356 rit,
737 4290 911 4344 donec
947 4288 1035 4343 illc
1066 4288 1350 4357 rogaverit.
1376 4288 1448 4344 Ut
1474 4300 1527 4343 et
1573 4288 1699 4343 illud
1747 4290 1937 4345 iterum
1986 4290 2187 4345 faciens

591 4384 669 4436 ait
709 4401 720 4435 :
753 4381 972 4436 Obsecro
1016 4391 1091 4446 te,
1125 4382 1187 4433 de
1225 4397 1325 4450 quo
1357 4384 1603 4451 propheta
1631 4382 1755 4435 dicit
1801 4383 1937 4435 hoc?
1968 4382 2189 4437 Videtur

595 4474 725 4527 mihi
749 4474 1037 4528 nescivisse
1058 4472 1229 4540 illum,
1256 4472 1397 4544 quod
1427 4472 1700 4543 prophetae
1729 4474 1798 4529 de
1816 4474 1933 4529 aliis
1960 4476 2188 4545 loquan-

595 4576 717 4633 tur;
743 4568 825 4621 vel
853 4567 898 4621 si
931 4580 1036 4620 non
1065 4565 1185 4629 hoc,
1217 4565 1356 4634 quod
1385 4565 1452 4619 de
1480 4567 1670 4636 seipsis
1698 4565 1979 4637 loquantur
2006 4569 2057 4623 in
2085 4570 2187 4623 alia

598 4672 848 4728 persona.
888 4656 1282 4710 Erubescamus
1308 4665 1362 4710 et
1412 4671 1674 4727 pauperes
1700 4666 1755 4712 et
1784 4658 1977 4714 divites
2003 4660 2069 4714 de
2098 4660 2190 4716 illo

595 4747 877 4819 pennario.
908 4747 1102 4800 Deinde
1123 4760 1362 4802 venerunt
1388 4751 1455 4801 ad
1477 4750 1753 4818 quamdam
1779 4766 1988 4818 aquam,
2022 4763 2067 4805 et
2096 4756 2190 4820 ait,

603 4838 732 4892 Ecce
750 4856 901 4908 aqua.
930 4841 1053 4893 llaec
1084 4840 1234 4895 valde
1260 4839 1512 4895 ferventis
1533 4840 1725 4896 animae
1746 4852 1892 4896 sunt.
1920 4844 2055 4909 Quid
2078 4863 2193 4910 pro-

600 4930 732 4982 hibet
757 4946 833 4983 me
858 4930 1105 4999 baptizari
1124 4933 1147 4984 .'
1168 4930 1348 4986 Viden'
1370 4934 1487 5000 ejus
1513 4932 1879 4988 desiderium?
1909 4935 2024 4991 Non
2040 4937 2191 5003 dicit,

600 5022 813 5090 Baptiza
848 5038 965 5083 me;
997 5038 1169 5091 neque
1198 5032 1354 5089 tacet,
1376 5026 1470 5080 sed
1499 5027 1731 5081 medium
1754 5028 2027 5098 quidpiam
2055 5031 2195 5084 inter

597 5112 922 5168 desiderium
951 5121 1005 5165 et
1025 5117 1383 5169 reverentiam
1412 5117 1667 5187 loquitur.
1700 5117 1837 5181 Quid
1868 5120 2094 5189 prohibet
2115 5138 2193 5175 me

596 5206 849 5275 baptizari
867 5208 892 5260 .’
924 5204 1056 5261 Vide
1076 5248 1091 5271 ,
1122 5208 1390 5278 quomodo
1412 5210 1658 5266 absoluta
1690 5211 1938 5282 dogmata
1967 5212 2189 5269 habuit:

600 5315 725 5352 nam
753 5299 1015 5369 prepbeta
1041 5298 1220 5353 omnia
1243 5302 1571 5368 continebat,
1597 5302 2043 5371 incarnationem,
2068 5320 2195 5374 pas-

606 5465 957 5535 ﬂazcltoa‘djca
986 5466 1291 5535 est._opingr,
1318 5482 1463 5535 quam
1493 5467 1773 5535 .It'pltilinus
1799 5471 2088 5535 Βονδονίκην
2116 5471 2192 5524 in-

602 5529 798 5597 digilttl.
820 5529 1144 5597 pEctttnem'us
1164 5544 1183 5597 ζ
1205 5529 1478 5597 Ἰστέρν-ὂτι
1494 5529 1745 5597 Κλάνδάκην
1769 5534 1989 5591 Αἰθίοπες
2008 5529 2188 5595 πᾶσαν,

602 5589 688 5660 cf:
708 5589 792 5660 τεοῦ
810 5592 1044 5660 βᾳσιλέως
1064 5594 1244 5660 Euripo
1262 5590 1506 5660 κᾳλοῦσιγ,
1523 5595 1683 5660 ἐπειδὴ
1706 5599 1889 5658 πατέρα
1907 5602 1950 5644 οἱ
1974 5589 2191 5654 Αἰθίοπεξ

602 5652 691 5723 οὐξι
718 5652 1050 5723 ᾇνιᾳφέρσυᾳιγ,
1068 5652 1264 5723 ante;
1283 5656 1421 5723 ὄντας
1444 5657 1572 5711 υἱοὺς
1595 5657 1733 5713 ἡλίου
1748 5652 2090 5723 accusatoriam.

664 5713 742 5779 (tt)
770 5713 1045 5779 Sequentia
1070 5728 1179 5779 cum
1216 5715 1505 5779 ingentibus
1530 5713 1855 5768 varietatibus
1890 5722 2036 5769 ellert
2062 5736 2191 5770 unus

603 5772 789 5830 Codex,
815 5772 937 5835 quas
965 5776 1003 5823 si
1031 5778 1210 5845 altene
1246 5772 1514 5837 v‘éllemus,
1538 5780 1704 5831 omnia
1730 5780 2019 5833 exscribere
2049 5797 2191 5845 pror-

605 5848 690 5881 sus
716 5848 921 5885 necesse
945 5844 1100 5887 esset.

1348 402 1410 465 5.
1446 399 1723 462 JOANNIS
1758 393 2239 457 CHRYSOSTOMI
2283 389 2597 448 ARCHIEP.
2638 385 3178 446 CONS'I’ANTINOP.

3772 388 3881 443 tas

2274 506 2503 563 sionem,
2533 501 3010 565 resurrectionem.
3042 498 3489 570 assumptionem.
3517 497 3762 554 futurum
3798 499 3885 570 ju-

2274 594 2470 649 dicium
2500 610 2512 646 :
2541 607 2662 663 qua:
2686 591 2785 663 ipsi
2816 606 3068 658 magnum
3095 589 3334 645 indidere
3354 589 3709 645 desiderium.
3744 592 3889 646 Eru-

2276 687 2475 741 bescite
2499 694 2765 757 quotquot
2805 684 3042 739 nomium
3082 684 3362 739 illuminati
3404 684 3557 739 eatis.
3588 682 3657 738 Et
3687 684 3888 756 jussit,

2278 779 2469 850 inquit,
2499 790 2635 833 stare
2673 794 2900 841 currunt.
2942 776 3113 832 Simul
3140 776 3277 831 dixit
3304 787 3359 833 et
3383 776 3698 846 imperavit.
3729 786 3885 832 ante;

2276 886 2437 941 quam
2464 867 2842 925 audiret.Cum
2863 876 3033 922 autem
3058 868 3405 922 ascendissent
3430 867 3495 922 de
3516 883 3678 938 aqua,
3710 866 3891 937 Spiri-

2279 972 2360 1017 tus
2387 960 2595 1015 Domini
2625 960 2796 1029 rapuit
2825 957 3155 1029 Philippum.
3183 957 3328 1014 Bene
3374 976 3388 1011 :
3424 968 3483 1013 ut
3506 958 3893 1013 ostenderetur

2279 1054 2516 1107 divinant
2547 1052 2712 1107 fuisse
2740 1066 2853 1105 rem
2884 1061 3085 1117 actam,
3126 1058 3184 1105 et
3231 1064 3299 1104 ne
3346 1058 3559 1118 putaret
3609 1047 3891 1102 hominum

2279 1161 2401 1200 esse
2423 1146 2718 1215 vulgarem.
2747 1142 2813 1197 Et
2834 1144 2962 1209 ibat,
2992 1142 3185 1212 inquit,
3206 1156 3295 1210 per
3314 1140 3446 1194 viam
3467 1154 3615 1191 suam
3636 1138 3871 1210 gaudens

2281 1239 2394 1294 Hoc
2420 1239 2572 1304 dicit,
2615 1237 2910 1292 ostendens
2948 1237 3123 1306 ipsum
3174 1249 3316 1305 a‘gre
3363 1233 3597 1288 laturum
3626 1231 3817 1301 fuisse,
3851 1242 3897 1295 si

2281 1332 2527 1386 scivisset
2556 1347 2569 1382 :
2602 1331 2680 1386 sic
2704 1345 2770 1385 ex
2795 1331 2964 1384 multo
2998 1328 3213 1399 gaudio,
3254 1327 3357 1383 etsi
3385 1326 3591 1397 Spiritu
3616 1324 3894 1397 dignatus,

2282 1423 2567 1493 prtesentia
2587 1438 2692 1476 non
2713 1410 2945 1477 videbat.
2974 1420 3039 1474 Et
3055 1422 3392 1484 inventusest,
3417 1418 3611 1487 inquit,
3628 1418 3685 1470 in
3707 1418 3893 1475 Aeolo.

2284 1516 2503 1570 Multum
2535 1515 2661 1569 hinc
2688 1512 2967 1583 Philippus
2984 1511 3223 1565 lucratus
3242 1520 3347 1565 est.
3372 1507 3506 1564 Nam
3532 1507 3680 1578 quod
3704 1506 3896 1561 audie-

2284 1616 2367 1661 rat
2385 1606 2453 1660 de
2481 1604 2778 1676 prophetis,
2804 1604 2871 1658 de
2895 1604 3131 1667 Abacuc,
3174 1610 3243 1656 de
3273 1600 3557 1656 Ezechiele
3586 1609 3643 1654 et
3671 1598 3820 1663 aliis,
3844 1598 3899 1653 in

2284 1712 2343 1752 se
2384 1699 2578 1751 factum
2633 1695 2799 1759 vidit,
2851 1695 2938 1765 qui
2994 1696 3044 1747 in
3087 1700 3360 1747 momento
3386 1690 3611 1745 multam
3638 1696 3902 1744 emensus

2284 1793 2424 1844 viam
2470 1789 2798 1853 ostenditur,
2844 1786 3108 1857 siquidem
3150 1788 3201 1840 in
3234 1789 3403 1839 Azoto
3432 1784 3685 1839 inventus
3711 1794 3818 1848 est,
3846 1792 3905 1837 et

2285 1883 2394 1935 illic
2419 1881 2636 1935 denmm
2665 1890 2786 1943 stat,
2808 1879 2894 1932 ubi
2917 1877 3283 1949 evangelizare
3301 1874 3607 1946 oportebat.
3646 1872 3899 1944 (Cap.9-)

2285 1976 2336 2027 t.
2375 1973 2568 2028 Saulus
2594 1981 2762 2025 autent
2787 1970 2956 2023 adhuc
2984 1971 3189 2036 spirans
3240 1969 3496 2021 minarum
3546 1975 3591 2021 et
3633 1966 3796 2019 cadis
3845 1966 3901 2016 in

2284 2066 2560 2135 discipulos
2607 2062 2836 2129 Domini,
2882 2061 3089 2133 accessit
3114 2059 3183 2113 ad
3234 2059 3519 2129 principem
3550 2056 3901 2117 sacerdotum,

2282 2157 2340 2211 Ξ.
2369 2168 2415 2210 et
2438 2157 2582 2227 petiit
2609 2155 2671 2207 ab
2699 2170 2757 2208 eo
2780 2140 3020 2223 epistolas
3047 2152 3099 2205 in
3124 2149 3437 2203 Damascum
3464 2147 3535 2202 ad
3557 2162 3852 2218 synagogas
3885 2159 3905 2197 :

2284 2258 2341 2302 ut
2369 2249 2413 2301 si
2436 2264 2562 2318 quos
2584 2247 2852 2302 invenisset
2882 2246 3037 2316 hujus
3058 2245 3151 2297 vice
3174 2243 3307 2296 viros
3334 2258 3395 2295 ac
3421 2241 3677 2304 mulieres,
3706 2240 3907 2293 vinctos

2287 2341 2584 2409 perduceret
2639 2342 2693 2392 in
2731 2336 3039 2391 Jerusalem.
3082 2334 3400 2406 Opportune
3429 2333 3575 2388 Pauli
3609 2333 3787 2387 zelum
3818 2332 3907 2387 hic

2287 2431 2512 2496 inducit,
2545 2438 2605 2484 ut
2635 2429 2783 2483 illum
2808 2427 2989 2482 medio
3015 2427 3134 2481 zelo
3181 2436 3409 2480 tractum
3445 2424 3699 2480 ostendat
3750 2424 3905 2476 Non-

2284 2527 2411 2581 dum
2432 2524 2575 2580 enim
2594 2526 2819 2579 satiatus
2836 2537 2967 2577 nece
2986 2519 3267 2592 Stephani,
3284 2533 3457 2589 neque
3482 2518 3907 2588 persequutione

2286 2633 2349 2672 ac
2378 2616 2717 2685 dispersione
2741 2614 3017 2679 Ecclesizn,
3058 2611 3268 2667 accedit
3291 2610 3357 2664 ad
3387 2610 3686 2680 principem
3716 2623 3908 2663 sacer-

2286 2710 2496 2763 dolum.
2518 2706 2616 2762 Hic
2638 2706 2889 2776 impletur
2917 2703 2967 2758 id
2985 2702 3126 2773 quod
3144 2700 3396 2756 Christus
3416 2698 3697 2770 discipulis
3724 2698 3867 2753 dixit
3889 2715 3904 2752 :

2299 2798 2444 2853 Venit
2473 2801 2624 2863 hora,
2652 2807 2706 2851 ut
2727 2797 2893 2850 omnis
2919 2797 3004 2862 qui
3022 2793 3262 2862 interﬁcit
3290 2808 3397 2855 vos,
3431 2792 3706 2844 arbitretur
3727 2806 3782 2843 se
3809 2790 3905 2844 ob-

2285 2891 2517 2960 sequium
2558 2898 2806 2960 prcstare
2836 2884 2947 2940 Deo
2986 2883 3181 2954 (Joan.
3233 2880 3450 2954 16.9).
3497 2881 3595 2936 Hie
3624 2880 3787 2949 igitur
3826 2882 3909 2937 sic

2286 2982 2553 3041 faciebat;
2584 2993 2690 3032 non
2721 2985 2780 3031 ut
2804 2976 2999 3042 Judaei,
3033 2976 3192 3031 absit.
3222 2974 3378 3040 Quod
3404 2974 3549 3028 enim
3594 2990 3660 3028 ex
3689 2974 3816 3027 zelo
3853 2973 3908 3028 id

2287 3071 2508 3136 faceret,
2537 3069 2663 3125 hinc
2692 3069 2866 3139 palam
2888 3077 2992 3134 est,
3020 3065 3163 3138 quod
3187 3064 3254 3121 ad
3283 3075 3500 3121 exteras
3522 3064 3770 3119 civitates
3798 3064 3907 3120 nii-

2288 3173 2487 3235 graret.
2519 3162 2630 3218 Illis
2658 3176 2787 3216 vero
2816 3176 2989 3231 neque
3015 3176 3102 3224 ea,
3123 3176 3245 3230 qua:
3273 3158 3629 3229 Jerosolymis
3674 3157 3906 3224 ﬁebant,

2288 3272 2433 3312 cura:
2458 3265 2635 3321 erant,
2662 3255 2756 3311 sed
2784 3270 2947 3309 unum
2975 3253 3319 3309 seetabantur
3346 3252 3633 3307 honorem.
3659 3249 3772 3305 Cur
3800 3266 3906 3305 au-

2290 3361 2395 3406 tem
2427 3350 2745 3405 Damascum
2795 3347 2965 3401 adiit?
2991 3346 3175 3416 Magna
3202 3346 3393 3400 civitas
3423 3352 3544 3399 erat
3584 3353 3640 3398 et
3696 3343 3846 3414 regia
3885 3361 3901 3398 :

2292 3442 2512 3498 timebat
2542 3457 2611 3496 ne
2639 3440 2727 3494 illa
2756 3454 2969 3509 quoque
3001 3446 3492 3507 prreoccuparetur.
3546 3433 3615 3488 Et
3642 3434 3765 3488 vide
3790 3443 3912 3488 stu—-

2289 3534 2437 3589 dium
2479 3534 2597 3601 ejus
2634 3532 3016 3600 ardoremque,
3065 3545 3128 3584 ac
3178 3543 3338 3598 quam
3384 3526 3679 3582 secundum
3730 3527 3909 3597 legem

2289 3640 2433 3697 agat.
2454 3627 2572 3683 Non
2595 3628 2707 3680 adit
2736 3624 3071 3695 praelectum,
3090 3622 3184 3678 sed
3207 3620 3507 3692 principem
3530 3619 3905 3675 sacerdotum.

2292 3720 2428 3775 Petit
2448 3720 2513 3774 ab
2532 3721 2644 3791 ipso
2664 3717 2927 3787 epistolas,
2958 3726 3012 3768 ut
3047 3715 3091 3767 si
3123 3730 3248 3779 quos
3295 3712 3537 3766 inveniret
3583 3711 3744 3783 hujus
3788 3712 3906 3767 vim.

2292 3812 2445 3867 Viam
2476 3823 2629 3867 vocat
2654 3809 2959 3873 credentes,
2989 3809 3081 3879 qui
3109 3807 3189 3861 sic
3206 3808 3275 3860 ab
3300 3807 3553 3860 omnibus
3585 3815 3712 3859 tunc
3740 3822 3909 3861 voca-

2295 3906 2506 3967 bantur,
2542 3904 2681 3957 l’orte
2718 3903 2841 3972 quia
2874 3901 3013 3953 viam
3046 3900 3113 3953 ad
3144 3901 3337 3953 cadum
3382 3899 3692 3953 tendentem
3724 3910 3909 3957 secta-

2296 3995 2511 4050 bantur.
2545 3995 2654 4049 Cur
2681 4003 3001 4063 potestatem
3037 4008 3143 4045 non
3185 3992 3382 4061 accipit
3414 3991 3533 4045 illos
3570 3992 3773 4047 ibidem
3805 4009 3911 4063 pu-

2295 4087 2513 4153 niendi,
2578 4086 2672 4140 sed
2729 4083 3124 4155 Jerosolymatn
3174 4084 3362 4138 ducit?
3413 4082 3479 4140 Ut
3532 4098 3658 4138 cum
3714 4086 3910 4156 majori

2294 4187 2560 4249 potestate
2615 4176 2723 4231 illic
2770 4176 3096 4246 supplicium
3144 4177 3499 4245 inlligerctur.
3559 4177 3625 4230 Et
3674 4178 3822 4244 vide,
3856 4181 3909 4232 in

2294 4282 2555 4341 quantum
2584 4286 2643 4323 se
2686 4270 2982 4339 periculum
3016 4269 3300 4336 conjiciat;
3348 4278 3583 4322 attamen
3612 4272 3693 4323 sic
3732 4271 3910 4337 timet,

2297 4377 2364 4416 ne
2385 4360 2510 4430 quid
2539 4361 2641 4415 sibi
2673 4359 2798 4413 mali
2826 4359 3055 4413 accidat.
3083 4358 3205 4413 Ideo
3227 4376 3355 4429 ergo
3381 4362 3516 4414 alios
3535 4374 3720 4414 secum
3752 4378 3912 4417 assu-

2298 4454 2417 4517 tnit,
2451 4452 2590 4507 forte
2619 4468 2729 4521 pra:
2764 4461 2910 4507 metu
2946 4469 2960 4506 :
2990 4451 3073 4505 vel
3105 4453 3227 4522 quia
3281 4462 3471 4506 contra
3528 4454 3727 4506 multos
3777 4457 3912 4521 ibat,

2299 4548 2495 4600 multos
2524 4547 2735 4615 accipit,
2766 4554 2824 4599 ut
2842 4546 3119 4610 audacius,
3153 4546 3214 4599 Si
3250 4562 3379 4617 quos
3412 4547 3661 4600 inveniret
3688 4549 3827 4603 viros
3851 4567 3915 4603 ac

2299 4638 2559 4702 mulieres,
2583 4639 2773 4691 vinctos
2801 4637 3095 4707 perduceret
3114 4637 3168 4689 in
3197 4636 3505 4692 Jerusalem.
3534 4638 3788 4708 Alioquin
3818 4657 3915 4694 auo

2300 4741 2405 4784 tem
2458 4731 2569 4799 ipse
2610 4745 2705 4798 per
2735 4730 2874 4782 viam
2921 4730 3209 4781 ostendere
3266 4728 3329 4782 iis
3378 4730 3633 4783 omnibus
3660 4732 3909 4796 volebat,

2302 4834 2471 4877 totum
2496 4824 2562 4877 ab
2592 4837 2651 4876 se
2674 4822 2938 4891 proﬁcisci
2968 4840 2980 4874 :
3006 4822 3075 4885 ita
3126 4820 3200 4873 illi
3230 4821 3363 4874 nihil
3391 4821 3493 4875 hoc
3522 4822 3810 4878 curabant.
3850 4826 3914 4880 lat

2300 4914 2421 4968 vide
2450 4914 2598 4968 illum
2621 4912 2851 4967 antehac
2873 4912 2924 4965 in
2943 4925 3214 4965 carcerem
3238 4912 3634 4981 conjicientem.
3652 4912 3726 4967 Illi
3750 4914 3915 4984 igitur

2302 5022 2407 5061 noo
2432 5006 2697 5068 valebant,
2735 5006 2819 5059 hic
2844 5018 2974 5057 vero
2998 5018 3106 5073 prie
3130 5002 3341 5057 fervore
3368 5014 3598 5074 poterat.
3630 5005 3683 5057 5.
3708 5004 3777 5060 Et
3795 5024 3914 5061 cum

2302 5101 2398 5153 iter
2438 5097 2662 5169 faceret,
2693 5096 2902 5166 contigit
2933 5106 2987 5149 ut
3041 5097 3474 5166 appropinquaret
3524 5095 3782 5150 Damasco
3818 5114 3835 5152 :
3867 5110 3911 5153 et

2301 5195 2463 5250 subito
2497 5193 2836 5263 circumfulsit
2862 5208 2977 5244 eum
3026 5191 3116 5245 lux
3145 5193 3207 5244 de
3235 5191 3396 5255 ca’lo;
3443 5191 3497 5244 4.
3531 5200 3579 5244 et
3622 5192 3815 5245 cadens
3859 5194 3913 5245 in

2302 5295 2489 5338 terram
2519 5284 2711 5336 audivit
2742 5298 2911 5337 vocem
2932 5282 3179 5335 dicentem
3201 5280 3298 5335 sibi
3322 5297 3340 5335 :
3370 5280 3549 5346 Saule,
3575 5280 3757 5347 Saule,
3786 5284 3912 5354 quid

2302 5394 2383 5431 me
2431 5376 2744 5447 persequeris
2759 5376 2785 5429 Ρ

2379 5470 2432 5524 5.
2475 5470 2585 5525 Cur
2626 5484 2731 5521 non
2764 5467 3117 5539 Jerosolymis
3145 5468 3168 5521 ?
3199 5481 3297 5520 cur
3329 5481 3433 5521 non
3466 5465 3711 5521 Damasci
3747 5469 3799 5521 id
3836 5468 3913 5522 l‘a-

2304 5572 2447 5617 etum
2491 5562 2621 5617 est?
2654 5561 2721 5616 Ut
2766 5578 2870 5615 non
2904 5570 3127 5632 possent
3167 5561 3255 5613 alii
3290 5561 3419 5615 illud
3451 5561 3608 5615 aliter
3638 5576 3910 5626 narrare;

2305 5666 2359 5711 et
2402 5662 2459 5708 ut
2496 5655 2634 5723 ipse,
2684 5653 2774 5722 qui
2810 5654 2895 5707 illa
2937 5654 3006 5707 de
3036 5666 3197 5707 causa
3232 5653 3473 5717 abierat,
3507 5652 3777 5705 narrando
3809 5653 3915 5708 title

2306 5747 2503 5816 dignus
2534 5755 2702 5800 esset.
2754 5746 2865 5800 Hoc
2908 5760 3038 5813 ergo
3068 5745 3231 5809 dicit,
3277 5760 3397 5799 cum
3444 5742 3582 5813 apud
3617 5744 3909 5813 Agrippam

2309 5856 2431 5896 sese
2475 5838 2739 5895 defendit.
2768 5840 2999 5895 Laborat
3029 5849 3206 5893 autem
3239 5838 3430 5904 oculis,
3476 5838 3597 5908 quia
3622 5839 3786 5891 nimia
3819 5837 3907 5893 int
