4068 6462
217 468 323 523 163

214 581 416 636 hedere
458 576 632 642 solet;
669 588 974 633 mensuram
1022 570 1167 626 enim
1208 582 1362 624 suam
1410 564 1605 618 habent
1647 557 1807 615 oeuli.

214 672 424 728 Dicitur
451 670 616 725 etiam
653 669 803 724 vocis
848 676 902 721 et
937 663 1057 722 soni
1086 661 1486 718 vehementiam
1517 654 1710 710 surdus
1740 651 1822 706 fa-

211 781 342 822 cere
362 774 416 820 et
433 765 710 820 attonitos.
734 760 839 818 Sed
862 761 1002 815 hunc
1027 754 1319 814 excmcavit
1343 764 1568 816 tantum,
1597 758 1652 804 et
1673 753 1821 801 metu

213 860 455 913 furorem
484 857 603 928 ejus
630 855 908 914 exstinxit.
930 854 1000 907 ita
1027 860 1083 906 ut
1108 850 1224 904 hzec
1250 849 1340 902 ille
1365 844 1577 899 audiret
1605 839 1815 903 :Saule,

210 951 401 1017 Saule,
432 950 555 1021 quid
586 967 664 1004 me
688 947 1000 1018 persequeris
1030 944 1194 1000 ?Nou
1222 942 1353 996 dicit
1383 940 1480 1003 illi,
1501 935 1692 998 Crede,
1728 948 1822 988 nc-

209 1060 322 1114 que
367 1044 542 1099 simile
585 1041 902 1112 quidpiam;
938 1038 1033 1094 sed
1079 1037 1311 1091 incusat.
1366 1033 1490 1088 Haec
1536 1028 1649 1084 fere
1692 1025 1824 1081 dicit

208 1139 411 1207 quibus
438 1138 583 1191 illum
617 1137 826 1189 incusat
859 1154 874 1189 :
905 1131 1043 1200 Quid
1067 1171 1080 1196 ,
1113 1131 1194 1185 vel
1225 1141 1416 1198 parum
1456 1125 1542 1180 vel
1569 1121 1818 1184 multum,

208 1247 240 1280 a
275 1245 362 1283 me
387 1228 563 1289 lassus,
595 1226 697 1281 hoc
724 1226 838 1296 agis
864 1223 888 1277 ?
916 1223 1058 1276 Dixit
1085 1230 1274 1279 autem,
1293 1218 1420 1288 Quis
1441 1233 1515 1281 es,
1549 1212 1768 1268 Domine
1797 1211 1823 1265 .9

211 1321 433 1376 interim
460 1335 520 1375 sc
541 1319 827 1375 conﬁtetur
861 1332 1101 1372 servum.
1133 1313 1394 1370 Dominus
1420 1320 1601 1366 autem
1648 1309 1818 1364 dixit:

210 1415 330 1487 Ego
367 1433 480 1471 sum
517 1415 694 1479 Jesus,
738 1429 888 1482 quem
921 1421 973 1465 tu
1003 1409 1338 1481 persequeris.
1379 1407 1458 1462 Ac
1496 1405 1542 1459 si
1569 1403 1770 1457 diceret
1805 1417 1819 1455 :

207 1508 294 1564 Nc
323 1518 475 1578 putes
504 1507 598 1562 tibi
626 1521 750 1561 eum
780 1503 1088 1560 hominibus
1117 1515 1240 1557 esse
1263 1509 1562 1556 certamen.
1595 1495 1697 1563 Qui
1724 1509 1822 1547 au-

211 1612 324 1656 tem
359 1616 478 1656 cum
515 1601 607 1654 illo
641 1608 828 1661 erant,
857 1613 1045 1654 vocem
1072 1596 1288 1666 quidem
1333 1593 1484 1648 Pauli
1511 1591 1820 1654 audierunt,

211 1697 488 1750 neminem
518 1704 702 1748 autem
736 1692 1009 1755 viderunt,
1051 1689 1118 1744 ad
1151 1704 1312 1760 quem
1354 1684 1727 1755 responderet.
1759 1683 1825 1738 Et

204 1790 331 1859 jure
370 1789 563 1842 merito
595 1806 607 1840 ε
645 1803 823 1842 rerum
854 1799 1088 1854 namque
1119 1783 1390 1837 minorum
1422 1780 1543 1834 illos
1575 1779 1699 1832 fecit
1729 1792 1825 1831 au-

208 1885 440 1938 ditores.
483 1881 617 1936 Nam
660 1882 706 1936 si
749 1895 938 1935 vocem
989 1878 1133 1932 illam
1175 1875 1490 1940 audissent,
1523 1887 1697 1942 neque
1745 1871 1824 1925 sic

209 1976 572 2032 credidissent
602 1994 614 2028 :
642 1973 865 2028 Paulum
899 1982 1078 2026 autem
1103 1970 1351 2025 videntes
1379 1966 1820 2036 reSpondentcm,

211 2073 568 2126 mirabantur.
611 2069 716 2124 Sed
746 2069 795 2122 7.
828 2068 1026 2138 Surge,
1073 2076 1121 2120 et
1162 2063 1432 2134 ingredere
1462 2056 1746 2123 civitatem,
1775 2066 1823 2110 et

209 2166 408 2218 dtCelur
453 2164 542 2216 tibi
580 2162 702 2233 quid
745 2171 791 2214 te
838 2169 1069 2230 aporteat
1115 2159 1305 2228 facere.
1345 2154 1502 2217 Vide,
1550 2151 1823 2222 quomodo

210 2274 321 2312 non
355 2256 534 2311 statim
564 2255 742 2309 omnia
783 2253 884 2322 ipsi
913 2251 1142 2317 revelet,
1174 2249 1273 2306 sed
1306 2249 1456 2318 prius
1486 2256 1691 2299 tantum
1720 2244 1824 2297 mi-

211 2351 350 2420 tiget
371 2348 606 2401 animam
637 2345 775 2415 ejus,
805 2355 860 2399 et
887 2360 985 2414 per
1009 2359 1094 2408 ea,
1123 2340 1418 2412 quacjubet
1450 2339 1597 2393 ilhnn
1621 2337 1818 2400 facere,

211 2441 396 2496 statim
426 2453 578 2508 spem
605 2437 802 2493 bonam
836 2436 993 2502 indit,
1019 2435 1162 2506 quod
1191 2436 1364 2489 visum
1396 2439 1711 2501 recepturus
1733 2429 1822 2483 sit.

224 2534 335 2588 Viri
350 2545 540 2600 autem,
562 2533 646 2600 qui
669 2531 808 2586 ibant
835 2549 950 2586 cum
972 2548 1029 2585 eo
1049 2573 1063 2596 ,
1089 2529 1291 2584 stabant
1307 2527 1592 2599 stupefacti,
1613 2525 1827 2577 audien-

210 2641 289 2684 tes
315 2629 517 2698 quidem
544 2642 732 2693 vocem,
761 2627 1015 2679 neminem
1041 2634 1207 2678 autent
1230 2623 1475 2676 videntes.
1508 2619 1561 2675 8.
1585 2617 1827 2674 Surrexit

208 2733 382 2776 autent
406 2721 597 2776 Saulus
620 2723 681 2776 de
691 2731 846 2785 terra,
867 2719 1156 2788 apertisque
1171 2714 1332 2769 oculis
1358 2714 1486 2767 nihil
1506 2711 1724 2765 videbat.
1744 2709 1826 2762 Ad

209 2835 398 2872 manus
417 2828 587 2872 autem
610 2817 755 2872 illum
775 2815 1051 2880 trahentes,
1070 2810 1462 2865 introduxerunt
1489 2805 1823 2860 Damascum.

211 2911 398 2981 Spolia
440 2910 674 2975 diaboli,
707 2923 833 2963 vasa
862 2907 981 2976 ejus
1005 2947 1019 2969 ,
1053 2903 1204 2975 quasi
1246 2912 1398 2971 capta
1427 2899 1657 2970 quadam
1691 2897 1826 2951 urbe

212 3005 304 3060 vel
352 3004 633 3073 metropoli
665 3000 1039 3057 introducunt.
1073 2997 1140 3052 Et
1166 2994 1310 3065 quod
1342 2993 1539 3048 mirum
1568 2998 1652 3046 est
1675 3031 1690 3054 ,
1725 2988 1825 3058 ipsi

213 3097 424 3150 inimici
456 3105 510 3150 et
540 3093 723 3148 hostes
756 3091 1104 3146 introducunt
1136 3087 1288 3142 illum
1317 3084 1570 3140 omnibus
1599 3080 1828 3135 videnti-

209 3189 334 3243 bus.
370 3187 424 3241 9.
459 3185 525 3240 Et
557 3196 663 3239 erat
682 3185 840 3238 tribus
860 3182 1037 3236 diebus
1068 3197 1168 3234 non
1186 3178 1381 3242 videns,
1406 3185 1453 3229 et
1482 3192 1580 3228 non
1609 3171 1829 3225 mandu-

208 3284 348 3337 cavit
374 3298 533 3349 neque
557 3281 697 3334 bibit.
729 3278 864 3346 Quid
892 3277 1019 3330 huic
1048 3275 1123 3330 rei
1154 3289 1250 3344 par
1280 3272 1439 3327 fuerit
1469 3272 1492 3324 ?
1519 3268 1828 3324 Consolatio

214 3377 337 3431 lucc
369 3376 565 3430 inducti
603 3375 747 3429 l‘auli
781 3379 1100 3440 compensat
1137 3384 1428 3424 indarorem
1454 3368 1522 3422 de
1553 3365 1828 3436 Stephano

211 3479 543 3539 conceptum
566 3509 580 3532 ,
617 3467 743 3522 licet
785 3466 872 3520 hic
899 3479 1051 3519 suam
1099 3462 1296 3517 habeat
1336 3462 1387 3515 in
1421 3476 1480 3515 sc
1505 3446 1830 3514 consolatio-

216 3577 344 3615 nem
373 3603 384 3623 ,
416 3561 558 3630 quod
593 3560 681 3614 ille
724 3559 803 3613 sic
845 3556 1113 3615 obiisset;
1155 3564 1210 3608 et
1242 3553 1379 3606 hanc
1421 3552 1547 3605 item
1582 3549 1823 3614 haberet,

211 3654 362 3726 quod
404 3653 864 3709 Samaritanorum
895 3651 996 3705 vici
1041 3648 1247 3705 reducti
1281 3661 1532 3716 magnum
1570 3643 1830 3698 afferrent

211 3750 495 3806 solatium.

291 3845 397 3898 Cur
431 3843 628 3897 Paulus
651 3853 763 3911 post
791 3839 978 3895 Christi
1000 3837 1417 3892 resurrectionem
1445 3847 1714 3888 conversus
1743 3831 1826 3886 sit.

213 3972 287 3982 —
312 3941 379 3994 Et
420 3953 536 3997 cur,
564 3935 806 4005 inquies,
841 3949 948 3987 non
983 3932 1047 3986 ab
1095 3930 1249 3984 initio
1282 3928 1334 3981 id
1371 3927 1570 3981 factum
1599 3934 1704 3989 est,
1735 3922 1830 3978 sed

215 4045 408 4104 postea
434 4032 455 4084 ’ἶ
518 4029 588 4086 Ut
632 4027 1045 4089 OSlenderetur,
1089 4038 1214 4078 vere
1255 4020 1532 4076 Christum
1582 4033 1833 4074 resurre—

217 4129 388 4182 xisse.
440 4124 540 4191 Qui
587 4122 731 4177 cnim
766 4117 1192 4189 persequebatur
1223 4114 1371 4169 illum
1398 4155 1413 4178 ,
1446 4128 1546 4167 nec
1575 4109 1833 4185 credebat

215 4221 367 4274 illius
399 4227 629 4270 mortem
656 4230 718 4269 ac
753 4212 1208 4268 resurrectionem
1230 4251 1243 4275 ,
1272 4194 1364 4279 qui
1392 4206 1689 4277 discipulos
1714 4203 1832 4274 ejus

217 4309 674 4381 persequebatur,
704 4304 866 4371 unde,
891 4319 1098 4374 qutcso,
1130 4301 1468 4363 credidisset,
1507 4298 1608 4352 nisi
1639 4310 1832 4366 magna

216 4407 409 4460 luisset
445 4400 698 4456 Crucifixi
731 4398 945 4452 virtus?
974 4396 1144 4459 Esto,
1180 4395 1256 4448 illi
1291 4394 1388 4462 ipsi
1423 4393 1836 4460 obtemperave-

217 4501 329 4555 rint
357 4540 370 4560 ,
403 4495 532 4566 quid
577 4493 643 4547 ad
678 4493 821 4546 hunc
860 4491 1008 4545 dices
1037 4490 1060 4542 ?
1091 4489 1342 4557 Alioquin
1388 4501 1517 4539 vero
1551 4483 1670 4538 ideo
1712 4491 1835 4553 post

219 4591 682 4648 resurrectionem
731 4586 983 4651 accessit,
1031 4599 1206 4655 neque
1237 4582 1455 4647 statim,
1495 4590 1552 4634 ut
1601 4577 1833 4633 manife-

219 4685 362 4741 stius
401 4682 569 4750 ipsius
600 4681 799 4734 bellum
829 4678 1091 4733 videatur.
1120 4676 1252 4730 Nam
1290 4676 1379 4746 qui
1421 4676 1500 4728 sic
1527 4674 1742 4738 insanit,
1776 4681 1837 4726 ut

220 4789 278 4834 ct
305 4775 623 4848 sanguinem
653 4772 915 4838 effundat,
944 4782 999 4827 ct
1031 4772 1082 4825 in
1109 4785 1386 4825 carcerem
1415 4768 1688 4836 conjiciat,
1722 4775 1836 4820 sta-

225 4879 321 4932 tim
366 4875 560 4931 credit.
608 4872 723 4927 Non
771 4871 904 4926 satis
948 4877 1095 4934 erat,
1141 4866 1283 4937 quod
1329 4881 1450 4919 eum
1483 4863 1699 4918 Christo
1728 4877 1836 4915 non

224 4973 440 5033 fuisset,
488 4969 582 5023 sed
613 4967 849 5036 oportuit
878 4975 933 5019 ut
980 4963 1164 5017 fideles
1195 4962 1263 5016 ab
1293 4961 1383 5015 illo
1427 4959 1634 5013 fortiter
1660 4957 1836 5025 impu-

222 5072 546 5137 guarentur.
574 5062 786 5117 Nullum
823 5077 927 5114 non
961 5059 1196 5112 furorem
1229 5066 1376 5111 retro
1403 5055 1656 5125 relinquit
1681 5070 1694 5119 ;
1722 5068 1838 5107 om-

226 5164 389 5216 nibus
435 5159 522 5213 hic
570 5157 746 5211 acrior
788 5164 922 5209 erat.
971 5154 1102 5208 Cum
1144 5161 1323 5205 autem
1370 5158 1671 5205 exczecatus
1719 5147 1839 5211 fuit,

225 5266 359 5309 time
389 5251 775 5308 dominationis
798 5259 852 5304 et
872 5246 1178 5302 clementia:
1206 5245 1325 5315 ejus
1352 5244 1545 5298 iudicia
1577 5242 1795 5312 agnovit
1825 5258 1838 5294 :

227 5351 312 5404 vel
345 5349 535 5412 etiam,
562 5361 627 5400 ne
652 5344 772 5416 quis
799 5344 1004 5398 diceret
1028 5343 1201 5412 ipsum
1223 5339 1526 5395 simulasse.
1557 5335 1842 5405 Quomodo

228 5445 402 5508 enim,
451 5441 541 5511 qui
589 5442 904 5510 sanguinem
943 5436 1265 5506 expetierat.
1300 5433 1389 5502 qui
1435 5431 1500 5485 ad
1532 5429 1843 5485 sacerdotes

227 5544 572 5600 accesserat,
605 5535 691 5604 qui
727 5535 776 5586 in
806 5531 1040 5601 pericula
1069 5544 1128 5583 se
1158 5525 1511 5596 eonjieiebat,
1545 5523 1634 5592 qui
1663 5532 1846 5578 exter-

234 5646 334 5685 nos
363 5629 524 5682 etiam
553 5626 785 5696 pellebat
811 5635 865 5679 et
887 5623 1161 5694 puniebat,
1192 5618 1533 5676 simulasset?
1563 5617 1660 5672 llic
1683 5617 1845 5686 igitur

232 5734 360 5794 post
387 5721 505 5777 haec
533 5721 710 5774 omnia
740 5717 1166 5772 dominationem
1193 5713 1502 5769 confitetur.
1527 5712 1635 5766 Cur
1664 5719 1842 5765 autem

239 5832 344 5871 non
389 5816 526 5870 intra
569 5813 737 5883 ips-im
771 5813 958 5866 urbem
1001 5809 1091 5863 lux
1129 5809 1274 5863 illum
1314 5804 1706 5868 eircumfulsit,
1749 5803 1845 5858 sed

239 5919 365 5966 ante
408 5905 590 5962 illam?
631 5904 764 5972 Quia
798 5903 950 5958 multi
991 5918 1097 5957 non
1142 5899 1533 5965 credidissent,
1569 5899 1676 5953 imo
1707 5895 1848 5951 forte

244 6003 508 6067 risissent,
542 5995 969 6070 quandoquidem
999 6005 1052 6050 et
1073 6009 1256 6065 supra,
1291 5995 1542 6048 emissam
1569 5990 1849 6047 audientes

1185 454 1251 510 1N
1294 449 1473 506 ACTA
1518 437 2048 500 APOSTOLORUM.
2092 439 2325 495 llOlllL.
2370 440 2513 497 th.

3439 451 3542 507 ιεςι

1933 569 2120 610 vocem
2151 556 2418 619 dicebant,
2445 558 2688 613 Tronitru
2711 575 2778 614 es:
2808 561 2986 630 ι-Ιοιιη.
3019 561 3103 616 12.
3135 562 3226 632 29)
3260 584 3272 621 :
3308 565 3395 622 hic
3419 585 3544 625 vero

1934 649 2038 704 lide
2065 649 2257 719 dignus
2277 653 2536 707 eratdum
2559 655 2792 710 maxime
2813 671 2908 711 sua
2937 658 3230 715 nuntiaret.
3257 661 3327 716 Et
3350 663 3546 733 ligatus

1933 741 2273 798 introducws
2302 755 2406 810 est,
2442 762 2547 800 nou
2579 748 2807 802 vinculis
2838 749 3138 821 impositis;
3173 764 3228 808 et
3257 755 3550 812 trahebant

1933 832 2106 898 illum,
2134 837 2223 905 qui
2246 851 2306 891 se
2321 837 2457 892 alios
2483 848 2776 894 tracturum
2800 844 3076 910 sperabat.
3099 845 3209 900 Cur
3230 856 3412 902 autem
3439 867 3546 904 non

1934 930 2279 985 manducavit
2312 949 2487 1004 neque
2525 936 2691 991 bibit?
2719 937 2824 992 Sua
2858 950 3006 1008 gesta
3033 941 3346 1007 damnabat,
3378 944 3552 999 rut.“-

1936 1023 2166 1093 tcbatur,
2199 1028 2421 1094 orabat,
2455 1031 2680 1100 rogabat
2721 1032 2914 1088 Deum.
2942 1033 2996 1090 Si
3029 1050 3160 1091 vero
3199 1038 3321 1110 quis
3349 1038 3551 1095 dixerit

1933 1119 2038 1176 hoc
2058 1137 2125 1176 ex
2157 1124 2480 1180 necessitate
2522 1126 2690 1182 fuisse
2721 1126 2868 1201 (nam
2897 1140 2952 1185 et
2981 1129 3205 1204 Elymas
3234 1134 3337 1190 hoc
3371 1134 3548 1205 ipsum

1934 1228 2126 1282 passus
2153 1223 2238 1270 est
2262 1215 2399 1288 [Αει.
2433 1216 2524 1292 15]
2554 1220 2596 1290 ),
2625 1220 3078 1290 respondebimus
3105 1242 3117 1277 :
3152 1224 3329 1281 Etiam
3356 1241 3547 1297 passus

1932 1317 2015 1362 est
2036 1349 2050 1371 ,
2083 1307 2177 1363 sed
2201 1310 2421 1376 mansit,
2446 1321 2502 1366 ut
2523 1324 2659 1368 erat.
2686 1314 2970 1382 Quomodo
2998 1316 3159 1388 igitur
3190 1334 3296 1372 non
3328 1329 3553 1376 coactus

1933 1405 2051 1456 est?
2083 1403 2288 1473 Ecquid
2315 1405 2485 1476 magis
2505 1420 2702 1477 cogere
2732 1418 2960 1477 poterat,
2995 1425 3154 1480 quam
3185 1421 3343 1467 terra:
3371 1425 3552 1468 motus

1933 1494 1987 1549 in
2017 1497 2417 1554 resurrectione
2446 1498 2620 1554 factus
2645 1543 2659 1565 ,
2691 1502 2824 1570 ipsis
2857 1501 3121 1559 militibus
3152 1507 3549 1571 nuntiantibus,

1931 1588 2052 1642 aliis
2081 1589 2304 1656 patratis
2345 1592 2551 1661 signis,
2595 1594 2738 1662 quod
2768 1595 2946 1665 ipsum
2988 1597 3357 1653 resurrexisse
3398 1598 3553 1653 vide-

1935 1683 2095 1737 rent?
2127 1686 2196 1737 At
2227 1700 2332 1738 non
2367 1685 2455 1763 illa
2485 1687 2866 1742 necessitatem
2899 1688 3179 1752 inducunt,
3203 1691 3298 1747 sed
3329 1690 3550 1748 docent.

1933 1773 2042 1829 Cur
2079 1773 2250 1830 Judzei
2297 1776 2413 1832 haec
2449 1777 2729 1833 audientes
2770 1795 2878 1834 non
2925 1780 3321 1837 crediderunt?
3366 1783 3552 1838 Palam

1933 1879 2070 1926 erat,
2105 1867 2253 1922 illum
2291 1885 2419 1924 vera
2447 1870 2651 1927 dicere.
2679 1872 2867 1943 Neque
2895 1877 3039 1929 enim
3069 1886 3309 1932 mutatus
3337 1876 3549 1944 fuisset,

1935 1962 2036 2016 nisi
2062 1960 2164 2016 hoc
2183 1964 2482 2028 evenisset;
2515 1974 2673 2036 atque
2693 1966 2764 2021 ita
2788 1983 2978 2023 omnes
2999 1970 3224 2025 credere
3243 1972 3550 2041 Oportebat.

1935 2054 2049 2110 Non
2079 2057 2257 2110 minor
2285 2068 2399 2113 erat
2430 2057 2516 2124 iis,
2546 2060 2635 2129 qui
2659 2062 3119 2117 resurrectionem
3149 2063 3266 2133 ejus
3293 2063 3557 2134 przedica-

1935 2149 2096 2211 bant,
2133 2149 2242 2203 imo
2289 2150 2392 2206 title
2419 2150 2632 2222 dignior
2668 2154 2755 2222 qui
2787 2163 3014 2222 repente
3045 2170 3340 2211 conversus
3381 2167 3552 2214 esset.

1933 2239 2048 2294 Non
2078 2257 2199 2295 cum
2240 2243 2396 2299 tidcle
2422 2247 2674 2315 qquiam
2706 2257 2954 2301 versatus
2997 2247 3212 2316 fuerat,
3242 2249 3338 2305 scd
3367 2251 3418 2304 in
3454 2252 3556 2305 Da-

1935 2351 2120 2391 masco
2140 2352 2436 2392 conversus
2457 2349 2559 2401 est,
2587 2341 2695 2393 imo
2715 2349 2840 2396 ante
2866 2342 3191 2397 Damascum
3217 2344 3317 2400 hoc
3335 2347 3552 2400 accidit.

1938 2430 2212 2502 Interrogo
2239 2431 2483 2487 Judzcum
2512 2454 2523 2487 :
2556 2433 2729 2498 Unde,
2762 2451 2965 2505 quarso,
2996 2454 3290 2494 conversus
3307 2451 3389 2496 est
3417 2441 3555 2496 Pau-

1936 2525 2058 2578 lus?
2088 2525 2192 2580 Tot
2234 2528 2386 2597 signa
2418 2527 2584 2591 vidit,
2620 2538 2674 2582 et
2719 2544 3019 2585 conversus
3052 2549 3158 2586 non
3194 2543 3281 2588 est
3317 2552 3329 2586 :
3363 2534 3557 2589 doctor

1935 2618 2053 2688 ejus
2073 2630 2309 2674 mutatus
2327 2629 2409 2675 est
2431 2619 2510 2692 (a)
2531 2662 2544 2685 ,
2580 2631 2633 2675 et
2661 2619 2748 2675 hic
2778 2633 3016 2678 mutatus
3045 2641 3151 2678 non
3185 2634 3270 2681 est
3294 2627 3447 2697 :quis
3478 2627 3551 2680 illi

1941 2713 2227 2782 persuasit,
2261 2715 2370 2767 imo
2399 2715 2518 2784 quis
2544 2713 2616 2767 illi
2649 2723 2854 2770 tantum
2889 2728 3112 2786 repente
3141 2719 3363 2773 innuis-it
3389 2720 3556 2774 ardo—

1937 2824 2076 2874 rem,
2105 2819 2162 2861 ut
2183 2809 2471 2863 anathema
2494 2824 2593 2879 pro
2617 2808 2837 2865 Christo
2859 2811 2973 2866 fieri
2998 2811 3247 2881 optaret?
3272 2811 3553 2867 Manifesta

1934 2912 2019 2956 est
2051 2918 2229 2957 rerum
2261 2904 2482 2958 veritas.
2514 2903 2619 2960 Sed
2641 2947 2654 2969 ,
2692 2913 2749 2958 ut
2785 2907 2897 2975 jam
2930 2905 3077 2972 dixi,
3128 2907 3343 2962 interim
3377 2922 3554 2962 eunu-

1934 2996 2094 3048 chum
2144 2995 2387 3051 videntes
2437 2997 2795 3052 illuminatum
2845 3006 2902 3053 et
2943 2999 3211 3068 legentem
3256 3000 3555 3055 erubesca-

1937 3103 2078 3143 mus.
2113 3088 2318 3144 Videtis
2342 3132 2358 3155 ,
2402 3090 2454 3144 in
2484 3101 2685 3160 quanta
2719 3092 2979 3161 potentia,
3017 3093 3068 3146 in
3096 3093 3315 3162 quantis
3351 3093 3557 3149 divitiis

1937 3193 2265 3249 versaretur,
2300 3199 2363 3238 ac
2404 3202 2578 3255 neque
2616 3187 2666 3239 in
2708 3187 2790 3239 via
2822 3187 3180 3255 quiescebat?
3208 3186 3396 3255 Qualis
3424 3202 3556 3257 ergo

1936 3289 2051 3333 erat
2075 3277 2242 3340 domi,
2268 3279 2357 3350 qui
2386 3296 2455 3334 ne
2477 3282 2529 3334 in
2561 3280 2643 3334 via
2668 3279 2887 3349 quidem
2913 3280 3216 3335 otiarctur?
3241 3280 3417 3351 qualis
3439 3289 3562 3335 erat

1939 3372 1990 3425 in
2023 3371 2225 3427 nocte?

2009 3465 2064 3518 4.
2097 3464 2374 3536 Quotquot
2399 3465 2451 3520 in
2485 3465 2837 3536 dignitatibus
2864 3468 3026 3530 estis,
3060 3467 3264 3532 audite,
3298 3475 3353 3524 et
3383 3468 3562 3522 imite-

1938 3559 2067 3612 mini
2103 3557 2462 3614 humilitatem
2500 3568 2556 3614 ct
2586 3561 2858 3629 pietatem.
2899 3562 3008 3614 Etsi
3048 3561 3272 3616 domum
3313 3570 3560 3617 reverte-

1939 3661 2107 3720 retur,
2142 3667 2248 3705 non
2293 3651 2506 3706 dicebat
2545 3651 2683 3705 intra
2718 3653 3114 3720 semetipsum:
3147 3652 3333 3708 Redeo
3373 3653 3426 3707 in
3461 3669 3561 3723 pa-

1941 3746 2135 3811 triam,
2183 3745 2252 3798 ibi
2304 3745 2518 3799 lavacro
2565 3753 2711 3811 utar;
2758 3754 2815 3800 ut
2855 3755 2981 3799 sunt
3023 3745 3215 3816 frigida
3264 3746 3559 3800 multorum

1939 3840 2125 3892 verba.
2164 3837 2277 3892 Non
2305 3854 2443 3908 opus
2463 3838 2649 3893 habuit
2674 3840 2843 3910 signis
2871 3857 2971 3894 nec
3002 3840 3276 3894 miraculis
3308 3859 3319 3891 :
3355 3856 3416 3896 ex
3445 3841 3562 3894 solo

1940 3932 2201 4002 propheta
2249 3931 2501 3987 credidit.
2539 3933 2745 3988 Idcirco
2775 3935 3012 4004 seipsnm
3045 3933 3290 4003 deplorat
3327 3934 3522 3988 Paulus
3545 3977 3559 3997 ,

1941 4027 2128 4082 dicens
2155 4045 2167 4081 :
2201 4027 2309 4082 Sed
2339 4028 2743 4082 misericordiam
2774 4027 2872 4082 Dei
2901 4040 3238 4098 consequutus
3277 4047 3410 4097 sum,
3443 4031 3566 4099 quia

1941 4122 2185 4192 ignorans
2216 4123 2313 4193 feci
2337 4122 2391 4175 in
2421 4122 2780 4176 incredulitate
2798 4163 2813 4189 ,
2843 4133 2891 4177 et
2921 4133 2973 4175 ut
2999 4124 3052 4175 in
3088 4139 3167 4175 me
3199 4123 3364 4192 primo
3392 4133 3562 4177 osten-

1943 4215 2081 4268 deret
2107 4214 2258 4268 Jesus
2287 4213 2518 4269 Christus
2545 4232 2746 4268 omnem
2778 4215 3077 4283 patientiam
3109 4215 3186 4286 (1.
3220 4214 3355 4268 Tim.
3385 4215 3438 4270 1.
3471 4215 3564 4269 15.

1945 4308 2060 4379 16).
2096 4310 2298 4380 Dignus
2329 4321 2477 4365 certe
2503 4309 2866 4365 admiratione
2891 4322 2974 4364 est
3002 4310 3090 4364 hic
3113 4309 3417 4365 eunuchus.
3447 4309 3564 4364 Non

1945 4403 2078 4457 vidit
2103 4402 2402 4467 Christum,
2435 4418 2540 4458 non
2575 4403 2704 4456 vidit
2727 4404 2938 4474 signum
2967 4421 2979 4454 :
3016 4402 3192 4458 adhuc
3219 4411 3453 4458 stantem
3477 4400 3567 4456 Je—

1945 4496 2273 4566 rosolymam
2304 4495 2545 4561 videbat,
2579 4504 2632 4549 et
2662 4495 2919 4551 credebat
2948 4495 3215 4565 Philippo.
3251 4493 3408 4551 Unde
3436 4509 3568 4564 ergo

1948 4591 2069 4644 talis
2099 4590 2321 4644 effectus
2348 4591 2469 4645 est?
2498 4591 2738 4646 Sollicita
2773 4601 2892 4644 erat
2917 4591 3092 4643 anima
3127 4589 3291 4655 illius,
3321 4588 3570 4643 attende-

1949 4685 2040 4738 bat
2067 4683 2384 4754 Scripturis,
2419 4685 2741 4739 lectionibus
2774 4699 2996 4753 operam
3023 4683 3206 4738 dabat.
3238 4682 3401 4750 Atqui
3428 4682 3569 4736 latro

1947 4778 2079 4831 vidit
2105 4778 2280 4846 signa,
2314 4789 2367 4832 et
2396 4777 2533 4846 magi
2563 4776 2810 4839 Stellam;
2847 4777 2934 4831 hic
2961 4791 3092 4830 vero
3119 4775 3249 4831 nihil
3281 4775 3390 4830 tale
3413 4774 3567 4839 vidit,

1949 4881 2003 4925 et
2032 4869 2264 4926 credidit
2297 4887 2311 4927 :
2341 4886 2512 4938 usque
2545 4869 2682 4924 adeo
2722 4871 2865 4924 utilis
2911 4879 2996 4925 est
3038 4869 3445 4939 Scripturarum
3494 4866 3573 4920 lc-

1949 4962 2076 5016 ctio.
2101 4961 2239 5028 Quid
2261 4977 2362 5031 ego
2387 4961 2622 5015 Paulus?
2644 4978 2823 5015 annon
2850 4963 3023 5032 legem
3049 4961 3442 5016 meditabatur?
3463 4959 3570 5016 Sed

1951 5056 2082 5110 mihi
2112 5057 2327 5112 videtur
2360 5056 2446 5112 hic
2471 5057 2720 5112 consulto
2751 5065 3062 5111 reservatus
3085 5071 3206 5111 esse
3233 5065 3456 5126 propter
3483 5073 3569 5121 ea,

1952 5165 2074 5219 qttzc
2102 5150 2252 5220 prius
2283 5149 2417 5211 dixi,
2451 5148 2593 5217 quod
2627 5148 2861 5216 undique
2892 5149 3051 5203 vellet
3077 5148 3295 5204 Jtldmos
3319 5149 3572 5203 Christus

1953 5241 2247 5296 attrahere.
2274 5240 2407 5295 Nam
2427 5241 2471 5294 si
2495 5251 2676 5295 mente
2694 5242 3010 5304 valuissent,
3033 5240 3166 5294 nihil
3187 5241 3318 5310 ipsis
3347 5241 3574 5311 perinde

1953 5345 2115 5406 atque
2143 5335 2245 5390 hoc
2277 5335 2408 5389 utile
2443 5334 2654 5388 fuisset.
2689 5334 2800 5387 lloc
2824 5335 2966 5388 enim
3001 5335 3121 5403 plus
3151 5349 3311 5401 quam
3344 5335 3494 5405 signa
3518 5343 3574 5388 ct

1955 5428 2057 5480 alia
2105 5428 2284 5482 omnia
2335 5436 2547 5495 poterat
2597 5426 2723 5481 illos
2761 5427 3077 5482 attrahere:
3113 5425 3574 5496 quemadmodum

1958 5520 2088 5576 nihil
2123 5521 2192 5575 ita
2220 5521 2359 5576 solet
2385 5520 2742 5575 erassioribus
2769 5518 3096 5575 ol‘fendieulo
3126 5534 3267 5573 esse.
3303 5517 3442 5573 Vide
3469 5519 3573 5572 ita-

1957 5633 2063 5688 que
2100 5626 2220 5687 post
2259 5616 2657 5686 dispersionem
2700 5616 3072 5685 apostolorum
3106 5617 3271 5670 Deum
3305 5615 3470 5670 edere
3502 5619 3578 5667 si-

1955 5725 2082 5779 gna.
2117 5707 2555 5764 Criminabantur
2586 5707 2758 5764 Judaei
2789 5710 3088 5781 apostolos,
3120 5708 3486 5778 conjiciebaut
3518 5709 3570 5761 in

2025 5870 2097 5933 (a)
2125 5868 2313 5933 Doctor
2349 5868 2480 5918 Pauli
2507 5867 2745 5918 Gamaliel
2771 5875 2986 5933 mutatus
3008 5866 3161 5916 luisse
3185 5866 3380 5923 dicitur,
3406 5876 3461 5913 ut
3479 5883 3574 5933 pu-

1961 5929 2168 5996 to,'quia
2192 5932 2394 5981 Judzeos
2417 5934 2675 5993 repressit,
2702 5944 2766 5979 ne
2796 5933 2843 5978 in
2863 5929 3166 5996 Christianos
3187 5939 3439 5990 sterircnl,
3460 5931 3574 5978 dum

1961 5993 2136 6048 Paulus
2159 5996 2268 6059 plus
2294 6008 2440 6060 quam
2465 6007 2640 6044 omnes
2663 5995 2863 6044 saeviret
2888 5994 2935 6043 in
2963 5993 3088 6044 illos.
