  <div class='ocr_page' id='page_1' title='image "/cluster/home/n/w/nwhite01/storage/ocr_20150623/60/ien.35556001660885/161.png"; bbox 0 0 4068 6412; ppageno 0'>
   <div class='ocr_carea' id='block_1_1' title="bbox 535 419 638 476">
    <p class='ocr_par' dir='ltr' id='par_1_1' title="bbox 535 419 638 476">
     <span class='ocr_line' id='line_1_1' title="bbox 535 419 638 476; baseline 0.01 -1"><span class='ocrx_word' id='word_1_1' title='bbox 535 419 638 476; x_wconf 74' lang='grc'><strong>155</strong></span> 
     </span>
    </p>
   </div>
   <div class='ocr_carea' id='block_1_2' title="bbox 531 515 2108 590">
    <p class='ocr_par' dir='ltr' id='par_1_2' title="bbox 531 515 2108 590">
     <span class='ocr_line' id='line_1_2' title="bbox 531 515 2108 590; baseline -0.016 -2"><span class='ocrx_word' id='word_1_2' title='bbox 531 546 802 590; x_wconf 78' lang='lat' dir='ltr'><strong>carcerem</strong></span> <span class='ocrx_word' id='word_1_3' title='bbox 830 550 844 585; x_wconf 87' lang='lat'><strong>:</strong></span> <span class='ocrx_word' id='word_1_4' title='bbox 871 527 1088 582; x_wconf 85' lang='lat' dir='ltr'><strong>demum</strong></span> <span class='ocrx_word' id='word_1_5' title='bbox 1118 527 1258 582; x_wconf 87' lang='lat' dir='ltr'><strong>Deus</strong></span> <span class='ocrx_word' id='word_1_6' title='bbox 1283 521 1536 579; x_wconf 88' lang='lat' dir='ltr'><strong>miracula</strong></span> <span class='ocrx_word' id='word_1_7' title='bbox 1564 521 1692 576; x_wconf 93' lang='lat' dir='ltr'><strong>edit.</strong></span> <span class='ocrx_word' id='word_1_8' title='bbox 1727 523 1781 573; x_wconf 71' lang='lat' dir='ltr'><strong>Et</strong></span> <span class='ocrx_word' id='word_1_9' title='bbox 1816 515 2108 586; x_wconf 87' lang='lat' dir='ltr'><strong>quomodo,</strong></span> 
     </span>
    </p>
   </div>
   <div class='ocr_carea' id='block_1_3' title="bbox 535 607 2115 684">
    <p class='ocr_par' dir='ltr' id='par_1_3' title="bbox 535 607 2115 684">
     <span class='ocr_line' id='line_1_3' title="bbox 535 607 2115 684; baseline -0.012 -6"><span class='ocrx_word' id='word_1_10' title='bbox 535 626 674 678; x_wconf 89' lang='lat' dir='ltr'><strong>vide.</strong></span> <span class='ocrx_word' id='word_1_11' title='bbox 703 621 949 676; x_wconf 87' lang='lat' dir='ltr'><strong>Educere</strong></span> <span class='ocrx_word' id='word_1_12' title='bbox 973 634 1038 674; x_wconf 81' lang='lat' dir='ltr'><strong>ex</strong></span> <span class='ocrx_word' id='word_1_13' title='bbox 1060 632 1296 683; x_wconf 78' lang='lat' dir='ltr'><strong>carcere,</strong></span> <span class='ocrx_word' id='word_1_14' title='bbox 1319 615 1435 684; x_wconf 89' lang='lat' dir='ltr'><strong>ejus</strong></span> <span class='ocrx_word' id='word_1_15' title='bbox 1453 614 1663 683; x_wconf 88' lang='lat' dir='ltr'><strong>sigumn</strong></span> <span class='ocrx_word' id='word_1_16' title='bbox 1687 619 1834 673; x_wconf 87' lang='lat' dir='ltr'><strong>erat;</strong></span> <span class='ocrx_word' id='word_1_17' title='bbox 1865 607 2115 661; x_wconf 80' lang='lat' dir='ltr'><strong>inducere</strong></span> 
     </span>
    </p>
   </div>
   <div class='ocr_carea' id='block_1_4' title="bbox 536 699 2116 784">
    <p class='ocr_par' dir='ltr' id='par_1_4' title="bbox 536 699 2116 784">
     <span class='ocr_line' id='line_1_4' title="bbox 536 699 2116 784; baseline -0.011 -15"><span class='ocrx_word' id='word_1_18' title='bbox 536 716 870 784; x_wconf 77' lang='lat' dir='ltr'><strong>Philippum,</strong></span> <span class='ocrx_word' id='word_1_19' title='bbox 903 712 1020 780; x_wconf 90' lang='lat' dir='ltr'><strong>ejus</strong></span> <span class='ocrx_word' id='word_1_20' title='bbox 1065 711 1274 780; x_wconf 86' lang='lat' dir='ltr'><strong>signum</strong></span> <span class='ocrx_word' id='word_1_21' title='bbox 1303 717 1450 772; x_wconf 88' lang='lat' dir='ltr'><strong>erat;</strong></span> <span class='ocrx_word' id='word_1_22' title='bbox 1485 705 1703 760; x_wconf 78' lang='lat' dir='ltr'><strong>Paulum</strong></span> <span class='ocrx_word' id='word_1_23' title='bbox 1733 701 1923 756; x_wconf 86' lang='lat' dir='ltr'><strong>adduci</strong></span> <span class='ocrx_word' id='word_1_24' title='bbox 1945 740 1957 760; x_wconf 89' lang='lat'><em>.</em></span> <span class='ocrx_word' id='word_1_25' title='bbox 1999 699 2116 766; x_wconf 82' lang='lat' dir='ltr'><strong>ejus</strong></span> 
     </span>
    </p>
   </div>
   <div class='ocr_carea' id='block_1_5' title="bbox 535 792 2116 882">
    <p class='ocr_par' dir='ltr' id='par_1_5' title="bbox 535 792 2116 882">
     <span class='ocr_line' id='line_1_5' title="bbox 535 792 2116 882; baseline -0.013 -19"><span class='ocrx_word' id='word_1_26' title='bbox 535 814 744 882; x_wconf 82' lang='lat' dir='ltr'><strong>signum</strong></span> <span class='ocrx_word' id='word_1_27' title='bbox 775 816 922 869; x_wconf 89' lang='lat' dir='ltr'><strong>erat;</strong></span> <span class='ocrx_word' id='word_1_28' title='bbox 955 805 1187 874; x_wconf 85' lang='lat' dir='ltr'><strong>seipsum</strong></span> <span class='ocrx_word' id='word_1_29' title='bbox 1219 799 1491 870; x_wconf 84' lang='lat' dir='ltr'><strong>Stephano</strong></span> <span class='ocrx_word' id='word_1_30' title='bbox 1528 797 1843 858; x_wconf 81' lang='lat' dir='ltr'><strong>ostendere,</strong></span> <span class='ocrx_word' id='word_1_31' title='bbox 1886 794 2002 860; x_wconf 88' lang='lat' dir='ltr'><strong>ejus</strong></span> <span class='ocrx_word' id='word_1_32' title='bbox 2041 792 2116 844; x_wconf 85' lang='lat' dir='ltr'><strong>si-</strong></span> 
     </span>
    </p>
   </div>
   <div class='ocr_carea' id='block_1_6' title="bbox 534 889 2114 974">
    <p class='ocr_par' dir='ltr' id='par_1_6' title="bbox 534 889 2114 974">
     <span class='ocr_line' id='line_1_6' title="bbox 534 889 2114 974; baseline -0.011 -19"><span class='ocrx_word' id='word_1_33' title='bbox 534 920 697 974; x_wconf 83' lang='lat' dir='ltr'><strong>gnum</strong></span> <span class='ocrx_word' id='word_1_34' title='bbox 718 909 853 958; x_wconf 86' lang='lat' dir='ltr'><strong>erat.</strong></span> <span class='ocrx_word' id='word_1_35' title='bbox 877 901 943 956; x_wconf 88' lang='lat' dir='ltr'><strong>Et</strong></span> <span class='ocrx_word' id='word_1_36' title='bbox 964 896 1260 956; x_wconf 88' lang='lat' dir='ltr'><strong>considera,</strong></span> <span class='ocrx_word' id='word_1_37' title='bbox 1289 892 1557 964; x_wconf 90' lang='lat' dir='ltr'><strong>quomodo</strong></span> <span class='ocrx_word' id='word_1_38' title='bbox 1584 891 1780 945; x_wconf 76' lang='lat' dir='ltr'><strong>Paulus</strong></span> <span class='ocrx_word' id='word_1_39' title='bbox 1804 889 2114 947; x_wconf 82' lang='lat' dir='ltr'><strong>honoretur,</strong></span> 
     </span>
    </p>
   </div>
   <div class='ocr_carea' id='block_1_7' title="bbox 535 976 2119 1065">
    <p class='ocr_par' dir='ltr' id='par_1_7' title="bbox 535 976 2119 1065">
     <span class='ocr_line' id='line_1_7' title="bbox 535 976 2119 1065; baseline -0.013 -17"><span class='ocrx_word' id='word_1_40' title='bbox 535 994 805 1065; x_wconf 89' lang='lat' dir='ltr'><strong>quomodo</strong></span> <span class='ocrx_word' id='word_1_41' title='bbox 842 990 1138 1047; x_wconf 87' lang='lat' dir='ltr'><strong>eunuchus.</strong></span> <span class='ocrx_word' id='word_1_42' title='bbox 1173 986 1268 1042; x_wconf 82' lang='lat' dir='ltr'><strong>llic</strong></span> <span class='ocrx_word' id='word_1_43' title='bbox 1309 986 1551 1040; x_wconf 90' lang='lat' dir='ltr'><strong>Christus</strong></span> <span class='ocrx_word' id='word_1_44' title='bbox 1588 990 1828 1052; x_wconf 78' lang='lat' dir='ltr'><strong>apparet,</strong></span> <span class='ocrx_word' id='word_1_45' title='bbox 1873 978 2011 1032; x_wconf 88' lang='lat' dir='ltr'><strong>forte</strong></span> <span class='ocrx_word' id='word_1_46' title='bbox 2049 976 2119 1029; x_wconf 91' lang='lat' dir='ltr'><strong>ob</strong></span> 
     </span>
    </p>
   </div>
   <div class='ocr_carea' id='block_1_8' title="bbox 536 1069 2120 1157">
    <p class='ocr_par' dir='ltr' id='par_1_8' title="bbox 536 1069 2120 1157">
     <span class='ocr_line' id='line_1_8' title="bbox 536 1069 2120 1157; baseline -0.012 -16"><span class='ocrx_word' id='word_1_47' title='bbox 536 1088 786 1143; x_wconf 77' lang='lat' dir='ltr'><strong>duritiem</strong></span> <span class='ocrx_word' id='word_1_48' title='bbox 806 1129 821 1153; x_wconf 91' lang='lat'><strong>,</strong></span> <span class='ocrx_word' id='word_1_49' title='bbox 851 1086 972 1157; x_wconf 90' lang='lat' dir='ltr'><strong>quia</strong></span> <span class='ocrx_word' id='word_1_50' title='bbox 1005 1083 1108 1138; x_wconf 87' lang='lat' dir='ltr'><strong>alio</strong></span> <span class='ocrx_word' id='word_1_51' title='bbox 1141 1080 1302 1136; x_wconf 87' lang='lat' dir='ltr'><strong>modo</strong></span> <span class='ocrx_word' id='word_1_52' title='bbox 1325 1095 1428 1133; x_wconf 92' lang='lat' dir='ltr'><strong>non</strong></span> <span class='ocrx_word' id='word_1_53' title='bbox 1457 1089 1742 1148; x_wconf 86' lang='lat' dir='ltr'><strong>persuasus</strong></span> <span class='ocrx_word' id='word_1_54' title='bbox 1767 1080 1930 1128; x_wconf 86' lang='lat' dir='ltr'><strong>esset.</strong></span> <span class='ocrx_word' id='word_1_55' title='bbox 1957 1070 2012 1124; x_wconf 90' lang='lat' dir='ltr'><strong>ln</strong></span> <span class='ocrx_word' id='word_1_56' title='bbox 2038 1069 2120 1122; x_wconf 87' lang='lat' dir='ltr'><strong>his</strong></span> 
     </span>
    </p>
   </div>
   <div class='ocr_carea' id='block_1_9' title="bbox 538 1163 2120 1252">
    <p class='ocr_par' dir='ltr' id='par_1_9' title="bbox 538 1163 2120 1252">
     <span class='ocr_line' id='line_1_9' title="bbox 538 1163 2120 1252; baseline -0.014 -16"><span class='ocrx_word' id='word_1_57' title='bbox 538 1197 636 1238; x_wconf 89' lang='lat' dir='ltr'><strong>nos</strong></span> <span class='ocrx_word' id='word_1_58' title='bbox 663 1194 877 1252; x_wconf 87' lang='lat' dir='ltr'><strong>quoque</strong></span> <span class='ocrx_word' id='word_1_59' title='bbox 905 1175 1179 1232; x_wconf 85' lang='lat' dir='ltr'><strong>miraculis</strong></span> <span class='ocrx_word' id='word_1_60' title='bbox 1203 1181 1503 1236; x_wconf 75' lang='lat' dir='ltr'><strong>versantes,</strong></span> <span class='ocrx_word' id='word_1_61' title='bbox 1538 1183 1635 1223; x_wconf 92' lang='lat' dir='ltr'><strong>nos</strong></span> <span class='ocrx_word' id='word_1_62' title='bbox 1657 1167 1847 1236; x_wconf 84' lang='lat' dir='ltr'><strong>dignos</strong></span> <span class='ocrx_word' id='word_1_63' title='bbox 1867 1163 2120 1219; x_wconf 77' lang='lat' dir='ltr'><strong>exhibea-</strong></span> 
     </span>
    </p>
   </div>
   <div class='ocr_carea' id='block_1_10' title="bbox 539 1257 2122 1334">
    <p class='ocr_par' dir='ltr' id='par_1_10' title="bbox 539 1257 2122 1334">
     <span class='ocr_line' id='line_1_10' title="bbox 539 1257 2122 1334; baseline -0.014 -5"><span class='ocrx_word' id='word_1_64' title='bbox 539 1290 678 1331; x_wconf 90' lang='lat' dir='ltr'><strong>mus.</strong></span> <span class='ocrx_word' id='word_1_65' title='bbox 713 1273 859 1328; x_wconf 81' lang='lat' dir='ltr'><strong>Multi</strong></span> <span class='ocrx_word' id='word_1_66' title='bbox 889 1285 1064 1334; x_wconf 87' lang='lat' dir='ltr'><strong>nunc,</strong></span> <span class='ocrx_word' id='word_1_67' title='bbox 1094 1268 1253 1324; x_wconf 89' lang='lat' dir='ltr'><strong>etiam</strong></span> <span class='ocrx_word' id='word_1_68' title='bbox 1286 1266 1335 1318; x_wconf 90' lang='lat' dir='ltr'><strong>in</strong></span> <span class='ocrx_word' id='word_1_69' title='bbox 1365 1261 1643 1319; x_wconf 84' lang='lat' dir='ltr'><strong>ecclesiam</strong></span> <span class='ocrx_word' id='word_1_70' title='bbox 1679 1257 1936 1329; x_wconf 88' lang='lat' dir='ltr'><strong>ingressi,</strong></span> <span class='ocrx_word' id='word_1_71' title='bbox 1973 1257 2122 1325; x_wconf 82' lang='lat' dir='ltr'><strong>igno-</strong></span> 
     </span>
    </p>
   </div>
   <div class='ocr_carea' id='block_1_11' title="bbox 539 1345 2121 1437">
    <p class='ocr_par' dir='ltr' id='par_1_11' title="bbox 539 1345 2121 1437">
     <span class='ocr_line' id='line_1_11' title="bbox 539 1345 2121 1437; baseline -0.014 -15"><span class='ocrx_word' id='word_1_72' title='bbox 539 1378 660 1422; x_wconf 90' lang='lat' dir='ltr'><strong>rant</strong></span> <span class='ocrx_word' id='word_1_73' title='bbox 684 1382 802 1437; x_wconf 75' lang='lat' dir='ltr'><strong>qute</strong></span> <span class='ocrx_word' id='word_1_74' title='bbox 831 1365 1120 1420; x_wconf 88' lang='lat' dir='ltr'><strong>dicuntur:</strong></span> <span class='ocrx_word' id='word_1_75' title='bbox 1151 1357 1429 1415; x_wconf 90' lang='lat' dir='ltr'><strong>eunuchus</strong></span> <span class='ocrx_word' id='word_1_76' title='bbox 1453 1363 1629 1409; x_wconf 88' lang='lat' dir='ltr'><strong>autem</strong></span> <span class='ocrx_word' id='word_1_77' title='bbox 1657 1361 1711 1407; x_wconf 92' lang='lat' dir='ltr'><strong>et</strong></span> <span class='ocrx_word' id='word_1_78' title='bbox 1735 1353 1787 1405; x_wconf 88' lang='lat' dir='ltr'><strong>in</strong></span> <span class='ocrx_word' id='word_1_79' title='bbox 1813 1348 1953 1414; x_wconf 82' lang='lat' dir='ltr'><strong>foro,</strong></span> <span class='ocrx_word' id='word_1_80' title='bbox 1982 1357 2037 1402; x_wconf 91' lang='lat' dir='ltr'><strong>et</strong></span> <span class='ocrx_word' id='word_1_81' title='bbox 2064 1345 2121 1401; x_wconf 85' lang='lat' dir='ltr'><strong>in</strong></span> 
     </span>
    </p>
   </div>
   <div class='ocr_carea' id='block_1_12' title="bbox 539 1440 2122 1519">
    <p class='ocr_par' dir='ltr' id='par_1_12' title="bbox 539 1440 2122 1519">
     <span class='ocr_line' id='line_1_12' title="bbox 539 1440 2122 1519; baseline -0.011 -6"><span class='ocrx_word' id='word_1_82' title='bbox 539 1476 700 1514; x_wconf 88' lang='lat' dir='ltr'><strong>curru</strong></span> <span class='ocrx_word' id='word_1_83' title='bbox 732 1468 915 1512; x_wconf 77' lang='lat' dir='ltr'><strong>vectus</strong></span> <span class='ocrx_word' id='word_1_84' title='bbox 936 1497 953 1519; x_wconf 87' lang='lat'><strong>,</strong></span> <span class='ocrx_word' id='word_1_85' title='bbox 990 1452 1204 1510; x_wconf 89' lang='lat' dir='ltr'><strong>lectioni</strong></span> <span class='ocrx_word' id='word_1_86' title='bbox 1236 1451 1627 1519; x_wconf 87' lang='lat' dir='ltr'><strong>Scripturarum</strong></span> <span class='ocrx_word' id='word_1_87' title='bbox 1659 1443 1986 1498; x_wconf 81' lang='lat' dir='ltr'><strong>attendebat.</strong></span> <span class='ocrx_word' id='word_1_88' title='bbox 2016 1440 2122 1496; x_wconf 87' lang='lat' dir='ltr'><strong>Sed</strong></span> 
     </span>
    </p>
   </div>
   <div class='ocr_carea' id='block_1_13' title="bbox 543 1535 2125 1606">
    <p class='ocr_par' dir='ltr' id='par_1_13' title="bbox 543 1535 2125 1606">
     <span class='ocr_line' id='line_1_13' title="bbox 543 1535 2125 1606; baseline -0.009 -5"><span class='ocrx_word' id='word_1_89' title='bbox 543 1567 640 1601; x_wconf 74' lang='grc' dir='ltr'><strong>νος</strong></span> <span class='ocrx_word' id='word_1_90' title='bbox 670 1565 772 1603; x_wconf 91' lang='lat' dir='ltr'><strong>non</strong></span> <span class='ocrx_word' id='word_1_91' title='bbox 806 1549 928 1604; x_wconf 88' lang='lat' dir='ltr'><strong>item</strong></span> <span class='ocrx_word' id='word_1_92' title='bbox 955 1564 966 1599; x_wconf 94' lang='lat'><strong>:</strong></span> <span class='ocrx_word' id='word_1_93' title='bbox 997 1563 1154 1601; x_wconf 91' lang='lat' dir='ltr'><strong>nemo</strong></span> <span class='ocrx_word' id='word_1_94' title='bbox 1175 1543 1316 1598; x_wconf 90' lang='lat' dir='ltr'><strong>enim</strong></span> <span class='ocrx_word' id='word_1_95' title='bbox 1342 1551 1571 1595; x_wconf 73' lang='lat' dir='ltr'><strong>vestrum</strong></span> <span class='ocrx_word' id='word_1_96' title='bbox 1601 1538 1791 1592; x_wconf 87' lang='lat' dir='ltr'><strong>librum</strong></span> <span class='ocrx_word' id='word_1_97' title='bbox 1821 1551 1930 1606; x_wconf 69' lang='lat' dir='ltr'><strong>pra:</strong></span> <span class='ocrx_word' id='word_1_98' title='bbox 1956 1535 2125 1589; x_wconf 86' lang='lat' dir='ltr'><strong>mani-</strong></span> 
     </span>
    </p>
   </div>
   <div class='ocr_carea' id='block_1_14' title="bbox 541 1628 2123 1708">
    <p class='ocr_par' dir='ltr' id='par_1_14' title="bbox 541 1628 2123 1708">
     <span class='ocr_line' id='line_1_14' title="bbox 541 1628 2123 1708; baseline -0.012 -11"><span class='ocrx_word' id='word_1_99' title='bbox 541 1643 642 1697; x_wconf 85' lang='lat' dir='ltr'><strong>bus</strong></span> <span class='ocrx_word' id='word_1_100' title='bbox 675 1641 865 1708; x_wconf 82' lang='lat' dir='ltr'><strong>habet,</strong></span> <span class='ocrx_word' id='word_1_101' title='bbox 912 1640 1005 1694; x_wconf 89' lang='lat' dir='ltr'><strong>sed</strong></span> <span class='ocrx_word' id='word_1_102' title='bbox 1038 1637 1214 1693; x_wconf 86' lang='lat' dir='ltr'><strong>omnia</strong></span> <span class='ocrx_word' id='word_1_103' title='bbox 1249 1635 1422 1705; x_wconf 84' lang='lat' dir='ltr'><strong>potius</strong></span> <span class='ocrx_word' id='word_1_104' title='bbox 1449 1647 1609 1702; x_wconf 84' lang='lat' dir='ltr'><strong>quam</strong></span> <span class='ocrx_word' id='word_1_105' title='bbox 1642 1630 1858 1685; x_wconf 90' lang='lat' dir='ltr'><strong>librum.</strong></span> <span class='ocrx_word' id='word_1_106' title='bbox 1891 1628 1996 1683; x_wconf 90' lang='lat' dir='ltr'><strong>Cnr</strong></span> <span class='ocrx_word' id='word_1_107' title='bbox 2028 1643 2123 1679; x_wconf 89' lang='lat' dir='ltr'><strong>an-</strong></span> 
     </span>
    </p>
   </div>
   <div class='ocr_carea' id='block_1_15' title="bbox 543 1718 2128 1795">
    <p class='ocr_par' dir='ltr' id='par_1_15' title="bbox 543 1718 2128 1795">
     <span class='ocr_line' id='line_1_15' title="bbox 543 1718 2128 1795; baseline -0.013 -6"><span class='ocrx_word' id='word_1_108' title='bbox 543 1745 652 1789; x_wconf 90' lang='lat' dir='ltr'><strong>tem</strong></span> <span class='ocrx_word' id='word_1_109' title='bbox 695 1749 798 1787; x_wconf 93' lang='lat' dir='ltr'><strong>non</strong></span> <span class='ocrx_word' id='word_1_110' title='bbox 829 1733 964 1785; x_wconf 85' lang='lat' dir='ltr'><strong>vidit</strong></span> <span class='ocrx_word' id='word_1_111' title='bbox 993 1732 1138 1784; x_wconf 90' lang='lat' dir='ltr'><strong>illum</strong></span> <span class='ocrx_word' id='word_1_112' title='bbox 1168 1737 1292 1781; x_wconf 90' lang='lat' dir='ltr'><strong>ante</strong></span> <span class='ocrx_word' id='word_1_113' title='bbox 1320 1724 1709 1795; x_wconf 83' lang='lat' dir='ltr'><strong>Jerosolymam</strong></span> <span class='ocrx_word' id='word_1_114' title='bbox 1731 1763 1746 1786; x_wconf 95' lang='lat'><strong>,</strong></span> <span class='ocrx_word' id='word_1_115' title='bbox 1786 1721 1877 1774; x_wconf 92' lang='lat' dir='ltr'><strong>sed</strong></span> <span class='ocrx_word' id='word_1_116' title='bbox 1908 1718 2128 1790; x_wconf 82' lang='lat' dir='ltr'><strong>postea?</strong></span> 
     </span>
    </p>
   </div>
   <div class='ocr_carea' id='block_1_16' title="bbox 544 1811 2127 1896">
    <p class='ocr_par' dir='ltr' id='par_1_16' title="bbox 544 1811 2127 1896">
     <span class='ocr_line' id='line_1_16' title="bbox 544 1811 2127 1896; baseline -0.013 -14"><span class='ocrx_word' id='word_1_117' title='bbox 544 1828 657 1882; x_wconf 83' lang='lat' dir='ltr'><strong>Non</strong></span> <span class='ocrx_word' id='word_1_118' title='bbox 688 1826 962 1896; x_wconf 85' lang='lat' dir='ltr'><strong>oportebat</strong></span> <span class='ocrx_word' id='word_1_119' title='bbox 989 1824 1136 1878; x_wconf 83' lang='lat' dir='ltr'><strong>illum</strong></span> <span class='ocrx_word' id='word_1_120' title='bbox 1169 1822 1351 1876; x_wconf 84' lang='lat' dir='ltr'><strong>videre</strong></span> <span class='ocrx_word' id='word_1_121' title='bbox 1383 1820 1562 1889; x_wconf 90' lang='lat' dir='ltr'><strong>pulsos</strong></span> <span class='ocrx_word' id='word_1_122' title='bbox 1585 1815 1877 1886; x_wconf 89' lang='lat' dir='ltr'><strong>apostolos.</strong></span> <span class='ocrx_word' id='word_1_123' title='bbox 1902 1827 1967 1867; x_wconf 89' lang='lat' dir='ltr'><strong>eo</strong></span> <span class='ocrx_word' id='word_1_124' title='bbox 1988 1811 2127 1882; x_wconf 87' lang='lat' dir='ltr'><strong>quod</strong></span> 
     </span>
    </p>
   </div>
   <div class='ocr_carea' id='block_1_17' title="bbox 545 1905 2130 1982">
    <p class='ocr_par' dir='ltr' id='par_1_17' title="bbox 545 1905 2130 1982">
     <span class='ocr_line' id='line_1_17' title="bbox 545 1905 2130 1982; baseline -0.011 -8"><span class='ocrx_word' id='word_1_125' title='bbox 545 1919 722 1974; x_wconf 85' lang='lat' dir='ltr'><strong>adhuc</strong></span> <span class='ocrx_word' id='word_1_126' title='bbox 749 1919 990 1972; x_wconf 87' lang='lat' dir='ltr'><strong>infirmus</strong></span> <span class='ocrx_word' id='word_1_127' title='bbox 1015 1923 1156 1970; x_wconf 84' lang='lat' dir='ltr'><strong>esset</strong></span> <span class='ocrx_word' id='word_1_128' title='bbox 1182 1933 1195 1968; x_wconf 92' lang='lat'><strong>:</strong></span> <span class='ocrx_word' id='word_1_129' title='bbox 1240 1928 1411 1982; x_wconf 89' lang='lat' dir='ltr'><strong>neque</strong></span> <span class='ocrx_word' id='word_1_130' title='bbox 1440 1911 1490 1965; x_wconf 92' lang='lat' dir='ltr'><strong>id</strong></span> <span class='ocrx_word' id='word_1_131' title='bbox 1517 1919 1670 1963; x_wconf 89' lang='lat' dir='ltr'><strong>antea</strong></span> <span class='ocrx_word' id='word_1_132' title='bbox 1702 1910 1771 1961; x_wconf 91' lang='lat' dir='ltr'><strong>ita</strong></span> <span class='ocrx_word' id='word_1_133' title='bbox 1799 1905 1953 1960; x_wconf 80' lang='lat' dir='ltr'><strong>facile</strong></span> <span class='ocrx_word' id='word_1_134' title='bbox 1979 1913 2096 1959; x_wconf 82' lang='lat' dir='ltr'><strong>erat</strong></span> <span class='ocrx_word' id='word_1_135' title='bbox 2114 1943 2130 1968; x_wconf 83' lang='lat'><strong>,</strong></span> 
     </span>
    </p>
   </div>
   <div class='ocr_carea' id='block_1_18' title="bbox 549 1994 2131 2080">
    <p class='ocr_par' dir='ltr' id='par_1_18' title="bbox 549 1994 2131 2080">
     <span class='ocr_line' id='line_1_18' title="bbox 549 1994 2131 2080; baseline -0.011 -14"><span class='ocrx_word' id='word_1_136' title='bbox 549 2020 609 2066; x_wconf 92' lang='lat' dir='ltr'><strong>ut</strong></span> <span class='ocrx_word' id='word_1_137' title='bbox 629 2025 750 2067; x_wconf 85' lang='lat' dir='ltr'><strong>cum</strong></span> <span class='ocrx_word' id='word_1_138' title='bbox 784 2007 1040 2080; x_wconf 85' lang='lat' dir='ltr'><strong>propheta</strong></span> <span class='ocrx_word' id='word_1_139' title='bbox 1073 2007 1219 2060; x_wconf 90' lang='lat' dir='ltr'><strong>illum</strong></span> <span class='ocrx_word' id='word_1_140' title='bbox 1247 2002 1494 2069; x_wconf 81' lang='lat' dir='ltr'><strong>erudivit.</strong></span> <span class='ocrx_word' id='word_1_141' title='bbox 1524 1999 1613 2056; x_wconf 90' lang='lat' dir='ltr'><strong>Sic</strong></span> <span class='ocrx_word' id='word_1_142' title='bbox 1650 2008 1706 2053; x_wconf 90' lang='lat' dir='ltr'><strong>et</strong></span> <span class='ocrx_word' id='word_1_143' title='bbox 1733 2012 1905 2062; x_wconf 90' lang='lat' dir='ltr'><strong>nunc,</strong></span> <span class='ocrx_word' id='word_1_144' title='bbox 1937 1996 1980 2051; x_wconf 91' lang='lat' dir='ltr'><strong>si</strong></span> <span class='ocrx_word' id='word_1_145' title='bbox 2010 1994 2131 2065; x_wconf 86' lang='lat' dir='ltr'><strong>quis</strong></span> 
     </span>
    </p>
   </div>
   <div class='ocr_carea' id='block_1_19' title="bbox 548 2088 2135 2166">
    <p class='ocr_par' dir='ltr' id='par_1_19' title="bbox 548 2088 2135 2166">
     <span class='ocr_line' id='line_1_19' title="bbox 548 2088 2135 2166; baseline -0.008 -10"><span class='ocrx_word' id='word_1_146' title='bbox 548 2113 783 2158; x_wconf 77' lang='lat' dir='ltr'><strong>\estrum</strong></span> <span class='ocrx_word' id='word_1_147' title='bbox 812 2101 925 2156; x_wconf 84' lang='lat' dir='ltr'><strong>vult</strong></span> <span class='ocrx_word' id='word_1_148' title='bbox 966 2096 1246 2153; x_wconf 84' lang='lat' dir='ltr'><strong>attendere</strong></span> <span class='ocrx_word' id='word_1_149' title='bbox 1277 2094 1584 2166; x_wconf 87' lang='lat' dir='ltr'><strong>pr0phetis,</strong></span> <span class='ocrx_word' id='word_1_150' title='bbox 1622 2109 1727 2147; x_wconf 90' lang='lat' dir='ltr'><strong>non</strong></span> <span class='ocrx_word' id='word_1_151' title='bbox 1758 2106 1892 2161; x_wconf 91' lang='lat' dir='ltr'><strong>opus</strong></span> <span class='ocrx_word' id='word_1_152' title='bbox 1918 2088 2135 2145; x_wconf 78' lang='lat' dir='ltr'><strong>habebit</strong></span> 
     </span>
    </p>
   </div>
   <div class='ocr_carea' id='block_1_20' title="bbox 549 2181 2134 2265">
    <p class='ocr_par' dir='ltr' id='par_1_20' title="bbox 549 2181 2134 2265">
     <span class='ocr_line' id='line_1_20' title="bbox 549 2181 2134 2265; baseline -0.009 -16"><span class='ocrx_word' id='word_1_153' title='bbox 549 2196 734 2265; x_wconf 79' lang='lat' dir='ltr'><strong>signis.</strong></span> <span class='ocrx_word' id='word_1_154' title='bbox 771 2194 836 2247; x_wconf 88' lang='lat' dir='ltr'><strong>Et</strong></span> <span class='ocrx_word' id='word_1_155' title='bbox 863 2193 906 2247; x_wconf 92' lang='lat' dir='ltr'><strong>si</strong></span> <span class='ocrx_word' id='word_1_156' title='bbox 933 2191 1093 2246; x_wconf 85' lang='lat' dir='ltr'><strong>vultis</strong></span> <span class='ocrx_word' id='word_1_157' title='bbox 1119 2190 1417 2252; x_wconf 86' lang='lat' dir='ltr'><strong>videamus,</strong></span> <span class='ocrx_word' id='word_1_158' title='bbox 1448 2187 1572 2258; x_wconf 89' lang='lat' dir='ltr'><strong>quid</strong></span> <span class='ocrx_word' id='word_1_159' title='bbox 1606 2187 1716 2256; x_wconf 89' lang='lat' dir='ltr'><strong>ipsa</strong></span> <span class='ocrx_word' id='word_1_160' title='bbox 1745 2182 2020 2256; x_wconf 81' lang='lat' dir='ltr'><strong>praphetia</strong></span> <span class='ocrx_word' id='word_1_161' title='bbox 2049 2181 2134 2237; x_wconf 91' lang='lat' dir='ltr'><strong>di-</strong></span> 
     </span>
    </p>
   </div>
   <div class='ocr_carea' id='block_1_21' title="bbox 550 2276 2138 2345">
    <p class='ocr_par' dir='ltr' id='par_1_21' title="bbox 550 2276 2138 2345">
     <span class='ocr_line' id='line_1_21' title="bbox 550 2276 2138 2345; baseline -0.009 -2"><span class='ocrx_word' id='word_1_162' title='bbox 550 2302 632 2343; x_wconf 91' lang='lat' dir='ltr'><strong>cat</strong></span> <span class='ocrx_word' id='word_1_163' title='bbox 661 2307 673 2341; x_wconf 88' lang='lat'><strong>:</strong></span> <span class='ocrx_word' id='word_1_164' title='bbox 709 2288 856 2343; x_wconf 84' lang='lat' dir='ltr'><strong>Sicut</strong></span> <span class='ocrx_word' id='word_1_165' title='bbox 885 2287 990 2340; x_wconf 83' lang='lat' dir='ltr'><strong>ovis</strong></span> <span class='ocrx_word' id='word_1_166' title='bbox 1011 2286 1080 2338; x_wconf 90' lang='lat' dir='ltr'><strong>ad</strong></span> <span class='ocrx_word' id='word_1_167' title='bbox 1109 2285 1409 2338; x_wconf 71' lang='lat' dir='ltr'><strong>occisionem</strong></span> <span class='ocrx_word' id='word_1_168' title='bbox 1438 2282 1619 2335; x_wconf 85' lang='lat' dir='ltr'><strong>ductus</strong></span> <span class='ocrx_word' id='word_1_169' title='bbox 1643 2290 1749 2345; x_wconf 82' lang='lat' dir='ltr'><strong>est,</strong></span> <span class='ocrx_word' id='word_1_170' title='bbox 1782 2289 1828 2332; x_wconf 91' lang='lat' dir='ltr'><strong>et</strong></span> <span class='ocrx_word' id='word_1_171' title='bbox 1855 2280 1910 2332; x_wconf 84' lang='lat' dir='ltr'><strong>in</strong></span> <span class='ocrx_word' id='word_1_172' title='bbox 1932 2276 2138 2331; x_wconf 85' lang='lat' dir='ltr'><strong>ltumili-</strong></span> 
     </span>
    </p>
   </div>
   <div class='ocr_carea' id='block_1_22' title="bbox 553 2368 2134 2452">
    <p class='ocr_par' dir='ltr' id='par_1_22' title="bbox 553 2368 2134 2452">
     <span class='ocr_line' id='line_1_22' title="bbox 553 2368 2134 2452; baseline -0.008 -18"><span class='ocrx_word' id='word_1_173' title='bbox 553 2392 654 2434; x_wconf 87' lang='lat' dir='ltr'><strong>tnte</strong></span> <span class='ocrx_word' id='word_1_174' title='bbox 669 2382 777 2452; x_wconf 81' lang='lat' dir='ltr'><strong>ejus</strong></span> <span class='ocrx_word' id='word_1_175' title='bbox 793 2379 1050 2451; x_wconf 80' lang='lat' dir='ltr'><strong>judicium</strong></span> <span class='ocrx_word' id='word_1_176' title='bbox 1079 2380 1186 2447; x_wconf 84' lang='lat' dir='ltr'><strong>ejus</strong></span> <span class='ocrx_word' id='word_1_177' title='bbox 1211 2375 1466 2430; x_wconf 83' lang='lat' dir='ltr'><strong>sublatum</strong></span> <span class='ocrx_word' id='word_1_178' title='bbox 1493 2384 1582 2426; x_wconf 87' lang='lat' dir='ltr'><strong>est.</strong></span> <span class='ocrx_word' id='word_1_179' title='bbox 1610 2372 1744 2426; x_wconf 86' lang='lat' dir='ltr'><strong>llinc</strong></span> <span class='ocrx_word' id='word_1_180' title='bbox 1762 2371 1967 2435; x_wconf 88' lang='lat' dir='ltr'><strong>didicit,</strong></span> <span class='ocrx_word' id='word_1_181' title='bbox 1995 2368 2134 2440; x_wconf 90' lang='lat' dir='ltr'><strong>quod</strong></span> 
     </span>
    </p>
   </div>
   <div class='ocr_carea' id='block_1_23' title="bbox 556 2459 2137 2538">
    <p class='ocr_par' dir='ltr' id='par_1_23' title="bbox 556 2459 2137 2538">
     <span class='ocr_line' id='line_1_23' title="bbox 556 2459 2137 2538; baseline -0.008 -11"><span class='ocrx_word' id='word_1_182' title='bbox 556 2474 838 2528; x_wconf 83' lang='lat' dir='ltr'><strong>crncilixus</strong></span> <span class='ocrx_word' id='word_1_183' title='bbox 867 2471 955 2534; x_wconf 91' lang='lat' dir='ltr'><strong>sit,</strong></span> <span class='ocrx_word' id='word_1_184' title='bbox 987 2468 1128 2538; x_wconf 92' lang='lat' dir='ltr'><strong>quod</strong></span> <span class='ocrx_word' id='word_1_185' title='bbox 1162 2468 1378 2521; x_wconf 86' lang='lat' dir='ltr'><strong>tollatur</strong></span> <span class='ocrx_word' id='word_1_186' title='bbox 1402 2466 1470 2521; x_wconf 92' lang='lat' dir='ltr'><strong>de</strong></span> <span class='ocrx_word' id='word_1_187' title='bbox 1499 2473 1642 2519; x_wconf 85' lang='lat' dir='ltr'><strong>terra</strong></span> <span class='ocrx_word' id='word_1_188' title='bbox 1674 2464 1778 2518; x_wconf 87' lang='lat' dir='ltr'><strong>vita</strong></span> <span class='ocrx_word' id='word_1_189' title='bbox 1808 2462 1925 2532; x_wconf 85' lang='lat' dir='ltr'><strong>ejus</strong></span> <span class='ocrx_word' id='word_1_190' title='bbox 1949 2502 1962 2524; x_wconf 89' lang='lat'><strong><em>.</em></strong></span> <span class='ocrx_word' id='word_1_191' title='bbox 1996 2459 2137 2531; x_wconf 88' lang='lat' dir='ltr'><strong>quod</strong></span> 
     </span>
    </p>
   </div>
   <div class='ocr_carea' id='block_1_24' title="bbox 556 2556 2137 2637">
    <p class='ocr_par' dir='ltr' id='par_1_24' title="bbox 556 2556 2137 2637">
     <span class='ocr_line' id='line_1_24' title="bbox 556 2556 2137 2637; baseline -0.005 -20"><span class='ocrx_word' id='word_1_192' title='bbox 556 2573 828 2637; x_wconf 81' lang='lat' dir='ltr'><strong>peccatum</strong></span> <span class='ocrx_word' id='word_1_193' title='bbox 863 2579 966 2618; x_wconf 86' lang='lat' dir='ltr'><strong>non</strong></span> <span class='ocrx_word' id='word_1_194' title='bbox 997 2561 1205 2628; x_wconf 80' lang='lat' dir='ltr'><strong>fecerit,</strong></span> <span class='ocrx_word' id='word_1_195' title='bbox 1235 2559 1374 2628; x_wconf 90' lang='lat' dir='ltr'><strong>quod</strong></span> <span class='ocrx_word' id='word_1_196' title='bbox 1408 2560 1641 2628; x_wconf 90' lang='lat' dir='ltr'><strong>potuerit</strong></span> <span class='ocrx_word' id='word_1_197' title='bbox 1668 2565 1721 2612; x_wconf 90' lang='lat' dir='ltr'><strong>et</strong></span> <span class='ocrx_word' id='word_1_198' title='bbox 1745 2556 1880 2611; x_wconf 88' lang='lat' dir='ltr'><strong>alios</strong></span> <span class='ocrx_word' id='word_1_199' title='bbox 1900 2568 2137 2619; x_wconf 89' lang='lat' dir='ltr'><strong>servare,</strong></span> 
     </span>
    </p>
   </div>
   <div class='ocr_carea' id='block_1_25' title="bbox 554 2648 2142 2730">
    <p class='ocr_par' dir='ltr' id='par_1_25' title="bbox 554 2648 2142 2730">
     <span class='ocr_line' id='line_1_25' title="bbox 554 2648 2142 2730; baseline -0.006 -21"><span class='ocrx_word' id='word_1_200' title='bbox 554 2659 697 2730; x_wconf 82' lang='lat' dir='ltr'><strong>quod</strong></span> <span class='ocrx_word' id='word_1_201' title='bbox 740 2658 1017 2728; x_wconf 82' lang='lat' dir='ltr'><strong>generatio</strong></span> <span class='ocrx_word' id='word_1_202' title='bbox 1063 2655 1176 2724; x_wconf 88' lang='lat' dir='ltr'><strong>ejus</strong></span> <span class='ocrx_word' id='word_1_203' title='bbox 1221 2655 1292 2708; x_wconf 91' lang='lat' dir='ltr'><strong>sit</strong></span> <span class='ocrx_word' id='word_1_204' title='bbox 1335 2651 1740 2717; x_wconf 87' lang='lat' dir='ltr'><strong>inenarrabilis,</strong></span> <span class='ocrx_word' id='word_1_205' title='bbox 1790 2648 1933 2720; x_wconf 92' lang='lat' dir='ltr'><strong>quod</strong></span> <span class='ocrx_word' id='word_1_206' title='bbox 1975 2658 2142 2719; x_wconf 79' lang='lat' dir='ltr'><strong>petrae</strong></span> 
     </span>
    </p>
   </div>
   <div class='ocr_carea' id='block_1_26' title="bbox 559 2741 2143 2819">
    <p class='ocr_par' dir='ltr' id='par_1_26' title="bbox 559 2741 2143 2819">
     <span class='ocr_line' id='line_1_26' title="bbox 559 2741 2143 2819; baseline -0.007 -13"><span class='ocrx_word' id='word_1_207' title='bbox 559 2752 742 2806; x_wconf 68' lang='lat' dir='ltr'><strong>scissae</strong></span> <span class='ocrx_word' id='word_1_208' title='bbox 771 2751 900 2814; x_wconf 91' lang='lat' dir='ltr'><strong>sint,</strong></span> <span class='ocrx_word' id='word_1_209' title='bbox 924 2747 1067 2819; x_wconf 87' lang='lat' dir='ltr'><strong>quod</strong></span> <span class='ocrx_word' id='word_1_210' title='bbox 1099 2748 1272 2801; x_wconf 88' lang='lat' dir='ltr'><strong>velum</strong></span> <span class='ocrx_word' id='word_1_211' title='bbox 1302 2746 1528 2801; x_wconf 89' lang='lat' dir='ltr'><strong>scissum</strong></span> <span class='ocrx_word' id='word_1_212' title='bbox 1555 2744 1643 2807; x_wconf 87' lang='lat' dir='ltr'><strong>sit,</strong></span> <span class='ocrx_word' id='word_1_213' title='bbox 1677 2742 1820 2814; x_wconf 90' lang='lat' dir='ltr'><strong>quod</strong></span> <span class='ocrx_word' id='word_1_214' title='bbox 1850 2741 2045 2797; x_wconf 88' lang='lat' dir='ltr'><strong>mortui</strong></span> <span class='ocrx_word' id='word_1_215' title='bbox 2075 2755 2143 2796; x_wconf 83' lang='lat' dir='ltr'><strong>ex</strong></span> 
     </span>
    </p>
   </div>
   <div class='ocr_carea' id='block_1_27' title="bbox 560 2834 2146 2912">
    <p class='ocr_par' dir='ltr' id='par_1_27' title="bbox 560 2834 2146 2912">
     <span class='ocr_line' id='line_1_27' title="bbox 560 2834 2146 2912; baseline -0.007 -14"><span class='ocrx_word' id='word_1_216' title='bbox 560 2843 820 2912; x_wconf 83' lang='lat' dir='ltr'><strong>sepulcris</strong></span> <span class='ocrx_word' id='word_1_217' title='bbox 848 2841 1237 2896; x_wconf 83' lang='lat' dir='ltr'><strong>resurrexcriut</strong></span> <span class='ocrx_word' id='word_1_218' title='bbox 1265 2859 1278 2894; x_wconf 92' lang='lat'>:</span> <span class='ocrx_word' id='word_1_219' title='bbox 1313 2840 1420 2893; x_wconf 93' lang='lat' dir='ltr'><strong>imo</strong></span> <span class='ocrx_word' id='word_1_220' title='bbox 1446 2837 1559 2893; x_wconf 74' lang='lat' dir='ltr'><strong>haec</strong></span> <span class='ocrx_word' id='word_1_221' title='bbox 1585 2838 1765 2892; x_wconf 83' lang='lat' dir='ltr'><strong>omnia</strong></span> <span class='ocrx_word' id='word_1_222' title='bbox 1789 2836 1921 2890; x_wconf 86' lang='lat' dir='ltr'><strong>dixit</strong></span> <span class='ocrx_word' id='word_1_223' title='bbox 1947 2836 1995 2890; x_wconf 89' lang='lat' dir='ltr'><strong>ei</strong></span> <span class='ocrx_word' id='word_1_224' title='bbox 2020 2834 2146 2889; x_wconf 67' lang='grc' dir='ltr'><strong>ΡΙιῇ</strong></span> 
     </span>
    </p>
   </div>
   <div class='ocr_carea' id='block_1_28' title="bbox 558 2928 2142 3005">
    <p class='ocr_par' dir='ltr' id='par_1_28' title="bbox 558 2928 2142 3005">
     <span class='ocr_line' id='line_1_28' title="bbox 558 2928 2142 3005; baseline -0.006 -18"><span class='ocrx_word' id='word_1_225' title='bbox 558 2936 750 3005; x_wconf 85' lang='lat' dir='ltr'><strong>lippus,</strong></span> <span class='ocrx_word' id='word_1_226' title='bbox 771 2950 834 2987; x_wconf 83' lang='lat' dir='ltr'><strong>ex</strong></span> <span class='ocrx_word' id='word_1_227' title='bbox 856 2938 1109 3002; x_wconf 74' lang='lat' dir='ltr'><strong>propheta</strong></span> <span class='ocrx_word' id='word_1_228' title='bbox 1129 2940 1337 2999; x_wconf 89' lang='lat' dir='ltr'><strong>smnpla</strong></span> <span class='ocrx_word' id='word_1_229' title='bbox 1362 2931 1662 2984; x_wconf 86' lang='lat' dir='ltr'><strong>occasione.</strong></span> <span class='ocrx_word' id='word_1_230' title='bbox 1689 2928 1875 2997; x_wconf 81' lang='lat' dir='ltr'><strong>Magna</strong></span> <span class='ocrx_word' id='word_1_231' title='bbox 1902 2942 1988 2981; x_wconf 91' lang='lat' dir='ltr'><strong>res</strong></span> <span class='ocrx_word' id='word_1_232' title='bbox 2015 2941 2142 2996; x_wconf 82' lang='lat' dir='ltr'><strong>pro-</strong></span> 
     </span>
    </p>
   </div>
   <div class='ocr_carea' id='block_1_29' title="bbox 562 3019 2145 3094">
    <p class='ocr_par' dir='ltr' id='par_1_29' title="bbox 562 3019 2145 3094">
     <span class='ocr_line' id='line_1_29' title="bbox 562 3019 2145 3094; baseline -0.003 -15"><span class='ocrx_word' id='word_1_233' title='bbox 562 3030 700 3081; x_wconf 82' lang='lat' dir='ltr'><strong>recto</strong></span> <span class='ocrx_word' id='word_1_234' title='bbox 729 3036 810 3081; x_wconf 90' lang='lat' dir='ltr'><strong>est</strong></span> <span class='ocrx_word' id='word_1_235' title='bbox 836 3026 1230 3094; x_wconf 86' lang='lat' dir='ltr'><strong>Scripturarum</strong></span> <span class='ocrx_word' id='word_1_236' title='bbox 1268 3024 1446 3079; x_wconf 87' lang='lat' dir='ltr'><strong>lectio.</strong></span> <span class='ocrx_word' id='word_1_237' title='bbox 1489 3023 1563 3077; x_wconf 88' lang='lat' dir='ltr'><strong>lta</strong></span> <span class='ocrx_word' id='word_1_238' title='bbox 1603 3022 1920 3092; x_wconf 85' lang='lat' dir='ltr'><strong>implebatur</strong></span> <span class='ocrx_word' id='word_1_239' title='bbox 1955 3019 2084 3074; x_wconf 89' lang='lat' dir='ltr'><strong>illud</strong></span> <span class='ocrx_word' id='word_1_240' title='bbox 2114 3035 2145 3074; x_wconf 87' lang='lat' dir='ltr'><strong>a</strong></span> 
     </span>
    </p>
   </div>
   <div class='ocr_carea' id='block_1_30' title="bbox 565 3116 2148 3190">
    <p class='ocr_par' dir='ltr' id='par_1_30' title="bbox 565 3116 2148 3190">
     <span class='ocr_line' id='line_1_30' title="bbox 565 3116 2148 3190; baseline -0.003 -18"><span class='ocrx_word' id='word_1_241' title='bbox 565 3120 748 3190; x_wconf 84' lang='lat' dir='ltr'><strong>Moyse</strong></span> <span class='ocrx_word' id='word_1_242' title='bbox 772 3119 970 3174; x_wconf 87' lang='lat' dir='ltr'><strong>dictum</strong></span> <span class='ocrx_word' id='word_1_243' title='bbox 999 3137 1012 3172; x_wconf 89' lang='lat'><strong>:</strong></span> <span class='ocrx_word' id='word_1_244' title='bbox 1048 3119 1261 3179; x_wconf 84' lang='lat' dir='ltr'><strong>Sedens.</strong></span> <span class='ocrx_word' id='word_1_245' title='bbox 1290 3120 1343 3172; x_wconf 85' lang='lat' dir='ltr'><strong>in</strong></span> <span class='ocrx_word' id='word_1_246' title='bbox 1368 3120 1493 3172; x_wconf 88' lang='lat' dir='ltr'><strong>lecto</strong></span> <span class='ocrx_word' id='word_1_247' title='bbox 1527 3116 1731 3181; x_wconf 88' lang='lat' dir='ltr'><strong>cubans,</strong></span> <span class='ocrx_word' id='word_1_248' title='bbox 1761 3131 2069 3186; x_wconf 75' lang='lat' dir='ltr'><strong>exsurgens,</strong></span> <span class='ocrx_word' id='word_1_249' title='bbox 2100 3123 2148 3168; x_wconf 91' lang='lat' dir='ltr'><strong>et</strong></span> 
     </span>
    </p>
   </div>
   <div class='ocr_carea' id='block_1_31' title="bbox 561 3207 2146 3279">
    <p class='ocr_par' dir='ltr' id='par_1_31' title="bbox 561 3207 2146 3279">
     <span class='ocr_line' id='line_1_31' title="bbox 561 3207 2146 3279; baseline -0.003 -14"><span class='ocrx_word' id='word_1_250' title='bbox 561 3212 858 3277; x_wconf 77' lang='lat' dir='ltr'><strong>ambulans,</strong></span> <span class='ocrx_word' id='word_1_251' title='bbox 903 3212 1171 3267; x_wconf 80' lang='lat' dir='ltr'><strong>recordare</strong></span> <span class='ocrx_word' id='word_1_252' title='bbox 1220 3210 1431 3264; x_wconf 79' lang='lat' dir='ltr'><strong>Domini</strong></span> <span class='ocrx_word' id='word_1_253' title='bbox 1467 3209 1567 3264; x_wconf 82' lang='lat' dir='ltr'><strong>Dei</strong></span> <span class='ocrx_word' id='word_1_254' title='bbox 1613 3209 1687 3262; x_wconf 85' lang='lat' dir='ltr'><strong>tui</strong></span> <span class='ocrx_word' id='word_1_255' title='bbox 1730 3207 1923 3279; x_wconf 83' lang='lat' dir='ltr'><strong>(Deut.</strong></span> <span class='ocrx_word' id='word_1_256' title='bbox 1965 3207 2020 3262; x_wconf 85' lang='lat'><strong>6.</strong></span> <span class='ocrx_word' id='word_1_257' title='bbox 2066 3208 2146 3276; x_wconf 87' lang='grc'><strong>7).</strong></span> 
     </span>
    </p>
   </div>
   <div class='ocr_carea' id='block_1_32' title="bbox 563 3301 2150 3376">
    <p class='ocr_par' dir='ltr' id='par_1_32' title="bbox 563 3301 2150 3376">
     <span class='ocr_line' id='line_1_32' title="bbox 563 3301 2150 3376; baseline -0.001 -18"><span class='ocrx_word' id='word_1_258' title='bbox 563 3305 787 3360; x_wconf 79' lang='lat' dir='ltr'><strong>Maxime</strong></span> <span class='ocrx_word' id='word_1_259' title='bbox 807 3321 1033 3376; x_wconf 82' lang='lat' dir='ltr'><strong>namque</strong></span> <span class='ocrx_word' id='word_1_260' title='bbox 1057 3306 1152 3360; x_wconf 75' lang='lat' dir='ltr'><strong>via:</strong></span> <span class='ocrx_word' id='word_1_261' title='bbox 1177 3321 1297 3360; x_wconf 90' lang='lat' dir='ltr'><strong>cum</strong></span> <span class='ocrx_word' id='word_1_262' title='bbox 1323 3303 1550 3359; x_wconf 72' lang='lat' dir='ltr'><strong>deserta:</strong></span> <span class='ocrx_word' id='word_1_263' title='bbox 1570 3311 1713 3368; x_wconf 90' lang='lat' dir='ltr'><strong>sunt,</strong></span> <span class='ocrx_word' id='word_1_264' title='bbox 1737 3301 2150 3372; x_wconf 76' lang='lat' dir='ltr'><strong>cogitationibus</strong></span> 
     </span>
    </p>
   </div>
   <div class='ocr_carea' id='block_1_33' title="bbox 566 3393 2150 3464">
    <p class='ocr_par' dir='ltr' id='par_1_33' title="bbox 566 3393 2150 3464">
     <span class='ocr_line' id='line_1_33' title="bbox 566 3393 2150 3464; baseline -0.001 -15"><span class='ocrx_word' id='word_1_265' title='bbox 566 3397 763 3451; x_wconf 81' lang='lat' dir='ltr'><strong>nostris</strong></span> <span class='ocrx_word' id='word_1_266' title='bbox 793 3395 921 3451; x_wconf 86' lang='lat' dir='ltr'><strong>dant</strong></span> <span class='ocrx_word' id='word_1_267' title='bbox 942 3397 1140 3461; x_wconf 89' lang='lat' dir='ltr'><strong>locum,</strong></span> <span class='ocrx_word' id='word_1_268' title='bbox 1170 3397 1383 3450; x_wconf 87' lang='lat' dir='ltr'><strong>nemine</strong></span> <span class='ocrx_word' id='word_1_269' title='bbox 1411 3394 1775 3464; x_wconf 89' lang='lat' dir='ltr'><strong>perturbante.</strong></span> <span class='ocrx_word' id='word_1_270' title='bbox 1801 3394 1866 3450; x_wconf 90' lang='lat' dir='ltr'><strong>Et</strong></span> <span class='ocrx_word' id='word_1_271' title='bbox 1883 3394 1970 3449; x_wconf 92' lang='lat' dir='ltr'><strong>hic</strong></span> <span class='ocrx_word' id='word_1_272' title='bbox 1991 3393 2043 3448; x_wconf 93' lang='lat' dir='ltr'><strong>in</strong></span> <span class='ocrx_word' id='word_1_273' title='bbox 2065 3394 2150 3450; x_wconf 72' lang='lat' dir='ltr'><strong>ria</strong></span> 
     </span>
    </p>
   </div>
   <div class='ocr_carea' id='block_1_34' title="bbox 567 3483 2151 3552">
    <p class='ocr_par' dir='ltr' id='par_1_34' title="bbox 567 3483 2151 3552">
     <span class='ocr_line' id='line_1_34' title="bbox 567 3483 2151 3552; baseline -0.001 -12"><span class='ocrx_word' id='word_1_274' title='bbox 567 3487 773 3552; x_wconf 89' lang='lat' dir='ltr'><strong>credit,</strong></span> <span class='ocrx_word' id='word_1_275' title='bbox 803 3497 856 3542; x_wconf 90' lang='lat' dir='ltr'><strong>et</strong></span> <span class='ocrx_word' id='word_1_276' title='bbox 887 3488 1082 3543; x_wconf 81' lang='lat' dir='ltr'><strong>Paulus</strong></span> <span class='ocrx_word' id='word_1_277' title='bbox 1113 3488 1163 3542; x_wconf 92' lang='lat' dir='ltr'><strong>in</strong></span> <span class='ocrx_word' id='word_1_278' title='bbox 1197 3488 1312 3550; x_wconf 87' lang='lat' dir='ltr'><strong>via;</strong></span> <span class='ocrx_word' id='word_1_279' title='bbox 1347 3487 1441 3543; x_wconf 89' lang='lat' dir='ltr'><strong>sed</strong></span> <span class='ocrx_word' id='word_1_280' title='bbox 1480 3486 1621 3542; x_wconf 88' lang='lat' dir='ltr'><strong>hunc</strong></span> <span class='ocrx_word' id='word_1_281' title='bbox 1657 3501 1819 3542; x_wconf 92' lang='lat' dir='ltr'><strong>nemo</strong></span> <span class='ocrx_word' id='word_1_282' title='bbox 1858 3485 2020 3540; x_wconf 86' lang='lat' dir='ltr'><strong>trahit</strong></span> <span class='ocrx_word' id='word_1_283' title='bbox 2049 3483 2151 3539; x_wconf 92' lang='lat' dir='ltr'><strong>nisi</strong></span> 
     </span>
    </p>
   </div>
   <div class='ocr_carea' id='block_1_35' title="bbox 566 3576 2152 3651">
    <p class='ocr_par' dir='ltr' id='par_1_35' title="bbox 566 3576 2152 3651">
     <span class='ocr_line' id='line_1_35' title="bbox 566 3576 2152 3651; baseline -0.001 -17"><span class='ocrx_word' id='word_1_284' title='bbox 566 3580 831 3635; x_wconf 88' lang='lat' dir='ltr'><strong>Christus.</strong></span> <span class='ocrx_word' id='word_1_285' title='bbox 864 3580 1034 3651; x_wconf 81' lang='lat' dir='ltr'><strong>Majas</strong></span> <span class='ocrx_word' id='word_1_286' title='bbox 1072 3580 1172 3635; x_wconf 90' lang='lat' dir='ltr'><strong>hoc</strong></span> <span class='ocrx_word' id='word_1_287' title='bbox 1197 3590 1312 3634; x_wconf 88' lang='lat' dir='ltr'><strong>erat</strong></span> <span class='ocrx_word' id='word_1_288' title='bbox 1332 3622 1346 3646; x_wconf 95' lang='lat'><strong>,</strong></span> <span class='ocrx_word' id='word_1_289' title='bbox 1377 3594 1535 3650; x_wconf 89' lang='lat' dir='ltr'><strong>quam</strong></span> <span class='ocrx_word' id='word_1_290' title='bbox 1566 3578 1707 3649; x_wconf 92' lang='lat' dir='ltr'><strong>quod</strong></span> <span class='ocrx_word' id='word_1_291' title='bbox 1739 3577 1970 3650; x_wconf 85' lang='lat' dir='ltr'><strong>apostoli</strong></span> <span class='ocrx_word' id='word_1_292' title='bbox 2004 3576 2152 3632; x_wconf 83' lang='lat' dir='ltr'><strong>face-</strong></span> 
     </span>
    </p>
   </div>
   <div class='ocr_carea' id='block_1_36' title="bbox 567 3670 2154 3742">
    <p class='ocr_par' dir='ltr' id='par_1_36' title="bbox 567 3670 2154 3742">
     <span class='ocr_line' id='line_1_36' title="bbox 567 3670 2154 3742; baseline -0.001 -16"><span class='ocrx_word' id='word_1_293' title='bbox 567 3682 720 3727; x_wconf 87' lang='lat' dir='ltr'><strong>rent:</strong></span> <span class='ocrx_word' id='word_1_294' title='bbox 753 3673 925 3742; x_wconf 88' lang='lat' dir='ltr'><strong>majus</strong></span> <span class='ocrx_word' id='word_1_295' title='bbox 955 3687 1081 3728; x_wconf 74' lang='lat' dir='ltr'><strong>\‘8l‘0</strong></span> <span class='ocrx_word' id='word_1_296' title='bbox 1102 3672 1261 3742; x_wconf 88' lang='lat' dir='ltr'><strong>quod,</strong></span> <span class='ocrx_word' id='word_1_297' title='bbox 1292 3688 1413 3727; x_wconf 91' lang='lat' dir='ltr'><strong>cum</strong></span> <span class='ocrx_word' id='word_1_298' title='bbox 1441 3671 1668 3742; x_wconf 89' lang='lat' dir='ltr'><strong>apostoli</strong></span> <span class='ocrx_word' id='word_1_299' title='bbox 1695 3670 2046 3742; x_wconf 85' lang='lat' dir='ltr'><strong>Jerosolymis</strong></span> <span class='ocrx_word' id='word_1_300' title='bbox 2067 3685 2154 3725; x_wconf 90' lang='lat' dir='ltr'><strong>es-</strong></span> 
     </span>
    </p>
   </div>
   <div class='ocr_carea' id='block_1_37' title="bbox 566 3762 2154 3830">
    <p class='ocr_par' dir='ltr' id='par_1_37' title="bbox 566 3762 2154 3830">
     <span class='ocr_line' id='line_1_37' title="bbox 566 3762 2154 3830; baseline -0.001 -12"><span class='ocrx_word' id='word_1_301' title='bbox 566 3775 717 3827; x_wconf 89' lang='lat' dir='ltr'><strong>sent,</strong></span> <span class='ocrx_word' id='word_1_302' title='bbox 752 3776 806 3819; x_wconf 91' lang='lat' dir='ltr'><strong>et</strong></span> <span class='ocrx_word' id='word_1_303' title='bbox 844 3782 907 3820; x_wconf 80' lang='lat' dir='ltr'><strong>ex</strong></span> <span class='ocrx_word' id='word_1_304' title='bbox 943 3765 1026 3819; x_wconf 91' lang='lat' dir='ltr'><strong>his</strong></span> <span class='ocrx_word' id='word_1_305' title='bbox 1055 3765 1235 3819; x_wconf 89' lang='lat' dir='ltr'><strong>nullus</strong></span> <span class='ocrx_word' id='word_1_306' title='bbox 1272 3775 1414 3819; x_wconf 88' lang='lat' dir='ltr'><strong>esset</strong></span> <span class='ocrx_word' id='word_1_307' title='bbox 1445 3763 1723 3830; x_wconf 85' lang='lat' dir='ltr'><strong>Damasci,</strong></span> <span class='ocrx_word' id='word_1_308' title='bbox 1766 3763 1968 3819; x_wconf 91' lang='lat' dir='ltr'><strong>isthinc</strong></span> <span class='ocrx_word' id='word_1_309' title='bbox 1996 3762 2154 3818; x_wconf 89' lang='lat' dir='ltr'><strong>rediit</strong></span> 
     </span>
    </p>
   </div>
   <div class='ocr_carea' id='block_1_38' title="bbox 565 3847 2152 3926">
    <p class='ocr_par' dir='ltr' id='par_1_38' title="bbox 565 3847 2152 3926">
     <span class='ocr_line' id='line_1_38' title="bbox 565 3847 2152 3926; baseline -0.002 -13"><span class='ocrx_word' id='word_1_310' title='bbox 565 3858 832 3914; x_wconf 88' lang='lat' dir='ltr'><strong>credens:</strong></span> <span class='ocrx_word' id='word_1_311' title='bbox 859 3868 913 3911; x_wconf 90' lang='lat' dir='ltr'><strong>et</strong></span> <span class='ocrx_word' id='word_1_312' title='bbox 939 3857 1029 3924; x_wconf 86' lang='lat' dir='ltr'><strong>qui</strong></span> <span class='ocrx_word' id='word_1_313' title='bbox 1069 3855 1312 3910; x_wconf 88' lang='lat' dir='ltr'><strong>Damasci</strong></span> <span class='ocrx_word' id='word_1_314' title='bbox 1340 3865 1490 3910; x_wconf 91' lang='lat' dir='ltr'><strong>erant</strong></span> <span class='ocrx_word' id='word_1_315' title='bbox 1511 3899 1526 3921; x_wconf 93' lang='lat'><strong>,</strong></span> <span class='ocrx_word' id='word_1_316' title='bbox 1557 3847 1799 3910; x_wconf 71' lang='lat' dir='ltr'><strong>sciebant</strong></span> <span class='ocrx_word' id='word_1_317' title='bbox 1840 3855 2015 3926; x_wconf 90' lang='lat' dir='ltr'><strong>ipsum</strong></span> <span class='ocrx_word' id='word_1_318' title='bbox 2045 3870 2152 3910; x_wconf 94' lang='lat' dir='ltr'><strong>non</strong></span> 
     </span>
    </p>
   </div>
   <div class='ocr_carea' id='block_1_39' title="bbox 568 3946 2155 4019">
    <p class='ocr_par' dir='ltr' id='par_1_39' title="bbox 568 3946 2155 4019">
     <span class='ocr_line' id='line_1_39' title="bbox 568 3946 2155 4019; baseline -0.001 -14"><span class='ocrx_word' id='word_1_319' title='bbox 568 3948 919 4019; x_wconf 77' lang='lat' dir='ltr'><strong>Jerosolymis</strong></span> <span class='ocrx_word' id='word_1_320' title='bbox 944 3948 1156 4002; x_wconf 88' lang='lat' dir='ltr'><strong>venisse</strong></span> <span class='ocrx_word' id='word_1_321' title='bbox 1182 3962 1530 4018; x_wconf 88' lang='lat' dir='ltr'><strong>persuasum;</strong></span> <span class='ocrx_word' id='word_1_322' title='bbox 1571 3947 1822 4015; x_wconf 85' lang='lat' dir='ltr'><strong>epistolas</strong></span> <span class='ocrx_word' id='word_1_323' title='bbox 1849 3946 1991 4004; x_wconf 90' lang='lat' dir='ltr'><strong>enim</strong></span> <span class='ocrx_word' id='word_1_324' title='bbox 2015 3946 2155 4004; x_wconf 81' lang='lat' dir='ltr'><strong>fere-</strong></span> 
     </span>
    </p>
   </div>
   <div class='ocr_carea' id='block_1_40' title="bbox 569 4038 2153 4111">
    <p class='ocr_par' dir='ltr' id='par_1_40' title="bbox 569 4038 2153 4111">
     <span class='ocr_line' id='line_1_40' title="bbox 569 4038 2153 4111; baseline -0.001 -16"><span class='ocrx_word' id='word_1_325' title='bbox 569 4042 678 4107; x_wconf 91' lang='lat' dir='ltr'><strong>hat,</strong></span> <span class='ocrx_word' id='word_1_326' title='bbox 707 4050 766 4095; x_wconf 91' lang='lat' dir='ltr'><strong>ut</strong></span> <span class='ocrx_word' id='word_1_327' title='bbox 786 4041 1069 4095; x_wconf 88' lang='lat' dir='ltr'><strong>credentes</strong></span> <span class='ocrx_word' id='word_1_328' title='bbox 1096 4041 1302 4111; x_wconf 82' lang='lat' dir='ltr'><strong>ligaret.</strong></span> <span class='ocrx_word' id='word_1_329' title='bbox 1328 4039 1478 4094; x_wconf 87' lang='lat' dir='ltr'><strong>Sicut</strong></span> <span class='ocrx_word' id='word_1_330' title='bbox 1501 4040 1741 4095; x_wconf 87' lang='lat' dir='ltr'><strong>medicus</strong></span> <span class='ocrx_word' id='word_1_331' title='bbox 1767 4039 2022 4110; x_wconf 87' lang='lat' dir='ltr'><strong>optimus,</strong></span> <span class='ocrx_word' id='word_1_332' title='bbox 2041 4038 2153 4111; x_wconf 86' lang='lat' dir='ltr'><strong>jam</strong></span> 
     </span>
    </p>
   </div>
   <div class='ocr_carea' id='block_1_41' title="bbox 568 4127 2158 4202">
    <p class='ocr_par' dir='ltr' id='par_1_41' title="bbox 568 4127 2158 4202">
     <span class='ocr_line' id='line_1_41' title="bbox 568 4127 2158 4202; baseline 0.002 -17"><span class='ocrx_word' id='word_1_333' title='bbox 568 4135 781 4202; x_wconf 81' lang='lat' dir='ltr'><strong>vigente</strong></span> <span class='ocrx_word' id='word_1_334' title='bbox 809 4132 992 4198; x_wconf 88' lang='lat' dir='ltr'><strong>febre,</strong></span> <span class='ocrx_word' id='word_1_335' title='bbox 1024 4147 1181 4202; x_wconf 89' lang='lat' dir='ltr'><strong>opem</strong></span> <span class='ocrx_word' id='word_1_336' title='bbox 1223 4131 1296 4185; x_wconf 93' lang='lat' dir='ltr'><strong>illi</strong></span> <span class='ocrx_word' id='word_1_337' title='bbox 1336 4132 1512 4186; x_wconf 89' lang='lat' dir='ltr'><strong>attulit</strong></span> <span class='ocrx_word' id='word_1_338' title='bbox 1549 4127 1834 4186; x_wconf 88' lang='lat' dir='ltr'><strong>Christus:</strong></span> <span class='ocrx_word' id='word_1_339' title='bbox 1872 4131 2158 4202; x_wconf 84' lang='lat' dir='ltr'><strong>oportebat</strong></span> 
     </span>
    </p>
   </div>
   <div class='ocr_carea' id='block_1_42' title="bbox 569 4223 2157 4294">
    <p class='ocr_par' dir='ltr' id='par_1_42' title="bbox 569 4223 2157 4294">
     <span class='ocr_line' id='line_1_42' title="bbox 569 4223 2157 4294; baseline 0.001 -14"><span class='ocrx_word' id='word_1_340' title='bbox 569 4227 712 4280; x_wconf 92' lang='lat' dir='ltr'><strong>cnim</strong></span> <span class='ocrx_word' id='word_1_341' title='bbox 743 4242 864 4280; x_wconf 89' lang='lat' dir='ltr'><strong>eum</strong></span> <span class='ocrx_word' id='word_1_342' title='bbox 894 4227 944 4278; x_wconf 94' lang='lat' dir='ltr'><strong>in</strong></span> <span class='ocrx_word' id='word_1_343' title='bbox 977 4224 1094 4294; x_wconf 92' lang='lat' dir='ltr'><strong>ipso</strong></span> <span class='ocrx_word' id='word_1_344' title='bbox 1121 4223 1300 4280; x_wconf 87' lang='lat' dir='ltr'><strong>furore</strong></span> <span class='ocrx_word' id='word_1_345' title='bbox 1321 4224 1723 4294; x_wconf 85' lang='lat' dir='ltr'><strong>comprehendi.</strong></span> <span class='ocrx_word' id='word_1_346' title='bbox 1750 4223 1900 4279; x_wconf 87' lang='lat' dir='ltr'><strong>Tunc</strong></span> <span class='ocrx_word' id='word_1_347' title='bbox 1924 4225 2157 4282; x_wconf 79' lang='lat' dir='ltr'><strong>maxime</strong></span> 
     </span>
    </p>
   </div>
   <div class='ocr_carea' id='block_1_43' title="bbox 569 4317 2158 4388">
    <p class='ocr_par' dir='ltr' id='par_1_43' title="bbox 569 4317 2158 4388">
     <span class='ocr_line' id='line_1_43' title="bbox 569 4317 2158 4388; baseline 0.002 -18"><span class='ocrx_word' id='word_1_348' title='bbox 569 4317 788 4382; x_wconf 67' lang='lat' dir='ltr'><strong>decidit,</strong></span> <span class='ocrx_word' id='word_1_349' title='bbox 821 4332 884 4370; x_wconf 91' lang='lat' dir='ltr'><strong>ac</strong></span> <span class='ocrx_word' id='word_1_350' title='bbox 909 4317 1142 4386; x_wconf 89' lang='lat' dir='ltr'><strong>seipsum</strong></span> <span class='ocrx_word' id='word_1_351' title='bbox 1164 4317 1559 4385; x_wconf 86' lang='lat' dir='ltr'><strong>condemnavit,</strong></span> <span class='ocrx_word' id='word_1_352' title='bbox 1591 4326 1647 4371; x_wconf 86' lang='lat' dir='ltr'><strong>ut</strong></span> <span class='ocrx_word' id='word_1_353' title='bbox 1665 4317 1752 4388; x_wconf 87' lang='lat' dir='ltr'><strong>qui</strong></span> <span class='ocrx_word' id='word_1_354' title='bbox 1777 4317 1956 4387; x_wconf 82' lang='lat' dir='ltr'><strong>gravia</strong></span> <span class='ocrx_word' id='word_1_355' title='bbox 1984 4325 2158 4373; x_wconf 88' lang='lat' dir='ltr'><strong>atten-</strong></span> 
     </span>
    </p>
   </div>
   <div class='ocr_carea' id='block_1_44' title="bbox 573 4411 2155 4482">
    <p class='ocr_par' dir='ltr' id='par_1_44' title="bbox 573 4411 2155 4482">
     <span class='ocr_line' id='line_1_44' title="bbox 573 4411 2155 4482; baseline 0.004 -18"><span class='ocrx_word' id='word_1_356' title='bbox 573 4421 759 4465; x_wconf 87' lang='lat' dir='ltr'><strong>tassct.</strong></span> <span class='ocrx_word' id='word_1_357' title='bbox 807 4412 912 4466; x_wconf 87' lang='lat' dir='ltr'><strong>Sed</strong></span> <span class='ocrx_word' id='word_1_358' title='bbox 943 4428 1153 4466; x_wconf 86' lang='lat' dir='ltr'><strong>rursum</strong></span> <span class='ocrx_word' id='word_1_359' title='bbox 1182 4427 1346 4482; x_wconf 87' lang='lat' dir='ltr'><strong>opere</strong></span> <span class='ocrx_word' id='word_1_360' title='bbox 1395 4412 1622 4480; x_wconf 91' lang='lat' dir='ltr'><strong>pretium</strong></span> <span class='ocrx_word' id='word_1_361' title='bbox 1652 4411 1812 4467; x_wconf 89' lang='lat' dir='ltr'><strong>fuerit</strong></span> <span class='ocrx_word' id='word_1_362' title='bbox 1848 4429 2155 4471; x_wconf 88' lang='lat' dir='ltr'><strong>sermonem</strong></span> 
     </span>
    </p>
   </div>
   <div class='ocr_carea' id='block_1_45' title="bbox 571 4502 2155 4575">
    <p class='ocr_par' dir='ltr' id='par_1_45' title="bbox 571 4502 2155 4575">
     <span class='ocr_line' id='line_1_45' title="bbox 571 4502 2155 4575; baseline 0.001 -17"><span class='ocrx_word' id='word_1_363' title='bbox 571 4519 866 4558; x_wconf 89' lang='lat' dir='ltr'><strong>rcsmuere.</strong></span> <span class='ocrx_word' id='word_1_364' title='bbox 898 4503 1025 4567; x_wconf 90' lang='lat' dir='ltr'><strong>Cur,</strong></span> <span class='ocrx_word' id='word_1_365' title='bbox 1064 4519 1265 4574; x_wconf 67' lang='lat' dir='ltr'><strong>quecso,</strong></span> <span class='ocrx_word' id='word_1_366' title='bbox 1298 4502 1621 4571; x_wconf 69' lang='lat' dir='ltr'><strong>Scriptum?</strong></span> <span class='ocrx_word' id='word_1_367' title='bbox 1645 4503 1794 4570; x_wconf 85' lang='lat' dir='ltr'><strong>Quod</strong></span> <span class='ocrx_word' id='word_1_368' title='bbox 1820 4504 1886 4558; x_wconf 92' lang='lat' dir='ltr'><strong>ad</strong></span> <span class='ocrx_word' id='word_1_369' title='bbox 1914 4519 2010 4560; x_wconf 89' lang='lat' dir='ltr'><strong>vos</strong></span> <span class='ocrx_word' id='word_1_370' title='bbox 2029 4522 2155 4575; x_wconf 60' lang='lat' dir='ltr'><strong>spe-</strong></span> 
     </span>
    </p>
   </div>
   <div class='ocr_carea' id='block_1_46' title="bbox 568 4595 2156 4658">
    <p class='ocr_par' dir='ltr' id='par_1_46' title="bbox 568 4595 2156 4658">
     <span class='ocr_line' id='line_1_46' title="bbox 568 4595 2156 4658; baseline 0 -9"><span class='ocrx_word' id='word_1_371' title='bbox 568 4607 677 4650; x_wconf 89' lang='lat' dir='ltr'><strong>ctat</strong></span> <span class='ocrx_word' id='word_1_372' title='bbox 695 4638 709 4658; x_wconf 92' lang='lat'><strong>,</strong></span> <span class='ocrx_word' id='word_1_373' title='bbox 742 4597 919 4650; x_wconf 70' lang='lat' dir='ltr'><strong>(illiilla</strong></span> <span class='ocrx_word' id='word_1_374' title='bbox 945 4597 1151 4650; x_wconf 89' lang='lat' dir='ltr'><strong>sublata</strong></span> <span class='ocrx_word' id='word_1_375' title='bbox 1179 4604 1322 4652; x_wconf 92' lang='lat' dir='ltr'><strong>sunt.</strong></span> <span class='ocrx_word' id='word_1_376' title='bbox 1353 4595 1459 4649; x_wconf 92' lang='lat' dir='ltr'><strong>Cur</strong></span> <span class='ocrx_word' id='word_1_377' title='bbox 1487 4596 1746 4650; x_wconf 87' lang='lat' dir='ltr'><strong>ecclesia?</strong></span> <span class='ocrx_word' id='word_1_378' title='bbox 1775 4595 1964 4652; x_wconf 89' lang='lat' dir='ltr'><strong>Libros</strong></span> <span class='ocrx_word' id='word_1_379' title='bbox 1988 4599 2156 4653; x_wconf 73' lang='lat' dir='ltr'><strong>sulla-</strong></span> 
     </span>
    </p>
   </div>
   <div class='ocr_carea' id='block_1_47' title="bbox 570 4688 2155 4759">
    <p class='ocr_par' dir='ltr' id='par_1_47' title="bbox 570 4688 2155 4759">
     <span class='ocr_line' id='line_1_47' title="bbox 570 4688 2155 4759; baseline 0.002 -17"><span class='ocrx_word' id='word_1_380' title='bbox 570 4692 719 4743; x_wconf 86' lang='lat' dir='ltr'><strong>dito:</strong></span> <span class='ocrx_word' id='word_1_381' title='bbox 751 4692 884 4744; x_wconf 86' lang='lat' dir='ltr'><strong>forte</strong></span> <span class='ocrx_word' id='word_1_382' title='bbox 913 4705 1018 4743; x_wconf 90' lang='lat' dir='ltr'><strong>non</strong></span> <span class='ocrx_word' id='word_1_383' title='bbox 1052 4690 1154 4743; x_wconf 87' lang='lat' dir='ltr'><strong>tale</strong></span> <span class='ocrx_word' id='word_1_384' title='bbox 1180 4688 1438 4758; x_wconf 88' lang='lat' dir='ltr'><strong>judicium</strong></span> <span class='ocrx_word' id='word_1_385' title='bbox 1466 4689 1588 4753; x_wconf 88' lang='lat' dir='ltr'><strong>erit,</strong></span> <span class='ocrx_word' id='word_1_386' title='bbox 1623 4705 1725 4744; x_wconf 93' lang='lat' dir='ltr'><strong>non</strong></span> <span class='ocrx_word' id='word_1_387' title='bbox 1755 4689 1876 4745; x_wconf 90' lang='lat' dir='ltr'><strong>talis</strong></span> <span class='ocrx_word' id='word_1_388' title='bbox 1904 4706 2078 4759; x_wconf 73' lang='lat' dir='ltr'><strong>pmna.</strong></span> <span class='ocrx_word' id='word_1_389' title='bbox 2099 4692 2155 4749; x_wconf 90' lang='lat' dir='ltr'><strong>Si</strong></span> 
     </span>
    </p>
   </div>
   <div class='ocr_carea' id='block_1_48' title="bbox 574 4782 2155 4850">
    <p class='ocr_par' dir='ltr' id='par_1_48' title="bbox 574 4782 2155 4850">
     <span class='ocr_line' id='line_1_48' title="bbox 574 4782 2155 4850; baseline 0.003 -16"><span class='ocrx_word' id='word_1_390' title='bbox 574 4783 688 4850; x_wconf 85' lang='lat' dir='ltr'><strong>quis</strong></span> <span class='ocrx_word' id='word_1_391' title='bbox 719 4785 767 4835; x_wconf 91' lang='lat' dir='ltr'><strong>in</strong></span> <span class='ocrx_word' id='word_1_392' title='bbox 799 4783 922 4835; x_wconf 83' lang='lat' dir='ltr'><strong>fimo</strong></span> <span class='ocrx_word' id='word_1_393' title='bbox 952 4782 1212 4837; x_wconf 89' lang='lat' dir='ltr'><strong>defoderit</strong></span> <span class='ocrx_word' id='word_1_394' title='bbox 1233 4783 1371 4844; x_wconf 80' lang='lat' dir='ltr'><strong>illos,</strong></span> <span class='ocrx_word' id='word_1_395' title='bbox 1405 4795 1456 4837; x_wconf 87' lang='lat' dir='ltr'><strong>et</strong></span> <span class='ocrx_word' id='word_1_396' title='bbox 1482 4799 1586 4836; x_wconf 92' lang='lat' dir='ltr'><strong>non</strong></span> <span class='ocrx_word' id='word_1_397' title='bbox 1624 4783 1741 4837; x_wconf 90' lang='lat' dir='ltr'><strong>illos</strong></span> <span class='ocrx_word' id='word_1_398' title='bbox 1769 4784 2017 4850; x_wconf 89' lang='lat' dir='ltr'><strong>audierit,</strong></span> <span class='ocrx_word' id='word_1_399' title='bbox 2050 4801 2155 4839; x_wconf 89' lang='lat' dir='ltr'><strong>non</strong></span> 
     </span>
    </p>
   </div>
   <div class='ocr_carea' id='block_1_49' title="bbox 575 4874 2153 4945">
    <p class='ocr_par' dir='ltr' id='par_1_49' title="bbox 575 4874 2153 4945">
     <span class='ocr_line' id='line_1_49' title="bbox 575 4874 2153 4945; baseline 0.003 -17"><span class='ocrx_word' id='word_1_400' title='bbox 575 4888 679 4928; x_wconf 88' lang='lat' dir='ltr'><strong>tam</strong></span> <span class='ocrx_word' id='word_1_401' title='bbox 705 4876 1023 4929; x_wconf 89' lang='lat' dir='ltr'><strong>contmnelia</strong></span> <span class='ocrx_word' id='word_1_402' title='bbox 1048 4875 1230 4938; x_wconf 82' lang='lat' dir='ltr'><strong>afficit,</strong></span> <span class='ocrx_word' id='word_1_403' title='bbox 1253 4886 1311 4928; x_wconf 89' lang='lat' dir='ltr'><strong>ut</strong></span> <span class='ocrx_word' id='word_1_404' title='bbox 1333 4890 1472 4930; x_wconf 89' lang='lat' dir='ltr'><strong>nunc</strong></span> <span class='ocrx_word' id='word_1_405' title='bbox 1495 4877 1573 4930; x_wconf 86' lang='lat' dir='ltr'><strong>lit.</strong></span> <span class='ocrx_word' id='word_1_406' title='bbox 1596 4874 1732 4943; x_wconf 85' lang='lat' dir='ltr'><strong>Quid</strong></span> <span class='ocrx_word' id='word_1_407' title='bbox 1755 4877 1922 4938; x_wconf 87' lang='lat' dir='ltr'><strong>enim,</strong></span> <span class='ocrx_word' id='word_1_408' title='bbox 1949 4892 2153 4945; x_wconf 69' lang='lat' dir='ltr'><strong>quaeso,</strong></span> 
     </span>
    </p>
   </div>
   <div class='ocr_carea' id='block_1_50' title="bbox 575 4966 2156 5035">
    <p class='ocr_par' dir='ltr' id='par_1_50' title="bbox 575 4966 2156 5035">
     <span class='ocr_line' id='line_1_50' title="bbox 575 4966 2156 5035; baseline 0.003 -16"><span class='ocrx_word' id='word_1_409' title='bbox 575 4968 681 5020; x_wconf 89' lang='lat' dir='ltr'><strong>illic</strong></span> <span class='ocrx_word' id='word_1_410' title='bbox 696 4966 1174 5020; x_wconf 81' lang='lat' dir='ltr'><strong>contumeliosum?</strong></span> <span class='ocrx_word' id='word_1_411' title='bbox 1198 4967 1348 5032; x_wconf 88' lang='lat' dir='ltr'><strong>Quod</strong></span> <span class='ocrx_word' id='word_1_412' title='bbox 1375 4968 1494 5021; x_wconf 86' lang='lat' dir='ltr'><strong>illos</strong></span> <span class='ocrx_word' id='word_1_413' title='bbox 1515 4967 1798 5023; x_wconf 85' lang='lat' dir='ltr'><strong>defoderit.</strong></span> <span class='ocrx_word' id='word_1_414' title='bbox 1817 4969 1954 5035; x_wconf 90' lang='lat' dir='ltr'><strong>Quid</strong></span> <span class='ocrx_word' id='word_1_415' title='bbox 1978 4980 2156 5025; x_wconf 87' lang='lat' dir='ltr'><strong>autem</strong></span> 
     </span>
    </p>
   </div>
   <div class='ocr_carea' id='block_1_51' title="bbox 574 5060 2159 5130">
    <p class='ocr_par' dir='ltr' id='par_1_51' title="bbox 574 5060 2159 5130">
     <span class='ocr_line' id='line_1_51' title="bbox 574 5060 2159 5130; baseline 0.002 -16"><span class='ocrx_word' id='word_1_416' title='bbox 574 5062 698 5115; x_wconf 75' lang='lat' dir='ltr'><strong>hic?</strong></span> <span class='ocrx_word' id='word_1_417' title='bbox 724 5061 872 5130; x_wconf 83' lang='lat' dir='ltr'><strong>Quod</strong></span> <span class='ocrx_word' id='word_1_418' title='bbox 905 5077 1008 5114; x_wconf 85' lang='lat' dir='ltr'><strong>non</strong></span> <span class='ocrx_word' id='word_1_419' title='bbox 1032 5060 1312 5114; x_wconf 85' lang='lat' dir='ltr'><strong>audiamus</strong></span> <span class='ocrx_word' id='word_1_420' title='bbox 1337 5061 1474 5115; x_wconf 82' lang='lat' dir='ltr'><strong>illos.</strong></span> <span class='ocrx_word' id='word_1_421' title='bbox 1504 5060 1599 5115; x_wconf 92' lang='lat' dir='ltr'><strong>Dic</strong></span> <span class='ocrx_word' id='word_1_422' title='bbox 1629 5062 1904 5123; x_wconf 86' lang='lat' dir='ltr'><strong>tnilti,uter</strong></span> <span class='ocrx_word' id='word_1_423' title='bbox 1928 5065 2159 5118; x_wconf 79' lang='lat' dir='ltr'><strong>maxime</strong></span> 
     </span>
    </p>
   </div>
   <div class='ocr_carea' id='block_1_52' title="bbox 573 5153 2156 5225">
    <p class='ocr_par' dir='ltr' id='par_1_52' title="bbox 573 5153 2156 5225">
     <span class='ocr_line' id='line_1_52' title="bbox 573 5153 2156 5225; baseline 0.004 -19"><span class='ocrx_word' id='word_1_424' title='bbox 573 5155 894 5208; x_wconf 76' lang='lat' dir='ltr'><strong>contumelia</strong></span> <span class='ocrx_word' id='word_1_425' title='bbox 927 5153 1084 5208; x_wconf 78' lang='lat' dir='ltr'><strong>allicit</strong></span> <span class='ocrx_word' id='word_1_426' title='bbox 1109 5195 1122 5216; x_wconf 95' lang='lat'><strong>,</strong></span> <span class='ocrx_word' id='word_1_427' title='bbox 1169 5153 1259 5222; x_wconf 89' lang='lat' dir='ltr'><strong>qui</strong></span> <span class='ocrx_word' id='word_1_428' title='bbox 1290 5155 1506 5221; x_wconf 90' lang='lat' dir='ltr'><strong>silenti,</strong></span> <span class='ocrx_word' id='word_1_429' title='bbox 1556 5171 1622 5208; x_wconf 88' lang='lat' dir='ltr'><strong>an</strong></span> <span class='ocrx_word' id='word_1_430' title='bbox 1654 5155 2008 5225; x_wconf 68' lang='lat' dir='ltr'><strong>quiloquenti</strong></span> <span class='ocrx_word' id='word_1_431' title='bbox 2053 5173 2156 5212; x_wconf 91' lang='lat' dir='ltr'><strong>non</strong></span> 
     </span>
    </p>
   </div>
   <div class='ocr_carea' id='block_1_53' title="bbox 575 5247 2157 5319">
    <p class='ocr_par' dir='ltr' id='par_1_53' title="bbox 575 5247 2157 5319">
     <span class='ocr_line' id='line_1_53' title="bbox 575 5247 2157 5319; baseline 0.004 -19"><span class='ocrx_word' id='word_1_432' title='bbox 575 5247 1085 5315; x_wconf 80' lang='lat' dir='ltr'><strong>rt-spondet?Certe</strong></span> <span class='ocrx_word' id='word_1_433' title='bbox 1123 5249 1211 5317; x_wconf 88' lang='lat' dir='ltr'><strong>qui</strong></span> <span class='ocrx_word' id='word_1_434' title='bbox 1257 5249 1515 5317; x_wconf 75' lang='lat' dir='ltr'><strong>loquenti.</strong></span> <span class='ocrx_word' id='word_1_435' title='bbox 1565 5247 1750 5318; x_wconf 77' lang='lat' dir='ltr'><strong>Itaque</strong></span> <span class='ocrx_word' id='word_1_436' title='bbox 1799 5250 1970 5319; x_wconf 88' lang='lat' dir='ltr'><strong>major</strong></span> <span class='ocrx_word' id='word_1_437' title='bbox 2018 5267 2157 5306; x_wconf 86' lang='lat' dir='ltr'><strong>tmnc</strong></span> 
     </span>
    </p>
   </div>
   <div class='ocr_carea' id='block_1_54' title="bbox 574 5339 2159 5412">
    <p class='ocr_par' dir='ltr' id='par_1_54' title="bbox 574 5339 2159 5412">
     <span class='ocr_line' id='line_1_54' title="bbox 574 5339 2159 5412; baseline 0.005 -22"><span class='ocrx_word' id='word_1_438' title='bbox 574 5349 656 5392; x_wconf 81' lang='lat' dir='ltr'><strong>est</strong></span> <span class='ocrx_word' id='word_1_439' title='bbox 698 5339 1050 5404; x_wconf 82' lang='lat' dir='ltr'><strong>contumelia,</strong></span> <span class='ocrx_word' id='word_1_440' title='bbox 1098 5355 1216 5394; x_wconf 89' lang='lat' dir='ltr'><strong>cum</strong></span> <span class='ocrx_word' id='word_1_441' title='bbox 1259 5339 1565 5410; x_wconf 87' lang='lat' dir='ltr'><strong>loquentem</strong></span> <span class='ocrx_word' id='word_1_442' title='bbox 1606 5358 1712 5396; x_wconf 78' lang='lat' dir='ltr'><strong>non</strong></span> <span class='ocrx_word' id='word_1_443' title='bbox 1753 5341 1939 5405; x_wconf 88' lang='lat' dir='ltr'><strong>audis,</strong></span> <span class='ocrx_word' id='word_1_444' title='bbox 1988 5344 2159 5412; x_wconf 79' lang='lat' dir='ltr'><strong>major</strong></span> 
     </span>
    </p>
   </div>
   <div class='ocr_carea' id='block_1_55' title="bbox 575 5431 2160 5503">
    <p class='ocr_par' dir='ltr' id='par_1_55' title="bbox 575 5431 2160 5503">
     <span class='ocr_line' id='line_1_55' title="bbox 575 5431 2160 5503; baseline 0.003 -18"><span class='ocrx_word' id='word_1_445' title='bbox 575 5441 930 5500; x_wconf 82' lang='lat' dir='ltr'><strong>contemptus.</strong></span> <span class='ocrx_word' id='word_1_446' title='bbox 965 5431 1046 5486; x_wconf 86' lang='lat' dir='ltr'><strong>Ne</strong></span> <span class='ocrx_word' id='word_1_447' title='bbox 1071 5433 1349 5503; x_wconf 82' lang='lat' dir='ltr'><strong>loquamini</strong></span> <span class='ocrx_word' id='word_1_448' title='bbox 1389 5432 1566 5497; x_wconf 88' lang='lat' dir='ltr'><strong>nobis,</strong></span> <span class='ocrx_word' id='word_1_449' title='bbox 1596 5432 1864 5503; x_wconf 85' lang='lat' dir='ltr'><strong>quOndam</strong></span> <span class='ocrx_word' id='word_1_450' title='bbox 1909 5432 2160 5490; x_wconf 88' lang='lat' dir='ltr'><strong>dicebant</strong></span> 
     </span>
    </p>
   </div>
   <div class='ocr_carea' id='block_1_56' title="bbox 576 5523 2154 5597">
    <p class='ocr_par' dir='ltr' id='par_1_56' title="bbox 576 5523 2154 5597">
     <span class='ocr_line' id='line_1_56' title="bbox 576 5523 2154 5597; baseline 0.004 -21"><span class='ocrx_word' id='word_1_451' title='bbox 576 5523 852 5594; x_wconf 86' lang='lat' dir='ltr'><strong>prophetis</strong></span> <span class='ocrx_word' id='word_1_452' title='bbox 878 5523 1047 5579; x_wconf 75' lang='lat' dir='ltr'><strong>Judaei</strong></span> <span class='ocrx_word' id='word_1_453' title='bbox 1080 5544 1092 5580; x_wconf 94' lang='lat'>:</span> <span class='ocrx_word' id='word_1_454' title='bbox 1127 5540 1222 5578; x_wconf 91' lang='lat' dir='ltr'><strong>vos</strong></span> <span class='ocrx_word' id='word_1_455' title='bbox 1248 5537 1425 5580; x_wconf 90' lang='lat' dir='ltr'><strong>autem</strong></span> <span class='ocrx_word' id='word_1_456' title='bbox 1457 5525 1608 5597; x_wconf 87' lang='lat' dir='ltr'><strong>pejus</strong></span> <span class='ocrx_word' id='word_1_457' title='bbox 1637 5526 1840 5593; x_wconf 88' lang='lat' dir='ltr'><strong>facitis,</strong></span> <span class='ocrx_word' id='word_1_458' title='bbox 1873 5527 2114 5582; x_wconf 84' lang='lat' dir='ltr'><strong>dicentes</strong></span> <span class='ocrx_word' id='word_1_459' title='bbox 2141 5545 2154 5582; x_wconf 92' lang='lat'><strong>:</strong></span> 
     </span>
    </p>
   </div>
   <div class='ocr_carea' id='block_1_57' title="bbox 577 5614 2158 5688">
    <p class='ocr_par' dir='ltr' id='par_1_57' title="bbox 577 5614 2158 5688">
     <span class='ocr_line' id='line_1_57' title="bbox 577 5614 2158 5688; baseline 0.004 -19"><span class='ocrx_word' id='word_1_460' title='bbox 577 5614 654 5670; x_wconf 79' lang='lat' dir='ltr'><strong>Ne</strong></span> <span class='ocrx_word' id='word_1_461' title='bbox 682 5616 1007 5686; x_wconf 86' lang='lat' dir='ltr'><strong>loquamini,</strong></span> <span class='ocrx_word' id='word_1_462' title='bbox 1041 5633 1146 5673; x_wconf 87' lang='lat' dir='ltr'><strong>non</strong></span> <span class='ocrx_word' id='word_1_463' title='bbox 1168 5618 1408 5673; x_wconf 79' lang='lat' dir='ltr'><strong>facimus.</strong></span> <span class='ocrx_word' id='word_1_464' title='bbox 1443 5619 1520 5672; x_wconf 94' lang='lat' dir='ltr'><strong>Illi</strong></span> <span class='ocrx_word' id='word_1_465' title='bbox 1548 5634 1677 5688; x_wconf 86' lang='lat' dir='ltr'><strong>ergo</strong></span> <span class='ocrx_word' id='word_1_466' title='bbox 1704 5619 2018 5674; x_wconf 85' lang='lat' dir='ltr'><strong>avertebant</strong></span> <span class='ocrx_word' id='word_1_467' title='bbox 2041 5635 2158 5686; x_wconf 87' lang='lat' dir='ltr'><strong>eos,</strong></span> 
     </span>
    </p>
   </div>
   <div class='ocr_carea' id='block_1_58' title="bbox 576 5710 2162 5784">
    <p class='ocr_par' dir='ltr' id='par_1_58' title="bbox 576 5710 2162 5784">
     <span class='ocr_line' id='line_1_58' title="bbox 576 5710 2162 5784; baseline 0.004 -21"><span class='ocrx_word' id='word_1_468' title='bbox 576 5719 636 5764; x_wconf 86' lang='lat' dir='ltr'><strong>ut</strong></span> <span class='ocrx_word' id='word_1_469' title='bbox 659 5725 725 5765; x_wconf 92' lang='lat' dir='ltr'><strong>ne</strong></span> <span class='ocrx_word' id='word_1_470' title='bbox 752 5710 1114 5782; x_wconf 89' lang='lat' dir='ltr'><strong>loquerentur,</strong></span> <span class='ocrx_word' id='word_1_471' title='bbox 1141 5714 1291 5782; x_wconf 92' lang='lat' dir='ltr'><strong>quasi</strong></span> <span class='ocrx_word' id='word_1_472' title='bbox 1321 5728 1382 5766; x_wconf 83' lang='lat' dir='ltr'><strong>ex</strong></span> <span class='ocrx_word' id='word_1_473' title='bbox 1410 5713 1620 5767; x_wconf 87' lang='lat' dir='ltr'><strong>illorum</strong></span> <span class='ocrx_word' id='word_1_474' title='bbox 1653 5729 1784 5767; x_wconf 90' lang='lat' dir='ltr'><strong>voce</strong></span> <span class='ocrx_word' id='word_1_475' title='bbox 1810 5714 2040 5784; x_wconf 89' lang='lat' dir='ltr'><strong>aliquam</strong></span> <span class='ocrx_word' id='word_1_476' title='bbox 2073 5729 2162 5769; x_wconf 86' lang='lat' dir='ltr'><strong>ae-</strong></span> 
     </span>
    </p>
   </div>
   <div class='ocr_carea' id='block_1_59' title="bbox 584 5805 2162 5878">
    <p class='ocr_par' dir='ltr' id='par_1_59' title="bbox 584 5805 2162 5878">
     <span class='ocr_line' id='line_1_59' title="bbox 584 5805 2162 5878; baseline 0.003 -20"><span class='ocrx_word' id='word_1_477' title='bbox 584 5805 828 5876; x_wconf 86' lang='lat' dir='ltr'><strong>cipereut</strong></span> <span class='ocrx_word' id='word_1_478' title='bbox 849 5806 1060 5876; x_wconf 89' lang='lat' dir='ltr'><strong>pietatis</strong></span> <span class='ocrx_word' id='word_1_479' title='bbox 1089 5807 1424 5861; x_wconf 85' lang='lat' dir='ltr'><strong>occasionem</strong></span> <span class='ocrx_word' id='word_1_480' title='bbox 1452 5825 1466 5860; x_wconf 92' lang='lat'>:</span> <span class='ocrx_word' id='word_1_481' title='bbox 1495 5821 1593 5862; x_wconf 84' lang='lat' dir='ltr'><strong>vos</strong></span> <span class='ocrx_word' id='word_1_482' title='bbox 1629 5816 1805 5861; x_wconf 90' lang='lat' dir='ltr'><strong>autem</strong></span> <span class='ocrx_word' id='word_1_483' title='bbox 1839 5825 1946 5878; x_wconf 72' lang='lat' dir='ltr'><strong>pra:</strong></span> <span class='ocrx_word' id='word_1_484' title='bbox 1994 5807 2162 5863; x_wconf 90' lang='lat' dir='ltr'><strong>multo</strong></span> 
     </span>
    </p>
   </div>
   <div class='ocr_carea' id='block_1_60' title="bbox 573 5897 2162 5971">
    <p class='ocr_par' dir='ltr' id='par_1_60' title="bbox 573 5897 2162 5971">
     <span class='ocr_line' id='line_1_60' title="bbox 573 5897 2162 5971; baseline -0.002 -15"><span class='ocrx_word' id='word_1_485' title='bbox 573 5911 879 5969; x_wconf 71' lang='lat' dir='ltr'><strong>contemptu</strong></span> <span class='ocrx_word' id='word_1_486' title='bbox 907 5914 1079 5971; x_wconf 88' lang='lat' dir='ltr'><strong>neque</strong></span> <span class='ocrx_word' id='word_1_487' title='bbox 1107 5898 1206 5956; x_wconf 84' lang='lat' dir='ltr'><strong>hoc</strong></span> <span class='ocrx_word' id='word_1_488' title='bbox 1240 5899 1427 5956; x_wconf 83' lang='lat' dir='ltr'><strong>facitis.</strong></span> <span class='ocrx_word' id='word_1_489' title='bbox 1459 5897 1686 5967; x_wconf 83' lang='lat' dir='ltr'><strong>Credite,</strong></span> <span class='ocrx_word' id='word_1_490' title='bbox 1720 5901 1762 5954; x_wconf 89' lang='lat' dir='ltr'><strong>si</strong></span> <span class='ocrx_word' id='word_1_491' title='bbox 1792 5901 2033 5956; x_wconf 79' lang='lat' dir='ltr'><strong>manibus</strong></span> <span class='ocrx_word' id='word_1_492' title='bbox 2069 5915 2162 5956; x_wconf 85' lang='lat' dir='ltr'><strong>ora</strong></span> 
     </span>
    </p>
   </div>
   <div class='ocr_carea' id='block_1_61' title="bbox 1242 384 3031 465">
    <p class='ocr_par' dir='ltr' id='par_1_61' title="bbox 1242 384 3031 465">
     <span class='ocr_line' id='line_1_61' title="bbox 1242 384 3031 465; baseline -0.015 -1"><span class='ocrx_word' id='word_1_493' title='bbox 1242 408 1300 465; x_wconf 83' lang='lat' dir='ltr'><strong>S.</strong></span> <span class='ocrx_word' id='word_1_494' title='bbox 1337 403 1612 463; x_wconf 70' lang='lat' dir='ltr'><strong>JOANNIS</strong></span> <span class='ocrx_word' id='word_1_495' title='bbox 1633 396 2100 458; x_wconf 66' lang='lat' dir='ltr'><strong>ClllllSOS&#39;lOlll</strong></span> <span class='ocrx_word' id='word_1_496' title='bbox 2143 391 2458 449; x_wconf 71' lang='grc' dir='ltr'><strong>Αῐιίιιιιιςι).</strong></span> <span class='ocrx_word' id='word_1_497' title='bbox 2499 384 3031 445; x_wconf 68' lang='lat' dir='ltr'><strong>CONSTANTlNOP.</strong></span> 
     </span>
    </p>
   </div>
   <div class='ocr_carea' id='block_1_62' title="bbox 3718 369 3822 426">
    <p class='ocr_par' dir='ltr' id='par_1_62' title="bbox 3718 369 3822 426">
     <span class='ocr_line' id='line_1_62' title="bbox 3718 369 3822 426; baseline 0.019 -2"><span class='ocrx_word' id='word_1_498' title='bbox 3718 369 3822 426; x_wconf 74' lang='grc'><strong>158</strong></span> 
     </span>
    </p>
   </div>
   <div class='ocr_carea' id='block_1_63' title="bbox 2224 495 3818 567">
    <p class='ocr_par' dir='ltr' id='par_1_63' title="bbox 2224 495 3818 567">
     <span class='ocr_line' id='line_1_63' title="bbox 2224 495 3818 567; baseline -0.012 -5"><span class='ocrx_word' id='word_1_499' title='bbox 2224 506 2568 567; x_wconf 87' lang='lat' dir='ltr'><strong>ohtnraretis.</strong></span> <span class='ocrx_word' id='word_1_500' title='bbox 2601 521 2705 560; x_wconf 87' lang='lat' dir='ltr'><strong>non</strong></span> <span class='ocrx_word' id='word_1_501' title='bbox 2740 513 2883 557; x_wconf 90' lang='lat' dir='ltr'><strong>tanta</strong></span> <span class='ocrx_word' id='word_1_502' title='bbox 2907 511 3052 557; x_wconf 88' lang='lat' dir='ltr'><strong>esset</strong></span> <span class='ocrx_word' id='word_1_503' title='bbox 3072 495 3392 554; x_wconf 87' lang='lat' dir='ltr'><strong>contumelia</strong></span> <span class='ocrx_word' id='word_1_504' title='bbox 3422 499 3618 562; x_wconf 84' lang='lat' dir='ltr'><strong>quanta</strong></span> <span class='ocrx_word' id='word_1_505' title='bbox 3652 506 3818 544; x_wconf 83' lang='lat' dir='ltr'><strong>nunc.</strong></span> 
     </span>
    </p>
   </div>
   <div class='ocr_carea' id='block_1_64' title="bbox 2224 588 3824 664">
    <p class='ocr_par' dir='ltr' id='par_1_64' title="bbox 2224 588 3824 664">
     <span class='ocr_line' id='line_1_64' title="bbox 2224 588 3824 664; baseline -0.012 -11"><span class='ocrx_word' id='word_1_506' title='bbox 2224 598 2316 653; x_wconf 92' lang='lat' dir='ltr'><strong>Dic</strong></span> <span class='ocrx_word' id='word_1_507' title='bbox 2338 597 2479 652; x_wconf 86' lang='lat' dir='ltr'><strong>enim</strong></span> <span class='ocrx_word' id='word_1_508' title='bbox 2509 596 2661 659; x_wconf 90' lang='lat' dir='ltr'><strong>mihi,</strong></span> <span class='ocrx_word' id='word_1_509' title='bbox 2690 595 2780 664; x_wconf 89' lang='lat' dir='ltr'><strong>qui</strong></span> <span class='ocrx_word' id='word_1_510' title='bbox 2808 594 2954 647; x_wconf 89' lang='lat' dir='ltr'><strong>audit</strong></span> <span class='ocrx_word' id='word_1_511' title='bbox 2985 602 3039 646; x_wconf 92' lang='lat' dir='ltr'><strong>et</strong></span> <span class='ocrx_word' id='word_1_512' title='bbox 3065 605 3170 644; x_wconf 94' lang='lat' dir='ltr'><strong>non</strong></span> <span class='ocrx_word' id='word_1_513' title='bbox 3199 588 3554 655; x_wconf 86' lang='lat' dir='ltr'><strong>obtemperat,</strong></span> <span class='ocrx_word' id='word_1_514' title='bbox 3580 593 3824 651; x_wconf 78' lang='lat' dir='ltr'><strong>magisne</strong></span> 
     </span>
    </p>
   </div>
   <div class='ocr_carea' id='block_1_65' title="bbox 2221 683 3184 759">
    <p class='ocr_par' dir='ltr' id='par_1_65' title="bbox 2221 683 3184 759">
     <span class='ocr_line' id='line_1_65' title="bbox 2221 683 3184 759; baseline -0.01 -13"><span class='ocrx_word' id='word_1_515' title='bbox 2221 690 2534 750; x_wconf 86' lang='lat' dir='ltr'><strong>contemnit,</strong></span> <span class='ocrx_word' id='word_1_516' title='bbox 2563 704 2722 759; x_wconf 86' lang='lat' dir='ltr'><strong>quam</strong></span> <span class='ocrx_word' id='word_1_517' title='bbox 2749 686 2837 757; x_wconf 89' lang='lat' dir='ltr'><strong>qui</strong></span> <span class='ocrx_word' id='word_1_518' title='bbox 2863 702 2970 740; x_wconf 91' lang='lat' dir='ltr'><strong>non</strong></span> <span class='ocrx_word' id='word_1_519' title='bbox 2996 683 3184 739; x_wconf 87' lang='lat' dir='ltr'><strong>audit?</strong></span> 
     </span>
    </p>
   </div>
   <div class='ocr_carea' id='block_1_66' title="bbox 2294 769 3815 850">
    <p class='ocr_par' dir='ltr' id='par_1_66' title="bbox 2294 769 3815 850">
     <span class='ocr_line' id='line_1_66' title="bbox 2294 769 3815 850; baseline -0.013 -13"><span class='ocrx_word' id='word_1_520' title='bbox 2294 783 2345 838; x_wconf 82' lang='lat'><strong>5.</strong></span> <span class='ocrx_word' id='word_1_521' title='bbox 2387 781 2490 837; x_wconf 86' lang='lat' dir='ltr'><strong>Sed</strong></span> <span class='ocrx_word' id='word_1_522' title='bbox 2516 797 2642 850; x_wconf 83' lang='lat' dir='ltr'><strong>age,</strong></span> <span class='ocrx_word' id='word_1_523' title='bbox 2671 778 3049 833; x_wconf 86' lang='lat' dir='ltr'><strong>contumeliam</strong></span> <span class='ocrx_word' id='word_1_524' title='bbox 3095 773 3399 844; x_wconf 86' lang='lat' dir='ltr'><strong>hujnsmodi</strong></span> <span class='ocrx_word' id='word_1_525' title='bbox 3443 769 3815 839; x_wconf 81' lang='lat' dir='ltr'><strong>exploremus.</strong></span> 
     </span>
    </p>
   </div>
   <div class='ocr_carea' id='block_1_67' title="bbox 2226 868 3830 944">
    <p class='ocr_par' dir='ltr' id='par_1_67' title="bbox 2226 868 3830 944">
     <span class='ocr_line' id='line_1_67' title="bbox 2226 868 3830 944; baseline -0.011 -14"><span class='ocrx_word' id='word_1_526' title='bbox 2226 876 2280 930; x_wconf 92' lang='lat' dir='ltr'><strong>Si</strong></span> <span class='ocrx_word' id='word_1_527' title='bbox 2309 875 2428 944; x_wconf 87' lang='lat' dir='ltr'><strong>quis</strong></span> <span class='ocrx_word' id='word_1_528' title='bbox 2452 890 2573 929; x_wconf 90' lang='lat' dir='ltr'><strong>cum</strong></span> <span class='ocrx_word' id='word_1_529' title='bbox 2595 915 2609 938; x_wconf 96' lang='lat'><strong>,</strong></span> <span class='ocrx_word' id='word_1_530' title='bbox 2633 873 2720 943; x_wconf 93' lang='lat' dir='ltr'><strong>qui</strong></span> <span class='ocrx_word' id='word_1_531' title='bbox 2772 871 3095 927; x_wconf 89' lang='lat' dir='ltr'><strong>contumelia</strong></span> <span class='ocrx_word' id='word_1_532' title='bbox 3141 869 3325 932; x_wconf 75' lang='lat' dir='ltr'><strong>allicit,</strong></span> <span class='ocrx_word' id='word_1_533' title='bbox 3376 868 3652 920; x_wconf 88' lang='lat' dir='ltr'><strong>contineat</strong></span> <span class='ocrx_word' id='word_1_534' title='bbox 3677 871 3733 915; x_wconf 91' lang='lat' dir='ltr'><strong>et</strong></span> <span class='ocrx_word' id='word_1_535' title='bbox 3763 875 3830 913; x_wconf 89' lang='lat' dir='ltr'><strong>os</strong></span> 
     </span>
    </p>
   </div>
   <div class='ocr_carea' id='block_1_68' title="bbox 2225 955 3831 1036">
    <p class='ocr_par' dir='ltr' id='par_1_68' title="bbox 2225 955 3831 1036">
     <span class='ocr_line' id='line_1_68' title="bbox 2225 955 3831 1036; baseline -0.01 -15"><span class='ocrx_word' id='word_1_536' title='bbox 2225 967 2437 1022; x_wconf 90' lang='lat' dir='ltr'><strong>obturet</strong></span> <span class='ocrx_word' id='word_1_537' title='bbox 2465 968 2536 1032; x_wconf 82' lang='lat' dir='ltr'><strong>ei,</strong></span> <span class='ocrx_word' id='word_1_538' title='bbox 2581 977 2852 1036; x_wconf 89' lang='lat' dir='ltr'><strong>tamquam</strong></span> <span class='ocrx_word' id='word_1_539' title='bbox 2881 979 3023 1034; x_wconf 63' lang='grc' dir='ltr'><strong>πει-θ</strong></span> <span class='ocrx_word' id='word_1_540' title='bbox 3054 963 3235 1019; x_wconf 77' lang='lat' dir='ltr'><strong>ferens</strong></span> <span class='ocrx_word' id='word_1_541' title='bbox 3269 957 3658 1020; x_wconf 84' lang='lat' dir='ltr'><strong>contumelias;</strong></span> <span class='ocrx_word' id='word_1_542' title='bbox 3690 955 3831 1007; x_wconf 83' lang='lat' dir='ltr'><strong>alios</strong></span> 
     </span>
    </p>
   </div>
   <div class='ocr_carea' id='block_1_69' title="bbox 2229 1053 3832 1131">
    <p class='ocr_par' dir='ltr' id='par_1_69' title="bbox 2229 1053 3832 1131">
     <span class='ocr_line' id='line_1_69' title="bbox 2229 1053 3832 1131; baseline -0.009 -17"><span class='ocrx_word' id='word_1_543' title='bbox 2229 1077 2355 1116; x_wconf 77' lang='lat' dir='ltr'><strong>vero</strong></span> <span class='ocrx_word' id='word_1_544' title='bbox 2403 1075 2574 1131; x_wconf 90' lang='lat' dir='ltr'><strong>neque</strong></span> <span class='ocrx_word' id='word_1_545' title='bbox 2616 1069 2789 1126; x_wconf 88' lang='lat' dir='ltr'><strong>curet,</strong></span> <span class='ocrx_word' id='word_1_546' title='bbox 2838 1072 3010 1127; x_wconf 90' lang='lat' dir='ltr'><strong>neque</strong></span> <span class='ocrx_word' id='word_1_547' title='bbox 3056 1055 3338 1109; x_wconf 88' lang='lat' dir='ltr'><strong>advertere</strong></span> <span class='ocrx_word' id='word_1_548' title='bbox 3384 1053 3674 1107; x_wconf 81' lang='lat' dir='ltr'><strong>videatur:</strong></span> <span class='ocrx_word' id='word_1_549' title='bbox 3707 1057 3832 1102; x_wconf 85' lang='lat' dir='ltr'><strong>uter</strong></span> 
     </span>
    </p>
   </div>
   <div class='ocr_carea' id='block_1_70' title="bbox 2226 1143 3834 1225">
    <p class='ocr_par' dir='ltr' id='par_1_70' title="bbox 2226 1143 3834 1225">
     <span class='ocr_line' id='line_1_70' title="bbox 2226 1143 3834 1225; baseline -0.009 -15"><span class='ocrx_word' id='word_1_550' title='bbox 2226 1156 2398 1225; x_wconf 79' lang='lat' dir='ltr'><strong>magis</strong></span> <span class='ocrx_word' id='word_1_551' title='bbox 2426 1151 2761 1208; x_wconf 86' lang='lat' dir='ltr'><strong>contemnit?</strong></span> <span class='ocrx_word' id='word_1_552' title='bbox 2810 1166 2984 1205; x_wconf 90' lang='lat' dir='ltr'><strong>annon</strong></span> <span class='ocrx_word' id='word_1_553' title='bbox 3019 1149 3138 1203; x_wconf 86' lang='lat' dir='ltr'><strong>hic?</strong></span> <span class='ocrx_word' id='word_1_554' title='bbox 3183 1146 3274 1201; x_wconf 91' lang='lat' dir='ltr'><strong>llle</strong></span> <span class='ocrx_word' id='word_1_555' title='bbox 3318 1160 3548 1216; x_wconf 89' lang='lat' dir='ltr'><strong>namque</strong></span> <span class='ocrx_word' id='word_1_556' title='bbox 3586 1143 3834 1199; x_wconf 84' lang='lat' dir='ltr'><strong>declarat</strong></span> 
     </span>
    </p>
   </div>
   <div class='ocr_carea' id='block_1_71' title="bbox 2228 1233 3829 1316">
    <p class='ocr_par' dir='ltr' id='par_1_71' title="bbox 2228 1233 3829 1316">
     <span class='ocr_line' id='line_1_71' title="bbox 2228 1233 3829 1316; baseline -0.01 -14"><span class='ocrx_word' id='word_1_557' title='bbox 2228 1264 2288 1302; x_wconf 82' lang='lat' dir='ltr'><strong>se</strong></span> <span class='ocrx_word' id='word_1_558' title='bbox 2331 1247 2536 1316; x_wconf 82' lang='lat' dir='ltr'><strong>plagam</strong></span> <span class='ocrx_word' id='word_1_559' title='bbox 2580 1244 2862 1315; x_wconf 86' lang='lat' dir='ltr'><strong>accipere;</strong></span> <span class='ocrx_word' id='word_1_560' title='bbox 2912 1242 2999 1296; x_wconf 91' lang='lat' dir='ltr'><strong>hic</strong></span> <span class='ocrx_word' id='word_1_561' title='bbox 3044 1255 3172 1295; x_wconf 76' lang='lat' dir='ltr'><strong>vero</strong></span> <span class='ocrx_word' id='word_1_562' title='bbox 3216 1237 3340 1303; x_wconf 17' lang='lat' dir='ltr'><strong>fere,</strong></span> <span class='ocrx_word' id='word_1_563' title='bbox 3372 1251 3434 1292; x_wconf 92' lang='lat' dir='ltr'><strong>os</strong></span> <span class='ocrx_word' id='word_1_564' title='bbox 3462 1237 3681 1292; x_wconf 89' lang='lat' dir='ltr'><strong>obturat</strong></span> <span class='ocrx_word' id='word_1_565' title='bbox 3707 1233 3829 1288; x_wconf 75' lang='lat' dir='ltr'><strong>Dei.</strong></span> 
     </span>
    </p>
   </div>
   <div class='ocr_carea' id='block_1_72' title="bbox 2233 1326 3837 1404">
    <p class='ocr_par' dir='ltr' id='par_1_72' title="bbox 2233 1326 3837 1404">
     <span class='ocr_line' id='line_1_72' title="bbox 2233 1326 3837 1404; baseline -0.009 -11"><span class='ocrx_word' id='word_1_566' title='bbox 2233 1339 2472 1394; x_wconf 86' lang='lat' dir='ltr'><strong>Horretis</strong></span> <span class='ocrx_word' id='word_1_567' title='bbox 2497 1338 2700 1392; x_wconf 89' lang='lat' dir='ltr'><strong>dictum</strong></span> <span class='ocrx_word' id='word_1_568' title='bbox 2727 1353 2742 1400; x_wconf 88' lang='lat'><strong>;</strong></span> <span class='ocrx_word' id='word_1_569' title='bbox 2775 1335 2869 1390; x_wconf 88' lang='lat' dir='ltr'><strong>sed</strong></span> <span class='ocrx_word' id='word_1_570' title='bbox 2894 1333 3020 1389; x_wconf 87' lang='lat' dir='ltr'><strong>audi</strong></span> <span class='ocrx_word' id='word_1_571' title='bbox 3044 1333 3316 1404; x_wconf 90' lang='lat' dir='ltr'><strong>quomodo</strong></span> <span class='ocrx_word' id='word_1_572' title='bbox 3348 1332 3448 1385; x_wconf 91' lang='lat' dir='ltr'><strong>hoc</strong></span> <span class='ocrx_word' id='word_1_573' title='bbox 3475 1329 3586 1384; x_wconf 88' lang='lat' dir='ltr'><strong>fiat.</strong></span> <span class='ocrx_word' id='word_1_574' title='bbox 3614 1326 3712 1392; x_wconf 86' lang='lat' dir='ltr'><strong>Os,</strong></span> <span class='ocrx_word' id='word_1_575' title='bbox 3734 1340 3837 1395; x_wconf 84' lang='lat' dir='ltr'><strong>per</strong></span> 
     </span>
    </p>
   </div>
   <div class='ocr_carea' id='block_1_73' title="bbox 2231 1420 3837 1503">
    <p class='ocr_par' dir='ltr' id='par_1_73' title="bbox 2231 1420 3837 1503">
     <span class='ocr_line' id='line_1_73' title="bbox 2231 1420 3837 1503; baseline -0.009 -17"><span class='ocrx_word' id='word_1_576' title='bbox 2231 1433 2372 1503; x_wconf 91' lang='lat' dir='ltr'><strong>quod</strong></span> <span class='ocrx_word' id='word_1_577' title='bbox 2418 1431 2652 1502; x_wconf 88' lang='lat' dir='ltr'><strong>loquitur</strong></span> <span class='ocrx_word' id='word_1_578' title='bbox 2700 1429 2844 1484; x_wconf 89' lang='lat' dir='ltr'><strong>Deus</strong></span> <span class='ocrx_word' id='word_1_579' title='bbox 2869 1471 2884 1494; x_wconf 92' lang='lat'><strong>,</strong></span> <span class='ocrx_word' id='word_1_580' title='bbox 2917 1443 2979 1482; x_wconf 93' lang='lat' dir='ltr'><strong>os</strong></span> <span class='ocrx_word' id='word_1_581' title='bbox 3007 1427 3103 1482; x_wconf 89' lang='lat' dir='ltr'><strong>Dei</strong></span> <span class='ocrx_word' id='word_1_582' title='bbox 3131 1435 3233 1481; x_wconf 90' lang='lat' dir='ltr'><strong>est.</strong></span> <span class='ocrx_word' id='word_1_583' title='bbox 3290 1425 3438 1478; x_wconf 87' lang='lat' dir='ltr'><strong>Sicut</strong></span> <span class='ocrx_word' id='word_1_584' title='bbox 3465 1423 3609 1477; x_wconf 90' lang='lat' dir='ltr'><strong>enim</strong></span> <span class='ocrx_word' id='word_1_585' title='bbox 3639 1420 3746 1474; x_wconf 86' lang='lat' dir='ltr'><strong>hoc</strong></span> <span class='ocrx_word' id='word_1_586' title='bbox 3771 1433 3837 1473; x_wconf 81' lang='lat' dir='ltr'><strong>os</strong></span> 
     </span>
    </p>
   </div>
   <div class='ocr_carea' id='block_1_74' title="bbox 2233 1512 3838 1587">
    <p class='ocr_par' dir='ltr' id='par_1_74' title="bbox 2233 1512 3838 1587">
     <span class='ocr_line' id='line_1_74' title="bbox 2233 1512 3838 1587; baseline -0.01 -8"><span class='ocrx_word' id='word_1_587' title='bbox 2233 1527 2426 1580; x_wconf 75' lang='lat' dir='ltr'><strong>anima:</strong></span> <span class='ocrx_word' id='word_1_588' title='bbox 2458 1533 2656 1578; x_wconf 72' lang='lat' dir='ltr'><strong>nostra:</strong></span> <span class='ocrx_word' id='word_1_589' title='bbox 2685 1530 2807 1587; x_wconf 88' lang='lat' dir='ltr'><strong>est,</strong></span> <span class='ocrx_word' id='word_1_590' title='bbox 2837 1521 2938 1576; x_wconf 91' lang='lat' dir='ltr'><strong>etsi</strong></span> <span class='ocrx_word' id='word_1_591' title='bbox 2967 1521 3144 1574; x_wconf 87' lang='lat' dir='ltr'><strong>anima</strong></span> <span class='ocrx_word' id='word_1_592' title='bbox 3177 1536 3236 1570; x_wconf 81' lang='lat' dir='ltr'><strong>ns</strong></span> <span class='ocrx_word' id='word_1_593' title='bbox 3269 1533 3372 1570; x_wconf 92' lang='lat' dir='ltr'><strong>non</strong></span> <span class='ocrx_word' id='word_1_594' title='bbox 3405 1516 3595 1568; x_wconf 86' lang='lat' dir='ltr'><strong>haheat</strong></span> <span class='ocrx_word' id='word_1_595' title='bbox 3628 1530 3641 1566; x_wconf 89' lang='lat'>:</span> <span class='ocrx_word' id='word_1_596' title='bbox 3672 1512 3752 1565; x_wconf 90' lang='lat' dir='ltr'><strong>sic</strong></span> <span class='ocrx_word' id='word_1_597' title='bbox 3780 1517 3838 1564; x_wconf 84' lang='lat' dir='ltr'><strong>et</strong></span> 
     </span>
    </p>
   </div>
   <div class='ocr_carea' id='block_1_75' title="bbox 2234 1605 3836 1687">
    <p class='ocr_par' dir='ltr' id='par_1_75' title="bbox 2234 1605 3836 1687">
     <span class='ocr_line' id='line_1_75' title="bbox 2234 1605 3836 1687; baseline -0.01 -15"><span class='ocrx_word' id='word_1_598' title='bbox 2234 1633 2295 1672; x_wconf 92' lang='lat' dir='ltr'><strong>os</strong></span> <span class='ocrx_word' id='word_1_599' title='bbox 2337 1616 2716 1687; x_wconf 87' lang='lat' dir='ltr'><strong>prophetarum</strong></span> <span class='ocrx_word' id='word_1_600' title='bbox 2756 1622 2841 1668; x_wconf 92' lang='lat' dir='ltr'><strong>est</strong></span> <span class='ocrx_word' id='word_1_601' title='bbox 2884 1627 2946 1668; x_wconf 89' lang='lat' dir='ltr'><strong>os</strong></span> <span class='ocrx_word' id='word_1_602' title='bbox 2994 1612 3112 1666; x_wconf 88' lang='lat' dir='ltr'><strong>Dei.</strong></span> <span class='ocrx_word' id='word_1_603' title='bbox 3173 1607 3367 1664; x_wconf 79' lang='lat' dir='ltr'><strong>Audite</strong></span> <span class='ocrx_word' id='word_1_604' title='bbox 3411 1618 3464 1662; x_wconf 90' lang='lat' dir='ltr'><strong>ct</strong></span> <span class='ocrx_word' id='word_1_605' title='bbox 3509 1605 3836 1660; x_wconf 51' lang='lat' dir='ltr'><strong>horrescite.</strong></span> 
     </span>
    </p>
   </div>
   <div class='ocr_carea' id='block_1_76' title="bbox 2234 1698 3839 1774">
    <p class='ocr_par' dir='ltr' id='par_1_76' title="bbox 2234 1698 3839 1774">
     <span class='ocr_line' id='line_1_76' title="bbox 2234 1698 3839 1774; baseline -0.012 -6"><span class='ocrx_word' id='word_1_606' title='bbox 2234 1711 2547 1768; x_wconf 87' lang='lat' dir='ltr'><strong>Communis</strong></span> <span class='ocrx_word' id='word_1_607' title='bbox 2575 1718 2658 1764; x_wconf 89' lang='lat' dir='ltr'><strong>est</strong></span> <span class='ocrx_word' id='word_1_608' title='bbox 2683 1708 2942 1763; x_wconf 88' lang='lat' dir='ltr'><strong>diaconus</strong></span> <span class='ocrx_word' id='word_1_609' title='bbox 2985 1706 3076 1760; x_wconf 90' lang='lat' dir='ltr'><strong>ille</strong></span> <span class='ocrx_word' id='word_1_610' title='bbox 3099 1749 3111 1770; x_wconf 89' lang='lat'><strong>,</strong></span> <span class='ocrx_word' id='word_1_611' title='bbox 3140 1706 3228 1774; x_wconf 89' lang='lat' dir='ltr'><strong>qui</strong></span> <span class='ocrx_word' id='word_1_612' title='bbox 3272 1714 3377 1758; x_wconf 87' lang='lat' dir='ltr'><strong>stat</strong></span> <span class='ocrx_word' id='word_1_613' title='bbox 3406 1711 3459 1757; x_wconf 89' lang='lat' dir='ltr'><strong>et</strong></span> <span class='ocrx_word' id='word_1_614' title='bbox 3486 1702 3705 1764; x_wconf 89' lang='lat' dir='ltr'><strong>clamat,</strong></span> <span class='ocrx_word' id='word_1_615' title='bbox 3736 1698 3839 1750; x_wconf 80' lang='grc' dir='ltr'><strong>Αι-</strong></span> 
     </span>
    </p>
   </div>
   <div class='ocr_carea' id='block_1_77' title="bbox 2238 1797 3846 1876">
    <p class='ocr_par' dir='ltr' id='par_1_77' title="bbox 2238 1797 3846 1876">
     <span class='ocr_line' id='line_1_77' title="bbox 2238 1797 3846 1876; baseline -0.008 -15"><span class='ocrx_word' id='word_1_616' title='bbox 2238 1810 2532 1872; x_wconf 73' lang='lat' dir='ltr'><strong>tendamus;</strong></span> <span class='ocrx_word' id='word_1_617' title='bbox 2561 1805 2719 1876; x_wconf 89' lang='lat' dir='ltr'><strong>idque</strong></span> <span class='ocrx_word' id='word_1_618' title='bbox 2740 1819 2884 1874; x_wconf 70' lang='lat' dir='ltr'><strong>smpe</strong></span> <span class='ocrx_word' id='word_1_619' title='bbox 2905 1803 3118 1872; x_wconf 86' lang='lat' dir='ltr'><strong>repetit.</strong></span> <span class='ocrx_word' id='word_1_620' title='bbox 3149 1803 3271 1854; x_wconf 75' lang='lat' dir='ltr'><strong>llmc</strong></span> <span class='ocrx_word' id='word_1_621' title='bbox 3293 1815 3394 1854; x_wconf 87' lang='lat' dir='ltr'><strong>vox</strong></span> <span class='ocrx_word' id='word_1_622' title='bbox 3416 1797 3666 1852; x_wconf 71' lang='lat' dir='ltr'><strong>Ecclesia:</strong></span> <span class='ocrx_word' id='word_1_623' title='bbox 3691 1810 3846 1849; x_wconf 90' lang='lat' dir='ltr'><strong>com-</strong></span> 
     </span>
    </p>
   </div>
   <div class='ocr_carea' id='block_1_78' title="bbox 2238 1889 3846 1965">
    <p class='ocr_par' dir='ltr' id='par_1_78' title="bbox 2238 1889 3846 1965">
     <span class='ocr_line' id='line_1_78' title="bbox 2238 1889 3846 1965; baseline -0.009 -9"><span class='ocrx_word' id='word_1_624' title='bbox 2238 1901 2418 1956; x_wconf 91' lang='lat' dir='ltr'><strong>munis</strong></span> <span class='ocrx_word' id='word_1_625' title='bbox 2447 1911 2550 1965; x_wconf 87' lang='lat' dir='ltr'><strong>est,</strong></span> <span class='ocrx_word' id='word_1_626' title='bbox 2579 1908 2630 1955; x_wconf 91' lang='lat' dir='ltr'><strong>et</strong></span> <span class='ocrx_word' id='word_1_627' title='bbox 2655 1914 2814 1953; x_wconf 76' lang='lat' dir='ltr'><strong>nemo</strong></span> <span class='ocrx_word' id='word_1_628' title='bbox 2841 1896 3090 1951; x_wconf 90' lang='lat' dir='ltr'><strong>attendit.</strong></span> <span class='ocrx_word' id='word_1_629' title='bbox 3119 1896 3244 1949; x_wconf 83' lang='lat' dir='ltr'><strong>Post</strong></span> <span class='ocrx_word' id='word_1_630' title='bbox 3275 1894 3422 1947; x_wconf 89' lang='lat' dir='ltr'><strong>illum</strong></span> <span class='ocrx_word' id='word_1_631' title='bbox 3451 1891 3637 1960; x_wconf 88' lang='lat' dir='ltr'><strong>incipit</strong></span> <span class='ocrx_word' id='word_1_632' title='bbox 3668 1889 3846 1943; x_wconf 86' lang='lat' dir='ltr'><strong>lector</strong></span> 
     </span>
    </p>
   </div>
   <div class='ocr_carea' id='block_1_79' title="bbox 2241 1983 3843 2066">
    <p class='ocr_par' dir='ltr' id='par_1_79' title="bbox 2241 1983 3843 2066">
     <span class='ocr_line' id='line_1_79' title="bbox 2241 1983 3843 2066; baseline -0.009 -17"><span class='ocrx_word' id='word_1_633' title='bbox 2241 1996 2575 2066; x_wconf 88' lang='lat' dir='ltr'><strong>prophetiam</strong></span> <span class='ocrx_word' id='word_1_634' title='bbox 2609 1993 2756 2048; x_wconf 79' lang='lat' dir='ltr'><strong>Isaia:</strong></span> <span class='ocrx_word' id='word_1_635' title='bbox 2787 2011 2800 2046; x_wconf 88' lang='lat'><strong>:</strong></span> <span class='ocrx_word' id='word_1_636' title='bbox 2831 2007 3006 2062; x_wconf 90' lang='lat' dir='ltr'><strong>neque</strong></span> <span class='ocrx_word' id='word_1_637' title='bbox 3031 1992 3108 2044; x_wconf 91' lang='lat' dir='ltr'><strong>sic</strong></span> <span class='ocrx_word' id='word_1_638' title='bbox 3132 1989 3360 2044; x_wconf 89' lang='lat' dir='ltr'><strong>attendit</strong></span> <span class='ocrx_word' id='word_1_639' title='bbox 3402 1986 3671 2057; x_wconf 86' lang='lat' dir='ltr'><strong>quispiam</strong></span> <span class='ocrx_word' id='word_1_640' title='bbox 3692 2025 3706 2046; x_wconf 89' lang='lat'><strong>,</strong></span> <span class='ocrx_word' id='word_1_641' title='bbox 3738 1983 3843 2038; x_wconf 82' lang='lat' dir='ltr'><strong>etsi</strong></span> 
     </span>
    </p>
   </div>
   <div class='ocr_carea' id='block_1_80' title="bbox 2243 2073 3847 2160">
    <p class='ocr_par' dir='ltr' id='par_1_80' title="bbox 2243 2073 3847 2160">
     <span class='ocr_line' id='line_1_80' title="bbox 2243 2073 3847 2160; baseline -0.01 -16"><span class='ocrx_word' id='word_1_642' title='bbox 2243 2088 2521 2160; x_wconf 89' lang='lat' dir='ltr'><strong>prophetia</strong></span> <span class='ocrx_word' id='word_1_643' title='bbox 2574 2087 2867 2142; x_wconf 88' lang='lat' dir='ltr'><strong>humanum</strong></span> <span class='ocrx_word' id='word_1_644' title='bbox 2910 2084 3040 2139; x_wconf 89' lang='lat' dir='ltr'><strong>nihil</strong></span> <span class='ocrx_word' id='word_1_645' title='bbox 3080 2081 3296 2138; x_wconf 89' lang='lat' dir='ltr'><strong>habeat.</strong></span> <span class='ocrx_word' id='word_1_646' title='bbox 3350 2077 3554 2134; x_wconf 90' lang='lat' dir='ltr'><strong>Deinde</strong></span> <span class='ocrx_word' id='word_1_647' title='bbox 3607 2073 3847 2130; x_wconf 80' lang='lat' dir='ltr'><strong>auditori</strong></span> 
     </span>
    </p>
   </div>
   <div class='ocr_carea' id='block_1_81' title="bbox 2243 2160 3846 2243">
    <p class='ocr_par' dir='ltr' id='par_1_81' title="bbox 2243 2160 3846 2243">
     <span class='ocr_line' id='line_1_81' title="bbox 2243 2160 3846 2243; baseline -0.01 -7"><span class='ocrx_word' id='word_1_648' title='bbox 2243 2181 2520 2243; x_wconf 90' lang='lat' dir='ltr'><strong>enuntiat,</strong></span> <span class='ocrx_word' id='word_1_649' title='bbox 2556 2178 2682 2232; x_wconf 75' lang='lat' dir='ltr'><strong>ch</strong></span> <span class='ocrx_word' id='word_1_650' title='bbox 2734 2179 2854 2231; x_wconf 87' lang='lat' dir='ltr'><strong>dicit</strong></span> <span class='ocrx_word' id='word_1_651' title='bbox 2904 2160 3189 2239; x_wconf 72' lang='lat' dir='ltr'><strong>Dominus;</strong></span> <span class='ocrx_word' id='word_1_652' title='bbox 3240 2172 3531 2242; x_wconf 89' lang='lat' dir='ltr'><strong>nullusque</strong></span> <span class='ocrx_word' id='word_1_653' title='bbox 3583 2166 3846 2224; x_wconf 87' lang='lat' dir='ltr'><strong>attendit.</strong></span> 
     </span>
    </p>
   </div>
   <div class='ocr_carea' id='block_1_82' title="bbox 2243 2262 3847 2341">
    <p class='ocr_par' dir='ltr' id='par_1_82' title="bbox 2243 2262 3847 2341">
     <span class='ocr_line' id='line_1_82' title="bbox 2243 2262 3847 2341; baseline -0.009 -14"><span class='ocrx_word' id='word_1_654' title='bbox 2243 2272 2383 2341; x_wconf 89' lang='lat' dir='ltr'><strong>Quid</strong></span> <span class='ocrx_word' id='word_1_655' title='bbox 2410 2272 2570 2326; x_wconf 83' lang='lat' dir='ltr'><strong>dico?</strong></span> <span class='ocrx_word' id='word_1_656' title='bbox 2617 2269 2922 2326; x_wconf 87' lang='lat' dir='ltr'><strong>Tremenda</strong></span> <span class='ocrx_word' id='word_1_657' title='bbox 2954 2269 3197 2340; x_wconf 71' lang='lat' dir='ltr'><strong>qumdam</strong></span> <span class='ocrx_word' id='word_1_658' title='bbox 3229 2277 3282 2322; x_wconf 90' lang='lat' dir='ltr'><strong>et</strong></span> <span class='ocrx_word' id='word_1_659' title='bbox 3307 2262 3572 2320; x_wconf 90' lang='lat' dir='ltr'><strong>horrenda</strong></span> <span class='ocrx_word' id='word_1_660' title='bbox 3615 2270 3798 2316; x_wconf 88' lang='lat' dir='ltr'><strong>narrat</strong></span> <span class='ocrx_word' id='word_1_661' title='bbox 3833 2279 3847 2313; x_wconf 92' lang='lat'><strong>:</strong></span> 
     </span>
    </p>
   </div>
   <div class='ocr_carea' id='block_1_83' title="bbox 2245 2351 3851 2436">
    <p class='ocr_par' dir='ltr' id='par_1_83' title="bbox 2245 2351 3851 2436">
     <span class='ocr_line' id='line_1_83' title="bbox 2245 2351 3851 2436; baseline -0.01 -16"><span class='ocrx_word' id='word_1_662' title='bbox 2245 2381 2417 2436; x_wconf 88' lang='lat' dir='ltr'><strong>neque</strong></span> <span class='ocrx_word' id='word_1_663' title='bbox 2435 2365 2575 2418; x_wconf 89' lang='lat' dir='ltr'><strong>ullus</strong></span> <span class='ocrx_word' id='word_1_664' title='bbox 2594 2373 2678 2418; x_wconf 91' lang='lat' dir='ltr'><strong>est</strong></span> <span class='ocrx_word' id='word_1_665' title='bbox 2698 2363 2787 2432; x_wconf 90' lang='lat' dir='ltr'><strong>qui</strong></span> <span class='ocrx_word' id='word_1_666' title='bbox 2807 2362 3067 2416; x_wconf 88' lang='lat' dir='ltr'><strong>attendat.</strong></span> <span class='ocrx_word' id='word_1_667' title='bbox 3090 2359 3286 2414; x_wconf 73' lang='lat' dir='ltr'><strong>Verum</strong></span> <span class='ocrx_word' id='word_1_668' title='bbox 3308 2355 3433 2427; x_wconf 90' lang='lat' dir='ltr'><strong>quid</strong></span> <span class='ocrx_word' id='word_1_669' title='bbox 3457 2355 3640 2409; x_wconf 90' lang='lat' dir='ltr'><strong>dicunt</strong></span> <span class='ocrx_word' id='word_1_670' title='bbox 3658 2351 3851 2406; x_wconf 80' lang='lat' dir='ltr'><strong>multi?</strong></span> 
     </span>
    </p>
   </div>
   <div class='ocr_carea' id='block_1_84' title="bbox 2246 2443 3852 2526">
    <p class='ocr_par' dir='ltr' id='par_1_84' title="bbox 2246 2443 3852 2526">
     <span class='ocr_line' id='line_1_84' title="bbox 2246 2443 3852 2526; baseline -0.012 -12"><span class='ocrx_word' id='word_1_671' title='bbox 2246 2459 2475 2526; x_wconf 89' lang='lat' dir='ltr'><strong>Semper</strong></span> <span class='ocrx_word' id='word_1_672' title='bbox 2500 2455 2685 2511; x_wconf 89' lang='lat' dir='ltr'><strong>eadem</strong></span> <span class='ocrx_word' id='word_1_673' title='bbox 2728 2455 2874 2524; x_wconf 83' lang='lat' dir='ltr'><strong>legit.</strong></span> <span class='ocrx_word' id='word_1_674' title='bbox 2908 2453 3020 2507; x_wconf 91' lang='lat' dir='ltr'><strong>lloc</strong></span> <span class='ocrx_word' id='word_1_675' title='bbox 3049 2450 3280 2505; x_wconf 79' lang='lat' dir='ltr'><strong>maxime</strong></span> <span class='ocrx_word' id='word_1_676' title='bbox 3305 2463 3400 2501; x_wconf 88' lang='lat' dir='ltr'><strong>vos</strong></span> <span class='ocrx_word' id='word_1_677' title='bbox 3432 2446 3625 2517; x_wconf 83' lang='lat' dir='ltr'><strong>perdit.</strong></span> <span class='ocrx_word' id='word_1_678' title='bbox 3653 2443 3711 2500; x_wconf 92' lang='lat' dir='ltr'><strong>Si</strong></span> <span class='ocrx_word' id='word_1_679' title='bbox 3744 2444 3852 2496; x_wconf 85' lang='lat' dir='ltr'><strong>ita-</strong></span> 
     </span>
    </p>
   </div>
   <div class='ocr_carea' id='block_1_85' title="bbox 2246 2535 3851 2621">
    <p class='ocr_par' dir='ltr' id='par_1_85' title="bbox 2246 2535 3851 2621">
     <span class='ocr_line' id='line_1_85' title="bbox 2246 2535 3851 2621; baseline -0.009 -18"><span class='ocrx_word' id='word_1_680' title='bbox 2246 2565 2350 2621; x_wconf 90' lang='lat' dir='ltr'><strong>que</strong></span> <span class='ocrx_word' id='word_1_681' title='bbox 2373 2550 2463 2603; x_wconf 89' lang='lat' dir='ltr'><strong>illa</strong></span> <span class='ocrx_word' id='word_1_682' title='bbox 2492 2548 2724 2611; x_wconf 90' lang='lat' dir='ltr'><strong>sciretis,</strong></span> <span class='ocrx_word' id='word_1_683' title='bbox 2750 2560 2922 2616; x_wconf 88' lang='lat' dir='ltr'><strong>neque</strong></span> <span class='ocrx_word' id='word_1_684' title='bbox 2947 2546 3025 2600; x_wconf 84' lang='lat' dir='ltr'><strong>sic</strong></span> <span class='ocrx_word' id='word_1_685' title='bbox 3048 2551 3324 2612; x_wconf 90' lang='lat' dir='ltr'><strong>oporteret</strong></span> <span class='ocrx_word' id='word_1_686' title='bbox 3355 2540 3522 2594; x_wconf 89' lang='lat' dir='ltr'><strong>averti</strong></span> <span class='ocrx_word' id='word_1_687' title='bbox 3553 2555 3564 2592; x_wconf 93' lang='lat'>:</span> <span class='ocrx_word' id='word_1_688' title='bbox 3596 2535 3851 2607; x_wconf 89' lang='lat' dir='ltr'><strong>quando-</strong></span> 
     </span>
    </p>
   </div>
   <div class='ocr_carea' id='block_1_86' title="bbox 2249 2632 3856 2714">
    <p class='ocr_par' dir='ltr' id='par_1_86' title="bbox 2249 2632 3856 2714">
     <span class='ocr_line' id='line_1_86' title="bbox 2249 2632 3856 2714; baseline -0.007 -18"><span class='ocrx_word' id='word_1_689' title='bbox 2249 2643 2462 2714; x_wconf 91' lang='lat' dir='ltr'><strong>quidem</strong></span> <span class='ocrx_word' id='word_1_690' title='bbox 2496 2642 2547 2696; x_wconf 89' lang='lat' dir='ltr'><strong>in</strong></span> <span class='ocrx_word' id='word_1_691' title='bbox 2582 2641 2807 2695; x_wconf 89' lang='lat' dir='ltr'><strong>theatris</strong></span> <span class='ocrx_word' id='word_1_692' title='bbox 2859 2639 3045 2694; x_wconf 89' lang='lat' dir='ltr'><strong>eadem</strong></span> <span class='ocrx_word' id='word_1_693' title='bbox 3084 2638 3196 2707; x_wconf 91' lang='lat' dir='ltr'><strong>ipsa</strong></span> <span class='ocrx_word' id='word_1_694' title='bbox 3224 2649 3440 2705; x_wconf 85' lang='lat' dir='ltr'><strong>semper</strong></span> <span class='ocrx_word' id='word_1_695' title='bbox 3486 2632 3642 2695; x_wconf 84' lang='lat' dir='ltr'><strong>liunt,</strong></span> <span class='ocrx_word' id='word_1_696' title='bbox 3671 2644 3856 2698; x_wconf 84' lang='lat' dir='ltr'><strong>neque</strong></span> 
     </span>
    </p>
   </div>
   <div class='ocr_carea' id='block_1_87' title="bbox 2253 2723 3860 2801">
    <p class='ocr_par' dir='ltr' id='par_1_87' title="bbox 2253 2723 3860 2801">
     <span class='ocr_line' id='line_1_87' title="bbox 2253 2723 3860 2801; baseline -0.008 -10"><span class='ocrx_word' id='word_1_697' title='bbox 2253 2746 2429 2791; x_wconf 87' lang='lat' dir='ltr'><strong>tamen</strong></span> <span class='ocrx_word' id='word_1_698' title='bbox 2455 2734 2745 2789; x_wconf 89' lang='lat' dir='ltr'><strong>satiamini.</strong></span> <span class='ocrx_word' id='word_1_699' title='bbox 2773 2732 2961 2801; x_wconf 86' lang='lat' dir='ltr'><strong>Qualia</strong></span> <span class='ocrx_word' id='word_1_700' title='bbox 2991 2731 3173 2786; x_wconf 90' lang='lat' dir='ltr'><strong>dicere</strong></span> <span class='ocrx_word' id='word_1_701' title='bbox 3199 2729 3386 2791; x_wconf 89' lang='lat' dir='ltr'><strong>audes,</strong></span> <span class='ocrx_word' id='word_1_702' title='bbox 3409 2727 3498 2797; x_wconf 92' lang='lat' dir='ltr'><strong>qui</strong></span> <span class='ocrx_word' id='word_1_703' title='bbox 3523 2741 3594 2780; x_wconf 90' lang='lat' dir='ltr'><strong>ne</strong></span> <span class='ocrx_word' id='word_1_704' title='bbox 3617 2723 3860 2794; x_wconf 91' lang='lat' dir='ltr'><strong>prophe-</strong></span> 
     </span>
    </p>
   </div>
   <div class='ocr_carea' id='block_1_88' title="bbox 2252 2818 3851 2898">
    <p class='ocr_par' dir='ltr' id='par_1_88' title="bbox 2252 2818 3851 2898">
     <span class='ocr_line' id='line_1_88' title="bbox 2252 2818 3851 2898; baseline -0.008 -14"><span class='ocrx_word' id='word_1_705' title='bbox 2252 2839 2425 2884; x_wconf 89' lang='lat' dir='ltr'><strong>tarum</strong></span> <span class='ocrx_word' id='word_1_706' title='bbox 2459 2829 2676 2884; x_wconf 89' lang='lat' dir='ltr'><strong>nomina</strong></span> <span class='ocrx_word' id='word_1_707' title='bbox 2728 2827 2944 2898; x_wconf 89' lang='lat' dir='ltr'><strong>quidem</strong></span> <span class='ocrx_word' id='word_1_708' title='bbox 2993 2826 3172 2879; x_wconf 79' lang='lat' dir='ltr'><strong>nosti?</strong></span> <span class='ocrx_word' id='word_1_709' title='bbox 3220 2822 3338 2878; x_wconf 84' lang='lat' dir='ltr'><strong>Non</strong></span> <span class='ocrx_word' id='word_1_710' title='bbox 3369 2829 3420 2875; x_wconf 89' lang='lat' dir='ltr'><strong>te</strong></span> <span class='ocrx_word' id='word_1_711' title='bbox 3453 2819 3615 2891; x_wconf 89' lang='lat' dir='ltr'><strong>pudet</strong></span> <span class='ocrx_word' id='word_1_712' title='bbox 3641 2818 3851 2883; x_wconf 85' lang='lat' dir='ltr'><strong>dicere,</strong></span> 
     </span>
    </p>
   </div>
   <div class='ocr_carea' id='block_1_89' title="bbox 2252 2910 3856 2988">
    <p class='ocr_par' dir='ltr' id='par_1_89' title="bbox 2252 2910 3856 2988">
     <span class='ocr_line' id='line_1_89' title="bbox 2252 2910 3856 2988; baseline -0.009 -11"><span class='ocrx_word' id='word_1_713' title='bbox 2252 2932 2304 2977; x_wconf 91' lang='lat' dir='ltr'><strong>te</strong></span> <span class='ocrx_word' id='word_1_714' title='bbox 2333 2920 2455 2976; x_wconf 91' lang='lat' dir='ltr'><strong>ideo</strong></span> <span class='ocrx_word' id='word_1_715' title='bbox 2485 2937 2592 2975; x_wconf 90' lang='lat' dir='ltr'><strong>non</strong></span> <span class='ocrx_word' id='word_1_716' title='bbox 2622 2919 2826 2984; x_wconf 90' lang='lat' dir='ltr'><strong>audire,</strong></span> <span class='ocrx_word' id='word_1_717' title='bbox 2858 2919 2981 2988; x_wconf 86' lang='lat' dir='ltr'><strong>quia</strong></span> <span class='ocrx_word' id='word_1_718' title='bbox 3008 2917 3196 2972; x_wconf 89' lang='lat' dir='ltr'><strong>eadem</strong></span> <span class='ocrx_word' id='word_1_719' title='bbox 3223 2930 3438 2984; x_wconf 86' lang='lat' dir='ltr'><strong>semper</strong></span> <span class='ocrx_word' id='word_1_720' title='bbox 3467 2913 3738 2982; x_wconf 83' lang='lat' dir='ltr'><strong>leguntur,</strong></span> <span class='ocrx_word' id='word_1_721' title='bbox 3762 2910 3856 2979; x_wconf 88' lang='lat' dir='ltr'><strong>qui</strong></span> 
     </span>
    </p>
   </div>
   <div class='ocr_carea' id='block_1_90' title="bbox 2253 3006 3860 3083">
    <p class='ocr_par' dir='ltr' id='par_1_90' title="bbox 2253 3006 3860 3083">
     <span class='ocr_line' id='line_1_90' title="bbox 2253 3006 3860 3083; baseline -0.007 -13"><span class='ocrx_word' id='word_1_722' title='bbox 2253 3030 2322 3070; x_wconf 89' lang='lat' dir='ltr'><strong>ne</strong></span> <span class='ocrx_word' id='word_1_723' title='bbox 2351 3015 2566 3070; x_wconf 91' lang='lat' dir='ltr'><strong>nomina</strong></span> <span class='ocrx_word' id='word_1_724' title='bbox 2589 3013 2807 3083; x_wconf 87' lang='lat' dir='ltr'><strong>quidem</strong></span> <span class='ocrx_word' id='word_1_725' title='bbox 2835 3012 3155 3082; x_wconf 85' lang='lat' dir='ltr'><strong>scriptorum</strong></span> <span class='ocrx_word' id='word_1_726' title='bbox 3183 3010 3346 3074; x_wconf 90' lang='lat' dir='ltr'><strong>nosti,</strong></span> <span class='ocrx_word' id='word_1_727' title='bbox 3375 3008 3498 3063; x_wconf 90' lang='lat' dir='ltr'><strong>licet</strong></span> <span class='ocrx_word' id='word_1_728' title='bbox 3521 3006 3612 3060; x_wconf 87' lang='lat' dir='ltr'><strong>illa</strong></span> <span class='ocrx_word' id='word_1_729' title='bbox 3637 3018 3860 3072; x_wconf 85' lang='lat' dir='ltr'><strong>semper</strong></span> 
     </span>
    </p>
   </div>
   <div class='ocr_carea' id='block_1_91' title="bbox 2253 3097 3856 3175">
    <p class='ocr_par' dir='ltr' id='par_1_91' title="bbox 2253 3097 3856 3175">
     <span class='ocr_line' id='line_1_91' title="bbox 2253 3097 3856 3175; baseline -0.008 -12"><span class='ocrx_word' id='word_1_730' title='bbox 2253 3106 2474 3163; x_wconf 89' lang='lat' dir='ltr'><strong>audias?</strong></span> <span class='ocrx_word' id='word_1_731' title='bbox 2515 3107 2648 3162; x_wconf 86' lang='lat' dir='ltr'><strong>Nam</strong></span> <span class='ocrx_word' id='word_1_732' title='bbox 2681 3116 2734 3160; x_wconf 92' lang='lat' dir='ltr'><strong>tu</strong></span> <span class='ocrx_word' id='word_1_733' title='bbox 2764 3119 2977 3175; x_wconf 84' lang='lat' dir='ltr'><strong>quoque</strong></span> <span class='ocrx_word' id='word_1_734' title='bbox 3005 3102 3315 3168; x_wconf 83' lang='lat' dir='ltr'><strong>confiteris,</strong></span> <span class='ocrx_word' id='word_1_735' title='bbox 3346 3101 3535 3157; x_wconf 88' lang='lat' dir='ltr'><strong>eadem</strong></span> <span class='ocrx_word' id='word_1_736' title='bbox 3577 3101 3689 3168; x_wconf 89' lang='lat' dir='ltr'><strong>ipsa</strong></span> <span class='ocrx_word' id='word_1_737' title='bbox 3723 3097 3856 3151; x_wconf 90' lang='lat' dir='ltr'><strong>dici.</strong></span> 
     </span>
    </p>
   </div>
   <div class='ocr_carea' id='block_1_92' title="bbox 2256 3187 3859 3270">
    <p class='ocr_par' dir='ltr' id='par_1_92' title="bbox 2256 3187 3859 3270">
     <span class='ocr_line' id='line_1_92' title="bbox 2256 3187 3859 3270; baseline -0.007 -15"><span class='ocrx_word' id='word_1_738' title='bbox 2256 3201 2367 3270; x_wconf 86' lang='lat' dir='ltr'><strong>Ego</strong></span> <span class='ocrx_word' id='word_1_739' title='bbox 2379 3200 2421 3256; x_wconf 91' lang='lat' dir='ltr'><strong>si</strong></span> <span class='ocrx_word' id='word_1_740' title='bbox 2437 3211 2487 3255; x_wconf 93' lang='lat' dir='ltr'><strong>te</strong></span> <span class='ocrx_word' id='word_1_741' title='bbox 2499 3197 2801 3254; x_wconf 88' lang='lat' dir='ltr'><strong>accusando</strong></span> <span class='ocrx_word' id='word_1_742' title='bbox 2820 3197 2933 3252; x_wconf 79' lang='lat' dir='ltr'><strong>haec</strong></span> <span class='ocrx_word' id='word_1_743' title='bbox 2951 3195 3226 3257; x_wconf 75' lang='lat' dir='ltr'><strong>dixissem,</strong></span> <span class='ocrx_word' id='word_1_744' title='bbox 3247 3187 3519 3264; x_wconf 81' lang='lat' dir='ltr'><strong>oporteret</strong></span> <span class='ocrx_word' id='word_1_745' title='bbox 3539 3199 3591 3246; x_wconf 91' lang='lat' dir='ltr'><strong>te</strong></span> <span class='ocrx_word' id='word_1_746' title='bbox 3607 3190 3673 3245; x_wconf 86' lang='lat' dir='ltr'><strong>ad</strong></span> <span class='ocrx_word' id='word_1_747' title='bbox 3693 3190 3859 3244; x_wconf 89' lang='lat' dir='ltr'><strong>aliam</strong></span> 
     </span>
    </p>
   </div>
   <div class='ocr_carea' id='block_1_93' title="bbox 2255 3285 3861 3361">
    <p class='ocr_par' dir='ltr' id='par_1_93' title="bbox 2255 3285 3861 3361">
     <span class='ocr_line' id='line_1_93' title="bbox 2255 3285 3861 3361; baseline -0.006 -13"><span class='ocrx_word' id='word_1_748' title='bbox 2255 3292 2620 3348; x_wconf 88' lang='lat' dir='ltr'><strong>defensionem</strong></span> <span class='ocrx_word' id='word_1_749' title='bbox 2647 3289 2960 3361; x_wconf 84' lang='lat' dir='ltr'><strong>confugere,</strong></span> <span class='ocrx_word' id='word_1_750' title='bbox 2989 3297 3044 3343; x_wconf 90' lang='lat' dir='ltr'><strong>et</strong></span> <span class='ocrx_word' id='word_1_751' title='bbox 3069 3302 3176 3343; x_wconf 89' lang='lat' dir='ltr'><strong>non</strong></span> <span class='ocrx_word' id='word_1_752' title='bbox 3196 3285 3264 3341; x_wconf 90' lang='lat' dir='ltr'><strong>ad</strong></span> <span class='ocrx_word' id='word_1_753' title='bbox 3286 3285 3678 3341; x_wconf 88' lang='lat' dir='ltr'><strong>accusationem</strong></span> <span class='ocrx_word' id='word_1_754' title='bbox 3710 3291 3861 3338; x_wconf 86' lang='lat' dir='ltr'><strong>tuam</strong></span> 
     </span>
    </p>
   </div>
   <div class='ocr_carea' id='block_1_94' title="bbox 2255 3375 3862 3452">
    <p class='ocr_par' dir='ltr' id='par_1_94' title="bbox 2255 3375 3862 3452">
     <span class='ocr_line' id='line_1_94' title="bbox 2255 3375 3862 3452; baseline -0.007 -11"><span class='ocrx_word' id='word_1_755' title='bbox 2255 3387 2458 3441; x_wconf 84' lang='lat' dir='ltr'><strong>venire.</strong></span> <span class='ocrx_word' id='word_1_756' title='bbox 2496 3385 2592 3441; x_wconf 92' lang='lat' dir='ltr'><strong>Dic</strong></span> <span class='ocrx_word' id='word_1_757' title='bbox 2615 3384 2767 3452; x_wconf 91' lang='lat' dir='ltr'><strong>mihi,</strong></span> <span class='ocrx_word' id='word_1_758' title='bbox 2792 3399 2971 3439; x_wconf 88' lang='lat' dir='ltr'><strong>annon</strong></span> <span class='ocrx_word' id='word_1_759' title='bbox 2994 3382 3253 3437; x_wconf 86' lang='lat' dir='ltr'><strong>admones</strong></span> <span class='ocrx_word' id='word_1_760' title='bbox 3274 3380 3440 3434; x_wconf 84' lang='lat' dir='ltr'><strong>filium</strong></span> <span class='ocrx_word' id='word_1_761' title='bbox 3467 3377 3657 3433; x_wconf 85' lang='lat' dir='ltr'><strong>tuum?</strong></span> <span class='ocrx_word' id='word_1_762' title='bbox 3685 3376 3744 3430; x_wconf 89' lang='lat' dir='ltr'><strong>Si</strong></span> <span class='ocrx_word' id='word_1_763' title='bbox 3771 3375 3862 3431; x_wconf 84' lang='lat' dir='ltr'><strong>di-</strong></span> 
     </span>
    </p>
   </div>
   <div class='ocr_carea' id='block_1_95' title="bbox 2257 3478 3866 3548">
    <p class='ocr_par' dir='ltr' id='par_1_95' title="bbox 2257 3478 3866 3548">
     <span class='ocr_line' id='line_1_95' title="bbox 2257 3478 3866 3548; baseline -0.005 -13"><span class='ocrx_word' id='word_1_764' title='bbox 2257 3487 2404 3535; x_wconf 89' lang='lat' dir='ltr'><strong>ceret</strong></span> <span class='ocrx_word' id='word_1_765' title='bbox 2431 3479 2554 3546; x_wconf 89' lang='lat' dir='ltr'><strong>ille,</strong></span> <span class='ocrx_word' id='word_1_766' title='bbox 2580 3479 2810 3548; x_wconf 90' lang='lat' dir='ltr'><strong>Semper</strong></span> <span class='ocrx_word' id='word_1_767' title='bbox 2848 3478 3071 3543; x_wconf 89' lang='lat' dir='ltr'><strong>eadem;</strong></span> <span class='ocrx_word' id='word_1_768' title='bbox 3105 3491 3282 3531; x_wconf 85' lang='lat' dir='ltr'><strong>annon</strong></span> <span class='ocrx_word' id='word_1_769' title='bbox 3334 3486 3550 3545; x_wconf 87' lang='lat' dir='ltr'><strong>putares</strong></span> <span class='ocrx_word' id='word_1_770' title='bbox 3579 3481 3866 3527; x_wconf 87' lang='lat' dir='ltr'><strong>contume-</strong></span> 
     </span>
    </p>
   </div>
   <div class='ocr_carea' id='block_1_96' title="bbox 2259 3564 3864 3641">
    <p class='ocr_par' dir='ltr' id='par_1_96' title="bbox 2259 3564 3864 3641">
     <span class='ocr_line' id='line_1_96' title="bbox 2259 3564 3864 3641; baseline -0.004 -15"><span class='ocrx_word' id='word_1_771' title='bbox 2259 3571 2382 3626; x_wconf 92' lang='lat' dir='ltr'><strong>liam</strong></span> <span class='ocrx_word' id='word_1_772' title='bbox 2409 3571 2573 3627; x_wconf 87' lang='lat' dir='ltr'><strong>esse?</strong></span> <span class='ocrx_word' id='word_1_773' title='bbox 2617 3571 2768 3626; x_wconf 83' lang='lat' dir='ltr'><strong>Tunc</strong></span> <span class='ocrx_word' id='word_1_774' title='bbox 2795 3585 2894 3641; x_wconf 89' lang='lat' dir='ltr'><strong>par</strong></span> <span class='ocrx_word' id='word_1_775' title='bbox 2924 3578 3068 3626; x_wconf 87' lang='lat' dir='ltr'><strong>esset</strong></span> <span class='ocrx_word' id='word_1_776' title='bbox 3095 3584 3199 3623; x_wconf 93' lang='lat' dir='ltr'><strong>non</strong></span> <span class='ocrx_word' id='word_1_777' title='bbox 3231 3567 3420 3624; x_wconf 88' lang='lat' dir='ltr'><strong>eadem</strong></span> <span class='ocrx_word' id='word_1_778' title='bbox 3467 3566 3669 3632; x_wconf 88' lang='lat' dir='ltr'><strong>dicere,</strong></span> <span class='ocrx_word' id='word_1_779' title='bbox 3694 3565 3740 3619; x_wconf 89' lang='lat' dir='ltr'><strong>si</strong></span> <span class='ocrx_word' id='word_1_780' title='bbox 3769 3564 3864 3620; x_wconf 81' lang='lat' dir='ltr'><strong>illa</strong></span> 
     </span>
    </p>
   </div>
   <div class='ocr_carea' id='block_1_97' title="bbox 2258 3662 3866 3736">
    <p class='ocr_par' dir='ltr' id='par_1_97' title="bbox 2258 3662 3866 3736">
     <span class='ocr_line' id='line_1_97' title="bbox 2258 3662 3866 3736; baseline -0.005 -14"><span class='ocrx_word' id='word_1_781' title='bbox 2258 3667 2540 3734; x_wconf 85' lang='lat' dir='ltr'><strong>sciremus,</strong></span> <span class='ocrx_word' id='word_1_782' title='bbox 2573 3676 2627 3722; x_wconf 90' lang='lat' dir='ltr'><strong>et</strong></span> <span class='ocrx_word' id='word_1_783' title='bbox 2656 3666 2910 3736; x_wconf 84' lang='lat' dir='ltr'><strong>operibus</strong></span> <span class='ocrx_word' id='word_1_784' title='bbox 2950 3664 3363 3727; x_wconf 76' lang='lat' dir='ltr'><strong>exhiberemus;</strong></span> <span class='ocrx_word' id='word_1_785' title='bbox 3392 3662 3500 3715; x_wconf 93' lang='lat' dir='ltr'><strong>imo</strong></span> <span class='ocrx_word' id='word_1_786' title='bbox 3533 3674 3708 3730; x_wconf 88' lang='lat' dir='ltr'><strong>neque</strong></span> <span class='ocrx_word' id='word_1_787' title='bbox 3730 3668 3866 3714; x_wconf 89' lang='lat' dir='ltr'><strong>tunc</strong></span> 
     </span>
    </p>
   </div>
   <div class='ocr_carea' id='block_1_98' title="bbox 2259 3753 3868 3834">
    <p class='ocr_par' dir='ltr' id='par_1_98' title="bbox 2259 3753 3868 3834">
     <span class='ocr_line' id='line_1_98' title="bbox 2259 3753 3868 3834; baseline -0.007 -16"><span class='ocrx_word' id='word_1_788' title='bbox 2259 3762 2529 3834; x_wconf 82' lang='lat' dir='ltr'><strong>superﬂua</strong></span> <span class='ocrx_word' id='word_1_789' title='bbox 2586 3761 2744 3815; x_wconf 90' lang='lat' dir='ltr'><strong>lectio</strong></span> <span class='ocrx_word' id='word_1_790' title='bbox 2791 3769 2954 3814; x_wconf 78' lang='lat' dir='ltr'><strong>CSsCt.</strong></span> <span class='ocrx_word' id='word_1_791' title='bbox 3003 3757 3140 3826; x_wconf 89' lang='lat' dir='ltr'><strong>Quid</strong></span> <span class='ocrx_word' id='word_1_792' title='bbox 3191 3772 3286 3827; x_wconf 87' lang='lat' dir='ltr'><strong>par</strong></span> <span class='ocrx_word' id='word_1_793' title='bbox 3336 3753 3661 3810; x_wconf 86' lang='lat' dir='ltr'><strong>Timotheo?</strong></span> <span class='ocrx_word' id='word_1_794' title='bbox 3703 3753 3868 3807; x_wconf 80' lang='lat' dir='ltr'><strong>Atta-</strong></span> 
     </span>
    </p>
   </div>
   <div class='ocr_carea' id='block_1_99' title="bbox 2262 3843 3870 3911">
    <p class='ocr_par' dir='ltr' id='par_1_99' title="bbox 2262 3843 3870 3911">
     <span class='ocr_line' id='line_1_99' title="bbox 2262 3843 3870 3911; baseline -0.007 0"><span class='ocrx_word' id='word_1_795' title='bbox 2262 3871 2384 3911; x_wconf 91' lang='lat' dir='ltr'><strong>men</strong></span> <span class='ocrx_word' id='word_1_796' title='bbox 2415 3854 2492 3908; x_wconf 93' lang='lat' dir='ltr'><strong>illi</strong></span> <span class='ocrx_word' id='word_1_797' title='bbox 2519 3853 2762 3908; x_wconf 87' lang='lat' dir='ltr'><strong>scribcns</strong></span> <span class='ocrx_word' id='word_1_798' title='bbox 2803 3850 3000 3906; x_wconf 88' lang='lat' dir='ltr'><strong>Paulus</strong></span> <span class='ocrx_word' id='word_1_799' title='bbox 3039 3849 3291 3904; x_wconf 88' lang='lat' dir='ltr'><strong>dicebat:</strong></span> <span class='ocrx_word' id='word_1_800' title='bbox 3341 3845 3554 3902; x_wconf 76' lang='lat' dir='ltr'><strong>Attende</strong></span> <span class='ocrx_word' id='word_1_801' title='bbox 3571 3843 3788 3899; x_wconf 64' lang='lat' dir='ltr'><strong>lectioni</strong></span> <span class='ocrx_word' id='word_1_802' title='bbox 3814 3853 3870 3899; x_wconf 84' lang='lat' dir='ltr'><strong>et</strong></span> 
     </span>
    </p>
   </div>
   <div class='ocr_carea' id='block_1_100' title="bbox 2259 3941 3869 4019">
    <p class='ocr_par' dir='ltr' id='par_1_100' title="bbox 2259 3941 3869 4019">
     <span class='ocr_line' id='line_1_100' title="bbox 2259 3941 3869 4019; baseline -0.009 -14"><span class='ocrx_word' id='word_1_803' title='bbox 2259 3948 2599 4005; x_wconf 69' lang='lat' dir='ltr'><strong>exhortatiom&#39;</strong></span> <span class='ocrx_word' id='word_1_804' title='bbox 2625 3946 2714 4019; x_wconf 81' lang='grc'><strong>(1.</strong></span> <span class='ocrx_word' id='word_1_805' title='bbox 2745 3943 2881 4000; x_wconf 83' lang='lat' dir='ltr'><strong>Tim.</strong></span> <span class='ocrx_word' id='word_1_806' title='bbox 2911 3946 2961 3999; x_wconf 71' lang='lat' dir='ltr'><strong>l.</strong></span> <span class='ocrx_word' id='word_1_807' title='bbox 2995 3943 3115 4013; x_wconf 75' lang='grc'><strong>15).</strong></span> <span class='ocrx_word' id='word_1_808' title='bbox 3149 3941 3331 4012; x_wconf 85' lang='lat' dir='ltr'><strong>Neque</strong></span> <span class='ocrx_word' id='word_1_809' title='bbox 3361 3941 3504 3996; x_wconf 91' lang='lat' dir='ltr'><strong>enim</strong></span> <span class='ocrx_word' id='word_1_810' title='bbox 3531 3946 3714 4010; x_wconf 86' lang='lat' dir='ltr'><strong>potest</strong></span> <span class='ocrx_word' id='word_1_811' title='bbox 3743 3953 3869 3992; x_wconf 82' lang='lat' dir='ltr'><strong>um-</strong></span> 
     </span>
    </p>
   </div>
   <div class='ocr_carea' id='block_1_101' title="bbox 2261 4029 3869 4113">
    <p class='ocr_par' dir='ltr' id='par_1_101' title="bbox 2261 4029 3869 4113">
     <span class='ocr_line' id='line_1_101' title="bbox 2261 4029 3869 4113; baseline -0.008 -17"><span class='ocrx_word' id='word_1_812' title='bbox 2261 4056 2418 4113; x_wconf 90' lang='lat' dir='ltr'><strong>quam</strong></span> <span class='ocrx_word' id='word_1_813' title='bbox 2447 4055 2640 4097; x_wconf 89' lang='lat' dir='ltr'><strong>sensus</strong></span> <span class='ocrx_word' id='word_1_814' title='bbox 2679 4038 3080 4109; x_wconf 88' lang='lat' dir='ltr'><strong>Scriptorarum</strong></span> <span class='ocrx_word' id='word_1_815' title='bbox 3113 4033 3386 4089; x_wconf 82' lang='lat' dir='ltr'><strong>exhauriri</strong></span> <span class='ocrx_word' id='word_1_816' title='bbox 3417 4050 3430 4086; x_wconf 94' lang='lat'>:</span> <span class='ocrx_word' id='word_1_817' title='bbox 3461 4030 3582 4086; x_wconf 83' lang='lat' dir='ltr'><strong>fons</strong></span> <span class='ocrx_word' id='word_1_818' title='bbox 3625 4039 3712 4086; x_wconf 89' lang='lat' dir='ltr'><strong>est</strong></span> <span class='ocrx_word' id='word_1_819' title='bbox 3757 4029 3869 4084; x_wconf 84' lang='lat' dir='ltr'><strong>im-</strong></span> 
     </span>
    </p>
   </div>
   <div class='ocr_carea' id='block_1_102' title="bbox 2262 4123 3870 4201">
    <p class='ocr_par' dir='ltr' id='par_1_102' title="bbox 2262 4123 3870 4201">
     <span class='ocr_line' id='line_1_102' title="bbox 2262 4123 3870 4201; baseline -0.007 -9"><span class='ocrx_word' id='word_1_820' title='bbox 2262 4149 2501 4192; x_wconf 88' lang='lat' dir='ltr'><strong>mensus.</strong></span> <span class='ocrx_word' id='word_1_821' title='bbox 2561 4133 2750 4190; x_wconf 89' lang='lat' dir='ltr'><strong>Dicere</strong></span> <span class='ocrx_word' id='word_1_822' title='bbox 2779 4134 2955 4188; x_wconf 90' lang='lat' dir='ltr'><strong>solent</strong></span> <span class='ocrx_word' id='word_1_823' title='bbox 2975 4167 2991 4192; x_wconf 85' lang='lat'><strong>,</strong></span> <span class='ocrx_word' id='word_1_824' title='bbox 3025 4130 3178 4198; x_wconf 75' lang='lat' dir='ltr'><strong>N0\&#39;i,</strong></span> <span class='ocrx_word' id='word_1_825' title='bbox 3207 4128 3476 4201; x_wconf 89' lang='lat' dir='ltr'><strong>inquiunt,</strong></span> <span class='ocrx_word' id='word_1_826' title='bbox 3504 4136 3558 4182; x_wconf 90' lang='lat' dir='ltr'><strong>et</strong></span> <span class='ocrx_word' id='word_1_827' title='bbox 3589 4136 3701 4180; x_wconf 89' lang='lat' dir='ltr'><strong>tum</strong></span> <span class='ocrx_word' id='word_1_828' title='bbox 3729 4123 3870 4180; x_wconf 89' lang='lat' dir='ltr'><strong>mihi</strong></span> 
     </span>
    </p>
   </div>
   <div class='ocr_carea' id='block_1_103' title="bbox 2265 4221 3872 4290">
    <p class='ocr_par' dir='ltr' id='par_1_103' title="bbox 2265 4221 3872 4290">
     <span class='ocr_line' id='line_1_103' title="bbox 2265 4221 3872 4290; baseline -0.006 -5"><span class='ocrx_word' id='word_1_829' title='bbox 2265 4228 2492 4285; x_wconf 81' lang='lat' dir='ltr'><strong>efﬂuxit.</strong></span> <span class='ocrx_word' id='word_1_830' title='bbox 2513 4228 2690 4283; x_wconf 77' lang='lat' dir='ltr'><strong>Vultis</strong></span> <span class='ocrx_word' id='word_1_831' title='bbox 2710 4227 3013 4290; x_wconf 89' lang='lat' dir='ltr'><strong>ostendam,</strong></span> <span class='ocrx_word' id='word_1_832' title='bbox 3042 4225 3158 4280; x_wconf 60' lang='lat' dir='ltr'><strong>hate</strong></span> <span class='ocrx_word' id='word_1_833' title='bbox 3184 4241 3289 4279; x_wconf 90' lang='lat' dir='ltr'><strong>non</strong></span> <span class='ocrx_word' id='word_1_834' title='bbox 3319 4239 3440 4280; x_wconf 87' lang='lat' dir='ltr'><strong>esse</strong></span> <span class='ocrx_word' id='word_1_835' title='bbox 3468 4221 3696 4279; x_wconf 87' lang='lat' dir='ltr'><strong>eadem?</strong></span> <span class='ocrx_word' id='word_1_836' title='bbox 3722 4221 3872 4290; x_wconf 88' lang='lat' dir='ltr'><strong>Quot</strong></span> 
     </span>
    </p>
   </div>
   <div class='ocr_carea' id='block_1_104' title="bbox 2265 4317 3870 4394">
    <p class='ocr_par' dir='ltr' id='par_1_104' title="bbox 2265 4317 3870 4394">
     <span class='ocr_line' id='line_1_104' title="bbox 2265 4317 3870 4394; baseline -0.002 -16"><span class='ocrx_word' id='word_1_837' title='bbox 2265 4324 2461 4394; x_wconf 89' lang='lat' dir='ltr'><strong>putatis</strong></span> <span class='ocrx_word' id='word_1_838' title='bbox 2504 4338 2568 4378; x_wconf 81' lang='lat' dir='ltr'><strong>ex</strong></span> <span class='ocrx_word' id='word_1_839' title='bbox 2608 4320 2911 4391; x_wconf 84' lang='lat' dir='ltr'><strong>Evangeliis</strong></span> <span class='ocrx_word' id='word_1_840' title='bbox 2953 4319 3204 4390; x_wconf 92' lang='lat' dir='ltr'><strong>loquutos</strong></span> <span class='ocrx_word' id='word_1_841' title='bbox 3253 4320 3412 4375; x_wconf 81' lang='lat' dir='ltr'><strong>esse?</strong></span> <span class='ocrx_word' id='word_1_842' title='bbox 3452 4317 3560 4374; x_wconf 90' lang='lat' dir='ltr'><strong>Sed</strong></span> <span class='ocrx_word' id='word_1_843' title='bbox 3588 4317 3642 4373; x_wconf 90' lang='lat' dir='ltr'><strong>hi</strong></span> <span class='ocrx_word' id='word_1_844' title='bbox 3671 4331 3870 4374; x_wconf 82' lang='lat' dir='ltr'><strong>omnes</strong></span> 
     </span>
    </p>
   </div>
   <div class='ocr_carea' id='block_1_105' title="bbox 2264 4411 3871 4487">
    <p class='ocr_par' dir='ltr' id='par_1_105' title="bbox 2264 4411 3871 4487">
     <span class='ocr_line' id='line_1_105' title="bbox 2264 4411 3871 4487; baseline -0.002 -16"><span class='ocrx_word' id='word_1_845' title='bbox 2264 4432 2400 4472; x_wconf 84' lang='lat' dir='ltr'><strong>nova</strong></span> <span class='ocrx_word' id='word_1_846' title='bbox 2425 4415 2669 4487; x_wconf 68' lang='lat' dir='ltr'><strong>quaedam</strong></span> <span class='ocrx_word' id='word_1_847' title='bbox 2695 4414 2973 4469; x_wconf 76' lang='lat' dir='ltr'><strong>dixerunt.</strong></span> <span class='ocrx_word' id='word_1_848' title='bbox 3019 4413 3232 4480; x_wconf 90' lang='lat' dir='ltr'><strong>Quanto</strong></span> <span class='ocrx_word' id='word_1_849' title='bbox 3261 4414 3406 4468; x_wconf 92' lang='lat' dir='ltr'><strong>enim</strong></span> <span class='ocrx_word' id='word_1_850' title='bbox 3443 4412 3615 4482; x_wconf 84' lang='lat' dir='ltr'><strong>magis</strong></span> <span class='ocrx_word' id='word_1_851' title='bbox 3658 4412 3712 4467; x_wconf 85' lang='lat' dir='ltr'><strong>in</strong></span> <span class='ocrx_word' id='word_1_852' title='bbox 3760 4411 3871 4467; x_wconf 85' lang='lat' dir='ltr'><strong>illis</strong></span> 
     </span>
    </p>
   </div>
   <div class='ocr_carea' id='block_1_106' title="bbox 2264 4507 3872 4579">
    <p class='ocr_par' dir='ltr' id='par_1_106' title="bbox 2264 4507 3872 4579">
     <span class='ocr_line' id='line_1_106' title="bbox 2264 4507 3872 4579; baseline 0.001 -15"><span class='ocrx_word' id='word_1_853' title='bbox 2264 4519 2532 4574; x_wconf 88' lang='lat' dir='ltr'><strong>versatur,</strong></span> <span class='ocrx_word' id='word_1_854' title='bbox 2562 4518 2712 4564; x_wconf 88' lang='lat' dir='ltr'><strong>tanto</strong></span> <span class='ocrx_word' id='word_1_855' title='bbox 2733 4508 2946 4564; x_wconf 90' lang='lat' dir='ltr'><strong>acutius</strong></span> <span class='ocrx_word' id='word_1_856' title='bbox 2976 4507 3142 4573; x_wconf 83' lang='lat' dir='ltr'><strong>videt,</strong></span> <span class='ocrx_word' id='word_1_857' title='bbox 3180 4518 3329 4562; x_wconf 90' lang='lat' dir='ltr'><strong>tanto</strong></span> <span class='ocrx_word' id='word_1_858' title='bbox 3373 4507 3642 4578; x_wconf 89' lang='lat' dir='ltr'><strong>puriorem</strong></span> <span class='ocrx_word' id='word_1_859' title='bbox 3671 4509 3872 4579; x_wconf 84' lang='lat' dir='ltr'><strong>aspicit</strong></span> 
     </span>
    </p>
   </div>
   <div class='ocr_carea' id='block_1_107' title="bbox 2265 4599 3867 4672">
    <p class='ocr_par' dir='ltr' id='par_1_107' title="bbox 2265 4599 3867 4672">
     <span class='ocr_line' id='line_1_107' title="bbox 2265 4599 3867 4672; baseline 0.001 -14"><span class='ocrx_word' id='word_1_860' title='bbox 2265 4604 2459 4658; x_wconf 93' lang='lat' dir='ltr'><strong>lucem.</strong></span> <span class='ocrx_word' id='word_1_861' title='bbox 2482 4601 2618 4657; x_wconf 85' lang='lat' dir='ltr'><strong>Ecce</strong></span> <span class='ocrx_word' id='word_1_862' title='bbox 2642 4611 2842 4672; x_wconf 88' lang='lat' dir='ltr'><strong>quanta</strong></span> <span class='ocrx_word' id='word_1_863' title='bbox 2872 4601 3013 4655; x_wconf 93' lang='lat' dir='ltr'><strong>dico.</strong></span> <span class='ocrx_word' id='word_1_864' title='bbox 3040 4599 3178 4668; x_wconf 85' lang='lat' dir='ltr'><strong>Quid</strong></span> <span class='ocrx_word' id='word_1_865' title='bbox 3205 4612 3286 4655; x_wconf 90' lang='lat' dir='ltr'><strong>est</strong></span> <span class='ocrx_word' id='word_1_866' title='bbox 3315 4599 3634 4672; x_wconf 86' lang='lat' dir='ltr'><strong>prophetia?</strong></span> <span class='ocrx_word' id='word_1_867' title='bbox 3659 4599 3824 4656; x_wconf 88' lang='lat' dir='ltr'><strong>dicite</strong></span> <span class='ocrx_word' id='word_1_868' title='bbox 3851 4622 3867 4660; x_wconf 89' lang='lat'>:</span> 
     </span>
    </p>
   </div>
   <div class='ocr_carea' id='block_1_108' title="bbox 2266 4693 3871 4765">
    <p class='ocr_par' dir='ltr' id='par_1_108' title="bbox 2266 4693 3871 4765">
     <span class='ocr_line' id='line_1_108' title="bbox 2266 4693 3871 4765; baseline 0.001 -16"><span class='ocrx_word' id='word_1_869' title='bbox 2266 4695 2391 4765; x_wconf 94' lang='lat' dir='ltr'><strong>quid</strong></span> <span class='ocrx_word' id='word_1_870' title='bbox 2434 4695 2838 4750; x_wconf 86' lang='lat' dir='ltr'><strong>enarrationcs?</strong></span> <span class='ocrx_word' id='word_1_871' title='bbox 2879 4694 3005 4764; x_wconf 92' lang='lat' dir='ltr'><strong>quid</strong></span> <span class='ocrx_word' id='word_1_872' title='bbox 3057 4695 3343 4764; x_wconf 87' lang='lat' dir='ltr'><strong>parabola?</strong></span> <span class='ocrx_word' id='word_1_873' title='bbox 3395 4693 3520 4764; x_wconf 89' lang='lat' dir='ltr'><strong>quid</strong></span> <span class='ocrx_word' id='word_1_874' title='bbox 3571 4694 3871 4765; x_wconf 77' lang='lat' dir='ltr'><strong>allegoria?</strong></span> 
     </span>
    </p>
   </div>
   <div class='ocr_carea' id='block_1_109' title="bbox 2266 4787 3872 4860">
    <p class='ocr_par' dir='ltr' id='par_1_109' title="bbox 2266 4787 3872 4860">
     <span class='ocr_line' id='line_1_109' title="bbox 2266 4787 3872 4860; baseline 0.002 -18"><span class='ocrx_word' id='word_1_875' title='bbox 2266 4790 2391 4859; x_wconf 89' lang='lat' dir='ltr'><strong>quid</strong></span> <span class='ocrx_word' id='word_1_876' title='bbox 2442 4790 2632 4860; x_wconf 80' lang='lat' dir='ltr'><strong>typus?</strong></span> <span class='ocrx_word' id='word_1_877' title='bbox 2664 4788 2789 4858; x_wconf 86' lang='lat' dir='ltr'><strong>quid</strong></span> <span class='ocrx_word' id='word_1_878' title='bbox 2847 4787 3186 4860; x_wconf 88' lang='lat' dir='ltr'><strong>symbolum?</strong></span> <span class='ocrx_word' id='word_1_879' title='bbox 3235 4789 3362 4856; x_wconf 86' lang='lat' dir='ltr'><strong>quid</strong></span> <span class='ocrx_word' id='word_1_880' title='bbox 3409 4788 3721 4858; x_wconf 84' lang='lat' dir='ltr'><strong>evangelia?</strong></span> <span class='ocrx_word' id='word_1_881' title='bbox 3752 4788 3872 4846; x_wconf 80' lang='lat' dir='ltr'><strong>Hoc</strong></span> 
     </span>
    </p>
   </div>
   <div class='ocr_carea' id='block_1_110' title="bbox 2272 4879 3874 4950">
    <p class='ocr_par' dir='ltr' id='par_1_110' title="bbox 2272 4879 3874 4950">
     <span class='ocr_line' id='line_1_110' title="bbox 2272 4879 3874 4950; baseline 0.001 -15"><span class='ocrx_word' id='word_1_882' title='bbox 2272 4899 2397 4936; x_wconf 88' lang='lat' dir='ltr'><strong>vero</strong></span> <span class='ocrx_word' id='word_1_883' title='bbox 2418 4893 2620 4936; x_wconf 79' lang='lat' dir='ltr'><strong>taulum</strong></span> <span class='ocrx_word' id='word_1_884' title='bbox 2646 4881 2772 4935; x_wconf 88' lang='lat' dir='ltr'><strong>mihi</strong></span> <span class='ocrx_word' id='word_1_885' title='bbox 2803 4881 2984 4946; x_wconf 89' lang='lat' dir='ltr'><strong>dicite,</strong></span> <span class='ocrx_word' id='word_1_886' title='bbox 3016 4881 3157 4950; x_wconf 88' lang='lat' dir='ltr'><strong>quod</strong></span> <span class='ocrx_word' id='word_1_887' title='bbox 3189 4879 3392 4936; x_wconf 90' lang='lat' dir='ltr'><strong>clarum</strong></span> <span class='ocrx_word' id='word_1_888' title='bbox 3420 4891 3502 4936; x_wconf 88' lang='lat' dir='ltr'><strong>est</strong></span> <span class='ocrx_word' id='word_1_889' title='bbox 3522 4923 3537 4947; x_wconf 94' lang='lat'><strong>,</strong></span> <span class='ocrx_word' id='word_1_890' title='bbox 3566 4895 3662 4935; x_wconf 92' lang='lat' dir='ltr'><strong>cur</strong></span> <span class='ocrx_word' id='word_1_891' title='bbox 3690 4881 3874 4937; x_wconf 82' lang='lat' dir='ltr'><strong>Evan-</strong></span> 
     </span>
    </p>
   </div>
   <div class='ocr_carea' id='block_1_111' title="bbox 2265 4972 3871 5045">
    <p class='ocr_par' dir='ltr' id='par_1_111' title="bbox 2265 4972 3871 5045">
     <span class='ocr_line' id='line_1_111' title="bbox 2265 4972 3871 5045; baseline 0.001 -17"><span class='ocrx_word' id='word_1_892' title='bbox 2265 4976 2402 5045; x_wconf 82' lang='lat' dir='ltr'><strong>gelia</strong></span> <span class='ocrx_word' id='word_1_893' title='bbox 2430 4976 2567 5029; x_wconf 88' lang='lat' dir='ltr'><strong>dicta</strong></span> <span class='ocrx_word' id='word_1_894' title='bbox 2595 4977 2760 5028; x_wconf 87' lang='lat' dir='ltr'><strong>sunt?</strong></span> <span class='ocrx_word' id='word_1_895' title='bbox 2785 4974 2948 5044; x_wconf 86' lang='lat' dir='ltr'><strong>Atqui</strong></span> <span class='ocrx_word' id='word_1_896' title='bbox 2975 4988 3118 5043; x_wconf 79' lang='lat' dir='ltr'><strong>sche</strong></span> <span class='ocrx_word' id='word_1_897' title='bbox 3154 4972 3399 5037; x_wconf 88' lang='lat' dir='ltr'><strong>audistis,</strong></span> <span class='ocrx_word' id='word_1_898' title='bbox 3425 4972 3568 5043; x_wconf 92' lang='lat' dir='ltr'><strong>quod</strong></span> <span class='ocrx_word' id='word_1_899' title='bbox 3591 4975 3871 5042; x_wconf 83' lang='lat' dir='ltr'><strong>evangelia</strong></span> 
     </span>
    </p>
   </div>
   <div class='ocr_carea' id='block_1_112' title="bbox 2267 5066 3870 5124">
    <p class='ocr_par' dir='ltr' id='par_1_112' title="bbox 2267 5066 3870 5124">
     <span class='ocr_line' id='line_1_112' title="bbox 2267 5066 3870 5124; baseline -0.001 -1"><span class='ocrx_word' id='word_1_900' title='bbox 2267 5069 2399 5123; x_wconf 90' lang='lat' dir='ltr'><strong>nihil</strong></span> <span class='ocrx_word' id='word_1_901' title='bbox 2442 5078 2692 5124; x_wconf 70' lang='lat' dir='ltr'><strong>mmstum</strong></span> <span class='ocrx_word' id='word_1_902' title='bbox 2725 5068 2923 5122; x_wconf 90' lang='lat' dir='ltr'><strong>habere</strong></span> <span class='ocrx_word' id='word_1_903' title='bbox 2948 5066 3182 5121; x_wconf 88' lang='lat' dir='ltr'><strong>debeant</strong></span> <span class='ocrx_word' id='word_1_904' title='bbox 3211 5085 3223 5121; x_wconf 90' lang='lat'>:</span> <span class='ocrx_word' id='word_1_905' title='bbox 3255 5067 3370 5122; x_wconf 79' lang='lat' dir='ltr'><strong>lnee</strong></span> <span class='ocrx_word' id='word_1_906' title='bbox 3413 5083 3543 5121; x_wconf 84' lang='lat' dir='ltr'><strong>vero</strong></span> <span class='ocrx_word' id='word_1_907' title='bbox 3572 5067 3736 5120; x_wconf 89' lang='lat' dir='ltr'><strong>multa</strong></span> <span class='ocrx_word' id='word_1_908' title='bbox 3767 5083 3870 5122; x_wconf 85' lang='lat' dir='ltr'><strong>au-</strong></span> 
     </span>
    </p>
   </div>
   <div class='ocr_carea' id='block_1_113' title="bbox 2263 5157 3869 5232">
    <p class='ocr_par' dir='ltr' id='par_1_113' title="bbox 2263 5157 3869 5232">
     <span class='ocr_line' id='line_1_113' title="bbox 2263 5157 3869 5232; baseline -0.001 -17"><span class='ocrx_word' id='word_1_909' title='bbox 2263 5161 2507 5216; x_wconf 83' lang='lat' dir='ltr'><strong>steritate</strong></span> <span class='ocrx_word' id='word_1_910' title='bbox 2557 5162 2710 5232; x_wconf 86' lang='lat' dir='ltr'><strong>plena</strong></span> <span class='ocrx_word' id='word_1_911' title='bbox 2759 5160 2926 5214; x_wconf 88' lang='lat' dir='ltr'><strong>sunt?</strong></span> <span class='ocrx_word' id='word_1_912' title='bbox 2951 5157 3097 5229; x_wconf 84' lang='lat' dir='ltr'><strong>Ignis</strong></span> <span class='ocrx_word' id='word_1_913' title='bbox 3133 5160 3340 5214; x_wconf 83' lang='lat' dir='ltr'><strong>illorum</strong></span> <span class='ocrx_word' id='word_1_914' title='bbox 3372 5176 3472 5212; x_wconf 87' lang='lat' dir='ltr'><strong>non</strong></span> <span class='ocrx_word' id='word_1_915' title='bbox 3498 5160 3869 5230; x_wconf 72' lang='lat' dir='ltr'><strong>exstinguetur,</strong></span> 
     </span>
    </p>
   </div>
   <div class='ocr_carea' id='block_1_114' title="bbox 2268 5251 3867 5324">
    <p class='ocr_par' dir='ltr' id='par_1_114' title="bbox 2268 5251 3867 5324">
     <span class='ocr_line' id='line_1_114' title="bbox 2268 5251 3867 5324; baseline 0.001 -17"><span class='ocrx_word' id='word_1_916' title='bbox 2268 5256 2456 5324; x_wconf 90' lang='lat' dir='ltr'><strong>inquit,</strong></span> <span class='ocrx_word' id='word_1_917' title='bbox 2486 5267 2530 5309; x_wconf 85' lang='lat' dir='ltr'><strong>et</strong></span> <span class='ocrx_word' id='word_1_918' title='bbox 2557 5256 2736 5308; x_wconf 76' lang='lat' dir='ltr'><strong>vermis</strong></span> <span class='ocrx_word' id='word_1_919' title='bbox 2782 5270 2954 5307; x_wconf 84' lang='lat' dir='ltr'><strong>eorum</strong></span> <span class='ocrx_word' id='word_1_920' title='bbox 2985 5271 3086 5307; x_wconf 89' lang='lat' dir='ltr'><strong>non</strong></span> <span class='ocrx_word' id='word_1_921' title='bbox 3112 5255 3355 5307; x_wconf 85' lang='lat' dir='ltr'><strong>morietur</strong></span> <span class='ocrx_word' id='word_1_922' title='bbox 3397 5251 3602 5323; x_wconf 79' lang='lat' dir='ltr'><strong>(Marc.</strong></span> <span class='ocrx_word' id='word_1_923' title='bbox 3632 5252 3689 5307; x_wconf 86' lang='lat'><strong>9.</strong></span> <span class='ocrx_word' id='word_1_924' title='bbox 3720 5253 3867 5323; x_wconf 56' lang='grc' dir='ltr'><strong>ιδῃ</strong></span> 
     </span>
    </p>
   </div>
   <div class='ocr_carea' id='block_1_115' title="bbox 2267 5343 3873 5415">
    <p class='ocr_par' dir='ltr' id='par_1_115' title="bbox 2267 5343 3873 5415">
     <span class='ocr_line' id='line_1_115' title="bbox 2267 5343 3873 5415; baseline 0 -15"><span class='ocrx_word' id='word_1_925' title='bbox 2267 5346 2498 5415; x_wconf 78' lang='lat' dir='ltr'><strong>illudque</strong></span> <span class='ocrx_word' id='word_1_926' title='bbox 2525 5388 2540 5412; x_wconf 96' lang='lat'><strong>,</strong></span> <span class='ocrx_word' id='word_1_927' title='bbox 2574 5345 2852 5399; x_wconf 86' lang='lat' dir='ltr'><strong>Dissecabit</strong></span> <span class='ocrx_word' id='word_1_928' title='bbox 2881 5361 3017 5412; x_wconf 84' lang='lat' dir='ltr'><strong>eum,</strong></span> <span class='ocrx_word' id='word_1_929' title='bbox 3057 5353 3104 5398; x_wconf 90' lang='lat' dir='ltr'><strong>et</strong></span> <span class='ocrx_word' id='word_1_930' title='bbox 3130 5354 3279 5415; x_wconf 82' lang='lat' dir='ltr'><strong>ponet</strong></span> <span class='ocrx_word' id='word_1_931' title='bbox 3309 5344 3589 5412; x_wconf 84' lang='lat' dir='ltr'><strong>portionem</strong></span> <span class='ocrx_word' id='word_1_932' title='bbox 3614 5343 3725 5414; x_wconf 86' lang='lat' dir='ltr'><strong>ejus</strong></span> <span class='ocrx_word' id='word_1_933' title='bbox 3751 5361 3873 5400; x_wconf 71' lang='lat' dir='ltr'><strong>cum</strong></span> 
     </span>
    </p>
   </div>
   <div class='ocr_carea' id='block_1_116' title="bbox 2268 5435 3873 5508">
    <p class='ocr_par' dir='ltr' id='par_1_116' title="bbox 2268 5435 3873 5508">
     <span class='ocr_line' id='line_1_116' title="bbox 2268 5435 3873 5508; baseline 0.001 -17"><span class='ocrx_word' id='word_1_934' title='bbox 2268 5439 2541 5508; x_wconf 79' lang='lat' dir='ltr'><strong>bypocritis</strong></span> <span class='ocrx_word' id='word_1_935' title='bbox 2586 5437 2811 5508; x_wconf 77' lang='lat' dir='ltr'><strong>(Matth.</strong></span> <span class='ocrx_word' id='word_1_936' title='bbox 2861 5437 2951 5492; x_wconf 69' lang='grc'><strong>24.</strong></span> <span class='ocrx_word' id='word_1_937' title='bbox 3000 5437 3137 5508; x_wconf 83' lang='grc'><strong>51);</strong></span> <span class='ocrx_word' id='word_1_938' title='bbox 3172 5446 3228 5492; x_wconf 91' lang='lat' dir='ltr'><strong>et</strong></span> <span class='ocrx_word' id='word_1_939' title='bbox 3260 5436 3408 5504; x_wconf 90' lang='lat' dir='ltr'><strong>illud,</strong></span> <span class='ocrx_word' id='word_1_940' title='bbox 3460 5435 3652 5491; x_wconf 87' lang='lat' dir='ltr'><strong>Dicet:</strong></span> <span class='ocrx_word' id='word_1_941' title='bbox 3680 5435 3873 5493; x_wconf 81' lang='lat' dir='ltr'><strong>Nescio</strong></span> 
     </span>
    </p>
   </div>
   <div class='ocr_carea' id='block_1_117' title="bbox 2266 5529 3866 5605">
    <p class='ocr_par' dir='ltr' id='par_1_117' title="bbox 2266 5529 3866 5605">
     <span class='ocr_line' id='line_1_117' title="bbox 2266 5529 3866 5605; baseline 0.002 -21"><span class='ocrx_word' id='word_1_942' title='bbox 2266 5547 2374 5598; x_wconf 71' lang='lat' dir='ltr'><strong>eos,</strong></span> <span class='ocrx_word' id='word_1_943' title='bbox 2403 5532 2642 5586; x_wconf 84' lang='lat' dir='ltr'><strong>discedite</strong></span> <span class='ocrx_word' id='word_1_944' title='bbox 2668 5547 2699 5583; x_wconf 92' lang='lat' dir='ltr'><strong>a</strong></span> <span class='ocrx_word' id='word_1_945' title='bbox 2728 5548 2826 5595; x_wconf 90' lang='lat' dir='ltr'><strong>me,</strong></span> <span class='ocrx_word' id='word_1_946' title='bbox 2849 5533 2934 5604; x_wconf 84' lang='lat' dir='ltr'><strong>qui</strong></span> <span class='ocrx_word' id='word_1_947' title='bbox 2980 5531 3260 5600; x_wconf 85' lang='lat' dir='ltr'><strong>operamini</strong></span> <span class='ocrx_word' id='word_1_948' title='bbox 3301 5532 3617 5604; x_wconf 82' lang='lat' dir='ltr'><strong>iniquitatem</strong></span> <span class='ocrx_word' id='word_1_949' title='bbox 3647 5529 3777 5605; x_wconf 74' lang='lat' dir='ltr'><strong>(Id.</strong></span> <span class='ocrx_word' id='word_1_950' title='bbox 3813 5535 3866 5587; x_wconf 85' lang='lat'><strong>7.</strong></span> 
     </span>
    </p>
   </div>
   <div class='ocr_carea' id='block_1_118' title="bbox 2268 5626 3870 5699">
    <p class='ocr_par' dir='ltr' id='par_1_118' title="bbox 2268 5626 3870 5699">
     <span class='ocr_line' id='line_1_118' title="bbox 2268 5626 3870 5699; baseline 0.002 -19"><span class='ocrx_word' id='word_1_951' title='bbox 2268 5627 2339 5681; x_wconf 77' lang='lat'><strong>25</strong></span> <span class='ocrx_word' id='word_1_952' title='bbox 2359 5626 2402 5694; x_wconf 92' lang='lat'><strong>).</strong></span> <span class='ocrx_word' id='word_1_953' title='bbox 2434 5626 2598 5697; x_wconf 82' lang='lat' dir='ltr'><strong>lgitur</strong></span> <span class='ocrx_word' id='word_1_954' title='bbox 2623 5641 2691 5681; x_wconf 90' lang='lat' dir='ltr'><strong>ne</strong></span> <span class='ocrx_word' id='word_1_955' title='bbox 2717 5626 3046 5696; x_wconf 87' lang='lat' dir='ltr'><strong>decipiamus</strong></span> <span class='ocrx_word' id='word_1_956' title='bbox 3065 5628 3443 5699; x_wconf 88' lang='lat' dir='ltr'><strong>nosmetipsos,</strong></span> <span class='ocrx_word' id='word_1_957' title='bbox 3475 5636 3723 5698; x_wconf 89' lang='lat' dir='ltr'><strong>putantes</strong></span> <span class='ocrx_word' id='word_1_958' title='bbox 3752 5628 3870 5683; x_wconf 62' lang='lat' dir='ltr'><strong>haec</strong></span> 
     </span>
    </p>
   </div>
   <div class='ocr_carea' id='block_1_119' title="bbox 2266 5717 3866 5775">
    <p class='ocr_par' dir='ltr' id='par_1_119' title="bbox 2266 5717 3866 5775">
     <span class='ocr_line' id='line_1_119' title="bbox 2266 5717 3866 5775; baseline 0.001 -1"><span class='ocrx_word' id='word_1_959' title='bbox 2266 5717 2458 5774; x_wconf 65' lang='lat' dir='ltr'><strong>Graeco</strong></span> <span class='ocrx_word' id='word_1_960' title='bbox 2483 5733 2633 5773; x_wconf 85' lang='lat' dir='ltr'><strong>more</strong></span> <span class='ocrx_word' id='word_1_961' title='bbox 2655 5717 2780 5774; x_wconf 93' lang='lat' dir='ltr'><strong>dici.</strong></span> <span class='ocrx_word' id='word_1_962' title='bbox 2801 5719 3015 5774; x_wconf 82' lang='lat' dir='ltr'><strong>Nihilne</strong></span> <span class='ocrx_word' id='word_1_963' title='bbox 3041 5719 3155 5774; x_wconf 63' lang='lat' dir='ltr'><strong>haec</strong></span> <span class='ocrx_word' id='word_1_964' title='bbox 3173 5720 3238 5775; x_wconf 88' lang='lat' dir='ltr'><strong>ad</strong></span> <span class='ocrx_word' id='word_1_965' title='bbox 3271 5736 3368 5775; x_wconf 90' lang='lat' dir='ltr'><strong>nos</strong></span> <span class='ocrx_word' id='word_1_966' title='bbox 3387 5722 3410 5773; x_wconf 80' lang='lat' dir='ltr'><strong>‘t</strong></span> <span class='ocrx_word' id='word_1_967' title='bbox 3431 5720 3539 5774; x_wconf 82' lang='lat' dir='ltr'><strong>Vos</strong></span> <span class='ocrx_word' id='word_1_968' title='bbox 3567 5736 3695 5775; x_wconf 90' lang='lat' dir='ltr'><strong>vero</strong></span> <span class='ocrx_word' id='word_1_969' title='bbox 3716 5721 3866 5775; x_wconf 89' lang='lat' dir='ltr'><strong>surdi</strong></span> 
     </span>
    </p>
   </div>
   <div class='ocr_carea' id='block_1_120' title="bbox 2271 5811 3866 5883">
    <p class='ocr_par' dir='ltr' id='par_1_120' title="bbox 2271 5811 3866 5883">
     <span class='ocr_line' id='line_1_120' title="bbox 2271 5811 3866 5883; baseline 0.001 -19"><span class='ocrx_word' id='word_1_970' title='bbox 2271 5812 2422 5877; x_wconf 87' lang='lat' dir='ltr'><strong>estis,</strong></span> <span class='ocrx_word' id='word_1_971' title='bbox 2446 5821 2499 5866; x_wconf 88' lang='lat' dir='ltr'><strong>et</strong></span> <span class='ocrx_word' id='word_1_972' title='bbox 2516 5811 2666 5880; x_wconf 87' lang='lat' dir='ltr'><strong>quasi</strong></span> <span class='ocrx_word' id='word_1_973' title='bbox 2690 5811 2898 5866; x_wconf 88' lang='lat' dir='ltr'><strong>attoniti</strong></span> <span class='ocrx_word' id='word_1_974' title='bbox 2921 5821 3082 5881; x_wconf 90' lang='lat' dir='ltr'><strong>caput</strong></span> <span class='ocrx_word' id='word_1_975' title='bbox 3105 5812 3394 5867; x_wconf 85' lang='lat' dir='ltr'><strong>inclinatis.</strong></span> <span class='ocrx_word' id='word_1_976' title='bbox 3419 5812 3704 5883; x_wconf 81' lang='lat' dir='ltr'><strong>Evangelia</strong></span> <span class='ocrx_word' id='word_1_977' title='bbox 3729 5813 3866 5866; x_wconf 86' lang='lat' dir='ltr'><strong>nihil</strong></span> 
     </span>
    </p>
   </div>
   <div class='ocr_carea' id='block_1_121' title="bbox 2274 5901 3870 5976">
    <p class='ocr_par' dir='ltr' id='par_1_121' title="bbox 2274 5901 3870 5976">
     <span class='ocr_line' id='line_1_121' title="bbox 2274 5901 3870 5976; baseline 0.002 -19"><span class='ocrx_word' id='word_1_978' title='bbox 2274 5901 2474 5958; x_wconf 83' lang='lat' dir='ltr'><strong>habere</strong></span> <span class='ocrx_word' id='word_1_979' title='bbox 2514 5901 2709 5959; x_wconf 83' lang='lat' dir='ltr'><strong>debent</strong></span> <span class='ocrx_word' id='word_1_980' title='bbox 2757 5918 2967 5972; x_wconf 85' lang='lat' dir='ltr'><strong>eorum,</strong></span> <span class='ocrx_word' id='word_1_981' title='bbox 2999 5919 3115 5976; x_wconf 67' lang='lat' dir='ltr'><strong>qua:</strong></span> <span class='ocrx_word' id='word_1_982' title='bbox 3143 5905 3346 5976; x_wconf 79' lang='lat' dir='ltr'><strong>agenda</strong></span> <span class='ocrx_word' id='word_1_983' title='bbox 3392 5914 3534 5975; x_wconf 88' lang='lat' dir='ltr'><strong>sunt,</strong></span> <span class='ocrx_word' id='word_1_984' title='bbox 3569 5903 3662 5962; x_wconf 88' lang='lat' dir='ltr'><strong>sed</strong></span> <span class='ocrx_word' id='word_1_985' title='bbox 3692 5906 3870 5961; x_wconf 83' lang='lat' dir='ltr'><strong>solum</strong></span> 
     </span>
    </p>
   </div>
  </div>
