4068 6432
179 315 282 376 157

179 435 316 488 bona
340 441 625 488 consulere
654 448 668 484 :
699 427 813 483 hinc
835 439 962 480 vero
981 422 1262 478 innumera
1285 420 1482 476 habent
1508 417 1786 484 facienda;

176 522 480 598 cujusmodi
507 532 634 579 sunt
659 521 775 575 h:ec
805 536 816 572 :
849 517 912 573 Si
936 520 1048 588 quis
1076 531 1179 570 non
1207 515 1315 570 odit
1345 524 1540 583 patrem
1564 527 1713 567 suum
1740 519 1789 564 et

176 627 424 684 matrem,
457 633 560 671 non
598 624 672 668 est
707 628 785 666 me
815 612 999 682 dignus
1026 608 1194 680 (Luc.
1237 610 1325 662 16.
1372 605 1516 674 £6);
1550 613 1636 667 et,
1665 602 1789 656 Non

175 714 291 768 ueni
313 729 493 782 pacem
523 710 720 763 mittere
747 708 802 761 in
830 717 1038 769 terram,
1071 702 1161 758 sed
1185 701 1418 774 gladium
1441 701 1457 768 (
1479 697 1668 752 Matth.
1696 695 1784 752 10.

175 807 269 862 51.
318 804 445 859 Luc.
481 803 569 860 12.
600 803 663 857 51
689 805 705 870 )
732 818 746 863 ;
797 809 879 866 et,
911 797 1308 852 Tribulationem
1335 795 1389 847 in
1418 792 1609 845 mundo
1635 788 1790 843 liabe-

175 901 294 954 bitis
320 898 510 970 (Joan.
568 897 654 952 16.
706 894 830 967 55).
866 891 1093 949 Pulchra
1123 888 1371 960 quidem;
1400 888 1496 940 sed
1528 899 1634 939 non
1663 891 1790 936 sunt

176 991 477 1062 evangelia.
532 988 882 1059 Evangelium
944 998 1176 1053 namque
1224 979 1327 1035 hoc
1371 988 1495 1034 est:
1527 976 1653 1030 llaec
1693 973 1788 1028 tibi

173 1086 317 1139 bona
342 1092 502 1138 erunt
531 1100 544 1135 :
573 1091 629 1137 ut
657 1082 832 1136 solent
863 1078 1112 1133 homines
1143 1076 1282 1129 inter
1309 1087 1367 1128 se
1387 1071 1570 1127 dicere
1603 1088 1615 1124 :
1648 1066 1786 1134 Quid

174 1177 308 1231 mihi
336 1185 413 1230 est
446 1171 889 1245 evangeliorum?
916 1178 1068 1240 pater
1111 1178 1234 1222 tuus
1259 1165 1464 1227 veniet,
1493 1162 1578 1216 vel
1614 1169 1789 1214 mater

173 1278 292 1322 tua.
335 1267 451 1323 Non
479 1269 685 1332 dicunt,
718 1265 842 1319 lla-c
881 1263 1062 1318 facito.
1115 1261 1347 1316 Rursum
1373 1257 1460 1312 dic
1483 1256 1632 1316 mihi,
1658 1252 1786 1324 quid

173 1363 435 1417 diﬂ'erant
455 1363 570 1417 haec
595 1377 628 1416 a
651 1355 980 1430 prOpIteticis
1005 1376 1020 1412 :
1043 1373 1141 1412 cur
1168 1371 1274 1409 non
1307 1362 1363 1409 et
1391 1352 1478 1407 illa
1511 1350 1786 1420 evangelia

171 1456 472 1513 dicuntur?
511 1467 636 1508 nam
676 1461 732 1508 et
773 1453 861 1508 illa
904 1450 1091 1506 eadem
1134 1447 1348 1511 dicunt;
1404 1444 1549 1498 verbi
1600 1458 1780 1502 causa,

173 1548 343 1603 Saliet
391 1547 519 1600 sicut
568 1560 745 1599 cervus
790 1545 1002 1597 claudus
1031 1539 1200 1610 (Isai.
1257 1539 1348 1595 3-3.
1383 1539 1455 1608 6)
1488 1557 1501 1593 :
1535 1534 1787 1588 Dominus

172 1641 317 1695 dabit
342 1640 543 1692 verbum
572 1635 1032 1708 euangelizantibus
1078 1632 1265 1707 (Psal.
1314 1631 1403 1686 67.
1444 1619 1558 1698 ’12)
1591 1646 1603 1682 :
1636 1626 1784 1680 Dabo

170 1736 313 1788 vobis
352 1734 534 1787 citium
577 1748 762 1787 novum
789 1740 836 1785 et
867 1741 1055 1784 terram
1082 1724 1454 1798 novamUsai.
1513 1724 1603 1777 65.
1654 1722 1781 1789 17).

170 1827 284 1879 Cur
326 1841 432 1880 non
459 1834 516 1879 et
550 1824 639 1877 illa
671 1823 949 1892 evangelia
993 1819 1290 1876 vocantur?
1335 1833 1433 1873 cur
1462 1831 1571 1872 non
1599 1827 1650 1870 et
1686 1816 1786 1868 hoc

170 1917 452 1988 prophetia
472 1914 712 1970 dicitur?
738 1913 892 1980 Quod
919 1914 964 1968 si
997 1912 1302 1967 nescientes
1332 1907 1464 1980 quid
1486 1908 1596 1963 sint
1617 1921 1785 1961 evan-

168 2011 310 2080 gelia
331 2053 345 2077 ,
377 2010 456 2064 sic
503 2009 792 2064 lectionem
843 2006 1246 2074 Scripturarum
1303 2001 1585 2072 dCSpicitis
1609 2041 1623 2066 ,
1655 1999 1784 2069 quid

169 2104 349 2156 dicam
373 2102 562 2157 vobis?
588 2101 769 2156 Dicam
793 2109 847 2154 et
866 2099 1013 2154 aliud
1038 2117 1052 2152 ε
1077 2095 1186 2152 Cur
1210 2105 1442 2167 quatuor
1459 2095 1785 2163 Evangelia?

166 2211 269 2250 cur
291 2210 394 2248 non
417 2193 646 2249 decem?
665 2207 762 2248 cur
788 2205 892 2246 non
919 2189 1106 2261 viginti
1127 2190 1151 2243 ἲ
1175 2203 1274 2243 cur
1295 2202 1403 2242 non
1417 2185 1583 2240 snulti
1611 2186 1786 2239 Evan-

165 2289 308 2360 gelia
339 2288 576 2344 scribere
621 2296 748 2342 sunt
772 2285 1010 2356 aggressi
1037 2286 1090 2338 ‘?
1116 2299 1213 2339 cur
1240 2297 1345 2338 non
1371 2282 1550 2338 unus?
1574 2297 1670 2336 cur
1697 2280 1783 2334 di-

166 2380 403 2452 scipuli?
452 2394 551 2435 cur
605 2393 714 2434 non
767 2377 827 2446 ii,
861 2377 953 2449 qui
994 2374 1242 2446 discipuli
1283 2389 1391 2430 non
1440 2373 1640 2429 erant?
1687 2387 1786 2426 cur

229 2585 250 2618 ¹
291 2584 431 2654 Altus
465 2583 653 2640 habet,
688 2596 776 2654 cur
799 2595 891 2632 non
925 2579 1096 2644 viginti
1123 2579 1147 2630 2'
1179 2577 1424 2642 siquidem
1457 2576 1599 2627 multi
1623 2573 1787 2626 conati

167 2653 283 2700 sunt
305 2651 536 2696 ordinare
555 2651 902 2696 narrationem.

1175 305 1239 362 1N
1279 301 1458 359 ACTA
1502 297 2030 356 APOSTULORLTM.
2075 297 2307 354 llOMlL.
2354 297 2471 354 XX.

3406 304 3526 363 153

1901 415 2124 470 omnino
2154 415 2488 484 Scripturze?
2510 415 2669 486 Atqui
2692 415 3022 471 cmurarinm
3049 416 3187 474 dicit
3210 430 3364 477 vetus
3387 420 3471 478 lex
3498 439 3516 476 :

1897 506 2044 562 Dabo
2091 508 2228 563 vobis
2274 507 2650 562 Testamentum
2708 507 2914 562 Novum
2937 509 2956 580 (
2976 508 3089 564 λεν.
3119 511 3209 566 31.
3241 511 3305 568 31
3333 512 3376 580 ).
3409 512 3516 571 llbi

1894 609 2020 653 sunt
2049 600 2106 663 ii,
2139 600 2230 670 qui
2259 600 2464 667 dicunt,
2490 599 2719 670 Semper
2767 600 2996 656 eadem?
3046 601 3102 657 Si
3134 601 3252 658 haec
3273 605 3513 664 sciretis.

1894 691 2037 763 quod
2066 693 2110 747 si
2140 692 2302 748 homo
2323 692 2512 749 decem
2537 694 2682 749 mille
2707 695 2866 750 annis
2894 695 3127 764 viveret,
3150 713 3257 752 non
3287 699 3395 754 sint
3425 707 3514 753 ta-

1895 803 2019 842 men
2044 787 2257 856 eadem,
2289 787 2407 843 lucc
2431 804 2536 843 non
2574 788 2850 844 diceretis.
2880 788 3122 854 Credite.
3149 791 3284 846 nihil
3313 791 3510 848 borum

1895 879 2049 934 vobis
2075 880 2286 944 dicam,
2320 895 2426 935 non
2460 881 2734 950 privatim,
2769 897 2875 936 non
2907 882 3154 953 publice;
3187 884 3284 939 sed
3313 886 3359 940 si
3391 887 3512 956 quis

1896 973 2188 1040 invenerit,
2221 989 2494 1041 annuam;
2523 977 2606 1030 sin
2641 977 2842 1045 minus,
2893 978 3091 1033 sinam.
3125 979 3216 1035 Sic
3246 995 3346 1036 vos
3379 982 3511 1036 feci-

1895 1081 2017 1122 mus
2053 1065 2276 1123 inutiles
2296 1108 2310 1133 ,
2339 1082 2557 1138 semper
2602 1070 2785 1125 omnia
2817 1078 3066 1142 prompte
3094 1070 3340 1128 dicentes
3365 1115 3380 1139 ,
3413 1089 3512 1130 nec

1894 1159 2109 1232 quando
2151 1170 2366 1230 oportet
2399 1171 2719 1219 renuentes.
2772 1163 2916 1219 Ecce
2945 1163 3154 1220 habetis
3183 1166 3515 1237 quarstiones

1895 1254 2093 1309 multas
2122 1272 2134 1308 :
2165 1255 2529 1320 considerate,
2555 1253 2722 1312 dicite
2752 1271 2993 1312 causam.
3045 1254 3153 1312 Cur
3183 1257 3514 1329 Evangelia?

1894 1361 1993 1400 cur
2035 1361 2140 1400 non
2173 1347 2534 1416 prophetiae?
2587 1362 2686 1403 cur
2721 1362 2806 1413 ea,
2838 1363 2960 1418 qum
2992 1346 3240 1405 facienda
3286 1359 3435 1418 sunt,
3458 1352 3516 1408 iu

1895 1438 2240 1510 Evangeliis?
2294 1439 2364 1494 Et
2409 1441 2454 1493 si
2506 1439 2594 1494 hic
2639 1439 2871 1504 dubitet,
2902 1439 3044 1495 alius
3073 1452 3303 1510 quaerat,
3337 1450 3394 1498 et
3417 1457 3514 1498 sua

1894 1532 2015 1586 aliis
2053 1543 2242 1587 mutuo
2286 1531 2615 1587 conferant:
2650 1532 2870 1588 demum
2901 1547 3001 1588 nos
3028 1533 3329 1589 silebimus.
3379 1534 3514 1590 Nam

1897 1626 1941 1680 si
1985 1625 2130 1681 dicta
2180 1623 2332 1679 vobis
2360 1625 2489 1679 nihil
2523 1623 2864 1695 profuerunt,
2895 1626 3069 1680 multo
3099 1627 3278 1681 minus
3319 1627 3515 1697 prode-

1895 1729 2021 1776 ruut
2040 1761 2055 1784 ,
2086 1735 2207 1791 quae
2236 1718 2585 1788 adjicientur.
2641 1718 2776 1774 Vere
2799 1718 2948 1773 dolio
2976 1734 3042 1773 ex
3075 1729 3295 1788 pertuso
3325 1719 3515 1776 hauri-

1897 1826 2017 1867 mus
2049 1831 2062 1866 :
2090 1811 2235 1867 unde
2267 1811 2441 1881 majus
2483 1810 2640 1866 vobis
2680 1809 3001 1880 supplicium
3033 1811 3161 1867 erit.
3212 1810 3340 1866 Ideo
3385 1829 3516 1884 ergo

1898 1905 2215 1960 tacebimus.
2247 1903 2402 1971 Quod
2435 1919 2504 1959 ne
2544 1902 2660 1969 ﬂat,
2687 1903 2740 1956 in
2773 1902 2928 1958 nobis
2959 1903 3122 1957 situm
3151 1913 3254 1960 est.
3283 1903 3339 1960 Si
3368 1905 3515 1960 enim

1894 1999 1950 2054 in
1979 1996 2133 2051 vobis
2158 1996 2395 2052 studium
2450 1994 2768 2058 viderimus,
2805 1993 2944 2051 forte
2976 1995 3172 2052 iterum
3207 1997 3511 2068 loquemur,

1896 2100 1954 2144 ut
1979 2099 2034 2145 et
2062 2105 2161 2143 vos
2189 2088 2359 2159 magis
2381 2103 2445 2143 ac
2470 2088 2642 2158 magis
2669 2090 2876 2159 accepti
2906 2089 3047 2155 sitis,
3073 2100 3129 2146 et
3155 2107 3254 2147 nos
3283 2093 3336 2146 in
3365 2094 3516 2148 vobis

1897 2183 2162 2245 laneumr,
2195 2182 2245 2234 in
2277 2180 2531 2235 omnibus
2583 2178 2953 2250 gloriﬁcantes
3009 2181 3178 2237 Deum
3209 2192 3265 2238 ct
3295 2183 3513 2239 Patrem

1898 2276 2112 2331 Domini
2149 2275 2319 2329 nostri
2363 2274 2492 2328 .Iesu
2531 2272 2734 2328 Christi
2768 2291 2779 2326 :
2813 2274 2900 2328 cui
2947 2275 3118 2345 gloria
3142 2318 3160 2344 ,
3189 2277 3514 2347 imperium,

1896 2368 2294 2438 magniﬁcentia
2324 2379 2380 2423 et
2407 2368 2584 2423 boum-
2611 2383 2748 2423 cum'
2764 2367 2926 2426 Patre
2956 2371 3226 2442 principio
3254 2383 3478 2428 careute
3497 2413 3514 2439 ,

1894 2473 1949 2516 et
1979 2463 2095 2531 ejus
2121 2460 2326 2530 Spiritu
2366 2471 2589 2526 sancto,
2622 2476 2767 2515 nunc
2793 2477 2850 2518 et
2879 2477 3120 2533 semper,
3150 2474 3206 2520 et
3231 2464 3287 2519 in
3317 2467 3517 2520 saecula

1895 2555 2239 2611 saeculorum.
2270 2557 2466 2609 Amen.

1580 2843 1931 2907 HOMILIA
1977 2842 2130 2904 XX.

169 2999 301 3057 Cn.
352 2997 408 3053 9.
453 3013 504 3052 v.
553 2997 642 3052 10.
691 2995 817 3050 Erat
855 3004 1026 3048 autem
1072 2991 1281 3064 quidam
1338 2990 1620 3061 discipulus
1668 2987 1780 3042 Da-

243 3093 439 3156 masci,
468 3090 672 3144 nomine
710 3089 938 3143 Ananiae
968 3101 987 3140 :
1018 3094 1064 3140 et
1099 3085 1230 3139 dixit
1269 3084 1339 3136 ad
1379 3083 1528 3137 illum
1571 3083 1626 3136 in
1676 3083 1787 3136 visu

243 3182 503 3237 Dominus
533 3198 552 3236 :
591 3180 813 3235 Anania.
857 3177 925 3233 Et
960 3178 1048 3232 ille
1073 3177 1145 3230 ait
1177 3193 1196 3230 :
1237 3175 1370 3230 Ecce
1398 3191 1511 3246 ego,
1544 3173 1778 3228 Domine.

244 3277 338 3331 11.
369 3273 436 3329 Et
462 3274 714 3328 Dominus
740 3273 807 3326 ad
853 3290 969 3328 eum
991 3287 1014 3330 .°
1050 3271 1280 3342 Surgens
1315 3269 1442 3324 vade
1488 3270 1542 3321 in
1585 3269 1782 3332 vicum,

242 3369 336 3438 qui
358 3377 566 3423 vocatur
589 3366 778 3422 Rectus
807 3383 828 3421 :
854 3375 900 3421 et
924 3381 1094 3440 qurere
1116 3367 1171 3419 in
1199 3365 1350 3418 domo
1370 3363 1528 3417 Judw
1565 3362 1787 3418 Saulum

246 3464 455 3517 nomine
474 3503 489 3528 ,
525 3459 859 3525 Tarsensem;
892 3476 1008 3514 ecce
1039 3459 1176 3512 enim
1206 3466 1339 3511 orat.
1372 3456 1458 3512 12.
1498 3454 1566 3509 Et
1593 3456 1712 3508 vidit
1735 3456 1786 3507 in

247 3555 447 3608 uisione
470 3555 633 3606 virum
661 3553 913 3607 Ananiam
935 3551 1140 3605 nomine
1168 3552 1506 3604 introeuntem
1535 3558 1580 3603 et
1616 3549 1786 3618 impo-

252 3655 454 3702 nentem
473 3645 569 3700 sibi
589 3661 798 3698 manum
815 3685 833 3712 ,
869 3653 924 3698 ut
951 3646 1110 3698 visum
1133 3645 1365 3714 recipiat.

251 3742 308 3796 1.
336 3740 446 3795 Cur
493 3739 766 3795 neminem
810 3753 880 3793 ex
922 3737 1228 3809 coryplueis
1267 3735 1529 3806 apostolis
1578 3734 1790 3789 vocavit

174 3835 266 3889 vel
301 3834 450 3888 misit
478 3832 543 3887 ad
573 3831 724 3886 Pauli
770 3829 1202 3886 institutionem?
1230 3829 1363 3896 Quia
1417 3844 1523 3882 non
1573 3836 1790 3898 oporte-

175 3926 275 3980 bat
322 3925 470 3978 illum
503 3939 598 3993 per
629 3922 910 3986 homines,
943 3920 1040 3978 sed
1073 3935 1168 3990 per
1197 3921 1369 3989 ipsum
1400 3919 1674 3974 Christum
1717 3919 1790 3971 in-

175 4013 504 4072 stitui.Nam
529 4014 616 4068 hic
648 4013 781 4068 nihil
810 4013 984 4083 ipsum
1015 4012 1228 4077 docuit,
1253 4013 1347 4066 sed
1378 4019 1581 4065 tantum
1612 4010 1787 4080 bapti-

184 4108 354 4161 zavit.
389 4106 579 4161 Statim
610 4116 789 4160 autem
822 4105 912 4159 ubi
946 4104 1246 4174 baptizatus
1289 4113 1406 4169 est,
1457 4103 1681 4158 multam
1722 4118 1788 4157 ex

178 4199 304 4253 zelo
327 4206 382 4252 et
413 4196 594 4251 studio
641 4197 809 4250 multo
858 4195 959 4250 sibi
998 4197 1218 4250 attraxit
1262 4196 1494 4265 Spiritus
1535 4196 1783 4265 gratiam.

178 4290 340 4358 Quod
366 4303 543 4346 autem
572 4291 807 4345 Auanias
837 4305 904 4344 ex
960 4291 1343 4360 insignioribus
1382 4298 1564 4357 esset,
1615 4290 1788 4360 palam

180 4397 269 4443 est
298 4401 363 4442 ex
393 4386 457 4441 iis
481 4427 495 4450 ,
520 4400 639 4456 qua:
666 4383 767 4455 ipsi
794 4384 995 4440 revelat
1019 4394 1072 4438 et
1099 4384 1266 4448 dicit;
1297 4385 1533 4453 itenque
1573 4400 1639 4438 ex
1687 4383 1754 4437 iis
1774 4425 1788 4447 ,

181 4496 308 4550 quae
338 4479 431 4533 ille
459 4479 754 4549 respondet
777 4518 792 4543 ,
847 4478 1036 4533 dicens
1070 4494 1085 4531 :
1117 4479 1204 4532 15.
1250 4476 1466 4531 Domine
1486 4519 1500 4540 ,
1543 4478 1714 4530 audivi
1761 4495 1793 4529 a

182 4571 364 4625 multis
387 4569 452 4624 de
470 4570 580 4623 viro
601 4569 728 4635 hoc,
757 4580 949 4639 quanta
969 4569 1109 4622 mala
1138 4570 1312 4639 fecerit
1348 4570 1538 4624 sanctis
1586 4570 1684 4622 tuis
1739 4570 1792 4622 in

179 4663 497 4718 Jerusalem.
530 4662 588 4718 Si
621 4664 805 4734 itaque
839 4663 1064 4718 Domino
1087 4663 1453 4729 contradixit,
1485 4665 1653 4718 multo
1681 4681 1794 4717 tua-

182 4758 268 4829 gis
291 4799 308 4820 ,
341 4759 384 4812 si
410 4758 662 4828 angelum
691 4758 946 4812 misisset.
979 4757 1209 4827 Ideoque
1236 4758 1464 4812 antehac
1513 4757 1794 4827 Philippus

183 4869 296 4909 non
329 4836 572 4919 audivit,
613 4851 743 4924 quid
784 4854 1020 4906 futurum
1062 4864 1243 4920 esset,
1292 4852 1387 4906 sed
1436 4853 1610 4906 solum
1660 4853 1794 4905 vidit

183 4945 439 5016 angelum
470 4963 481 4997 :
512 4954 570 5000 et
613 4945 692 4999 sic
746 4944 977 5014 Spiritus
1017 4943 1174 5013 jubet
1219 4944 1369 4998 illum
1397 4944 1658 4998 accedere
1684 4984 1698 5006 ,
1741 4952 1796 4998 et

182 5040 370 5095 Currui
404 5038 633 5094 hzcrere.
667 5038 767 5094 llic
795 5054 922 5093 vero
950 5037 1164 5093 interim
1207 5047 1408 5091 metum
1455 5037 1571 5106 ejus
1612 5037 1792 5089 succi-

185 5129 289 5198 dit,
323 5145 387 5185 ac
409 5131 454 5185 si
483 5130 688 5185 diceret
718 5148 730 5183 :
763 5130 902 5184 Ecce
928 5139 1066 5195 orat,
1099 5145 1274 5184 caecus
1303 5139 1404 5195 est,
1435 5138 1490 5183 et
1517 5139 1570 5181 tu
1601 5129 1796 5184 times?

188 5226 264 5280 Ita
295 5234 350 5278 et
394 5222 606 5296 Moyses
659 5224 831 5278 timet.
885 5223 1068 5293 Itaque
1122 5223 1283 5276 verba
1339 5222 1578 5275 timentis
1626 5223 1796 5286 magis

185 5327 357 5384 sunt,
387 5331 546 5386 quam
573 5331 679 5370 non
707 5315 1001 5371 credentis.
1032 5315 1099 5374 Et
1126 5315 1248 5369 audi
1293 5315 1452 5368 verba
1493 5316 1604 5384 ipsa
1634 5333 1646 5371 :
1679 5315 1796 5368 Do-

185 5409 348 5474 mine,
376 5406 549 5461 audivi
575 5425 606 5461 a
636 5408 810 5463 multis
832 5408 897 5462 de
918 5409 1023 5461 viro
1047 5410 1164 5461 hoc.
1193 5407 1329 5474 Quid
1354 5407 1525 5462 dicis?
1558 5410 1694 5463 Deus
1719 5409 1795 5462 lo-

183 5502 393 5574 quitur,
413 5511 470 5557 et
496 5510 550 5555 tu
579 5501 832 5557 dubitas?
857 5502 945 5557 Sic
968 5501 1202 5556 nondum
1231 5502 1474 5557 sciebant
1501 5502 1795 5570 potentiam

183 5593 413 5649 Christi.
437 5593 526 5648 11.
552 5591 623 5647 Et
651 5595 733 5648 hic
761 5594 908 5648 habet
934 5603 1228 5665 potestatem
1272 5611 1304 5646 a
1348 5593 1662 5663 principibus
1705 5611 1795 5647 sa-

184 5689 454 5743 cerdotum
489 5687 743 5759 alligandi
781 5705 956 5742 omnes
998 5690 1084 5758 qui
1131 5691 1363 5741 invocant
1409 5704 1589 5741 nomen
1629 5700 1794 5742 tuum.

188 5778 474 5838 Undenaut
508 5781 610 5838 hoc
639 5783 1014 5838 notumerat?
1065 5780 1366 5836 Verisimile
1414 5790 1536 5846 est,
1588 5798 1681 5837 eos
1737 5784 1790 5836 in

1900 2995 2047 3041 metu
2080 2985 2341 3055 degentes
2387 2984 2605 3039 curiose
2648 2983 3011 3055 inquisivisse.
3059 2983 3179 3040 Non
3235 2986 3338 3042 hoc
3387 3001 3521 3057 ergo

1897 3084 2063 3150 dicit,
2101 3083 2255 3153 quasi
2282 3081 2532 3136 Christus
2557 3080 2609 3136 id
2643 3082 2893 3152 ignoret;
2940 3082 3037 3138 sed
3071 3080 3326 3150 dubitat,
3377 3100 3517 3153 quo-

1899 3180 2064 3234 modo
2090 3180 2145 3234 in
2176 3179 2265 3233 tali
2299 3194 2480 3234 rermn
2509 3187 2653 3232 statu
2680 3177 2856 3248 possit
2883 3177 2985 3232 hoc
3019 3176 3156 3233 ﬁeri.
3191 3175 3283 3233 Sic
3308 3188 3361 3232 et
3390 3178 3519 3232 alibi

1899 3273 2148 3344 discipuli
2179 3271 2368 3327 dicunt
2403 3291 2415 3326 :
2455 3271 2580 3338 Quis
2607 3279 2771 3342 potest
2809 3271 3002 3324 salvari
3024 3271 3042 3341 (
3062 3269 3232 3324 Marc.
3263 3270 3352 3326 10.
3382 3268 3521 3340 ΞΟΠ

1900 3365 2007 3422 Sed
2037 3366 2160 3420 vide
2181 3407 2196 3433 ,
2230 3375 2361 3433 quot
2393 3380 2482 3420 res
2510 3365 2871 3434 diSponantur
2891 3405 2906 3430 ,
2939 3371 2997 3417 ut
3032 3361 3220 3418 credat
3268 3374 3518 3418 venturo.

1898 3459 1956 3514 In
1987 3459 2200 3514 Somnio
2233 3457 2405 3525 vidit,
2435 3455 2686 3525 pratdixit
2719 3457 2796 3511 illi
2829 3474 2841 3505 :
2881 3454 3045 3524 Orat,
3089 3456 3308 3526 inquit;
3359 3456 3523 3526 igitur

1899 3568 1968 3608 ne
1992 3554 2204 3607 timeas.
2242 3550 2310 3605 Et
2336 3566 2433 3605 cur
2464 3565 2570 3605 non
2597 3550 2732 3607 dicit
2760 3549 2834 3603 illi
2864 3564 2978 3604 rem
3015 3549 3366 3618 praeclaram,
3397 3565 3521 3620 qua:

1899 3654 2053 3715 gesta
2081 3644 2202 3700 est?
2231 3629 2301 3699 Ut
2333 3657 2433 3697 nos
2457 3641 2674 3702 doceat.
2706 3657 2774 3696 ne
2805 3641 3163 3711 praedicemus
3195 3640 3334 3695 bona
3358 3655 3526 3710 Opera

1902 3745 2122 3802 nostra;
2170 3737 2281 3790 imo
2332 3745 2387 3790 et
2434 3735 2578 3806 quod
2635 3735 2916 3791 timentem
2965 3734 3167 3789 videat.
3216 3734 3405 3805 Neque
3443 3735 3524 3789 sic

1901 3827 2073 3894 dixit,
2107 3827 2272 3882 Fides
2306 3827 2398 3880 tibi
2433 3842 2539 3880 non
2572 3826 2903 3896 negabitur:
2937 3825 3034 3879 sed
3074 3824 3245 3896 quid?
3288 3824 3529 3896 Surgens

1901 3921 2047 3973 vade.
2112 3919 2246 3972 Vidit
2288 3920 2423 3971 enim
2471 3919 2524 3971 in
2570 3918 2765 3996 visione
2810 3920 2976 3972 virum
3027 3919 3373 3997 intpolnentem
3428 3921 3526 3973 sibi

1902 4031 2104 4067 manus.
2139 4013 2261 4066 Ideo
2294 4014 2346 4067 in
2380 4011 2623 4076 visione,
2652 4013 2775 4082 quia
2806 4026 2984 4066 caecus
3014 4021 3148 4066 erat.
3201 4011 3389 4082 Neque
3421 4013 3526 4066 mi-

1904 4106 2069 4160 raculi
2099 4104 2414 4176 magnitudo
2444 4105 2624 4176 rapuit
2651 4103 2977 4172 discipulum
3003 4121 3017 4171 ;
3049 4106 3116 4157 ita
3147 4104 3391 4159 timebat.
3427 4108 3524 4159 At-

1905 4208 2083 4253 tamen
2118 4214 2215 4269 per
2243 4200 2419 4269 ipsum
2455 4199 2596 4254 Deus
2627 4197 2800 4254 Paulo
2849 4213 2995 4253 czeco
3042 4201 3214 4252 visum
3265 4201 3523 4256 restituit.

1905 4293 1994 4348 15.
2039 4291 2182 4346 Dixit
2212 4304 2384 4347 autem
2413 4291 2665 4348 Dominus
2694 4293 2766 4346 ad
2812 4291 2960 4346 illum
2993 4308 3012 4346 :
3054 4291 3225 4357 Vade,
3269 4294 3392 4363 quia
3437 4309 3531 4348 eas

1904 4385 2162 4439 electionis
2188 4395 2260 4439 est
2289 4386 2414 4437 mihi
2446 4385 2556 4450 hic,
2589 4395 2647 4438 ut
2692 4394 2860 4455 portet
2906 4400 3089 4438 nomen
3135 4401 3303 4438 meum
3350 4402 3528 4440 coram

1905 4478 2134 4548 gentibus
2161 4486 2208 4530 et
2236 4469 2438 4548 regibus
2465 4487 2509 4530 et
2538 4477 2661 4546 filiis
2688 4476 2880 4530 Israel.
2912 4477 2999 4531 16.
3042 4476 3150 4547 Ego
3180 4480 3315 4531 enim
3344 4490 3522 4532 osten-

1905 4571 2026 4622 dam
2053 4570 2159 4633 illi,
2193 4580 2390 4640 quanta
2419 4579 2653 4640 Oporteat
2701 4586 2817 4623 eum
2858 4585 2952 4640 pro
2985 4573 3190 4623 nomine
3236 4588 3346 4624 meo
3394 4575 3522 4643 pati.

1907 4663 2022 4717 Non
2052 4663 2226 4717 solum
2258 4662 2434 4718 ﬁdelis
2465 4664 2569 4717 erit
2593 4705 2607 4727 ,
2642 4663 2846 4732 inquit,
2878 4663 2972 4718 sed
3001 4665 3164 4717 etiam
3193 4665 3386 4719 doctor
3413 4708 3428 4732 ,
3472 4676 3529 4721 et

1907 4758 2074 4810 multa
2097 4766 2278 4811 utetur
2304 4756 2518 4812 dicendi
2547 4757 2820 4811 libertate.
2846 4757 3030 4810 Coram
3058 4758 3291 4827 gentibus
3314 4771 3360 4812 et
3389 4763 3527 4832 regi-

1906 4851 2020 4904 bus.
2056 4850 2130 4904 lta
2168 4861 2378 4905 crescet
2401 4851 2679 4917 doctrina,
2716 4852 2917 4920 inquit,
2951 4861 3010 4905 ut
3035 4863 3086 4906 et
3112 4864 3303 4921 gentes
3345 4865 3398 4908 et
3445 4871 3525 4910 re-

1907 4957 2001 5012 ges
2031 4958 2222 4997 omnes
2252 4952 2490 5012 superet.
2525 4943 2612 4997 17.
2645 4943 2780 4997 Abiit
2801 4955 2971 4997 autem
2994 4945 3227 5000 Ananias
3256 4956 3300 5000 et
3325 4948 3532 5002 intrarit

1909 5037 1960 5088 in
1994 5037 2223 5101 domum,
2255 5049 2301 5088 et
2330 5038 2596 5105 imponens
2624 5037 2703 5090 illi
2733 5054 2915 5090 namus
2953 5039 3084 5091 dixit
3119 5056 3137 5092 .'
3172 5040 3367 5105 Saule,
3421 5045 3531 5114 fra-

1909 5138 2017 5193 ter,
2048 5127 2302 5182 Dominus
2328 5130 2463 5182 misit
2491 5146 2602 5194 me,
2633 5127 2787 5182 Jcsus
2817 5131 2905 5200 qui
2939 5134 3182 5200 apparuit
3221 5134 3312 5187 tibi
3355 5135 3407 5188 in
3450 5137 3530 5189 ria

1909 5236 2008 5288 qua
2035 5221 2303 5287 veniebas,
2356 5230 2410 5274 ut
2454 5221 2626 5274 videas
2673 5231 2719 5274 et
2764 5222 3029 5291 impleatis
3070 5224 3279 5293 Spiritu
3327 5238 3529 5280 sancto.

1909 5311 2101 5367 Statim
2133 5313 2287 5368 illum
2320 5314 2642 5368 familiarem
2671 5315 2891 5370 nomine
2924 5315 3069 5371 facit.
3105 5317 3259 5372 Jesus
3285 5361 3299 5384 ,
3332 5321 3528 5390 inquit,

1909 5408 1997 5476 qui
2037 5409 2282 5477 apparuit
2327 5409 2417 5460 tibi
2457 5407 2512 5462 in
2561 5408 2663 5462 via.
2720 5405 2880 5464 Certe
2936 5426 3042 5464 non
3092 5410 3196 5466 hoc
3226 5415 3273 5464 ei
3321 5415 3535 5469 dixi-rut

1910 5500 2190 5564 Clll'lalUS;
2241 5500 2336 5554 sed
2367 5518 2394 5553 a
2429 5501 2630 5570 Spiritu
2663 5513 2852 5557 sancto
2880 5503 3163 5557 didicerat.
3206 5505 3294 5559 18.
3325 5505 3393 5559 Et
3421 5518 3531 5561 sta-

1912 5596 2000 5647 tim
2032 5595 2327 5647 decidcrunt
2354 5597 2416 5648 ab
2442 5598 2605 5650 oculis
2634 5598 2743 5666 ejus
2773 5607 3033 5668 tamquam
3063 5615 3292 5665 squamae
3315 5642 3328 5662 ,
3374 5611 3423 5654 et
3452 5602 3531 5653 ci-

1910 5704 2024 5740 sum
2055 5689 2240 5756 recepit
2268 5690 2477 5752 statim,
2509 5699 2556 5742 et
2582 5706 2793 5760 surgens
2841 5691 3132 5759 baptizatus
3181 5703 3276 5746 est.
3329 5693 3414 5748 19.
3468 5695 3532 5749 ιη’(

1923 5798 2037 5834 cum
2068 5782 2341 5852 accepisset
2369 5783 2532 5837 cibum
2553 5825 2565 5848 ,
2598 5788 2913 5853 confortatus
2947 5793 3039 5840 est.
3072 5783 3256 5840 Solum
3290 5787 3364 5841 illi
3415 5802 3528 5842 nta-
