4068 6408
587 314 686 369 159

584 445 685 485 nus
715 429 996 499 imposuit,
1024 434 1081 482 et
1106 428 1282 479 statim
1310 439 1546 495 squama:
1570 422 1638 475 ab
1669 420 1839 474 oculis
1870 419 1983 489 ejus
2025 417 2169 471 deci-

583 524 797 578 derunt.
856 520 961 574 llas
1007 518 1223 589 quidam
1282 516 1467 571 dicunt
1512 512 1768 569 caecitatis
1814 511 1956 565 illius
2004 508 2169 563 luisse

584 627 793 668 causas.
828 612 893 667 Et
922 626 1019 666 cur
1047 625 1151 664 non
1180 606 1469 665 cxcmcavit
1498 605 1640 660 illius
1669 602 1895 659 oculos?
1926 601 2035 655 Hoc
2070 601 2171 655 nti-

585 705 801 760 rabilius
851 713 1007 759 erat:
1044 718 1165 757 nam
1210 702 1407 773 apertis
1454 697 1620 753 oculis
1671 713 1777 752 non
1829 696 2040 750 videbat
2070 711 2085 748 :
2115 694 2168 749 id

582 795 723 866 quod
756 796 1055 866 patiebatur
1084 795 1137 849 in
1176 796 1324 863 lege,
1376 793 1549 847 donec
1598 791 1674 844 illi
1725 788 2029 858 impositum
2084 797 2167 841 est

587 908 781 946 nomen
811 890 933 944 Jesu
966 889 1063 960 (α).
1093 887 1160 941 Ει
1189 887 1358 941 statim
1386 886 1670 955 baptizatus
1690 894 1781 937 est.
1809 881 1999 935 Etcum
2020 896 2164 933 acce-

586 986 737 1051 pisse!
761 982 965 1046 cibum,
996 982 1307 1049 confortatus
1330 987 1426 1033 est.
1472 978 1611 1046 Ergo
1661 974 1899 1029 inﬁrmus
1945 982 2059 1027 erat
2098 987 2164 1027 ex

581 1075 805 1139 itinere,
839 1088 903 1127 ex
931 1081 1072 1125 metu
1096 1112 1111 1135 ,
1143 1085 1207 1125 ex
1240 1068 1381 1125 fame
1406 1111 1421 1136 ,
1450 1084 1514 1123 ex
1552 1081 1804 1121 mmrore.
1842 1064 2035 1119 Volens
2065 1065 2164 1133 igi-

582 1177 664 1220 nr
693 1167 830 1220 illius
856 1179 1050 1233 augere
1076 1179 1359 1220 maerorem
1384 1204 1399 1228 ,
1430 1176 1632 1218 emerim
1660 1176 1876 1214 manere
1898 1158 2160 1229 permisit,

576 1260 746 1313 donec
779 1259 924 1313 venit
950 1259 1203 1312 Ananias.
1240 1258 1303 1311 Et
1333 1264 1389 1310 ut
1419 1270 1486 1311 ne
1506 1256 1625 1325 quis
1658 1264 1806 1324 putet
1832 1252 2162 1322 phantasiam

577 1348 741 1404 fuisse
771 1349 1065 1403 cazcitatem
1091 1390 1105 1414 ,
1142 1348 1260 1403 ideo
1284 1361 1520 1416 squama:
1562 1345 1798 1400 fuerunt.
1844 1344 2008 1413 igitur
2056 1359 2161 1395 non

581 1455 717 1508 opus
766 1440 995 1493 habebat
1042 1439 1141 1492 alia
1192 1438 1477 1502 doctrina;
1528 1435 1621 1490 sed
1670 1434 1719 1489 id
1762 1434 1901 1504 quod
1930 1433 2160 1499 accidit,

576 1535 815 1587 doctrina
847 1533 965 1587 fuit.
1008 1532 1132 1585 Fuit
1177 1543 1345 1586 autent
1388 1547 1500 1583 cum
1546 1530 1809 1599 discipulis
1834 1569 1848 1592 ,
1898 1528 1984 1597 qui
2021 1537 2164 1580 erant

578 1626 853 1689 Damasci,
885 1642 974 1693 per
998 1626 1103 1680 dies
1130 1626 1344 1693 aliquot.
1370 1622 1459 1678 20.
1494 1621 1560 1674 Et
1590 1623 1827 1674 continuo
1859 1620 1908 1672 in
1939 1635 2161 1689 synago-

577 1720 652 1789 gis
682 1717 989 1786 prwdicabat
1016 1716 1269 1769 Christum
1292 1758 1306 1781 ,
1334 1717 1451 1784 quia
1480 1716 1558 1767 hic
1584 1724 1657 1767 est
1684 1713 1853 1767 Filius
1882 1712 1997 1767 Dei.
2038 1712 2180 1775 Vide,

578 1812 757 1863 statim
788 1812 975 1863 doctor
1002 1818 1120 1863 erat
1148 1809 1199 1862 in
1227 1809 1528 1878 synagogis.
1562 1807 1676 1861 Non
1708 1805 2059 1860 erubescebat
2098 1805 2164 1857 de

578 1902 893 1966 mutatione,
925 1917 1096 1971 neque
1126 1902 1401 1956 metuebat
1425 1901 1709 1956 destruere
1737 1900 1823 1954 illa
1846 1940 1860 1964 ,
1892 1899 1942 1952 iu
1970 1898 2163 1967 quibus

576 2003 731 2048 :tttlea
759 1993 935 2047 clarus
960 2000 1095 2047 erat.
1126 1991 1235 2046 Nec
1262 1991 1434 2045 solum
1457 1990 1648 2046 doctor
1677 1996 1795 2045 erat
1818 2030 1834 2056 ,
1867 1990 1959 2044 sed
2000 1989 2159 2044 etiam

574 2085 627 2136 in
655 2084 956 2155 synagogis.
989 2084 1065 2139 Ita
1088 2082 1155 2137 ab
1184 2083 1336 2138 initio
1360 2082 1521 2138 homo
1552 2093 1666 2137 erat
1695 2091 1748 2137 et
1777 2080 2061 2146 occidens,
2105 2089 2160 2135 et

583 2176 649 2229 ad
676 2178 849 2231 caedes
874 2177 1225 2245 compositus.
1261 2176 1423 2230 Vides
1449 2190 1608 2245 quam
1636 2176 1836 2229 clarum
1869 2173 2076 2244 signum
2110 2174 2162 2227 in

578 2270 669 2321 illo
701 2270 895 2323 factum
922 2271 1026 2323 sit?
1076 2268 1190 2324 Hoc
1241 2270 1357 2339 ipso
1402 2282 1591 2322 onmes
1644 2266 1988 2337 percellebat.
2040 2266 2164 2321 Ideo

579 2360 691 2414 huic
722 2360 1029 2429 signiﬁcans
1056 2361 1238 2431 adjicit
1267 2377 1281 2414 :
1314 2360 1404 2414 21.
1452 2359 1736 2428 Stupebant
1779 2369 1947 2411 autem
1991 2374 2164 2413 omnes

576 2452 662 2517 qui
687 2451 991 2515 audiebant,
1024 2461 1071 2505 et
1098 2451 1330 2521 dicebant
1358 2466 1375 2505 :
1405 2448 1593 2504 Nonne
1616 2451 1697 2504 hic
1726 2459 1799 2504 est
1819 2489 1835 2516 ,
1866 2451 1953 2520 qui
1995 2466 2160 2519 expu-

576 2542 758 2610 gnabat
789 2543 838 2595 in
867 2543 1153 2597 Jerusalem
1178 2545 1464 2596 invocantes
1488 2544 1541 2595 in
1580 2542 1779 2595 nomine
1822 2542 1944 2609 hoc,
1988 2552 2037 2596 et
2080 2542 2161 2595 hic

576 2637 688 2688 in'eo
714 2638 873 2699 venit,
906 2646 959 2688 ut
989 2638 1174 2688 vinctos
1204 2636 1321 2688 illos
1350 2636 1550 2689 duceret
1593 2634 1659 2686 ad
1702 2635 1952 2703 principes
1989 2649 2163 2688 sacer-

575 2729 748 2780 dotum
768 2727 898 2782 222.
924 2727 1115 2782 Saulus
1136 2737 1303 2780 autem
1322 2727 1483 2797 magis
1493 2726 1863 2779 convalescebat
1884 2736 1929 2780 et
1944 2729 2163 2797 confun-

575 2821 717 2872 tlebat
744 2819 973 2884 Judwos,
1002 2820 1086 2888 qui
1115 2817 1407 2872 habitabant
1436 2818 1671 2871 Damasci
1694 2859 1708 2882 ,
1737 2818 2007 2887 (iﬁirmans‘
2032 2836 2165 2889 quo-

578 2913 712 2964 niam
728 2912 806 2964 hic
824 2911 1164 2966 estC/tristes.
1200 2910 1395 2982 Utpote
1416 2911 1549 2980 legis
1575 2910 1780 2981 peritus
1803 2909 2163 2965 contendebat

578 3003 739 3065 illos,
787 3017 883 3055 nec
932 3002 1076 3071 loqui
1119 3000 1349 3055 sinebat.
1399 3000 1668 3055 Putabant
1711 3017 1769 3057 se
1816 3016 1846 3055 a
1892 3001 2163 3071 Stephano

577 3095 863 3160 l.heratos,
892 3112 919 3145 a
950 3094 1041 3147 tali
1069 3094 1435 3164 diSputatione
1462 3102 1678 3162 ereptos
1713 3108 1832 3148 esse
1852 3136 1865 3160 ,
1908 3106 1962 3148 ct
2000 3094 2163 3149 alium

576 3188 897 3242 invenerunt
924 3187 1195 3256 Stephano
1227 3186 1712 3242 vehementiorem.

648 3279 699 3331 Ξ.
736 3279 838 3333 Sed
867 3294 950 3345 ea,
979 3294 1099 3349 qua:
1128 3279 1386 3332 Ananiam
1415 3288 1677 3347 spectant,
1698 3288 2019 3350 repetamus.
2043 3280 2158 3335 Non

583 3370 715 3423 dixit
747 3370 821 3423 illi
849 3388 860 3420 :
890 3371 1177 3438 Alloquere
1218 3379 1273 3424 et
1315 3370 1533 3425 institue
1575 3372 1743 3426 illum.
1775 3372 1830 3426 Si
1868 3373 2011 3427 enim
2042 3389 2162 3427 cum

576 3465 817 3529 dixisset,
858 3462 1017 3527 Orat,
1048 3473 1093 3516 et
1122 3463 1245 3516 vidit
1276 3465 1434 3517 virum
1463 3464 1802 3534 imponentem
1831 3467 1923 3519 sibi
1949 3483 2127 3521 manus
2148 3510 2162 3531 ,

577 3571 679 3608 non
726 3557 985 3623 persuasit
1010 3572 1025 3607 :
1048 3556 1214 3609 multo
1242 3556 1412 3624 magis
1438 3598 1450 3619 ,
1484 3557 1529 3609 si
1571 3556 1670 3611 hoc
1700 3557 1938 3612 dixisset.
1996 3558 2161 3624 l’idt’t,

578 3649 777 3717 inquit,
819 3649 869 3701 in
908 3648 1115 3701 visione.
1156 3648 1337 3717 itaque
1368 3664 1473 3701 tton
1504 3648 1661 3702 tidem
1691 3649 1780 3702 tibi
1814 3651 2064 3720 negabit:
2097 3668 2164 3707 ne

581 3742 734 3809 ig‘tur
766 3742 951 3793 timeas
972 3781 985 3803 ,
1017 3739 1108 3794 sed
1143 3740 1294 3793 vade.
1337 3738 1427 3793 Sic
1457 3756 1630 3809 neque
1669 3740 1941 3810 Philippus
1985 3746 2161 3797 statim

581 3845 744 3888 totutn
773 3833 939 3887 audit.
973 3832 1105 3900 Quia
1130 3848 1216 3886 vas
1237 3832 1488 3886 electionis
1511 3843 1583 3886 est
1603 3833 1728 3886 mihi
1750 3834 1847 3886 hic.
1878 3834 2001 3890 ll;cc
2022 3835 2163 3890 dicta

578 3927 719 3979 illius
748 3933 905 3989 sunt,
929 3925 1017 3994 qui
1048 3924 1295 3979 timorem
1328 3924 1547 3978 omnino
1575 3926 1773 3978 excutit
1793 3968 1807 3991 ,
1836 3936 1889 3979 et
1917 3926 2163 3981 ﬁduciam

578 4019 711 4070 indit
740 4035 754 4071 :
781 4018 1039 4087 siquidem
1087 4018 1157 4070 ita
1208 4030 1304 4085 pro
1343 4018 1520 4085 seipso
1560 4016 1873 4072 afﬁciendus
1915 4029 2062 4085 erat,
2110 4028 2166 4075 ut

580 4112 738 4163 etiam
770 4111 932 4163 multa
961 4118 1251 4178 pateretur.
1284 4108 1415 4163 Cum
1446 4108 1691 4176 dixisset,
1729 4108 1845 4175 Vas,
1879 4112 2166 4168 ostendens

581 4201 694 4267 ejus
717 4202 969 4258 malitiam
1000 4217 1103 4255 non
1132 4217 1252 4256 esse
1280 4200 1575 4255 naturalem
1607 4220 1620 4255 :
1650 4202 1832 4265 addit,
1875 4201 2164 4271 Etet-tionis,

582 4304 637 4345 ut
671 4293 913 4346 ostendat
954 4294 1126 4362 ipsum
1162 4303 1436 4362 acceptum
1478 4308 1638 4349 esse:
1670 4310 1793 4348 nam
1832 4294 1976 4364 quod
2016 4310 2169 4350 acce-

587 4394 733 4453 ptum
761 4393 862 4451 cst,
892 4383 1157 4453 eligimus.
1183 4384 1261 4439 Ne
1288 4386 1409 4454 quis
1434 4399 1563 4439 vero
1591 4393 1739 4454 putet
1765 4386 1880 4440 lucc
1909 4385 2131 4440 audiens
2149 4428 2164 4453 ,

581 4478 837 4531 Ananiant
864 4476 983 4531 ideo
1006 4476 1121 4530 haec
1142 4475 1342 4542 dicere,
1367 4477 1508 4547 quod
1538 4478 1694 4532 dictis
1725 4493 1829 4532 non
1855 4479 2059 4544 credat,
2084 4480 2167 4534 vel

581 4569 722 4637 quod
763 4577 913 4638 putet
961 4567 1246 4638 deceptum
1290 4566 1455 4623 fuisse
1496 4567 1796 4634 Christum;
1843 4570 2021 4625 absit:
2072 4570 2167 4625 sed

582 4659 722 4728 quod
755 4661 965 4714 timeret
994 4669 1048 4714 et
1080 4668 1370 4726 tremeret,
1413 4659 1573 4713 dictis
1599 4675 1705 4713 non
1736 4660 2079 4727 attendebat,
2113 4671 2169 4716 ut

583 4750 782 4804 audivit
820 4767 1012 4806 nomen
1062 4751 1209 4807 Pauli
1243 4769 1256 4805 :
1288 4751 1365 4805 sic
1392 4751 1481 4805 illo
1509 4752 1724 4807 nomine
1768 4763 2169 4823 praeoccupatus

584 4854 665 4898 est
694 4843 905 4897 timore.
934 4844 1093 4913 Atqui
1120 4844 1207 4897 ubi
1236 4844 1455 4906 audivit,
1480 4844 1620 4914 quod
1648 4858 1969 4901 exczncasset
1994 4847 2165 4914 illum,

579 4935 850 4990 conﬁdere
881 4935 1180 5003 oportebat.
1212 4935 1275 4991 Et
1305 4938 1404 5001 hic,
1439 4936 1627 5006 inquit,
1654 4937 1770 4991 ideo
1796 4942 1944 5005 venit,
1968 4950 2021 4992 ut
2047 4942 2166 5011 liget

583 5044 771 5089 omnes,
792 5028 877 5095 qui
898 5027 1126 5080 invocant
1154 5044 1333 5081 nomen
1359 5037 1516 5082 tuum.
1549 5030 1627 5083 Ac
1649 5030 1693 5083 si
1716 5030 1937 5097 diceret,
1959 5032 2167 5100 Timeo,

584 5137 643 5170 tu:
676 5120 812 5173 torte
843 5134 928 5174 me
964 5121 1014 5173 in
1050 5119 1349 5177 Jerusalem
1372 5121 1530 5176 ducat
1560 5140 1573 5175 :
1604 5139 1701 5177 cur
1727 5139 1812 5179 me
1838 5124 1891 5179 in
1918 5140 1978 5179 os
2001 5128 2170 5183 leonis

585 5213 787 5280 injicis?
817 5228 913 5268 cur
950 5227 1039 5268 me
1078 5212 1201 5269 huic
1241 5214 1455 5285 prodis?
1496 5214 1672 5275 Timet
1700 5226 1755 5273 et
1785 5220 1897 5273 hare
1926 5219 2077 5287 dicit,
2116 5230 2172 5275 ut

584 5304 819 5373 undique
841 5304 1110 5360 discamus
1136 5306 1384 5362 virtutem
1409 5308 1529 5361 viri.
1572 5307 1704 5362 Nam
1749 5308 1864 5364 iure
1901 5325 1931 5364 a
1971 5310 2170 5367 Judwis

583 5396 710 5461 dici,
753 5396 883 5450 nihil
929 5397 1124 5451 mirum
1166 5408 1313 5454 esset
1344 5415 1357 5451 :
1386 5399 1526 5469 quod
1566 5411 1743 5455 autem
1772 5403 1838 5456 ab
1869 5402 1993 5469 hoc,
2020 5414 2073 5458 et
2098 5405 2169 5459 ita

684 5530 759 5590 (τι)
809 5532 1114 5595 Quandonam
1146 5532 1291 5582 Paulo
1329 5532 1603 5595 impositum
1630 5542 1708 5583 est
1746 5548 1923 5585 nomen
1947 5535 1974 5584 J
1982 5549 2087 5595 esu,
2114 5544 2171 5588 ut

587 5596 739 5641 visum
764 5594 1043 5654 reciperet?
1066 5597 1149 5643 Hic
1172 5596 1250 5645 vel
1282 5594 1447 5645 vitium
1472 5598 1519 5643 in
1543 5598 1709 5644 verbis
1730 5606 1824 5656 est,
1849 5597 1929 5646 vel
1953 5594 2170 5650 dicamus

581 5663 791 5723 oportet,
804 5663 918 5705 tunc
934 5657 1156 5723 Ananiam
1176 5658 1462 5723 imposuisse
1478 5658 1622 5723 Paulo
1635 5671 1813 5723 nomen
1825 5659 1849 5707 J
1860 5674 1965 5718 esu,
1978 5664 2169 5723 quando

583 5719 754 5786 wsitis
792 5730 940 5780 super
965 5718 1101 5786 illum
1141 5718 1364 5770 manibus
1385 5720 1508 5769 dixit
1548 5719 1839 5779 illi,Jesum
1884 5718 2046 5772 esse'a
2072 5740 2169 5786 quo

583 5781 687 5835 ipse
715 5782 872 5829 visum
895 5781 1165 5842 reciperet.

1318 308 1378 363 S.
1408 306 1683 363 JOANNIS
1721 297 2193 359 CHRYSUSTUNH
2238 295 2550 349 AELCIIIEP.
2581 294 3114 352 CUNSTANTINOP.

3769 297 3877 355 16-3

2283 414 2564 481 perterrito
2585 456 2599 475 ,
2633 429 2879 482 magnum
2906 414 3100 469 dit-inte
3134 416 3341 469 virtutis
3370 416 3584 486 signum
3616 420 3722 475 hoc
3752 435 3877 475 esse

2279 504 2555 572 probatur.
2597 503 2758 559 Suttle
2787 510 2963 577 frater.
3007 506 3102 561 llic
3130 523 3340 577 quoque
3368 524 3592 579 magnus
3612 510 3774 565 adest
3803 524 3873 565 tt-

2277 612 2415 663 mor,
2443 606 2498 650 et
2529 606 2645 665 post
2674 598 2917 653 timorem
2949 600 3120 669 major
3139 598 3459 657 obedietitia.
3492 604 3719 667 Deinde,
3748 609 3875 674 quia

2290 687 2385 741 Vas
2409 689 2661 742 electionis
2685 689 2837 755 dixit,
2876 707 2942 746 ne
2968 691 3178 748 diceres
3204 734 3218 758 ,
3260 704 3425 749 totum
3469 710 3536 752 ex
3580 696 3694 751 Deo
3723 712 3870 765 esse,

2276 790 2331 834 ut
2357 780 2424 835 ab
2455 781 2554 835 hoc
2582 792 2632 836 te
2661 782 2922 849 abducat,
2953 785 3137 853 adjicit
3171 804 3184 839 :
3218 786 3471 862 UtOportet
3496 806 3681 844 nomen
3703 808 3874 844 meum

2272 887 2443 925 coram
2459 874 2682 943 gentibus
2701 887 2746 929 et
2772 876 2969 947 regibus
2986 886 3031 930 et
3047 878 3168 945 ﬁliis
3180 876 3366 933 Israel.
3383 883 3426 934 Α
3437 881 3605 936 udivit
3627 886 3669 937 A
3679 885 3872 939 nanias

2274 964 2324 1018 id
2364 965 2506 1034 quod
2536 967 2687 1022 valde
2712 968 2996 1037 cupiebat,
3042 972 3215 1040 ipsum
3244 973 3402 1027 etiam
3430 985 3617 1029 contra
3645 976 3873 1033 Judaeos

2272 1068 2629 1126 pugnaturum
2659 1075 2779 1115 esse
2808 1077 2822 1114 :
2856 1062 2975 1116 ideo
3006 1078 3111 1117 non
3142 1064 3315 1118 solum
3338 1068 3553 1135 gaudio,
3575 1068 3673 1123 sed
3703 1071 3868 1125 etiam

2272 1146 2457 1202 ﬁducia
2486 1150 2743 1218 repletur.
2773 1151 2885 1223 Ego
2913 1156 3067 1221 enim,
3104 1156 3290 1226 inquit,
3318 1161 3580 1213 ostendam
3606 1162 3651 1214 ei
3678 1176 3870 1230 quanta

2269 1248 2497 1307 aporteat
2534 1258 2647 1294 eum
2692 1260 2786 1311 pro
2824 1248 3026 1299 nomine
3050 1264 3156 1301 utea
3185 1250 3311 1318 pati.
3349 1250 3477 1305 Hum
3518 1255 3873 1322 prtediccmis

2269 1341 2393 1386 sunt
2416 1334 2574 1387 simul
2602 1345 2656 1389 et
2684 1336 2980 1405 hortantis,
3022 1340 3064 1393 si
3096 1341 3313 1409 quidem
3344 1343 3432 1397 ille
3457 1345 3635 1399 omnia
3669 1362 3868 1415 passu-

2270 1439 2362 1478 rus
2386 1436 2489 1488 est,
2522 1427 2612 1496 qui
2642 1428 2713 1481 ita
2740 1428 2986 1496 insaniit;
3018 1432 3102 1487 hic
3130 1449 3257 1487 vero
3284 1435 3432 1489 illum
3456 1437 3730 1507 baptizare
3752 1456 3867 1496 non

2268 1518 2399 1582 vult,
2431 1527 2489 1572 ut
2514 1520 2683 1574 visum
2709 1523 2945 1593 recipiat.
2988 1524 3154 1589 Bene,
3186 1527 3390 1597 inquit;
3424 1530 3541 1584 sine
3569 1531 3719 1586 illum
3750 1548 3866 1587 ea:-

2268 1626 2389 1665 cum
2422 1627 2543 1668 esse
2575 1631 2589 1667 :
2616 1614 2737 1669 ideo
2767 1632 2906 1672 nunc
2939 1620 3082 1673 mitis
3119 1630 3228 1687 est,
3264 1622 3386 1691 quia
3414 1638 3587 1679 cmcus
3613 1644 3626 1679 :
3654 1641 3751 1680 cur
3778 1643 3870 1682 me

2263 1703 2423 1772 jubes
2460 1708 2671 1774 aperire
2702 1710 2890 1764 oculos
2919 1712 3070 1780 ejus?
3107 1728 3174 1768 an
3213 1723 3270 1768 ut
3303 1730 3514 1771 rursum
3542 1717 3765 1789 alliget?
3797 1722 3869 1774 At

2267 1809 2338 1848 ne
2381 1793 2615 1851 futurum
2659 1798 2846 1855 timeas
2873 1819 2886 1855 :
2913 1817 3035 1857 nam
3082 1805 3281 1874 apertis
3316 1808 3483 1862 oculis
3523 1824 3629 1863 non
3673 1820 3867 1866 contra

2268 1903 2387 1954 nos,
2418 1889 2511 1945 sed
2541 1906 2638 1961 pro
2667 1893 2824 1949 nobis
2848 1903 3028 1950 utetur
3057 1914 3071 1951 :
3103 1897 3171 1952 ad
3202 1899 3324 1964 hoc,
3353 1899 3421 1955 Ut
3444 1903 3681 1971 respiciat
3701 1945 3715 1967 ,
3746 1903 3869 1959 hmc

2266 1995 2478 2051 quoque
2515 1981 2855 2053 adjiciantur.
2899 1986 2978 2042 Ne
3026 1988 3211 2045 timeas
3241 2009 3255 2045 :
3290 1991 3419 2045 nihil
3446 1992 3595 2048 vobis
3625 1995 3750 2050 mali
3780 1994 3869 2049 fa-

2267 2071 2402 2139 ciet;
2446 2074 2555 2129 imo
2582 2077 2810 2146 patietur
2837 2078 3023 2134 multa.
3059 2080 3128 2135 Et
3159 2083 3301 2151 quod
3330 2084 3572 2140 mirabile
3598 2095 3680 2140 est
3702 2128 3717 2153 ,
3749 2089 3869 2155 pri-

2269 2179 2358 2219 mo
2384 2165 2636 2234 patietur,
2656 2176 2709 2222 et
2739 2177 2863 2224 tunc
2893 2171 2943 2225 in
2972 2172 3205 2240 pericula
3230 2174 3447 2230 incidet.
3478 2176 3637 2231 Saule
3662 2177 3865 2245 frater,

2267 2252 2419 2309 Jesus
2447 2257 2533 2324 qui
2554 2257 2796 2327 apparuit
2822 2262 2911 2315 tibi
2937 2263 2989 2315 iu
3009 2264 3110 2327 via,
3136 2264 3269 2317 misit
3296 2282 3393 2319 me.
3428 2265 3544 2321 Non
3572 2267 3729 2333 dixit,
3758 2268 3866 2338 Qui

2268 2351 2575 2417 excaecavit,
2604 2351 2697 2405 sed
2723 2394 2738 2418 ,
2774 2353 2877 2418 Qui
2896 2364 3137 2426 apparuit
3167 2357 3257 2411 tibi
3284 2374 3305 2412 :
3328 2359 3399 2414 ita
3431 2361 3672 2417 modeste
3699 2378 3869 2434 agere

2267 2438 2487 2505 sciebat,
2534 2440 2773 2511 nihilque
2812 2457 3129 2516 arroganter
3169 2449 3318 2504 dicit.
3370 2450 3437 2507 Ut
3480 2452 3639 2523 igitur
3668 2455 3869 2512 Petrus

2266 2542 2453 2585 curato
2475 2533 2665 2590 claudo
2688 2536 2897 2592 dicebat
2923 2556 2935 2593 :
2966 2538 3105 2606 Quid
3130 2544 3272 2597 nobis
3297 2547 3576 2614 attenditis,
3599 2550 3745 2617 quasi
3768 2567 3869 2605 no-

2269 2635 2374 2678 stra
2402 2628 2580 2682 virtute
2608 2631 2684 2683 vel
2702 2633 2886 2701 pietate
2904 2634 3170 2703 fecerimus
3196 2640 3330 2692 hunc
3356 2640 3616 2696 ambulare
3642 2642 3779 2712 (Act.
3805 2646 3865 2700 3.

2272 2716 2401 2787 l2)?
2424 2718 2501 2774 sic
2531 2731 2583 2775 et
2612 2722 2732 2789 iste,
2761 2723 2911 2779 Jesus
2939 2728 3025 2794 qui
3053 2732 3290 2800 apparuit
3317 2733 3424 2786 tibi.
3455 2732 3722 2803 Impositis
3746 2736 3867 2807 jam

2270 2813 2516 2868 manibus
2546 2814 2660 2871 haec
2691 2817 3027 2888 loquebatur,
3058 2832 3112 2876 et
3141 2823 3333 2894 duplex
3367 2827 3580 2883 caecitas
3610 2827 3867 2884 solveba-

2270 2914 2372 2959 tur.
2404 2907 2537 2959 Cum
2560 2906 2688 2962 dicit
2713 2921 2912 2977 autem,
2943 2910 3071 2966 Cum
3095 2916 3305 2982 cepisset
3331 2917 3515 2984 cibum,
3541 2918 3868 2987 confortatus

2269 3008 2375 3062 est,
2419 3000 2679 3069 signiﬁcat
2710 3002 2857 3058 illum
2891 3004 3214 3062 inﬁrmatum
3242 3023 3362 3065 esse
3387 3026 3416 3064 a
3447 3026 3681 3068 mrerore
3706 3016 3871 3071 catei-

2272 3090 2429 3155 tatis,
2459 3108 2487 3143 a
2526 3092 2715 3150 timore
2748 3106 2801 3151 et
2826 3112 2854 3150 a
2888 3096 3046 3153 fame.
3090 3099 3276 3169 Neque
3315 3103 3459 3157 enim
3501 3105 3649 3174 prius
3681 3106 3867 3161 cibum

2271 3198 2484 3238 sumere
2529 3186 2732 3252 voluit,
2783 3204 2941 3258 quam
2997 3190 3292 3261 baptizatus
3343 3210 3536 3265 magna
3578 3199 3871 3254 sortiretur

2271 3272 2429 3325 dona.
2459 3274 2640 3346 Neque
2661 3277 2808 3344 dicit,
2831 3279 2988 3335 Jesus
3009 3282 3314 3350 cruciﬁxus,
3345 3282 3511 3340 Filius
3538 3287 3652 3361 Dei,
3676 3290 3767 3358 qui
3792 3291 3871 3345 si-

2268 3380 2370 3435 gna
2403 3368 2561 3435 facit;
2590 3371 2683 3425 sed
2705 3373 2866 3443 quid?
2894 3374 2995 3447 Qui
3014 3379 3253 3446 apparuit
3274 3378 3396 3452 tibi;
3426 3396 3487 3435 ea
3518 3380 3721 3446 dicens,
3742 3398 3868 3453 qua:

2270 3458 2343 3511 illi
2378 3470 2501 3513 nota
2528 3473 2702 3515 erant.
2749 3452 3189 3537 Quandoquidem
3219 3485 3286 3523 ne
3315 3470 3428 3539 ipse
3458 3472 3674 3541 quidem
3703 3452 3868 3528 Chri-

2271 3560 2385 3603 stus
2425 3551 2566 3606 aliud
2609 3553 2843 3623 adjecit,
2886 3573 3058 3628 neque
3089 3560 3222 3615 dixit
3252 3578 3264 3614 :
3295 3561 3407 3633 Ego
3433 3578 3549 3617 sum
3577 3564 3665 3620 ille
3692 3567 3872 3621 cruci-

2272 3643 2442 3710 ﬁxus,
2475 3648 2564 3715 qui
2593 3653 2889 3715 resurrexi;
2929 3653 3022 3707 sed
3044 3695 3058 3720 ,
3091 3656 3249 3719 Quem
3276 3666 3328 3708 tu
3362 3659 3696 3727 persequeris.
3748 3658 3870 3714 Non

2270 3736 2421 3803 dixit,
2444 3738 2542 3806 Qui
2577 3746 3041 3812 persequutioncm
3067 3748 3265 3816 patior;
3297 3765 3362 3803 ne
3385 3749 3659 3805 videretur
3689 3752 3740 3804 in
3771 3767 3869 3805 ex-

2272 3845 2425 3886 cessu
2450 3836 2643 3888 mentis
2672 3837 2915 3892 irridere.
2948 3839 3046 3905 Qui
3075 3843 3314 3911 apparuit
3338 3843 3444 3908 tibi,
3473 3843 3665 3914 inquit,
3684 3846 3737 3899 in
3765 3849 3869 3901 via.

2274 3925 2435 3993 Atqui
2468 3942 2573 3979 non
2599 3930 2879 3995 apparuit,
2910 3930 3004 3985 sed
3042 3947 3139 4002 per
3169 3948 3333 4003 opera
3359 3935 3506 3990 visus
3539 3947 3641 3991 est.
3678 3938 3747 3991 lit
3769 3956 3869 3992 vu-

2274 4016 2387 4070 lens
2414 4020 2676 4072 sermonis
2701 4021 2997 4075 molestiam
3028 4024 3271 4093 mitigare
3293 4067 3307 4089 ,
3337 4026 3514 4081 statim
3543 4028 3764 4097 adjicit,
3803 4029 3873 4084 Ut

2272 4108 2462 4173 videas,
2492 4121 2537 4162 et
2564 4112 2820 4182 impleatis
2852 4114 3052 4183 Spiritu
3078 4127 3273 4171 sancto.
3306 4118 3420 4173 Non
3451 4121 3631 4187 venit,
3664 4132 3722 4176 ut
3752 4140 3873 4178 rem

2272 4199 2467 4256 factam
2495 4215 2760 4271 argueret,
2790 4207 2883 4260 sed
2914 4207 2981 4261 ad
3008 4208 3209 4263 donum
3236 4211 3642 4279 conferendum,
3675 4216 3869 4285 inquit.

2275 4293 2499 4349 Videtur
2538 4297 2667 4350 mihi
2711 4308 2764 4351 et
2804 4299 2944 4354 hunc
2972 4310 3025 4355 et
3050 4294 3355 4359 Corneliani
3384 4307 3560 4360 statim
3594 4318 3713 4376 post
3756 4311 3874 4366 hare

2276 4386 2413 4440 dicta
2444 4390 2602 4442 verba
2636 4389 2891 4459 Spiritum
2922 4394 3226 4463 recepisse;
3273 4398 3373 4451 etsi
3413 4398 3505 4467 qui
3550 4400 3730 4463 dabat,
3762 4419 3873 4457 non

2276 4494 2341 4533 ex
2367 4478 2646 4535 duodecim
2674 4492 2835 4538 esset.
2876 4484 2963 4540 Sic
2994 4487 3125 4541 nihil
3159 4488 3449 4543 humanum
3488 4490 3606 4557 hic,
3642 4508 3745 4547 nec
3779 4511 3875 4563 per

2278 4570 2549 4627 hominem
2590 4575 2783 4629 factum
2816 4588 2929 4643 est;
2972 4578 3067 4634 sed
3098 4580 3236 4635 Deus
3265 4582 3452 4637 aderat
3476 4584 3566 4652 qui
3599 4584 3715 4639 lucc
3744 4604 3874 4656 age-

2278 4670 2378 4719 ret.
2408 4662 2680 4735 Simulque
2708 4667 2856 4721 illum
2890 4670 3117 4723 instituit
3144 4680 3199 4724 ut
3230 4674 3471 4728 modeste
3499 4676 3717 4741 sentiat,
3748 4694 3873 4733 cum

2278 4756 2425 4810 illum
2475 4773 2579 4811 non
2625 4759 2771 4813 ducit
2815 4760 2879 4813 ad
2927 4762 3227 4831 prmcipuos
3270 4766 3573 4834 apostolos,
3607 4768 3876 4840 docetque

2278 4848 2408 4902 nihil
2438 4849 2522 4902 hic
2550 4848 2838 4905 humanum
2870 4868 3009 4908 esse.
3041 4853 3225 4923 Neque
3253 4865 3379 4911 tunc
3402 4856 3683 4928 Spiritum,
3714 4872 3770 4915 ut
3801 4864 3866 4917 si

2277 4956 2377 5008 gna
2418 4941 2627 5005 ederet,
2666 4946 2907 5015 accepit,
2946 4956 2995 4998 ιιι
3033 4947 3111 5000 sic
3140 4948 3255 5016 ejus
3283 4948 3417 5004 lides
3447 4952 3828 5007 ostenderetur
3858 4973 3871 5009 :

2278 5048 2451 5103 neque
2477 5036 2617 5088 enim
2649 5053 2797 5106 srgna
2830 5038 2972 5091 fecit.
3005 5037 3072 5091 Et
3104 5041 3291 5105 statim,
3328 5043 3526 5112 inquit,
3564 5044 3615 5096 iu
3648 5063 3876 5117 synago-

2278 5132 2356 5199 gis
2386 5133 2691 5199 prtedicabat
2718 5132 3007 5200 Christum,
3040 5138 3159 5205 quia
3189 5138 3269 5191 hic
3308 5151 3380 5192 est
3410 5137 3577 5192 Filius
3610 5140 3721 5213 Dci.
3757 5142 3874 5196 Non

2279 5225 2599 5293 pnedic'abat
2626 5228 2767 5297 quod
2798 5233 3179 5285 restim-exisset
3203 5274 3217 5297 ,
3251 5248 3425 5301 neque
3454 5236 3592 5303 quod
3624 5238 3833 5290 viveret
3860 5256 3875 5302 ;

2279 5318 2372 5371 sed
2401 5319 2565 5386 quid?
2595 5322 3006 5378 Accuratissime
3040 5333 3232 5393 dogma
3264 5328 3598 5395 exponebat,
3634 5326 3766 5393 Quia
3796 5332 3879 5383 hic

2280 5424 2351 5465 est
2402 5412 2564 5467 Filius
2608 5413 2725 5468 Dei.
2780 5415 2852 5469 llh
2894 5434 3022 5472 vero
3065 5419 3147 5473 his
3189 5419 3382 5474 auditis
3413 5422 3465 5474 in
3500 5422 3878 5479 incredulitate

2283 5515 2549 5571 perstant,
2584 5522 2703 5560 cum
2754 5512 3075 5577 oportuisset
3127 5527 3231 5566 non
3282 5514 3442 5567 modo
3481 5516 3735 5580 credere,
3780 5517 3877 5571 scd

2280 5600 2435 5650 etiam
2465 5598 2863 5666 obstupescere.
2895 5603 2960 5655 Et
2982 5620 3077 5657 cur
3101 5619 3203 5657 non
3232 5606 3563 5672 simpliciter,
3588 5625 3656 5676 qu
3683 5610 3727 5661 id
3756 5627 3874 5676 INT-

2279 5698 2534 5755 sequutor
2574 5688 2765 5746 fuerit.
2802 5693 3023 5755 dicunt;
3056 5696 3148 5748 se-l
3191 5699 3329 5765 quod
3373 5713 3699 5768 expugnaret
3743 5717 3877 5765 eos,

2283 5785 2364 5851 qui
2398 5783 2493 5837 hoc
2528 5800 2718 5837 nomen
2754 5786 3100 5842 invocarent?
3136 5790 3375 5856 Magnum
3410 5794 3639 5846 furorum
3676 5793 3757 5847 his
3786 5790 3873 5845 Ili;-
