4068 6416
433 307 526 362 Ml
1204 308 1262 362 S.
1302 303 1585 362 JOANNIS
1619 303 2110 363 CIIRYSOSTOMl
2151 302 2472 366 ARCHIEP.
2512 297 3060 358 (“.ONSTANTINOP.

426 421 626 488 τοῦτο;
657 421 730 475 Τὸ
762 421 965 492 σφόδρα
992 423 1217 492 μανικὸν
1247 423 1336 478 διὰ
1363 423 1553 477 τούτου
1581 423 1957 496 ἐμφαίνοντες.
1983 421 2092 474 Kal

426 509 529 564 οὐκ
553 505 703 564 εἷπον
723 509 812 563 τὸν
852 509 1078 582 Ἰησοῦν,
1113 512 1222 564 ἀπὸ
1246 512 1344 582 τῆς
1376 511 1675 581 βασκανίας
1704 510 1824 564 οὐδὲ
1844 509 1904 562 τὺ
1923 509 2094 580 ὄνομα

428 597 650 651 ἀκούειν
680 599 997 670 ἀνεχόμενοι
1022 616 1037 631 ο
1072 597 1244 662 οὕτως
1279 595 1419 670 ἦσαν
1459 597 1938 670 ἐκτεθηριωμένοι.
1985 597 2096 652 Καὶ

426 677 542 738 ὦδε
573 687 661 751 είς
679 686 855 740 τοῦτο
877 686 1194 752 ἐλήλυθεν.
1219 687 1330 740 Οὐκ
1358 686 1552 758 ἔχομεν
1575 689 1768 751 εἰπεῖν,
1803 686 1988 757 φησὶν,
2015 686 2094 740 ὅτι

427 775 540 838 τοῖς
570 773 886 838 ἀποστόλοις
917 775 1180 847 πρότερον
1213 776 1546 842 συνεγένετο.

497 871 548 934 γ’
556 865 716 936 ,Ὅρα
733 866 1012 920 διάπόσων
1031 866 1370 936 ὁμολογεῖται
1389 867 1499 920 τῶν
1527 867 1733 940 ἐχθρῶν
1760 867 2045 938 τυγχάνων
2067 867 2094 918 6

427 951 657 1016 Παῦλος.
698 953 755 1006 '0
783 953 839 1006 δὲ
864 955 925 1006 οὐ
953 954 1112 1024 μόνον
1143 954 1242 1008 οὐκ
1276 954 1539 1026 ᾐσχύνετο
1569 955 1800 1022 τούτοις,
1830 954 1967 1009 ἀλλά
1999 955 2092 1008 καὶ

429 1041 773 1112 ἐνηϐρύνετο.
822 1041 1056 1108 Σαῦλος
1092 1042 1161 1096 δὲ
1197 1042 1439 1113 μᾶλλον
1483 1042 1944 1112 ἐνεδυναμοῦτο,
1995 1042 2093 1096 καὶ

426 1130 788 1198 συνῄσχυνε
809 1129 952 1195 τοὺς
995 1129 1326 1197 Ἰουδαίους
1345 1147 1358 1161 ⁶
1380 1131 1674 1195 τουτέστιν,
1713 1129 2090 1200 ἐπεστόμιζεν,

423 1215 526 1267 οὐκ
549 1215 636 1270 ετα
653 1233 706 1268 τι
729 1218 932 1270 εἰπεῖν·
957 1217 1351 1286 συμϐιϐἀζων,
1389 1217 1479 1271 ὅτι
1507 1213 1687 1286 οὗτός
1710 1217 1882 1271 ἐστιν
1902 1221 1936 1271 ό
1962 1218 2094 1285 Χρι-

426 1301 592 1368 στός.
625 1304 902 1357 Διδάσκων
923 1347 937 1369 ,
980 1306 1116 1376 φησί
1141 1322 1155 1336 ·
1179 1305 1499 1369 διδάσκαλος
1530 1307 1622 1359 καὶ
1649 1306 1757 1377 γάρ
1777 1305 1978 1368 εὐθέως
2000 1301 2088 1376 ἦν.

437 1388 535 1456 Ὧς
584 1389 653 1443 δὲ
673 1403 699 1431 ι
724 1392 1110 1461 ἐπληροῦντο
1166 1395 1379 1462 ἡμέραι
1427 1394 1647 1460 ἱκαναί,
1690 1395 2092 1448 συνεϐουλεύ-

423 1494 615 1534 σαντο
637 1483 690 1548 οῖ
730 1478 1014 1536 Ἰουδαῖοι
1057 1483 1298 1538 ἀνελεῖν
1337 1484 1546 1538 αὐτόν.
1581 1484 1708 1538 Ἐπὶ
1747 1484 1838 1538 τὸν
1875 1485 2092 1556 ἰσχυρὸν

427 1567 787 1640 συλλογισμὸν
814 1569 1063 1642 ἔρχονται
1103 1571 1267 1624 πάλιν
1316 1573 1366 1624 οἱ
1411 1571 1671 1627 Ἰουδαῖοι.
1713 1574 1828 1627 Οὐκ
1868 1574 1944 1627 ἐτι
1983 1574 2091 1646 γὰρ

426 1655 789 1724 συκοφάντας,
818 1657 910 1712 καὶ
940 1659 1299 1729 κατηγόρους,
1320 1661 1414 1712 καὶ
1428 1660 1880 1733 ψευδομάρτυρας
1905 1661 2092 1732 ἐπιζη-

421 1743 607 1796 τοῦσιν
631 1761 646 1776 ο
682 1745 804 1797 οὐδὲ
837 1747 944 1816 γάρ
984 1745 1064 1800 ἐτι
1095 1747 1378 1816 ἀνέχονται
1403 1748 1610 1802 τούτων
1637 1766 1651 1780 ·
1685 1749 1822 1802 ἀλλά
1849 1749 1934 1815 τίς
1972 1751 2093 1803 Λοι-

422 1829 524 1882 πὺν
574 1829 730 1884 αὐτοὶ
773 1830 840 1883 δι’
881 1832 1091 1887 ἑαυτῶν
1131 1833 1286 1887 τοῦτο
1332 1836 1678 1904 ἐργάζονται.
1739 1836 1954 1907 Ἐπειδὴ
1983 1835 2092 1906 γὰρ

421 1911 561 1969 εἶδον
591 1918 997 1988 ἐπιτεινόμενον
1018 1920 1079 1971 τὸ
1123 1923 1388 1991 πρᾶγμα,
1419 1922 1538 1975 οὐδέ
1574 1922 1920 1993 δικαστήριον
1961 1923 2092 1978 καθ-

425 2001 652 2066 ίζουσιν·
682 2004 910 2072 Ἒγνώσ
912 2009 984 2073 θη
1013 2005 1082 2058 δέ
1103 2005 1181 2071 τῷ
1214 2009 1428 2074 Σαύλῳ
1465 2009 1504 2077 ἡ
1537 2009 1827 2079 ἐπιϐουλὴ
1851 2010 2051 2064 αὐτῶν
2073 2029 2088 2044 ο

423 2088 802 2156 παρετήρουν
846 2107 910 2144 τε
948 2091 1055 2158 τὰς
1095 2095 1295 2159 πύλας
1331 2095 1557 2164 ἡμέρας
1599 2114 1664 2151 τε
1705 2097 1804 2151 καὶ
1850 2099 2090 2165 νυκτὸς,

421 2175 582 2242 ὅπως
612 2178 799 2231 αὑτὸν
816 2178 1102 2236 ἀνέλωσι.
1133 2182 1230 2235 Διά
1248 2183 1337 2249 τίς
1373 2185 1494 2238 Ὅτι
1517 2187 1734 2240 πάντων
1761 2189 2093 2259 ἀφορητότε-

426 2280 517 2334 ρον
551 2260 619 2335 ἦν
651 2266 835 2330 αὐτοῖς
855 2268 963 2320 τῶν
991 2269 1091 2340 ήδη
1117 2273 1502 2342 γεγενημένων
1534 2275 1794 2344 σημείων,
1826 2276 1936 2328 τῶν
1959 2293 2091 2329 πενο

420 2351 802 2422 τακισχιλίων,
836 2355 944 2409 τῶν
976 2358 1325 2429 τρισχιλίων,
1363 2361 1582 2414 πάντων
1612 2362 1817 2427 ἁπλῶς.
1855 2364 1963 2418 Καὶ
1990 2366 2093 2436 δρα

419 2439 582 2527 αὐτὸν
607 2441 745 2506 τέως
763 2443 822 2496 οὐ
847 2445 1031 2514 χάριτι
1063 2444 1390 2517 σωζόμενον,
1426 2448 1542 2502 ἀλλ’
1566 2450 1885 2527 ἀνθρωπίνῃ
1907 2455 2087 2526 σοφίᾳ·

421 2525 508 2581 ἵνα
558 2529 736 2603 μάθῃς
782 2529 878 2584 τοῦ
912 2531 1106 2604 ἀνδρὸς
1147 2535 1246 2604 τὴν
1285 2537 1488 2607 ἀρετὴν
1522 2539 1614 2591 καὶ
1645 2540 1812 2611 χωρὶς
1851 2525 2093 2612 σῆμείων

420 2613 748 2686 λάμποντος.
791 2621 1092 2687 Λαϐόντες
1136 2621 1205 2676 δὲ
1247 2622 1436 2677 αὑτὸν
1473 2627 1529 2678 οἱ
1567 2628 1822 2695 μαθηταὶ
1850 2632 2090 2698 νυκτὸς,

419 2705 698 2772 καθῆκαν
736 2707 833 2762 διὰ
866 2709 974 2762 τοῦ
1003 2710 1273 2779 τείχους,
1304 2713 1691 2780 χαλάσαντες
1726 2717 1796 2770 ἐν
1823 2719 2090 2786 σπυρίδι.

417 2791 660 2856 Εἰκότως
681 2811 692 2824 ·
722 2795 810 2848 ἵνα
832 2793 1200 2870 ἀνύποπτονῇ
1229 2797 1292 2852 τὺ
1314 2800 1568 2870 πρᾶγμα.
1607 2801 1671 2854 Τί
1699 2799 1820 2869 οῦνς
1852 2807 2092 2862 τοιοῦτον

417 2879 660 2934 κίνδυνον
684 2881 962 2951 διαφυγὼν
980 2924 996 2950 ,
1020 2881 1130 2956 ἆρα
1148 2885 1362 2939 ἵσταται
1388 2888 1416 2927 δ
1437 2905 1451 2954 ;
1472 2889 1761 2959 Οὐδαμῶς,
1793 2893 1908 2946 ἀλλ’
1927 2897 2094 2968 ἀπέρ-

417 2984 572 3038 χεται
594 2968 723 3024 ἔνθα
756 2971 1022 3041 μειζόνως
1041 2972 1106 3026 ἂν
1121 2974 1317 3037 αὐτοὺς
1341 2975 1550 3046 ἐξάψει.
1573 2979 1695 3031 ’Ότι
1713 2980 1822 3051 γάρ
1851 2983 2095 3054 ἀκριϐῶς

424 3057 768 3123 ἐπίστευσεν,
816 3060 1048 3113 ἄπιστον
1088 3056 1154 3132 ἦν
1210 3061 1290 3115 ἐτι
1326 3066 1440 3128 τοῖς
1485 3065 1718 3130 πολλοῖς.
1782 3069 1880 3124 Διά
1937 3073 2095 3127 τοῦτο

419 3139 570 3215 [166]
592 3145 710 3214 μεθ’
740 3145 957 3217 ἡμέρας
985 3148 1176 3213 ίκανάς
1203 3149 1362 3204 τοῦτο
1394 3151 1626 3219 γίνεται.
1676 3153 1742 3207 Τί
1778 3173 1907 3211 ποτε
1935 3161 2094 3216 τοῦτό

417 3230 600 3299 ἐστιν;
630 3233 792 3298 Είκὸς
812 3233 976 3288 αὐτὸν
1012 3237 1087 3307 μὴ
1123 3235 1404 3305 βούλεσθαι
1435 3240 1573 3303 τέως
1600 3241 1838 3308 ἐξελθεῖν
1861 3247 2092 3314 ἐκεῖθεν,

417 3317 629 3372 πολλῶν
651 3322 782 3386 ῐσως
823 3324 1238 3395 παραινούντων
1266 3342 1279 3356 ·
1322 3327 1509 3399 ἐπειδὴ
1537 3328 1594 3382 δὲ
1623 3331 1814 3400 ἔμαθε,
1851 3333 1970 3387 τότε
1997 3337 2095 3388 ἐπ-

419 3405 615 3493 έτρεψε
644 3412 758 3473 τοῖς
792 3411 1064 3482 μαθηταῖς
1088 3414 1251 3467 αὐτοῦ
1272 3432 1284 3445 ·
1311 3417 1406 3469 καὶ
1430 3417 1538 3489 γάρ
1557 3420 1806 3490 μαθητάς
1829 3418 1976 3493 εἶχεν
2005 3427 2095 3478 εὐ-

419 3492 576 3557 θέως.
601 3495 771 3549 Τοῦτο
796 3500 1164 3570 αἰνιττόμενος
1187 3501 1374 3570 ἔλεγεν
1395 3521 1410 3534 ο
1464 3507 1518 3558 '0
1544 3506 1841 3576 ἐθνάρχης
1884 3492 2097 3580 νἈρέτα

416 3582 525 3636 τοῦ
572 3584 880 3652 ,βασιλέως
932 3587 1206 3657 ἐφρούρει
1257 3591 1373 3658 τὴν
1420 3595 1836 3663 Δαμασκηνῶν
1888 3605 2092 3668 πόλιν,

419 3670 632 3727 πιάσαι
658 3692 736 3742 με
770 3674 981 3733 θέλων.
1015 3679 1122 3730 Kal
1145 3678 1249 3749 δρα
1283 3679 1375 3734 τὸν
1405 3682 1797 3757 εὐαγγελιστὴν
1823 3689 1975 3743 οὐδὲν
2009 3710 2095 3760 φι-

419 3760 660 3830 λοτίμως
681 3761 931 3831 λέγοντα,
961 3763 1081 3818 οὐδὲ
1109 3765 1360 3838 λαμπρὸν
1398 3770 1686 3824 δεικνύντα
1723 3773 1814 3826 τὸν
1852 3775 2093 3843 Παῦλον,

421 3849 555 3903 ἀλλά
595 3851 754 3920 μόνον
781 3853 862 3905 ὅτι
891 3853 1191 3923 ἐπήγειραν
1214 3855 1302 3908 τὸν
1335 3856 1576 3926 βασιλέα.
1611 3861 1787 3914 Μόνον
1815 3859 1907 3917 οὖν
1935 3867 2096 3921 αὐτὸν

421 3937 879 4027 ἐξέπεμψαν,κώ
910 3940 1100 3995 οὐδένα
1139 3944 1257 4012 μετ’
1285 3944 1473 4000 αὐτοῦ.
1525 3948 1638 4000 Καὶ
1678 3949 1835 4005 τοῦτο
1876 3953 1930 4006 δὲ
1960 3971 2097 4027 συμ-

420 4026 714 4115 φερόντως,
753 4026 894 4115 ὥστε
917 4029 1078 4082 αὐτὸν
1110 4031 1343 4100 φανῆναι
1372 4035 1484 4096 τοῖς
1507 4034 1824 4103 ἀποστόλοις
1846 4042 1904 4092 ἐν
1933 4026 2098 4115 Ἰερο-

421 4112 546 4164 σολύ
555 4130 677 4182 μοις
701 4130 716 4144 ο
751 4114 950 4184 μᾶλλον
976 4115 1031 4169 δὲ
1059 4118 1214 4171 αὐτοὶ
1236 4119 1334 4188 μὲν
1358 4119 1693 4192 ἐξέπεμψαν,
1718 4125 1794 4190 ὡς
1819 4127 1882 4180 ἐκ
1903 4112 2094 4184 τούτου

418 4198 604 4252 λοιπὸν
634 4201 810 4271 ἐαυτῷ
837 4201 934 4273 τὴν
965 4204 1240 4274 σωτηρίαν
1269 4207 1600 4277 πορίσασθαι
1633 4228 1645 4239 '
1669 4213 1831 4278 αὐτὸς
1862 4215 1919 4268 δὲ
1945 4219 2096 4270 τούν.

419 4286 601 4338 αντίον
636 4289 1028 4358 πραττόμενος,
1080 4293 1159 4354 εἰς
1210 4293 1338 4357 τούς
1386 4298 1748 4366 μαινομένους
1797 4301 1958 4367 εὐθὺς
1994 4305 2095 4358 ἐπ-

418 4374 678 4444 επήδησε.
716 4375 885 4428 Τοῦτό
929 4378 1044 4429 ἐστι
1069 4379 1430 4452 πεπυρῶσθαι
1456 4424 1470 4449 ,
1503 4384 1660 4439 τοῦτο
1694 4389 1928 4458 μάλιστα
1961 4393 2093 4458 ζεῖν.

419 4460 531 4552 Kal
563 4462 796 4552 σκόπει,
830 4463 945 4527 πῶς
975 4465 1297 4531 ἀκολουθεῖ,
1331 4470 1396 4523 ἐκ
1421 4473 1644 4544 πρώτης
1672 4477 1887 4548 ἡμέρας
1913 4482 2097 4552 τηρῶν

417 4548 479 4602 τὺ
509 4549 878 4620 παράγγελμα
897 4593 911 4617 ,
939 4552 1076 4623 ὅπερ
1107 4554 1348 4624 ἥκουσαν
1376 4561 1425 4611 οί
1455 4560 1741 4616 ἀπόστολοι
1767 4606 1781 4630 ,
1819 4566 1879 4619 τὸ
1902 4606 1917 4631 ,
1963 4548 2096 4623 Ἐὰν

534 4654 622 4726 τις
647 4638 761 4726 ἄρῃ
791 4639 898 4692 τὸν
930 4642 1199 4708 σταυρὸν
1220 4646 1408 4699 αὐτοῦ
1437 4648 1534 4701 καὶ
1562 4650 1954 4724 ἀκολουθήσῃ
1971 4676 2091 4726 μοι.

422 4723 494 4776 Τὸ
522 4725 696 4776 τοίνυν
735 4725 962 4798 ὕστερον
987 4729 1148 4781 αὐτὸν
1179 4729 1284 4782 τῶν
1319 4731 1496 4786 ἄλλων
1531 4735 1729 4799 ἐλθεῖν,
1763 4723 2094 4809 μᾶλλον-αὐ-

420 4811 511 4898 τον
531 4811 957 4898 ’προθυμότερον
991 4817 1186 4869 ἐποίει.
1238 4819 1347 4872 Kal
1377 4821 1542 4893 -έργῳ
1581 4825 1884 4898 ἐπληροῦτο
1917 4833 2096 4886 ἐκεῖνο

419 4895 499 4989 τὸ,
531 4891 605 4964 ⁷ῼ
639 4897 871 4989 (Is-piata:
916 4900 1093 4961 πολὺ,
1131 4900 1374 4969 μᾶλλον
1424 4891 1744 4977 ἀγαπήσει..
1794 4916 1954 4968 Ὥστε
1984 4918 2095 4989 ὅσῳ

420 4982 648 5054 ἐσχατον
681 4979 832 5054 ἦλθε,
864 4987 1099 5057 τοσούτῳ
1129 4991 1329 5058 μᾶλλον
1362 4994 1668 5065 ἠγάπησεν.
1698 5000 1795 5054 Διὰ
1826 5003 1980 5058 τοῦτο
2002 4979 2095 5060 καί),

417 5071 510 5123 τὸν
559 5071 824 5142 πρότερον
875 5075 990 5143 βίον
1038 5078 1233 5129 ἑαυτοῦ
1294 5081 1664 5150 στηλιτεύων,
1706 5090 1799 5140 καὶ
1833 5092 2095 5160 πολλάκις

418 5160 609 5212 ἐαυτὸν
647 5161 860 5224 στίζων,
901 5163 1051 5214 οὐδὲν
1099 5167 1282 5235 ἡγεῖτο
1334 5170 1518 5222 ἱκανὸν
1564 5170 1701 5226 εἶναι
1758 5179 1896 5246 πρὸς
1929 5182 1986 5234 τὸ
2026 5184 2095 5236 τὰ

418 5248 660 5317 πρότερα
691 5249 1029 5319 ἀποκρύψαι.
1058 5256 1101 5304 Σ
1110 5256 1452 5321 υμΰιϐάζων,
1486 5262 1638 5328 φησὶ,
1674 5267 1940 5332 τουτέστι,
1975 5275 2093 5341 μετ’

421 5337 718 5400 ἐπιεικείας
756 5337 1043 5392 διδάσκων.
1082 5341 1190 5393 Καὶ
1215 5343 1337 5414 ὅρα,
1363 5347 1422 5397 οὐ
1451 5348 1505 5399 λέ
1523 5367 1694 5415 ιουσιν
1723 5355 1889 5426 αὐτῷ,
1915 5337 1995 5413 δτὶ
2022 5362 2092 5414 Σὺ

416 5419 472 5474 εἴ
499 5425 528 5476 6
560 5425 774 5494 πορθῶν
805 5443 818 5456 ·
846 5428 898 5480 τί
952 5429 1394 5499 μεταϐέϐλησαι;
1441 5437 1735 5506 ᾐσχύνοντο
1769 5419 1874 5515 γάρ
1903 5464 1916 5476 ·
1957 5449 2092 5503 ἀλλὰ

418 5511 556 5580 πρὸς
588 5512 810 5575 ἑαυτοὺς
848 5516 1054 5584 ἔλεγον.
1106 5514 1237 5570 Εἷπε
1276 5523 1381 5591 γὰρ
1416 5523 1479 5575 ἂν
1517 5527 1693 5599 πολλῴ
1731 5511 2088 5608 δικαιότερον,

416 5602 500 5651 ἐτι
534 5599 702 5651 Τοῦτο
733 5602 961 5670 μάλιστα
988 5607 1128 5675 ὑμᾶς
1153 5607 1357 5671 διδάξαι
1393 5611 1596 5679 ὀφείλει
1618 5659 1631 5679 ,
1668 5620 1790 5672 ἐπεὶ
1823 5625 1913 5674 καὶ
1955 5599 2090 5696 πρὸς

430 5687 740 5757 Ἀγρίππαν
775 5690 945 5753 οὓτως
979 5694 1345 5762 ἀπολογεῖται.
1393 5699 1594 5755 Τοῦτον
1623 5707 1942 5778 μιμώμεθα,
1983 5687 2089 5769 πα-

483 5864 506 5888 “
551 5863 645 5912 Alii
678 5867 957 5923 διδάσκαλος
992 5869 1076 5931 γὰρ
1111 5870 1243 5928 οὗτος
1286 5875 1356 5933 ἦν.
1410 5876 1487 5932 Ὠς
1523 5880 1586 5928 δέ,
1667 5881 1691 5920 b
1734 5883 1940 5949 Αιίιθρα
1988 5887 2093 5953 ἷξες,

3778 291 3888 350 162

2206 419 2452 492 ρακαλῶ,
2496 419 2591 472 καὶ
2632 420 2816 490 ἡμεῖς,
2851 414 3110 488 καὶπρὸς
3144 414 3352 475 πάντας
3404 406 3553 483 ὦμεν
3599 411 3886 474 κινδύνους

2201 506 2696 578 παρατεταγμένοι.
2727 507 2836 560 Kal
2862 503 3000 568 πῶς,
3024 501 3209 572 φησὶν,
3234 502 3442 562 ἐκεινος
3463 499 3655 568 φεύγει
3678 508 3700 536 ε
3723 515 3736 564 ;
3769 499 3889 553 Οὐκ

2198 591 2267 666 ἦν
2299 594 2502 659 δειλίας
2525 595 2587 648 τὸ
2609 595 2863 666 πρᾶγμα,
2892 591 3009 645 ἀλλ’
3031 589 3329 658 ἐφύλαττεν
3354 590 3544 642 ἐαυτὸν
3563 586 3642 657 τῷ
3671 586 3886 656 κηρύγ-

2208 700 2359 755 ματι.
2394 684 2458 737 El
2490 683 2662 746 δειλὸς
2686 677 2788 753 ἦν,
2829 681 2930 734 οὐκ
2970 679 3038 733 ἂν
3069 681 3165 746 ,εἰς
3200 678 3270 732 τὰ
3307 675 3661 747 Ἱεροσόλυμα
3692 670 3884 744 ἦλθεν,

2199 771 2300 824 οὐκ
2325 770 2390 826 ἀν
2419 770 2626 834 εὐθέως
2660 769 2950 836 ἀνεδέξατο
2995 768 3097 838 τήν
3138 765 3485 820 διδασκαλίαν
3508 780 3521 794 ·
3560 761 3887 832 καθυφῆκεν

2199 858 2267 913 ἂν
2292 860 2392 931 τῆς
2419 859 2799 930 σφοδρότητος.
2845 855 2985 909 Ἀλλ’
3015 855 3116 907 οὐκ
3141 853 3208 923 ἦν
3228 852 3418 915 δειλὸς,
3442 849 3580 903 ἀλλά
3607 851 3705 903 καὶ
3736 851 3889 902 οἱκοι

2199 949 2447 1018 νομῐκός.
2476 945 2801 1016 Ἐπαιδεύθη
2824 943 2902 1013 τῷ
2939 940 3102 995 πάθει
3131 940 3227 993 τοῦ
3260 939 3555 1008 Στεφάνου.
3601 938 3694 989 Διὸ
3726 936 3888 989 οὐδὲν

2205 1035 2349 1105 μέγα
2375 1035 2560 1104 ἡγεῖτο
2589 1032 2650 1086 τὸ
2682 1031 2974 1086 ἀποθανεῖν
3008 1030 3148 1100 ὑπὲρ
3179 1027 3275 1081 τοῦ
3307 1025 3687 1099 κηρύγματος,
3724 1026 3774 1076 εί
3810 1024 3892 1095 μὴ

2205 1121 2344 1192 μετά
2373 1119 2570 1175 πολλοῦ
2625 1119 2720 1174 τοῦ
2770 1119 2995 1190 κέρδους
3037 1116 3195 1170 τοῦτο
3227 1116 3552 1186 ἐργάσαιτο,
3594 1113 3892 1183 ἄνθρωπος

2199 1209 2322 1263 οὐδὲ
2350 1210 2439 1264 τὸν
2464 1208 2698 1282 Χριστὸν
2726 1209 2855 1262 ίδεῖν
2873 1207 3062 1270 θέλων,
3091 1205 3151 1257 δν
3177 1203 3410 1275 μάλιστα
3441 1202 3663 1254 πάντων
3686 1200 3893 1252 ἐσπευ-

2199 1297 2288 1351 δεν
2333 1298 2480 1364 ίδεῖν,
2522 1297 2712 1368 ἐπειδὴ
2756 1297 2969 1350 οὐδέπω
3016 1295 3322 1366 ἀπήρτιστο
3367 1292 3516 1362 αὐτῷ
3558 1291 3627 1344 τά
3679 1291 3782 1360 τῆς
3808 1292 3890 1353 εἰς

2200 1389 2325 1452 τοὺς
2353 1387 2672 1460 ἀνθρώπους
2703 1385 3316 1458 οἰκονομίας.Τοιαύτην
3345 1379 3487 1438 εἶναι
3517 1383 3622 1455 χρὴ
3648 1383 3750 1454 τὴν
3779 1382 3888 1452 dfu-

2201 1475 2302 1547 χὴν
2329 1477 2424 1530 τοῦ
2447 1475 2800 1548 Χριστιανοῦ.

2270 1563 2333 1618 δ’.
2364 1564 2498 1618 ’Δπὸ
2529 1564 2831 1637 προοιμίων
2858 1563 2953 1617 καὶ
2981 1562 3091 1616 ἀπὸ
3105 1560 3352 1633 βαλϐῖδος
3369 1559 3538 1628 αὐτῆς
3567 1559 3890 1614 ἐδείκνυτοιΙ

2199 1653 2228 1706 6
2255 1651 2541 1723 χαρακτὴρ
2561 1651 2777 1707 Παύλου
2798 1667 2813 1682 ·
2839 1651 3040 1723 μᾶλλον
3068 1650 3127 1704 δὲ
3157 1651 3252 1704 καὶ
3281 1649 3388 1719 πρὸ
3416 1647 3629 1702 τούτου.
3685 1647 3779 1700 Ἐν
3808 1641 3892 1709 οἷς

2201 1739 2309 1808 γάρ
2349 1739 2411 1791 οὐ
2450 1739 2593 1793 κατά
2618 1739 2822 1807 γνῶσιν
2847 1739 3022 1792 ἐποίει
3041 1778 3057 1802 ,
3089 1736 3418 1808 ἀνθρωπίνῳ
3448 1735 3772 1804 κινούμενος
3800 1735 3890 1787 λο-

2199 1825 2388 1896 γισμῷ
2428 1825 2803 1897 διεπράττετο.
2837 1827 2902 1880 Εἰ
2939 1827 3048 1897 γὰρ
3078 1827 3216 1897 μετά
3251 1825 3509 1878 τοσοῦτον
3557 1824 3753 1894 χρόνον
3789 1824 3894 1876 οὐκ

2199 1912 2395 1986 ἡθελεν
2427 1912 2692 1968 ἀναλῦσαι
2719 1927 2732 1942 ·
2756 1913 2935 1985 πολλῷ
2965 1913 3165 1985 μᾶλλον
3188 1915 3245 1965 ἐν
3266 1914 3408 1982 ἀρχῇ
3443 1911 3550 1982 τῆς,
3571 1911 3852 1980 ἐμπορίας
3876 1949 3890 1970 ,

2199 2002 2326 2074 ἄρτι
2356 2001 2465 2056 τῶν
2491 2002 2727 2073 λιμένων
2756 2001 3007 2068 ἐξελθών.
3047 2002 3162 2054 Οὐκ
3202 2000 3504 2070 ἐξαρπάζει
3546 1999 3604 2052 δὲ
3647 1998 3817 2051 αὐτὸν
3865 2000 3894 2050 6

2201 2089 2434 2159 Χριστὸς
2452 2089 2548 2144 τοῦ
2576 2089 2846 2154 κινδύνου,
2864 2089 2978 2144 ἀλλ’
3005 2089 3234 2159 ἀφίησιν
3259 2104 3271 2116 ·
3299 2087 3488 2158 ἐπειδὴ
3513 2085 3771 2156 βούλεται
3794 2086 3897 2139 καὶ

2201 2175 2519 2249 ἀνθρωπίνῃ
2543 2179 2756 2232 συνέσει
2783 2177 2956 2231 πολλά
2982 2176 3252 2246 γίνεσθαι.
3283 2175 3498 2238 Ἀλλως
3527 2173 3586 2228 δὲ
3621 2175 3854 2245 ἀφίησιν
3875 2213 3892 2238 ,

2203 2263 2290 2316 ἵνα
2319 2263 2603 2335 μάθωμεν,
2631 2265 2712 2318 ὅτι
2743 2265 2839 2319 καὶ
2869 2266 3023 2319 αὐτοὶ¹
3062 2264 3342 2336 ἄνθρωποι
3373 2258 3513 2334 ἦσαν
3534 2303 3549 2325 ,
3585 2263 3679 2316 καὶ
3703 2263 3788 2315 ὅτι
3828 2262 3894 2314 οὐ

2202 2351 2479 2423 πανταχοῦ
2510 2351 2575 2406 τὺ
2609 2354 2716 2406 πᾶν
2745 2356 2777 2424 ἡ
2805 2354 2965 2424 χάρις
2991 2355 3212 2424 ἐνήργει
3230 2369 3245 2383 °
3280 2353 3406 2407 ἐπεὶ
3427 2353 3475 2405 εί
3510 2351 3585 2423 μὴ
3605 2349 3768 2404 τοῦτο
3795 2345 3892 2421 ἦν,

2203 2438 2332 2505 ξύλα
2368 2440 2555 2505 ἀπλῶς
2601 2442 2968 2512 ἐνομίσθησαν
3009 2441 3092 2496 ἄν.
3139 2442 3240 2496 Διά
3275 2457 3359 2494 τοι
3401 2439 3563 2493 τοῦτο
3593 2437 3765 2492 πολλά
3796 2439 3895 2492 καὶ

2201 2529 2357 2581 αὐτοὶ
2382 2529 2699 2599 ᾠκονόμουν
2737 2528 2887 2602 [167]
2916 2528 3006 2582 διά
3034 2528 3144 2583 τῶν
3171 2528 3540 2600 πραγμάτων.
3577 2527 3750 2579 Τοῦτο
3795 2528 3897 2579 καὶ

2201 2617 2365 2686 ἡμεῖς
2398 2616 2665 2686 ποιῶμεν,
2703 2617 2797 2670 καὶ
2830 2616 2973 2670 οὕτω
3001 2617 3103 2687 τῆς
3139 2617 3250 2670 τῶν
3277 2615 3525 2686 ἀδελφῶν
3563 2615 3896 2687 δρεγὼμεθα

2204 2705 2499 2775 σωτηρίας.
2516 2703 2688 2758 Τοῦτο
2711 2704 3012 2776 μαρτυρίου
3031 2705 3130 2762 οὐκ
3145 2704 3391 2770 ἔλαττον,
3423 2704 3588 2776 μηδὲν
3615 2705 3894 2774 παραιτή-

2203 2792 2402 2844 σασθαι
2451 2791 2646 2845 παθεῖν
2690 2792 2780 2847 διά
2820 2793 2921 2864 τὴν
2977 2793 3083 2847 τῶν
3130 2792 3345 2847 πολλῶν
3393 2792 3689 2864 σωτηρίαν.
3719 2792 3896 2846 Οὐδὲν

2199 2876 2374 2941 οὕτως
2403 2879 2686 2949 εὐφραίνει
2713 2879 2807 2933 τὸν
2834 2881 2988 2934 Θεόν.
3022 2880 3192 2934 Πάλιν
3219 2880 3354 2952 ἐρῶ,
3373 2879 3402 2933 δ
3425 2880 3686 2943 πολλάκις
3706 2875 3892 2932 εἷπον·

2201 2967 2312 3038 ἐρῶ
2338 2967 2414 3033 δὲ,
2443 2967 2633 3039 ἐπειδὴ
2663 2967 2869 3039 σφόδρα
2889 2969 3022 3023 αὐτὸ
3057 2968 3323 3040 βούλομαι
3350 2985 3364 2998 ⁸
3391 2969 3516 3022 ἐπεὶ
3552 2968 3649 3022 καὶ
3689 2969 3718 3021 δ
3754 2969 3898 3041 Χρι-

2205 3056 2330 3119 στὸς
2359 3056 2420 3108 τὸ
2443 3057 2576 3109 αὐτὸ
2602 3057 2796 3118 ἐποίει,
2825 3058 2955 3127 περὶ
2977 3057 3226 3127 ἀφέσεως
3252 3057 3536 3129 παραινῶν
3567 3058 3662 3111 καὶ
3689 3057 3893 3125 λέγων’

2206 3144 2386 3198 Ὅταν
2404 3145 2830 3213 προσεύχησθε
2859 3157 2881 3185 ο
2904 3147 3094 3215 ὑμεῖς,
3121 3147 3328 3218 ἀφίετε
3353 3147 3409 3201 sl
3447 3164 3499 3201 τι
3535 3145 3690 3201 κατά
3722 3163 3898 3214 τινος

2202 3230 2392 3300 ἔχετε.
2439 3232 2609 3285 Πάλιν
2649 3232 2727 3302 τῷ
2771 3231 2965 3304 Πέτρῳ
3014 3234 3429 3306 διαλεγόμενος,
3465 3235 3548 3288 Οὐ
3575 3232 3732 3304 λέγω
3764 3250 3895 3299 σοι,

2204 3322 2390 3392 φησὶν,
2421 3322 2509 3375 ὅτι
2531 3323 2716 3392 ’Ἄφες
2741 3321 2854 3387 ἕως
2873 3321 3142 3389 ἑπτάκις,
3161 3323 3300 3376 ἀλλ’
3322 3323 3434 3389 ἕως
3451 3323 3900 3391 ἑϐδομηκοντά-

2203 3426 2298 3474 κις
2330 3407 2483 3462 ἑπτά
2504 3424 2519 3439 ·
2542 3409 2639 3462 καὶ
2662 3409 2752 3462 διὰ
2779 3409 2891 3463 τῶν
2921 3409 3100 3480 ἐργων
3118 3411 3298 3480 ἀφῆκε
3314 3411 3384 3464 τὰ
3401 3412 3480 3474 είς
3514 3409 3679 3465 αὐτὸν
3708 3411 3900 3482 πλημ-

2208 3498 2519 3568 μελήματα.
2557 3499 2712 3552 υῦτω
2732 3499 2796 3570 δὴ
2822 3501 2917 3553 καὶ
2935 3501 3120 3570 ἡμεῖς,
3161 3501 3355 3573 ἐπειδὴ
3389 3500 3548 3572 ἴσμεν
3577 3502 3740 3555 τοῦτο
3764 3503 3900 3574 ὅρον

2203 3589 2249 3640 Χ
2258 3587 2633 3658 ριστιανισμοῦ
2650 3587 2800 3650 ὄντα,
2821 3586 2909 3640 διά
2930 3587 3134 3652 παντὸς
3151 3589 3282 3660 περὶ
3304 3589 3472 3644 αὐτοῦ
3503 3588 3896 3661 διαλεγόμεθα.

2276 3674 2444 3727 οὐδὲν
2472 3673 2808 3748 ψυχρότερον
2831 3675 3164 3749 Χριστιανοῦ
3187 3718 3200 3741 ,
3238 3676 3457 3750 ἐτέρους
3495 3678 3569 3749 μὴ
3600 3679 3897 3744 σώζοντος.

2205 3765 2318 3818 Οὐκ
2348 3764 2490 3836 ἔχεις
2531 3765 2765 3820 ἐνταῦθα
2816 3769 3010 3821 πενίαν
3055 3766 3232 3821 εἰπεῖν
3261 3783 3274 3797 ·
3299 3769 3332 3838 ἡ
3362 3769 3471 3838 γὰρ
3500 3769 3570 3821 τά
3600 3768 3696 3821 δύο
3723 3786 3900 3822 κατα-

2207 3851 2450 3905 ϐαλοῦσα
2501 3852 2698 3920 λεπτὰ,
2751 3857 3146 3927 κατηγορήσει.
3210 3855 3320 3909 Kal
3390 3856 3600 3928 Πέτρος
3655 3856 3896 3924 ἐλεγενο

2219 3939 2519 4010 Ἀργύριον
2564 3941 2666 3995 καὶ
2703 3945 2962 4012 χρυσίον
2995 3947 3109 4014 οὺχ
3143 3943 3400 4013 ὑπάρχει
3428 3962 3550 4012 μοι.
3601 3945 3710 3997 Kal
3743 3946 3902 4001 Παῦε-

2205 4026 2295 4090 λος
2330 4027 2500 4091 οὓτως
2525 4024 2594 4099 ἦν
2625 4029 2816 4100 πένης,
2844 4028 2921 4094 ὡς
2953 4032 3045 4084 καὶ
3068 4033 3322 4084 πεινᾶσαι
3357 4031 3637 4096 πολλάκις,
3669 4031 3766 4084 καὶ
3792 4029 3902 4102 τῆς

2205 4114 2512 4183 ἀναγκαίας
2544 4117 2823 4188 ἀπορῆσαι
2859 4117 3091 4188 τροφῆς.
3129 4119 3242 4171 Οὐκ
3273 4119 3418 4188 ἔχεις
3461 4119 3778 4187 δυσγένειαν
3820 4123 3903 4172 εί-

2207 4205 2332 4255 πεῖν
2363 4219 2376 4231 ’
2399 4203 2492 4268 καὶ
2523 4203 2629 4272 γὰρ
2655 4205 2854 4257 ἐκεῖνοι
2882 4205 3090 4274 ἀσημοι
3117 4201 3280 4276 ἦσαν,
3315 4207 3408 4259 καὶ
3427 4205 3489 4270 ἐξ
3509 4207 3902 4276 ἀσήμων.οὐκ

2206 4291 2351 4361 ἔχεις
2391 4290 2661 4344 ίδιωτείαν
2709 4291 3078 4363 προϐαλέσθαι
3111 4310 3124 4323 ’
3155 4292 3391 4364 καὶγὰρ
3433 4295 3630 4347 ἐκεῖνοι
3672 4296 3901 4368 ἀγράμ-

2210 4397 2373 4450 ματοι
2406 4375 2565 4450 ἦσαν.
2603 4379 2720 4434 Κᾶν
2751 4380 2939 4444 δοῦλος
2968 4376 3035 4454 ᾗς
3058 4423 3074 4447 ,
3103 4381 3204 4434 κᾶν
3230 4382 3509 4453 δραπέτης
3529 4424 3543 4446 ,
3584 4382 3788 4456 δυνήσῃ
3829 4385 3903 4440 τὰ

2207 4468 2361 4538 παρά
2389 4469 2587 4522 σαυτοῦ
2621 4468 2910 4540 πληρῶσαι
2931 4488 2944 4500 ο
2982 4470 3103 4522 ἐπεὶ
3135 4471 3226 4523 καὶ
3261 4471 3289 4522 6
3330 4470 3620 4541 Ὀνήσιμος
3649 4472 3902 4539 τοιοῦτος

2205 4553 2296 4629 ἦν.
2331 4557 2471 4610 Ἀλλ’
2493 4560 2593 4631 ὅρα
2620 4557 2723 4611 ποῦ
2747 4557 2907 4612 καλεῖ
2934 4559 3118 4621 αὐτὸν,
3165 4559 3258 4611 καὶ
3293 4559 3372 4622 είς
3397 4558 3564 4613 πόσον
3584 4561 3706 4628 ἄγει
3731 4561 3902 4626 ἀξίω-

2210 4666 2308 4720 μα.
2347 4649 2480 4702 Ἵνα
2511 4647 2772 4717 κοινωνῇ
2799 4665 2900 4718 μοι
2926 4688 2940 4712 ,
2969 4649 3134 4719 φησὶν
3155 4689 3169 4711 ,
3210 4648 3281 4701 ἐν
3310 4649 3436 4715 τοῖς
3474 4649 3719 4720 δεσμοῖς
3749 4669 3899 4720 μου.

2207 4738 2322 4791 Οὶκ
2355 4737 2498 4808 ἔχεις
2519 4737 2805 4791 ἀσθένειαν
2830 4737 3032 4790 εἰπεῖν·
3058 4737 3181 4789 ἐπεὶ
3224 4737 3318 4790 καὶ
3356 4737 3622 4807 Τιμόθεος
3649 4740 3901 4808 τοιοῦτος

2204 4821 2294 4896 ἦν,
2344 4826 2554 4889 πυκνάς
2607 4825 2746 4896 ἔχων
2795 4825 2894 4887 τὰς
2914 4823 3242 4889 κάσθενείας.
3273 4827 3392 4880 Ὅτι
3428 4827 3485 4880 δὲ
3519 4827 3754 4901 ἀσθενὴς
3788 4826 3899 4902 ἦν,

2207 4916 2371 4969 ἄκουε
2398 4933 2410 4944 ·
2441 4917 2593 4979 Οῑνφ
2621 4917 2804 4985 ὀλίγῳ
2835 4913 2957 4983 χρῶ
3000 4913 3098 4968 διὰ
3128 4915 3235 4970 τόν
3275 4918 3586 4986 στόμαχόν
3625 4935 3744 4972 σου
3795 4921 3900 4976 καί

2205 5004 2311 5071 τὰς
2368 5003 2607 5068 πυκνάς
2663 5021 2780 5056 σου
2834 5005 3174 5070 ἀσθενείας.
3231 5004 3466 5058 Δύναται
3519 5007 3750 5070 ἕκαστος
3802 5009 3901 5063 τὸν

2205 5094 2434 5164 πλησίον
2465 5094 2718 5162 ὠφελεῖν,
2756 5093 2848 5146 ἐὰν
2879 5093 3008 5166 θέλῃ
3031 5095 3101 5148 τά
3132 5097 3261 5167 παρ’
3290 5094 3454 5149 αὐτοῦ
3491 5096 3756 5168 πληροῦν.
3779 5101 3898 5172 Οὐχ

2205 5186 2365 5256 δρᾶτε
2397 5182 2462 5236 τὰ
2479 5182 2671 5253 δένδρα
2691 5183 2760 5235 τὰ
2781 5183 3008 5253 ἄκαρπα
3025 5184 3143 5248 πῶς
3171 5186 3317 5236 ἐστιν
3345 5186 3561 5255 ἰσχυρὰ,
3586 5186 3706 5250 πῶς
3725 5189 3896 5254 καλὰ,

2203 5272 2443 5342 εὐμήκη,
2480 5271 2598 5324 λεῖα
2629 5272 2722 5324 καὶ
2754 5270 2968 5343 ὐψηλά;
3015 5272 3156 5325 Ἀλλ’
3193 5273 3243 5325 εἰ
3278 5273 3612 5344 παράδεισον
3645 5275 3898 5346 ἔχοιμεν,

2205 5358 2531 5430 βουλοίμεθα
2577 5358 2642 5413 ἂν
2688 5359 2860 5429 ροιάς,
2903 5360 3090 5423 ἐλαίας
3126 5361 3273 5431 ἔχειν
3305 5363 3622 5433 καρπίμους
3653 5363 3671 5401 ί
3707 5365 3899 5436 πολλῷ

2207 5449 2409 5518 μᾶλλον
2435 5449 2466 5519 ἢ
2499 5449 2672 5501 ταῦτα
2699 5467 2711 5478 ·
2746 5452 2932 5503 ἐκεῖνα
2965 5449 3074 5519 γάρ
3108 5451 3242 5520 πρὸς
3263 5451 3457 5521 τέρψιν
3487 5452 3643 5512 εἰσὶν,
3669 5453 3730 5504 οὔ
3755 5454 3896 5525 πρὸς

2202 5538 2476 5605 ὠφέλειαν
2503 5555 2514 5566 ’
2547 5539 2642 5591 καὶ
2670 5541 2701 5609 ἡ
2727 5539 2966 5607 ὠφέλεια
3009 5539 3066 5590 δὲ
3108 5540 3283 5609 μικρά
3331 5540 3413 5601 τίς
3458 5542 3594 5592 ἐστι.
3642 5541 3897 5594 Τοιοῦτοί

2202 5632 2338 5682 εἰσιν
2385 5629 2434 5681 οἱ
2476 5629 2542 5681 τὰ
2584 5629 2762 5681 αὐτῶν
2810 5629 2971 5698 μόνον
3021 5628 3350 5692 σκοποῦντες
3377 5645 3388 5656 ·
3433 5628 3634 5695 μᾶλλον
3669 5629 3727 5681 δὲ
3767 5629 3895 5684 οὐδὲ

2268 5770 2289 5798 ε
2323 5767 2531 5822 Ηὶε,καὶ
2573 5771 2691 5822 πῶς,
2738 5769 2903 5828 φησὶν,
2949 5769 3125 5824 ἐκεῖνος
3164 5769 3348 5829 φεύγεις
3401 5775 3571 5817 carent
3637 5771 3888 5820 nonnulli.

2263 5833 2286 5865 ό
2317 5832 2520 5887 deum
2549 5832 2859 5876 ἐπεδείκνυτο.
2936 5836 2956 5858 υ
2999 5831 3132 5880 Unus
3164 5837 3268 5876 nul.
3300 5834 3406 5892 περὶ
3459 5833 3674 5891 ἀφέσεως
3729 5834 3886 5880 διαλί-

2206 5892 2588 5948 “.·ομε·ιο;,”οταν
2623 5895 2961 5954 προς-ἐμώ..
3059 5894 3070 5930 Ι
3124 5893 3257 5942 Ullus
3293 5897 3401 5944 cod.
3439 5894 3596 5942 ἐλαίαν
3643 5912 3762 5957 εχει-ι
3811 5894 3891 5945 εὖ·

2207 5971 2262 6000 κο
2273 5973 2292 6002 Ἷ
2303 5969 2400 6002 πον.
