4068 6422
125 349 216 407 161
1095 344 1159 399 IN
1200 342 1377 398 ACTA
1413 337 1940 396 APUSTOLOBUM.
1986 339 2216 396 llUMlL.
2265 340 2386 396 XX.

121 465 423 519 durabant.
461 462 572 519 Nec
610 458 795 517 Jcsum
838 459 1223 524 nominabant,
1250 454 1393 527 quod
1429 471 1495 508 ex
1533 453 1731 508 invidia

124 573 187 610 ne
234 573 436 614 nomen
482 554 702 628 quidem
743 553 932 609 audire
973 551 1309 608 sustinerent
1350 568 1364 603 :
1407 549 1488 604 sic
1525 546 1731 603 efferati

120 660 299 706 erant.
335 650 402 704 Et
436 651 537 705 huc
570 660 837 720 propterea
866 647 1017 702 venit.
1046 645 1162 700 Non
1203 657 1491 715 possumus
1518 642 1730 707 dicere,

120 744 318 812 inquit,
350 742 495 814 quod
527 742 672 813 prius
703 756 826 796 cum
862 739 1122 811 apostolis
1150 736 1333 793 fuerit.

189 837 244 891 3.
289 835 430 891 Vide
454 879 470 902 ,
508 850 667 907 quam
713 834 897 890 multis
939 832 1259 889 testimoniis
1294 847 1361 887 ex
1392 831 1732 885 inimicorum

116 945 352 985 numero
382 931 548 986 fuisse
579 929 776 987 Paulus
800 928 1124 984 declaretur.
1154 928 1247 982 llle
1277 942 1406 981 vero
1435 940 1540 979 non
1570 925 1732 980 modo

116 1021 200 1075 his
230 1021 822 1086 non,’confundebatur,
852 1019 946 1074 sed
973 1027 1027 1075 et
1050 1017 1398 1087 gloriabatur.
1421 1016 1512 1070 2‘2.
1538 1015 1734 1072 Saulus

116 1125 290 1167 autem
319 1115 482 1184 ntagis
509 1112 923 1179 convalescebat,
955 1122 1002 1166 et
1031 1111 1372 1183 coufundebat
1399 1109 1612 1164 Judtcos
1633 1151 1648 1173 ,
1680 1108 1732 1163 id

118 1217 223 1270 est,
256 1205 595 1272 confutabat,
629 1220 728 1260 nec
758 1203 903 1274 loqui
935 1202 1165 1270 sinebat,
1203 1201 1461 1273 afﬁrmans
1489 1201 1731 1272 quoniam

117 1301 200 1353 hic
241 1312 315 1355 est
353 1299 606 1355 Christus.
640 1301 884 1364 Doceus,
915 1298 1088 1371 inquit
1118 1315 1131 1352 :
1163 1313 1287 1354 nam
1330 1299 1514 1354 statim
1542 1296 1731 1351 doctor

117 1395 240 1448 fuit.
269 1393 360 1449 23.
391 1394 518 1449 Cum
545 1408 714 1449 autem
742 1394 1074 1466 implerentur
1106 1393 1215 1449 dies
1244 1393 1426 1458 multi,
1465 1392 1732 1464 conspira-

114 1497 296 1540 uerunt
321 1484 518 1552 Judtci,
548 1496 602 1540 ut
631 1485 779 1539 illum
804 1486 1164 1554 interﬁcerent.
1195 1485 1278 1540 Ad
1305 1485 1540 1541 validum
1567 1484 1730 1556 syllo-

114 1580 350 1649 gismum
401 1593 590 1633 rursus
635 1579 860 1634 veniunt
901 1577 1096 1633 Judaei.
1143 1578 1258 1633 Non
1304 1579 1448 1632 enim
1494 1577 1729 1648 amplius

112 1673 514 1741 sycophantas.
547 1681 888 1727 accusatores
930 1681 985 1726 et
1032 1669 1198 1727 falsos
1243 1679 1407 1727 testes
1445 1678 1727 1741 quazrunt,

114 1779 294 1832 neque
331 1763 467 1817 ultra
514 1764 633 1818 illos
665 1762 881 1828 fciunt;
917 1762 1013 1818 sed
1041 1763 1208 1834 quid?
1237 1764 1461 1818 Demum
1503 1763 1602 1835 ipsi
1633 1778 1730 1833 per

112 1857 330 1926 seipsos
359 1857 462 1912 hoc
488 1868 800 1926 operantur.
834 1857 970 1924 Quia
999 1858 1142 1913 enim
1185 1857 1440 1913 videbant
1482 1873 1596 1914 rem
1628 1872 1728 1912 au-

112 1950 268 2019 geri,
313 1967 418 2004 non
464 1951 601 2005 ultra
643 1950 903 2020 judicium
933 1950 1208 2006 adhibent.
1252 1950 1343 2006 ‘24.
1380 1949 1531 2005 Nota:
1557 1960 1727 2005 autem

114 2047 271 2114 facta
309 2056 428 2100 sunt
475 2045 639 2101 Saulo
682 2045 884 2099 insidiis
920 2060 1116 2099 eorum.
1155 2043 1518 2100 Custodieliant
1557 2054 1727 2099 autem

114 2147 294 2207 portas
323 2139 405 2192 die
430 2156 490 2192 ac
517 2149 662 2193 nocte
688 2179 702 2203 ,
736 2148 792 2193 ut
817 2155 931 2192 eum
969 2139 1330 2206 interﬁcerent.
1363 2138 1578 2207 Quare?
1602 2138 1726 2208 quia

112 2231 219 2285 hoc
262 2232 366 2287 illis
407 2230 798 2286 intolerabilius
823 2239 941 2286 erat
966 2231 1215 2284 omnibus
1240 2272 1254 2294 ,
1282 2246 1401 2299 quae
1442 2230 1576 2284 facta
1609 2229 1729 2284 fue-

110 2334 259 2392 rant,
291 2325 480 2395 signis,
513 2326 725 2396 illisque
753 2324 989 2396 quinque
1016 2323 1272 2390 millibus,
1306 2324 1583 2393 tribusque
1609 2323 1730 2378 mil-

111 2420 219 2473 bus
249 2419 548 2474 conversis.
575 2418 646 2474 Et
674 2418 795 2474 vide
821 2419 970 2474 illum
999 2418 1108 2490 jam
1139 2433 1247 2473 non
1274 2419 1468 2490 gratia,
1497 2417 1590 2472 sed
1625 2416 1726 2472 hu-

116 2527 280 2566 mana
309 2511 569 2581 sapientia
599 2511 824 2576 servari,
849 2519 910 2567 ut
933 2512 1111 2567 discas
1140 2511 1240 2566 viri
1269 2512 1544 2577 virtutem,
1564 2511 1726 2565 etiam

113 2606 322 2673 absque
341 2604 615 2661 miraculis
637 2605 948 2676 fulgentem.
971 2604 1059 2660 23.
1086 2603 1404 2673 Accipientes
1424 2615 1591 2657 autem
1613 2620 1728 2657 eum

113 2697 362 2767 discipuli
385 2708 557 2760 noctu,
585 2714 674 2766 per
702 2713 900 2750 murum
927 2696 1236 2751 demiserunt
1267 2713 1402 2762 eum,
1426 2697 1726 2750 submitten-

114 2799 188 2841 tes
214 2790 271 2841 in
297 2796 492 2858 sporta.
525 2787 675 2852 Jure,
706 2789 784 2843 sic
811 2799 866 2843 ut
893 2805 982 2844 res
1008 2788 1315 2857 suspicione
1335 2795 1562 2844 careret.
1589 2785 1728 2854 Quid

111 2882 288 2954 ergo?
324 2897 390 2936 an
441 2883 544 2938 hoc
584 2882 801 2953 elapsus
849 2881 1090 2952 periculo
1130 2881 1431 2938 desistit“?
1471 2880 1727 2946 Minime;

111 2977 211 3032 sed
252 2977 344 3032 illo
373 2976 520 3039 abit,
552 2976 639 3031 ubi
671 2975 840 3045 magis
879 2975 999 3030 illos
1026 2974 1387 3044 aggrediatur.
1421 2972 1555 3028 Nam
1586 2972 1730 3042 quod

113 3087 248 3127 vere
269 3070 539 3137 crederet,
561 3068 737 3125 adhuc
760 3069 911 3123 multi
937 3067 1161 3124 credere
1182 3082 1288 3122 non
1314 3075 1580 3137 poterant.
1604 3065 1730 3121 Ideo

114 3173 245 3237 ροςι
274 3165 473 3218 multos
499 3163 616 3218 dies
656 3163 758 3217 hoc
803 3162 1002 3218 evenit.
1034 3159 1301 3229 Quidnam
1335 3160 1438 3215 hoc
1467 3161 1591 3215 est?
1622 3158 1730 3216 Ve-

115 3257 349 3312 risimile
373 3267 458 3311 est
486 3255 633 3311 illum
665 3255 903 3310 nondum
947 3253 1186 3309 voluisse
1219 3253 1381 3308 istinc
1418 3251 1727 3324 proficisci,

117 3349 307 3404 multis
351 3349 536 3404 forsan
580 3347 926 3402 monentibus
958 3363 973 3400 :
1007 3346 1097 3402 ubi
1136 3353 1314 3401 autem
1361 3346 1480 3401 haec
1507 3345 1727 3411 didicit,

115 3453 251 3498 tunc
283 3439 524 3511 permisit
551 3440 826 3510 discipulis
866 3440 977 3494 suis
1009 3459 1024 3494 :
1056 3454 1180 3494 nam
1217 3439 1397 3493 statim
1437 3437 1731 3509 discipulos

115 3534 330 3590 habuit.
361 3533 474 3589 Hoc
504 3533 849 3588 subindicans
877 3532 1130 3587 dicebat:
1156 3529 1398 3585 Damasci
1427 3529 1731 3600 pra’positus

113 3627 283 3699 gentis
313 3627 480 3681 Areto:
504 3627 636 3697 regis
665 3624 977 3680 custodiebat
997 3625 1249 3678 civitatem
1268 3621 1729 3688 Damasceuomm,

113 3723 295 3776 volens
335 3736 416 3774 me
451 3718 877 3790 comprehendere
918 3716 1014 3788 (2.
1048 3715 1168 3772 Cor.
1206 3717 1292 3770 Η.
1337 3715 1406 3770 59.
1431 3717 1470 3784 ).
1515 3717 1579 3770 Et
1610 3716 1732 3770 vide

116 3812 506 3883 evangelistam
541 3810 672 3865 nihil
702 3811 989 3865 ambitiose
1018 3810 1353 3879 loquentem,
1384 3825 1557 3879 neque
1587 3809 1730 3863 Pau-

118 3907 232 3961 lum
264 3907 468 3961 clarum
501 3904 846 3961 exhibentem
872 3945 886 3968 ,
915 3902 1012 3959 sed
1041 3903 1215 3958 solum
1246 3902 1390 3973 quod
1421 3917 1600 3974 regem
1632 3918 1730 3957 ex-

118 4000 426 4056 citaverint.
460 3998 613 4053 Illum
645 3998 806 4067 igitur
839 3995 1014 4050 solum
1046 3994 1374 4062 emiserunt,
1402 4005 1456 4050 et
1485 4011 1606 4048 cum
1640 3995 1732 4049 illo

118 4092 416 4148 neminem.
446 4088 502 4144 ld
530 4103 742 4161 queque
767 4095 1145 4160 congruenter,
1173 4097 1230 4140 ut
1255 4087 1370 4158 ipse
1394 4087 1654 4158 apostolis
1679 4088 1730 4142 in

117 4186 424 4242 Jerusalem
464 4199 587 4240 sese
617 4181 974 4239 ostenderet:
1005 4183 1115 4237 imo
1155 4182 1228 4237 illi
1268 4181 1490 4254 quidem
1529 4182 1733 4238 emise-

119 4290 272 4346 runt,
296 4289 354 4333 ut
380 4275 574 4332 deinde
606 4277 721 4346 ipse
743 4275 971 4331 salutem
997 4289 1149 4331 suam
1176 4286 1390 4330 curaret
1415 4290 1431 4342 ;
1461 4276 1576 4344 ipse
1603 4291 1732 4331 vero

118 4369 454 4427 contrarium
479 4367 702 4434 faciens,
729 4367 795 4422 ad
820 4369 1058 4424 furentes
1082 4368 1262 4422 statim
1288 4368 1595 4423 transilivit.
1620 4368 1734 4425 Hoc

119 4475 206 4519 est
237 4461 450 4516 incendi
477 4503 490 4524 ,
523 4461 624 4515 hoc
654 4459 886 4515 maxime
917 4461 1146 4515 fervere.
1189 4460 1256 4514 Et
1296 4459 1568 4530 perpende
1593 4475 1732 4532 quo-

122 4556 287 4610 modo
309 4563 589 4625 sequatur,
612 4568 639 4605 a
665 4553 838 4622 primo
858 4552 946 4607 die
969 4561 1296 4622 praeceptum
1320 4567 1565 4617 servans,
1588 4553 1732 4624 quod

121 4648 416 4704 audierunt
455 4646 684 4716 apostoli
717 4663 731 4699 :
768 4644 884 4699 Nisi
912 4645 1027 4714 quis
1065 4645 1212 4699 tollat
1240 4662 1443 4700 crucem
1471 4662 1618 4699 suam
1638 4689 1651 4710 ,
1684 4657 1734 4702 et

120 4749 366 4811 sequatur
396 4754 475 4791 me
502 4737 716 4806 (Matth.
744 4737 832 4792 10.
862 4737 974 4808 58).
999 4737 1150 4805 Quod
1182 4753 1310 4807 ergo
1340 4747 1457 4809 post
1482 4739 1618 4794 alios
1643 4755 1735 4794 ve-

122 4836 337 4900 nisset,
383 4831 487 4887 hoc
533 4832 680 4887 illum
724 4832 1102 4888 ferventiorem
1146 4834 1425 4891 reddebat.
1470 4835 1540 4890 Et
1568 4852 1733 4906 opere

122 4926 255 4984 illud
289 4925 612 4995 implebatur
636 4944 649 4979 :
675 4923 770 4981 Cui
798 4926 1012 4979 multum
1039 4927 1333 4995 dimittitur,
1357 4929 1401 4982 is
1423 4927 1540 4998 plus
1559 4929 1733 5000 diliget

126 5019 282 5091 (Luc.
314 5019 367 5072 7.
397 5019 512 5088 47).
546 5017 726 5088 Itaque
753 5028 953 5088 quanto
984 5019 1190 5075 tardius
1219 5022 1402 5086 venit,
1433 5031 1582 5076 tanto
1613 5023 1732 5093 plus

122 5112 346 5170 amavit.
375 5110 605 5182 Ideoque
629 5112 862 5182 priorem
887 5113 1050 5168 vitam
1073 5128 1224 5169 suam
1246 5124 1430 5185 aperte
1447 5114 1729 5183 damnans,

124 5219 353 5275 seseque
380 5214 591 5268 notans,
626 5204 757 5258 nihil
786 5205 916 5259 satis
944 5220 1063 5260 esse
1095 5207 1331 5276 putabat,
1365 5217 1420 5261 ut
1447 5208 1625 5276 priora
1657 5216 1732 5263 te-

121 5307 296 5368 geret.
331 5293 670 5364 Conﬁrmans.
703 5296 873 5366 inquit
906 5314 920 5351 :
955 5297 1003 5350 id
1031 5307 1132 5355 est.
1163 5313 1284 5352 cum
1317 5299 1733 5356 mansuetudine

123 5391 351 5446 docens.
379 5387 449 5442 Et
478 5387 598 5442 vide
628 5405 640 5442 :
670 5404 777 5442 non
804 5388 989 5444 dicunt
1015 5390 1060 5443 ei
1092 5409 1104 5443 :
1131 5390 1211 5446 Tu
1249 5405 1308 5451 es
1348 5392 1439 5462 qui
1481 5393 1731 5448 devasta-

123 5485 255 5548 bas;
299 5498 398 5538 cur
435 5491 674 5538 mutatus
702 5483 795 5537 es?
835 5484 1225 5539 erubescebant
1255 5485 1435 5552 enim;
1467 5487 1562 5541 sed
1593 5488 1734 5542 inter

121 5593 186 5634 se
224 5574 498 5631 dicebant.
544 5575 777 5630 Dixisset
818 5577 960 5630 enim
1009 5577 1178 5631 multo
1218 5577 1451 5646 justius,
1485 5578 1596 5634 lloc
1637 5594 1731 5633 vos

122 5672 296 5742 magis
322 5670 519 5725 docere
545 5679 758 5740 oportet
788 5688 801 5724 :
830 5686 950 5724 nam
975 5670 1117 5742 apud
1148 5671 1438 5743 Agrippam
1467 5670 1538 5727 ita
1567 5672 1733 5727 ratio-

190 5831 208 5862 ‘
245 5828 339 5880 Alii
365 5827 559 5892 legunt,
584 5829 725 5892 fugit,
748 5841 852 5895 pro,
879 5826 1083 5880 desistit.

3357 341 3463 403 is?

1848 467 1971 508 nem
2000 455 2198 510 reddit.
2228 455 2385 510 llune
2409 455 2684 510 imitemur
2709 465 2761 510 et
2786 469 2905 523 nos,
2935 472 3143 528 quaeso,
3174 467 3230 516 et
3252 460 3322 514 ad
3343 475 3451 514 om-

1844 549 1933 602 nia
1968 548 2137 603 simus
2182 549 2420 618 pericula
2460 549 2731 605 instructi.
2765 549 2833 604 Et
2863 551 3137 619 quomodo
3158 596 3174 621 ,
3209 555 3458 624 inquies,

1844 638 1937 695 ille
1966 640 2098 710 fugit
2119 642 2175 696 "t
2203 641 2319 696 Non
2351 657 2416 697 ex
2451 642 2767 709 timiditate,
2795 647 2892 699 sed
2927 660 2987 699 se
3017 645 3083 700 ad
3119 647 3458 717 praedicitis-

1844 746 1969 786 nem
1999 731 2268 787 servabat.
2298 732 2355 789 Si
2386 734 2603 789 timidus
2643 733 2865 804 fuisset,
2907 752 3018 791 non
3058 737 3457 809 Jerosolymam

1841 824 2099 888 venisset,
2132 840 2239 880 non
2269 826 2449 880 statim
2478 826 2779 882 doctrinam
2806 829 3166 900 suscepisset;
3197 845 3263 885 ex
3295 831 3462 885 vehe-

1843 917 2046 972 mentia
2084 918 2287 988 aliquid
2327 921 2648 976 remisisset.
2674 913 2882 978 Verum
2913 939 3021 979 non
3052 931 3171 980 erat
3201 925 3453 995 timidus,

1840 1009 1937 1063 sed
1968 1009 2208 1080 prudens
2227 1052 2243 1076 ,
2271 1010 2537 1082 Stephani
2564 1014 2715 1070 caede
2741 1015 2988 1074 edoctus.
3021 1016 3146 1074 Ideo
3176 1017 3309 1074 nihil
3339 1035 3443 1072 nia.

1841 1117 2004 1172 gnum
2035 1101 2257 1172 putabat
2282 1118 2406 1160 esse
2446 1119 2546 1175 pro
2576 1106 2964 1176 praedicatione
2995 1109 3169 1177 mori,
3202 1109 3302 1164 nisi
3332 1125 3454 1165 cum

1839 1208 2037 1264 magno
2063 1195 2216 1251 lucro
2243 1195 2298 1252 id
2327 1196 2480 1254 fieret
2508 1217 2522 1253 :
2548 1197 2711 1256 homo
2742 1215 2810 1256 ne
2834 1199 3113 1258 Christum
3135 1201 3355 1272 quidem
3379 1202 3456 1256 vi-

1838 1284 1970 1342 dere
1997 1286 2202 1355 volens,
2237 1304 2398 1360 quem
2429 1291 2666 1347 maxime
2687 1292 2932 1348 omnium
2957 1292 3144 1351 videre
3169 1294 3452 1366 cupiebat;

1837 1380 2091 1450 quoniam
2137 1383 2374 1438 nondum
2416 1399 2572 1440 suum
2619 1401 2745 1457 erga
2797 1386 3045 1451 homines
3091 1390 3452 1447 ministerium

1838 1473 2119 1543 impletum
2138 1487 2274 1533 erat.
2298 1476 2486 1534 Talem
2509 1489 2722 1550 oportet
2742 1496 2865 1538 esse
2880 1482 3169 1540 Christiani
3192 1488 3450 1543 animam.

1910 1568 1964 1623 4.
1999 1569 2081 1625 Ab
2121 1570 2274 1626 initio
2300 1582 2356 1627 et
2384 1571 2452 1628 ab
2479 1574 2597 1644 ipso
2625 1590 2820 1631 cursus
2864 1579 3130 1650 principio
3171 1581 3454 1641 character

1835 1657 1991 1715 Pauli
2019 1661 2398 1720 declarabatur
2423 1682 2438 1720 :
2467 1665 2577 1721 imo
2604 1676 2660 1723 et
2698 1677 2856 1724 antea
2887 1688 2900 1724 :
2934 1687 3055 1728 nam
3086 1673 3140 1729 in
3169 1674 3235 1730 iis
3265 1677 3451 1743 etiam,

1837 1769 1960 1823 quae
1988 1769 2094 1810 non
2123 1757 2423 1812 secundum
2451 1761 2735 1816 scientiam
2767 1761 3036 1832 faciebat,
3068 1764 3305 1824 humano
3332 1786 3453 1826 mo-

1838 1853 1924 1901 tus
1951 1847 2237 1905 ratiocinio
2263 1864 2322 1905 se
2346 1852 2588 1922 gerebat.
2613 1853 2670 1910 Si
2699 1855 2842 1910 enim
2867 1869 2990 1928 post
3010 1867 3218 1920 tantum
3243 1871 3455 1934 tempus

1835 1958 1943 1997 non
1975 1945 2228 2014 cupiebat
2258 1949 2492 2018 resolvi,
2525 1953 2695 2006 multo
2723 1954 2897 2025 magis
2936 1955 3090 2011 initio
3131 1961 3456 2030 negotiatio-

1836 2035 1956 2101 nis,
1989 2053 2162 2108 nuper
2187 2055 2218 2094 e
2245 2051 2406 2111 portu
2438 2057 2714 2113 egressus.
2745 2044 2865 2100 Non
2897 2047 3059 2120 eripit
3088 2059 3270 2106 autem
3302 2053 3452 2110 illum

1835 2131 2086 2188 Christus
2111 2150 2142 2190 a
2173 2137 2436 2206 periculo,
2469 2137 2567 2193 sed
2602 2139 2828 2196 dimittit
2856 2159 2870 2198 :
2900 2144 3022 2214 quia
3051 2145 3166 2200 vult
3193 2148 3358 2207 multa
3386 2165 3454 2210 ex

1835 2224 2070 2282 humana
2102 2229 2386 2298 prudentia
2426 2229 2565 2286 fieri.
2609 2232 2862 2304 Alioquin
2901 2236 3162 2304 dimittit,
3195 2249 3251 2296 ut
3275 2241 3455 2298 disca-

1835 2337 1956 2376 mus
1983 2323 2129 2393 ipsos
2150 2325 2314 2380 etiam
2344 2325 2594 2383 homines
2622 2325 2810 2396 fuisse,
2834 2345 3010 2402 neque
3035 2347 3254 2405 semper
3274 2339 3455 2394 omnia

1833 2417 2060 2485 gratiam
2089 2419 2324 2486 operari.
2357 2418 2471 2475 Nisi
2498 2423 2650 2476 enim
2677 2423 2781 2478 hoc
2808 2432 2974 2488 esset.
3001 2425 3145 2497 ligna
3171 2445 3296 2486 esse
3323 2433 3456 2488 sim-

1835 2507 2050 2577 pliciter
2084 2510 2376 2566 existimati
2415 2512 2663 2570 fuissent.
2707 2515 2835 2572 ldeo
2878 2519 3046 2576 multa
3089 2521 3189 2593 ipsi
3222 2525 3457 2583 admini-

1837 2603 2097 2659 strabant.
2127 2605 2240 2662 lloc
2268 2616 2323 2662 et
2349 2623 2449 2664 nos
2475 2608 2761 2678 faciamus,
2786 2622 2843 2668 et
2870 2612 2943 2668 ita
2970 2613 3196 2672 fratrum
3224 2621 3455 2679 salutem

1835 2711 2108 2754 curemus.
2126 2699 2244 2756 Non
2272 2711 2354 2757 est
2385 2705 2648 2777 martyrio
2672 2707 2873 2774 minus,
2906 2708 3039 2764 nihil
3065 2713 3172 2781 pati
3201 2729 3458 2776 recusare

1834 2789 1907 2848 ob
1934 2794 2226 2849 multorum
2259 2799 2527 2864 salutem;
2558 2799 2691 2854 nihil
2727 2801 2798 2855 ita
2829 2801 2998 2857 Deum
3027 2803 3284 2862 ltetilicat.
3317 2808 3460 2864 Rur-

1834 2891 1955 2932 sum
1986 2879 2158 2934 dieam
2187 2881 2272 2947 id,
2299 2883 2444 2954 quod
2475 2899 2622 2954 saepe
2650 2885 2797 2951 dixi;
2824 2886 3001 2943 dicam
3022 2931 3034 2954 ,
3066 2893 3192 2960 quia
3220 2892 3271 2948 id
3301 2893 3459 2953 valde

1835 2972 1996 3041 cupio
2024 2991 2038 3029 :
2065 2975 2319 3044 quoniam
2349 2986 2406 3032 et
2427 2975 2682 3035 Christus
2708 2979 2941 3051 idipsum
2975 2982 3241 3052 faciebat,
3270 2987 3339 3044 de
3366 3005 3456 3049 re—

1836 3067 2097 3123 missione
2125 3069 2426 3125 admonens
2448 3081 2504 3128 et
2527 3073 2716 3129 dicens
2746 3094 2758 3130 :
2792 3075 3015 3142 Quando
3039 3081 3199 3134 oratis
3228 3096 3313 3137 vos
3334 3125 3348 3146 ,
3377 3101 3460 3138 re.

1836 3161 2020 3214 mittite
2047 3161 2092 3213 si
2116 3163 2241 3230 quid
2273 3173 2454 3219 contra
2489 3166 2713 3236 aliquem
2747 3168 2943 3225 habetis
2969 3172 2988 3241 (
3013 3171 3205 3228 Matth.
3239 3177 3291 3230 5.
3325 3175 3452 3249 25).

1837 3249 2072 3307 Rursum
2105 3253 2268 3312 Petro
2293 3257 2538 3327 loquens,
2565 3260 2739 3330 inquit
2764 3279 2778 3316 :
2807 3260 2928 3318 Non
2957 3264 3073 3320 dico
3100 3267 3208 3333 tibi,
3237 3267 3461 3325 Remitte

1836 3360 1998 3416 usque
2047 3348 2265 3418 septies,
2310 3351 2401 3404 sed
2441 3367 2605 3420 usque
2652 3355 2942 3425 septuagies
2989 3361 3175 3427 septies
3207 3360 3327 3434 (Id.
3364 3364 3454 3419 l8.

1837 3435 1971 3509 22);
2015 3455 2182 3511 reque
2225 3441 2339 3512 ipsa
2379 3444 2623 3513 dimisit,
2662 3462 2782 3517 qua:
2820 3460 3008 3506 contra
3041 3453 3217 3522 ipsum
3249 3466 3458 3526 patrata

1837 3539 1985 3588 sunt.
2012 3532 2084 3586 lla
2109 3542 2162 3589 et
2188 3550 2285 3589 nos
2309 3535 2432 3606 quia
2461 3539 2710 3595 novimus
2733 3539 2875 3597 hunc
2903 3558 3024 3598 esse
3052 3560 3279 3616 scopum
3303 3549 3461 3605 Chri.

1837 3625 2129 3692 stianismi,
2158 3626 2228 3682 de
2255 3627 2357 3683 hac
2385 3645 2444 3684 re
2471 3645 2690 3701 semper
2713 3633 3052 3692 disserimus.

1913 3718 2234 3775 Christianus
2277 3722 2500 3776 aliorum
2539 3725 2755 3780 salutem
2794 3745 2973 3782 curare
3011 3731 3173 3786 debet.
3203 3764 3277 3775 -—
3314 3735 3456 3791 Nihil

1835 3813 2083 3886 frigidius
2110 3815 2452 3884 Christiano,
2484 3819 2573 3890 qui
2611 3821 2839 3878 aliorum
2873 3825 3102 3882 salutem
3134 3844 3240 3882 non
3281 3842 3456 3886 curat.

1837 3907 1955 3964 Non
1988 3921 2142 3979 potes
2171 3913 2256 3967 hic
2282 3921 2653 3984 paupertatem
2686 3917 2988 3973 obtendere
3014 3938 3027 3974 :
3054 3937 3177 3976 nam
3208 3940 3327 3993 qua:
3351 3925 3460 3980 duo

1839 4004 2045 4060 minuta
2075 4005 2291 4076 injecit,
2324 4015 2376 4062 te
2405 4010 2700 4065 accusabit.
2734 4010 2802 4065 Et
2845 4011 3038 4067 Petrus
3075 4013 3324 4083 dicebat,
3357 4021 3459 4072 Ar-

1838 4106 2042 4168 gentum
2070 4107 2116 4151 et
2143 4115 2327 4153 aurum
2351 4116 2454 4155 non
2483 4110 2555 4156 est
2585 4104 2711 4156 mihi
2738 4103 2875 4173 (Act.
2909 4105 2964 4158 5.
2997 4105 3076 4176 6).
3109 4107 3304 4163 Paulus
3331 4112 3458 4166 item

1839 4190 1976 4245 adeo
2000 4206 2204 4261 pauper
2223 4203 2359 4260 erat,
2386 4201 2444 4247 ut
2470 4210 2618 4264 saepe
2638 4197 2891 4264 esuriret,
2919 4206 2973 4252 et
3000 4203 3312 4257 necessario
3339 4204 3461 4259 ClllO

1839 4293 2070 4339 careret.
2106 4283 2222 4338 Non
2267 4293 2421 4355 potes
2465 4286 2855 4357 ignobilitatem
2903 4291 3151 4358 proferre
3184 4310 3197 4345 :
3231 4309 3352 4348 nam
3384 4297 3460 4351 illi

1841 4375 2106 4446 ignobiles
2134 4385 2326 4442 erant,
2357 4394 2422 4432 ex
2453 4379 2779 4449 ignobilibus
2806 4382 2934 4438 orti.
2962 4381 3082 4439 Non
3121 4394 3275 4454 potes
3317 4403 3461 4458 prm-

1841 4477 2027 4524 texere
2067 4479 2118 4524 te
2159 4469 2381 4525 idiolam
2419 4487 2585 4526 esse:
2624 4488 2745 4526 nam
2787 4483 2840 4528 et
2884 4475 2962 4529 illi
3006 4477 3247 4532 illiterati
3280 4490 3456 4536 erant.

1843 4560 1955 4615 Etsi
1986 4576 2175 4617 servus
2216 4563 2290 4617 sis
2315 4603 2330 4630 ,
2366 4565 2466 4619 etsi
2499 4565 2753 4634 fugitivus
2774 4608 2788 4631 ,
2825 4574 2912 4620 tua
2955 4569 3158 4638 poteris
3188 4574 3411 4642 exsequi
3442 4593 3457 4630 :

1841 4654 2107 4724 siquidem
2145 4663 2200 4710 et
2239 4655 2528 4712 Onesimus
2567 4657 2692 4713 talis
2729 4670 2865 4715 erat.
2895 4659 3001 4717 Sed
3032 4662 3154 4717 vide
3178 4707 3190 4727 ,
3221 4680 3456 4735 quonam

1842 4754 1997 4802 vocet
2027 4746 2199 4817 illum,
2229 4757 2283 4803 et
2307 4749 2373 4803 ad
2401 4765 2561 4820 quam
2595 4760 2718 4821 agat
2745 4753 3062 4823 dignitatem
3101 4773 3113 4810 :
3142 4755 3208 4811 Ut
3231 4774 3455 4814 commu-

1841 4839 1971 4893 nicet
2000 4856 2217 4905 mecum,
2253 4841 2446 4912 inquit,
2477 4844 2532 4896 in
2562 4845 2778 4898 vinculis
2819 4847 2943 4900 meis
2975 4846 3224 4918 (Philem.
3259 4851 3310 4905 1.
3343 4851 3453 4924 10).

1842 4932 1957 4987 Νοη
1995 4942 2148 5002 potes
2193 4934 2560 4993 infirmitatem
2609 4937 2893 5007 objicere:
2930 4957 3052 4995 nam
3094 4944 3217 4998 talis
3244 4960 3460 5016 quoque

1841 5026 2159 5083 Timotheus
2185 5037 2333 5095 erat,
2360 5031 2449 5100 qui
2482 5029 2794 5101 frequenter
2827 5033 3062 5090 habebat
3089 5036 3454 5098 infirmitates.

1841 5119 1994 5186 Quod
2028 5121 2170 5174 enim
2215 5120 2465 5176 infirmus
2501 5132 2646 5177 esset
2685 5125 2808 5178 audi
2846 5145 2858 5180 :
2901 5125 3031 5180 Viuo
3078 5130 3279 5184 modico
3321 5143 3462 5188 utere

1842 5223 2052 5281 propter
2077 5213 2401 5267 stomachum
2432 5226 2572 5268 tuum
2601 5226 2648 5268 et
2679 5219 2963 5289 frequentes
2991 5230 3105 5274 tuas
3134 5223 3460 5289 inﬁrmitates

1843 5305 1920 5377 (l.
1949 5304 2083 5360 Tim.
2109 5307 2164 5362 5.
2197 5305 2311 5374 25).
2345 5307 2531 5362 Potest
2560 5312 2930 5380 unusquisque
2955 5315 3208 5382 proximo
3234 5316 3462 5385 prodes-

1841 5413 1922 5462 se,
1957 5398 2000 5451 si
2035 5397 2164 5452 velit
2197 5414 2317 5468 qua:
2348 5413 2441 5454 sua
2472 5410 2598 5454 sunt
2627 5403 2873 5472 implere.
2916 5403 3035 5459 Non
3066 5406 3261 5462 videtis
3292 5407 3454 5465 infru-

1841 5502 2058 5546 ctuOsas
2099 5493 2354 5560 arbores,
2397 5510 2556 5565 quam
2601 5495 2768 5550 ﬁrma:
2805 5498 2950 5562 sint,
2981 5514 3141 5569 quam
3181 5501 3456 5570 pulchrae,

1843 5603 2105 5657 procerae,
2133 5587 2298 5645 laeves
2322 5599 2374 5644 et
2394 5590 2689 5645 sublimes?
2711 5592 2778 5645 At
2799 5591 2843 5646 si
2866 5591 3082 5648 hortum
3106 5592 3459 5667 haberemus,

1841 5833 1872 5880 ὁ
1905 5772 1926 5804 '-
1964 5766 2105 5828 lla-c,
2127 5775 2176 5818 El
2202 5767 2457 5830 quonde,
2484 5765 2689 5829 inquies,
2718 5765 2800 5819 ille
2822 5767 2965 5835 fugit,
2985 5768 3170 5824 desunt
3189 5781 3235 5824 tu
3253 5772 3464 5837 quibus»

1875 5845 1950 5880 am

1875 5845 1950 5882 illi]
