4068 6402
642 362 740 415 153

633 477 889 530 vellemus
935 473 1340 539 matogranata,
1386 475 1438 518 et
1481 462 1534 516 ol

631 583 790 640 quam
819 567 936 639 illas
956 561 1155 618 habere
1176 578 1190 614 :
1216 552 1321 614 illa:
1343 556 1485 612 enim
1511 553 1576 607 ad
1600 551 1926 620 voluptatem
1949 554 2093 610 sunt,
2119 560 2225 598 non

630 636 696 714 ad
728 636 1034 722 utilitatem,
1063 663 1118 707 et
1144 654 1188 708 si
1215 666 1316 720 qua
1354 649 1424 704 sit
1451 646 1671 711 utilitas,
1701 657 1763 698 ea
1793 656 1954 714 parva
1991 649 2095 693 est.
2125 636 2228 691 Ta-

631 752 712 808 les
736 759 860 804 sunt
886 750 941 811 ii,
969 745 1061 817 qui
1091 760 1183 800 sua
1213 743 1384 797 solum
1412 745 1686 810 spectant;
1719 737 1825 790 imo
1850 749 1916 789 ne
1948 733 2080 787 tales
2105 731 2227 800 qni-

634 845 757 898 dem
784 883 798 907 ,
836 841 931 896 scd
959 839 1025 894 ad
1052 838 1313 892 ultionem
1345 832 1521 888 solum
1550 831 1680 900 apti.
1708 827 1840 882 Nam
1868 826 1972 880 illa:
2004 822 2228 878 arbores

632 936 700 988 ad
730 933 1010 988 aedilicium
1052 937 1109 984 et
1150 927 1215 982 ad
1261 941 1441 980 rerum
1472 923 1691 978 tutelam
1730 929 1869 990 aptae
1897 926 2041 971 sunt.
2071 914 2230 969 Tales

632 1034 788 1082 erant
817 1024 918 1078 illa:
957 1022 1192 1091 virgines
1210 1061 1224 1082 ,
1253 1027 1416 1073 casta:
1435 1056 1450 1080 ,
1476 1025 1679 1070 ornata:
1699 1053 1713 1078 ,
1736 1010 2108 1072 continentes;
2133 1005 2229 1062 sed

631 1119 830 1174 nemini
873 1116 1070 1179 utiles,
1115 1113 1235 1167 ideo
1285 1110 1692 1167 comburuntur.
1739 1103 1898 1158 Tales
1938 1110 2095 1166 sunt,
2138 1097 2228 1170 qui

634 1208 906 1264 Christum
934 1221 1038 1261 non
1069 1203 1329 1258 nutriunt.
1361 1197 1640 1268 Perpende
1665 1205 1842 1250 autem
1871 1193 2141 1248 neminem
2169 1190 2230 1243 il-

632 1303 806 1356 lorum
833 1299 898 1354 de
925 1297 1165 1368 peccatis
1191 1295 1301 1350 suis
1328 1291 1599 1358 accusari,
1630 1305 1737 1345 non
1761 1286 1906 1358 quod
1932 1285 2228 1341 fornicatus

631 1392 735 1456 sit,
769 1406 873 1444 non
912 1389 1056 1459 quod
1089 1386 1438 1456 pejeraverit,
1465 1383 1533 1438 de
1573 1381 1720 1436 nullo
1753 1388 1935 1443 certe;
1963 1377 2056 1432 sed
2087 1375 2230 1447 quod

631 1484 789 1538 alteri
818 1497 922 1536 non
950 1479 1228 1549 profuerit.
1261 1477 1406 1531 Talis
1430 1483 1547 1531 erat
1573 1473 1664 1528 ille
1683 1515 1696 1537 ,
1721 1472 1813 1542 qui
1844 1469 2103 1526 talentum
2130 1467 2229 1522 dc-

631 1575 792 1641 fodit,
824 1573 1148 1642 inculpatam
1180 1569 1442 1624 exhibens
1469 1565 1654 1631 vitam,
1683 1564 1779 1620 sed
1813 1563 1967 1619 alteri
1998 1577 2104 1618 non
2132 1561 2232 1614 uti-

633 1668 721 1722 lis.
749 1665 1067 1734 Quomodo,
1096 1676 1278 1734 quaeso
1299 1703 1314 1728 ,
1343 1659 1685 1715 Christianus
1723 1657 1794 1710 sit
1829 1656 1920 1726 qui
1963 1655 2083 1710 talis
2116 1653 2230 1709 est?

633 1759 688 1814 Si
728 1757 1048 1812 fermentum
1091 1756 1312 1808 mixtum
1347 1751 1565 1814 farinze,
1594 1765 1701 1804 non
1739 1747 2026 1802 mutaverit
2064 1755 2229 1799 totum

635 1852 690 1907 in
717 1847 1356 1906 eamdem-conditionem
1378 1886 1392 1910 ,
1423 1860 1492 1898 an
1521 1843 1840 1898 fermentum
1877 1855 2002 1896 vere
2035 1838 2232 1894 fuerit?

634 1946 772 2015 Quid
799 1960 927 2000 vero
947 1985 962 2010 ,
993 1943 1038 1997 si
1070 1948 1397 2011 unguentum
1426 1936 1745 1993 accedentes
1772 1949 1877 1988 non
1909 1934 2077 1988 odore
2107 1947 2230 2001 per-

634 2040 868 2105 fuderit,
895 2054 962 2092 an
1000 2036 1052 2091 id
1083 2043 1408 2105 unguentum
1442 2031 1736 2087 vocemus?
1762 2029 1839 2085 Ne
1865 2029 2087 2096 dixeris,
2115 2027 2232 2082 Non

635 2150 851 2205 possum
874 2133 1007 2186 alios
1032 2130 1283 2184 inducere
1310 2146 1322 2182 :
1350 2143 1475 2182 nam
1496 2126 1543 2181 si
1563 2124 1898 2180 Christianus
1921 2122 2104 2187 fueris,
2134 2122 2234 2176 im-

633 2227 894 2299 possibile
924 2235 1007 2280 est
1045 2233 1102 2278 ut
1140 2240 1247 2278 non
1286 2223 1397 2276 fiat.
1437 2220 1569 2275 Nam
1601 2228 1657 2274 ut
1692 2234 1756 2273 ea
1785 2233 1904 2289 quae
1946 2218 2000 2272 in
2045 2224 2232 2270 natura

636 2330 762 2374 sunt
799 2316 1273 2372 contradictionem
1321 2329 1426 2368 non
1471 2311 1670 2367 habent
1705 2329 1716 2364 :
1752 2311 1822 2364 ita
1859 2318 1915 2365 et
1959 2307 2074 2363 hzec
2112 2323 2234 2379 quas

635 2413 862 2466 dicimus
893 2428 906 2464 :
935 2410 988 2463 in
1029 2417 1217 2462 natura
1258 2407 1402 2460 enim
1435 2403 1722 2459 Christiani
1764 2417 1854 2457 res
1893 2401 1993 2456 sita
2022 2410 2123 2456 est.
2153 2399 2233 2454 Ne

642 2504 804 2557 Deum
827 2500 1148 2557 contumelia
1175 2498 1396 2553 afficias.
1421 2497 1475 2551 Si
1498 2495 1718 2562 dixeris,
1748 2509 1852 2548 non
1883 2508 2038 2563 posse
2061 2493 2232 2549 solem

636 2596 835 2661 lucere,
860 2595 1182 2652 contumelia
1214 2593 1363 2647 illum
1395 2589 1596 2656 afficis;
1622 2590 1667 2644 si
1687 2589 1906 2655 dixeris,
1935 2603 2042 2642 non
2073 2601 2234 2657 posse

1234 2716 3172 2744 ___________________..._____————

1347 347 1404 404 S.
1445 344 1718 402 JUANI‘lS
1756 333 2233 397 CllllYSl‘STOMl
2277 328 2588 385 .‘.llC.tll'-ZP.
2619 324 3148 385 CGNSTANTINOP.

1541 462 1653 516 iras
1699 456 2005 513 fructiferas
2049 450 2227 523 potius
2319 444 2682 500 Christianum
2723 441 2980 512 prodesse
3005 482 3019 506 ,
3056 440 3220 494 Deum
3254 432 3578 489 contumelia
3619 427 3854 483 alii-(isti
3888 439 3941 483 et

3835 316 3941 369 164

2331 535 2641 593 mendacem
2670 534 2870 589 dixisti.
2903 532 3133 588 Facilius
3155 529 3298 584 enim
3325 536 3428 592 cst,
3460 524 3626 579 solem
3658 539 3764 576 non
3796 521 3944 575 cal»-

2331 628 2510 684 facere
2551 640 2652 680 nec
2690 627 2910 691 lucere,
2960 638 3122 694 quam
3160 619 3522 676 Christianum
3565 631 3670 669 non
3716 615 3939 670 lucere:

2331 722 2538 778 facilius
2568 727 2670 785 est,
2703 719 2876 772 lucem
2905 731 3025 772 esse
3057 713 3326 780 tenebras,
3355 726 3512 782 quam
3554 708 3656 763 hoc
3689 705 3828 759 ﬁeri.
3863 704 3943 757 διε

2332 814 2513 880 dicas,
2547 827 2660 866 rem
2699 823 2819 864 esse
2865 805 3252 875 impossibilem
3289 823 3302 856 :
3337 818 3456 856 nam
3489 799 3820 854 contrarium
3855 805 3942 849 est

2334 903 2684 975 impossibile.
2727 901 2803 957 Ne
2845 901 3013 956 Deum
3045 895 3369 954 contumelia
3397 892 3620 948 afficias.
3655 891 3710 944 Si
3753 899 3939 942 nostra

2334 991 2480 1055 recte
2523 1009 2942 1066 componamus,
2980 992 3068 1046 illa
3105 990 3328 1044 omnino
3365 995 3556 1050 erunt,
3584 994 3638 1039 et
3663 982 3818 1053 quasi
3853 995 3944 1035 nes

2332 1093 2596 1163 quaepiam
2635 1087 2893 1144 naturalis
2937 1093 3247 1156 sequentur.
3281 1079 3398 1134 Non
3441 1089 3616 1149 potest
3647 1077 3818 1130 latere
3850 1075 3943 1128 lux

2331 1185 2623 1242 Christiani
2659 1204 2673 1239 :
2705 1199 2812 1238 non
2845 1189 3025 1252 potest
3053 1176 3310 1234 occultari
3342 1182 3448 1229 tam
3477 1174 3675 1244 fulgida
3709 1172 3940 1240 lampas.

2332 1278 2411 1335 Ne
2441 1279 2619 1348 itaque
2645 1275 2821 1348 ignavi
2851 1275 3041 1328 simus.
3066 1269 3217 1326 Sicut
3241 1268 3385 1324 enim
3411 1265 3624 1321 virtutis
3650 1263 3862 1318 lucrum
3891 1269 3947 1316 et

2335 1378 2389 1432 in
2420 1389 2519 1430 nos
2547 1383 2602 1429 et
2630 1373 2683 1427 in
2712 1386 2842 1438 eos,
2874 1370 2963 1439 qui
3004 1369 3092 1422 illa
3131 1369 3415 1436 jnvantur.
3450 1362 3642 1418 transit
3673 1378 3685 1413 :
3718 1359 3799 1413 sic
3829 1365 3886 1413 et
3915 1372 3946 1411 a

2335 1468 2537 1523 malitia
2567 1465 2765 1537 duplex
2801 1462 3182 1518 detrimentum
3211 1465 3266 1512 et
3304 1457 3355 1511 in
3389 1470 3487 1509 nos
3517 1462 3573 1508 et
3602 1454 3653 1507 in
3686 1466 3784 1506 eos
3806 1493 3819 1513 ,
3853 1451 3945 1520 qui

2335 1561 2625 1628 lteduntur,
2654 1557 2969 1631 pertransit.
2997 1555 3076 1612 Sit
3099 1552 3386 1624 quispiam,
3420 1549 3462 1603 si
3496 1548 3596 1611 vis,
3630 1545 3826 1606 idiota,
3854 1544 3945 1612 qui

2335 1669 2364 1708 a
2399 1654 2650 1725 quopiam
2695 1653 2972 1708 innumera
3012 1649 3247 1720 patiatur
3285 1645 3460 1708 mala,
3492 1655 3764 1710 nemoque
3794 1638 3947 1694 illum

2337 1747 2659 1812 ulciscatur,
2691 1745 2786 1802 sed
2831 1754 2886 1800 et
2929 1740 3186 1799 beneﬁcia
3232 1745 3453 1810 prtestet
3481 1753 3493 1789 :
3526 1749 3631 1804 qua
3659 1731 3946 1795 doctrina,

2335 1840 2530 1911 quibus
2561 1839 2758 1906 verbis,
2787 1846 2918 1910 quot
2946 1832 3401 1891 admonitionibus
3430 1844 3536 1885 non
3563 1836 3647 1883 est
3685 1825 3793 1881 hoc
3831 1824 3948 1879 for-

2339 1933 2487 1987 tius?
2515 1948 2676 2004 quem
2715 1930 2954 1986 furorem
2985 1945 3091 1983 non
3127 1926 3471 1995 exstinguere
3495 1963 3510 1986 ,
3549 1935 3656 1974 non
3697 1918 3951 1987 mitigare

2337 2025 2555 2080 valeat?
2592 2024 2716 2080 Haec
2746 2037 2876 2093 ergo
2917 2036 3037 2076 cum
3083 2017 3348 2077 seiamus,
3377 2013 3562 2068 virtuti
3593 2011 3907 2065 htcreamus
3931 2049 3947 2072 ,

2337 2135 2458 2175 cum
2491 2133 2598 2173 non
2627 2117 2900 2188 possimus
2926 2114 3033 2168 alio
3064 2112 3224 2166 modo
3254 2109 3482 2163 salutem
3515 2104 3775 2174 consequi
3799 2145 3814 2168 ,
3847 2102 3950 2154 nisi

2339 2213 2393 2267 in
2417 2212 2563 2267 hisce
2592 2211 2748 2266 bonis
2772 2209 3022 2279 operibus
3049 2207 3210 2260 vitam
3242 2210 3563 2273 praesentem
3590 2199 3800 2254 emensi
3832 2194 3954 2250 fue-

2339 2308 2540 2372 rimus,
2569 2315 2627 2360 ut
2667 2303 2843 2358 futura
2874 2313 3268 2371 consequamur
3297 2297 3435 2352 bona
3459 2337 3473 2358 ,
3501 2291 3670 2364 gratia
3703 2299 3758 2346 et
3791 2290 3951 2344 beni-

2338 2402 2542 2471 gnitate
2574 2398 2783 2453 Domini
2824 2395 2992 2451 nostri
3034 2395 3161 2449 Jesu
3191 2391 3424 2453 Christi,
3457 2387 3672 2458 quicum
3716 2385 3864 2438 ltatri
3897 2391 3953 2436 et

2336 2492 2557 2562 Spiritui
2584 2499 2769 2546 sancto
2789 2490 2978 2560 gloria,
3006 2485 3316 2553 imperium,
3345 2482 3537 2546 honor,
3562 2492 3706 2533 nunc
3727 2488 3782 2533 et
3805 2492 3954 2532 sem-

2339 2600 2456 2656 per,
2486 2593 2541 2639 et
2566 2584 2620 2639 in
2648 2584 2844 2638 smcula
2869 2581 3211 2637 sasculorum.
3243 2579 3434 2632 Amen.

3180 2706 3932 2730 -————-—-—————

1998 2799 2348 2861 HOMILIA
2392 2798 2572 2859 XXI.

632 2960 766 3020 Car.
812 2960 866 3017 9.
897 2974 948 3012 v.
980 2956 1074 3012 26.
1104 2955 1232 3011 Cum
1275 2962 1444 3008 autem
1471 2952 1681 3007 venisset
1712 2947 1908 3003 Paulus
1933 2947 1988 3001 in
2015 2945 2231 2999 Jerusa-

713 3054 809 3107 lem
834 3091 849 3117 ,
893 3048 1114 3102 tentabat
1138 3063 1191 3102 se
1209 3048 1432 3116 jungere
1465 3042 1732 3112 discipulis
1762 3055 1780 3094 :
1811 3052 1859 3093 et
1889 3055 2059 3092 antnes
2089 3037 2235 3090 time-

713 3144 832 3195 bant
858 3158 992 3205 eum,
1033 3155 1136 3192 non
1166 3135 1426 3191 credentes
1460 3135 1595 3203 quod
1639 3141 1765 3186 esset
1807 3130 2107 3200 discipulus.
2138 3126 2230 3181 37.

710 3233 974 3287 Barnabas
989 3241 1158 3284 autem
1184 3230 1555 3299 apprehensum
1583 3225 1729 3278 illum
1755 3223 1900 3276 duxit
1927 3223 1995 3274 ad
2022 3230 2231 3292 aposto-

711 3329 806 3390 lus,
833 3337 878 3378 et
899 3326 1123 3378 narravit
1144 3324 1247 3378 illis
1267 3322 1520 3392 quomodo
1541 3321 1591 3373 in
1609 3320 1688 3372 via
1710 3319 1911 3372 vidisset
1936 3315 2230 3370 Dominum.

709 3424 760 3475 1.
799 3420 947 3472 Pauli
971 3420 1107 3472 dicta
1124 3413 1689 3471 conciliantur.——Jure
1717 3413 1804 3466 hic
1841 3409 1988 3465 dubii
2018 3424 2232 3480 quaera-

639 3527 758 3568 mus
782 3554 796 3576 ,
844 3509 1113 3581 quomodo
1143 3510 1197 3563 in
1229 3507 1468 3577 Epistola
1499 3505 1564 3559 ad
1588 3504 1803 3560 Galatas
1832 3503 2039 3557 dicatur
2070 3519 2084 3555 :
2110 3501 2233 3555 Non

639 3606 743 3659 abii
767 3604 1159 3672 Jerosalymam,
1186 3600 1276 3655 sed
1317 3601 1370 3652 in
1411 3599 1654 3652 Arabiam
1696 3607 1741 3649 et
1785 3594 2139 3658 Damascum;
2186 3600 2233 3647 et

639 3707 751 3767 post
775 3706 870 3749 tres
896 3710 1058 3747 annos
1087 3692 1290 3747 ascendi
1316 3690 1690 3758 Jerosolymam
1719 3687 1889 3741 uidere
1922 3684 2152 3750 Petrum,-
2183 3693 2232 3738 et

642 3790 890 3843 neminem
930 3785 1274 3855 apostolorum
1320 3781 1423 3834 vidi
1451 3780 1595 3849 (Gal.
1629 3780 1680 3834 1,
1714 3777 1904 3847 17-19)
1935 3795 1947 3830 :
1976 3777 2060 3831 hic
2100 3790 2231 3831 vero

637 3890 821 3934 contra
845 3878 1072 3938 dicatur,
1097 3873 1393 3929 Ba‘rnabam
1417 3873 1589 3940 ipsum
1605 3870 1822 3925 duxisse
1842 3869 1908 3923 ad
1935 3867 2227 3937 apostolo=.

639 3973 733 4026 Vel
767 3972 866 4025 hoc
893 3968 1051 4040 igitur
1073 3967 1183 4020 vult
1203 3966 1384 4020 dicere
1420 3981 1432 4017 :
1458 3962 1573 4017 Non
1597 3962 1724 4028 abii,
1753 3972 1808 4015 ut
1837 3962 1906 4015 ibi
1931 3975 2225 4021 manerem;

635 4063 708 4118 ibi
739 4077 966 4132 namque
997 4059 1147 4124 dicit,
1178 4056 1300 4111 Non
1325 4056 1518 4109 adham'
1544 4055 1689 4130 carni
1714 4064 1760 4107 et
1781 4053 2015 4124 sanguini
2047 4050 2225 4124 (Ibid.

637 4172 686 4208 υ.
722 4155 836 4225 16);
869 4169 1041 4223 neque
1063 4153 1169 4207 abii
1191 4149 1582 4220 JeroSolymam
1601 4148 1666 4202 ad
1684 4157 2055 4202 antecessores
2079 4159 2228 4200 meos

637 4247 912 4315 apostolos
943 4262 955 4297 :
988 4245 1069 4298 vel
1101 4243 1206 4297 alio
1235 4239 1396 4296 modo
1425 4259 1438 4293 :
1471 4240 1594 4310 quia
1621 4239 1826 4293 insidia:
1852 4238 1956 4293 illa:
1988 4237 2228 4293 Damasci

636 4348 762 4409 post
785 4339 886 4392 iter
915 4339 966 4391 in
997 4336 1246 4390 Arabiam
1268 4333 1437 4398 fuere,
1466 4349 1528 4387 ac
1548 4332 1742 4387 deinde
1762 4331 2036 4396 ascendit,
2082 4339 2232 4400 post-

637 4444 797 4496 quam
833 4427 1027 4480 islhinc
1062 4425 1314 4479 redierat.
1362 4423 1479 4493 lpse
1506 4423 1662 4493 igitur
1689 4437 1794 4476 non
1833 4422 1964 4477 abiit
1991 4421 2058 4476 ad
2099 4436 2230 4491 apo-

632 4523 822 4585 stolos,
840 4520 933 4574 sed
951 4519 1227 4590 discipulis
1249 4517 1455 4574 hazrerc
1475 4517 1769 4588 satagebat,
1788 4527 1973 4586 utpote
1995 4518 2082 4587 qui
2101 4531 2229 4572 non-

633 4614 760 4669 dum
787 4613 998 4677 doctor.
1031 4613 1124 4666 scd
1155 4612 1446 4682 discipulus
1476 4621 1639 4666 esset.
1685 4610 1828 4682 Ergo
1855 4625 1960 4665 non
1992 4610 2112 4665 ideo
2137 4625 2226 4664 as-

634 4706 834 4770 cendit,
861 4715 918 4760 ut
939 4713 1308 4759 antecessores
1334 4718 1460 4758 suos
1486 4702 1694 4758 adiret:
1721 4717 1893 4773 neque
1910 4702 2052 4758 enim
2070 4702 2226 4773 quid-

637 4797 777 4866 piam
813 4798 880 4851 ab
921 4797 1024 4850 illis
1059 4797 1260 4851 didicit.
1319 4795 1416 4850 Vel
1448 4795 1514 4850 de
1543 4795 1643 4850 hoc
1672 4809 1899 4850 ascensu
1933 4811 2039 4850 non
2075 4795 2224 4861 dicit,

636 4889 731 4943 sed
755 4888 950 4942 (muttit
976 4887 1158 4952 illum;
1197 4886 1331 4942 adeo
1362 4898 1418 4942 ut
1444 4903 1531 4942 res
1559 4889 1628 4941 ita
1656 4902 1713 4942 se
1741 4886 1970 4941 habeat:
1999 4887 2143 4942 Abiit
2172 4889 2222 4941 in

633 4980 907 5042 Arabiam,
941 4979 1134 5033 deimle
1165 4979 1313 5033 venit
1341 4979 1652 5034 Damascum
1679 5021 1694 5046 ,
1739 4966 1920 5049 postea
1948 4979 2224 5052 Jerosoly-

637 5089 801 5137 Inani,
827 5071 948 5124 hinc
970 5073 1019 5125 in
1049 5070 1278 5144 Syriam.
1304 5069 1399 5126 Vel
1424 5072 1468 5125 si
1491 5087 1596 5126 non
1621 5072 1688 5126 ita
1712 5081 1812 5136 est,
1837 5073 1914 5127 sic
1939 5088 2025 5128 res
2049 5089 2107 5128 se
2131 5073 2226 5127 ha-

637 5165 752 5219 buit
783 5183 794 5218 :
822 5163 1077 5218 Ascendit
1099 5163 1504 5236 Jerosolymam,
1543 5163 1665 5218 hinc
1687 5164 1737 5218 in
1763 5166 2073 5219 Damascum
2097 5167 2225 5220 mis-

638 5272 727 5310 sus
756 5267 858 5323 est,
885 5255 1082 5310 deinde
1113 5255 1163 5309 in
1189 5255 1415 5327 Syriam,
1450 5255 1643 5311 deinde
1668 5271 1853 5310 rursus
1880 5257 2220 5326 Damascum,

634 5361 815 5421 postea
847 5351 1146 5406 Cwsaream
1173 5392 1187 5416 ,
1232 5363 1283 5405 et
1315 5361 1438 5405 tunc
1471 5368 1564 5418 per
1589 5351 1992 5420 quattuordecim
2029 5364 2219 5418 annos,

633 5445 772 5498 forte
791 5444 1001 5513 quando
1027 5442 1218 5497 fratrem
1243 5442 1461 5497 adduxit
1485 5459 1605 5498 cmu
1633 5442 1893 5497 Barnaba.
1923 5441 2021 5499 Vel
2042 5443 2084 5497 si
2115 5459 2220 5497 non

634 5539 758 5597 hoc.
787 5535 924 5589 aliud
947 5536 1074 5590 dicit
1103 5545 1328 5604 tempus.
1363 5535 1492 5589 Nam
1520 5535 1972 5607 historiographus
1997 5537 2220 5590 multum

631 5629 954 5698 compendio
980 5630 1186 5691 studet,
1237 5638 1292 5682 et
1319 5631 1480 5683 multa
1513 5638 1749 5698 tempora
1783 5631 2042 5698 congerit.
2090 5628 2222 5683 Vide

633 5738 914 5794 quamnon
936 5725 1005 5777 sit
1028 5722 1359 5786 ambitiosus,
1382 5737 1554 5791 neque
1575 5731 1755 5776 narret
1772 5721 2027 5776 visionem
2053 5722 2217 5788 illam,

642 5820 736 5876 sed
762 5829 1104 5877 transcurrat.
1140 5820 1341 5877 Rursus
1373 5822 1447 5876 sic
1475 5821 1654 5892 incipit
1680 5829 1732 5875 et
1762 5821 1834 5876 ait
1867 5839 1878 5876 :
1904 5820 2028 5875 Cum
2053 5833 2220 5875 autem

2339 2945 2552 2998 uenisset
2583 2943 2635 2996 in
2659 2939 2968 3004 Jerusalem,
3014 2939 3236 2992 tentabat
3278 2953 3333 2991 se
3365 2937 3586 3005 jungere
3629 2931 3904 3003 discipulis
3933 2949 3951 2985 :

2337 3039 2412 3092 illi
2451 3053 2564 3090 vero
2611 3035 2850 3088 timebant
2879 3049 3012 3086 eum.
3060 3032 3127 3085 Et
3161 3029 3287 3084 hinc
3323 3043 3536 3083 rursum
3569 3025 3719 3081 Pauli
3761 3024 3952 3078 fervor

2339 3129 2661 3191 ostenditur;
2689 3143 2794 3182 non
2825 3127 2892 3180 ab
2921 3125 3148 3190 Anania,
3177 3139 3283 3178 non
3311 3123 3379 3178 ab
3407 3123 3492 3189 iis,
3521 3120 3609 3191 qui
3643 3119 3763 3175 istic
3780 3118 3952 3172 mira-

2340 3225 2534 3278 bantur
2563 3238 2717 3282 eum,
2761 3219 2854 3274 sed
2884 3218 3046 3273 etiam
3077 3217 3143 3272 ab
3173 3216 3260 3281 iis,
3291 3230 3411 3286 qua:
3440 3211 3794 3284 Jerosolymis
3824 3222 3950 3265 acta

2338 3327 2481 3371 sunt.
2516 3316 2698 3385 Neque
2739 3314 2881 3369 enim
2913 3311 3016 3366 hoc
3058 3312 3303 3364 humana:
3347 3319 3464 3365 erat
3490 3307 3936 3378 exspectationis.

2335 3411 2400 3462 Et
2427 3407 2547 3464 vide
2577 3408 2724 3462 illum
2759 3421 2863 3460 non
2895 3405 3168 3475 apostolos
3193 3403 3341 3457 adire
3371 3417 3478 3471 prre
3507 3401 3790 3462 modestia,
3843 3401 3945 3453 sed

2338 3499 2652 3571 discipulos,
2677 3507 2861 3567 utpote
2883 3498 2970 3567 qui
2993 3496 3288 3565 discipulus
3314 3501 3494 3549 esset:
3525 3491 3763 3546 nondum
3793 3489 3948 3545 enim

2338 3595 2475 3648 fidus
2526 3607 2646 3647 esse
2694 3591 2998 3661 putabatur.
3051 3588 3316 3642 Barnabas
3355 3597 3522 3641 autem
3565 3584 3949 3657 apprehensum

2335 3687 2480 3740 illuni
2506 3686 2651 3738 duxit
2671 3685 2741 3739 ad
2771 3685 3029 3753 apostolos
3049 3726 3063 3749 ,
3091 3692 3138 3736 et
3177 3682 3400 3735 narravit
3426 3681 3530 3734 illis
3553 3721 3569 3746 ,
3609 3680 3868 3749 quomodo
3890 3681 3946 3732 in

2325 3782 2416 3834 tria
2448 3781 2648 3834 vidisset
2683 3777 2975 3834 Dominum.
3010 3777 3282 3830 Barnabas
3314 3775 3402 3829 hic
3430 3774 3573 3828 mitis
3599 3782 3653 3828 et
3680 3788 3944 3828 mansue—

2337 3880 2422 3925 tus
2451 3871 2612 3924 homo
2640 3878 2779 3924 erat.
2811 3868 3016 3923 Nomen
3046 3876 3224 3921 autem
3255 3866 3372 3936 ejus
3401 3865 3571 3920 lilium
3607 3864 3947 3919 consolatio-

2336 3965 2417 4016 nis
2445 3962 2708 4032 significat
2738 3960 2915 4015 :unde
2939 3969 2993 4014 et
3012 3959 3216 4012 amicus
3239 3957 3402 4012 Paulo
3424 3957 3540 4013 fuit.
3568 3957 3718 4024 Quod
3751 3965 3940 4012 autem

2335 4055 2488 4109 valde
2517 4053 2660 4108 mitis
2689 4048 2831 4107 esset
2861 4060 2916 4106 et
2949 4065 3168 4106 accessu
3200 4049 3394 4116 facilis,
3441 4059 3497 4104 et
3525 4064 3590 4104 ex
3619 4049 3742 4116 hoc,
3781 4058 3838 4104 et
3869 4066 3941 4104 ex

2334 4149 2399 4202 iis
2423 4163 2542 4218 qua:
2563 4147 2702 4201 circa
2725 4145 2984 4200 Joannem
3011 4151 3127 4198 acta
3155 4151 3299 4208 sunt,
3325 4143 3510 4213 liquet.
3544 4140 3697 4196 Unde
3719 4142 3802 4194 hic
3826 4156 3940 4195 non

2336 4241 2548 4306 metuit,
2579 4237 2674 4292 sed
2700 4246 2904 4299 narrat,
2928 4233 3197 4306 quomodo
3222 4235 3276 4288 in
3303 4235 3385 4287 via
3408 4232 3601 4287 viderit
3623 4231 3940 4299 Dominum,

2334 4343 2388 4388 et
2416 4332 2558 4400 quod
2587 4332 2837 4401 loquutus
2866 4329 2933 4384 sit
2967 4329 3061 4392 illi,
3106 4342 3170 4382 ac
3196 4326 3464 4397 quomodo
3493 4325 3735 4381 Damasci
3767 4325 3942 4381 libere

2333 4425 2505 4494 egerit
2529 4423 2581 4477 in
2614 4421 2831 4477 nomine
2862 4419 3072 4475 Domini
3103 4418 3254 4474 Jesu.
3314 4417 3619 4473 Verisimile
3662 4417 3805 4472 enim
3853 4426 3940 4472 est

2332 4515 2484 4571 illum
2511 4514 2755 4568 Damasci
2777 4512 3045 4567 audivisse
3065 4510 3132 4566 de
3160 4509 3271 4564 illo.
3299 4508 3423 4564 Ideo
3450 4509 3566 4564 hzrc
3591 4509 3656 4563 ad
3680 4509 3766 4564 illa
3796 4524 3939 4580 prte-

2332 4616 2562 4680 parant,
2616 4606 2742 4660 dmn
2774 4605 2864 4659 ille
2892 4603 3144 4673 Operibus
3190 4601 3328 4655 dicta
3379 4601 3684 4656 confirmat.
3715 4599 3806 4655 28.
3870 4601 3936 4653 Et

2331 4717 2438 4760 erat
2461 4721 2574 4758 cum
2601 4703 2705 4755 illis
2734 4703 2929 4754 intrans
2958 4709 3002 4751 et
3025 4698 3196 4750 exiens
3226 4699 3276 4748 in
3297 4695 3607 4760 Jerusalem,
3640 4704 3686 4748 et
3713 4695 3937 4762 ﬁducia-

2332 4801 2450 4853 liter
2492 4813 2646 4867 agens
2686 4797 2736 4847 in
2773 4792 2973 4847 nomine
2997 4791 3142 4845 Jcsu.
3172 4789 3264 4844 9.9.
3298 4789 3617 4854 Loquebatur
3655 4804 3857 4858 quoque
3889 4800 3936 4843 et

2331 4892 2620 4962 disputabat
2676 4908 2788 4944 cum
2848 4888 3060 4944 Gra'cis.
3123 4886 3255 4954 Quia
3319 4885 3564 4954 discipuli
3617 4884 3937 4938 metuebant

2331 4986 2513 5048 illum,
2559 4983 2790 5054 apostoli
2821 4997 2949 5037 vero
2979 4965 3083 5034 non
3114 4981 3184 5033 illi
3229 4978 3572 5034 confidebant
3603 4994 3617 5030 :
3655 4973 3774 5030 ideo
3806 4975 3935 5029 hinc

2329 5080 2542 5135 illorum
2567 5088 2766 5133 metum
2785 5076 2964 5131 solvit.
2988 5073 3326 5145 Loquebatur,
3354 5072 3543 5140 inquit,
3567 5079 3614 5124 et
3635 5070 3933 5138 disputabat

2329 5190 2440 5226 cum
2464 5171 2679 5226 Grecis.
2712 5171 2807 5224 llic
2831 5169 3049 5224 Graecos
3076 5175 3233 5222 vocat
3261 5179 3375 5230 eos,
3410 5165 3497 5234 qui
3525 5163 3711 5218 Graece
3741 5162 3929 5231 loque-

2328 5264 2522 5318 bantur
2547 5281 2560 5316 ε
2589 5272 2643 5317 et
2662 5261 2762 5316 hoc
2782 5260 3068 5315 admodum
3098 5259 3388 5329 sapienter.
3415 5256 3491 5310 llli
3521 5255 3661 5310 enim
3688 5254 3776 5309 alii
3820 5253 3918 5308 Ife-

2329 5357 2455 5411 brtei
2481 5371 2547 5412 ne
2577 5355 2758 5410 videre
2785 5354 2998 5425 quidem
3025 5354 3172 5407 illum
3200 5352 3468 5406 volebant.
3495 5349 3582 5403 Illi
3606 5360 3773 5402 autem
3795 5365 3938 5416 quas-

2327 5449 2500 5502 rebant
2527 5448 2753 5502 occidere
2797 5462 2929 5500 eum.
2962 5443 3328 5502 Vehementia:
3359 5457 3421 5497 ac
3472 5440 3722 5511 perfectae
3751 5441 3918 5494 victo~

2328 5541 2420 5596 rize
2453 5541 2553 5594 hoc
2582 5524 2792 5609 signum
2838 5547 2973 5605 erat,
3024 5547 3079 5594 et
3106 5535 3248 5608 quod
3281 5535 3353 5589 illi
3385 5535 3483 5590 hac
3513 5534 3579 5588 de
3608 5549 3666 5587 re
3695 5533 3925 5586 multum

2328 5635 2592 5689 dolerent.
2626 5633 2712 5687 '50.
2752 5632 2900 5699 Quod
2931 5649 3044 5685 cum
3074 5630 3422 5700 cognovissent
3454 5630 3658 5699 lfratres,
3693 5627 3928 5678 dedita-«-

2328 5739 2442 5781 runt
2460 5745 2570 5782 eum
2592 5725 2892 5781 Cwsaream.
2925 5727 3042 5781 Pne
3071 5726 3262 5780 timore
3289 5725 3388 5777 hoc
3411 5723 3608 5776 fat-runt
3635 5740 3646 5774 :
3672 5721 3924 5773 timentes

2330 5820 2470 5875 enim
2497 5836 2562 5876 uc
2585 5818 2814 5890 idipsum
2836 5816 3126 5885 accideret,
3154 5816 3294 5887 quod
3326 5814 3622 5885 Stephano,
3651 5812 3922 5867 deducunt
