4068 6422
212 464 319 522 tos
1181 457 1247 516 IN

206 581 534 635 CJ'Sﬂl'eilm.
560 576 629 633 Et
652 576 896 632 miserunt
917 573 1154 631 Tarsum.
1177 574 1287 630 Etsi
1305 584 1524 644 propter
1540 572 1812 640 timorem,

204 676 432 729 mittunt
465 685 666 736 tamen,
707 680 764 725 ut
803 669 1079 740 praedicet,
1110 677 1165 723 et
1192 668 1243 722 in
1270 676 1385 723 tuto
1409 665 1500 733 sit,
1542 673 1732 736 utpote
1757 664 1812 720 itt

206 767 382 837 patria
405 782 524 820 sua.
561 763 693 821 Vide
710 773 913 830 autem,
941 759 1211 833 quomodo
1233 776 1341 816 non
1362 760 1543 816 omnia
1572 775 1669 830 per
1691 774 1816 830 gra-

206 860 337 912 tiam
370 857 520 924 fiant,
549 856 644 912 sed
676 857 948 928 permittat
983 855 1144 918 Dens,
1175 863 1234 909 ut
1263 853 1430 909 multa
1454 869 1523 910 ex
1551 852 1813 924 sapientia

203 967 304 1005 sua
333 963 388 1006 et
416 954 650 1006 humano
690 965 841 1005 more
867 951 1199 1019 dispensent.
1230 947 1287 1005 Si
1309 957 1487 1004 autem
1513 947 1565 1001 in
1596 948 1714 1018 ipso
1737 947 1814 1002 fa-

201 1057 352 1099 ctum
380 1056 462 1099 est
489 1045 611 1111 huc,
645 1044 812 1099 multo
840 1045 1010 1115 magis
1037 1044 1090 1099 in
1120 1044 1246 1099 illis.
1279 1043 1547 1099 Permittit
1573 1057 1726 1112 ergo,
1757 1051 1815 1098 ut

202 1139 524 1205 ignavorum
554 1140 836 1193 obtentum
851 1141 1078 1194 auferat.
1101 1138 1190 1193 3i.
1228 1136 1474 1193 Ecclesia!
1497 1137 1702 1210 quidem
1722 1133 1812 1207 per

201 1240 367 1284 totam
391 1228 631 1283 Judteam
659 1241 707 1283 et
736 1228 1031 1286 Samariam
1054 1246 1232 1301 pacem
1263 1229 1534 1294 habebant,
1563 1241 1609 1285 et
1637 1231 1808 1298 aedi/i-

200 1325 475 1386 cabantur,
517 1321 756 1387 ibantque
781 1324 836 1376 in
864 1324 1045 1377 timore
1077 1321 1321 1387 Domini,
1371 1334 1420 1378 et
1465 1324 1812 1378 consolatione

201 1415 435 1486 Spiritus
463 1415 629 1468 sancti
656 1415 1002 1484 rapiebantur.
1035 1413 1287 1472 Dicturus
1317 1424 1400 1473 est
1427 1416 1499 1473 de
1528 1417 1671 1473 Petri
1698 1418 1809 1472 dis-

198 1525 360 1564 cessu
390 1509 456 1563 ad
484 1517 721 1565 sanctos.
753 1509 834 1565 Ne
870 1511 991 1581 quis
1035 1526 1165 1582 ergo
1205 1520 1416 1583 putaret
1458 1511 1512 1568 id
1550 1528 1615 1569 ex
1660 1523 1807 1570 metu

199 1603 553 1672 provenisse,
605 1603 777 1673 primo
823 1613 1006 1659 narrat
1043 1614 1103 1659 ut
1144 1619 1204 1660 se
1234 1604 1496 1661 haberent
1528 1606 1804 1675 Ecclesire;

197 1695 494 1751 ostendens
520 1696 696 1766 ipsum
726 1696 1156 1767 persequutionis
1183 1706 1426 1770 tempore
1452 1698 1808 1772 Jerosolyma:

196 1790 467 1844 mansisse
492 1807 504 1842 :
529 1803 652 1844 cum
683 1799 862 1845 autem
891 1791 944 1844 in
978 1798 1094 1846 tuto
1117 1800 1276 1846 erant
1297 1791 1495 1863 ubique
1523 1792 1802 1860 Ecclesiae,

198 1893 334 1937 tunc
357 1881 752 1955 Jernsolymam
782 1883 1100 1955 reliquisse;
1133 1885 1270 1942 adeo
1299 1885 1520 1944 fervens
1546 1900 1602 1945 et
1626 1889 1808 1946 alacer

196 1985 336 2029 erat.
365 1973 482 2029 Non
511 1975 654 2030 enim
683 1975 806 2046 quia
838 1991 939 2046 pax
966 1985 1104 2044 erat,
1139 1978 1358 2049 putabat
1387 1997 1494 2035 non
1521 1997 1660 2052 opus
1681 1997 1806 2039 esse

195 2081 300 2120 suo
326 2066 582 2122 adventu.
611 2067 679 2122 Et
711 2082 830 2135 cur,
859 2067 1091 2139 inquies,
1124 2070 1175 2125 id
1202 2069 1348 2136 facit,
1372 2073 1627 2146 venitque
1659 2077 1805 2144 pacis

195 2166 466 2228 tempore,
493 2170 548 2215 et
574 2168 856 2230 postquam
884 2160 1082 2217 Paulus
1104 2161 1347 2219 abierat?
1375 2165 1510 2232 Quia
1539 2167 1661 2221 illos
1684 2184 1802 2224 ma-

193 2249 345 2305 xime
381 2250 779 2306 venerabantur
807 2251 848 2320 ί,
891 2261 1079 2323 utpote
1117 2255 1207 2325 qui
1247 2271 1392 2326 saape
1421 2257 1706 2329 adessent,
1749 2271 1806 2317 et

193 2342 528 2398 multitudini
558 2343 868 2413 mirabiles;
903 2347 1050 2402 illum
1082 2363 1211 2404 vero
1237 2353 1658 2410 contemnebant
1684 2396 1700 2421 ,
1749 2365 1805 2412 et

192 2435 250 2492 in
282 2451 405 2494 eum
436 2438 610 2510 magis
639 2441 1126 2512 exasperabantur.

267 2529 324 2585 2.
356 2528 543 2586 Petrus
584 2534 731 2604 quasi
774 2539 883 2590 dua:
917 2537 1166 2592 circuibat
1205 2539 1430 2596 ordines.
1458 2571 1530 2583 —
1558 2540 1802 2599 Vidistin‘

189 2622 467 2690 quomodo
497 2639 600 2694 pax
631 2624 830 2682 bellum
859 2639 1082 2698 sequuta
1113 2631 1229 2685 sit?
1270 2631 1379 2687 imo
1408 2633 1643 2692 vidistin‘
1673 2636 1803 2707 quid

191 2714 384 2770 fecerit
414 2717 617 2772 bellum
647 2718 812 2774 illud?
855 2720 1117 2789 Dispersit
1153 2724 1403 2793 pacillcos
1440 2727 1580 2784 illos.
1615 2728 1671 2785 In
1703 2729 1802 2786 Sa-

192 2809 362 2863 maria
395 2809 603 2879 pudore
618 2810 854 2868 suﬂusus
874 2823 958 2868 est
979 2813 1203 2870 Simon:
1234 2817 1286 2871 in
1312 2817 1498 2875 Judtea
1519 2819 1802 2892 Sapphira:

187 2915 350 2956 casus
379 2901 599 2958 accidit.
628 2902 744 2959 Non
780 2921 909 2978 ergo
950 2906 1074 2977 quia
1116 2923 1216 2978 pax
1259 2920 1410 2978 erat,
1439 2913 1681 2970 remissa:
1711 2929 1800 2973 res

186 3003 383 3058 erant;
410 2994 508 3049 sed
541 2995 664 3051 talis
693 3008 810 3052 erat
841 3013 972 3069 pax,
1005 3014 1126 3070 quae
1167 3002 1537 3059 consolatione
1573 3005 1801 3064 haberet

186 3099 353 3154 opus.
381 3084 474 3141 32.
503 3084 718 3141 Factum
742 3099 815 3142 est
838 3100 1028 3154 autem,
1057 3101 1112 3144 ut
1150 3089 1356 3157 Petrus,
1385 3093 1508 3150 dum
1533 3107 1797 3166 pertrem-

185 3175 289 3230 iret
343 3176 606 3232 universos
628 3217 646 3244 ,
690 3177 944 3234 deveniret
982 3181 1051 3235 ad
1091 3192 1293 3239 sanctos
1313 3223 1328 3248 ,
1371 3187 1461 3255 qui
1503 3186 1798 3245 habitabant

185 3266 416 3339 Lgddw.
450 3269 612 3339 Quasi
658 3271 765 3327 dux
814 3274 1115 3342 circuibat,
1149 3278 1369 3334 ordines
1407 3282 1793 3353 considerans,

183 3377 315 3432 quae
369 3377 496 3434 pars
535 3375 683 3422 esset
716 3366 1050 3433 coadunata,
1091 3385 1212 3440 qute
1250 3383 1476 3442 ornata,
1525 3389 1649 3445 quae
1697 3392 1797 3434 sua

183 3457 479 3526 praesentia
509 3468 714 3530 egeret.
746 3459 884 3517 Vide
922 3462 1072 3517 illum
1119 3464 1320 3536 ubique
1354 3467 1796 3538 circumcursan-

183 3559 298 3606 tem
321 3590 340 3616 ,
372 3559 430 3606 et
461 3553 692 3622 primum
725 3555 1024 3611 inventum.
1062 3556 1159 3613 Ubi
1197 3559 1476 3630 eligendus
1518 3571 1636 3620 erat
1673 3579 1799 3635 apo.

181 3643 402 3712 stolus,
434 3644 520 3701 hic
547 3647 755 3717 primus
781 3647 915 3714 fuit;
942 3664 1064 3706 cum
1105 3649 1392 3708 dicendum
1437 3665 1554 3710 erat
1592 3655 1797 3714 Judteis

181 3753 300 3793 non
347 3754 470 3796 esse
511 3741 693 3798 ebrios
733 3744 1046 3811 apostolos,
1097 3759 1219 3799 cum
1262 3745 1484 3803 claudus
1523 3750 1796 3806 sanandus

181 3829 290 3886 fuit
308 3874 323 3894 .
346 3833 561 3904 quando
581 3835 1016 3891 concionandum
1035 3845 1153 3893 erat
1171 3880 1186 3904 ,
1209 3837 1298 3894 hic
1323 3849 1452 3897 ante
1479 3843 1614 3898 alios
1640 3852 1791 3912 erat;

178 3926 404 3996 quando
429 3926 696 3998 agendum
728 3942 851 3984 cum
883 3928 1153 3999 praefectis
1175 3972 1191 3997 ,
1230 3932 1447 4002 quando
1484 3950 1606 3990 cum
1645 3936 1790 3992 Ana-

181 4019 312 4085 nia,
339 4034 462 4074 cum
491 4034 558 4075 ex
591 4019 779 4076 umbra
822 4021 1134 4078 sanationes
1178 4022 1387 4079 ﬁerent.
1432 4025 1535 4082 Ubi
1577 4030 1793 4098 perieu-

182 4108 299 4164 lum
343 4119 465 4176 est,
517 4111 607 4167 hic
647 4112 838 4177 adest,
887 4121 943 4168 et
998 4114 1085 4169 ubi
1131 4115 1378 4185 qumdam
1427 4118 1793 4188 dispensanda

181 4212 351 4258 sunt:
385 4204 473 4260 ubi
502 4219 633 4261 vero
660 4206 967 4276 tranquilla;
994 4221 1084 4262 res
1109 4214 1269 4271 sunt,
1301 4210 1353 4263 in
1383 4214 1655 4268 centumui
1677 4229 1796 4267 om-

181 4310 324 4362 nes;
357 4295 492 4352 adeo
520 4311 631 4353 non
672 4299 879 4368 appetit
919 4300 1178 4371 majorem
1229 4298 1511 4356 honorem.
1556 4302 1790 4358 Rursum

174 4405 310 4446 cum
359 4390 617 4447 miracula
671 4391 834 4449 edere
867 4394 1175 4463 oportebat.
1223 4393 1313 4450 ille
1352 4396 1666 4466 prosiliebat
1694 4413 1708 4450 :
1739 4408 1794 4452 et

177 4483 274 4538 hic
301 4484 494 4538 iterum
527 4484 641 4553 ipse
670 4498 768 4555 per
793 4499 853 4540 se
881 4485 1092 4541 laborat
1111 4527 1126 4550 ,
1156 4495 1212 4541 et
1241 4486 1343 4542 iter
1365 4487 1493 4558 agit.
1523 4489 1614 4544 55.
1638 4489 1795 4543 Inve-

181 4575 259 4627 nit
288 4585 458 4628 autem
481 4573 551 4628 ibi
579 4576 835 4630 hominem
876 4578 1149 4648 quandam
1183 4581 1388 4634 nomine
1421 4578 1681 4648 AEneam,
1730 4583 1794 4636 ab

174 4666 335 4722 annis
360 4677 475 4722 octo
490 4669 749 4739 juventam
772 4670 826 4724 in
853 4672 1068 4742 grabato
1090 4713 1106 4739 ,
1127 4675 1235 4744 qui
1276 4683 1384 4729 erat
1426 4677 1744 4748 paralyticus
1773 4692 1793 4731 :

182 4759 275 4815 54.
303 4769 351 4813 et
378 4761 449 4814 ait
472 4760 552 4815 illi
583 4760 771 4816 Petrus
798 4777 819 4817 :
850 4762 1046 4831 .Enea,
1080 4772 1230 4819 sanat
1260 4775 1308 4820 te
1329 4764 1489 4822 Iesus
1515 4765 1747 4824 Christus
1774 4786 1792 4823 :

177 4866 371 4921 surge,
407 4861 457 4904 et
493 4862 662 4907 sta-ne
705 4853 813 4908 tibi.
858 4852 928 4908 Et
966 4857 1140 4911 statim
1183 4860 1428 4914 surrexit.
1458 4859 1527 4915 Et
1555 4876 1654 4916 cur
1685 4877 1790 4917 non

179 4942 524 5012 exspectavit
565 4945 663 5000 viri
703 4944 862 5002 ﬁdem
888 4989 904 5013 ,
952 4964 1054 5004 nec
1099 4950 1451 5021 interrogavit
1493 4967 1563 5008 an
1613 4956 1795 5009 curari

182 5035 393 5090 vellet?
418 5036 560 5092 Sane
588 5039 710 5109 quia
733 5040 801 5096 ad
825 5042 1113 5098 multorum
1137 5047 1565 5102 consolationem
1592 5047 1793 5105 factum

180 5135 272 5182 est
302 5128 641 5186 miraculum.
682 5129 868 5203 Itaque
910 5134 1037 5190 audi
1081 5146 1340 5206 quantum
1380 5139 1590 5195 lucrum
1623 5159 1638 5195 :
1666 5143 1798 5196 sub-

175 5217 362 5290 jttngit
390 5222 534 5276 enim
564 5223 754 5280 dicens
778 5244 791 5280 :
818 5226 911 5281 35.
942 5226 1008 5282 Et
1034 5228 1266 5283 viderunt
1294 5247 1469 5292 omnes
1487 5272 1502 5296 ,
1531 5235 1618 5304 qui
1645 5233 1795 5289 habi-

180 5314 362 5369 tabant
390 5314 589 5388 Lgddte
606 5328 654 5372 et
681 5319 928 5376 Λεωνοηί
952 5363 968 5388 ,
999 5323 1084 5394 qui
1106 5324 1336 5382 conversi
1356 5335 1474 5380 sunt
1505 5328 1574 5381 ad
1613 5326 1796 5382 Domi-

181 5425 328 5464 num.
348 5408 498 5466 Bene
517 5413 599 5467 sic
617 5412 752 5469 dixit
780 5433 792 5469 :
819 5414 1043 5486 insignis
1062 5416 1206 5471 enim
1228 5426 1345 5473 erat
1362 5417 1478 5484 vir;
1503 5432 1796 5489 argumen-

181 5510 417 5573 tumque
445 5501 538 5559 dat
566 5505 704 5574 signi
730 5546 744 5570 ,
777 5507 921 5576 quod
950 5507 1102 5562 tollat
1128 5509 1432 5579 grabatum.
1467 5508 1586 5566 Non
1617 5513 1792 5568 solum

179 5594 328 5648 enim
357 5609 388 5648 a
414 5597 620 5652 morbis
650 5597 1058 5668 liberaverunt,
1089 5599 1186 5656 sed
1215 5602 1379 5656 etiam
1411 5616 1534 5658 cum
1566 5605 1798 5662 sanitate

179 5685 330 5742 vires
358 5686 754 5756 prmstiterunt.
799 5690 1050 5762 Alioquin
1087 5702 1267 5748 autem
1309 5693 1550 5749 nondum
1586 5695 1800 5752 virtutis

180 5792 299 5833 sum
325 5779 480 5848 signa
506 5778 806 5849 dederant;
842 5783 914 5839 ita
957 5792 1014 5838 ut
1051 5785 1246 5840 merito
1283 5799 1391 5841 non
1431 5786 1743 5858 exigeretur
1769 5803 1800 5842 a

252 5872 265 5901 '
305 5876 440 5920 Unus
456 5868 576 5923 God.
616 5873 831 5924 habet...
876 5887 966 5925 suo
987 5875 1221 5926 adventu.
1245 5874 1438 5929 Abierat
1464 5873 1645 5930 Paulus
1666 5883 1802 5931 oral-

183 5941 442 6045 (13$.
459 5935 680 6047 ggjam
700 5935 878 5990 bellum
902 5943 987 5989 aut
1009 5937 1237 5992 turbatio.
1261 5940 1375 5993 Illos
1397 5939 1615 5994 transitae
1647 5952 1797 5995 vene-

183 6010 200 6046 1
422 6029 439 6047 ι

1323 453 1506 513 ACTA
1547 448 2086 509 APOSTOLORUM.
2129 446 2554 510 HOHILUXM.

1922 566 2042 621 viro
2071 564 2244 633 ﬁdes,
2275 569 2714 643 quandoquidem
2753 589 2859 631 non
2901 587 3198 649 exegerunt
3244 593 3274 636 a
3315 579 3536 641 claudo.

1921 656 2392 727 Quemadmodum
2442 664 2607 737 igitur
2645 675 2701 723 et
2745 666 2995 726 Christus
3050 672 3209 730 initio
3255 677 3534 748 signorum

1923 751 2085 809 ﬁdem
2112 769 2222 812 non
2249 759 2500 831 exigebat
2526 777 2542 817 :
2571 761 2652 818 sic
2674 779 2849 836 neque
2872 766 2980 824 isti.
3005 767 3364 843 Jerosolymis
3387 776 3534 832 enim

1924 845 2058 904 ﬁdes
2076 853 2273 907 merito
2293 854 2444 933 prius
2465 857 2783 929 exigebatur
2805 879 2818 915 :
2848 863 2990 918 unde
3012 873 3066 919 et
3089 876 3314 936 propter
3337 869 3494 926 fidem
3509 902 3528 931 ο

1923 950 2188 1014 quotquot
2212 948 2418 1003 morbis
2441 950 2822 1011 detinebantur
2843 999 2859 1024 ,
2885 958 2938 1012 in
2968 960 3072 1014 viis
3097 965 3530 1035 exponebantnr,

1922 1046 1974 1090 ut
2008 1039 2272 1098 venientis
2311 1043 2455 1100 Petri
2495 1047 2689 1103 saltem
2728 1052 2916 1108 umbra
2958 1059 3267 1127 quempiam
3315 1062 3530 1120 illorum

1919 1129 2290 1190 obumbraret.
2335 1135 2494 1192 Multa
2529 1142 2671 1196 enim
2716 1144 2826 1201 illic
2864 1150 3014 1220 signa
3054 1151 3396 1224 edebantur;
3447 1161 3533 1218 hic

1917 1232 2100 1276 autem
2132 1222 2237 1280 hoc
2267 1228 2494 1296 primum
2522 1237 2771 1305 Contigit.
2801 1239 2933 1295 Nam
2962 1244 3111 1314 signa
3153 1248 3258 1302 alia
3296 1252 3362 1305 ad
3384 1222 3529 1310 alios

1917 1311 2233 1371 alliciendos
2259 1319 2600 1388 edebantur,
2635 1329 2738 1382 alia
2784 1331 2850 1384 ad
2895 1311 3234 1393 credentium
3276 1349 3530 1403 cun~ola-

1919 1406 2142 1462 tionem.
2171 1410 2261 1465 56.
2305 1411 2376 1468 In
2420 1413 2594 1488 lappe
2646 1432 2814 1476 autem
2855 1427 2952 1495 fuit
2994 1433 3232 1499 quaedam
3276 1436 3531 1508 discipula

1916 1499 2124 1556 nomine
2151 1502 2372 1561 Tabitha
2394 1550 2408 1572 ,
2437 1527 2552 1581 qua:
2577 1513 2621 1566 si
2651 1514 3007 1586 interpretetur
3025 1564 3038 1582 .
3089 1527 3280 1582 dicitur
3307 1499 3526 1591 Dorcas.

1919 1589 2182 1696 Haec‘erat
2209 1598 2362 1668 plena
2389 1603 2626 1672 aperibus
2655 1609 2798 1664 bonis
2823 1653 2838 1678 ,
2885 1624 2932 1666 et
2979 1616 3312 1692 eleemosynis
3337 1666 3353 1690 ,
3403 1589 3532 1696 quas

1917 1685 2153 1755 faciebat.
2187 1691 2277 1746 37.
2316 1691 2533 1750 Factum
2561 1710 2633 1752 est
2658 1711 2829 1756 autem
2869 1707 2923 1759 in
2950 1707 3127 1765 diebus
3161 1685 3267 1768 illis
3296 1685 3351 1770 ut
3376 1685 3528 1788 inﬁr-

1914 1791 2056 1836 mata
2095 1797 2394 1842 moreretur.
2435 1789 2607 1856 Quom
2634 1811 2748 1849 cum
2786 1800 3058 1867 lavissent,
3098 1823 3378 1875 posuerunt
3416 1829 3544 1870 eam.

1913 1871 1969 1972 in
2007 1877 2292 1931 caenaculo.
2339 1879 2432 1936 38.
2472 1881 2600 1938 Cum
2643 1896 2814 1943 autem
2846 1908 3006 1964 prope
3049 1871 3178 1953 esset
3221 1899 3410 1972 Lydda
3460 1905 3549 1962 ad'

1912 1963 2120 2072 Joppen
2143 2008 2160 2038 ,
2207 1971 2453 2045 discipuli
2474 1979 2740 2036 audientes
2761 2025 2776 2049 ,
2817 1989 2954 2056 quod
2983 1986 3167 2047 Petrus
3191 1963 3320 2051 esset
3347 1999 3400 2054 in
3430 2017 3491 2057 ea
3510 2043 3529 2072 ,

1914 2059 2160 2117 miserunt
2189 2065 2319 2122 duos
2345 2069 2480 2125 viros
2499 2112 2515 2134 ,
2547 2086 2784 2145 rogantes
2808 2120 2822 2143 ,
2849 2097 2913 2134 ne
2928 2082 3160 2151 diﬂ‘erret
3179 2091 3348 2148 venire
3372 2093 3532 2167 usque

1913 2151 1984 2205 ad
2005 2152 2164 2222 ipsos.
2190 2155 2301 2212 Cur
2321 2173 2704 2231 exspectarnnt
2724 2169 2900 2228 donec
2925 2183 3274 2236 moreretur?
3297 2199 3396 2242 cur
3417 2151 3529 2246 non

1913 2252 2040 2300 ante
2069 2259 2288 2317 rogatus
2319 2251 2422 2348 fuit
2462 2254 2700 2314 Petrus?
2737 2262 3019 2338 Indignum
3071 2282 3325 2341 putantes
3363 2289 3527 2348 tunc,

1912 2351 2036 2392 cum
2069 2339 2615 2416 philosopharentur,
2648 2352 2944 2426 discipulos
2978 2361 3047 2419 ad
3072 2339 3176 2422 res
3216 2339 3530 2441 hujusmodi

1910 2443 2170 2527 gravare,
2225 2444 2280 2492 et
2325 2451 2357 2492 a
2405 2441 2792 2509 praedicatione
2838 2451 3177 2514 abstrahere.
3219 2461 3356 2522 Nam
3404 2467 3531 2527 ideo

1911 2519 2044 2621 dicit
2069 2537 2238 2621 prope
2265 2527 2434 2587 fuisse
2458 2573 2476 2599 ,
2513 2541 2570 2589 ut
2604 2538 2856 2601 ostendat
2884 2543 3006 2603 illos
3036 2552 3190 2621 quasi

1911 2613 2065 2718 sione
2091 2613 2274 2718 oblata
2302 2621 2525 2718 petiisse
2555 2626 2862 2718 (discipula
2891 2637 3035 2694 enim
3051 2613 3182 2699 'erat
3204 2645 3247 2718 ),
3291 2613 3528 2712 nonat—to

1912 2709 2020 2758 tem
2053 2709 2325 2803 pracipuo
2355 2712 2496 2770 loco.
2527 2717 2621 2774 39.
2653 2720 2951 2795 Exsurgens
2977 2743 3149 2789 autem
3179 2709 3370 2798 Petrus
3393 2709 3529 2803 venit

1910 2809 2028 2894 cum
2053 2798 2177 2894 illis.
2213 2800 2279 2856 Et
2312 2820 2427 2859 cum
2457 2809 2739 2867 advenisset
2772 2817 3032 2878 duxerunt
3072 2825 3224 2882 illum
3261 2832 3315 2887 in

1909 2888 2109 2994 culum.
2141 2892 2259 2950 Non
2285 2910 2518 2969 rogant,
2547 2904 2643 2959 sed
2689 2923 2804 2964 rem
2853 2913 2929 2967 illi
2977 2888 3527 2994 permittunt,

1910 2980 2094 3095 sme’ipso
2136 2987 2426 3095 vitammilli
2470 2992 2750 3065 largiatur.
2787 3002 2871 3095 lla
2914 2980 3001 3064 hic
3043 2980 3525 3095 impletttr’illud:

1909 3067 2256 3149 Eleemosyna
2287 3079 2463 3138 liberat
2491 3102 2525 3140 a
2551 3099 2714 3146 morte
2737 3094 2755 3160 (
2783 3094 2907 3152 Tob.
2941 3101 3029 3159 12.
3058 3103 3094 3158 9

1907 3175 2154 3224 steterunt
2193 3172 2341 3228 illum
2380 3193 2556 3237 omnes
2598 3183 2804 3254 vidule,
2843 3190 3023 3260 ﬂentes
3051 3207 3098 3251 et
3113 3172 3454 3264 ostendentes
3484 3213 3536 3267 ei

2136 3272 2183 3317 et
2206 3276 2366 3324 vestes
2387 3311 2403 3337 ,
2431 3289 2560 3343 quas
2587 3277 2809 3346 faciebat
2826 3259 3036 3342 Dorcas
3059 3330 3076 3355 ,
3108 3305 3228 3356 cum
3252 3259 3527 3359 esset-

1907 3349 2034 3464 im"
2071 3353 2286 3418 Ducum
2313 3358 2530 3419 Petrum
2559 3381 2628 3424 eo
2651 3409 2667 3435 ,
2703 3373 2791 3426 ubi
2821 3387 2940 3431 erat
2983 3349 3193 3441 mortua

1907 3439 2051 3546 forte
2403 3455 2479 3510 illi
2505 3459 2784 3532 quidpiam
2832 3468 2899 3521 ad
2945 3439 3528 3546 pliilosophi'awnri'ex'lii:

1908 3538 2058 3597 bere.
2084 3541 2276 3600 Viden?
2296 3558 2497 3619 quanta
2523 3559 2767 3614 accessio
2791 3559 2926 3617 facta
2948 3538 3020 3621 sit
3040 3568 3064 3621 ἲ
3085 3538 3197 3627 Nec
3221 3575 3339 3632 sine

1907 3647 2106 3691 nomen
2138 3639 2381 3696 mulieris
2409 3645 2680 3712 profertur
2703 3691 2718 3715 ,
2766 3653 2864 3708 sed
2891 3665 2950 3709 ut
2978 3662 3301 3722 ostendatur
3341 3673 3522 3728 nomi-

1905 3725 1991 3834 nis
2017 3741 2141 3783 cum
2179 3731 2287 3786 vita
2314 3739 2705 3834 consonantia;
2737 3744 2806 3798 ita
2853 3763 3051 3820 nempe
3090 3755 3219 3825 vigil
3263 3769 3318 3815 et
3358 3725 3526 3834 expe-

1903 3817 2014 3874 dita
2031 3830 2152 3876 erat
2175 3865 2188 3886 ,
2215 3833 2274 3879 ut
2296 3824 2493 3883 dorcas
2513 3832 2628 3888 sive
2645 3849 2862 3905 caprea.
2894 3817 3056 3898 Multa
3078 3817 3280 3920 quippe
3301 3817 3520 3914 numina

1902 3927 2026 3966 cum
2058 3917 2270 3972 ratione
2295 3917 2497 3980 dantur
2518 3964 2534 3990 ,
2566 3935 2624 3979 ut
2654 3941 2799 3999 sarpe
2824 3932 2982 3988 Vobis
3011 3917 3269 3998 diximus.
3310 3943 3477 4002 Plena
3502 3991 3519 4019 ,

1903 4007 2089 4112 inquit
2100 4050 2114 4073 ,
2139 4021 2250 4064 erat
2273 4014 2420 4068 bonis
2440 4019 2678 4084 aperibus
2703 4062 2718 4086 ,
2743 4032 2790 4076 et
2811 4024 3145 4101 eleemosynis
3168 4075 3183 4099 ,
3207 4052 3335 4106 quas
3360 4007 3521 4112 facie:-

1901 4097 2007 4153 bat.
2042 4100 2294 4172 Magnum
2337 4106 2580 4162 mulieris
2610 4117 2920 4171 encomium
2943 4159 2958 4183 ,
2991 4097 3259 4193 siquidem
3292 4097 3522 4206 utraque

1902 4192 1982 4248 sic
2017 4191 2288 4264 faciebat,
2332 4206 2391 4253 ut
2427 4201 2673 4272 utrisque
2714 4206 2874 4274 plena
2920 4191 3087 4269 esset.
3122 4216 3306 4277 Palam
3335 4191 3518 4286 autem

1902 4297 1987 4344 est
2009 4332 2024 4354 ,
2061 4291 2205 4345 illam
2236 4293 2387 4362 prius
2416 4295 2682 4353 bonorum
2706 4316 2931 4370 operum
2959 4349 2974 4374 ,
2997 4308 3197 4370 deinde
3216 4315 3523 4394 elcetnosy-

1905 4395 2095 4440 narum
2125 4399 2312 4439 curam
2343 4385 2619 4444 habuisse.
2643 4391 2774 4460 Qua:
2795 4398 3011 4467 faciebat
3036 4445 3052 4469 ,
3084 4405 3290 4476 inquit,
3325 4385 3525 4473 Dorcas

1903 4488 2022 4526 cum
2063 4473 2168 4529 illis
2207 4491 2436 4534 versans.
2481 4481 2648 4538 Multa
2699 4485 2996 4546 humilitas.
3028 4473 3174 4552 Non
3198 4473 3342 4559 enim
3382 4507 3524 4565 sicut

1905 4581 2037 4631 nos;
2072 4569 2166 4624 sed
2195 4572 2358 4628 simul
2403 4588 2598 4631 omnes
2637 4592 2827 4647 erant,
2869 4599 3120 4658 magnam
3157 4592 3523 4669 eleemosynan

1903 4676 2088 4716 curam
2135 4663 2422 4723 habentes.
2474 4668 2567 4725 40.
2617 4669 2813 4742 Ejectis
2851 4689 3021 4734 autem
3061 4686 3296 4742 omnibus
3336 4663 3480 4762 foras
3506 4737 3522 4757 .

1908 4755 2095 4812 Petrus
2123 4775 2315 4828 ponens
2342 4778 2512 4834 genua
2538 4767 2704 4820 oravit
2734 4784 2752 4821 :
2782 4779 2829 4823 et
2873 4788 3146 4830 conversus
3180 4779 3250 4831 ad
3294 4755 3480 4853 corpus
3503 4829 3522 4854 ,

1901 4851 2034 4905 dixit
2061 4867 2080 4904 :
2113 4850 2332 4908 Tabitha
2356 4896 2372 4918 ,
2397 4871 2570 4927 surge.
2599 4857 2666 4913 At
2696 4859 2791 4914 illa
2831 4867 3032 4933 aperuit
3072 4869 3246 4924 oculos
3287 4850 3408 4930 suos
3433 4917 3447 4941 ,
3475 4850 3526 4934 et

1902 4948 2009 5000 viso
2030 4945 2189 5002 Petro
2209 4951 2417 5004 resedit.
2441 4951 2554 5006 Cur
2573 4967 2766 5010 omnes
2785 4956 2936 5026 ejicit
2954 4960 2976 5013 ?
2994 4960 3076 5017 Ne
3103 4963 3360 5036 lacrymis
3383 4987 3520 5025 con-

1906 5041 2153 5095 turbetur
2181 5053 2235 5097 et
2262 5054 2566 5099 moveatur.
2601 5045 2670 5101 Et
2715 5051 2894 5117 positis
2941 5055 3153 5123 genibus
3199 5063 3380 5115 oravit.
3411 5063 3522 5121 Hoc

1903 5142 2022 5187 erat
2051 5133 2280 5194 iutensac
2310 5137 2576 5192 orationis
2608 5139 2887 5195 indicium.
2940 5145 3030 5199 bl.
3079 5146 3223 5204 Dans
3266 5164 3438 5208 autem
3477 5158 3525 5212 ei

1902 5241 2114 5280 manum
2134 5267 2150 5292 ,
2183 5226 2374 5298 inquit.
2406 5227 2507 5284 Hic
2527 5231 2838 5302 singillatim
2865 5237 3107 5294 ostendit
3134 5241 3298 5298 vitam
3322 5287 3338 5312 ,
3365 5246 3528 5304 dein-

1904 5316 2083 5389 deque
2104 5319 2361 5376 virtutem
2387 5322 2661 5378 inductam
2690 5366 2705 5391 ,
2733 5327 2894 5383 aliam
2924 5332 3092 5388 verbo
3114 5375 3130 5401 ,
3151 5336 3311 5392 aliam
3338 5357 3519 5398 tnatnt.

1902 5407 2052 5467 Dens
2073 5424 2244 5468 autem
2274 5416 2320 5468 ei
2348 5432 2596 5484 manum,
2645 5422 2804 5475 erexit
2857 5441 2991 5481 eam.
3041 5426 3110 5482 Et
3145 5447 3261 5485 cum
3297 5447 3527 5492 vocasset

1903 5516 2106 5560 sanctos
2127 5516 2174 5560 et
2199 5507 2381 5563 viduas
2404 5550 2421 5573 ,
2454 5513 2734 5583 assignavit
2762 5531 2875 5581 eant
2905 5520 3071 5575 vivam
3095 5563 3109 5587 ,
3141 5525 3264 5580 aliis
3291 5529 3358 5583 ad
3393 5545 3524 5585 con-

1905 5601 2227 5656 solationem
2252 5643 2268 5666 ,
2314 5603 2458 5672 quod
2509 5621 2754 5663 sororem
2783 5615 3093 5683 acciperent
3119 5629 3174 5673 et
3206 5623 3522 5683 miraculum

1904 5692 2192 5761 viderent;
2224 5695 2399 5751 viduis
2420 5714 2548 5753 vero
2575 5700 2646 5755 ad
2671 5706 3057 5773 patrocinium.
3085 5713 3178 5767 42.
3210 5714 3406 5772 Notum
3431 5738 3528 5775 au-

1906 5793 2007 5838 tem
2036 5789 2230 5857 factum
2257 5796 2332 5844 est
2361 5805 2451 5860 per
2480 5793 2771 5850 universam
2813 5797 3021 5871 Joppen
3046 5844 3062 5870 ,
3107 5817 3155 5859 et
3197 5811 3527 5868 crediderunt

1904 5879 2053 5936 multi
2071 5882 2125 5936 in
2145 5880 2386 5941 Domino.
2401 5884 2549 5941 43.!”
2550 5897 2722 5942 actum
2733 5899 2806 5946 est
2824 5904 3016 5965 autem,
3040 5910 3097 5953 ut
3111 5919 3200 5971 per
3214 5905 3402 5958 multos
3420 5906 3530 5964 dies

1904 5986 2132 6032 maneret
2157 5976 2212 6032 in
2240 5975 2412 6050 Jo'ppe
2438 5980 2579 6053 apud
2616 5979 2884 6042 Simonem
2923 5994 3194 6060 quemdam
3224 6001 3522 6054 coruinum.
