4068 6422
610 408 711 461 Hi7

684 522 734 574 5.
778 515 922 572 Petri
944 516 1276 572 mansuetudo
1292 526 1338 571 et
1359 518 1621 571 modestia.
1640 549 1711 557 —
1731 517 1861 576 Vide
1880 518 2195 573 modestiam

609 623 661 664 et
694 611 1153 665 mansuetudinem
1189 610 1368 676 Petri,
1401 611 1671 679 quomodo
1700 626 1806 666 non
1837 612 1975 680 apud
2006 612 2154 665 illam
2177 654 2190 674 ,

609 720 783 773 neque
827 704 967 774 apud
998 705 1157 759 alium
1187 706 1489 775 quempiam
1523 704 1787 775 insignem
1819 718 2068 771 maneat,
2102 706 2196 761 sed

607 796 746 865 apud
776 797 1085 862 coriarium,
1117 813 1209 863 per
1237 796 1412 850 omnia
1438 796 1502 849 ad
1530 794 1884 851 humilitatem
1915 796 2194 861 inducens,

608 902 713 940 non
746 888 926 941 sinens
958 888 1173 941 viliores
1200 887 1557 953 erubescere,
1586 902 1685 942 nec
1714 887 1946 957 majores
1971 888 2152 942 extolli
2181 906 2194 941 :

606 980 693 1047 qui
717 980 875 1034 etiam
901 980 1019 1034 ideo
1043 977 1429 1032 transeundum
1453 992 1571 1033 esse
1590 978 1792 1047 putavit
1810 1019 1825 1041 ,
1843 978 1985 1048 quod
2011 979 2198 1034 ﬁdeles

602 1071 845 1126 doctrina
875 1085 967 1124 sua
1012 1077 1254 1139 egerent.
1308 1069 1472 1140 Igitur
1500 1069 1743 1139 superius
1786 1069 1927 1123 dicta
1976 1079 2191 1140 repeta-

602 1179 741 1219 mus.
774 1161 1054 1227 Tentabat,
1105 1163 1318 1233 inquit,
1374 1180 1428 1218 se
1470 1165 1687 1235 jungere
1736 1164 2023 1231 discipulis.
2078 1164 2191 1219 Non

603 1253 942 1324 impudenter
971 1254 1235 1319 accessit,
1264 1252 1360 1309 sed
1390 1254 1650 1310 modeste.
1686 1255 1984 1325 Discipulos
2013 1266 2192 1311 autent

600 1354 753 1398 Vocat
783 1344 945 1403 etiam
974 1360 1103 1411 eos,
1137 1345 1227 1416 qui
1273 1362 1381 1400 non
1411 1355 1566 1401 erant
1613 1346 1666 1400 in
1704 1345 1871 1401 choro
1908 1346 2190 1403 duodecim

598 1438 808 1494 illorum
853 1457 867 1493 :
902 1441 1024 1509 quia
1059 1450 1182 1495 tunc
1210 1454 1399 1495 omnes
1446 1440 1516 1495 ob
1561 1439 1774 1494 virtutis
1816 1440 2188 1496 excellentiam

594 1533 839 1601 discipuli
886 1533 1254 1588 vocabantur:
1301 1531 1581 1588 manifesta
1629 1533 1773 1588 enim
1816 1544 1931 1589 erat
1977 1536 2188 1591 illorum

594 1624 789 1693 imago.
825 1624 888 1678 Et
918 1642 1089 1678 omnes
1127 1624 1366 1678 timebant
1406 1642 1517 1679 eum
1539 1665 1554 1692 ,
1590 1625 1783 1696 inquit.
1832 1625 1968 1681 Vide
1994 1669 2009 1693 ,
2052 1642 2189 1697 quo-

599 1719 760 1772 ιιιυάο
787 1718 960 1774 adhuc
989 1718 1220 1787 pericula
1249 1728 1580 1786 metuerent,
1615 1718 1885 1788 quomodo
1913 1719 2089 1774 adhuc
2119 1720 2185 1773 tio

594 1825 712 1867 mor
739 1811 959 1879 vigeret.
984 1808 1250 1863 Barnabas
1276 1818 1444 1863 autem
1470 1810 1845 1878 apprehensum
1870 1810 2014 1864 illum
2041 1810 2186 1863 duxit

590 1901 661 1953 ad
687 1902 942 1969 apostolos
961 1942 975 1966 ,
1006 1911 1053 1953 et
1074 1901 1299 1954 narravit
1329 1900 1456 1955 illis.
1480 1900 1705 1956 Videtur
1731 1912 1909 1956 autem
1940 1902 2035 1973 ipsi
2059 1902 2187 1956 Bar-

593 1994 758 2048 nabas
794 2004 951 2049 antea
1010 1994 1171 2048 fuisse
1213 1994 1449 2060 amicus,
1482 1993 1711 2063 ideoque
1743 2003 1926 2049 narrat
1969 1995 2144 2049 omnia
2167 2036 2181 2059 ,

588 2101 711 2155 qua:
758 2084 824 2143 ad
872 2086 1045 2154 ipsum
1078 2086 1414 2153 Spectabant.
1460 2084 1604 2140 Nihil
1646 2094 1824 2140 autem
1872 2087 2060 2139 horum
2098 2085 2186 2140 ille

586 2180 759 2236 dicit:
809 2192 936 2251 puto
966 2196 1065 2236 nec
1096 2181 1163 2235 ad
1193 2182 1328 2237 alios
1357 2190 1541 2251 postea
1572 2181 1860 2243 extulisse,
1906 2182 2003 2235 nisi
2034 2198 2183 2251 qum-

584 2272 713 2326 datu
759 2273 916 2329 fuerit
956 2275 1268 2328 necessitas.
1329 2272 1396 2327 Et
1435 2282 1544 2326 erat
1588 2290 1702 2327 cum
1746 2274 1849 2326 illis
1892 2274 2087 2326 intrans
2132 2273 2184 2324 in

586 2364 894 2430 Jerusalem,
926 2375 973 2418 et
993 2366 1301 2433 ﬁducialiter
1319 2381 1474 2436 agens
1497 2366 1550 2418 in
1575 2366 1779 2419 nomine
1808 2364 2015 2419 Domini
2033 2364 2179 2418 Iesu.

589 2462 704 2515 lloc
725 2470 785 2515 et
808 2461 927 2515 aliis
947 2460 1115 2515 dabat
1142 2460 1414 2515 ﬁduciam.
1447 2460 1609 2515 Vides
1624 2459 1689 2514 ‘et
1717 2460 1803 2514 hic
1831 2469 1887 2515 et
1915 2460 2021 2514 illic
2047 2461 2181 2514 alios

590 2551 937 2621 providentes
965 2560 1019 2606 et
1060 2560 1313 2606 curantes
1342 2562 1403 2605 ut
1437 2552 1526 2607 ille
1563 2552 1765 2616 abiret,
1789 2567 1911 2607 eum
1944 2553 2179 2607 nondum

592 2644 687 2698 Dei
718 2643 942 2713 gratiam
972 2643 1306 2713 accepisset?
1331 2643 1509 2714 Itaque
1532 2644 1610 2697 sic
1637 2643 1775 2698 illius
1802 2642 1983 2698 fervor
2001 2652 2184 2698 osten-

583 2735 749 2790 ditur.
799 2734 981 2805 Neque
1022 2734 1132 2803 jam
1164 2734 1376 2789 videtur
1404 2734 1533 2787 mihi
1580 2734 1669 2788 ille
1709 2750 1806 2803 per
1838 2744 2033 2789 terram
2081 2735 2181 2789 iter

591 2828 825 2892 habere;
867 2827 960 2881 sed
1005 2826 1198 2881 deinde
1228 2826 1527 2896 navigabat.
1574 2824 1686 2880 Hoc
1724 2842 1937 2896 quoque
1980 2826 2037 2880 ﬁt
2084 2842 2181 2895 per

586 2920 1041 2989 dispensationem
1064 2958 1081 2985 ,
1122 2928 1181 2973 ut
1212 2918 1281 2972 ibi
1312 2918 1474 2973 etiam
1506 2917 1842 2988 prmdicaret.
1876 2916 1999 2972 Ideo
2023 2917 2181 2988 igitur

589 3011 797 3065 insidiae
838 3011 1144 3079 contigere,
1189 3018 1241 3064 et
1288 3010 1390 3065 iter
1416 3008 1805 3079 Jerosolymam
1838 3024 1931 3078 per
1960 3009 2178 3079 dispen-

589 3104 874 3167 sationem,
899 3111 957 3155 ut
984 3117 1050 3155 ne
1080 3101 1216 3155 ultra
1244 3109 1521 3170 suspectus
1547 3110 1709 3155 esset.
1737 3100 2057 3169 Loquebatur
2080 3117 2177 3153 au-

588 3205 685 3248 tem
713 3204 761 3247 et
800 3193 1091 3263 disputabat
1130 3210 1244 3247 cum
1277 3191 1486 3247 Grecis.
1539 3190 1609 3245 Et
1648 3190 1930 3259 Ecclesiae,
1970 3194 2174 3263 inquit,

587 3284 831 3339 habebant
858 3301 1048 3354 pacem,
1079 3283 1467 3352 tediﬁcabantur
1483 3292 1529 3337 et
1561 3283 1889 3337 ambulabant
1922 3284 1973 3338 in
2000 3286 2181 3338 timore

588 3375 836 3442 Domini;
866 3376 915 3430 id
944 3385 1057 3438 est,
1084 3375 1436 3438 crescebant,
1456 3384 1515 3428 et
1538 3390 1720 3444 pacem
1738 3414 1755 3441 ,
1784 3391 1965 3429 verum
1997 3377 2179 3446 utique

593 3484 799 3537 pacem,
820 3468 959 3521 inter
978 3482 1035 3521 se
1064 3465 1357 3521 habebant.
1377 3465 1586 3529 Merito,
1606 3483 1726 3520 nam
1746 3467 1899 3521 valde
1915 3466 2180 3522 afﬂixerat

588 3562 710 3616 illos
733 3572 1012 3615 externum
1044 3559 1263 3615 bellum.
1302 3557 1365 3612 Et
1390 3560 1737 3612 consolatione
1760 3561 1921 3613 sancti
1950 3560 2179 3629 Spiritus

587 3653 933 3721 replabanlttr.
980 3649 1371 3707 Consolabatur
1412 3650 1531 3705 illos
1561 3652 1790 3720 Spiritus
1820 3662 2073 3719 sanctus,
2124 3663 2178 3710 et

588 3760 687 3815 per
716 3745 969 3799 miracula
1014 3752 1070 3800 et
1112 3760 1207 3814 per
1234 3759 1438 3814 opera:
1484 3744 1549 3799 ad
1594 3745 1708 3801 ltrec
1747 3763 1903 3813 vero,
1946 3748 2177 3818 idipsum

587 3852 617 3891 ε
640 3839 815 3907 nguiis
846 3838 1036 3892 iuerat.
1071 3836 1287 3890 Factum
1314 3846 1387 3891 est
1413 3848 1580 3892 autem
1607 3849 1660 3892 ut
1694 3837 1880 3893 Petrus
1908 3840 2029 3894 dttm
2058 3859 2175 3910 per-

586 3929 865 3994 transiret,
908 3930 1186 3997 perveniret
1230 3929 1298 3981 ad
1338 3927 1593 3999 Lyddant.
1647 3928 1847 3984 Invenit
1894 3942 2062 3987 autem
2107 3933 2177 3986 ibi

589 4021 845 4074 hominem
881 4020 1292 4086 decumbentem,
1336 4031 1384 4074 et
1432 4021 1559 4074 dixit
1599 4022 1676 4074 illi
1707 4040 1726 4076 :
1772 4021 1977 4091 Enea,
2025 4036 2177 4080 sanat

584 4120 637 4165 te
675 4109 828 4166 Jesus
856 4110 1107 4165 Christus.
1167 4111 1282 4166 Non
1314 4113 1638 4166 ostentantis
1680 4113 1879 4168 dictum
1920 4126 2036 4182 est,
2080 4118 2173 4172 Sed

586 4203 803 4257 ﬁdentis
830 4219 942 4257 rem
970 4218 1089 4259 esse
1117 4204 1366 4258 futuram.
1401 4204 1525 4259 Mihi
1550 4221 1681 4259 vero
1713 4222 1929 4275 prorsus
1968 4210 2177 4265 videtur

592 4308 789 4361 a‘grum
814 4292 935 4347 huic
951 4294 1246 4349 credidisse
1274 4295 1461 4361 verbo,
1480 4304 1534 4349 et
1556 4310 1744 4349 sanum
1773 4297 1967 4353 factum
1989 4298 2171 4357 fuisse.

584 4382 745 4450 Quod
770 4393 948 4439 autem
981 4386 1100 4440 sine
1142 4386 1279 4441 fastu
1310 4397 1481 4447 esset.
1522 4404 1587 4442 ex
1618 4391 1961 4460 sequentibus
2002 4394 2174 4461 palam

585 4483 695 4530 est.
725 4474 842 4529 Non
866 4477 1007 4531 enim
1030 4476 1193 4543 dixit,
1225 4478 1281 4531 In
1313 4480 1527 4535 nomine
1550 4479 1676 4535 Jesu
1698 4524 1713 4547 ,
1740 4481 1836 4537 sed
1863 4493 1919 4538 ut
1940 4486 2169 4554 signum,

580 4568 759 4636 magis
812 4568 914 4623 hoc
961 4578 1194 4622 enarrat.
1255 4568 1498 4625 Viderunt
1537 4582 1707 4626 autem
1748 4574 1836 4641 qui
1884 4575 2173 4629 habitabant

586 4658 823 4730 Lyddam
846 4704 859 4725 ,
906 4671 953 4715 ct
983 4662 1207 4716 conversi
1233 4672 1348 4715 sunt
1386 4664 1454 4716 ad
1491 4663 1789 4720 Dominum.
1840 4666 2020 4739 Itaque
2066 4684 2171 4723 non

587 4750 787 4806 frustra
816 4752 924 4807 dixi
957 4754 1214 4808 miracula
1246 4753 1379 4809 facta
1410 4753 1576 4811 fuisse
1600 4757 1667 4812 ad
1701 4760 2097 4827 persuasionem
2120 4774 2175 4817 et

586 4843 1034 4899 consolationem.
1079 4844 1147 4899 In
1180 4843 1350 4914 Joppe
1371 4856 1541 4901 autem
1568 4860 1675 4902 erat
1699 4852 1929 4920 quadam
1957 4854 2175 4924 discipu-

587 4934 645 4985 la
663 4975 679 4999 ,
710 4935 880 5003 inquit
898 4977 913 5001 ,
946 4936 1149 4991 nomine
1177 4936 1411 4996 Tabitha.
1440 4937 1660 4995 Factum
1686 4953 1762 4996 est
1788 4954 1956 4998 autem
1983 4947 2036 4999 in
2066 4948 2175 5000 die-

586 5028 681 5081 bus
724 5029 847 5091 illis,
880 5039 932 5082 ut
971 5031 1228 5098 inﬁrmata
1259 5043 1555 5087 moreretur.
1596 5034 1759 5091 Vides
1791 5038 1985 5109 ubique
2025 5042 2175 5111 signa

586 5118 733 5175 edita
754 5121 781 5171 τ
822 5118 938 5174 Νοη
970 5122 1285 5190 simpliciter
1324 5132 1533 5179 mortua
1561 5134 1643 5181 est
1675 5128 1901 5183 Tabitha
1927 5172 1941 5193 ,
1995 5133 2086 5185 sed
2123 5134 2173 5187 in

586 5211 951 5268 infirmitatem
982 5213 1149 5283 lapsa.
1184 5213 1307 5268 Ideo
1337 5216 1550 5271 Petrum
1581 5235 1683 5273 non
1718 5232 1972 5276 vocarunt
2003 5224 2182 5279 donec.

588 5305 675 5357 illa
706 5314 910 5360 mortua
938 5315 1101 5362 esset.
1151 5307 1424 5363 Audientes
1448 5320 1615 5364 autem
1654 5313 1891 5383 discipuli
1934 5316 2174 5370 miseruit.

588 5406 842 5466 rogantes,
862 5414 923 5451 ne
944 5399 1268 5469 pigritaretur
1289 5402 1505 5454 transire
1528 5402 1596 5454 ad
1620 5420 1723 5457 eos.
1743 5403 1891 5468 Vide,
1921 5422 2015 5475 per
2039 5406 2173 5461 alios

590 5489 808 5541 mittunt
833 5499 890 5545 et
916 5499 1127 5545 vocant.
1160 5489 1252 5546 Ille
1278 5506 1405 5547 vero
1430 5495 1767 5565 obtemperat
1792 5508 1843 5551 et
1870 5500 2048 5563 venit;
2073 5515 2173 5554 nec

584 5583 923 5637 contumelia:
943 5585 1062 5640 loco
1085 5586 1244 5641 habet
1264 5586 1407 5655 quod
1434 5599 1650 5644 vocetur
1676 5607 1689 5642 :
1720 5592 1788 5645 ita
1818 5609 2064 5663 magnum
2088 5605 2177 5655 est

586 5675 863 5731 tribulatio
894 5678 1112 5745 bonum,
1146 5682 1284 5751 quod
1314 5685 1517 5739 animas
1548 5697 1761 5742 nostras
1784 5693 2020 5759 capulet.
2047 5692 2177 5747 Nul-

588 5770 670 5822 lus
700 5770 769 5823 ibi
801 5770 997 5833 luctus,
1030 5773 1277 5841 planctus
1307 5778 1508 5833 nullus.
1541 5779 1708 5847 Quam
1733 5800 1847 5837 cum
1875 5786 2129 5840 lavassent
2154 5827 2169 5852 ,

592 5878 861 5931 posuerunt
907 5867 957 5919 in
1003 5869 1303 5934 caenaculo;
1351 5872 1397 5925 id
1444 5882 1554 5938 est,
1605 5874 1781 5928 omnia
1828 5874 2003 5932 fecere
2050 5896 2167 5951 qua:

1386 403 1444 461 S.
1484 402 1757 461 JOANNIS
1792 403 2264 462 CIIRYSOSTUMI
2306 406 2620 463 ARCIIIEP.
2661 408 3190 471 CONSTANTLVOP.

3818 422 3931 478 168

2308 534 2519 576 mortuo
2549 527 2948 594 competebant.
2996 529 3294 603 Exsurgens
3340 549 3455 588 vero
3506 532 3728 603 Petrus,
3776 540 3924 592 venit

2306 614 2577 683 cum_illis.
2617 614 2680 669 Et
2723 634 2838 670 cum
2864 624 3171 677 ascendisset
3217 625 3271 678 in
3316 629 3635 681 ctenaculum
3661 670 3677 692 ,
3728 631 3923 699 positis

2303 706 2514 777 genibus
2542 711 2704 763 oravit
2727 750 2743 774 ,
2773 721 2821 764 et
2849 730 3118 770 conversus
3146 717 3214 770 ad
3237 736 3421 783 corpus
3451 721 3581 775 dixit
3606 737 3625 775 :
3655 721 3883 777 Tabitha
3903 767 3919 789 ,

2304 813 2471 867 surge.
2520 798 2634 854 Non
2665 804 2843 855 omnia
2873 806 3137 875 permittit
3168 809 3310 865 Deus
3351 811 3502 882 signa
3544 827 3669 867 cum
3715 815 3917 869 eadem

2304 887 2554 945 facilitate
2598 892 2734 947 ﬁeri.
2784 895 2893 949 Hoc
2931 908 3112 953 autem
3142 901 3247 954 illis
3276 905 3549 972 proderat.
3596 906 3714 960 Non
3764 908 3917 960 enim

2303 990 2509 1039 tantum
2542 986 2771 1043 aliorum
2799 990 3026 1045 salutem
3049 994 3293 1061 curabat,
3324 999 3416 1052 sed
3445 1001 3608 1053 etiam
3640 1003 3918 1071 ipsorum.

2300 1074 2402 1141 Qui
2430 1092 2561 1147 ergo
2588 1080 2774 1134 umbra
2804 1099 2895 1137 sua
2937 1094 3015 1137 tot
3048 1085 3296 1142 homines
3335 1092 3593 1155 curabat,
3639 1110 3789 1148 nunc
3834 1106 3918 1149 tot

2301 1176 2556 1241 tantaque
2598 1173 2723 1227 facit
2759 1174 2826 1229 ad
2858 1175 3003 1230 illam
3033 1179 3394 1234 excitandum.
3425 1182 3701 1238 Interdum
3740 1189 3914 1242 etiam

2300 1259 2431 1316 ﬁdes
2470 1264 2844 1322 accedentium
2888 1270 3301 1339 cooperabatur.
3335 1272 3481 1327 llanc
3512 1291 3645 1346 ergo
3675 1278 3913 1347 primam

2296 1362 2565 1410 mortuam
2607 1359 2869 1425 suscitat,
2903 1362 3122 1417 nomine
3166 1379 3407 1420 vocans:
3455 1382 3577 1437 quae
3629 1371 3789 1439 quasi
3843 1388 3912 1425 ex

2295 1458 2486 1501 somno
2510 1449 2907 1520 expergefacta,
2941 1453 3169 1520 primum
3199 1458 3412 1525 aperuit
3446 1458 3635 1512 oculos
3655 1500 3671 1525 ,
3702 1460 3912 1517 deinde

2295 1538 2474 1591 statim
2512 1540 2697 1596 videns
2742 1542 2980 1609 Petrum,
3013 1545 3172 1612 sedit,
3204 1545 3529 1618 demumque
3560 1565 3589 1602 a
3616 1560 3763 1605 tactu
3792 1570 3910 1605 utn-

2295 1645 2395 1683 nus
2431 1631 2691 1687 ﬁrmatur.
2736 1635 2813 1689 Tu
2840 1652 2967 1691 vero
2998 1638 3129 1693 mihi
3156 1639 3358 1694 lucrum
3387 1642 3670 1697 considera
3699 1687 3715 1710 ,
3761 1662 3907 1716 quo-

2295 1724 2457 1776 modo
2490 1726 2681 1784 iterum
2713 1727 2917 1785 fructus
2949 1732 3018 1786 sit
3058 1749 3163 1786 non
3195 1734 3259 1788 ad
3291 1738 3736 1795 ostentationem.
3777 1742 3907 1796 Ideo

2291 1830 2420 1871 sane
2450 1833 2640 1877 omnes
2670 1821 2814 1876 foras
2844 1823 2990 1893 ejicit
3015 1868 3029 1890 ,
3070 1826 3125 1879 in
3160 1827 3263 1883 hoc
3291 1828 3602 1899 Magistrum
3631 1833 3901 1891 imitatus.

2290 1906 2390 1964 Ubi
2421 1911 2563 1964 enim
2596 1913 2848 1984 lact-3mm
2874 1927 3042 1982 sunt,
3072 1934 3176 1973 non
3207 1932 3422 1990 oportet
3454 1933 3657 1979 tantum
3689 1938 3903 1998 mystc-

2291 2001 2428 2055 rium
2462 2004 2643 2072 perlici
2673 2024 2687 2059 :
2718 2007 2828 2060 imo
2858 2008 2951 2062 ubi
2975 2019 3101 2064 sunt
3126 2011 3383 2068 miracula
3404 2054 3423 2083 ,
3453 2017 3744 2073 non-decet
3775 2036 3904 2077 esse

2292 2092 2573 2165 lacrymas.
2605 2097 2801 2153 Audite
2826 2140 2840 2165 ,
2870 2116 3053 2170 quaeso
3078 2145 3091 2170 ,
3124 2105 3228 2159 etsi
3275 2122 3381 2161 non
3413 2109 3537 2178 quid
3566 2112 3745 2167 simile
3783 2114 3899 2182 jam

2291 2186 2401 2247 liat,
2430 2196 2605 2243 tamen
2631 2206 2769 2245 nunc
2793 2192 2952 2246 etiam
2978 2194 3028 2247 in
3047 2199 3275 2253 mortuis
3298 2215 3549 2271 magnum
3575 2208 3898 2275 mysterium

2288 2275 2585 2344 perﬁcitur.
2638 2281 2730 2335 Die
2757 2294 2934 2338 autem
2962 2286 3091 2339 mihi
3125 2305 3137 2340 :
3174 2290 3220 2343 si
3250 2291 3405 2346 nobis
3435 2293 3755 2350 sedentibus
3787 2298 3902 2352 Itu-

2292 2376 2509 2434 perator
2532 2372 2840 2441 quempiam
2873 2375 2923 2428 in
2952 2378 3152 2446 regian
3186 2391 3404 2438 vocaret
3428 2425 3442 2449 ,
3472 2399 3538 2439 an
3566 2386 3810 2442 ﬂendum
3844 2402 3903 2446 et

2288 2457 2574 2528 lugendum
2597 2465 2785 2517 esset?
2810 2467 2999 2537 Angeli
3028 2469 3227 2524 adsunt
3256 2472 3324 2527 de
3354 2474 3486 2528 exelo
3513 2477 3664 2533 missi
3690 2521 3704 2544 ,
3737 2480 3899 2536 inde-

2285 2567 2390 2621 que
2436 2556 2715 2612 venientes
2742 2599 2756 2621 ,
2804 2560 2873 2613 ab
2920 2562 3036 2630 ipso
3079 2564 3225 2636 Rege
3251 2567 3433 2631 missi,
3465 2578 3525 2623 ut
3566 2586 3897 2631 conservum

2286 2660 2440 2701 suum
2468 2660 2684 2713 vocent,
2709 2662 2761 2706 et
2788 2662 2841 2707 tu
2870 2656 3083 2724 ploras?
3104 2658 3286 2714 Nescis
3303 2664 3460 2731 quale
3478 2665 3548 2717 sit
3575 2669 3895 2737 mysterium

2287 2736 2415 2793 illud
2439 2781 2453 2804 ,
2486 2755 2644 2811 quam
2678 2743 3005 2801 horrendum
3035 2791 3047 2812 ,
3080 2766 3236 2819 quam
3270 2736 3645 2823 tremendum
3674 2775 3738 2814 ac
3762 2776 3898 2818 vere

2286 2829 2503 2902 hymnis
2522 2836 2823 2907 gaudioque
2854 2839 3071 2907 dignum
3108 2843 3169 2895 ‘?

2354 2925 2407 2985 4.
2435 2924 2525 2981 Vis
2548 2928 2755 2984 discere
2775 2929 2877 2985 hoc
2896 2948 2999 2986 non
3017 2950 3139 2989 esse
3161 2946 3367 3007 tempus
3383 2939 3775 3011 lacrymarum?
3798 2948 3893 3003 Dei

2283 3019 2559 3087 sapientiae
2585 3022 2876 3077 maximum
2898 3023 3000 3080 hoc
3019 3036 3104 3081 est
3121 3032 3457 3099 mysterium.
3481 3035 3672 3091 Anima
3688 3041 3895 3112 quippe

2285 3125 2381 3165 ceu
2404 3111 2623 3168 domum
2646 3117 2951 3186 quampiam
2980 3118 3237 3176 deserens
3261 3164 3276 3188 ,
3304 3125 3477 3196 pergit
3501 3127 3567 3182 ad
3598 3111 3893 3187 Dominum

2285 3218 2439 3260 suum
2466 3222 2478 3267 ;
2510 3214 2565 3261 tu
2591 3223 2722 3263 vero
2750 3209 2900 3280 luges
2923 3212 3076 3268 ‘lHoe
3101 3230 3228 3287 ergo
3252 3232 3373 3272 cum
3393 3236 3524 3289 puer
3546 3225 3785 3283 nascitur
3817 3226 3895 3281 fa-

2284 3311 2409 3352 cere
2435 3302 2712 3367 oporteret
2740 3319 2752 3353 :
2786 3319 2907 3357 nam
2938 3304 3025 3360 hic
3052 3319 3233 3375 partus
3257 3310 3348 3365 illo
3376 3313 3566 3368 melior
3582 3328 3684 3371 eSt.
3709 3316 3895 3389 Pergit

2282 3391 2426 3444 enim
2444 3391 2510 3445 ad
2528 3392 2685 3446 aliam
2702 3394 3367 3471 lueem,solviturquasiex
3388 3407 3613 3462 vinculis
3627 3413 3891 3477 ωπονι-ἰς,

2286 3484 2435 3550 quasi
2450 3499 2513 3539 ex
2534 3500 2704 3557 agone
2718 3489 2947 3558 quodam
2965 3493 3254 3563 egreditur.
3275 3496 3470 3564 Etiam,
3488 3499 3718 3571 inquies,
3742 3504 3795 3557 id
3824 3506 3894 3561 de

2283 3573 2466 3641 probis
2482 3586 2630 3632 recte
2656 3576 2809 3634 dicis.
2828 3579 3037 3651 thuid
3057 3584 3161 3639 hoc
3186 3585 3253 3641 ad
3281 3596 3352 3651 te,
3377 3602 3411 3641 ο
3442 3588 3645 3645 homo?
3668 3602 3724 3646 tu
3742 3597 3889 3649 enim

2281 3679 2404 3733 erga
2418 3668 2615 3736 probos
2632 3685 2736 3725 non
2756 3670 2859 3726 hoc
2874 3675 3113 3743 agis.Dic
3130 3692 3259 3731 vero
3276 3680 3429 3747 mihi,
3446 3682 3573 3751 quid
3593 3684 3644 3737 in
3664 3689 3892 3753 parvulo

2282 3755 2485 3814 infante
2517 3763 3021 3829 reprehendendum
3052 3767 3259 3823 habes?
3289 3786 3386 3826 cur
3416 3772 3563 3843 luges
3592 3776 3768 3831 illum?
3790 3796 3893 3836 cur

2281 3863 2472 3905 recens
2506 3850 2863 3910 illuminatum
2888 3858 2910 3910 ?
2938 3872 3061 3911 nam
3093 3870 3147 3914 et
3176 3861 3264 3915 ille
3289 3862 3533 3932 ejusdem
3559 3868 3891 3927 conditionis

2281 3950 2385 3993 est.
2408 3942 2518 3996 (Zur
2546 3959 2677 4015 ergo
2706 3945 2856 4016 luges
2884 3949 3036 4003 illum
3060 3950 3085 4004 τ
3117 3952 3295 4007 nescis
3322 3954 3465 4024 quod
3497 3957 3638 4014 sicut
3665 3962 3749 4015 sol
3782 3978 3887 4033 pu-

2280 4048 2372 4087 rus
2404 4036 2666 4101 ascendit,
2699 4039 2769 4091 ita
2799 4048 2853 4092 et
2881 4040 3059 4096 anima
3088 4058 3209 4097 cum
3239 4044 3374 4100 bona
3404 4050 3737 4107 conscientia
3765 4068 3892 4108 eor-

2281 4141 2378 4195 pus
2404 4127 2739 4198 relinquens,
2769 4132 3055 4201 splendide
3083 4136 3246 4206 fulget
3270 4137 3291 4190 ?
3322 4138 3442 4194 Non
3471 4157 3597 4197 cum
3630 4154 3780 4202 tanto
3804 4149 3886 4203 si-

2281 4217 2447 4273 lentio
2488 4221 2673 4275 videas
2719 4222 3103 4293 Imperatorem
3151 4230 3455 4289 venientem
3499 4236 3549 4290 in
3579 4237 3881 4306 civitatem,

2284 4321 2485 4377 quanto
2512 4313 2746 4366 animam
2770 4329 2972 4384 corpus
2996 4320 3412 4391 relinquentem,
3438 4335 3493 4380 et
3523 4344 3644 4382 cum
3673 4334 3886 4402 angelis

2281 4405 2587 4461 abeuntem.
2616 4409 2799 4479 Cogita
2821 4428 2939 4481 quae
2965 4413 3034 4466 sit
3056 4422 3181 4469 tunc
3201 4418 3399 4483 anima,
3427 4420 3476 4473 in
3500 4438 3607 4489 quo
3632 4436 3882 4494 stupore,

2282 4500 2334 4553 in
2362 4516 2465 4570 qua
2494 4502 2875 4571 admiratione,
2905 4506 2954 4560 in
2985 4523 3086 4578 qua
3116 4511 3408 4580 voluptate.
3454 4512 3565 4569 Cur
3588 4558 3604 4583 ,
3650 4534 3841 4587 quaeso
3866 4563 3881 4584 ,

2278 4593 2469 4662 luges?
2497 4611 2622 4649 num
2645 4596 2697 4650 in
2723 4601 3091 4665 peccatoribus
3114 4612 3317 4658 tantum
3341 4605 3444 4661 hoc
3463 4607 3592 4666 facis
3613 4610 3637 4661 ’ἶ
3662 4606 3883 4669 Utinam

2280 4686 2357 4739 sic
2385 4698 2548 4748 esset,
2585 4704 2688 4742 non
2717 4690 2915 4745 luctum
2946 4694 3287 4763 prohibet-em
3315 4715 3327 4748 :
3356 4700 3555 4754 utinam
3587 4702 3704 4758 talis
3733 4719 3884 4759 εδδ-ι

2281 4778 2506 4847 scopas!
2530 4780 2626 4835 Hic
2655 4783 2824 4837 luctus
2852 4788 3183 4854 apostolicus
3202 4830 3216 4852 ,
3240 4788 3333 4845 hic
3362 4794 3521 4847 etiam
3568 4795 3882 4855 Dominieus

2281 4880 2363 4924 est
2398 4888 2410 4923 :
2458 4873 2687 4941 ploravit
2729 4878 2871 4930 enim
2911 4878 3068 4932 Jesus
3097 4879 3506 4955 Jerosolymam.
3538 4887 3745 4945 Vellem
3781 4894 3883 4951 bac

2282 4963 2398 5035 lege
2428 4964 2659 5021 discerni
2694 4968 2888 5024 luctus.
2928 4970 3153 5037 Quando
3187 4986 3365 5031 autem
3399 4991 3681 5038 revocatus
3712 4987 3879 5042 verba

2280 5057 2530 5112 obtendis
2552 5102 2566 5126 ,
2619 5064 3091 5133 consuetudinem,
3124 5084 3344 5136 curam;
3381 5088 3485 5125 non
3515 5089 3574 5127 ea
3608 5075 3675 5131 de
3709 5092 3878 5136 causa

2282 5149 2431 5220 luges
2452 5192 2469 5217 ,
2502 5151 2595 5205 sed
2624 5154 2900 5208 obtentum
2933 5158 3157 5225 profers.
3206 5160 3352 5233 Luge
3397 5175 3735 5235 peccatorem
3762 5211 3780 5237 ,
3824 5184 3880 5230 rt

2279 5260 2377 5313 ego
2420 5245 2688 5317 lacrymas
2719 5249 2968 5317 fundam;
3016 5255 3124 5309 imo
3167 5266 3316 5312 tanto
3359 5264 3529 5332 magis
3570 5280 3730 5334 quam
3776 5279 3830 5322 tu
3861 5314 3876 5335 ,

2278 5346 2479 5404 quanto
2508 5339 2713 5407 majore
2747 5342 2835 5397 ille
2865 5346 3128 5415 supplicio
3157 5348 3418 5407 obnoxius
3442 5366 3525 5411 est
3563 5375 3575 5411 :
3606 5374 3709 5430 ego
3736 5378 3878 5431 quo-

2278 5442 2383 5497 que
2424 5427 2569 5484 hunc
2614 5431 2815 5487 habens
2844 5450 3109 5505 scopum,
3142 5438 3352 5510 lugebo.
3388 5444 3571 5501 Talem
3600 5427 3875 5511 mortuum

2282 5535 2387 5575 non
2431 5530 2481 5577 te
2510 5522 2679 5577 solum
2708 5567 2722 5592 ,
2765 5527 2858 5581 sed
2906 5538 3069 5583 totam
3102 5531 3377 5589 civitatem
3408 5537 3589 5608 lugere
3617 5556 3830 5612 oportet
3858 5589 3874 5613 ,

2280 5630 2486 5670 necnon
2515 5632 2706 5673 omnes
2734 5632 3114 5688 occurrentes,
3143 5642 3335 5695 nempe
3364 5633 3511 5698 quasi
3540 5648 3655 5697 eos,
3687 5640 3775 5703 qui
3808 5639 3875 5693 ad

2281 5721 2507 5764 mortem
2532 5710 2823 5767 ducuntur.
2856 5714 2995 5769 Vere
3028 5734 3257 5791 namque
3290 5721 3401 5777 lure
3428 5726 3564 5779 mala
3598 5742 3742 5781 mors
3769 5740 3875 5798 est,

2281 5817 2426 5857 mors
2457 5816 2821 5873 peccatorum.
2852 5806 2957 5861 Sed
2990 5825 3075 5864 res
3096 5827 3186 5867 sns
3213 5815 3385 5885 deque
3414 5833 3581 5870 versm
3609 5830 3750 5875 sunt.
3780 5822 3875 5880 llic

2368 5896 2383 5925 ¹
2423 5902 2550 5945 tinus
2572 5896 2683 5945 Cod.
2716 5898 2881 5957 habet,
2910 5899 3103 5964 hymnis
3124 5903 3440 5967 laudibusque
3466 5910 3690 5973 ilignum.
