4068 6444
245 425 350 479 "39

242 543 425 596 luctus
456 549 509 593 et
549 536 954 609 philosophicus
985 543 1069 589 est
1098 542 1151 588 et
1182 532 1482 602 doctrinam
1516 530 1676 584 habet
1707 527 1845 581 mul-

242 647 355 688 tam
383 651 397 697 ;
431 634 520 688 ille
546 646 674 686 vero
701 646 763 686 ex
800 628 1238 699 pusillanimitate
1270 623 1648 695 proficiscitur.
1692 621 1747 676 Si
1777 621 1848 674 ita

239 729 554 795 lugcreums
568 738 776 786 omnes,
796 722 911 774 illos
928 721 1167 774 viventes
1181 713 1850 782 emendassemus.Quem-

238 818 532 873 admodum
553 819 594 870 si
630 829 814 883 posses
834 812 1118 883 pharmaea
1138 811 1395 865 adhibere
1423 852 1436 875 ,
1477 825 1596 879 qum
1619 816 1846 860 mortem

240 914 390 964 illam
427 909 768 976 corporalem
799 915 1083 970 arcerent,
1117 903 1400 958 adliiheres
1432 903 1649 972 utique:
1686 901 1753 952 ita
1797 908 1850 952 ct

240 1019 405 1069 inme,
438 1005 480 1056 si
516 1003 654 1055 haue
685 1001 891 1064 lugeres
919 1007 1184 1057 mortem,
1214 1007 1264 1049 et
1294 1011 1321 1047 a
1355 1006 1403 1048 te
1431 1003 1478 1048 et
1514 995 1580 1046 ah
1612 993 1701 1046 illo
1728 1007 1845 1044 eam

238 1095 411 1163 ipsam
445 1109 678 1147 arceres.
711 1090 862 1146 Nunc
890 1100 1066 1145 autem
1099 1089 1325 1155 aenigma
1349 1100 1430 1140 est
1460 1085 1600 1152 quod
1628 1083 1844 1148 accidit,

238 1187 383 1255 quod
414 1202 539 1239 cum
569 1185 840 1254 possimus
868 1180 1127 1249 impedire
1156 1181 1443 1247 quominus
1470 1193 1614 1231 mors
1644 1177 1726 1230 illa
1759 1190 1849 1229 ac-

237 1279 416 1344 cidat,
453 1295 558 1331 non
591 1277 974 1346 impediamus;
1008 1272 1101 1327 sed
1132 1288 1253 1326 eum
1283 1271 1511 1336 accidit,
1546 1271 1842 1339 lugeamus.

242 1373 383 1425 Vere
415 1370 667 1440 lacrymis
697 1367 841 1437 digni
871 1375 994 1419 sunt
1021 1385 1031 1417 :
1065 1381 1185 1418 cum
1214 1365 1501 1418 adstahnnt
1525 1374 1650 1415 ante
1681 1361 1846 1415 tribu-

241 1465 327 1517 tial
357 1463 557 1517 Christi
585 1505 595 1525 ,
625 1462 799 1529 qualia
832 1460 989 1512 verba
1029 1457 1279 1518 audient,
1321 1455 1494 1524 qualia
1539 1453 1846 1522 patientur?

241 1556 464 1609 Frustra
495 1555 745 1608 vixerunt
776 1552 828 1605 bi
852 1593 866 1617 ,
899 1553 1006 1604 imo
1037 1566 1139 1601 nou
1171 1547 1384 1605 frustra,
1416 1545 1508 1599 srd
1541 1547 1592 1598 in
1625 1545 1842 1597 malum.

241 1649 316 1699 lie
348 1649 453 1700 illis
480 1645 664 1699 dicere
695 1659 789 1712 par
818 1653 894 1696 cst
930 1660 940 1694 :
977 1643 1177 1695 Bonum
1212 1651 1329 1692 erat
1363 1640 1462 1692 illis
1484 1680 1496 1703 ,
1526 1637 1569 1691 si
1601 1638 1708 1690 nati
1739 1652 1842 1690 non

238 1739 469 1790 fuissent
497 1735 689 1806 (Marc.
723 1735 808 1787 14.
841 1732 956 1800 '2l).
990 1733 1119 1799 Quae
1151 1731 1370 1790 utilitas,
1400 1743 1605 1798 qumso,
1640 1737 1842 1782 tantum

239 1831 512 1881 insumere
561 1836 772 1892 tempus
819 1827 870 1876 in
917 1824 1107 1890 Cupitis
1148 1821 1230 1874 sui
1275 1820 1516 1873 malum?
1558 1818 1612 1874 Si
1649 1818 1842 1872 frustra

234 1923 413 1974 solum
436 1923 761 1987 insumptum
782 1917 987 1981 fuisset,
1011 1931 1114 1969 non
1138 1925 1338 1969 tantum
1360 1914 1546 1967 fuissm
1565 1913 1839 1967 damnum.

237 2016 333 2068 hic
383 2013 510 2066 mihi
539 2054 552 2074 ,
587 2014 631 2064 si
663 2011 783 2078 quis
813 2007 1176 2061 mercenarius
1206 2005 1392 2073 viginti
1434 2019 1604 2058 annos
1647 2003 1841 2057 frustra

234 2106 448 2175 perdat,
475 2119 652 2157 annon
680 2100 908 2170 plorabit
935 2108 988 2153 et
1017 2099 1197 2162 flebit,
1226 2097 1576 2165 omniumque
1607 2096 1845 2149 miserri-

232 2215 357 2252 mus
387 2213 507 2251 esse
539 2193 844 2249 videbitur?
875 2195 942 2248 At
969 2193 1054 2246 hic
1082 2201 1246 2247 totam
1275 2192 1432 2244 vitam
1466 2205 1616 2243 suam
1648 2189 1840 2244 frustra

230 2291 506 2362 perdidit,
549 2304 724 2358 neque
757 2288 839 2342 vel
874 2303 978 2340 uno
1010 2286 1098 2340 die
1128 2285 1228 2339 sibi
1259 2284 1394 2338 vixit
1415 2326 1429 2348 ,
1463 2283 1557 2338 sed
1593 2283 1799 2337 deliciis
1824 2325 1839 2349 ,

231 2384 484 2448 luxnrize,
517 2383 788 2445 avaritiai,
825 2388 1045 2449 peccato
1067 2420 1080 2443 ,
1112 2377 1349 2433 diabolo.
1386 2378 1599 2438 Annon,
1633 2391 1838 2444 quaeso,

231 2479 378 2531 lmuc
408 2474 750 2544 lugebimus?
781 2489 958 2526 annon
992 2471 1312 2526 conabimur
1339 2486 1367 2524 a
1403 2470 1655 2538 periculis
1681 2485 1841 2523 erne-

227 2569 326 2621 re?
360 2569 652 2621 Possumus
672 2608 686 2629 ,
717 2577 865 2619 certe
894 2579 1199 2635 possumus,
1224 2563 1269 2617 si
1297 2563 1543 2628 velimus,
1572 2563 1690 2632 ejus
1716 2578 1842 2628 sup-

205 2656 880 2728 ph‘ciumleviuscfticere.
905 2657 960 2710 Si
996 2657 1302 2727 frequenter
1326 2656 1600 2708 orationes
1629 2669 1728 2723 pro
1749 2653 1842 2708 ilfo

225 2753 542 2814 fundamus,
577 2753 620 2804 si
651 2753 1050 2821 eleemosyuam
1079 2749 1272 2803 demus
1298 2765 1312 2813 ;
1341 2749 1552 2802 etiamsi
1588 2748 1676 2802 ille
1707 2748 1843 2800 indi-

222 2863 366 2916 gnus
393 2848 478 2909 sit,
516 2860 612 2899 nos
649 2845 787 2899 Deus
819 2843 1088 2897 exaudiet.
1121 2840 1174 2897 Si
1208 2852 1425 2911 preptcr
1452 2841 1675 2894 Paulum
1705 2840 1841 2892 alios

221 2940 499 3002 servavit,
549 2947 603 2992 et
645 2946 868 3006 propter
897 2937 1033 2988 alios
1076 2936 1244 3003 parcit
1270 2975 1281 2994 .
1314 2950 1410 2986 cur
1453 2947 1559 2985 non
1606 2933 1837 3001 idipsum

223 3041 451 3098 prOptcr
478 3045 575 3082 nos
605 3029 766 3081 etiam
800 3027 994 3081 faciet?
1031 3027 1104 3080 Ex
1137 3025 1283 3078 illius
1317 3025 1587 3093 pecuniis,
1613 3038 1679 3078 ex
1710 3024 1835 3087 tuis,

221 3119 370 3172 unde
401 3118 655 3183 volueris,
685 3119 814 3186 juva
846 3137 858 3171 :
884 3118 1080 3170 instilla
1109 3121 1308 3180 oicuni,
1345 3116 1452 3168 imo
1480 3130 1692 3185 aquam.
1721 3113 1835 3169 Non

217 3222 403 3280 potest
447 3211 826 3280 eleemnsyuas
858 3209 1102 3278 proprias
1146 3207 1446 3263 exhibere?
1492 3206 1691 3262 Saltem
1741 3223 1836 3261 co-

216 3314 509 3374 gnatorum
542 3304 814 3359 exhihcat.
850 3303 966 3356 Non
1003 3311 1177 3370 potest
1217 3317 1243 3352 a
1280 3318 1336 3355 se
1384 3300 1592 3353 factas?
1633 3300 1834 3354 Saltem

216 3411 321 3466 pro
349 3411 406 3449 se
437 3396 628 3449 factas.
654 3396 744 3449 Sic
770 3410 892 3448 cum
919 3393 1110 3447 tiducia
1141 3394 1313 3463 ipsum
1348 3402 1474 3445 tunc
1505 3393 1838 3460 dcpreeahi—

218 3499 310 3542 tur
351 3504 522 3550 uxor,
574 3488 804 3554 pretium
851 3488 1241 3556 redemptionis
1290 3502 1384 3554 pro
1414 3487 1503 3539 illo
1532 3486 1831 3553 deponens.

215 3584 338 3648 Quo
373 3583 614 3650 pluribus
641 3582 739 3635 ftiit
776 3585 1012 3652 peccatis
1051 3581 1355 3644 obnoxius,
1389 3598 1454 3634 eo
1486 3585 1655 3651 magis
1696 3598 1832 3650 Opus

219 3674 385 3726 habet
412 3675 777 3744 eleemosyna.
820 3673 1005 3742 Neque
1039 3688 1166 3726 vero
1199 3684 1416 3741 propter
1452 3673 1553 3727 hoc
1585 3682 1787 3727 tantum
1815 3715 1829 3737 ,

215 3766 314 3816 sed
342 3764 464 3832 quia
501 3779 604 3816 non
633 3778 818 3833 parem
855 3777 995 3816 nunc
1025 3763 1128 3816 vim
1161 3763 1354 3827 habet,
1400 3764 1507 3815 imo
1535 3764 1703 3817 multo
1732 3764 1830 3816 mi«

218 3872 428 3909 norem.
461 3855 575 3909 Non
609 3871 704 3924 par
729 3855 871 3908 enim
901 3869 990 3908 res
1015 3862 1125 3920 est,
1161 3855 1331 3922 ipsum
1356 3853 1602 3922 qu:edam
1627 3853 1825 3920 facere,

214 3960 271 4003 ct
301 3951 462 4002 alituu
499 3965 594 4017 pro
626 3951 761 4018 ipso.
789 3949 919 4002 Cum
957 3950 1134 4016 itaque
1164 3949 1339 3999 minor
1367 3951 1464 4010 sit,
1501 3964 1595 4016 per
1615 3949 1825 4017 capiam

217 4042 480 4095 faciamus
509 4042 652 4094 illam
682 4041 964 4110 majorem.

292 4132 641 4203 Eleemosyitaz
667 4144 874 4202 prosunt
908 4133 1180 4200 defunctis.
1212 4163 1283 4174 —-
1312 4131 1390 4187 Ne
1438 4135 1580 4187 circa
1629 4138 1822 4187 monu-

215 4233 421 4290 menta,
458 4240 523 4278 ne
553 4226 693 4278 circa
727 4226 1046 4292 sepulcralia
1095 4240 1315 4293 operam
1367 4225 1578 4280 demus.
1633 4226 1822 4279 Patro-

212 4317 399 4369 ciuare
430 4315 624 4379 viduis,
673 4317 773 4369 hoc
801 4316 1102 4385 sepulcrale
1131 4315 1364 4370 ofticium
1395 4327 1477 4370 est
1505 4313 1820 4371 maxiihum.

214 4409 313 4461 Dic
337 4423 534 4462 nomen
567 4426 579 4462 :
613 4422 805 4463 omnes
829 4410 944 4461 illas
967 4408 1098 4476 jube
1128 4423 1224 4477 pro
1247 4410 1363 4476 ipso
1388 4425 1579 4477 preces
1611 4421 1663 4464 ct
1691 4426 1820 4478 sup-

211 4501 534 4572 plicationes
584 4502 878 4554 emittere:
915 4501 1019 4554 huc
1063 4501 1230 4555 Deum
1284 4501 1558 4570 placabit;
1609 4503 1820 4557 etiamsi

211 4611 322 4649 non
359 4609 454 4662 per
481 4593 657 4658 illum,
687 4603 742 4646 at
775 4603 998 4664 prepter
1026 4594 1173 4647 illum
1203 4595 1343 4647 alius
1375 4604 1564 4649 auctor
1590 4596 1660 4648 sit
1684 4596 1822 4650 elee-

209 4702 477 4756 mosyum.
515 4686 585 4739 Et
609 4686 710 4739 hoc
735 4695 1112 4754 argumentum
1144 4693 1232 4741 est
1259 4687 1456 4741 divina:
1492 4688 1814 4743 clenientim.

214 4777 405 4831 Vidua:
451 4777 862 4832 circumstantes
907 4785 961 4830 et
1015 4778 1397 4849 lacrymautes,
1451 4795 1557 4832 non
1600 4794 1629 4832 a
1677 4795 1819 4848 praa-

209 4877 396 4930 sente.
431 4869 522 4922 sed
557 4883 586 4920 a
613 4867 791 4921 futura
824 4879 995 4921 morte
1030 4878 1257 4938 possunt
1285 4886 1499 4925 eruere.
1563 4870 1713 4925 Multi
1751 4874 1820 4925 ab

210 4959 572 5030 eleemosynis
603 4959 830 5011 aliorum
864 4975 958 5029 pro
986 4975 1044 5015 se
1066 4960 1219 5016 factis
1240 4961 1404 5031 adjuti
1431 4970 1570 5016 sunt.
1599 4962 1652 5016 Si
1674 4963 1818 5016 enim

209 5066 322 5104 non
345 5051 568 5104 omnino
599 5050 706 5103 sint
734 5051 964 5114 liberati,
991 5053 1179 5106 saltem
1221 5053 1455 5122 aliquam
1492 5055 1817 5108 invenerunt

209 5145 660 5199 consolationem.
691 5144 822 5198 Nam
855 5145 897 5197 si
929 5143 1030 5198 hoc
1062 5160 1167 5198 non
1199 5155 1364 5206 esset.
1394 5147 1664 5215 quomodo
1689 5162 1818 5215 pue—

209 5237 318 5289 ruli
369 5236 758 5290 servarentur?
809 5236 1070 5306 siquidem
1120 5237 1250 5290 nihil
1301 5237 1371 5290 illi
1419 5237 1673 5303 afferunt,
1722 5239 1817 5292 sed

210 5339 384 5383 totum
438 5338 689 5400 parentes
739 5347 752 5382 :
806 5341 860 5383 et
910 5331 1225 5386 mulieribus
1282 5331 1464 5385 donati
1508 5343 1632 5386 sunt
1673 5347 1819 5401 saape

207 5424 388 5492 pueri,
447 5423 536 5492 qui
587 5422 716 5475 nihil
770 5423 837 5475 ad
886 5423 1015 5476 illud
1059 5423 1376 5477 intulerunt.
1430 5424 1624 5478 Multas
1676 5425 1818 5479 Deus

207 5517 370 5570 nobis
417 5517 604 5569 salutis
648 5515 798 5570 dedit
845 5517 991 5581 vias,
1042 5517 1203 5569 modo
1252 5531 1356 5570 non
1407 5519 1762 5587 negligatnus.

275 5618 357 5669 ι’,
381 5610 518 5674 Quid
551 5626 702 5681 ergo,
743 5611 975 5680 inquies,
1009 5612 1051 5664 si
1094 5611 1214 5680 quis
1248 5627 1449 5679 pauper
1477 5611 1584 5665 sit?
1611 5610 1818 5665 Rursus

204 5706 386 5759 dicam
421 5721 432 5754 :
469 5703 841 5776 Electuosyuae
857 5705 1008 5775 eupia
1039 5721 1145 5759 non
1174 5721 1236 5758 ex
1265 5705 1405 5758 datis
1429 5715 1816 5774 pensaturino-

208 5800 303 5856 do.
348 5795 440 5849 sed
471 5797 630 5849 etiam
663 5812 723 5850 ex
763 5798 1058 5865 preposito.
1094 5797 1321 5850 Tantum
1373 5811 1440 5850 ne
1485 5797 1579 5850 des
1616 5799 1812 5858 mimis,

211 5908 373 5964 quam
405 5890 685 5945 facultates
713 5889 906 5954 ferant,
936 5901 988 5946 et
1022 5900 1188 5944 totum
1219 5891 1443 5943 solvisti.
1472 5891 1607 5941 “uid
1640 5910 1684 5942 l‘l
1704 5909 1767 5951 ενι)
1795 5933 1806 5950 ,

1213 419 1275 474 ΙΝ
1319 418 1492 472 ACTA
1541 411 2065 472 Ai‘DSTOLORUll.
2114 412 2345 510 ΙΙΟΜΙΙἼ
2388 411 2528 468 XXI.

3479 413 3575 465 170

1963 525 2196 594 inquies,
2233 527 2278 581 si
2308 517 2458 590 sblus
2487 527 2559 582 sit
2585 534 2639 580 et
2665 526 3002 597 peregrinus,
3051 526 3433 595 neminemque
3475 525 3574 580 ha~

1961 616 2124 670 beat?
2163 616 2292 685 Cur,
2339 633 2547 688 qumso,
2606 618 2879 672 neminem
2929 617 3128 671 habet?
3172 617 3286 672 lluc
3335 618 3452 687 ipso
3487 617 3574 672 ille

1961 724 2149 778 pcenas
2197 710 2310 776 dat,
2363 710 2505 780 quod
2536 711 2808 765 nemiuem
2842 711 2919 764 sic
2943 712 3202 772 amicum.
3251 711 3331 766 sic
3374 712 3574 764 virtute

1961 801 2245 869 przeditum
2273 802 2488 857 habeat.
2523 803 2707 872 Itaque
2739 802 2844 856 hoc
2875 802 2944 856 ita
2973 820 3031 856 se
3061 802 3244 864 habet,
3281 811 3337 856 ut
3381 809 3424 856 si
3475 818 3572 856 nos

1957 894 2158 949 virtute
2199 895 2406 964 prmditi
2444 911 2552 948 non
2595 895 2788 961 simus,
2832 910 3091 949 curemus
3136 896 3327 950 saltem
3374 896 3573 949 virtute

1959 986 2218 1052 pra-.ditos
2258 988 2462 1041 amicos
2493 985 2715 1050 habere,
2750 1002 3087 1057 uxoremque
3120 988 3246 1040 item
3272 997 3326 1041 et
3359 989 3524 1042 filium
3552 1030 3569 1054 ,

1956 1090 2014 1133 ut
2041 1079 2277 1134 fructum
2307 1082 2595 1149 quemdam
2639 1097 2733 1150 per
2760 1082 2884 1136 il!os
2915 1083 3310 1152 percipiamus;
3347 1100 3568 1152 parvum

1955 1173 2196 1242 quidem,
2232 1175 2326 1229 sed
2359 1165 2538 1230 tamen
2569 1177 3031 1246 percipiamus.'Si
3056 1193 3214 1231 cures
3249 1179 3409 1245 piam,
3463 1195 3568 1234 non

1955 1265 2198 1330 divitem,
2234 1267 2435 1322 ducere
2469 1285 2692 1323 uxorem
2721 1273 2737 1301 ί
2761 1312 2774 1330 ,
2806 1270 2905 1324 hac
2933 1270 3126 1325 frueris
3149 1271 3520 1326 cous«ilatione
3553 1291 3564 1326 :

1949 1355 2311 1425 similiterque
2350 1360 2392 1412 si
2422 1375 2580 1414 cures
2607 1362 2773 1415 tilium
2800 1377 2904 1414 non
2929 1362 3264 1432 opulentum,
3295 1363 3389 1418 sed
3422 1364 3566 1434 pium

1956 1449 2284 1518 relinquere,
2318 1453 2360 1505 si
2387 1453 2549 1506 filiam
2582 1465 2814 1520 castam,
2847 1454 2949 1509 hac
2987 1456 3112 1510 item
3147 1456 3346 1511 frueris
3381 1473 3569 1512 conso-

1957 1541 2177 1596 latione.
2213 1542 2268 1597 Si
2316 1544 2430 1597 hatc
2473 1561 2652 1608 cures,
2705 1557 2757 1599 ιιι
2784 1563 3000 1616 quoque
3041 1546 3161 1602 talis
3190 1551 3319 1603 eris.
3354 1550 3414 1604 Et
3452 1551 3568 1605 inec

1953 1649 2078 1702 pars
2109 1637 2319 1692 virtutis
2344 1649 2446 1704 est,
2475 1639 2611 1693 tales
2635 1640 2833 1708 eligere
2865 1641 3092 1705 amicos,
3121 1658 3366 1710 uxorem,
3404 1645 3562 1700 filios.

2027 1725 2323 1783 Oblntiones
2349 1747 2441 1800 pro
2470 1730 2749 1798 defunctis.
2777 1762 2848 1771 -—
2879 1731 2995 1786 Non
3030 1732 3224 1788 frustra
3257 1735 3564 1791 oblatioocs

1953 1835 2049 1887 pro
2077 1821 2345 1876 defunctis
2379 1823 2542 1889 fiunt,
2578 1840 2684 1878 non
2724 1827 2920 1879 frustra
2961 1842 3186 1897 preces,
3234 1844 3337 1882 non
3370 1831 3562 1884 h'ustia

1951 1912 2316 1984 eleemosyum
2347 1932 2359 1966 :
2394 1915 2508 1969 lure
2538 1917 2718 1969 omnia
2766 1917 3003 1986 Spiritus
3047 1920 3334 1989 disposuit,
3378 1924 3564 1978 volens

1953 2014 2005 2055 ιιι
2056 2018 2153 2057 nos
2204 2015 2395 2058 mutuo
2431 2007 2707 2076 juventus.
2773 2009 2906 2064 Vide
2948 2026 3181 2080 namque
3217 2031 3228 2066 :
3264 2014 3353 2068 ille
3386 2031 3481 2084 per
3513 2026 3564 2069 te

1953 2095 2237 2149 utilitatem
2280 2100 2495 2164 accipit,
2529 2111 2583 2152 ιιι
2617 2113 2835 2170 propter
2864 2101 3013 2155 illum
3040 2103 3245 2173 jttvaris
3275 2124 3288 2158 :
3319 2117 3565 2161 contem-

1953 2186 2105 2254 psisti
2149 2203 2303 2256 opes,
2340 2190 2593 2245 inductus
2623 2193 2687 2245 ad
2712 2194 2837 2261 quid
2867 2210 3132 2264 generose
3161 2199 3559 2266 praestandum;

1950 2286 2005 2330 et
2047 2287 2098 2330 ιιι
2141 2279 2238 2346 ipsi
2269 2280 2477 2346 salutis,
2506 2291 2560 2335 et
2592 2283 2680 2337 ille
2712 2283 2804 2338 tibi
2829 2286 3192 2357 elceiuosynaz
3221 2298 3410 2344 auctor
3440 2290 3558 2345 fuit.

1950 2367 2027 2422 Ne
2055 2370 2292 2435 dubites,
2326 2374 2499 2440 ipsum
2531 2374 2658 2444 quid
2695 2375 2816 2429 boni
2848 2376 3228 2447 decerpturum
3262 2399 3402 2435 esse.
3447 2384 3561 2438 Non

1952 2461 2146 2514 frustra
2181 2463 2382 2517 clamat
2410 2464 2673 2520 diaconus
2708 2485 2718 2518 :
2753 2467 2856 2522 Pro
2888 2468 2952 2522 iis
2982 2473 3071 2538 qui
3109 2471 3160 2524 in
3199 2472 3415 2527 Christo
3467 2476 3567 2531 de-

1950 2554 2115 2608 functi
2147 2566 2293 2617 sunt,
2326 2566 2382 2610 et
2405 2574 2500 2626 pro
2530 2558 2594 2611 iis
2622 2559 2712 2627 qui
2745 2561 2958 2614 illorum
2989 2564 3302 2618 memoriam
3331 2569 3559 2622 faciunt:

1952 2661 2056 2698 non
2098 2646 2361 2702 diaconus
2391 2649 2529 2703 hanc
2557 2651 2756 2705 emittit
2787 2669 2998 2718 Vocem,
3048 2659 3140 2710 sed
3174 2657 3407 2725 Spiritus
3433 2678 3562 2717 sau-

1948 2749 2101 2802 ctus;
2137 2738 2259 2793 dico
2288 2753 2470 2794 autem
2501 2741 2702 2795 donum
2733 2746 2872 2810 ejus.
2905 2746 3042 2813 Quid
3073 2749 3250 2802 dicis?
3297 2751 3352 2804 lit
3391 2756 3564 2808 maui-

1951 2831 2048 2883 bus
2092 2842 2175 2885 est
2225 2833 2421 2895 hostia,
2474 2845 2525 2887 ct
2563 2838 2743 2890 omnia
2799 2849 2983 2907 parata
3036 2852 3281 2908 prostant
3319 2861 3331 2895 :
3364 2845 3564 2901 adsunt

1947 2928 2144 2994 augt-li,
2180 2927 2488 2996 archangeli
2518 2946 2531 2993 ;
2564 2929 2718 2983 adest
2751 2929 2915 2984 Filius
2945 2931 3038 2986 Dei
3067 2950 3080 2996 ;
3110 2951 3231 2988 cum
3261 2944 3409 2991 tanto
3438 2937 3565 2993 hor-

1948 3033 2070 3070 rore
2103 3018 2318 3072 adstant
2349 3034 2573 3084 omnes;
2635 3021 2851 3075 adstant
2881 3023 2956 3076 illi
2989 3023 3289 3081 clamantes
3312 3031 3564 3084 omnibus

1945 3109 2235 3164 silentibus
2266 3131 2278 3163 :
2311 3123 2364 3166 et
2394 3123 2549 3180 putas
2583 3113 2697 3167 hrne
2738 3114 2934 3168 frustra
2985 3118 3145 3170 fieri?
3193 3117 3335 3189 Ergo
3373 3131 3429 3176 et
3456 3125 3560 3177 alia

1946 3203 2164 3265 frustra,
2197 3214 2252 3258 et
2296 3220 2417 3274 qua:
2470 3223 2566 3273 pro
2601 3205 2862 3272 Ecclesia,
2900 3219 2953 3261 et
2979 3225 3099 3279 qua:
3129 3225 3227 3279 pro
3257 3214 3560 3268 sacerdoti-

1945 3295 2043 3348 bus
2087 3295 2404 3360 offeruntur,
2453 3306 2508 3352 et
2548 3314 2667 3366 quae
2700 3314 2795 3367 pro
2827 3300 3161 3368 plenitudine
3195 3299 3319 3372 (a)?
3371 3305 3556 3367 Absit;

1942 3389 2036 3443 sed
2066 3392 2243 3442 omnia
2276 3405 2398 3442 cum
2430 3391 2533 3444 fide
2565 3393 2716 3444 fiunt.
2747 3393 2884 3458 Quid
2920 3405 3073 3462 putas
3105 3410 3201 3462 pro
3229 3399 3560 3466 martyribus

1941 3484 2146 3549 offerri,
2193 3483 2336 3553 quod
2369 3495 2629 3539 VOCt'llllll'
2659 3485 2710 3538 in
2742 3485 2828 3537 illa
2858 3486 3035 3539 hora?
3094 3486 3245 3541 Licet
3288 3500 3559 3561 martyres

1941 3579 2066 3637 sint,
2099 3580 2262 3631 etiam
2298 3594 2393 3646 pro
2423 3577 2770 3648 martyribus,
2829 3595 3054 3648 magnus
3087 3580 3260 3634 honor
3291 3585 3557 3639 nominari

1943 3671 2172 3724 Domino
2202 3680 2492 3740 praesente,
2536 3673 2661 3723 dum
2699 3688 2844 3726 mors
2875 3672 2963 3726 illa
2996 3674 3291 3741 perficitur,
3329 3676 3558 3733 horreu-

1939 3764 2065 3816 dum
2099 3764 2445 3829 sacrificium,
2478 3765 2764 3818 ineffabilia
2787 3769 3552 3836 mysteria.Quemadmodum

1937 3856 2082 3908 enim
2111 3855 2334 3910 sedente
2363 3855 2716 3924 litiperatorc,
2753 3873 3110 3928 qunecumque
3142 3863 3373 3917 voluerit
3399 3871 3554 3934 quis-

1941 3949 2100 4014 piam,
2151 3948 2403 4018 prrficit;
2456 3949 2546 4001 nlui
2588 3957 2770 4002 autem
2820 3952 3144 4013 surrexerit.
3199 3969 3556 4026 qua'cumque

1935 4043 2152 4102 dixerit,
2185 4041 2382 4096 frustra
2407 4041 2536 4094 dicit
2575 4059 2586 4091 τ
2618 4043 2686 4094 ita
2715 4053 2768 4096 et
2802 4051 2952 4108 tune,
2997 4046 3256 4114 quamdiu
3309 4061 3555 4116 prostant

1937 4136 2217 4204 mysteria,
2261 4133 2517 4187 omnibus
2563 4135 2738 4188 honor
2779 4136 3051 4190 maximus
3081 4145 3165 4190 est
3207 4139 3257 4191 in
3290 4143 3552 4196 memoria

1936 4227 2146 4280 haberi.
2184 4225 2314 4279 Vide
2341 4227 2485 4280 enim
2513 4243 2525 4278 :
2555 4228 2905 4281 anntmtiatnr
2929 4239 3056 4283 tunc
3083 4234 3396 4300 mysterium
3424 4235 3553 4289 hor-

1932 4319 2183 4384 rendum,
2209 4319 2349 4389 quod
2375 4336 2472 4389 pro
2500 4320 2703 4374 mundo
2723 4322 2959 4390 seipsmu
2989 4323 3131 4377 Deus
3151 4323 3358 4379 dederit
3388 4345 3399 4380 :
3427 4342 3550 4382 cum

1934 4415 2192 4469 miraculo
2222 4415 2314 4468 illo
2346 4426 2652 4484 opportune
2683 4425 2949 4469 memorat
2976 4417 3065 4468 ille
3092 4432 3207 4484 eos,
3239 4419 3328 4488 qui
3361 4435 3549 4488 pecca-

1933 4518 2143 4562 verunt.
2193 4509 2344 4566 Sicut
2383 4509 2527 4562 enim
2575 4508 2790 4577 quando
2839 4509 3186 4577 triumphalia
3232 4527 3418 4583 regum
3451 4514 3551 4569 du-

1932 4613 2148 4666 cuntur,
2207 4612 2334 4656 tunc
2379 4603 2727 4656 celebrantur
2769 4602 2933 4655 etiam
2990 4612 3258 4674 quotquot
3303 4607 3546 4663 victorize

1931 4697 2062 4750 socii
2099 4695 2351 4758 fuerunt;
2381 4693 2726 4746 dimittuntur
2757 4694 2920 4748 etiam
2956 4695 3011 4758 ii,
3067 4697 3154 4763 qtti
3209 4698 3260 4750 in
3319 4699 3548 4755 vinculis

1929 4797 2076 4852 sunt,
2102 4787 2172 4840 ob
2203 4786 2464 4854 temporis
2495 4785 2903 4849 celebritatem;
2957 4787 3144 4854 elapso
3187 4799 3367 4844 autem
3407 4801 3546 4846 teni-

1931 4897 2081 4950 pore,
2107 4881 2194 4949 qui
2224 4878 2356 4932 nihil
2388 4885 2713 4947 assequutus
2743 4887 2844 4941 est,
2871 4879 3020 4933 nullo
3051 4877 3245 4935 fruitur
3277 4900 3289 4935 :
3322 4885 3390 4937 ita
3415 4899 3546 4942 sane

1932 4973 2037 5035 hic,
2068 4969 2471 5039 triumphalium
2504 4979 2715 5037 tempus
2741 4981 2846 5023 est.
2898 4969 3030 5022 Nam
3061 4970 3155 5032 ait,
3185 4971 3543 5035 Quotiescum-

1927 5083 2024 5136 que
2051 5065 2371 5124 manducetis
2400 5079 2586 5131 panem
2614 5063 2770 5127 hunc,
2824 5073 3038 5116 mortem
3087 5062 3296 5118 Domini
3339 5085 3546 5121 annun-

1930 5160 2068 5211 tiatis
2095 5158 2169 5225 (Ι.
2210 5157 2328 5210 Cor.
2372 5158 2455 5209 Η.
2484 5155 2597 5216 26).
2659 5155 2843 5226 Itaque
2880 5171 2947 5210 ne
2992 5167 3288 5228 utcumque
3315 5163 3546 5215 acceda-

1932 5269 2073 5316 mus,
2109 5268 2208 5306 tn-c
2236 5261 2441 5305 temere
2479 5250 2594 5303 haec
2624 5248 2739 5303 fieri
2766 5259 3038 5320 putemus.
3071 5251 3324 5321 Alioquin
3359 5264 3542 5309 autem

1930 5357 2196 5416 martyres
2224 5357 2610 5405 memoramus,
2636 5353 2688 5395 et
2713 5341 2816 5397 hoc
2841 5343 2892 5396 in
2923 5342 3106 5407 fidem,
3135 5346 3278 5415 quod
3298 5347 3410 5415 jam
3441 5349 3548 5402 Do-

1933 5443 2113 5492 minus
2145 5447 2393 5491 mortuus
2434 5452 2539 5488 non
2570 5435 2637 5488 sit
2664 5452 2677 5500 ;
2713 5435 2894 5489 ethoc
2928 5437 3138 5506 signum
3169 5448 3252 5492 est
3276 5450 3545 5493 mortuam

1994 5575 2009 5606 ι
2048 5573 2189 5622 Alius
2211 5573 2382 5628 habet,
2407 5571 2449 5620 si
2481 5584 2621 5620 cures
2644 5583 2740 5619 non
2764 5568 2965 5620 divitem
3001 5569 3086 5622 sed
3113 5575 3246 5635 pium
3268 5580 3312 5624 et
3344 5588 3543 5637 gravem

1927 5637 2108 5688 ducere
2133 5649 2349 5686 uxorem.
2618 5643 2624 5648 ‘

1991 5713 2060 5761 tu)
2091 5707 2340 5749 l)onn:eus
2363 5704 2600 5761 opinatur
2628 5699 2733 5748 hrec.
2758 5701 2816 5748 ad
2841 5701 2978 5767 illam
3003 5696 3226 5767 liturgia‘
3247 5701 3549 5767 particulam

1921 5760 2174 5825 spectare,
2219 5777 2267 5818 tt;
2306 5760 2496 5822 βασιλιιας
2529 5778 2690 5822 ἢὺρεινῶν
2720 5777 2914 5824 πλήρωμα.
2949 5761 3076 5820 Quid
3105 5760 3142 5807 si
3171 5760 3415 5815 dtcamum
3445 5764 3552 5810 hac

1924 5831 1982 5875 ad
2015 5827 2256 5875 licclesiie
2283 5828 2656 5887 plenitudinem
2680 5827 2878 5884 referri,
2898 5839 3012 5886 quae
3034 5827 3185 5873 etiam
3209 5830 3414 5887 weatnr
3439 5829 3553 5883 plc-

1927 5889 2100 5939 nitudo
2126 5886 2434 5946 sanctOrum,
2458 5891 2573 5950 quia
2601 5887 2758 5937 sancti
2790 5887 2838 5934 in
2864 5887 2955 5936 hac
2980 5892 3083 5935 Vtta
3105 5886 3341 5944 precibus
3367 5893 3544 5947 egent.
