  <div class='ocr_page' id='page_1' title='image "/cluster/home/n/w/nwhite01/storage/ocr_20150623/60/ien.35556001660885/177.png"; bbox 0 0 4068 6426; ppageno 0'>
   <div class='ocr_carea' id='block_1_1' title="bbox 521 429 615 487">
    <p class='ocr_par' dir='ltr' id='par_1_1' title="bbox 521 429 615 487">
     <span class='ocr_line' id='line_1_1' title="bbox 521 429 615 487; baseline -0.032 0"><span class='ocrx_word' id='word_1_1' title='bbox 521 429 615 487; x_wconf 66' lang='lat' dir='ltr'><strong>t&#39;ii</strong></span> 
     </span>
    </p>
   </div>
   <div class='ocr_carea' id='block_1_2' title="bbox 527 486 2110 582">
    <p class='ocr_par' dir='ltr' id='par_1_2' title="bbox 527 486 2110 582">
     <span class='ocr_line' id='line_1_2' title="bbox 527 486 2110 582; baseline -0.03 0"><span class='ocrx_word' id='word_1_2' title='bbox 527 538 645 582; x_wconf 80' lang='lat' dir='ltr'><strong>esse</strong></span> <span class='ocrx_word' id='word_1_3' title='bbox 692 526 961 578; x_wconf 88' lang='lat' dir='ltr'><strong>mortem,</strong></span> <span class='ocrx_word' id='word_1_4' title='bbox 1008 505 1149 579; x_wconf 88' lang='lat' dir='ltr'><strong>quod</strong></span> <span class='ocrx_word' id='word_1_5' title='bbox 1197 503 1286 558; x_wconf 89' lang='lat' dir='ltr'><strong>ille</strong></span> <span class='ocrx_word' id='word_1_6' title='bbox 1326 508 1567 554; x_wconf 89' lang='lat' dir='ltr'><strong>mortuus</strong></span> <span class='ocrx_word' id='word_1_7' title='bbox 1606 490 1784 546; x_wconf 82' lang='lat' dir='ltr'><strong>fuerit.</strong></span> <span class='ocrx_word' id='word_1_8' title='bbox 1818 486 1941 540; x_wconf 72' lang='lat' dir='ltr'><strong>llaec</strong></span> <span class='ocrx_word' id='word_1_9' title='bbox 1988 496 2110 535; x_wconf 84' lang='lat' dir='ltr'><strong>eum</strong></span> 
     </span>
    </p>
   </div>
   <div class='ocr_carea' id='block_1_3' title="bbox 526 572 2113 672">
    <p class='ocr_par' dir='ltr' id='par_1_3' title="bbox 526 572 2113 672">
     <span class='ocr_line' id='line_1_3' title="bbox 526 572 2113 672; baseline -0.03 -1"><span class='ocrx_word' id='word_1_10' title='bbox 526 617 781 672; x_wconf 77' lang='lat' dir='ltr'><strong>sciamus,</strong></span> <span class='ocrx_word' id='word_1_11' title='bbox 836 601 1238 661; x_wconf 82' lang='lat' dir='ltr'><strong>consideremus</strong></span> <span class='ocrx_word' id='word_1_12' title='bbox 1281 599 1508 664; x_wconf 86' lang='lat' dir='ltr'><strong>quantas</strong></span> <span class='ocrx_word' id='word_1_13' title='bbox 1555 593 1838 655; x_wconf 84' lang='lat' dir='ltr'><strong>possumus</strong></span> <span class='ocrx_word' id='word_1_14' title='bbox 1865 572 2113 630; x_wconf 68' lang='lat' dir='ltr'><strong>consida—</strong></span> 
     </span>
    </p>
   </div>
   <div class='ocr_carea' id='block_1_4' title="bbox 529 663 2116 765">
    <p class='ocr_par' dir='ltr' id='par_1_4' title="bbox 529 663 2116 765">
     <span class='ocr_line' id='line_1_4' title="bbox 529 663 2116 765; baseline -0.03 -3"><span class='ocrx_word' id='word_1_15' title='bbox 529 713 704 765; x_wconf 84' lang='lat' dir='ltr'><strong>tiones</strong></span> <span class='ocrx_word' id='word_1_16' title='bbox 752 699 1020 758; x_wconf 77' lang='lat' dir='ltr'><strong>defunctis</strong></span> <span class='ocrx_word' id='word_1_17' title='bbox 1067 692 1335 749; x_wconf 77' lang='lat' dir='ltr'><strong>conferre,</strong></span> <span class='ocrx_word' id='word_1_18' title='bbox 1381 682 1499 736; x_wconf 85' lang='lat' dir='ltr'><strong>vice</strong></span> <span class='ocrx_word' id='word_1_19' title='bbox 1552 678 1932 745; x_wconf 79' lang='lat' dir='ltr'><strong>lacrymarum,</strong></span> <span class='ocrx_word' id='word_1_20' title='bbox 2001 663 2116 716; x_wconf 85' lang='lat' dir='ltr'><strong>vice</strong></span> 
     </span>
    </p>
   </div>
   <div class='ocr_carea' id='block_1_5' title="bbox 525 770 2112 858">
    <p class='ocr_par' dir='ltr' id='par_1_5' title="bbox 525 770 2112 858">
     <span class='ocr_line' id='line_1_5' title="bbox 525 770 2112 858; baseline -0.033 -1"><span class='ocrx_word' id='word_1_21' title='bbox 525 803 768 858; x_wconf 86' lang='lat' dir='ltr'><strong>lletnum,</strong></span> <span class='ocrx_word' id='word_1_22' title='bbox 805 795 924 847; x_wconf 90' lang='lat' dir='ltr'><strong>vice</strong></span> <span class='ocrx_word' id='word_1_23' title='bbox 969 787 1458 842; x_wconf 73' lang='lat' dir='ltr'><strong>monumentorum,</strong></span> <span class='ocrx_word' id='word_1_24' title='bbox 1491 770 1867 834; x_wconf 79' lang='lat' dir='ltr'><strong>elecmosynas</strong></span> <span class='ocrx_word' id='word_1_25' title='bbox 1897 771 2112 823; x_wconf 88' lang='lat' dir='ltr'><strong>nempe,</strong></span> 
     </span>
    </p>
   </div>
   <div class='ocr_carea' id='block_1_6' title="bbox 528 877 1631 928">
    <p class='ocr_par' dir='ltr' id='par_1_6' title="bbox 528 877 1631 928">
     <span class='ocr_line' id='line_1_6' title="bbox 528 877 1631 928; baseline -0.029 -8"><span class='ocrx_word' id='word_1_26' title='bbox 528 877 1631 928; x_wconf 75' lang='lat'><strong>___________________.._._——</strong></span> 
     </span>
    </p>
   </div>
   <div class='ocr_carea' id='block_1_7' title="bbox 1292 367 3095 460">
    <p class='ocr_par' dir='ltr' id='par_1_7' title="bbox 1292 367 3095 460">
     <span class='ocr_line' id='line_1_7' title="bbox 1292 367 3095 460; baseline -0.024 1"><span class='ocrx_word' id='word_1_27' title='bbox 1292 405 1347 460; x_wconf 90' lang='lat' dir='ltr'><strong>S.</strong></span> <span class='ocrx_word' id='word_1_28' title='bbox 1387 395 1664 458; x_wconf 55' lang='lat' dir='ltr'><strong>103Nle</strong></span> <span class='ocrx_word' id='word_1_29' title='bbox 1690 382 2160 448; x_wconf 71' lang='lat' dir='ltr'><strong>CHRYSOSTOMI</strong></span> <span class='ocrx_word' id='word_1_30' title='bbox 2205 376 2518 437; x_wconf 68' lang='lat' dir='ltr'><strong>AllClllEl‘.</strong></span> <span class='ocrx_word' id='word_1_31' title='bbox 2557 367 3095 429; x_wconf 66' lang='lat' dir='ltr'><strong>CONS&#39;l&#39;ANTIthP.</strong></span> 
     </span>
    </p>
   </div>
   <div class='ocr_carea' id='block_1_8' title="bbox 1641 859 2546 885">
    <p class='ocr_par' dir='ltr' id='par_1_8' title="bbox 1641 859 2546 885">
     <span class='ocr_line' id='line_1_8' title="bbox 1641 859 2546 885; baseline -0.03 1"><span class='ocrx_word' id='word_1_32' title='bbox 1641 859 2546 885; x_wconf 81' lang='lat'><strong>________._______...____</strong></span> 
     </span>
    </p>
   </div>
   <div class='ocr_carea' id='block_1_9' title="bbox 3728 351 3838 406">
    <p class='ocr_par' dir='ltr' id='par_1_9' title="bbox 3728 351 3838 406">
     <span class='ocr_line' id='line_1_9' title="bbox 3728 351 3838 406; baseline -0.027 -1"><span class='ocrx_word' id='word_1_33' title='bbox 3728 351 3838 406; x_wconf 65' lang='grc'><strong>172</strong></span> 
     </span>
    </p>
   </div>
   <div class='ocr_carea' id='block_1_10' title="bbox 2222 454 3835 533">
    <p class='ocr_par' dir='ltr' id='par_1_10' title="bbox 2222 454 3835 533">
     <span class='ocr_line' id='line_1_10' title="bbox 2222 454 3835 533; baseline -0.018 -5"><span class='ocrx_word' id='word_1_34' title='bbox 2222 476 2512 533; x_wconf 85' lang='lat' dir='ltr'><strong>orationes,</strong></span> <span class='ocrx_word' id='word_1_35' title='bbox 2539 470 2872 524; x_wconf 84' lang='lat' dir='ltr'><strong>oblationes;</strong></span> <span class='ocrx_word' id='word_1_36' title='bbox 2906 477 2960 519; x_wconf 89' lang='lat' dir='ltr'><strong>ut</strong></span> <span class='ocrx_word' id='word_1_37' title='bbox 2982 461 3127 517; x_wconf 93' lang='lat' dir='ltr'><strong>etilli</strong></span> <span class='ocrx_word' id='word_1_38' title='bbox 3155 470 3209 514; x_wconf 89' lang='lat' dir='ltr'><strong>et</strong></span> <span class='ocrx_word' id='word_1_39' title='bbox 3232 471 3330 511; x_wconf 90' lang='lat' dir='ltr'><strong>nos</strong></span> <span class='ocrx_word' id='word_1_40' title='bbox 3355 454 3618 524; x_wconf 64' lang='lat' dir='ltr'><strong>promissa</strong></span> <span class='ocrx_word' id='word_1_41' title='bbox 3639 463 3835 503; x_wconf 72' lang='lat' dir='ltr'><strong>conse-</strong></span> 
     </span>
    </p>
   </div>
   <div class='ocr_carea' id='block_1_11' title="bbox 2221 538 3833 637">
    <p class='ocr_par' dir='ltr' id='par_1_11' title="bbox 2221 538 3833 637">
     <span class='ocr_line' id='line_1_11' title="bbox 2221 538 3833 637; baseline -0.019 -18"><span class='ocrx_word' id='word_1_42' title='bbox 2221 580 2448 637; x_wconf 87' lang='lat' dir='ltr'><strong>quatnnr</strong></span> <span class='ocrx_word' id='word_1_43' title='bbox 2470 563 2606 616; x_wconf 88' lang='lat' dir='ltr'><strong>bona</strong></span> <span class='ocrx_word' id='word_1_44' title='bbox 2635 557 2655 624; x_wconf 79' lang='lat'><strong>,&#39;</strong></span> <span class='ocrx_word' id='word_1_45' title='bbox 2689 562 2858 629; x_wconf 88' lang='lat' dir='ltr'><strong>gratia</strong></span> <span class='ocrx_word' id='word_1_46' title='bbox 2887 565 2942 611; x_wconf 85' lang='lat' dir='ltr'><strong>et</strong></span> <span class='ocrx_word' id='word_1_47' title='bbox 2972 553 3300 621; x_wconf 81' lang='lat' dir='ltr'><strong>benignitate</strong></span> <span class='ocrx_word' id='word_1_48' title='bbox 3341 541 3606 611; x_wconf 77' lang='lat' dir='ltr'><strong>unigeniti</strong></span> <span class='ocrx_word' id='word_1_49' title='bbox 3653 538 3784 592; x_wconf 84' lang='lat' dir='ltr'><strong>Filii</strong></span> <span class='ocrx_word' id='word_1_50' title='bbox 3815 577 3833 598; x_wconf 88' lang='lat'><em>.</em></span> 
     </span>
    </p>
   </div>
   <div class='ocr_carea' id='block_1_12' title="bbox 2224 633 3837 728">
    <p class='ocr_par' dir='ltr' id='par_1_12' title="bbox 2224 633 3837 728">
     <span class='ocr_line' id='line_1_12' title="bbox 2224 633 3837 728; baseline -0.02 -14"><span class='ocrx_word' id='word_1_51' title='bbox 2224 661 2440 728; x_wconf 80' lang='lat' dir='ltr'><strong>quicum</strong></span> <span class='ocrx_word' id='word_1_52' title='bbox 2466 657 2606 710; x_wconf 78' lang='lat' dir='ltr'><strong>l’atri</strong></span> <span class='ocrx_word' id='word_1_53' title='bbox 2637 665 2688 707; x_wconf 92' lang='lat' dir='ltr'><strong>et</strong></span> <span class='ocrx_word' id='word_1_54' title='bbox 2728 651 2947 721; x_wconf 78' lang='lat' dir='ltr'><strong>Spiritui</strong></span> <span class='ocrx_word' id='word_1_55' title='bbox 2980 656 3166 702; x_wconf 89' lang='lat' dir='ltr'><strong>saneto</strong></span> <span class='ocrx_word' id='word_1_56' title='bbox 3192 643 3358 711; x_wconf 76' lang='lat' dir='ltr'><strong>gloria</strong></span> <span class='ocrx_word' id='word_1_57' title='bbox 3385 683 3398 704; x_wconf 96' lang='lat'><strong>,</strong></span> <span class='ocrx_word' id='word_1_58' title='bbox 3424 638 3621 700; x_wconf 81' lang='lat' dir='ltr'><strong>honor,</strong></span> <span class='ocrx_word' id='word_1_59' title='bbox 3657 633 3837 701; x_wconf 84' lang='lat' dir='ltr'><strong>impe—</strong></span> 
     </span>
    </p>
   </div>
   <div class='ocr_carea' id='block_1_13' title="bbox 2226 725 3835 815">
    <p class='ocr_par' dir='ltr' id='par_1_13' title="bbox 2226 725 3835 815">
     <span class='ocr_line' id='line_1_13' title="bbox 2226 725 3835 815; baseline -0.02 -9"><span class='ocrx_word' id='word_1_60' title='bbox 2226 753 2388 815; x_wconf 90' lang='lat' dir='ltr'><strong>rium,</strong></span> <span class='ocrx_word' id='word_1_61' title='bbox 2405 764 2546 805; x_wconf 91' lang='lat' dir='ltr'><strong>nunc</strong></span> <span class='ocrx_word' id='word_1_62' title='bbox 2565 756 2619 800; x_wconf 92' lang='lat' dir='ltr'><strong>et</strong></span> <span class='ocrx_word' id='word_1_63' title='bbox 2638 758 2873 814; x_wconf 86' lang='lat' dir='ltr'><strong>semper,</strong></span> <span class='ocrx_word' id='word_1_64' title='bbox 2895 752 2948 796; x_wconf 92' lang='lat' dir='ltr'><strong>et</strong></span> <span class='ocrx_word' id='word_1_65' title='bbox 2969 741 3021 794; x_wconf 91' lang='lat' dir='ltr'><strong>in</strong></span> <span class='ocrx_word' id='word_1_66' title='bbox 3041 737 3235 792; x_wconf 83' lang='lat' dir='ltr'><strong>saecula</strong></span> <span class='ocrx_word' id='word_1_67' title='bbox 3258 731 3602 788; x_wconf 67' lang='lat' dir='ltr'><strong>surculorum.</strong></span> <span class='ocrx_word' id='word_1_68' title='bbox 3623 725 3835 779; x_wconf 76' lang='lat' dir='ltr'><strong>Amen.</strong></span> 
     </span>
    </p>
   </div>
   <div class='ocr_carea' id='block_1_14' title="bbox 2555 835 3674 869">
    <p class='ocr_par' dir='ltr' id='par_1_14' title="bbox 2555 847 3160 869">
     <span class='ocr_line' id='line_1_14' title="bbox 2555 847 3160 869; baseline -0.03 1"><span class='ocrx_word' id='word_1_69' title='bbox 2555 851 3043 869; x_wconf 84' lang='lat'><strong>....__.______.</strong></span> <span class='ocrx_word' id='word_1_70' title='bbox 3078 848 3128 858; x_wconf 88' lang='lat'><strong>_.</strong></span> <span class='ocrx_word' id='word_1_71' title='bbox 3149 847 3160 857; x_wconf 91' lang='lat'><em>_</em></span> 
     </span>
    </p>
   </div>
   <div class='ocr_carea' id='block_1_15' title="bbox 3683 831 3836 842">
    <p class='ocr_par' dir='ltr' id='par_1_15' title="bbox 3683 831 3836 842">
     <span class='ocr_line' id='line_1_15' title="bbox 3683 831 3836 842; baseline -0.02 0"><span class='ocrx_word' id='word_1_72' title='bbox 3683 831 3836 842; x_wconf 66' lang='grc' dir='ltr'><strong>-η</strong></span> 
     </span>
    </p>
   </div>
   <div class='ocr_carea' id='block_1_16' title="bbox 1924 916 2532 984">
    <p class='ocr_par' dir='ltr' id='par_1_16' title="bbox 1924 916 2532 984">
     <span class='ocr_line' id='line_1_16' title="bbox 1924 916 2532 984; baseline -0.016 1"><span class='ocrx_word' id='word_1_73' title='bbox 1924 917 2276 984; x_wconf 83' lang='lat' dir='ltr'><strong>HOMILIA</strong></span> <span class='ocrx_word' id='word_1_74' title='bbox 2320 916 2532 978; x_wconf 81' lang='lat' dir='ltr'><strong>XXII.</strong></span> 
     </span>
    </p>
   </div>
   <div class='ocr_carea' id='block_1_17' title="bbox 523 1053 2125 1153">
    <p class='ocr_par' dir='ltr' id='par_1_17' title="bbox 523 1053 2125 1153">
     <span class='ocr_line' id='line_1_17' title="bbox 523 1053 2125 1153; baseline -0.034 -1"><span class='ocrx_word' id='word_1_75' title='bbox 523 1099 652 1153; x_wconf 64' lang='lat' dir='ltr'><strong>Car.</strong></span> <span class='ocrx_word' id='word_1_76' title='bbox 697 1092 780 1146; x_wconf 85' lang='grc'><strong>10.</strong></span> <span class='ocrx_word' id='word_1_77' title='bbox 823 1102 874 1140; x_wconf 88' lang='lat' dir='ltr'><strong>v.</strong></span> <span class='ocrx_word' id='word_1_78' title='bbox 916 1086 968 1139; x_wconf 76' lang='lat' dir='ltr'><strong>i.</strong></span> <span class='ocrx_word' id='word_1_79' title='bbox 1011 1078 1099 1133; x_wconf 78' lang='lat' dir='ltr'><strong>Vir</strong></span> <span class='ocrx_word' id='word_1_80' title='bbox 1125 1085 1292 1130; x_wconf 83' lang='lat' dir='ltr'><strong>autem</strong></span> <span class='ocrx_word' id='word_1_81' title='bbox 1310 1069 1516 1141; x_wconf 89' lang='lat' dir='ltr'><strong>quidam</strong></span> <span class='ocrx_word' id='word_1_82' title='bbox 1540 1068 1649 1117; x_wconf 85' lang='lat' dir='ltr'><strong>erat</strong></span> <span class='ocrx_word' id='word_1_83' title='bbox 1675 1074 1728 1112; x_wconf 79' lang='lat' dir='ltr'><strong>in</strong></span> <span class='ocrx_word' id='word_1_84' title='bbox 1757 1053 1989 1109; x_wconf 80' lang='lat' dir='ltr'><strong>Ctesarea</strong></span> <span class='ocrx_word' id='word_1_85' title='bbox 2022 1061 2125 1100; x_wconf 90' lang='lat' dir='ltr'><strong>no-</strong></span> 
     </span>
    </p>
   </div>
   <div class='ocr_carea' id='block_1_18' title="bbox 642 1138 2131 1240">
    <p class='ocr_par' dir='ltr' id='par_1_18' title="bbox 642 1138 2131 1240">
     <span class='ocr_line' id='line_1_18' title="bbox 642 1138 2131 1240; baseline -0.034 0"><span class='ocrx_word' id='word_1_86' title='bbox 642 1191 719 1240; x_wconf 87' lang='lat' dir='ltr'><strong>ine</strong></span> <span class='ocrx_word' id='word_1_87' title='bbox 737 1181 1019 1240; x_wconf 71' lang='lat' dir='ltr'><strong>Cornelius,</strong></span> <span class='ocrx_word' id='word_1_88' title='bbox 1052 1168 1277 1226; x_wconf 83' lang='lat' dir='ltr'><strong>centurio</strong></span> <span class='ocrx_word' id='word_1_89' title='bbox 1307 1180 1369 1217; x_wconf 88' lang='lat' dir='ltr'><strong>ex</strong></span> <span class='ocrx_word' id='word_1_90' title='bbox 1394 1160 1623 1218; x_wconf 82' lang='lat' dir='ltr'><strong>cohorte,</strong></span> <span class='ocrx_word' id='word_1_91' title='bbox 1647 1166 1760 1220; x_wconf 73' lang='lat' dir='ltr'><strong>qua</strong></span> <span class='ocrx_word' id='word_1_92' title='bbox 1783 1155 1990 1201; x_wconf 81' lang='lat' dir='ltr'><strong>vocatur</strong></span> <span class='ocrx_word' id='word_1_93' title='bbox 2017 1138 2131 1193; x_wconf 86' lang='lat' dir='ltr'><strong>Ita-</strong></span> 
     </span>
    </p>
   </div>
   <div class='ocr_carea' id='block_1_19' title="bbox 745 1235 2119 1343">
    <p class='ocr_par' dir='ltr' id='par_1_19' title="bbox 745 1235 2119 1343">
     <span class='ocr_line' id='line_1_19' title="bbox 745 1235 2119 1343; baseline -0.036 -10"><span class='ocrx_word' id='word_1_94' title='bbox 745 1278 802 1332; x_wconf 79' lang='lat'><strong>‘2.</strong></span> <span class='ocrx_word' id='word_1_95' title='bbox 840 1274 1101 1343; x_wconf 85' lang='lat' dir='ltr'><strong>religiosus</strong></span> <span class='ocrx_word' id='word_1_96' title='bbox 1145 1278 1204 1315; x_wconf 91' lang='lat' dir='ltr'><strong>ac</strong></span> <span class='ocrx_word' id='word_1_97' title='bbox 1245 1259 1422 1313; x_wconf 89' lang='lat' dir='ltr'><strong>timens</strong></span> <span class='ocrx_word' id='word_1_98' title='bbox 1470 1251 1630 1305; x_wconf 87' lang='lat' dir='ltr'><strong>Deum</strong></span> <span class='ocrx_word' id='word_1_99' title='bbox 1666 1259 1781 1300; x_wconf 85' lang='lat' dir='ltr'><strong>cum</strong></span> <span class='ocrx_word' id='word_1_100' title='bbox 1807 1239 1943 1295; x_wconf 87' lang='lat' dir='ltr'><strong>omni</strong></span> <span class='ocrx_word' id='word_1_101' title='bbox 1969 1235 2119 1289; x_wconf 87' lang='lat' dir='ltr'><strong>domo</strong></span> 
     </span>
    </p>
   </div>
   <div class='ocr_carea' id='block_1_20' title="bbox 597 1332 2120 1440">
    <p class='ocr_par' dir='ltr' id='par_1_20' title="bbox 597 1332 2120 1440">
     <span class='ocr_line' id='line_1_20' title="bbox 597 1332 2120 1440; baseline -0.035 -10"><span class='ocrx_word' id='word_1_102' title='bbox 759 1332 956 1440; x_wconf 65' lang='lat' dir='ltr'><strong>facien;</strong></span> <span class='ocrx_word' id='word_1_103' title='bbox 988 1362 1326 1424; x_wconf 80' lang='lat' dir='ltr'><strong>eleemosynas</strong></span> <span class='ocrx_word' id='word_1_104' title='bbox 1357 1344 1543 1400; x_wconf 83' lang='lat' dir='ltr'><strong>multas</strong></span> <span class='ocrx_word' id='word_1_105' title='bbox 1569 1339 1721 1410; x_wconf 85' lang='lat' dir='ltr'><strong>plebi,</strong></span> <span class='ocrx_word' id='word_1_106' title='bbox 1767 1343 1811 1388; x_wconf 89' lang='lat' dir='ltr'><strong>et</strong></span> <span class='ocrx_word' id='word_1_107' title='bbox 1844 1332 2120 1399; x_wconf 71' lang='lat' dir='ltr'><strong>deprecans</strong></span> 
     </span>
    </p>
   </div>
   <div class='ocr_carea' id='block_1_21' title="bbox 602 1415 2118 1525">
    <p class='ocr_par' dir='ltr' id='par_1_21' title="bbox 602 1415 2118 1525">
     <span class='ocr_line' id='line_1_21' title="bbox 602 1415 2118 1525; baseline -0.035 -4"><span class='ocrx_word' id='word_1_108' title='bbox 602 1415 770 1521; x_wconf 55' lang='lat' dir='ltr'><strong>Datim.</strong></span> <span class='ocrx_word' id='word_1_109' title='bbox 805 1471 1000 1525; x_wconf 91' lang='lat' dir='ltr'><strong>semper</strong></span> <span class='ocrx_word' id='word_1_110' title='bbox 1029 1467 1046 1506; x_wconf 89' lang='lat'><strong><em>:</em></strong></span> <span class='ocrx_word' id='word_1_111' title='bbox 1074 1451 1127 1506; x_wconf 77' lang='grc'><strong>5.</strong></span> <span class='ocrx_word' id='word_1_112' title='bbox 1168 1448 1213 1500; x_wconf 90' lang='lat' dir='ltr'><strong>is</strong></span> <span class='ocrx_word' id='word_1_113' title='bbox 1260 1442 1384 1497; x_wconf 83' lang='lat' dir='ltr'><strong>vidit</strong></span> <span class='ocrx_word' id='word_1_114' title='bbox 1422 1439 1475 1490; x_wconf 89' lang='lat' dir='ltr'><strong>in</strong></span> <span class='ocrx_word' id='word_1_115' title='bbox 1514 1434 1623 1488; x_wconf 78' lang='lat' dir='ltr'><strong>risu</strong></span> <span class='ocrx_word' id='word_1_116' title='bbox 1671 1425 1938 1494; x_wconf 76' lang='lat' dir='ltr'><strong>manifeste</strong></span> <span class='ocrx_word' id='word_1_117' title='bbox 1973 1415 2118 1489; x_wconf 86' lang='lat' dir='ltr'><strong>quasi</strong></span> 
     </span>
    </p>
   </div>
   <div class='ocr_carea' id='block_1_22' title="bbox 597 1517 2120 1616">
    <p class='ocr_par' dir='ltr' id='par_1_22' title="bbox 597 1517 2120 1616">
     <span class='ocr_line' id='line_1_22' title="bbox 597 1517 2120 1616; baseline -0.034 -1"><span class='ocrx_word' id='word_1_118' title='bbox 597 1564 723 1616; x_wconf 82' lang='lat' dir='ltr'><strong>hora</strong></span> <span class='ocrx_word' id='word_1_119' title='bbox 753 1555 853 1608; x_wconf 89' lang='lat' dir='ltr'><strong>diei</strong></span> <span class='ocrx_word' id='word_1_120' title='bbox 882 1564 1039 1612; x_wconf 89' lang='lat' dir='ltr'><strong>nona,</strong></span> <span class='ocrx_word' id='word_1_121' title='bbox 1087 1541 1323 1612; x_wconf 80' lang='lat' dir='ltr'><strong>angelum</strong></span> <span class='ocrx_word' id='word_1_122' title='bbox 1366 1531 1461 1587; x_wconf 86' lang='lat' dir='ltr'><strong>Dei</strong></span> <span class='ocrx_word' id='word_1_123' title='bbox 1502 1530 1836 1583; x_wconf 74' lang='lat' dir='ltr'><strong>introeuntem</strong></span> <span class='ocrx_word' id='word_1_124' title='bbox 1863 1517 1929 1570; x_wconf 88' lang='lat' dir='ltr'><strong>ad</strong></span> <span class='ocrx_word' id='word_1_125' title='bbox 1954 1529 2007 1568; x_wconf 86' lang='lat' dir='ltr'><strong>se</strong></span> <span class='ocrx_word' id='word_1_126' title='bbox 2026 1555 2039 1574; x_wconf 92' lang='lat'><strong>,</strong></span> <span class='ocrx_word' id='word_1_127' title='bbox 2071 1519 2120 1564; x_wconf 89' lang='lat' dir='ltr'><strong>et</strong></span> 
     </span>
    </p>
   </div>
   <div class='ocr_carea' id='block_1_23' title="bbox 598 1606 2122 1706">
    <p class='ocr_par' dir='ltr' id='par_1_23' title="bbox 598 1606 2122 1706">
     <span class='ocr_line' id='line_1_23' title="bbox 598 1606 2122 1706; baseline -0.034 0"><span class='ocrx_word' id='word_1_128' title='bbox 598 1653 843 1706; x_wconf 74' lang='lat' dir='ltr'><strong>dicentem</strong></span> <span class='ocrx_word' id='word_1_129' title='bbox 873 1641 986 1702; x_wconf 86' lang='lat' dir='ltr'><strong>sibi,</strong></span> <span class='ocrx_word' id='word_1_130' title='bbox 1019 1632 1241 1693; x_wconf 82' lang='lat' dir='ltr'><strong>Corneli.</strong></span> <span class='ocrx_word' id='word_1_131' title='bbox 1270 1630 1325 1683; x_wconf 74' lang='grc'><strong>4.</strong></span> <span class='ocrx_word' id='word_1_132' title='bbox 1352 1625 1412 1679; x_wconf 81' lang='lat' dir='ltr'><strong>At</strong></span> <span class='ocrx_word' id='word_1_133' title='bbox 1438 1621 1526 1676; x_wconf 81' lang='lat' dir='ltr'><strong>ille</strong></span> <span class='ocrx_word' id='word_1_134' title='bbox 1550 1619 1749 1673; x_wconf 87' lang='lat' dir='ltr'><strong>intuens</strong></span> <span class='ocrx_word' id='word_1_135' title='bbox 1779 1626 1914 1672; x_wconf 88' lang='lat' dir='ltr'><strong>eum,</strong></span> <span class='ocrx_word' id='word_1_136' title='bbox 1945 1606 2122 1658; x_wconf 84' lang='lat' dir='ltr'><strong>timore</strong></span> 
     </span>
    </p>
   </div>
   <div class='ocr_carea' id='block_1_24' title="bbox 594 1695 2121 1810">
    <p class='ocr_par' dir='ltr' id='par_1_24' title="bbox 594 1695 2121 1810">
     <span class='ocr_line' id='line_1_24' title="bbox 594 1695 2121 1810; baseline -0.035 -10"><span class='ocrx_word' id='word_1_137' title='bbox 594 1751 855 1810; x_wconf 86' lang='lat' dir='ltr'><strong>correptus</strong></span> <span class='ocrx_word' id='word_1_138' title='bbox 876 1735 1046 1789; x_wconf 88' lang='lat' dir='ltr'><strong>dixit:</strong></span> <span class='ocrx_word' id='word_1_139' title='bbox 1076 1725 1212 1794; x_wconf 81' lang='lat' dir='ltr'><strong>Quid</strong></span> <span class='ocrx_word' id='word_1_140' title='bbox 1241 1731 1330 1784; x_wconf 88' lang='lat' dir='ltr'><strong>cst,</strong></span> <span class='ocrx_word' id='word_1_141' title='bbox 1368 1709 1623 1769; x_wconf 80' lang='lat' dir='ltr'><strong>Domine?</strong></span> <span class='ocrx_word' id='word_1_142' title='bbox 1654 1705 1796 1760; x_wconf 88' lang='lat' dir='ltr'><strong>Dixit</strong></span> <span class='ocrx_word' id='word_1_143' title='bbox 1819 1709 1985 1754; x_wconf 88' lang='lat' dir='ltr'><strong>autem</strong></span> <span class='ocrx_word' id='word_1_144' title='bbox 2009 1695 2121 1750; x_wconf 87' lang='lat' dir='ltr'><strong>illi:</strong></span> 
     </span>
    </p>
   </div>
   <div class='ocr_carea' id='block_1_25' title="bbox 601 1795 2123 1892">
    <p class='ocr_par' dir='ltr' id='par_1_25' title="bbox 601 1795 2123 1892">
     <span class='ocr_line' id='line_1_25' title="bbox 601 1795 2123 1892; baseline -0.033 0"><span class='ocrx_word' id='word_1_145' title='bbox 601 1837 869 1892; x_wconf 76' lang='lat' dir='ltr'><strong>Orationes</strong></span> <span class='ocrx_word' id='word_1_146' title='bbox 900 1838 1002 1881; x_wconf 69' lang='lat' dir='ltr'><strong>tua;</strong></span> <span class='ocrx_word' id='word_1_147' title='bbox 1027 1832 1072 1877; x_wconf 86' lang='lat' dir='ltr'><strong>et</strong></span> <span class='ocrx_word' id='word_1_148' title='bbox 1100 1821 1427 1885; x_wconf 73' lang='lat' dir='ltr'><strong>eleemosynte</strong></span> <span class='ocrx_word' id='word_1_149' title='bbox 1455 1819 1553 1862; x_wconf 78' lang='lat' dir='ltr'><strong>tua:</strong></span> <span class='ocrx_word' id='word_1_150' title='bbox 1576 1799 1913 1858; x_wconf 86' lang='lat' dir='ltr'><strong>ascenderunt</strong></span> <span class='ocrx_word' id='word_1_151' title='bbox 1945 1795 1998 1846; x_wconf 90' lang='lat' dir='ltr'><strong>in</strong></span> <span class='ocrx_word' id='word_1_152' title='bbox 2027 1806 2123 1844; x_wconf 82' lang='lat' dir='ltr'><strong>me-</strong></span> 
     </span>
    </p>
   </div>
   <div class='ocr_carea' id='block_1_26' title="bbox 597 1907 1339 1984">
    <p class='ocr_par' dir='ltr' id='par_1_26' title="bbox 597 1907 1339 1984">
     <span class='ocr_line' id='line_1_26' title="bbox 597 1907 1339 1984; baseline -0.035 -1"><span class='ocrx_word' id='word_1_153' title='bbox 597 1928 812 1982; x_wconf 86' lang='lat' dir='ltr'><strong>moriam</strong></span> <span class='ocrx_word' id='word_1_154' title='bbox 842 1923 895 1975; x_wconf 88' lang='lat' dir='ltr'><strong>in</strong></span> <span class='ocrx_word' id='word_1_155' title='bbox 922 1923 1192 1984; x_wconf 87' lang='lat' dir='ltr'><strong>conspectu</strong></span> <span class='ocrx_word' id='word_1_156' title='bbox 1227 1907 1339 1962; x_wconf 86' lang='lat' dir='ltr'><strong>Dei.</strong></span> 
     </span>
    </p>
   </div>
   <div class='ocr_carea' id='block_1_27' title="bbox 601 1974 2119 2075">
    <p class='ocr_par' dir='ltr' id='par_1_27' title="bbox 601 1974 2119 2075">
     <span class='ocr_line' id='line_1_27' title="bbox 601 1974 2119 2075; baseline -0.033 0"><span class='ocrx_word' id='word_1_157' title='bbox 601 2027 654 2075; x_wconf 84' lang='grc'><strong>1.</strong></span> <span class='ocrx_word' id='word_1_158' title='bbox 695 2018 791 2071; x_wconf 90' lang='lat' dir='ltr'><strong>llic</strong></span> <span class='ocrx_word' id='word_1_159' title='bbox 840 2026 948 2066; x_wconf 91' lang='lat' dir='ltr'><strong>non</strong></span> <span class='ocrx_word' id='word_1_160' title='bbox 993 2013 1111 2061; x_wconf 89' lang='lat' dir='ltr'><strong>erat</strong></span> <span class='ocrx_word' id='word_1_161' title='bbox 1152 1998 1390 2060; x_wconf 72' lang='lat' dir='ltr'><strong>Judacus,</strong></span> <span class='ocrx_word' id='word_1_162' title='bbox 1442 2004 1539 2045; x_wconf 92' lang='lat' dir='ltr'><strong>nec</strong></span> <span class='ocrx_word' id='word_1_163' title='bbox 1578 1984 1791 2040; x_wconf 80' lang='lat' dir='ltr'><strong>Vivebat</strong></span> <span class='ocrx_word' id='word_1_164' title='bbox 1822 1974 2119 2034; x_wconf 90' lang='lat' dir='ltr'><strong>secundum</strong></span> 
     </span>
    </p>
   </div>
   <div class='ocr_carea' id='block_1_28' title="bbox 533 2071 2124 2184">
    <p class='ocr_par' dir='ltr' id='par_1_28' title="bbox 533 2071 2124 2184">
     <span class='ocr_line' id='line_1_28' title="bbox 533 2071 2124 2184; baseline -0.033 -15"><span class='ocrx_word' id='word_1_165' title='bbox 533 2117 700 2184; x_wconf 75' lang='lat' dir='ltr'><strong>legem</strong></span> <span class='ocrx_word' id='word_1_166' title='bbox 727 2125 741 2173; x_wconf 88' lang='lat'><strong>;</strong></span> <span class='ocrx_word' id='word_1_167' title='bbox 782 2104 877 2161; x_wconf 86' lang='lat' dir='ltr'><strong>sed</strong></span> <span class='ocrx_word' id='word_1_168' title='bbox 912 2103 1021 2171; x_wconf 89' lang='lat' dir='ltr'><strong>jam</strong></span> <span class='ocrx_word' id='word_1_169' title='bbox 1054 2092 1522 2167; x_wconf 67' lang='lat' dir='ltr'><strong>pratoccnpaverat</strong></span> <span class='ocrx_word' id='word_1_170' title='bbox 1546 2078 1846 2135; x_wconf 91' lang='lat' dir='ltr'><strong>institutum</strong></span> <span class='ocrx_word' id='word_1_171' title='bbox 1876 2071 2000 2124; x_wconf 77' lang='lat' dir='ltr'><strong>vita:</strong></span> <span class='ocrx_word' id='word_1_172' title='bbox 2028 2080 2124 2120; x_wconf 93' lang='lat' dir='ltr'><strong>no-</strong></span> 
     </span>
     <span class='ocr_line' id='line_1_29' title="bbox 1260 2163 2120 2184; baseline -0.033 0"><span class='ocrx_word' id='word_1_173' title='bbox 1260 2183 1265 2184; x_wconf 63' lang='lat'><strong>,</strong></span> <span class='ocrx_word' id='word_1_174' title='bbox 1655 2170 1668 2184; x_wconf 87' lang='lat'><em>_</em></span> <span class='ocrx_word' id='word_1_175' title='bbox 1749 2183 1773 2184; x_wconf 14' lang='grc' dir='ltr'><em>νγ</em></span> <span class='ocrx_word' id='word_1_176' title='bbox 1882 2163 2016 2184; x_wconf 49' lang='lat' dir='ltr'><strong>mu</strong></span> <span class='ocrx_word' id='word_1_177' title='bbox 2071 2168 2120 2184; x_wconf 47' lang='grc' dir='ltr'><strong>Δ.</strong></span> 
     </span>
    </p>
   </div>
   <div class='ocr_carea' id='block_1_29' title="bbox 527 2163 2124 2260">
    <p class='ocr_par' dir='ltr' id='par_1_29' title="bbox 527 2163 2124 2260">
     <span class='ocr_line' id='line_1_30' title="bbox 527 2163 2124 2260; baseline -0.031 0"><span class='ocrx_word' id='word_1_178' title='bbox 527 2163 716 2260; x_wconf 58' lang='grc' dir='ltr'>ειῖιιιιι.</span> <span class='ocrx_word' id='word_1_179' title='bbox 752 2200 817 2254; x_wconf 84' lang='grc' dir='ltr'>Ει</span> <span class='ocrx_word' id='word_1_180' title='bbox 847 2194 967 2249; x_wconf 89' lang='lat' dir='ltr'><strong>vide</strong></span> <span class='ocrx_word' id='word_1_181' title='bbox 992 2190 1124 2246; x_wconf 87' lang='lat' dir='ltr'><strong>duos</strong></span> <span class='ocrx_word' id='word_1_182' title='bbox 1146 2183 1451 2240; x_wconf 89' lang='lat' dir='ltr'><strong>credentes,</strong></span> <span class='ocrx_word' id='word_1_183' title='bbox 1478 2170 1782 2229; x_wconf 90' lang='lat' dir='ltr'><strong>eunuchum</strong></span> <span class='ocrx_word' id='word_1_184' title='bbox 1806 2167 1859 2219; x_wconf 91' lang='lat' dir='ltr'><strong>in</strong></span> <span class='ocrx_word' id='word_1_185' title='bbox 1881 2163 2043 2222; x_wconf 82' lang='lat' dir='ltr'><strong>Gaza,</strong></span> <span class='ocrx_word' id='word_1_186' title='bbox 2068 2168 2124 2213; x_wconf 89' lang='lat' dir='ltr'><strong>et</strong></span> 
     </span>
    </p>
   </div>
   <div class='ocr_carea' id='block_1_30' title="bbox 530 2263 2122 2356">
    <p class='ocr_par' dir='ltr' id='par_1_30' title="bbox 530 2263 2122 2356">
     <span class='ocr_line' id='line_1_31' title="bbox 530 2263 2122 2356; baseline -0.032 -3"><span class='ocrx_word' id='word_1_187' title='bbox 530 2300 688 2356; x_wconf 85' lang='lat' dir='ltr'><strong>hunc,</strong></span> <span class='ocrx_word' id='word_1_188' title='bbox 720 2290 909 2346; x_wconf 86' lang='lat' dir='ltr'><strong>ambos</strong></span> <span class='ocrx_word' id='word_1_189' title='bbox 936 2286 987 2338; x_wconf 90' lang='lat' dir='ltr'><strong>in</strong></span> <span class='ocrx_word' id='word_1_190' title='bbox 1014 2273 1360 2350; x_wconf 76' lang='lat' dir='ltr'><strong>dignitatibus</strong></span> <span class='ocrx_word' id='word_1_191' title='bbox 1389 2264 1732 2322; x_wconf 89' lang='lat' dir='ltr'><strong>constitutos,</strong></span> <span class='ocrx_word' id='word_1_192' title='bbox 1767 2263 2122 2324; x_wconf 85' lang='lat' dir='ltr'><strong>magnamque</strong></span> 
     </span>
    </p>
   </div>
   <div class='ocr_carea' id='block_1_31' title="bbox 528 2346 2117 2443">
    <p class='ocr_par' dir='ltr' id='par_1_31' title="bbox 528 2346 2117 2443">
     <span class='ocr_line' id='line_1_32' title="bbox 528 2346 2117 2443; baseline -0.03 -3"><span class='ocrx_word' id='word_1_193' title='bbox 528 2393 595 2443; x_wconf 87' lang='lat' dir='ltr'><strong>de</strong></span> <span class='ocrx_word' id='word_1_194' title='bbox 620 2385 723 2442; x_wconf 87' lang='lat' dir='ltr'><strong>illis</strong></span> <span class='ocrx_word' id='word_1_195' title='bbox 761 2380 995 2436; x_wconf 78' lang='lat' dir='ltr'><strong>habitam</strong></span> <span class='ocrx_word' id='word_1_196' title='bbox 1044 2346 1250 2428; x_wconf 74' lang='lat' dir='ltr'><strong>curam.</strong></span> <span class='ocrx_word' id='word_1_197' title='bbox 1296 2361 1403 2417; x_wconf 88' lang='lat' dir='ltr'><strong>Sed</strong></span> <span class='ocrx_word' id='word_1_198' title='bbox 1438 2373 1504 2412; x_wconf 92' lang='lat' dir='ltr'><strong>ne</strong></span> <span class='ocrx_word' id='word_1_199' title='bbox 1532 2362 1688 2426; x_wconf 90' lang='lat' dir='ltr'><strong>putes</strong></span> <span class='ocrx_word' id='word_1_200' title='bbox 1713 2350 1782 2403; x_wconf 89' lang='lat' dir='ltr'><strong>ob</strong></span> <span class='ocrx_word' id='word_1_201' title='bbox 1812 2346 2117 2416; x_wconf 83' lang='lat' dir='ltr'><strong>dignitates.</strong></span> 
     </span>
    </p>
   </div>
   <div class='ocr_carea' id='block_1_32' title="bbox 530 2432 2122 2537">
    <p class='ocr_par' dir='ltr' id='par_1_32' title="bbox 530 2432 2122 2537">
     <span class='ocr_line' id='line_1_33' title="bbox 530 2432 2122 2537; baseline -0.033 1"><span class='ocrx_word' id='word_1_202' title='bbox 530 2483 644 2537; x_wconf 85' lang='lat' dir='ltr'><strong>Non</strong></span> <span class='ocrx_word' id='word_1_203' title='bbox 667 2493 728 2534; x_wconf 85' lang='lat' dir='ltr'><strong>ea</strong></span> <span class='ocrx_word' id='word_1_204' title='bbox 764 2475 831 2530; x_wconf 89' lang='lat' dir='ltr'><strong>de</strong></span> <span class='ocrx_word' id='word_1_205' title='bbox 874 2483 1056 2530; x_wconf 86' lang='lat' dir='ltr'><strong>causa,</strong></span> <span class='ocrx_word' id='word_1_206' title='bbox 1101 2459 1276 2522; x_wconf 86' lang='lat' dir='ltr'><strong>absit;</strong></span> <span class='ocrx_word' id='word_1_207' title='bbox 1308 2452 1401 2509; x_wconf 88' lang='lat' dir='ltr'><strong>sed</strong></span> <span class='ocrx_word' id='word_1_208' title='bbox 1436 2456 1652 2519; x_wconf 84' lang='lat' dir='ltr'><strong>propter</strong></span> <span class='ocrx_word' id='word_1_209' title='bbox 1679 2443 1951 2512; x_wconf 83' lang='lat' dir='ltr'><strong>pietatem.</strong></span> <span class='ocrx_word' id='word_1_210' title='bbox 1999 2432 2122 2487; x_wconf 87' lang='lat' dir='ltr'><strong>Ideo</strong></span> 
     </span>
    </p>
   </div>
   <div class='ocr_carea' id='block_1_33' title="bbox 528 2526 2124 2644">
    <p class='ocr_par' dir='ltr' id='par_1_33' title="bbox 528 2526 2124 2644">
     <span class='ocr_line' id='line_1_34' title="bbox 528 2526 2124 2644; baseline -0.034 -14"><span class='ocrx_word' id='word_1_211' title='bbox 528 2575 816 2644; x_wconf 75' lang='lat' dir='ltr'><strong>dignitates</strong></span> <span class='ocrx_word' id='word_1_212' title='bbox 847 2526 1203 2636; x_wconf 27' lang='lat' dir='ltr'><strong>positazvsunt,</strong></span> <span class='ocrx_word' id='word_1_213' title='bbox 1227 2559 1285 2603; x_wconf 92' lang='lat' dir='ltr'><strong>ut</strong></span> <span class='ocrx_word' id='word_1_214' title='bbox 1315 2545 1486 2615; x_wconf 87' lang='lat' dir='ltr'><strong>major</strong></span> <span class='ocrx_word' id='word_1_215' title='bbox 1507 2540 1675 2610; x_wconf 88' lang='lat' dir='ltr'><strong>pietas</strong></span> <span class='ocrx_word' id='word_1_216' title='bbox 1697 2535 1948 2589; x_wconf 75' lang='lat' dir='ltr'><strong>elucet-et.</strong></span> <span class='ocrx_word' id='word_1_217' title='bbox 1976 2526 2124 2579; x_wconf 78' lang='lat' dir='ltr'><strong>Mira-</strong></span> 
     </span>
    </p>
   </div>
   <div class='ocr_carea' id='block_1_34' title="bbox 529 2621 2124 2733">
    <p class='ocr_par' dir='ltr' id='par_1_34' title="bbox 529 2621 2124 2733">
     <span class='ocr_line' id='line_1_35' title="bbox 529 2621 2124 2733; baseline -0.034 -11"><span class='ocrx_word' id='word_1_218' title='bbox 529 2621 686 2723; x_wconf 73' lang='lat' dir='ltr'><strong>bilius</strong></span> <span class='ocrx_word' id='word_1_219' title='bbox 708 2621 902 2733; x_wconf 73' lang='lat' dir='ltr'><strong>quippe</strong></span> <span class='ocrx_word' id='word_1_220' title='bbox 927 2663 1029 2715; x_wconf 89' lang='lat' dir='ltr'><strong>est,</strong></span> <span class='ocrx_word' id='word_1_221' title='bbox 1063 2662 1183 2704; x_wconf 90' lang='lat' dir='ltr'><strong>cum</strong></span> <span class='ocrx_word' id='word_1_222' title='bbox 1205 2641 1326 2713; x_wconf 86' lang='lat' dir='ltr'><strong>quis</strong></span> <span class='ocrx_word' id='word_1_223' title='bbox 1352 2640 1403 2692; x_wconf 94' lang='lat' dir='ltr'><strong>in</strong></span> <span class='ocrx_word' id='word_1_224' title='bbox 1431 2632 1630 2689; x_wconf 75' lang='lat' dir='ltr'><strong>divitiis</strong></span> <span class='ocrx_word' id='word_1_225' title='bbox 1659 2636 1715 2682; x_wconf 91' lang='lat' dir='ltr'><strong>et</strong></span> <span class='ocrx_word' id='word_1_226' title='bbox 1739 2621 1978 2694; x_wconf 84' lang='lat' dir='ltr'><strong>potentia</strong></span> <span class='ocrx_word' id='word_1_227' title='bbox 1996 2634 2124 2673; x_wconf 88' lang='lat' dir='ltr'><strong>con-</strong></span> 
     </span>
     <span class='ocr_line' id='line_1_36' title="bbox 1548 2707 2122 2733; baseline -0.033 0"><span class='ocrx_word' id='word_1_228' title='bbox 1717 2718 1754 2733; x_wconf 23' lang='grc' dir='ltr'><strong>,κ</strong></span> <span class='ocrx_word' id='word_1_229' title='bbox 1788 2729 1829 2733; x_wconf 30' lang='grc' dir='ltr'><em>Α</em></span> <span class='ocrx_word' id='word_1_230' title='bbox 1988 2707 2122 2733; x_wconf 42' lang='grc' dir='ltr'><strong>ΜΨ,</strong></span> 
     </span>
    </p>
   </div>
   <div class='ocr_carea' id='block_1_35' title="bbox 529 2707 2124 2818">
    <p class='ocr_par' dir='ltr' id='par_1_35' title="bbox 529 2707 2124 2818">
     <span class='ocr_line' id='line_1_37' title="bbox 529 2707 2124 2818; baseline -0.034 -3"><span class='ocrx_word' id='word_1_231' title='bbox 529 2707 765 2818; x_wconf 68' lang='lat' dir='ltr'><strong>stitutus,</strong></span> <span class='ocrx_word' id='word_1_232' title='bbox 791 2707 910 2804; x_wconf 55' lang='lat' dir='ltr'><strong>tlalis</strong></span> <span class='ocrx_word' id='word_1_233' title='bbox 932 2743 1107 2798; x_wconf 81' lang='lat' dir='ltr'><strong>fuerit.</strong></span> <span class='ocrx_word' id='word_1_234' title='bbox 1137 2738 1298 2790; x_wconf 82' lang='lat' dir='ltr'><strong>Certe</strong></span> <span class='ocrx_word' id='word_1_235' title='bbox 1327 2740 1514 2796; x_wconf 86' lang='lat' dir='ltr'><strong>magna</strong></span> <span class='ocrx_word' id='word_1_236' title='bbox 1547 2721 1689 2776; x_wconf 89' lang='lat' dir='ltr'><strong>illius</strong></span> <span class='ocrx_word' id='word_1_237' title='bbox 1717 2718 1833 2770; x_wconf 89' lang='lat' dir='ltr'><strong>laus</strong></span> <span class='ocrx_word' id='word_1_238' title='bbox 1853 2722 1956 2776; x_wconf 91' lang='lat' dir='ltr'><strong>est,</strong></span> <span class='ocrx_word' id='word_1_239' title='bbox 1981 2707 2124 2780; x_wconf 91' lang='lat' dir='ltr'><strong>quod</strong></span> 
     </span>
    </p>
   </div>
   <div class='ocr_carea' id='block_1_36' title="bbox 531 2805 2127 2913">
    <p class='ocr_par' dir='ltr' id='par_1_36' title="bbox 531 2805 2127 2913">
     <span class='ocr_line' id='line_1_38' title="bbox 531 2805 2127 2913; baseline -0.033 -7"><span class='ocrx_word' id='word_1_240' title='bbox 531 2859 728 2906; x_wconf 82' lang='lat' dir='ltr'><strong>tantam</strong></span> <span class='ocrx_word' id='word_1_241' title='bbox 760 2833 1239 2913; x_wconf 87' lang='lat' dir='ltr'><strong>peregrinationem</strong></span> <span class='ocrx_word' id='word_1_242' title='bbox 1265 2820 1560 2888; x_wconf 85' lang='lat' dir='ltr'><strong>susciperet</strong></span> <span class='ocrx_word' id='word_1_243' title='bbox 1587 2855 1601 2878; x_wconf 95' lang='lat'><strong>,</strong></span> <span class='ocrx_word' id='word_1_244' title='bbox 1635 2825 1734 2865; x_wconf 88' lang='lat' dir='ltr'><strong>nec</strong></span> <span class='ocrx_word' id='word_1_245' title='bbox 1764 2805 1854 2860; x_wconf 89' lang='lat' dir='ltr'><strong>tali</strong></span> <span class='ocrx_word' id='word_1_246' title='bbox 1885 2813 2127 2870; x_wconf 89' lang='lat' dir='ltr'><strong>tempore</strong></span> 
     </span>
    </p>
   </div>
   <div class='ocr_carea' id='block_1_37' title="bbox 534 2903 2126 2996">
    <p class='ocr_par' dir='ltr' id='par_1_37' title="bbox 534 2903 2126 2996">
     <span class='ocr_line' id='line_1_39' title="bbox 534 2903 2126 2996; baseline -0.033 1"><span class='ocrx_word' id='word_1_247' title='bbox 534 2949 586 2996; x_wconf 91' lang='lat' dir='ltr'><strong>in</strong></span> <span class='ocrx_word' id='word_1_248' title='bbox 619 2943 701 2993; x_wconf 84' lang='lat' dir='ltr'><strong>via</strong></span> <span class='ocrx_word' id='word_1_249' title='bbox 733 2934 1013 2991; x_wconf 91' lang='lat' dir='ltr'><strong>lectionem</strong></span> <span class='ocrx_word' id='word_1_250' title='bbox 1041 2919 1442 2979; x_wconf 79' lang='lat' dir='ltr'><strong>interitiitteret,</strong></span> <span class='ocrx_word' id='word_1_251' title='bbox 1490 2916 1544 2963; x_wconf 89' lang='lat' dir='ltr'><strong>et</strong></span> <span class='ocrx_word' id='word_1_252' title='bbox 1574 2903 1713 2975; x_wconf 89' lang='lat' dir='ltr'><strong>quod</strong></span> <span class='ocrx_word' id='word_1_253' title='bbox 1743 2915 1905 2957; x_wconf 89' lang='lat' dir='ltr'><strong>curru</strong></span> <span class='ocrx_word' id='word_1_254' title='bbox 1944 2903 2126 2949; x_wconf 78' lang='lat' dir='ltr'><strong>vectus</strong></span> 
     </span>
    </p>
   </div>
   <div class='ocr_carea' id='block_1_38' title="bbox 536 2987 2126 3100">
    <p class='ocr_par' dir='ltr' id='par_1_38' title="bbox 536 2987 2126 3100">
     <span class='ocr_line' id='line_1_40' title="bbox 536 2987 2126 3100; baseline -0.033 -12"><span class='ocrx_word' id='word_1_255' title='bbox 536 3033 833 3100; x_wconf 84' lang='lat' dir='ltr'><strong>l&#39;hilippnm</strong></span> <span class='ocrx_word' id='word_1_256' title='bbox 867 3023 1174 3078; x_wconf 82' lang='lat' dir='ltr'><strong>advocaret,</strong></span> <span class='ocrx_word' id='word_1_257' title='bbox 1201 3008 1475 3073; x_wconf 89' lang='lat' dir='ltr'><strong>multaque</strong></span> <span class='ocrx_word' id='word_1_258' title='bbox 1503 2999 1605 3053; x_wconf 89' lang='lat' dir='ltr'><strong>alia</strong></span> <span class='ocrx_word' id='word_1_259' title='bbox 1637 3015 1651 3052; x_wconf 89' lang='lat'><strong>:</strong></span> <span class='ocrx_word' id='word_1_260' title='bbox 1681 3005 1933 3061; x_wconf 87' lang='lat' dir='ltr'><strong>magnum</strong></span> <span class='ocrx_word' id='word_1_261' title='bbox 1965 2987 2126 3040; x_wconf 89' lang='lat' dir='ltr'><strong>etiam</strong></span> 
     </span>
    </p>
   </div>
   <div class='ocr_carea' id='block_1_39' title="bbox 537 3082 2132 3185">
    <p class='ocr_par' dir='ltr' id='par_1_39' title="bbox 537 3082 2132 3185">
     <span class='ocr_line' id='line_1_41' title="bbox 537 3082 2132 3185; baseline -0.034 -4"><span class='ocrx_word' id='word_1_262' title='bbox 537 3128 592 3180; x_wconf 90' lang='lat' dir='ltr'><strong>in</strong></span> <span class='ocrx_word' id='word_1_263' title='bbox 621 3082 724 3178; x_wconf 39' lang='lat' dir='ltr'><strong>inici</strong></span> <span class='ocrx_word' id='word_1_264' title='bbox 749 3130 852 3180; x_wconf 77' lang='lat' dir='ltr'><strong>est,</strong></span> <span class='ocrx_word' id='word_1_265' title='bbox 888 3110 1029 3185; x_wconf 91' lang='lat' dir='ltr'><strong>quod</strong></span> <span class='ocrx_word' id='word_1_266' title='bbox 1057 3107 1430 3170; x_wconf 81' lang='lat' dir='ltr'><strong>clccmosynas</strong></span> <span class='ocrx_word' id='word_1_267' title='bbox 1461 3101 1515 3147; x_wconf 90' lang='lat' dir='ltr'><strong>et</strong></span> <span class='ocrx_word' id='word_1_268' title='bbox 1545 3101 1731 3160; x_wconf 88' lang='lat' dir='ltr'><strong>preces</strong></span> <span class='ocrx_word' id='word_1_269' title='bbox 1756 3084 2047 3141; x_wconf 85' lang='lat' dir='ltr'><strong>emitteret,</strong></span> <span class='ocrx_word' id='word_1_270' title='bbox 2075 3082 2132 3130; x_wconf 88' lang='lat' dir='ltr'><strong>et</strong></span> 
     </span>
    </p>
   </div>
   <div class='ocr_carea' id='block_1_40' title="bbox 535 3169 2130 3278">
    <p class='ocr_par' dir='ltr' id='par_1_40' title="bbox 535 3169 2130 3278">
     <span class='ocr_line' id='line_1_42' title="bbox 535 3169 2130 3278; baseline -0.034 -6"><span class='ocrx_word' id='word_1_271' title='bbox 535 3220 588 3272; x_wconf 94' lang='lat' dir='ltr'><strong>in</strong></span> <span class='ocrx_word' id='word_1_272' title='bbox 620 3223 768 3267; x_wconf 85' lang='lat' dir='ltr'><strong>tanto</strong></span> <span class='ocrx_word' id='word_1_273' title='bbox 796 3169 1090 3278; x_wconf 53' lang='lat' dir='ltr'><strong>prin-cipatu</strong></span> <span class='ocrx_word' id='word_1_274' title='bbox 1119 3195 1234 3267; x_wconf 88' lang='lat' dir='ltr'><strong>pius</strong></span> <span class='ocrx_word' id='word_1_275' title='bbox 1261 3169 1423 3246; x_wconf 82' lang='lat' dir='ltr'><strong>esset.</strong></span> <span class='ocrx_word' id='word_1_276' title='bbox 1471 3181 1624 3238; x_wconf 89' lang='lat' dir='ltr'><strong>Unde</strong></span> <span class='ocrx_word' id='word_1_277' title='bbox 1663 3186 1717 3231; x_wconf 91' lang='lat' dir='ltr'><strong>et</strong></span> <span class='ocrx_word' id='word_1_278' title='bbox 1744 3175 1812 3229; x_wconf 85' lang='lat' dir='ltr'><strong>ab</strong></span> <span class='ocrx_word' id='word_1_279' title='bbox 1843 3175 1945 3226; x_wconf 88' lang='lat' dir='ltr'><strong>hoc</strong></span> <span class='ocrx_word' id='word_1_280' title='bbox 1979 3169 2130 3223; x_wconf 89' lang='lat' dir='ltr'><strong>illum</strong></span> 
     </span>
    </p>
   </div>
   <div class='ocr_carea' id='block_1_41' title="bbox 541 3260 2128 3364">
    <p class='ocr_par' dir='ltr' id='par_1_41' title="bbox 541 3260 2128 3364">
     <span class='ocr_line' id='line_1_43' title="bbox 541 3260 2128 3364; baseline -0.033 0"><span class='ocrx_word' id='word_1_281' title='bbox 541 3317 723 3364; x_wconf 89' lang='lat' dir='ltr'><strong>notum</strong></span> <span class='ocrx_word' id='word_1_282' title='bbox 755 3260 883 3356; x_wconf 49' lang='lat' dir='ltr'><strong>la&#39;cit</strong></span> <span class='ocrx_word' id='word_1_283' title='bbox 913 3317 925 3351; x_wconf 89' lang='lat'><strong>:</strong></span> <span class='ocrx_word' id='word_1_284' title='bbox 961 3303 1014 3349; x_wconf 94' lang='lat' dir='ltr'><strong>et</strong></span> <span class='ocrx_word' id='word_1_285' title='bbox 1053 3290 1245 3346; x_wconf 89' lang='lat' dir='ltr'><strong>merito</strong></span> <span class='ocrx_word' id='word_1_286' title='bbox 1268 3325 1283 3348; x_wconf 96' lang='lat'><strong>,</strong></span> <span class='ocrx_word' id='word_1_287' title='bbox 1317 3291 1376 3335; x_wconf 88' lang='grc' dir='ltr'><strong>ιιι</strong></span> <span class='ocrx_word' id='word_1_288' title='bbox 1415 3293 1482 3332; x_wconf 91' lang='lat' dir='ltr'><strong>ne</strong></span> <span class='ocrx_word' id='word_1_289' title='bbox 1513 3274 1633 3345; x_wconf 89' lang='lat' dir='ltr'><strong>quis</strong></span> <span class='ocrx_word' id='word_1_290' title='bbox 1661 3270 1868 3325; x_wconf 84' lang='lat' dir='ltr'><strong>diceret</strong></span> <span class='ocrx_word' id='word_1_291' title='bbox 1913 3260 2128 3318; x_wconf 87' lang='lat' dir='ltr'><strong>mentiri</strong></span> 
     </span>
    </p>
   </div>
   <div class='ocr_carea' id='block_1_42' title="bbox 543 3359 2132 3468">
    <p class='ocr_par' dir='ltr' id='par_1_42' title="bbox 543 3359 2132 3468">
     <span class='ocr_line' id='line_1_44' title="bbox 543 3359 2132 3468; baseline -0.035 -10"><span class='ocrx_word' id='word_1_292' title='bbox 543 3401 940 3468; x_wconf 86' lang='lat' dir='ltr'><strong>Scripturarum</strong></span> <span class='ocrx_word' id='word_1_293' title='bbox 987 3381 1283 3439; x_wconf 85' lang='lat' dir='ltr'><strong>historiam.</strong></span> <span class='ocrx_word' id='word_1_294' title='bbox 1313 3373 1397 3426; x_wconf 85' lang='lat' dir='ltr'><strong>Ex</strong></span> <span class='ocrx_word' id='word_1_295' title='bbox 1421 3369 1644 3428; x_wconf 83' lang='lat' dir='ltr'><strong>cohorte,</strong></span> <span class='ocrx_word' id='word_1_296' title='bbox 1672 3359 1864 3429; x_wconf 81' lang='lat' dir='ltr'><strong>inquit,</strong></span> <span class='ocrx_word' id='word_1_297' title='bbox 1895 3369 2010 3423; x_wconf 80' lang='lat' dir='ltr'><strong>qutc</strong></span> <span class='ocrx_word' id='word_1_298' title='bbox 2043 3367 2132 3405; x_wconf 81' lang='lat' dir='ltr'><strong>vo-</strong></span> 
     </span>
    </p>
   </div>
   <div class='ocr_carea' id='block_1_43' title="bbox 539 3450 2131 3548">
    <p class='ocr_par' dir='ltr' id='par_1_43' title="bbox 539 3450 2131 3548">
     <span class='ocr_line' id='line_1_45' title="bbox 539 3450 2131 3548; baseline -0.036 1"><span class='ocrx_word' id='word_1_299' title='bbox 539 3450 750 3548; x_wconf 75' lang='lat' dir='ltr'><strong>cabalur</strong></span> <span class='ocrx_word' id='word_1_300' title='bbox 787 3483 991 3539; x_wconf 85' lang='lat' dir='ltr'><strong>Italica.</strong></span> <span class='ocrx_word' id='word_1_301' title='bbox 1022 3465 1229 3531; x_wconf 77' lang='lat' dir='ltr'><strong>Cohors</strong></span> <span class='ocrx_word' id='word_1_302' title='bbox 1269 3463 1345 3535; x_wconf 84' lang='grc' dir='ltr'><strong>(α)</strong></span> <span class='ocrx_word' id='word_1_303' title='bbox 1379 3468 1516 3523; x_wconf 90' lang='lat' dir='ltr'><strong>erat,</strong></span> <span class='ocrx_word' id='word_1_304' title='bbox 1551 3455 1600 3510; x_wconf 91' lang='lat' dir='ltr'><strong>id</strong></span> <span class='ocrx_word' id='word_1_305' title='bbox 1630 3450 1769 3522; x_wconf 89' lang='lat' dir='ltr'><strong>quod</strong></span> <span class='ocrx_word' id='word_1_306' title='bbox 1801 3461 1940 3504; x_wconf 91' lang='lat' dir='ltr'><strong>nunc</strong></span> <span class='ocrx_word' id='word_1_307' title='bbox 1970 3458 2131 3497; x_wconf 78' lang='lat' dir='ltr'><strong>voca-</strong></span> 
     </span>
    </p>
   </div>
   <div class='ocr_carea' id='block_1_44' title="bbox 544 3535 2131 3641">
    <p class='ocr_par' dir='ltr' id='par_1_44' title="bbox 544 3535 2131 3641">
     <span class='ocr_line' id='line_1_46' title="bbox 544 3535 2131 3641; baseline -0.035 0"><span class='ocrx_word' id='word_1_308' title='bbox 544 3601 662 3641; x_wconf 88' lang='lat' dir='ltr'><strong>mus</strong></span> <span class='ocrx_word' id='word_1_309' title='bbox 684 3586 988 3634; x_wconf 88' lang='lat' dir='ltr'><strong>munermu.</strong></span> <span class='ocrx_word' id='word_1_310' title='bbox 1023 3566 1145 3620; x_wconf 82' lang='lat' dir='ltr'><strong>Pius</strong></span> <span class='ocrx_word' id='word_1_311' title='bbox 1171 3577 1230 3614; x_wconf 89' lang='lat' dir='ltr'><strong>ac</strong></span> <span class='ocrx_word' id='word_1_312' title='bbox 1262 3558 1440 3610; x_wconf 89' lang='lat' dir='ltr'><strong>timens</strong></span> <span class='ocrx_word' id='word_1_313' title='bbox 1471 3549 1634 3602; x_wconf 87' lang='lat' dir='ltr'><strong>Deum</strong></span> <span class='ocrx_word' id='word_1_314' title='bbox 1664 3558 1778 3597; x_wconf 89' lang='lat' dir='ltr'><strong>cum</strong></span> <span class='ocrx_word' id='word_1_315' title='bbox 1807 3537 1945 3594; x_wconf 88' lang='lat' dir='ltr'><strong>omni</strong></span> <span class='ocrx_word' id='word_1_316' title='bbox 1982 3535 2131 3588; x_wconf 84' lang='lat' dir='ltr'><strong>domo</strong></span> 
     </span>
    </p>
   </div>
   <div class='ocr_carea' id='block_1_45' title="bbox 542 3628 2137 3732">
    <p class='ocr_par' dir='ltr' id='par_1_45' title="bbox 542 3628 2137 3732">
     <span class='ocr_line' id='line_1_47' title="bbox 542 3628 2137 3732; baseline -0.032 0"><span class='ocrx_word' id='word_1_317' title='bbox 542 3694 656 3732; x_wconf 82' lang='lat' dir='ltr'><strong>sua.</strong></span> <span class='ocrx_word' id='word_1_318' title='bbox 687 3672 811 3727; x_wconf 63' lang='lat' dir='ltr'><strong>llaec</strong></span> <span class='ocrx_word' id='word_1_319' title='bbox 852 3663 1000 3725; x_wconf 91' lang='lat' dir='ltr'><strong>dicit,</strong></span> <span class='ocrx_word' id='word_1_320' title='bbox 1047 3673 1114 3712; x_wconf 91' lang='lat' dir='ltr'><strong>ne</strong></span> <span class='ocrx_word' id='word_1_321' title='bbox 1142 3662 1297 3724; x_wconf 88' lang='lat' dir='ltr'><strong>putes</strong></span> <span class='ocrx_word' id='word_1_322' title='bbox 1334 3648 1404 3701; x_wconf 90' lang='lat' dir='ltr'><strong>ob</strong></span> <span class='ocrx_word' id='word_1_323' title='bbox 1438 3644 1752 3713; x_wconf 86' lang='lat' dir='ltr'><strong>dignitatem</strong></span> <span class='ocrx_word' id='word_1_324' title='bbox 1779 3634 1896 3702; x_wconf 90' lang='lat' dir='ltr'><strong>ejus</strong></span> <span class='ocrx_word' id='word_1_325' title='bbox 1922 3631 1998 3686; x_wconf 89' lang='lat' dir='ltr'><strong>sic</strong></span> <span class='ocrx_word' id='word_1_326' title='bbox 2027 3628 2137 3683; x_wconf 86' lang='lat' dir='ltr'><strong>dis-</strong></span> 
     </span>
    </p>
   </div>
   <div class='ocr_carea' id='block_1_46' title="bbox 543 3722 2131 3842">
    <p class='ocr_par' dir='ltr' id='par_1_46' title="bbox 543 3722 2131 3842">
     <span class='ocr_line' id='line_1_48' title="bbox 543 3722 2131 3842; baseline -0.034 -16"><span class='ocrx_word' id='word_1_327' title='bbox 543 3774 825 3842; x_wconf 88' lang='lat' dir='ltr'><strong>pensatum</strong></span> <span class='ocrx_word' id='word_1_328' title='bbox 866 3757 1052 3812; x_wconf 81' lang='lat' dir='ltr'><strong>fuisse.</strong></span> <span class='ocrx_word' id='word_1_329' title='bbox 1102 3743 1325 3816; x_wconf 83' lang='lat' dir='ltr'><strong>Quando</strong></span> <span class='ocrx_word' id='word_1_330' title='bbox 1356 3738 1574 3794; x_wconf 78' lang='lat' dir='ltr'><strong>Paulum</strong></span> <span class='ocrx_word' id='word_1_331' title='bbox 1605 3729 1796 3784; x_wconf 86' lang='lat' dir='ltr'><strong>adduci</strong></span> <span class='ocrx_word' id='word_1_332' title='bbox 1827 3722 2131 3794; x_wconf 85' lang='lat' dir='ltr'><strong>oportebat,</strong></span> 
     </span>
     <span class='ocr_line' id='line_1_49' title="bbox 1231 3812 2131 3842; baseline -0.031 26"><span class='ocrx_word' id='word_1_333' title='bbox 1231 3836 1262 3842; x_wconf 76' lang='grc'><strong><em>“</em></strong></span> <span class='ocrx_word' id='word_1_334' title='bbox 1371 3834 1379 3842; x_wconf 92' lang='grc'><strong>¹</strong></span> <span class='ocrx_word' id='word_1_335' title='bbox 1566 3831 1771 3842; x_wconf 54' lang='grc' dir='ltr'><strong>ν---ιιμ</strong></span> <span class='ocrx_word' id='word_1_336' title='bbox 1806 3830 1980 3842; x_wconf 70' lang='grc' dir='ltr'><strong>-Αι--ιΛ</strong></span> <span class='ocrx_word' id='word_1_337' title='bbox 2014 3812 2131 3842; x_wconf 31' lang='grc' dir='ltr'><strong>...ξίν</strong></span> 
     </span>
    </p>
   </div>
   <div class='ocr_carea' id='block_1_47' title="bbox 547 3812 2137 3926">
    <p class='ocr_par' dir='ltr' id='par_1_47' title="bbox 547 3812 2137 3926">
     <span class='ocr_line' id='line_1_50' title="bbox 547 3812 2137 3926; baseline -0.035 -8"><span class='ocrx_word' id='word_1_338' title='bbox 547 3812 654 3918; x_wconf 65' lang='lat' dir='ltr'><strong>lion</strong></span> <span class='ocrx_word' id='word_1_339' title='bbox 686 3854 925 3926; x_wconf 77' lang='lat' dir='ltr'><strong>angelus,</strong></span> <span class='ocrx_word' id='word_1_340' title='bbox 957 3844 1050 3900; x_wconf 90' lang='lat' dir='ltr'><strong>sed</strong></span> <span class='ocrx_word' id='word_1_341' title='bbox 1076 3843 1190 3912; x_wconf 89' lang='lat' dir='ltr'><strong>ipse</strong></span> <span class='ocrx_word' id='word_1_342' title='bbox 1231 3834 1485 3890; x_wconf 88' lang='lat' dir='ltr'><strong>Dominus</strong></span> <span class='ocrx_word' id='word_1_343' title='bbox 1517 3831 1773 3894; x_wconf 78' lang='lat' dir='ltr'><strong>apparet;</strong></span> <span class='ocrx_word' id='word_1_344' title='bbox 1806 3830 1982 3886; x_wconf 90' lang='lat' dir='ltr'><strong>neque</strong></span> <span class='ocrx_word' id='word_1_345' title='bbox 2014 3812 2137 3866; x_wconf 82' lang='lat' dir='ltr'><strong>mit-</strong></span> 
     </span>
    </p>
   </div>
   <div class='ocr_carea' id='block_1_48' title="bbox 548 3907 2135 4009">
    <p class='ocr_par' dir='ltr' id='par_1_48' title="bbox 548 3907 2135 4009">
     <span class='ocr_line' id='line_1_51' title="bbox 548 3907 2135 4009; baseline -0.035 0"><span class='ocrx_word' id='word_1_346' title='bbox 548 3956 610 4009; x_wconf 91' lang='lat' dir='ltr'><strong>tit</strong></span> <span class='ocrx_word' id='word_1_347' title='bbox 639 3907 786 4005; x_wconf 68' lang='lat' dir='ltr'><strong>eum0</strong></span> <span class='ocrx_word' id='word_1_348' title='bbox 809 3944 874 3998; x_wconf 87' lang='lat' dir='ltr'><strong>ad</strong></span> <span class='ocrx_word' id='word_1_349' title='bbox 913 3907 1150 4008; x_wconf 79' lang='lat' dir='ltr'><strong>aliquam</strong></span> <span class='ocrx_word' id='word_1_350' title='bbox 1193 3945 1258 3984; x_wconf 81' lang='lat' dir='ltr'><strong>ex</strong></span> <span class='ocrx_word' id='word_1_351' title='bbox 1289 3920 1572 3980; x_wconf 85' lang='lat' dir='ltr'><strong>duodecim</strong></span> <span class='ocrx_word' id='word_1_352' title='bbox 1611 3916 1736 3978; x_wconf 80' lang='lat' dir='ltr'><strong>illis,</strong></span> <span class='ocrx_word' id='word_1_353' title='bbox 1770 3908 1864 3966; x_wconf 87' lang='lat' dir='ltr'><strong>sed</strong></span> <span class='ocrx_word' id='word_1_354' title='bbox 1891 3907 1956 3960; x_wconf 89' lang='lat' dir='ltr'><strong>ad</strong></span> <span class='ocrx_word' id='word_1_355' title='bbox 1989 3907 2135 3958; x_wconf 81' lang='lat' dir='ltr'><strong>Ana-</strong></span> 
     </span>
    </p>
   </div>
   <div class='ocr_carea' id='block_1_49' title="bbox 548 4001 2134 4104">
    <p class='ocr_par' dir='ltr' id='par_1_49' title="bbox 548 4001 2134 4104">
     <span class='ocr_line' id='line_1_52' title="bbox 548 4001 2134 4104; baseline -0.033 -1"><span class='ocrx_word' id='word_1_356' title='bbox 548 4049 711 4104; x_wconf 91' lang='lat' dir='ltr'><strong>niam.</strong></span> <span class='ocrx_word' id='word_1_357' title='bbox 745 4041 839 4095; x_wconf 90' lang='lat' dir='ltr'><strong>llic</strong></span> <span class='ocrx_word' id='word_1_358' title='bbox 866 4050 991 4090; x_wconf 72' lang='lat' dir='ltr'><strong>vero</strong></span> <span class='ocrx_word' id='word_1_359' title='bbox 1018 4036 1224 4086; x_wconf 90' lang='lat' dir='ltr'><strong>contra,</strong></span> <span class='ocrx_word' id='word_1_360' title='bbox 1250 4017 1595 4090; x_wconf 70' lang='lat' dir='ltr'><strong>corypbzeum</strong></span> <span class='ocrx_word' id='word_1_361' title='bbox 1629 4009 1808 4070; x_wconf 88' lang='lat' dir='ltr'><strong>mittit,</strong></span> <span class='ocrx_word' id='word_1_362' title='bbox 1839 4014 1898 4057; x_wconf 90' lang='lat' dir='ltr'><strong>ut</strong></span> <span class='ocrx_word' id='word_1_363' title='bbox 1927 4001 2134 4068; x_wconf 82' lang='lat' dir='ltr'><strong>Philip-</strong></span> 
     </span>
    </p>
   </div>
   <div class='ocr_carea' id='block_1_50' title="bbox 547 4103 2135 4212">
    <p class='ocr_par' dir='ltr' id='par_1_50' title="bbox 547 4103 2135 4212">
     <span class='ocr_line' id='line_1_53' title="bbox 547 4103 2135 4212; baseline -0.031 -17"><span class='ocrx_word' id='word_1_364' title='bbox 547 4155 672 4212; x_wconf 89' lang='lat' dir='ltr'><strong>pum</strong></span> <span class='ocrx_word' id='word_1_365' title='bbox 695 4135 759 4189; x_wconf 92' lang='lat' dir='ltr'><strong>ad</strong></span> <span class='ocrx_word' id='word_1_366' title='bbox 782 4127 1108 4187; x_wconf 89' lang='lat' dir='ltr'><strong>eunuchum,</strong></span> <span class='ocrx_word' id='word_1_367' title='bbox 1133 4119 1340 4173; x_wconf 87' lang='lat' dir='ltr'><strong>illorum</strong></span> <span class='ocrx_word' id='word_1_368' title='bbox 1365 4103 1656 4165; x_wconf 89' lang='lat' dir='ltr'><strong>inlirmitati</strong></span> <span class='ocrx_word' id='word_1_369' title='bbox 1676 4117 1734 4154; x_wconf 88' lang='lat' dir='ltr'><strong>se</strong></span> <span class='ocrx_word' id='word_1_370' title='bbox 1755 4107 2135 4162; x_wconf 74' lang='lat' dir='ltr'><strong>attetmierans,</strong></span> 
     </span>
     <span class='ocr_line' id='line_1_54' title="bbox 1271 4185 2130 4212; baseline -0.03 21"><span class='ocrx_word' id='word_1_371' title='bbox 1501 4199 1533 4212; x_wconf 84' lang='grc'>-·</span> <span class='ocrx_word' id='word_1_372' title='bbox 1665 4200 1822 4212; x_wconf 57' lang='grc' dir='ltr'>ηιμ.</span> <span class='ocrx_word' id='word_1_373' title='bbox 1907 4185 2036 4212; x_wconf 56' lang='lat' dir='ltr'><strong>tu...“</strong></span> <span class='ocrx_word' id='word_1_374' title='bbox 2083 4193 2130 4212; x_wconf 69' lang='grc' dir='ltr'><strong>η.</strong></span> 
     </span>
    </p>
   </div>
   <div class='ocr_carea' id='block_1_51' title="bbox 547 4185 2137 4295">
    <p class='ocr_par' dir='ltr' id='par_1_51' title="bbox 547 4185 2137 4295">
     <span class='ocr_line' id='line_1_55' title="bbox 547 4185 2137 4295; baseline -0.033 -8"><span class='ocrx_word' id='word_1_375' title='bbox 547 4185 851 4295; x_wconf 67' lang='lat' dir='ltr'><strong>decensque</strong></span> <span class='ocrx_word' id='word_1_376' title='bbox 902 4213 1172 4290; x_wconf 91' lang='lat' dir='ltr'><strong>quomodo</strong></span> <span class='ocrx_word' id='word_1_377' title='bbox 1217 4205 1410 4262; x_wconf 84' lang='lat' dir='ltr'><strong>talibus</strong></span> <span class='ocrx_word' id='word_1_378' title='bbox 1460 4199 1538 4254; x_wconf 93' lang='lat' dir='ltr'><strong>nti</strong></span> <span class='ocrx_word' id='word_1_379' title='bbox 1584 4200 1849 4264; x_wconf 88' lang='lat' dir='ltr'><strong>eporteat.</strong></span> <span class='ocrx_word' id='word_1_380' title='bbox 1907 4185 2038 4240; x_wconf 86' lang='lat' dir='ltr'><strong>Nam</strong></span> <span class='ocrx_word' id='word_1_381' title='bbox 2082 4193 2137 4237; x_wconf 91' lang='lat' dir='ltr'><strong>ct</strong></span> 
     </span>
    </p>
   </div>
   <div class='ocr_carea' id='block_1_52' title="bbox 550 4283 2142 4380">
    <p class='ocr_par' dir='ltr' id='par_1_52' title="bbox 550 4283 2142 4380">
     <span class='ocr_line' id='line_1_56' title="bbox 550 4283 2142 4380; baseline -0.031 -1"><span class='ocrx_word' id='word_1_382' title='bbox 550 4283 796 4380; x_wconf 73' lang='lat' dir='ltr'><strong>Christus</strong></span> <span class='ocrx_word' id='word_1_383' title='bbox 839 4283 983 4380; x_wconf 69' lang='lat' dir='ltr'><strong>saepe</strong></span> <span class='ocrx_word' id='word_1_384' title='bbox 1010 4310 1231 4375; x_wconf 85' lang='lat' dir='ltr'><strong>apparet</strong></span> <span class='ocrx_word' id='word_1_385' title='bbox 1277 4299 1361 4359; x_wconf 88' lang='lat' dir='ltr'><strong>iis,</strong></span> <span class='ocrx_word' id='word_1_386' title='bbox 1413 4292 1502 4363; x_wconf 92' lang='lat' dir='ltr'><strong>qui</strong></span> <span class='ocrx_word' id='word_1_387' title='bbox 1533 4289 1674 4344; x_wconf 87' lang='lat' dir='ltr'><strong>mala</strong></span> <span class='ocrx_word' id='word_1_388' title='bbox 1714 4283 2008 4352; x_wconf 89' lang='lat' dir='ltr'><strong>patiuntur,</strong></span> <span class='ocrx_word' id='word_1_389' title='bbox 2044 4289 2142 4329; x_wconf 89' lang='lat' dir='ltr'><strong>nec</strong></span> 
     </span>
    </p>
   </div>
   <div class='ocr_carea' id='block_1_53' title="bbox 555 4377 2138 4488">
    <p class='ocr_par' dir='ltr' id='par_1_53' title="bbox 555 4377 2138 4488">
     <span class='ocr_line' id='line_1_57' title="bbox 555 4377 2138 4488; baseline -0.033 -16"><span class='ocrx_word' id='word_1_390' title='bbox 555 4421 782 4488; x_wconf 80' lang='lat' dir='ltr'><strong>possunt</strong></span> <span class='ocrx_word' id='word_1_391' title='bbox 809 4421 903 4477; x_wconf 89' lang='lat' dir='ltr'><strong>per</strong></span> <span class='ocrx_word' id='word_1_392' title='bbox 932 4418 990 4458; x_wconf 91' lang='lat' dir='ltr'><strong>se</strong></span> <span class='ocrx_word' id='word_1_393' title='bbox 1020 4395 1300 4453; x_wconf 88' lang='lat' dir='ltr'><strong>accedere.</strong></span> <span class='ocrx_word' id='word_1_394' title='bbox 1330 4386 1466 4442; x_wconf 75' lang='lat' dir='ltr'><strong>Vide</strong></span> <span class='ocrx_word' id='word_1_395' title='bbox 1493 4392 1671 4438; x_wconf 90' lang='lat' dir='ltr'><strong>autem</strong></span> <span class='ocrx_word' id='word_1_396' title='bbox 1700 4389 1754 4432; x_wconf 90' lang='lat' dir='ltr'><strong>et</strong></span> <span class='ocrx_word' id='word_1_397' title='bbox 1783 4377 1868 4430; x_wconf 90' lang='lat' dir='ltr'><strong>hic</strong></span> <span class='ocrx_word' id='word_1_398' title='bbox 1889 4416 1903 4436; x_wconf 93' lang='lat'><strong>,</strong></span> <span class='ocrx_word' id='word_1_399' title='bbox 1935 4383 2138 4440; x_wconf 68' lang='lat' dir='ltr'><strong>quaeso,</strong></span> 
     </span>
     <span class='ocr_line' id='line_1_58' title="bbox 1309 4461 2114 4488; baseline -0.025 20"><span class='ocrx_word' id='word_1_400' title='bbox 1309 4483 1320 4488; x_wconf 85' lang='grc'><strong><em>“</em></strong></span> <span class='ocrx_word' id='word_1_401' title='bbox 1544 4485 1553 4488; x_wconf 85' lang='grc'>·</span> <span class='ocrx_word' id='word_1_402' title='bbox 1634 4483 1644 4488; x_wconf 86' lang='grc'><strong><em>-</em></strong></span> <span class='ocrx_word' id='word_1_403' title='bbox 1678 4471 1780 4488; x_wconf 79' lang='grc'><strong><em>⁵11⁵-</em></strong></span> <span class='ocrx_word' id='word_1_404' title='bbox 1811 4469 1857 4488; x_wconf 74' lang='grc' dir='ltr'><strong>Ξ..</strong></span> <span class='ocrx_word' id='word_1_405' title='bbox 1893 4461 2114 4488; x_wconf 55' lang='grc' dir='ltr'>φλιιιιιιη</span> 
     </span>
    </p>
   </div>
   <div class='ocr_carea' id='block_1_54' title="bbox 557 4461 2141 4566">
    <p class='ocr_par' dir='ltr' id='par_1_54' title="bbox 557 4461 2141 4566">
     <span class='ocr_line' id='line_1_59' title="bbox 557 4461 2141 4566; baseline -0.034 -1"><span class='ocrx_word' id='word_1_406' title='bbox 557 4461 700 4564; x_wconf 60' lang='lat' dir='ltr'><strong>idiod</strong></span> <span class='ocrx_word' id='word_1_407' title='bbox 728 4503 1089 4566; x_wconf 74' lang='lat' dir='ltr'><strong>eleemosyna:</strong></span> <span class='ocrx_word' id='word_1_408' title='bbox 1115 4483 1452 4543; x_wconf 83' lang='lat' dir='ltr'><strong>cncominm;</strong></span> <span class='ocrx_word' id='word_1_409' title='bbox 1503 4485 1562 4528; x_wconf 90' lang='lat' dir='ltr'><strong>ut</strong></span> <span class='ocrx_word' id='word_1_410' title='bbox 1598 4483 1651 4527; x_wconf 93' lang='lat' dir='ltr'><strong>et</strong></span> <span class='ocrx_word' id='word_1_411' title='bbox 1678 4471 1786 4524; x_wconf 93' lang='lat' dir='ltr'><strong>illic</strong></span> <span class='ocrx_word' id='word_1_412' title='bbox 1811 4469 1862 4521; x_wconf 92' lang='lat' dir='ltr'><strong>in</strong></span> <span class='ocrx_word' id='word_1_413' title='bbox 1893 4461 2141 4518; x_wconf 86' lang='lat' dir='ltr'><strong>Tabitba.</strong></span> 
     </span>
    </p>
   </div>
   <div class='ocr_carea' id='block_1_55' title="bbox 567 4559 2140 4667">
    <p class='ocr_par' dir='ltr' id='par_1_55' title="bbox 567 4559 2140 4667">
     <span class='ocr_line' id='line_1_60' title="bbox 567 4559 2140 4667; baseline -0.029 -16"><span class='ocrx_word' id='word_1_414' title='bbox 567 4602 653 4653; x_wconf 79' lang='lat' dir='ltr'><strong>i&#39;ir</strong></span> <span class='ocrx_word' id='word_1_415' title='bbox 682 4598 816 4667; x_wconf 85' lang='lat' dir='ltr'><strong>pius,</strong></span> <span class='ocrx_word' id='word_1_416' title='bbox 848 4589 1038 4658; x_wconf 78' lang='lat' dir='ltr'><strong>inquit,</strong></span> <span class='ocrx_word' id='word_1_417' title='bbox 1066 4593 1110 4636; x_wconf 89' lang='lat' dir='ltr'><strong>et</strong></span> <span class='ocrx_word' id='word_1_418' title='bbox 1137 4581 1314 4633; x_wconf 86' lang='lat' dir='ltr'><strong>timens</strong></span> <span class='ocrx_word' id='word_1_419' title='bbox 1354 4572 1514 4624; x_wconf 88' lang='lat' dir='ltr'><strong>Deum</strong></span> <span class='ocrx_word' id='word_1_420' title='bbox 1555 4581 1666 4618; x_wconf 87' lang='lat' dir='ltr'><strong>cum</strong></span> <span class='ocrx_word' id='word_1_421' title='bbox 1697 4559 1833 4616; x_wconf 84' lang='lat' dir='ltr'><strong>omni</strong></span> <span class='ocrx_word' id='word_1_422' title='bbox 1860 4559 2007 4611; x_wconf 89' lang='lat' dir='ltr'><strong>domo</strong></span> <span class='ocrx_word' id='word_1_423' title='bbox 2028 4569 2140 4607; x_wconf 87' lang='lat' dir='ltr'><strong>sua.</strong></span> 
     </span>
    </p>
   </div>
   <div class='ocr_carea' id='block_1_56' title="bbox 563 4649 2146 4753">
    <p class='ocr_par' dir='ltr' id='par_1_56' title="bbox 563 4649 2146 4753">
     <span class='ocr_line' id='line_1_61' title="bbox 563 4649 2146 4753; baseline -0.032 -3"><span class='ocrx_word' id='word_1_424' title='bbox 563 4649 855 4750; x_wconf 73' lang='lat' dir='ltr'><strong>Audiamus</strong></span> <span class='ocrx_word' id='word_1_425' title='bbox 907 4684 1164 4753; x_wconf 88' lang='lat' dir='ltr'><strong>quotquot</strong></span> <span class='ocrx_word' id='word_1_426' title='bbox 1205 4667 1530 4726; x_wconf 89' lang='lat' dir='ltr'><strong>domesticos</strong></span> <span class='ocrx_word' id='word_1_427' title='bbox 1576 4659 1705 4714; x_wconf 90' lang='lat' dir='ltr'><strong>nihil</strong></span> <span class='ocrx_word' id='word_1_428' title='bbox 1748 4666 2018 4711; x_wconf 88' lang='lat' dir='ltr'><strong>curamus.</strong></span> <span class='ocrx_word' id='word_1_429' title='bbox 2051 4649 2146 4702; x_wconf 91' lang='lat' dir='ltr'><strong>llic</strong></span> 
     </span>
    </p>
   </div>
   <div class='ocr_carea' id='block_1_57' title="bbox 562 4747 2148 4840">
    <p class='ocr_par' dir='ltr' id='par_1_57' title="bbox 562 4747 2148 4840">
     <span class='ocr_line' id='line_1_62' title="bbox 562 4747 2148 4840; baseline -0.03 0"><span class='ocrx_word' id='word_1_430' title='bbox 562 4796 739 4840; x_wconf 87' lang='lat' dir='ltr'><strong>autem</strong></span> <span class='ocrx_word' id='word_1_431' title='bbox 787 4789 842 4835; x_wconf 88' lang='lat' dir='ltr'><strong>et</strong></span> <span class='ocrx_word' id='word_1_432' title='bbox 882 4775 1111 4831; x_wconf 90' lang='lat' dir='ltr'><strong>militum</strong></span> <span class='ocrx_word' id='word_1_433' title='bbox 1145 4777 1328 4820; x_wconf 90' lang='lat' dir='ltr'><strong>curam</strong></span> <span class='ocrx_word' id='word_1_434' title='bbox 1370 4755 1608 4828; x_wconf 84' lang='lat' dir='ltr'><strong>gerebat,</strong></span> <span class='ocrx_word' id='word_1_435' title='bbox 1657 4760 1710 4806; x_wconf 92' lang='lat' dir='ltr'><strong>et</strong></span> <span class='ocrx_word' id='word_1_436' title='bbox 1750 4747 2148 4812; x_wconf 79' lang='lat' dir='ltr'><strong>elecmOsynam</strong></span> 
     </span>
    </p>
   </div>
   <div class='ocr_carea' id='block_1_58' title="bbox 565 4832 2153 4941">
    <p class='ocr_par' dir='ltr' id='par_1_58' title="bbox 565 4832 2153 4941">
     <span class='ocr_line' id='line_1_63' title="bbox 565 4832 2153 4941; baseline -0.033 -8"><span class='ocrx_word' id='word_1_437' title='bbox 565 4875 821 4941; x_wconf 78' lang='lat' dir='ltr'><strong>erogabat</strong></span> <span class='ocrx_word' id='word_1_438' title='bbox 846 4867 991 4923; x_wconf 89' lang='lat' dir='ltr'><strong>omni</strong></span> <span class='ocrx_word' id='word_1_439' title='bbox 1025 4859 1240 4932; x_wconf 90' lang='lat' dir='ltr'><strong>populo.</strong></span> <span class='ocrx_word' id='word_1_440' title='bbox 1286 4854 1376 4909; x_wconf 90' lang='lat' dir='ltr'><strong>Sic</strong></span> <span class='ocrx_word' id='word_1_441' title='bbox 1416 4861 1470 4904; x_wconf 92' lang='lat' dir='ltr'><strong>et</strong></span> <span class='ocrx_word' id='word_1_442' title='bbox 1513 4849 1759 4914; x_wconf 78' lang='lat' dir='ltr'><strong>dogmata</strong></span> <span class='ocrx_word' id='word_1_443' title='bbox 1793 4847 1848 4894; x_wconf 91' lang='lat' dir='ltr'><strong>et</strong></span> <span class='ocrx_word' id='word_1_444' title='bbox 1871 4837 1978 4889; x_wconf 91' lang='lat' dir='ltr'><strong>vita</strong></span> <span class='ocrx_word' id='word_1_445' title='bbox 2011 4832 2153 4885; x_wconf 90' lang='lat' dir='ltr'><strong>illius</strong></span> 
     </span>
    </p>
   </div>
   <div class='ocr_carea' id='block_1_59' title="bbox 567 4923 2153 5026">
    <p class='ocr_par' dir='ltr' id='par_1_59' title="bbox 567 4923 2153 5026">
     <span class='ocr_line' id='line_1_64' title="bbox 567 4923 1109 4941; baseline -0.033 6"><span class='ocrx_word' id='word_1_446' title='bbox 567 4923 818 4941; x_wconf 60' lang='lat' dir='ltr'><strong>&quot;&quot;&#39;n&quot;-&#39;~</strong></span> <span class='ocrx_word' id='word_1_447' title='bbox 1028 4923 1038 4932; x_wconf 89' lang='lat'><strong>.</strong></span> <span class='ocrx_word' id='word_1_448' title='bbox 1099 4923 1109 4929; x_wconf 87' lang='lat'><strong>.</strong></span> 
     </span>
     <span class='ocr_line' id='line_1_65' title="bbox 567 4923 2153 5026; baseline -0.031 -3"><span class='ocrx_word' id='word_1_449' title='bbox 567 4979 714 5026; x_wconf 76' lang='lat' dir='ltr'><strong>recta</strong></span> <span class='ocrx_word' id='word_1_450' title='bbox 748 4965 980 5018; x_wconf 78' lang='lat' dir='ltr'><strong>luerunt.</strong></span> <span class='ocrx_word' id='word_1_451' title='bbox 1020 4952 1155 5004; x_wconf 79' lang='lat' dir='ltr'><strong>Vidit</strong></span> <span class='ocrx_word' id='word_1_452' title='bbox 1187 4949 1237 5000; x_wconf 91' lang='lat' dir='ltr'><strong>in</strong></span> <span class='ocrx_word' id='word_1_453' title='bbox 1264 4947 1372 4999; x_wconf 84' lang='lat' dir='ltr'><strong>visu</strong></span> <span class='ocrx_word' id='word_1_454' title='bbox 1403 4940 1688 5008; x_wconf 53' lang='lat' dir='ltr'><strong>manifeste,</strong></span> <span class='ocrx_word' id='word_1_455' title='bbox 1719 4930 1861 5002; x_wconf 87' lang='lat' dir='ltr'><strong>quasi</strong></span> <span class='ocrx_word' id='word_1_456' title='bbox 1893 4929 2019 4980; x_wconf 81' lang='lat' dir='ltr'><strong>liora</strong></span> <span class='ocrx_word' id='word_1_457' title='bbox 2055 4923 2153 4974; x_wconf 79' lang='lat' dir='ltr'><strong>diei</strong></span> 
     </span>
    </p>
   </div>
   <div class='ocr_carea' id='block_1_60' title="bbox 571 5013 2153 5123">
    <p class='ocr_par' dir='ltr' id='par_1_60' title="bbox 571 5013 2153 5123">
     <span class='ocr_line' id='line_1_66' title="bbox 571 5013 2153 5123; baseline -0.034 -7"><span class='ocrx_word' id='word_1_458' title='bbox 571 5078 728 5123; x_wconf 86' lang='lat' dir='ltr'><strong>nona,</strong></span> <span class='ocrx_word' id='word_1_459' title='bbox 771 5051 1004 5122; x_wconf 86' lang='lat' dir='ltr'><strong>angelum</strong></span> <span class='ocrx_word' id='word_1_460' title='bbox 1036 5044 1126 5097; x_wconf 88' lang='lat' dir='ltr'><strong>Dei</strong></span> <span class='ocrx_word' id='word_1_461' title='bbox 1158 5042 1490 5093; x_wconf 85' lang='lat' dir='ltr'><strong>introeuntem</strong></span> <span class='ocrx_word' id='word_1_462' title='bbox 1507 5029 1570 5080; x_wconf 86' lang='lat' dir='ltr'><strong>od</strong></span> <span class='ocrx_word' id='word_1_463' title='bbox 1593 5042 1664 5087; x_wconf 87' lang='lat' dir='ltr'><strong>se,</strong></span> <span class='ocrx_word' id='word_1_464' title='bbox 1696 5033 1740 5076; x_wconf 88' lang='lat' dir='ltr'><strong>et</strong></span> <span class='ocrx_word' id='word_1_465' title='bbox 1765 5023 2008 5074; x_wconf 83' lang='lat' dir='ltr'><strong>dicentem</strong></span> <span class='ocrx_word' id='word_1_466' title='bbox 2039 5013 2153 5076; x_wconf 70' lang='lat' dir='ltr'><strong>sibi,</strong></span> 
     </span>
    </p>
   </div>
   <div class='ocr_carea' id='block_1_61' title="bbox 572 5106 2156 5209">
    <p class='ocr_par' dir='ltr' id='par_1_61' title="bbox 572 5106 2156 5209">
     <span class='ocr_line' id='line_1_67' title="bbox 572 5106 2156 5209; baseline -0.032 -3"><span class='ocrx_word' id='word_1_467' title='bbox 572 5106 790 5206; x_wconf 58' lang='lat' dir='ltr'><strong>(.‘ornbli.</strong></span> <span class='ocrx_word' id='word_1_468' title='bbox 833 5106 1009 5209; x_wconf 46' lang='lat' dir='ltr'><strong>liuore</strong></span> <span class='ocrx_word' id='word_1_469' title='bbox 1037 5134 1181 5187; x_wconf 80' lang='lat' dir='ltr'><strong>videt</strong></span> <span class='ocrx_word' id='word_1_470' title='bbox 1215 5120 1508 5196; x_wconf 82' lang='lat' dir='ltr'><strong>angelum?</strong></span> <span class='ocrx_word' id='word_1_471' title='bbox 1550 5118 1617 5174; x_wconf 88' lang='lat' dir='ltr'><strong>Ut</strong></span> <span class='ocrx_word' id='word_1_472' title='bbox 1641 5114 1836 5170; x_wconf 91' lang='lat' dir='ltr'><strong>certior</strong></span> <span class='ocrx_word' id='word_1_473' title='bbox 1867 5111 2015 5163; x_wconf 86' lang='lat' dir='ltr'><strong>lieret</strong></span> <span class='ocrx_word' id='word_1_474' title='bbox 2056 5106 2156 5158; x_wconf 79' lang='lat' dir='ltr'><strong>Pe-</strong></span> 
     </span>
    </p>
   </div>
   <div class='ocr_carea' id='block_1_62' title="bbox 574 5201 2158 5304">
    <p class='ocr_par' dir='ltr' id='par_1_62' title="bbox 574 5201 2158 5304">
     <span class='ocr_line' id='line_1_68' title="bbox 574 5201 2158 5304; baseline -0.033 -6"><span class='ocrx_word' id='word_1_475' title='bbox 574 5254 725 5304; x_wconf 78' lang='lat' dir='ltr'><strong>trus;</strong></span> <span class='ocrx_word' id='word_1_476' title='bbox 757 5239 865 5292; x_wconf 89' lang='lat' dir='ltr'><strong>imo</strong></span> <span class='ocrx_word' id='word_1_477' title='bbox 897 5245 1002 5285; x_wconf 92' lang='lat' dir='ltr'><strong>non</strong></span> <span class='ocrx_word' id='word_1_478' title='bbox 1029 5226 1138 5287; x_wconf 90' lang='lat' dir='ltr'><strong>ille,</strong></span> <span class='ocrx_word' id='word_1_479' title='bbox 1177 5220 1269 5275; x_wconf 84' lang='lat' dir='ltr'><strong>sed</strong></span> <span class='ocrx_word' id='word_1_480' title='bbox 1296 5219 1383 5271; x_wconf 90' lang='lat' dir='ltr'><strong>alii</strong></span> <span class='ocrx_word' id='word_1_481' title='bbox 1412 5210 1756 5269; x_wconf 87' lang='lat' dir='ltr'><strong>inlirmiores.</strong></span> <span class='ocrx_word' id='word_1_482' title='bbox 1791 5201 1946 5256; x_wconf 88' lang='lat' dir='ltr'><strong>Nona</strong></span> <span class='ocrx_word' id='word_1_483' title='bbox 1981 5206 2158 5251; x_wconf 86' lang='lat' dir='ltr'><strong>autem</strong></span> 
     </span>
    </p>
   </div>
   <div class='ocr_carea' id='block_1_63' title="bbox 581 5292 2159 5398">
    <p class='ocr_par' dir='ltr' id='par_1_63' title="bbox 581 5292 2159 5398">
     <span class='ocr_line' id='line_1_69' title="bbox 581 5292 2159 5398; baseline -0.032 -10"><span class='ocrx_word' id='word_1_484' title='bbox 581 5338 702 5388; x_wconf 78' lang='lat' dir='ltr'><strong>liora</strong></span> <span class='ocrx_word' id='word_1_485' title='bbox 722 5371 736 5388; x_wconf 87' lang='lat'><strong>.</strong></span> <span class='ocrx_word' id='word_1_486' title='bbox 775 5322 988 5398; x_wconf 87' lang='lat' dir='ltr'><strong>quando</strong></span> <span class='ocrx_word' id='word_1_487' title='bbox 1015 5317 1158 5372; x_wconf 89' lang='lat' dir='ltr'><strong>curis</strong></span> <span class='ocrx_word' id='word_1_488' title='bbox 1186 5313 1321 5366; x_wconf 87' lang='lat' dir='ltr'><strong>liber</strong></span> <span class='ocrx_word' id='word_1_489' title='bbox 1351 5312 1401 5362; x_wconf 90' lang='lat' dir='ltr'><strong>in</strong></span> <span class='ocrx_word' id='word_1_490' title='bbox 1428 5308 1607 5376; x_wconf 90' lang='lat' dir='ltr'><strong>quiete</strong></span> <span class='ocrx_word' id='word_1_491' title='bbox 1634 5305 1771 5362; x_wconf 85' lang='lat' dir='ltr'><strong>erat,</strong></span> <span class='ocrx_word' id='word_1_492' title='bbox 1806 5309 1924 5348; x_wconf 86' lang='lat' dir='ltr'><strong>cum</strong></span> <span class='ocrx_word' id='word_1_493' title='bbox 1960 5292 2010 5343; x_wconf 92' lang='lat' dir='ltr'><strong>in</strong></span> <span class='ocrx_word' id='word_1_494' title='bbox 2039 5302 2159 5341; x_wconf 85' lang='lat' dir='ltr'><strong>ora-</strong></span> 
     </span>
    </p>
   </div>
   <div class='ocr_carea' id='block_1_64' title="bbox 579 5387 2161 5480">
    <p class='ocr_par' dir='ltr' id='par_1_64' title="bbox 579 5387 2161 5480">
     <span class='ocr_line' id='line_1_70' title="bbox 579 5387 2161 5480; baseline -0.031 0"><span class='ocrx_word' id='word_1_495' title='bbox 579 5425 812 5480; x_wconf 79' lang='lat' dir='ltr'><strong>tionibus</strong></span> <span class='ocrx_word' id='word_1_496' title='bbox 835 5428 888 5473; x_wconf 86' lang='lat' dir='ltr'><strong>et</strong></span> <span class='ocrx_word' id='word_1_497' title='bbox 919 5416 971 5469; x_wconf 94' lang='lat' dir='ltr'><strong>in</strong></span> <span class='ocrx_word' id='word_1_498' title='bbox 999 5407 1411 5478; x_wconf 87' lang='lat' dir='ltr'><strong>compnnclione</strong></span> <span class='ocrx_word' id='word_1_499' title='bbox 1436 5396 1768 5452; x_wconf 82' lang='lat' dir='ltr'><strong>versabatur.</strong></span> <span class='ocrx_word' id='word_1_500' title='bbox 1821 5387 2034 5441; x_wconf 85' lang='lat' dir='ltr'><strong>Intuens</strong></span> <span class='ocrx_word' id='word_1_501' title='bbox 2073 5399 2161 5434; x_wconf 87' lang='lat' dir='ltr'><strong>au-</strong></span> 
     </span>
    </p>
   </div>
   <div class='ocr_carea' id='block_1_65' title="bbox 581 5479 2166 5572">
    <p class='ocr_par' dir='ltr' id='par_1_65' title="bbox 581 5479 2166 5572">
     <span class='ocr_line' id='line_1_71' title="bbox 581 5479 2166 5572; baseline -0.028 -2"><span class='ocrx_word' id='word_1_502' title='bbox 581 5532 679 5572; x_wconf 83' lang='lat' dir='ltr'><strong>tem</strong></span> <span class='ocrx_word' id='word_1_503' title='bbox 713 5515 879 5572; x_wconf 73' lang='lat' dir='ltr'><strong>illiilli,</strong></span> <span class='ocrx_word' id='word_1_504' title='bbox 911 5509 1086 5560; x_wconf 86' lang='lat' dir='ltr'><strong>timore</strong></span> <span class='ocrx_word' id='word_1_505' title='bbox 1113 5507 1392 5565; x_wconf 61' lang='lat' dir='ltr'><strong>ctn‘rt&#39;ptus,</strong></span> <span class='ocrx_word' id='word_1_506' title='bbox 1427 5491 1573 5543; x_wconf 79' lang='lat' dir='ltr'><strong>dixit.</strong></span> <span class='ocrx_word' id='word_1_507' title='bbox 1626 5484 1757 5537; x_wconf 75' lang='lat' dir='ltr'><strong>Vide</strong></span> <span class='ocrx_word' id='word_1_508' title='bbox 1785 5479 2029 5549; x_wconf 83' lang='lat' dir='ltr'><strong>angelum</strong></span> <span class='ocrx_word' id='word_1_509' title='bbox 2062 5489 2166 5526; x_wconf 86' lang='lat' dir='ltr'><strong>non</strong></span> 
     </span>
    </p>
   </div>
   <div class='ocr_carea' id='block_1_66' title="bbox 646 5567 2160 5668">
    <p class='ocr_par' dir='ltr' id='par_1_66' title="bbox 646 5567 2160 5668">
     <span class='ocr_line' id='line_1_72' title="bbox 646 5567 2160 5668; baseline -0.031 -12"><span class='ocrx_word' id='word_1_510' title='bbox 646 5611 717 5668; x_wconf 81' lang='lat' dir='ltr'><strong>(tt)</strong></span> <span class='ocrx_word' id='word_1_511' title='bbox 765 5604 782 5668; x_wconf 88' lang='lat' dir='ltr'><strong>l</strong></span> <span class='ocrx_word' id='word_1_512' title='bbox 790 5619 820 5650; x_wconf 85' lang='grc' dir='ltr'><strong>ιι</strong></span> <span class='ocrx_word' id='word_1_513' title='bbox 844 5601 1010 5651; x_wconf 69' lang='lat' dir='ltr'><strong>Gra‘eo</strong></span> <span class='ocrx_word' id='word_1_514' title='bbox 1035 5596 1233 5662; x_wconf 76' lang='lat' dir='ltr'><strong>legitur,</strong></span> <span class='ocrx_word' id='word_1_515' title='bbox 1261 5603 1388 5668; x_wconf 60' lang='lat' dir='ltr'><strong>21::qu</strong></span> <span class='ocrx_word' id='word_1_516' title='bbox 1407 5624 1417 5640; x_wconf 86' lang='lat'><strong>,</strong></span> <span class='ocrx_word' id='word_1_517' title='bbox 1439 5579 1564 5644; x_wconf 85' lang='lat' dir='ltr'><strong>quod</strong></span> <span class='ocrx_word' id='word_1_518' title='bbox 1591 5575 1893 5668; x_wconf 46' lang='lat' dir='ltr'><strong>apuliIteiEalnli‘</strong></span> <span class='ocrx_word' id='word_1_519' title='bbox 1917 5567 2160 5668; x_wconf 44' lang='lat' dir='ltr'><strong>‘I‘lﬁtillllill‘gl-</strong></span> 
     </span>
     <span class='ocr_line' id='line_1_73' title="bbox 1252 5644 2160 5668; baseline -0.032 0"><span class='ocrx_word' id='word_1_520' title='bbox 1252 5660 1264 5668; x_wconf 84' lang='lat'><strong>.</strong></span> <span class='ocrx_word' id='word_1_521' title='bbox 1299 5663 1333 5668; x_wconf 22' lang='grc' dir='ltr'><em>,Α</em></span> <span class='ocrx_word' id='word_1_522' title='bbox 1370 5658 1464 5668; x_wconf 49' lang='grc' dir='ltr'><strong>,λη</strong></span> <span class='ocrx_word' id='word_1_523' title='bbox 1506 5655 1608 5668; x_wconf 63' lang='lat' dir='ltr'><strong>mm</strong></span> <span class='ocrx_word' id='word_1_524' title='bbox 1683 5653 1792 5668; x_wconf 44' lang='lat' dir='ltr'>hu</span> <span class='ocrx_word' id='word_1_525' title='bbox 2005 5644 2055 5668; x_wconf 56' lang='grc' dir='ltr'><strong>μ,</strong></span> <span class='ocrx_word' id='word_1_526' title='bbox 2153 5662 2160 5668; x_wconf 35' lang='grc' dir='ltr'><strong>Ι</strong></span> 
     </span>
    </p>
   </div>
   <div class='ocr_carea' id='block_1_67' title="bbox 584 5630 2161 5742">
    <p class='ocr_par' dir='ltr' id='par_1_67' title="bbox 584 5630 2161 5742">
     <span class='ocr_line' id='line_1_74' title="bbox 584 5630 2161 5720; baseline -0.031 0"><span class='ocrx_word' id='word_1_527' title='bbox 584 5630 725 5720; x_wconf 44' lang='lat' dir='ltr'><strong>tuli“;</strong></span> <span class='ocrx_word' id='word_1_528' title='bbox 1220 5630 1471 5700; x_wconf 65' lang='grc' dir='ltr'><strong>’ὸῖἷιῐότὲ</strong></span> <span class='ocrx_word' id='word_1_529' title='bbox 1505 5641 1630 5703; x_wconf 88' lang='lat' dir='ltr'><strong>apud</strong></span> <span class='ocrx_word' id='word_1_530' title='bbox 1654 5637 1893 5698; x_wconf 64' lang='lat' dir='ltr'><strong>Polybium</strong></span> <span class='ocrx_word' id='word_1_531' title='bbox 1917 5630 2161 5678; x_wconf 72' lang='lat' dir='ltr'><strong>dili&#39;erunt.</strong></span> 
     </span>
     <span class='ocr_line' id='line_1_75' title="bbox 592 5682 2161 5742; baseline -0.018 20"><span class='ocrx_word' id='word_1_532' title='bbox 592 5734 619 5742; x_wconf 76' lang='grc'><strong>·-</strong></span> <span class='ocrx_word' id='word_1_533' title='bbox 667 5708 678 5726; x_wconf 74' lang='grc'>’</span> <span class='ocrx_word' id='word_1_534' title='bbox 729 5682 744 5742; x_wconf 67' lang='grc'><strong><em>1</em></strong></span> <span class='ocrx_word' id='word_1_535' title='bbox 827 5728 836 5742; x_wconf 86' lang='grc' dir='ltr'><strong>ι</strong></span> <span class='ocrx_word' id='word_1_536' title='bbox 865 5730 1016 5742; x_wconf 49' lang='lat' dir='ltr'><strong>unm</strong></span> <span class='ocrx_word' id='word_1_537' title='bbox 1061 5731 1102 5742; x_wconf 63' lang='grc' dir='ltr'>«ι</span> <span class='ocrx_word' id='word_1_538' title='bbox 1189 5715 1349 5742; x_wconf 67' lang='grc' dir='ltr'><strong>,κω-..ι</strong></span> <span class='ocrx_word' id='word_1_539' title='bbox 1411 5702 1738 5742; x_wconf 61' lang='grc' dir='ltr'>ι-ιιὶιιςίὶιιοίοῐ·</span> <span class='ocrx_word' id='word_1_540' title='bbox 1771 5699 2030 5742; x_wconf 43' lang='lat' dir='ltr'><strong>lavanda-.11</strong></span> <span class='ocrx_word' id='word_1_541' title='bbox 2055 5693 2161 5737; x_wconf 72' lang='lat' dir='ltr'><strong>Sttttl</strong></span> 
     </span>
    </p>
   </div>
   <div class='ocr_carea' id='block_1_68' title="bbox 585 5693 2171 5780">
    <p class='ocr_par' dir='ltr' id='par_1_68' title="bbox 585 5693 2171 5780">
     <span class='ocr_line' id='line_1_76' title="bbox 585 5693 2171 5780; baseline -0.026 -4"><span class='ocrx_word' id='word_1_542' title='bbox 1061 5693 1550 5780; x_wconf 37' lang='lat' dir='ltr'><strong>{31.._otéuni&#39;,.cogu§</strong></span> <span class='ocrx_word' id='word_1_543' title='bbox 1570 5693 1749 5780; x_wconf 56' lang='lat' dir='ltr'><strong>(luctor</strong></span> <span class='ocrx_word' id='word_1_544' title='bbox 1771 5709 1954 5758; x_wconf 41' lang='lat'><strong>731475,;</strong></span> <span class='ocrx_word' id='word_1_545' title='bbox 1980 5699 2030 5739; x_wconf 84' lang='lat' dir='ltr'><strong>et</strong></span> <span class='ocrx_word' id='word_1_546' title='bbox 2055 5693 2171 5737; x_wconf 72' lang='lat' dir='ltr'><strong>sunt</strong></span> 
     </span>
    </p>
   </div>
   <div class='ocr_carea' id='block_1_69' title="bbox 590 5764 2083 5848">
    <p class='ocr_par' dir='ltr' id='par_1_69' title="bbox 590 5764 2083 5848">
     <span class='ocr_line' id='line_1_77' title="bbox 590 5764 1483 5780; baseline -0.029 1"><span class='ocrx_word' id='word_1_547' title='bbox 590 5764 741 5780; x_wconf 62' lang='grc' dir='ltr'>ιιιιυι</span> <span class='ocrx_word' id='word_1_548' title='bbox 766 5764 903 5776; x_wconf 75' lang='grc' dir='ltr'><strong>ννι-νν-</strong></span> <span class='ocrx_word' id='word_1_549' title='bbox 920 5764 1018 5771; x_wconf 71' lang='grc' dir='ltr'><strong><em>-ν---</em></strong></span> <span class='ocrx_word' id='word_1_550' title='bbox 1092 5764 1128 5778; x_wconf 49' lang='lat'><strong>-~</strong></span> <span class='ocrx_word' id='word_1_551' title='bbox 1472 5764 1483 5766; x_wconf 77' lang='lat'>_</span> 
     </span>
     <span class='ocr_line' id='line_1_78' title="bbox 590 5764 2083 5848; baseline -0.029 -5"><span class='ocrx_word' id='word_1_552' title='bbox 590 5797 789 5842; x_wconf 71' lang='lat' dir='ltr'><strong>fortasse</strong></span> <span class='ocrx_word' id='word_1_553' title='bbox 826 5781 1084 5848; x_wconf 68' lang='lat' dir='ltr'><strong>quingenti</strong></span> <span class='ocrx_word' id='word_1_554' title='bbox 1109 5777 1298 5825; x_wconf 76' lang='lat' dir='ltr'><strong>titilitcs.</strong></span> <span class='ocrx_word' id='word_1_555' title='bbox 1338 5770 1497 5830; x_wconf 69' lang='lat' dir='ltr'><strong>Polyb.</strong></span> <span class='ocrx_word' id='word_1_556' title='bbox 1524 5766 1565 5848; x_wconf 43' lang='lat' dir='ltr'><strong>ll.‘</strong></span> <span class='ocrx_word' id='word_1_557' title='bbox 1582 5764 1612 5811; x_wconf 69' lang='grc' dir='ltr'>ϐ</span> <span class='ocrx_word' id='word_1_558' title='bbox 1636 5776 1647 5811; x_wconf 90' lang='lat'>:</span> <span class='ocrx_word' id='word_1_559' title='bbox 1676 5775 1733 5848; x_wconf 47' lang='lat' dir='ltr'><strong>uti</strong></span> <span class='ocrx_word' id='word_1_560' title='bbox 1756 5773 1797 5809; x_wconf 84' lang='grc' dir='ltr'>τὸ</span> <span class='ocrx_word' id='word_1_561' title='bbox 1817 5773 1878 5818; x_wconf 65' lang='grc' dir='ltr'><strong>μιν</strong></span> <span class='ocrx_word' id='word_1_562' title='bbox 1903 5771 2004 5824; x_wconf 47' lang='lat' dir='ltr'><strong>tam</strong></span> <span class='ocrx_word' id='word_1_563' title='bbox 2023 5765 2083 5802; x_wconf 71' lang='grc' dir='ltr'><strong>ῐκα</strong></span> 
     </span>
     <span class='ocr_line' id='line_1_79' title="bbox 1574 5827 2082 5848; baseline -0.022 2"><span class='ocrx_word' id='word_1_564' title='bbox 1574 5839 1682 5848; x_wconf 63' lang='grc' dir='ltr'><strong>περ...</strong></span> <span class='ocrx_word' id='word_1_565' title='bbox 1726 5837 1784 5848; x_wconf 73' lang='lat' dir='ltr'><strong>nu</strong></span> <span class='ocrx_word' id='word_1_566' title='bbox 1871 5833 1914 5848; x_wconf 66' lang='grc' dir='ltr'><strong>ιιι</strong></span> <span class='ocrx_word' id='word_1_567' title='bbox 1966 5827 2082 5848; x_wconf 57' lang='grc' dir='ltr'>ιςηηι</span> 
     </span>
    </p>
   </div>
   <div class='ocr_carea' id='block_1_70' title="bbox 593 5817 2003 5907">
    <p class='ocr_par' dir='ltr' id='par_1_70' title="bbox 593 5817 2003 5907">
     <span class='ocr_line' id='line_1_80' title="bbox 593 5817 2003 5848; baseline -0.03 -6"><span class='ocrx_word' id='word_1_568' title='bbox 593 5817 789 5842; x_wconf 59' lang='grc' dir='ltr'>ιυτιῑιδδσ</span> <span class='ocrx_word' id='word_1_569' title='bbox 826 5817 1084 5848; x_wconf 52' lang='grc' dir='ltr'>ιςιιιιιρηυιιι.</span> <span class='ocrx_word' id='word_1_570' title='bbox 1110 5817 1298 5825; x_wconf 41' lang='grc' dir='ltr'><strong>..η-.--κη</strong></span> <span class='ocrx_word' id='word_1_571' title='bbox 1340 5817 1349 5819; x_wconf 89' lang='grc'><strong><em>-</em></strong></span> <span class='ocrx_word' id='word_1_572' title='bbox 1377 5817 1386 5819; x_wconf 21' lang='grc' dir='ltr'>ἡ</span> <span class='ocrx_word' id='word_1_573' title='bbox 1421 5819 1435 5830; x_wconf 41' lang='grc' dir='ltr'>α</span> <span class='ocrx_word' id='word_1_574' title='bbox 1554 5828 1565 5839; x_wconf 35' lang='grc' dir='ltr'><strong>η</strong></span> <span class='ocrx_word' id='word_1_575' title='bbox 1821 5817 1824 5818; x_wconf 19' lang='grc' dir='ltr'><em>ν</em></span> <span class='ocrx_word' id='word_1_576' title='bbox 1997 5817 2003 5824; x_wconf 29' lang='grc' dir='ltr'>ἠ</span> 
     </span>
     <span class='ocr_line' id='line_1_81' title="bbox 593 5826 2000 5907; baseline -0.029 -1"><span class='ocrx_word' id='word_1_577' title='bbox 593 5870 802 5904; x_wconf 58' lang='lat' dir='ltr'><strong>inlisum</strong></span> <span class='ocrx_word' id='word_1_578' title='bbox 825 5873 958 5907; x_wconf 68' lang='lat' dir='ltr'><strong>1a&#39;;..a.,</strong></span> <span class='ocrx_word' id='word_1_579' title='bbox 986 5857 1046 5892; x_wconf 69' lang='grc' dir='ltr'><strong>καὶ</strong></span> <span class='ocrx_word' id='word_1_580' title='bbox 1071 5857 1230 5899; x_wconf 49' lang='lat' dir='ltr'><strong>emigra,</strong></span> <span class='ocrx_word' id='word_1_581' title='bbox 1262 5863 1318 5883; x_wconf 69' lang='grc' dir='ltr'><strong>ιιι</strong></span> <span class='ocrx_word' id='word_1_582' title='bbox 1344 5850 1502 5890; x_wconf 60' lang='lat' dir='ltr'><strong>amation-</strong></span> <span class='ocrx_word' id='word_1_583' title='bbox 1534 5826 1805 5876; x_wconf 62' lang='lat' dir='ltr'><strong>LESﬂllbOll.</strong></span> <span class='ocrx_word' id='word_1_584' title='bbox 1855 5833 1914 5868; x_wconf 35' lang='lat' dir='ltr'><strong>.IiC</strong></span> <span class='ocrx_word' id='word_1_585' title='bbox 1963 5831 2000 5867; x_wconf 74' lang='grc' dir='ltr'><strong>δι</strong></span> 
     </span>
     <span class='ocr_line' id='line_1_82' title="bbox 1133 5893 1853 5907; baseline -0.026 17"><span class='ocrx_word' id='word_1_586' title='bbox 1133 5905 1137 5907; x_wconf 64' lang='grc'>“</span> <span class='ocrx_word' id='word_1_587' title='bbox 1153 5902 1158 5907; x_wconf 84' lang='grc'><em>”</em></span> <span class='ocrx_word' id='word_1_588' title='bbox 1435 5895 1438 5898; x_wconf 77' lang='grc'><em>”</em></span> <span class='ocrx_word' id='word_1_589' title='bbox 1517 5893 1606 5907; x_wconf 39' lang='lat' dir='ltr'><strong>in...</strong></span> <span class='ocrx_word' id='word_1_590' title='bbox 1673 5895 1853 5907; x_wconf 64' lang='grc' dir='ltr'><strong>..-μ-..ηιαι</strong></span> 
     </span>
    </p>
   </div>
   <div class='ocr_carea' id='block_1_71' title="bbox 2113 5776 2172 5799">
    <p class='ocr_par' dir='ltr' id='par_1_71' title="bbox 2113 5776 2172 5799">
     <span class='ocr_line' id='line_1_83' title="bbox 2113 5776 2172 5799; baseline -0.068 0"><span class='ocrx_word' id='word_1_591' title='bbox 2113 5776 2172 5799; x_wconf 59' lang='grc' dir='ltr'><strong>τὴν</strong></span> 
     </span>
    </p>
   </div>
   <div class='ocr_carea' id='block_1_72' title="bbox 668 5813 2173 5901">
    <p class='ocr_par' dir='ltr' id='par_1_72' title="bbox 668 5813 2173 5901">
     <span class='ocr_line' id='line_1_84' title="bbox 668 5813 1958 5848; baseline -0.033 -7"><span class='ocrx_word' id='word_1_592' title='bbox 668 5813 789 5841; x_wconf 52' lang='lat' dir='ltr'><strong>lusu:</strong></span> <span class='ocrx_word' id='word_1_593' title='bbox 826 5813 1084 5848; x_wconf 58' lang='grc' dir='ltr'>ηιηιιῇωιιι</span> <span class='ocrx_word' id='word_1_594' title='bbox 1110 5813 1298 5825; x_wconf 55' lang='lat' dir='ltr'><strong>&quot;unum</strong></span> <span class='ocrx_word' id='word_1_595' title='bbox 1339 5813 1350 5819; x_wconf 91' lang='lat'><strong>-</strong></span> <span class='ocrx_word' id='word_1_596' title='bbox 1373 5813 1494 5830; x_wconf 38' lang='grc' dir='ltr'><strong>νέην</strong></span> <span class='ocrx_word' id='word_1_597' title='bbox 1818 5813 1826 5818; x_wconf 35' lang='grc' dir='ltr'>ν</span> <span class='ocrx_word' id='word_1_598' title='bbox 1904 5813 1911 5817; x_wconf 84' lang='lat'>_</span> <span class='ocrx_word' id='word_1_599' title='bbox 1952 5813 1958 5816; x_wconf 37' lang='lat'><em>‘</em></span> 
     </span>
     <span class='ocr_line' id='line_1_85' title="bbox 668 5813 2173 5901; baseline -0.029 2"><span class='ocrx_word' id='word_1_600' title='bbox 668 5880 802 5901; x_wconf 48' lang='grc' dir='ltr'><strong>φῆμαι</strong></span> <span class='ocrx_word' id='word_1_601' title='bbox 825 5873 958 5901; x_wconf 55' lang='grc' dir='ltr'>ταπξωι,</span> <span class='ocrx_word' id='word_1_602' title='bbox 986 5857 1046 5892; x_wconf 69' lang='grc' dir='ltr'><strong>καὶ</strong></span> <span class='ocrx_word' id='word_1_603' title='bbox 1071 5857 1230 5899; x_wconf 49' lang='lat' dir='ltr'><strong>emigra,</strong></span> <span class='ocrx_word' id='word_1_604' title='bbox 1262 5863 1318 5883; x_wconf 69' lang='grc' dir='ltr'><strong>ιιι</strong></span> <span class='ocrx_word' id='word_1_605' title='bbox 1344 5826 1805 5901; x_wconf 45' lang='grc' dir='ltr'><strong>σημιιςν-Ιίλὸδῧιιῦοη.</strong></span> <span class='ocrx_word' id='word_1_606' title='bbox 1855 5833 1914 5868; x_wconf 59' lang='lat' dir='ltr'><strong>AC</strong></span> <span class='ocrx_word' id='word_1_607' title='bbox 1963 5813 2173 5876; x_wconf 60' lang='lat' dir='ltr'><strong>singulas</strong></span> 
     </span>
    </p>
   </div>
   <div class='ocr_carea' id='block_1_73' title="bbox 589 5893 1871 5984">
    <p class='ocr_par' dir='ltr' id='par_1_73' title="bbox 589 5893 1871 5984">
     <span class='ocr_line' id='line_1_86' title="bbox 589 5893 1871 5984; baseline -0.031 -16"><span class='ocrx_word' id='word_1_608' title='bbox 769 5893 1027 5976; x_wconf 57' lang='lat' dir='ltr'><strong>apjielltlt&#39;it</strong></span> <span class='ocrx_word' id='word_1_609' title='bbox 1051 5893 1287 5954; x_wconf 73' lang='lat' dir='ltr'><strong>ordinem,</strong></span> <span class='ocrx_word' id='word_1_610' title='bbox 1316 5893 1608 5953; x_wconf 76' lang='lat' dir='ltr'><strong>manipulum</strong></span> <span class='ocrx_word' id='word_1_611' title='bbox 1631 5927 1641 5945; x_wconf 90' lang='lat'><strong>,</strong></span> <span class='ocrx_word' id='word_1_612' title='bbox 1669 5895 1871 5948; x_wconf 63' lang='lat' dir='ltr'><strong>Signum.</strong></span> 
     </span>
    </p>
   </div>
   <div class='ocr_carea' id='block_1_74' title="bbox 587 1207 635 1241">
    <p class='ocr_par' dir='ltr' id='par_1_74' title="bbox 587 1207 635 1241">
     <span class='ocr_line' id='line_1_87' title="bbox 587 1207 635 1241; baseline -0.021 0"><span class='ocrx_word' id='word_1_613' title='bbox 587 1207 635 1241; x_wconf 72' lang='grc' dir='ltr'><strong>ιιι</strong></span> 
     </span>
    </p>
   </div>
   <div class='ocr_carea' id='block_1_75' title="bbox 598 1285 716 1345">
    <p class='ocr_par' dir='ltr' id='par_1_75' title="bbox 598 1285 716 1345">
     <span class='ocr_line' id='line_1_88' title="bbox 598 1285 716 1345; baseline -0.008 -9"><span class='ocrx_word' id='word_1_614' title='bbox 598 1285 716 1345; x_wconf 85' lang='lat' dir='ltr'><strong>lica,</strong></span> 
     </span>
    </p>
   </div>
   <div class='ocr_carea' id='block_1_76' title="bbox 2087 5777 2106 5799">
    <p class='ocr_par' dir='ltr' id='par_1_76' title="bbox 2087 5777 2106 5799">
     <span class='ocr_line' id='line_1_89' title="bbox 2087 5777 2106 5799; baseline 0 0"><span class='ocrx_word' id='word_1_615' title='bbox 2087 5777 2106 5799; x_wconf 78' lang='grc' dir='ltr'><em>σ</em></span> 
     </span>
    </p>
   </div>
   <div class='ocr_carea' id='block_1_77' title="bbox 2229 1024 3838 1110">
    <p class='ocr_par' dir='ltr' id='par_1_77' title="bbox 2229 1024 3838 1110">
     <span class='ocr_line' id='line_1_90' title="bbox 2229 1024 3838 1110; baseline -0.014 -13"><span class='ocrx_word' id='word_1_616' title='bbox 2229 1042 2410 1097; x_wconf 86' lang='lat' dir='ltr'><strong>statim</strong></span> <span class='ocrx_word' id='word_1_617' title='bbox 2437 1042 2706 1097; x_wconf 88' lang='lat' dir='ltr'><strong>dicentem</strong></span> <span class='ocrx_word' id='word_1_618' title='bbox 2727 1057 2846 1110; x_wconf 73' lang='lat' dir='ltr'><strong>qua:</strong></span> <span class='ocrx_word' id='word_1_619' title='bbox 2879 1040 3119 1094; x_wconf 90' lang='lat' dir='ltr'><strong>dicturus</strong></span> <span class='ocrx_word' id='word_1_620' title='bbox 3153 1043 3289 1097; x_wconf 89' lang='lat' dir='ltr'><strong>erat,</strong></span> <span class='ocrx_word' id='word_1_621' title='bbox 3318 1031 3410 1088; x_wconf 90' lang='lat' dir='ltr'><strong>sed</strong></span> <span class='ocrx_word' id='word_1_622' title='bbox 3441 1029 3585 1100; x_wconf 90' lang='lat' dir='ltr'><strong>prius</strong></span> <span class='ocrx_word' id='word_1_623' title='bbox 3612 1024 3838 1081; x_wconf 73' lang='lat' dir='ltr'><strong>solren~</strong></span> 
     </span>
    </p>
   </div>
   <div class='ocr_carea' id='block_1_78' title="bbox 2229 1120 3836 1201">
    <p class='ocr_par' dir='ltr' id='par_1_78' title="bbox 2229 1120 3836 1201">
     <span class='ocr_line' id='line_1_91' title="bbox 2229 1120 3836 1201; baseline -0.012 -13"><span class='ocrx_word' id='word_1_624' title='bbox 2229 1143 2335 1189; x_wconf 89' lang='lat' dir='ltr'><strong>tem</strong></span> <span class='ocrx_word' id='word_1_625' title='bbox 2365 1146 2585 1199; x_wconf 90' lang='lat' dir='ltr'><strong>metum,</strong></span> <span class='ocrx_word' id='word_1_626' title='bbox 2610 1143 2665 1189; x_wconf 84' lang='lat' dir='ltr'><strong>et</strong></span> <span class='ocrx_word' id='word_1_627' title='bbox 2686 1143 2922 1188; x_wconf 89' lang='lat' dir='ltr'><strong>mentem</strong></span> <span class='ocrx_word' id='word_1_628' title='bbox 2954 1131 3071 1201; x_wconf 84' lang='lat' dir='ltr'><strong>ejus</strong></span> <span class='ocrx_word' id='word_1_629' title='bbox 3100 1130 3419 1200; x_wconf 78' lang='lat' dir='ltr'><strong>erigentem.</strong></span> <span class='ocrx_word' id='word_1_630' title='bbox 3447 1123 3582 1178; x_wconf 83' lang='lat' dir='ltr'><strong>Nam</strong></span> <span class='ocrx_word' id='word_1_631' title='bbox 3605 1137 3676 1174; x_wconf 74' lang='lat' dir='ltr'><strong>ex</strong></span> <span class='ocrx_word' id='word_1_632' title='bbox 3708 1120 3836 1172; x_wconf 54' lang='lat' dir='ltr'><strong>visu</strong></span> 
     </span>
    </p>
   </div>
   <div class='ocr_carea' id='block_1_79' title="bbox 2226 1215 3836 1292">
    <p class='ocr_par' dir='ltr' id='par_1_79' title="bbox 2226 1215 3836 1292">
     <span class='ocr_line' id='line_1_92' title="bbox 2226 1215 3836 1292; baseline -0.012 -12"><span class='ocrx_word' id='word_1_633' title='bbox 2226 1235 2403 1280; x_wconf 89' lang='lat' dir='ltr'><strong>metus</strong></span> <span class='ocrx_word' id='word_1_634' title='bbox 2432 1226 2562 1292; x_wconf 87' lang='lat' dir='ltr'><strong>luit;</strong></span> <span class='ocrx_word' id='word_1_635' title='bbox 2595 1225 2688 1281; x_wconf 91' lang='lat' dir='ltr'><strong>sed</strong></span> <span class='ocrx_word' id='word_1_636' title='bbox 2717 1235 2890 1280; x_wconf 91' lang='lat' dir='ltr'><strong>metus</strong></span> <span class='ocrx_word' id='word_1_637' title='bbox 2921 1223 3249 1285; x_wconf 90' lang='lat' dir='ltr'><strong>moderatus,</strong></span> <span class='ocrx_word' id='word_1_638' title='bbox 3270 1217 3358 1287; x_wconf 91' lang='lat' dir='ltr'><strong>qui</strong></span> <span class='ocrx_word' id='word_1_639' title='bbox 3388 1217 3535 1268; x_wconf 89' lang='lat' dir='ltr'><strong>illum</strong></span> <span class='ocrx_word' id='word_1_640' title='bbox 3559 1215 3836 1265; x_wconf 90' lang='lat' dir='ltr'><strong>intentum</strong></span> 
     </span>
    </p>
   </div>
   <div class='ocr_carea' id='block_1_80' title="bbox 2225 1306 3837 1374">
    <p class='ocr_par' dir='ltr' id='par_1_80' title="bbox 2225 1306 3837 1374">
     <span class='ocr_line' id='line_1_93' title="bbox 2225 1306 3837 1374; baseline -0.012 -2"><span class='ocrx_word' id='word_1_641' title='bbox 2225 1317 2476 1374; x_wconf 86' lang='lat' dir='ltr'><strong>redderet</strong></span> <span class='ocrx_word' id='word_1_642' title='bbox 2525 1327 2751 1373; x_wconf 89' lang='lat' dir='ltr'><strong>tantmn.</strong></span> <span class='ocrx_word' id='word_1_643' title='bbox 2813 1316 3018 1371; x_wconf 88' lang='lat' dir='ltr'><strong>Deinde</strong></span> <span class='ocrx_word' id='word_1_644' title='bbox 3058 1314 3224 1369; x_wconf 87' lang='lat' dir='ltr'><strong>verba</strong></span> <span class='ocrx_word' id='word_1_645' title='bbox 3273 1322 3472 1365; x_wconf 89' lang='lat' dir='ltr'><strong>metum</strong></span> <span class='ocrx_word' id='word_1_646' title='bbox 3523 1306 3837 1365; x_wconf 88' lang='lat' dir='ltr'><strong>solverunt,</strong></span> 
     </span>
    </p>
   </div>
   <div class='ocr_carea' id='block_1_81' title="bbox 2228 1397 3836 1478">
    <p class='ocr_par' dir='ltr' id='par_1_81' title="bbox 2228 1397 3836 1478">
     <span class='ocr_line' id='line_1_94' title="bbox 2228 1397 3836 1478; baseline -0.009 -17"><span class='ocrx_word' id='word_1_647' title='bbox 2228 1407 2336 1463; x_wconf 83' lang='lat' dir='ltr'><strong>into</strong></span> <span class='ocrx_word' id='word_1_648' title='bbox 2364 1410 2538 1478; x_wconf 90' lang='lat' dir='ltr'><strong>potius</strong></span> <span class='ocrx_word' id='word_1_649' title='bbox 2571 1409 2756 1463; x_wconf 87' lang='lat' dir='ltr'><strong>laudes</strong></span> <span class='ocrx_word' id='word_1_650' title='bbox 2794 1408 2898 1463; x_wconf 86' lang='lat' dir='ltr'><strong>illis</strong></span> <span class='ocrx_word' id='word_1_651' title='bbox 2926 1407 3194 1476; x_wconf 67' lang='lat' dir='ltr'><strong>adjuncta:</strong></span> <span class='ocrx_word' id='word_1_652' title='bbox 3233 1402 3440 1458; x_wconf 91' lang='lat' dir='ltr'><strong>timoris</strong></span> <span class='ocrx_word' id='word_1_653' title='bbox 3476 1397 3836 1468; x_wconf 69' lang='lat' dir='ltr'><strong>asperitatem</strong></span> 
     </span>
    </p>
   </div>
   <div class='ocr_carea' id='block_1_82' title="bbox 2227 1492 3840 1574">
    <p class='ocr_par' dir='ltr' id='par_1_82' title="bbox 2227 1492 3840 1574">
     <span class='ocr_line' id='line_1_95' title="bbox 2227 1492 3840 1574; baseline -0.011 -18"><span class='ocrx_word' id='word_1_654' title='bbox 2227 1505 2555 1574; x_wconf 85' lang='lat' dir='ltr'><strong>mitigarunt.</strong></span> <span class='ocrx_word' id='word_1_655' title='bbox 2591 1503 2729 1557; x_wconf 81' lang='lat' dir='ltr'><strong>Audi</strong></span> <span class='ocrx_word' id='word_1_656' title='bbox 2773 1517 2902 1557; x_wconf 90' lang='lat' dir='ltr'><strong>vero</strong></span> <span class='ocrx_word' id='word_1_657' title='bbox 2931 1516 3050 1570; x_wconf 72' lang='lat' dir='ltr'><strong>quae</strong></span> <span class='ocrx_word' id='word_1_658' title='bbox 3080 1497 3242 1553; x_wconf 87' lang='lat' dir='ltr'><strong>verba</strong></span> <span class='ocrx_word' id='word_1_659' title='bbox 3274 1514 3287 1547; x_wconf 90' lang='lat'><strong><em>:</em></strong></span> <span class='ocrx_word' id='word_1_660' title='bbox 3332 1492 3604 1546; x_wconf 79' lang='lat' dir='ltr'><strong>Orationes</strong></span> <span class='ocrx_word' id='word_1_661' title='bbox 3643 1499 3748 1541; x_wconf 80' lang='lat' dir='ltr'><strong>tua:</strong></span> <span class='ocrx_word' id='word_1_662' title='bbox 3791 1493 3840 1538; x_wconf 83' lang='lat' dir='ltr'><strong>et</strong></span> 
     </span>
    </p>
   </div>
   <div class='ocr_carea' id='block_1_83' title="bbox 2225 1582 3840 1666">
    <p class='ocr_par' dir='ltr' id='par_1_83' title="bbox 2225 1582 3840 1666">
     <span class='ocr_line' id='line_1_96' title="bbox 2225 1582 3840 1666; baseline -0.013 -17"><span class='ocrx_word' id='word_1_663' title='bbox 2225 1597 2553 1666; x_wconf 79' lang='lat' dir='ltr'><strong>eleemosyna:</strong></span> <span class='ocrx_word' id='word_1_664' title='bbox 2579 1605 2679 1648; x_wconf 80' lang='lat' dir='ltr'><strong>tua:</strong></span> <span class='ocrx_word' id='word_1_665' title='bbox 2708 1593 3045 1648; x_wconf 85' lang='lat' dir='ltr'><strong>ascenderunt</strong></span> <span class='ocrx_word' id='word_1_666' title='bbox 3068 1592 3120 1643; x_wconf 90' lang='lat' dir='ltr'><strong>in</strong></span> <span class='ocrx_word' id='word_1_667' title='bbox 3148 1587 3444 1641; x_wconf 85' lang='lat' dir='ltr'><strong>memoriam</strong></span> <span class='ocrx_word' id='word_1_668' title='bbox 3469 1582 3522 1636; x_wconf 90' lang='lat' dir='ltr'><strong>in</strong></span> <span class='ocrx_word' id='word_1_669' title='bbox 3553 1588 3840 1648; x_wconf 77' lang='lat' dir='ltr'><strong>conspectu</strong></span> 
     </span>
    </p>
   </div>
   <div class='ocr_carea' id='block_1_84' title="bbox 2225 1668 3842 1756">
    <p class='ocr_par' dir='ltr' id='par_1_84' title="bbox 2225 1668 3842 1756">
     <span class='ocr_line' id='line_1_97' title="bbox 2225 1668 3842 1756; baseline -0.012 -15"><span class='ocrx_word' id='word_1_670' title='bbox 2225 1686 2345 1741; x_wconf 89' lang='lat' dir='ltr'><strong>Dei.</strong></span> <span class='ocrx_word' id='word_1_671' title='bbox 2374 1688 2429 1743; x_wconf 82' lang='lat'><strong>5.</strong></span> <span class='ocrx_word' id='word_1_672' title='bbox 2468 1686 2618 1740; x_wconf 87' lang='lat' dir='ltr'><strong>Nunc</strong></span> <span class='ocrx_word' id='word_1_673' title='bbox 2668 1701 2786 1756; x_wconf 83' lang='lat' dir='ltr'><strong>ergo</strong></span> <span class='ocrx_word' id='word_1_674' title='bbox 2832 1686 2974 1737; x_wconf 85' lang='lat' dir='ltr'><strong>mitte</strong></span> <span class='ocrx_word' id='word_1_675' title='bbox 3019 1684 3153 1736; x_wconf 84' lang='lat' dir='ltr'><strong>viros</strong></span> <span class='ocrx_word' id='word_1_676' title='bbox 3197 1680 3251 1734; x_wconf 88' lang='lat' dir='ltr'><strong>in</strong></span> <span class='ocrx_word' id='word_1_677' title='bbox 3292 1677 3518 1747; x_wconf 72' lang='lat' dir='ltr'><strong>Iappen,</strong></span> <span class='ocrx_word' id='word_1_678' title='bbox 3562 1685 3608 1728; x_wconf 87' lang='lat' dir='ltr'><strong>et</strong></span> <span class='ocrx_word' id='word_1_679' title='bbox 3640 1668 3842 1724; x_wconf 81' lang='lat' dir='ltr'><strong>accersi</strong></span> 
     </span>
    </p>
   </div>
   <div class='ocr_carea' id='block_1_85' title="bbox 2228 1759 3841 1849">
    <p class='ocr_par' dir='ltr' id='par_1_85' title="bbox 2228 1759 3841 1849">
     <span class='ocr_line' id='line_1_98' title="bbox 2228 1759 3841 1849; baseline -0.013 -14"><span class='ocrx_word' id='word_1_680' title='bbox 2228 1781 2490 1835; x_wconf 85' lang='lat' dir='ltr'><strong>Simonem</strong></span> <span class='ocrx_word' id='word_1_681' title='bbox 2517 1784 2806 1849; x_wconf 87' lang='lat' dir='ltr'><strong>quemdam,</strong></span> <span class='ocrx_word' id='word_1_682' title='bbox 2842 1776 2926 1845; x_wconf 85' lang='lat' dir='ltr'><strong>qui</strong></span> <span class='ocrx_word' id='word_1_683' title='bbox 2969 1773 3355 1844; x_wconf 85' lang='lat' dir='ltr'><strong>cognominatur</strong></span> <span class='ocrx_word' id='word_1_684' title='bbox 3382 1767 3589 1821; x_wconf 80' lang='lat' dir='ltr'><strong>Petrus.</strong></span> <span class='ocrx_word' id='word_1_685' title='bbox 3639 1762 3720 1819; x_wconf 82' lang='lat' dir='ltr'><strong>Ne</strong></span> <span class='ocrx_word' id='word_1_686' title='bbox 3771 1759 3841 1814; x_wconf 85' lang='lat' dir='ltr'><strong>ad</strong></span> 
     </span>
    </p>
   </div>
   <div class='ocr_carea' id='block_1_86' title="bbox 2228 1855 3840 1936">
    <p class='ocr_par' dir='ltr' id='par_1_86' title="bbox 2228 1855 3840 1936">
     <span class='ocr_line' id='line_1_99' title="bbox 2228 1855 3840 1936; baseline -0.015 -9"><span class='ocrx_word' id='word_1_687' title='bbox 2228 1873 2389 1927; x_wconf 86' lang='lat' dir='ltr'><strong>alium</strong></span> <span class='ocrx_word' id='word_1_688' title='bbox 2423 1871 2659 1936; x_wconf 86' lang='lat' dir='ltr'><strong>veniant,</strong></span> <span class='ocrx_word' id='word_1_689' title='bbox 2695 1885 2802 1924; x_wconf 92' lang='lat' dir='ltr'><strong>non</strong></span> <span class='ocrx_word' id='word_1_690' title='bbox 2833 1883 2860 1920; x_wconf 92' lang='lat' dir='ltr'><strong>a</strong></span> <span class='ocrx_word' id='word_1_691' title='bbox 2895 1865 3216 1936; x_wconf 83' lang='lat' dir='ltr'><strong>cognomine</strong></span> <span class='ocrx_word' id='word_1_692' title='bbox 3248 1869 3456 1915; x_wconf 87' lang='lat' dir='ltr'><strong>tantmn</strong></span> <span class='ocrx_word' id='word_1_693' title='bbox 3481 1900 3496 1923; x_wconf 96' lang='lat'><strong>,</strong></span> <span class='ocrx_word' id='word_1_694' title='bbox 3539 1855 3637 1912; x_wconf 86' lang='lat' dir='ltr'><strong>sed</strong></span> <span class='ocrx_word' id='word_1_695' title='bbox 3670 1855 3840 1909; x_wconf 86' lang='lat' dir='ltr'><strong>etiam</strong></span> 
     </span>
    </p>
   </div>
   <div class='ocr_carea' id='block_1_87' title="bbox 2228 1946 3839 2023">
    <p class='ocr_par' dir='ltr' id='par_1_87' title="bbox 2228 1946 3839 2023">
     <span class='ocr_line' id='line_1_100' title="bbox 2228 1946 3839 2023; baseline -0.016 -3"><span class='ocrx_word' id='word_1_696' title='bbox 2228 1981 2258 2019; x_wconf 93' lang='lat' dir='ltr'><strong>a</strong></span> <span class='ocrx_word' id='word_1_697' title='bbox 2296 1965 2414 2019; x_wconf 89' lang='lat' dir='ltr'><strong>loco</strong></span> <span class='ocrx_word' id='word_1_698' title='bbox 2443 1964 2614 2016; x_wconf 81' lang='lat' dir='ltr'><strong>virum</strong></span> <span class='ocrx_word' id='word_1_699' title='bbox 2651 1962 2897 2016; x_wconf 82' lang='lat' dir='ltr'><strong>denotat.</strong></span> <span class='ocrx_word' id='word_1_700' title='bbox 2929 1958 2981 2012; x_wconf 88' lang='lat'><strong>6.</strong></span> <span class='ocrx_word' id='word_1_701' title='bbox 3023 1955 3119 2009; x_wconf 83' lang='lat' dir='ltr'><strong>llic</strong></span> <span class='ocrx_word' id='word_1_702' title='bbox 3151 1954 3446 2023; x_wconf 81' lang='lat' dir='ltr'><strong>hospitatur</strong></span> <span class='ocrx_word' id='word_1_703' title='bbox 3483 1948 3624 2019; x_wconf 85' lang='lat' dir='ltr'><strong>apud</strong></span> <span class='ocrx_word' id='word_1_704' title='bbox 3657 1946 3839 2001; x_wconf 84' lang='lat' dir='ltr'><strong>Simo-</strong></span> 
     </span>
    </p>
   </div>
   <div class='ocr_carea' id='block_1_88' title="bbox 2230 2044 3838 2126">
    <p class='ocr_par' dir='ltr' id='par_1_88' title="bbox 2230 2044 3838 2126">
     <span class='ocr_line' id='line_1_101' title="bbox 2230 2044 3838 2126; baseline -0.013 -16"><span class='ocrx_word' id='word_1_705' title='bbox 2230 2075 2342 2111; x_wconf 86' lang='lat' dir='ltr'><strong>nem</strong></span> <span class='ocrx_word' id='word_1_706' title='bbox 2369 2054 2636 2126; x_wconf 84' lang='lat' dir='ltr'><strong>qnemdant</strong></span> <span class='ocrx_word' id='word_1_707' title='bbox 2665 2053 2975 2116; x_wconf 88' lang='lat' dir='ltr'><strong>coriarium,</strong></span> <span class='ocrx_word' id='word_1_708' title='bbox 3009 2049 3161 2119; x_wconf 85' lang='lat' dir='ltr'><strong>cujus</strong></span> <span class='ocrx_word' id='word_1_709' title='bbox 3186 2045 3466 2101; x_wconf 87' lang='lat' dir='ltr'><strong>estdomus</strong></span> <span class='ocrx_word' id='word_1_710' title='bbox 3485 2044 3643 2111; x_wconf 87' lang='lat' dir='ltr'><strong>juxta</strong></span> <span class='ocrx_word' id='word_1_711' title='bbox 3672 2053 3838 2091; x_wconf 88' lang='lat' dir='ltr'><strong>mare.</strong></span> 
     </span>
    </p>
   </div>
   <div class='ocr_carea' id='block_1_89' title="bbox 2232 2132 3845 2218">
    <p class='ocr_par' dir='ltr' id='par_1_89' title="bbox 2232 2132 3845 2218">
     <span class='ocr_line' id='line_1_102' title="bbox 2232 2132 3845 2218; baseline -0.012 -15"><span class='ocrx_word' id='word_1_712' title='bbox 2232 2149 2478 2203; x_wconf 80' lang='lat' dir='ltr'><strong>Vidistin’</strong></span> <span class='ocrx_word' id='word_1_713' title='bbox 2525 2145 2800 2218; x_wconf 90' lang='lat' dir='ltr'><strong>quomodo</strong></span> <span class='ocrx_word' id='word_1_714' title='bbox 2851 2141 3120 2214; x_wconf 91' lang='lat' dir='ltr'><strong>apostoli,</strong></span> <span class='ocrx_word' id='word_1_715' title='bbox 3172 2137 3482 2194; x_wconf 87' lang='lat' dir='ltr'><strong>solitudinis</strong></span> <span class='ocrx_word' id='word_1_716' title='bbox 3528 2142 3585 2187; x_wconf 88' lang='lat' dir='ltr'><strong>et</strong></span> <span class='ocrx_word' id='word_1_717' title='bbox 3635 2132 3845 2202; x_wconf 87' lang='lat' dir='ltr'><strong>quietis</strong></span> 
     </span>
    </p>
   </div>
   <div class='ocr_carea' id='block_1_90' title="bbox 2229 2223 3844 2306">
    <p class='ocr_par' dir='ltr' id='par_1_90' title="bbox 2229 2223 3844 2306">
     <span class='ocr_line' id='line_1_103' title="bbox 2229 2223 3844 2306; baseline -0.014 -8"><span class='ocrx_word' id='word_1_718' title='bbox 2229 2251 2493 2306; x_wconf 86' lang='lat' dir='ltr'><strong>amantes,</strong></span> <span class='ocrx_word' id='word_1_719' title='bbox 2521 2240 2841 2296; x_wconf 89' lang='lat' dir='ltr'><strong>remotiores</strong></span> <span class='ocrx_word' id='word_1_720' title='bbox 2869 2237 3078 2290; x_wconf 87' lang='lat' dir='ltr'><strong>urbium</strong></span> <span class='ocrx_word' id='word_1_721' title='bbox 3103 2242 3282 2303; x_wconf 90' lang='lat' dir='ltr'><strong>partes</strong></span> <span class='ocrx_word' id='word_1_722' title='bbox 3308 2226 3674 2285; x_wconf 84' lang='lat' dir='ltr'><strong>sectarentur?</strong></span> <span class='ocrx_word' id='word_1_723' title='bbox 3697 2223 3844 2291; x_wconf 85' lang='lat' dir='ltr'><strong>Quid</strong></span> 
     </span>
    </p>
   </div>
   <div class='ocr_carea' id='block_1_91' title="bbox 2231 2320 3844 2405">
    <p class='ocr_par' dir='ltr' id='par_1_91' title="bbox 2231 2320 3844 2405">
     <span class='ocr_line' id='line_1_104' title="bbox 2231 2320 3844 2405; baseline -0.013 -17"><span class='ocrx_word' id='word_1_724' title='bbox 2231 2337 2413 2405; x_wconf 80' lang='lat' dir='ltr'><strong>igitur,</strong></span> <span class='ocrx_word' id='word_1_725' title='bbox 2466 2333 2510 2387; x_wconf 89' lang='lat' dir='ltr'><strong>si</strong></span> <span class='ocrx_word' id='word_1_726' title='bbox 2539 2332 2858 2401; x_wconf 84' lang='lat' dir='ltr'><strong>contigisset</strong></span> <span class='ocrx_word' id='word_1_727' title='bbox 2903 2328 3067 2382; x_wconf 86' lang='lat' dir='ltr'><strong>alium</strong></span> <span class='ocrx_word' id='word_1_728' title='bbox 3101 2338 3221 2380; x_wconf 89' lang='lat' dir='ltr'><strong>esse</strong></span> <span class='ocrx_word' id='word_1_729' title='bbox 3256 2322 3532 2378; x_wconf 89' lang='lat' dir='ltr'><strong>Simonem</strong></span> <span class='ocrx_word' id='word_1_730' title='bbox 3562 2327 3615 2372; x_wconf 90' lang='lat' dir='ltr'><strong>et</strong></span> <span class='ocrx_word' id='word_1_731' title='bbox 3663 2320 3844 2386; x_wconf 87' lang='lat' dir='ltr'><strong>ipsum</strong></span> 
     </span>
    </p>
   </div>
   <div class='ocr_carea' id='block_1_92' title="bbox 2229 2407 3843 2482">
    <p class='ocr_par' dir='ltr' id='par_1_92' title="bbox 2229 2407 3843 2482">
     <span class='ocr_line' id='line_1_105' title="bbox 2229 2407 3843 2482; baseline -0.013 0"><span class='ocrx_word' id='word_1_732' title='bbox 2229 2425 2557 2482; x_wconf 88' lang='lat' dir='ltr'><strong>coriarium?</strong></span> <span class='ocrx_word' id='word_1_733' title='bbox 2609 2423 2716 2478; x_wconf 88' lang='lat' dir='ltr'><strong>Sed</strong></span> <span class='ocrx_word' id='word_1_734' title='bbox 2773 2431 2829 2476; x_wconf 92' lang='lat' dir='ltr'><strong>et</strong></span> <span class='ocrx_word' id='word_1_735' title='bbox 2892 2419 3055 2473; x_wconf 88' lang='lat' dir='ltr'><strong>aliam</strong></span> <span class='ocrx_word' id='word_1_736' title='bbox 3123 2424 3305 2470; x_wconf 90' lang='lat' dir='ltr'><strong>notam</strong></span> <span class='ocrx_word' id='word_1_737' title='bbox 3353 2411 3634 2474; x_wconf 87' lang='lat' dir='ltr'><strong>habebat,</strong></span> <span class='ocrx_word' id='word_1_738' title='bbox 3692 2407 3843 2478; x_wconf 89' lang='lat' dir='ltr'><strong>quod</strong></span> 
     </span>
    </p>
   </div>
   <div class='ocr_carea' id='block_1_93' title="bbox 2232 2508 3846 2588">
    <p class='ocr_par' dir='ltr' id='par_1_93' title="bbox 2232 2508 3846 2588">
     <span class='ocr_line' id='line_1_106' title="bbox 2232 2508 3846 2588; baseline -0.014 -11"><span class='ocrx_word' id='word_1_739' title='bbox 2232 2521 2492 2577; x_wconf 88' lang='lat' dir='ltr'><strong>habitaret</strong></span> <span class='ocrx_word' id='word_1_740' title='bbox 2514 2518 2662 2588; x_wconf 74' lang='lat' dir='ltr'><strong>juxta</strong></span> <span class='ocrx_word' id='word_1_741' title='bbox 2687 2530 2834 2569; x_wconf 88' lang='lat' dir='ltr'><strong>mare</strong></span> <span class='ocrx_word' id='word_1_742' title='bbox 2868 2533 2881 2566; x_wconf 87' lang='lat'><strong>:</strong></span> <span class='ocrx_word' id='word_1_743' title='bbox 2917 2515 3016 2567; x_wconf 88' lang='lat' dir='ltr'><strong>tria</strong></span> <span class='ocrx_word' id='word_1_744' title='bbox 3045 2519 3222 2565; x_wconf 86' lang='lat' dir='ltr'><strong>autem</strong></span> <span class='ocrx_word' id='word_1_745' title='bbox 3256 2508 3342 2562; x_wconf 90' lang='lat' dir='ltr'><strong>illa</strong></span> <span class='ocrx_word' id='word_1_746' title='bbox 3373 2521 3480 2559; x_wconf 89' lang='lat' dir='ltr'><strong>non</strong></span> <span class='ocrx_word' id='word_1_747' title='bbox 3511 2516 3846 2558; x_wconf 87' lang='lat' dir='ltr'><strong>concurrere</strong></span> 
     </span>
    </p>
   </div>
   <div class='ocr_carea' id='block_1_94' title="bbox 2233 2596 3842 2683">
    <p class='ocr_par' dir='ltr' id='par_1_94' title="bbox 2233 2596 3842 2683">
     <span class='ocr_line' id='line_1_107' title="bbox 2233 2596 3842 2683; baseline -0.014 -15"><span class='ocrx_word' id='word_1_748' title='bbox 2233 2619 2501 2683; x_wconf 90' lang='lat' dir='ltr'><strong>poterant.</strong></span> <span class='ocrx_word' id='word_1_749' title='bbox 2554 2609 2662 2664; x_wconf 86' lang='lat' dir='ltr'><strong>Nec</strong></span> <span class='ocrx_word' id='word_1_750' title='bbox 2697 2608 2852 2671; x_wconf 75' lang='lat' dir='ltr'><strong>dixit,</strong></span> <span class='ocrx_word' id='word_1_751' title='bbox 2883 2619 3071 2675; x_wconf 89' lang='lat' dir='ltr'><strong>quare,</strong></span> <span class='ocrx_word' id='word_1_752' title='bbox 3104 2617 3172 2657; x_wconf 88' lang='lat' dir='ltr'><strong>ne</strong></span> <span class='ocrx_word' id='word_1_753' title='bbox 3201 2600 3503 2661; x_wconf 83' lang='lat' dir='ltr'><strong>resolutum</strong></span> <span class='ocrx_word' id='word_1_754' title='bbox 3547 2596 3842 2656; x_wconf 82' lang='lat' dir='ltr'><strong>redderet;</strong></span> 
     </span>
    </p>
   </div>
   <div class='ocr_carea' id='block_1_95' title="bbox 2234 2684 3845 2769">
    <p class='ocr_par' dir='ltr' id='par_1_95' title="bbox 2234 2684 3845 2769">
     <span class='ocr_line' id='line_1_108' title="bbox 2234 2684 3845 2769; baseline -0.014 -9"><span class='ocrx_word' id='word_1_755' title='bbox 2234 2705 2328 2760; x_wconf 87' lang='lat' dir='ltr'><strong>sed</strong></span> <span class='ocrx_word' id='word_1_756' title='bbox 2359 2703 2596 2769; x_wconf 90' lang='lat' dir='ltr'><strong>dimisit,</strong></span> <span class='ocrx_word' id='word_1_757' title='bbox 2639 2709 2698 2754; x_wconf 91' lang='lat' dir='ltr'><strong>ut</strong></span> <span class='ocrx_word' id='word_1_758' title='bbox 2738 2697 2991 2753; x_wconf 88' lang='lat' dir='ltr'><strong>audiendi</strong></span> <span class='ocrx_word' id='word_1_759' title='bbox 3022 2693 3289 2750; x_wconf 91' lang='lat' dir='ltr'><strong>desiderio</strong></span> <span class='ocrx_word' id='word_1_760' title='bbox 3333 2687 3646 2745; x_wconf 85' lang='lat' dir='ltr'><strong>teneretur?</strong></span> <span class='ocrx_word' id='word_1_761' title='bbox 3681 2687 3736 2742; x_wconf 88' lang='lat'><strong>7.</strong></span> <span class='ocrx_word' id='word_1_762' title='bbox 3773 2684 3845 2738; x_wconf 85' lang='lat' dir='ltr'><strong>Et</strong></span> 
     </span>
    </p>
   </div>
   <div class='ocr_carea' id='block_1_96' title="bbox 2235 2778 3844 2862">
    <p class='ocr_par' dir='ltr' id='par_1_96' title="bbox 2235 2778 3844 2862">
     <span class='ocr_line' id='line_1_109' title="bbox 2235 2778 3844 2862; baseline -0.015 -10"><span class='ocrx_word' id='word_1_763' title='bbox 2235 2815 2349 2852; x_wconf 87' lang='lat' dir='ltr'><strong>cum</strong></span> <span class='ocrx_word' id='word_1_764' title='bbox 2373 2795 2678 2849; x_wconf 83' lang='lat' dir='ltr'><strong>discessisset</strong></span> <span class='ocrx_word' id='word_1_765' title='bbox 2706 2791 2937 2862; x_wconf 86' lang='lat' dir='ltr'><strong>angelus,</strong></span> <span class='ocrx_word' id='word_1_766' title='bbox 2971 2791 3059 2858; x_wconf 84' lang='lat' dir='ltr'><strong>qui</strong></span> <span class='ocrx_word' id='word_1_767' title='bbox 3080 2784 3375 2854; x_wconf 84' lang='lat' dir='ltr'><strong>loquebatur</strong></span> <span class='ocrx_word' id='word_1_768' title='bbox 3401 2778 3656 2842; x_wconf 84' lang='lat' dir='ltr'><strong>Cornelio,</strong></span> <span class='ocrx_word' id='word_1_769' title='bbox 3688 2793 3844 2831; x_wconf 78' lang='lat' dir='ltr'><strong>voca-</strong></span> 
     </span>
    </p>
   </div>
   <div class='ocr_carea' id='block_1_97' title="bbox 2234 2870 3846 2946">
    <p class='ocr_par' dir='ltr' id='par_1_97' title="bbox 2234 2870 3846 2946">
     <span class='ocr_line' id='line_1_110' title="bbox 2234 2870 3846 2946; baseline -0.013 -1"><span class='ocrx_word' id='word_1_770' title='bbox 2234 2894 2302 2946; x_wconf 80' lang='lat' dir='ltr'><strong>t-it</strong></span> <span class='ocrx_word' id='word_1_771' title='bbox 2329 2892 2456 2944; x_wconf 90' lang='lat' dir='ltr'><strong>duos</strong></span> <span class='ocrx_word' id='word_1_772' title='bbox 2493 2887 2796 2942; x_wconf 83' lang='lat' dir='ltr'><strong>domesticos</strong></span> <span class='ocrx_word' id='word_1_773' title='bbox 2843 2900 2982 2946; x_wconf 87' lang='lat' dir='ltr'><strong>suos,</strong></span> <span class='ocrx_word' id='word_1_774' title='bbox 3015 2890 3061 2935; x_wconf 89' lang='lat' dir='ltr'><strong>et</strong></span> <span class='ocrx_word' id='word_1_775' title='bbox 3091 2879 3300 2932; x_wconf 84' lang='lat' dir='ltr'><strong>militent</strong></span> <span class='ocrx_word' id='word_1_776' title='bbox 3326 2884 3626 2929; x_wconf 85' lang='lat' dir='ltr'><strong>metuentem</strong></span> <span class='ocrx_word' id='word_1_777' title='bbox 3650 2870 3846 2924; x_wconf 88' lang='lat' dir='ltr'><strong>Domi-</strong></span> 
     </span>
    </p>
   </div>
   <div class='ocr_carea' id='block_1_98' title="bbox 2236 2968 3848 3051">
    <p class='ocr_par' dir='ltr' id='par_1_98' title="bbox 2236 2968 3848 3051">
     <span class='ocr_line' id='line_1_111' title="bbox 2236 2968 3848 3051; baseline -0.016 -11"><span class='ocrx_word' id='word_1_778' title='bbox 2236 3002 2379 3051; x_wconf 89' lang='lat' dir='ltr'><strong>num,</strong></span> <span class='ocrx_word' id='word_1_779' title='bbox 2414 2984 2554 3037; x_wconf 88' lang='lat' dir='ltr'><strong>exiis</strong></span> <span class='ocrx_word' id='word_1_780' title='bbox 2583 2982 2667 3050; x_wconf 90' lang='lat' dir='ltr'><strong>qui</strong></span> <span class='ocrx_word' id='word_1_781' title='bbox 2699 2979 2775 3032; x_wconf 90' lang='lat' dir='ltr'><strong>illi</strong></span> <span class='ocrx_word' id='word_1_782' title='bbox 2807 2976 3078 3048; x_wconf 87' lang='lat' dir='ltr'><strong>parebant.</strong></span> <span class='ocrx_word' id='word_1_783' title='bbox 3109 2972 3161 3026; x_wconf 93' lang='lat'><strong>8.</strong></span> <span class='ocrx_word' id='word_1_784' title='bbox 3215 2968 3409 3034; x_wconf 86' lang='lat' dir='ltr'><strong>Quibus</strong></span> <span class='ocrx_word' id='word_1_785' title='bbox 3439 2982 3554 3020; x_wconf 89' lang='lat' dir='ltr'><strong>cum</strong></span> <span class='ocrx_word' id='word_1_786' title='bbox 3582 2971 3848 3016; x_wconf 83' lang='lat' dir='ltr'><strong>narrasset</strong></span> 
     </span>
    </p>
   </div>
   <div class='ocr_carea' id='block_1_99' title="bbox 2237 3058 3847 3144">
    <p class='ocr_par' dir='ltr' id='par_1_99' title="bbox 2237 3058 3847 3144">
     <span class='ocr_line' id='line_1_112' title="bbox 2237 3058 3847 3144; baseline -0.017 -10"><span class='ocrx_word' id='word_1_787' title='bbox 2237 3080 2430 3144; x_wconf 89' lang='lat' dir='ltr'><strong>omnia,</strong></span> <span class='ocrx_word' id='word_1_788' title='bbox 2477 3077 2611 3130; x_wconf 87' lang='lat' dir='ltr'><strong>misit</strong></span> <span class='ocrx_word' id='word_1_789' title='bbox 2651 3073 2769 3126; x_wconf 88' lang='lat' dir='ltr'><strong>illos</strong></span> <span class='ocrx_word' id='word_1_790' title='bbox 2814 3073 2868 3123; x_wconf 86' lang='lat' dir='ltr'><strong>in</strong></span> <span class='ocrx_word' id='word_1_791' title='bbox 2906 3068 3131 3137; x_wconf 82' lang='lat' dir='ltr'><strong>Joppen.</strong></span> <span class='ocrx_word' id='word_1_792' title='bbox 3182 3062 3372 3117; x_wconf 79' lang='lat' dir='ltr'><strong>Viden’</strong></span> <span class='ocrx_word' id='word_1_793' title='bbox 3410 3059 3558 3114; x_wconf 91' lang='lat' dir='ltr'><strong>illum</strong></span> <span class='ocrx_word' id='word_1_794' title='bbox 3588 3058 3705 3110; x_wconf 61' lang='lat' dir='ltr'><strong>haec</strong></span> <span class='ocrx_word' id='word_1_795' title='bbox 3734 3072 3847 3108; x_wconf 92' lang='lat' dir='ltr'><strong>nou</strong></span> 
     </span>
    </p>
   </div>
   <div class='ocr_carea' id='block_1_100' title="bbox 2238 3149 3847 3230">
    <p class='ocr_par' dir='ltr' id='par_1_100' title="bbox 2238 3149 3847 3230">
     <span class='ocr_line' id='line_1_113' title="bbox 2238 3149 3847 3230; baseline -0.016 -3"><span class='ocrx_word' id='word_1_796' title='bbox 2238 3175 2356 3227; x_wconf 86' lang='lat' dir='ltr'><strong>sine</strong></span> <span class='ocrx_word' id='word_1_797' title='bbox 2384 3185 2542 3225; x_wconf 90' lang='lat' dir='ltr'><strong>causa</strong></span> <span class='ocrx_word' id='word_1_798' title='bbox 2575 3168 2780 3230; x_wconf 88' lang='lat' dir='ltr'><strong>dicere,</strong></span> <span class='ocrx_word' id='word_1_799' title='bbox 2827 3161 2921 3218; x_wconf 89' lang='lat' dir='ltr'><strong>sed</strong></span> <span class='ocrx_word' id='word_1_800' title='bbox 2951 3169 3009 3214; x_wconf 92' lang='lat' dir='ltr'><strong>ut</strong></span> <span class='ocrx_word' id='word_1_801' title='bbox 3037 3155 3349 3213; x_wconf 90' lang='lat' dir='ltr'><strong>ostenderet</strong></span> <span class='ocrx_word' id='word_1_802' title='bbox 3379 3168 3495 3218; x_wconf 92' lang='lat' dir='ltr'><strong>eos,</strong></span> <span class='ocrx_word' id='word_1_803' title='bbox 3541 3149 3628 3220; x_wconf 88' lang='lat' dir='ltr'><strong>qui</strong></span> <span class='ocrx_word' id='word_1_804' title='bbox 3683 3164 3847 3219; x_wconf 64' lang='lat' dir='ltr'><strong>pare.</strong></span> 
     </span>
    </p>
   </div>
   <div class='ocr_carea' id='block_1_101' title="bbox 2240 3243 3847 3326">
    <p class='ocr_par' dir='ltr' id='par_1_101' title="bbox 2240 3243 3847 3326">
     <span class='ocr_line' id='line_1_114' title="bbox 2240 3243 3847 3326; baseline -0.017 -9"><span class='ocrx_word' id='word_1_805' title='bbox 2240 3266 2368 3318; x_wconf 88' lang='lat' dir='ltr'><strong>bant</strong></span> <span class='ocrx_word' id='word_1_806' title='bbox 2397 3263 2490 3326; x_wconf 93' lang='lat' dir='ltr'><strong>illi,</strong></span> <span class='ocrx_word' id='word_1_807' title='bbox 2525 3259 2656 3313; x_wconf 81' lang='lat' dir='ltr'><strong>tales</strong></span> <span class='ocrx_word' id='word_1_808' title='bbox 2687 3255 2894 3311; x_wconf 80' lang='lat' dir='ltr'><strong>fuisse?</strong></span> <span class='ocrx_word' id='word_1_809' title='bbox 2945 3251 3012 3305; x_wconf 87' lang='lat' dir='ltr'><strong>Et</strong></span> <span class='ocrx_word' id='word_1_810' title='bbox 3059 3266 3177 3303; x_wconf 89' lang='lat' dir='ltr'><strong>cum</strong></span> <span class='ocrx_word' id='word_1_811' title='bbox 3200 3253 3454 3301; x_wconf 81' lang='lat' dir='ltr'><strong>narrasset</strong></span> <span class='ocrx_word' id='word_1_812' title='bbox 3493 3243 3596 3296; x_wconf 89' lang='lat' dir='ltr'><strong>illis</strong></span> <span class='ocrx_word' id='word_1_813' title='bbox 3626 3243 3803 3295; x_wconf 85' lang='lat' dir='ltr'><strong>omnia</strong></span> <span class='ocrx_word' id='word_1_814' title='bbox 3831 3283 3847 3302; x_wconf 88' lang='grc'><em>,</em></span> 
     </span>
    </p>
   </div>
   <div class='ocr_carea' id='block_1_102' title="bbox 2241 3332 3852 3426">
    <p class='ocr_par' dir='ltr' id='par_1_102' title="bbox 2241 3332 3852 3426">
     <span class='ocr_line' id='line_1_115' title="bbox 2241 3332 3852 3426; baseline -0.016 -15"><span class='ocrx_word' id='word_1_815' title='bbox 2241 3356 2431 3426; x_wconf 84' lang='lat' dir='ltr'><strong>inquit.</strong></span> <span class='ocrx_word' id='word_1_816' title='bbox 2465 3353 2596 3407; x_wconf 78' lang='lat' dir='ltr'><strong>Vide</strong></span> <span class='ocrx_word' id='word_1_817' title='bbox 2623 3363 2782 3420; x_wconf 88' lang='lat' dir='ltr'><strong>quam</strong></span> <span class='ocrx_word' id='word_1_818' title='bbox 2815 3347 3026 3401; x_wconf 87' lang='lat' dir='ltr'><strong>alienus</strong></span> <span class='ocrx_word' id='word_1_819' title='bbox 3046 3344 3113 3398; x_wconf 90' lang='lat' dir='ltr'><strong>sit</strong></span> <span class='ocrx_word' id='word_1_820' title='bbox 3137 3358 3164 3395; x_wconf 91' lang='lat' dir='ltr'><strong>a</strong></span> <span class='ocrx_word' id='word_1_821' title='bbox 3203 3340 3361 3394; x_wconf 81' lang='lat' dir='ltr'><strong>fastu.</strong></span> <span class='ocrx_word' id='word_1_822' title='bbox 3396 3337 3511 3391; x_wconf 90' lang='lat' dir='ltr'><strong>Non</strong></span> <span class='ocrx_word' id='word_1_823' title='bbox 3541 3334 3702 3397; x_wconf 78' lang='lat' dir='ltr'><strong>dixit,</strong></span> <span class='ocrx_word' id='word_1_824' title='bbox 3741 3332 3852 3386; x_wconf 83' lang='lat' dir='ltr'><strong>\‘o-</strong></span> 
     </span>
    </p>
   </div>
   <div class='ocr_carea' id='block_1_103' title="bbox 2239 3425 3845 3506">
    <p class='ocr_par' dir='ltr' id='par_1_103' title="bbox 2239 3425 3845 3506">
     <span class='ocr_line' id='line_1_116' title="bbox 2239 3425 3845 3506; baseline -0.019 -2"><span class='ocrx_word' id='word_1_825' title='bbox 2239 3459 2360 3504; x_wconf 87' lang='lat' dir='ltr'><strong>cate</strong></span> <span class='ocrx_word' id='word_1_826' title='bbox 2386 3445 2514 3501; x_wconf 90' lang='lat' dir='ltr'><strong>mibi</strong></span> <span class='ocrx_word' id='word_1_827' title='bbox 2539 3445 2797 3506; x_wconf 84' lang='lat' dir='ltr'><strong>Petrum;</strong></span> <span class='ocrx_word' id='word_1_828' title='bbox 2830 3437 2924 3494; x_wconf 91' lang='lat' dir='ltr'><strong>sed</strong></span> <span class='ocrx_word' id='word_1_829' title='bbox 2949 3446 3003 3491; x_wconf 91' lang='lat' dir='ltr'><strong>ut</strong></span> <span class='ocrx_word' id='word_1_830' title='bbox 3025 3433 3299 3494; x_wconf 88' lang='lat' dir='ltr'><strong>suaderet,</strong></span> <span class='ocrx_word' id='word_1_831' title='bbox 3340 3428 3582 3482; x_wconf 81' lang='lat' dir='ltr'><strong>narravit</strong></span> <span class='ocrx_word' id='word_1_832' title='bbox 3610 3425 3793 3478; x_wconf 78' lang='lat' dir='ltr'><strong>onniia</strong></span> <span class='ocrx_word' id='word_1_833' title='bbox 3832 3441 3845 3474; x_wconf 95' lang='lat'>:</span> 
     </span>
    </p>
   </div>
   <div class='ocr_carea' id='block_1_104' title="bbox 2241 3518 3852 3606">
    <p class='ocr_par' dir='ltr' id='par_1_104' title="bbox 2241 3518 3852 3606">
     <span class='ocr_line' id='line_1_117' title="bbox 2241 3518 3852 3606; baseline -0.019 -9"><span class='ocrx_word' id='word_1_834' title='bbox 2241 3543 2321 3598; x_wconf 92' lang='lat' dir='ltr'><strong>sic</strong></span> <span class='ocrx_word' id='word_1_835' title='bbox 2351 3555 2466 3595; x_wconf 90' lang='lat' dir='ltr'><strong>rem</strong></span> <span class='ocrx_word' id='word_1_836' title='bbox 2492 3539 2580 3592; x_wconf 94' lang='lat' dir='ltr'><strong>ille</strong></span> <span class='ocrx_word' id='word_1_837' title='bbox 2611 3533 2835 3606; x_wconf 88' lang='lat' dir='ltr'><strong>provide</strong></span> <span class='ocrx_word' id='word_1_838' title='bbox 2863 3532 3076 3602; x_wconf 85' lang='lat' dir='ltr'><strong>agebat.</strong></span> <span class='ocrx_word' id='word_1_839' title='bbox 3126 3526 3244 3581; x_wconf 87' lang='lat' dir='ltr'><strong>Non</strong></span> <span class='ocrx_word' id='word_1_840' title='bbox 3273 3522 3419 3577; x_wconf 91' lang='lat' dir='ltr'><strong>enim</strong></span> <span class='ocrx_word' id='word_1_841' title='bbox 3451 3518 3620 3573; x_wconf 75' lang='lat' dir='ltr'><strong>voluit</strong></span> <span class='ocrx_word' id='word_1_842' title='bbox 3645 3532 3712 3570; x_wconf 79' lang='lat' dir='ltr'><strong>ex</strong></span> <span class='ocrx_word' id='word_1_843' title='bbox 3744 3533 3852 3569; x_wconf 76' lang='lat' dir='ltr'><strong>au-</strong></span> 
     </span>
    </p>
   </div>
   <div class='ocr_carea' id='block_1_105' title="bbox 2243 3609 3856 3689">
    <p class='ocr_par' dir='ltr' id='par_1_105' title="bbox 2243 3609 3856 3689">
     <span class='ocr_line' id='line_1_118' title="bbox 2243 3609 3856 3689; baseline -0.019 0"><span class='ocrx_word' id='word_1_844' title='bbox 2243 3633 2493 3689; x_wconf 89' lang='lat' dir='ltr'><strong>ctoritate</strong></span> <span class='ocrx_word' id='word_1_845' title='bbox 2542 3629 2689 3682; x_wconf 88' lang='lat' dir='ltr'><strong>illmn</strong></span> <span class='ocrx_word' id='word_1_846' title='bbox 2740 3638 3022 3680; x_wconf 87' lang='lat' dir='ltr'><strong>accersere</strong></span> <span class='ocrx_word' id='word_1_847' title='bbox 3053 3637 3066 3675; x_wconf 76' lang='grc' dir='ltr'><strong><em>τ</em></strong></span> <span class='ocrx_word' id='word_1_848' title='bbox 3102 3619 3223 3673; x_wconf 90' lang='lat' dir='ltr'><strong>ideo</strong></span> <span class='ocrx_word' id='word_1_849' title='bbox 3255 3623 3456 3669; x_wconf 88' lang='lat' dir='ltr'><strong>narrat.</strong></span> <span class='ocrx_word' id='word_1_850' title='bbox 3501 3611 3680 3679; x_wconf 88' lang='lat' dir='ltr'><strong>Usque</strong></span> <span class='ocrx_word' id='word_1_851' title='bbox 3709 3609 3856 3661; x_wconf 81' lang='lat' dir='ltr'><strong>adeo</strong></span> 
     </span>
    </p>
   </div>
   <div class='ocr_carea' id='block_1_106' title="bbox 2245 3700 3854 3779">
    <p class='ocr_par' dir='ltr' id='par_1_106' title="bbox 2245 3700 3854 3779">
     <span class='ocr_line' id='line_1_119' title="bbox 2245 3700 3854 3779; baseline -0.016 0"><span class='ocrx_word' id='word_1_852' title='bbox 2245 3725 2521 3779; x_wconf 86' lang='lat' dir='ltr'><strong>modestus</strong></span> <span class='ocrx_word' id='word_1_853' title='bbox 2548 3729 2664 3775; x_wconf 87' lang='lat' dir='ltr'><strong>erat</strong></span> <span class='ocrx_word' id='word_1_854' title='bbox 2693 3719 2877 3776; x_wconf 88' lang='lat' dir='ltr'><strong>homo,</strong></span> <span class='ocrx_word' id='word_1_855' title='bbox 2921 3710 3132 3768; x_wconf 89' lang='lat' dir='ltr'><strong>etiamsi</strong></span> <span class='ocrx_word' id='word_1_856' title='bbox 3162 3707 3294 3762; x_wconf 90' lang='lat' dir='ltr'><strong>nihil</strong></span> <span class='ocrx_word' id='word_1_857' title='bbox 3333 3718 3584 3773; x_wconf 87' lang='lat' dir='ltr'><strong>magnmn</strong></span> <span class='ocrx_word' id='word_1_858' title='bbox 3623 3700 3854 3769; x_wconf 81' lang='lat' dir='ltr'><strong>cogitari</strong></span> 
     </span>
    </p>
   </div>
   <div class='ocr_carea' id='block_1_107' title="bbox 2247 3794 3854 3888">
    <p class='ocr_par' dir='ltr' id='par_1_107' title="bbox 2247 3794 3854 3888">
     <span class='ocr_line' id='line_1_120' title="bbox 2247 3794 3854 3888; baseline -0.017 -14"><span class='ocrx_word' id='word_1_859' title='bbox 2247 3824 2430 3888; x_wconf 87' lang='lat' dir='ltr'><strong>posset</strong></span> <span class='ocrx_word' id='word_1_860' title='bbox 2453 3816 2519 3869; x_wconf 91' lang='lat' dir='ltr'><strong>de</strong></span> <span class='ocrx_word' id='word_1_861' title='bbox 2546 3814 2661 3866; x_wconf 91' lang='lat' dir='ltr'><strong>viro</strong></span> <span class='ocrx_word' id='word_1_862' title='bbox 2686 3808 2826 3880; x_wconf 90' lang='lat' dir='ltr'><strong>apud</strong></span> <span class='ocrx_word' id='word_1_863' title='bbox 2849 3805 3139 3863; x_wconf 91' lang='lat' dir='ltr'><strong>coriarium</strong></span> <span class='ocrx_word' id='word_1_864' title='bbox 3169 3801 3506 3855; x_wconf 88' lang='lat' dir='ltr'><strong>diversante.</strong></span> <span class='ocrx_word' id='word_1_865' title='bbox 3539 3794 3591 3849; x_wconf 86' lang='lat'><strong>9.</strong></span> <span class='ocrx_word' id='word_1_866' title='bbox 3627 3794 3854 3848; x_wconf 85' lang='lat' dir='ltr'><strong>Postera</strong></span> 
     </span>
    </p>
   </div>
   <div class='ocr_carea' id='block_1_108' title="bbox 2245 3885 3856 3972">
    <p class='ocr_par' dir='ltr' id='par_1_108' title="bbox 2245 3885 3856 3972">
     <span class='ocr_line' id='line_1_121' title="bbox 2245 3885 3856 3972; baseline -0.017 -8"><span class='ocrx_word' id='word_1_867' title='bbox 2245 3885 2416 3964; x_wconf 76' lang='lat' dir='ltr'><strong>autem</strong></span> <span class='ocrx_word' id='word_1_868' title='bbox 2456 3908 2558 3972; x_wconf 86' lang='lat' dir='ltr'><strong>die,</strong></span> <span class='ocrx_word' id='word_1_869' title='bbox 2609 3905 2704 3956; x_wconf 88' lang='lat' dir='ltr'><strong>iter</strong></span> <span class='ocrx_word' id='word_1_870' title='bbox 2742 3902 2847 3955; x_wconf 91' lang='lat' dir='ltr'><strong>illis</strong></span> <span class='ocrx_word' id='word_1_871' title='bbox 2887 3896 3212 3969; x_wconf 79' lang='lat' dir='ltr'><strong>facientibus,</strong></span> <span class='ocrx_word' id='word_1_872' title='bbox 3246 3899 3291 3946; x_wconf 91' lang='lat' dir='ltr'><strong>et</strong></span> <span class='ocrx_word' id='word_1_873' title='bbox 3320 3885 3856 3960; x_wconf 76' lang='lat' dir='ltr'><strong>appropinquantibus</strong></span> 
     </span>
    </p>
   </div>
   <div class='ocr_carea' id='block_1_109' title="bbox 2245 3979 3860 4067">
    <p class='ocr_par' dir='ltr' id='par_1_109' title="bbox 2245 3979 3860 4067">
     <span class='ocr_line' id='line_1_122' title="bbox 2245 3979 3860 4067; baseline -0.019 -9"><span class='ocrx_word' id='word_1_874' title='bbox 2245 4002 2455 4067; x_wconf 84' lang='lat' dir='ltr'><strong>civitati,</strong></span> <span class='ocrx_word' id='word_1_875' title='bbox 2503 3997 2729 4052; x_wconf 79' lang='lat' dir='ltr'><strong>ascendit</strong></span> <span class='ocrx_word' id='word_1_876' title='bbox 2780 3993 2962 4046; x_wconf 82' lang='lat' dir='ltr'><strong>Petrus</strong></span> <span class='ocrx_word' id='word_1_877' title='bbox 2995 3990 3047 4042; x_wconf 88' lang='lat' dir='ltr'><strong>in</strong></span> <span class='ocrx_word' id='word_1_878' title='bbox 3077 3984 3344 4056; x_wconf 87' lang='lat' dir='ltr'><strong>superiora</strong></span> <span class='ocrx_word' id='word_1_879' title='bbox 3369 3982 3507 4035; x_wconf 88' lang='lat' dir='ltr'><strong>circa</strong></span> <span class='ocrx_word' id='word_1_880' title='bbox 3531 3979 3710 4032; x_wconf 81' lang='lat' dir='ltr'><strong>horam</strong></span> <span class='ocrx_word' id='word_1_881' title='bbox 3736 3994 3860 4030; x_wconf 77' lang='lat' dir='ltr'><strong>sex-</strong></span> 
     </span>
    </p>
   </div>
   <div class='ocr_carea' id='block_1_110' title="bbox 2251 4079 3857 4158">
    <p class='ocr_par' dir='ltr' id='par_1_110' title="bbox 2251 4079 3857 4158">
     <span class='ocr_line' id='line_1_123' title="bbox 2251 4079 3857 4158; baseline -0.019 -7"><span class='ocrx_word' id='word_1_882' title='bbox 2251 4108 2374 4152; x_wconf 90' lang='lat' dir='ltr'><strong>tam.</strong></span> <span class='ocrx_word' id='word_1_883' title='bbox 2408 4093 2543 4148; x_wconf 78' lang='lat' dir='ltr'><strong>Vide</strong></span> <span class='ocrx_word' id='word_1_884' title='bbox 2582 4086 2855 4158; x_wconf 89' lang='lat' dir='ltr'><strong>quomodo</strong></span> <span class='ocrx_word' id='word_1_885' title='bbox 2884 4082 3115 4152; x_wconf 88' lang='lat' dir='ltr'><strong>Spiritus</strong></span> <span class='ocrx_word' id='word_1_886' title='bbox 3149 4088 3390 4144; x_wconf 89' lang='lat' dir='ltr'><strong>tempora</strong></span> <span class='ocrx_word' id='word_1_887' title='bbox 3418 4079 3733 4131; x_wconf 89' lang='lat' dir='ltr'><strong>connectat,</strong></span> <span class='ocrx_word' id='word_1_888' title='bbox 3788 4083 3857 4122; x_wconf 89' lang='lat' dir='ltr'><strong>ac</strong></span> 
     </span>
    </p>
   </div>
   <div class='ocr_carea' id='block_1_111' title="bbox 2251 4160 3856 4257">
    <p class='ocr_par' dir='ltr' id='par_1_111' title="bbox 2251 4160 3856 4257">
     <span class='ocr_line' id='line_1_124' title="bbox 2251 4160 3856 4257; baseline -0.021 -14"><span class='ocrx_word' id='word_1_889' title='bbox 2251 4203 2424 4257; x_wconf 89' lang='lat' dir='ltr'><strong>neque</strong></span> <span class='ocrx_word' id='word_1_890' title='bbox 2463 4187 2619 4240; x_wconf 91' lang='lat' dir='ltr'><strong>citius</strong></span> <span class='ocrx_word' id='word_1_891' title='bbox 2663 4193 2836 4248; x_wconf 91' lang='lat' dir='ltr'><strong>neque</strong></span> <span class='ocrx_word' id='word_1_892' title='bbox 2873 4174 3081 4228; x_wconf 90' lang='lat' dir='ltr'><strong>tardius</strong></span> <span class='ocrx_word' id='word_1_893' title='bbox 3115 4186 3229 4224; x_wconf 89' lang='lat' dir='ltr'><strong>rem</strong></span> <span class='ocrx_word' id='word_1_894' title='bbox 3261 4167 3436 4223; x_wconf 79' lang='lat' dir='ltr'><strong>iaciat.</strong></span> <span class='ocrx_word' id='word_1_895' title='bbox 3475 4161 3734 4221; x_wconf 83' lang='lat' dir='ltr'><strong>Ascendit,</strong></span> <span class='ocrx_word' id='word_1_896' title='bbox 3770 4160 3856 4212; x_wconf 89' lang='lat' dir='ltr'><strong>in-</strong></span> 
     </span>
    </p>
   </div>
   <div class='ocr_carea' id='block_1_112' title="bbox 2252 4257 3856 4353">
    <p class='ocr_par' dir='ltr' id='par_1_112' title="bbox 2252 4257 3856 4353">
     <span class='ocr_line' id='line_1_125' title="bbox 2252 4257 3856 4353; baseline -0.021 -15"><span class='ocrx_word' id='word_1_897' title='bbox 2252 4285 2386 4353; x_wconf 91' lang='lat' dir='ltr'><strong>quit,</strong></span> <span class='ocrx_word' id='word_1_898' title='bbox 2422 4279 2606 4333; x_wconf 87' lang='lat' dir='ltr'><strong>Petrus</strong></span> <span class='ocrx_word' id='word_1_899' title='bbox 2635 4276 2686 4328; x_wconf 89' lang='lat' dir='ltr'><strong>in</strong></span> <span class='ocrx_word' id='word_1_900' title='bbox 2715 4270 2998 4339; x_wconf 84' lang='lat' dir='ltr'><strong>superiora,</strong></span> <span class='ocrx_word' id='word_1_901' title='bbox 3046 4273 3101 4318; x_wconf 90' lang='lat' dir='ltr'><strong>ut</strong></span> <span class='ocrx_word' id='word_1_902' title='bbox 3135 4269 3302 4316; x_wconf 87' lang='lat' dir='ltr'><strong>oraret</strong></span> <span class='ocrx_word' id='word_1_903' title='bbox 3341 4259 3475 4312; x_wconf 90' lang='lat' dir='ltr'><strong>circa</strong></span> <span class='ocrx_word' id='word_1_904' title='bbox 3516 4257 3694 4308; x_wconf 85' lang='lat' dir='ltr'><strong>horam</strong></span> <span class='ocrx_word' id='word_1_905' title='bbox 3738 4268 3856 4306; x_wconf 76' lang='lat' dir='ltr'><strong>sex-</strong></span> 
     </span>
    </p>
   </div>
   <div class='ocr_carea' id='block_1_113' title="bbox 2255 4348 3858 4432">
    <p class='ocr_par' dir='ltr' id='par_1_113' title="bbox 2255 4348 3858 4432">
     <span class='ocr_line' id='line_1_126' title="bbox 2255 4348 3858 4432; baseline -0.022 -1"><span class='ocrx_word' id='word_1_906' title='bbox 2255 4388 2359 4431; x_wconf 89' lang='lat' dir='ltr'><strong>tam</strong></span> <span class='ocrx_word' id='word_1_907' title='bbox 2388 4390 2406 4428; x_wconf 92' lang='lat'><strong><em>:</em></strong></span> <span class='ocrx_word' id='word_1_908' title='bbox 2447 4373 2551 4427; x_wconf 90' lang='lat' dir='ltr'><strong>hoc</strong></span> <span class='ocrx_word' id='word_1_909' title='bbox 2592 4378 2692 4432; x_wconf 88' lang='lat' dir='ltr'><strong>est,</strong></span> <span class='ocrx_word' id='word_1_910' title='bbox 2742 4375 2987 4418; x_wconf 89' lang='lat' dir='ltr'><strong>seorsum</strong></span> <span class='ocrx_word' id='word_1_911' title='bbox 3017 4367 3071 4413; x_wconf 90' lang='lat' dir='ltr'><strong>et</strong></span> <span class='ocrx_word' id='word_1_912' title='bbox 3104 4357 3154 4410; x_wconf 93' lang='lat' dir='ltr'><strong>in</strong></span> <span class='ocrx_word' id='word_1_913' title='bbox 3184 4354 3386 4425; x_wconf 88' lang='lat' dir='ltr'><strong>quiete,</strong></span> <span class='ocrx_word' id='word_1_914' title='bbox 3416 4348 3566 4418; x_wconf 89' lang='lat' dir='ltr'><strong>quasi</strong></span> <span class='ocrx_word' id='word_1_915' title='bbox 3591 4348 3642 4399; x_wconf 93' lang='lat' dir='ltr'><strong>in</strong></span> <span class='ocrx_word' id='word_1_916' title='bbox 3664 4359 3858 4399; x_wconf 71' lang='lat' dir='ltr'><strong>creua-</strong></span> 
     </span>
    </p>
   </div>
   <div class='ocr_carea' id='block_1_114' title="bbox 2253 4436 3864 4523">
    <p class='ocr_par' dir='ltr' id='par_1_114' title="bbox 2253 4436 3864 4523">
     <span class='ocr_line' id='line_1_127' title="bbox 2253 4436 3864 4523; baseline -0.02 0"><span class='ocrx_word' id='word_1_917' title='bbox 2253 4469 2393 4523; x_wconf 89' lang='lat' dir='ltr'><strong>culo.</strong></span> <span class='ocrx_word' id='word_1_918' title='bbox 2423 4465 2507 4520; x_wconf 78' lang='lat'><strong>10.</strong></span> <span class='ocrx_word' id='word_1_919' title='bbox 2555 4462 2617 4516; x_wconf 76' lang='lat' dir='ltr'><strong>Et</strong></span> <span class='ocrx_word' id='word_1_920' title='bbox 2650 4449 2761 4513; x_wconf 83' lang='lat' dir='ltr'><strong>cum</strong></span> <span class='ocrx_word' id='word_1_921' title='bbox 2809 4457 3043 4517; x_wconf 88' lang='lat' dir='ltr'><strong>esurirct,</strong></span> <span class='ocrx_word' id='word_1_922' title='bbox 3092 4448 3252 4503; x_wconf 83' lang='lat' dir='ltr'><strong>voluit</strong></span> <span class='ocrx_word' id='word_1_923' title='bbox 3290 4455 3511 4515; x_wconf 87' lang='lat' dir='ltr'><strong>gustare.</strong></span> <span class='ocrx_word' id='word_1_924' title='bbox 3542 4436 3864 4493; x_wconf 79' lang='lat' dir='ltr'><strong>Paranttbus</strong></span> 
     </span>
    </p>
   </div>
   <div class='ocr_carea' id='block_1_115' title="bbox 2254 4531 3864 4622">
    <p class='ocr_par' dir='ltr' id='par_1_115' title="bbox 2254 4531 3864 4622">
     <span class='ocr_line' id='line_1_128' title="bbox 2254 4531 3864 4622; baseline -0.02 -6"><span class='ocrx_word' id='word_1_925' title='bbox 2254 4573 2419 4615; x_wconf 82' lang='lat' dir='ltr'><strong>autent</strong></span> <span class='ocrx_word' id='word_1_926' title='bbox 2443 4558 2566 4622; x_wconf 76' lang='lat' dir='ltr'><strong>illis,</strong></span> <span class='ocrx_word' id='word_1_927' title='bbox 2611 4552 2790 4608; x_wconf 86' lang='lat' dir='ltr'><strong>cecidit</strong></span> <span class='ocrx_word' id='word_1_928' title='bbox 2829 4563 2981 4616; x_wconf 86' lang='lat' dir='ltr'><strong>super</strong></span> <span class='ocrx_word' id='word_1_929' title='bbox 3009 4561 3123 4598; x_wconf 87' lang='lat' dir='ltr'><strong>eum</strong></span> <span class='ocrx_word' id='word_1_930' title='bbox 3149 4539 3330 4594; x_wconf 88' lang='lat' dir='ltr'><strong>mentis</strong></span> <span class='ocrx_word' id='word_1_931' title='bbox 3357 4550 3608 4598; x_wconf 74' lang='lat' dir='ltr'><strong>excessus,</strong></span> <span class='ocrx_word' id='word_1_932' title='bbox 3655 4542 3700 4586; x_wconf 90' lang='lat' dir='ltr'><strong>ct</strong></span> <span class='ocrx_word' id='word_1_933' title='bbox 3732 4531 3864 4584; x_wconf 80' lang='lat' dir='ltr'><strong>vidit</strong></span> 
     </span>
    </p>
   </div>
   <div class='ocr_carea' id='block_1_116' title="bbox 2257 4626 3862 4718">
    <p class='ocr_par' dir='ltr' id='par_1_116' title="bbox 2257 4626 3862 4718">
     <span class='ocr_line' id='line_1_129' title="bbox 2257 4626 3862 4718; baseline -0.02 -9"><span class='ocrx_word' id='word_1_934' title='bbox 2257 4656 2434 4709; x_wconf 61' lang='lat' dir='ltr'><strong>ca’lum</strong></span> <span class='ocrx_word' id='word_1_935' title='bbox 2461 4659 2711 4718; x_wconf 84' lang='lat' dir='ltr'><strong>apertum.</strong></span> <span class='ocrx_word' id='word_1_936' title='bbox 2759 4642 2897 4709; x_wconf 83' lang='lat' dir='ltr'><strong>Quid</strong></span> <span class='ocrx_word' id='word_1_937' title='bbox 2928 4649 3011 4694; x_wconf 89' lang='lat' dir='ltr'><strong>est</strong></span> <span class='ocrx_word' id='word_1_938' title='bbox 3043 4636 3239 4690; x_wconf 89' lang='lat' dir='ltr'><strong>mentis</strong></span> <span class='ocrx_word' id='word_1_939' title='bbox 3260 4645 3514 4685; x_wconf 83' lang='lat' dir='ltr'><strong>excessus</strong></span> <span class='ocrx_word' id='word_1_940' title='bbox 3539 4629 3562 4681; x_wconf 85' lang='lat'><strong>?</strong></span> <span class='ocrx_word' id='word_1_941' title='bbox 3589 4626 3862 4695; x_wconf 87' lang='lat' dir='ltr'><strong>Spiritua-</strong></span> 
     </span>
    </p>
   </div>
   <div class='ocr_carea' id='block_1_117' title="bbox 2259 4724 3867 4810">
    <p class='ocr_par' dir='ltr' id='par_1_117' title="bbox 2259 4724 3867 4810">
     <span class='ocr_line' id='line_1_130' title="bbox 2259 4724 3867 4810; baseline -0.02 -10"><span class='ocrx_word' id='word_1_942' title='bbox 2259 4748 2345 4805; x_wconf 90' lang='lat' dir='ltr'><strong>lis,</strong></span> <span class='ocrx_word' id='word_1_943' title='bbox 2377 4743 2568 4810; x_wconf 89' lang='lat' dir='ltr'><strong>inquit,</strong></span> <span class='ocrx_word' id='word_1_944' title='bbox 2617 4732 3001 4802; x_wconf 81' lang='lat' dir='ltr'><strong>contemplatio</strong></span> <span class='ocrx_word' id='word_1_945' title='bbox 3041 4725 3241 4781; x_wconf 87' lang='lat' dir='ltr'><strong>accidit</strong></span> <span class='ocrx_word' id='word_1_946' title='bbox 3268 4724 3340 4776; x_wconf 90' lang='lat' dir='ltr'><strong>illi</strong></span> <span class='ocrx_word' id='word_1_947' title='bbox 3374 4739 3387 4776; x_wconf 91' lang='lat'><strong>:</strong></span> <span class='ocrx_word' id='word_1_948' title='bbox 3415 4737 3479 4775; x_wconf 84' lang='lat' dir='ltr'><strong>ex</strong></span> <span class='ocrx_word' id='word_1_949' title='bbox 3508 4731 3757 4786; x_wconf 88' lang='lat' dir='ltr'><strong>corpore.</strong></span> <span class='ocrx_word' id='word_1_950' title='bbox 3806 4725 3867 4769; x_wconf 81' lang='grc' dir='ltr'><strong>ιιι</strong></span> 
     </span>
    </p>
   </div>
   <div class='ocr_carea' id='block_1_118' title="bbox 2262 4810 3867 4894">
    <p class='ocr_par' dir='ltr' id='par_1_118' title="bbox 2262 4810 3867 4894">
     <span class='ocr_line' id='line_1_131' title="bbox 2262 4810 3867 4894; baseline -0.021 -4"><span class='ocrx_word' id='word_1_951' title='bbox 2262 4837 2331 4890; x_wconf 85' lang='lat' dir='ltr'><strong>ita</strong></span> <span class='ocrx_word' id='word_1_952' title='bbox 2364 4835 2556 4894; x_wconf 88' lang='lat' dir='ltr'><strong>dicam,</strong></span> <span class='ocrx_word' id='word_1_953' title='bbox 2589 4826 2825 4884; x_wconf 78' lang='lat' dir='ltr'><strong>excessit</strong></span> <span class='ocrx_word' id='word_1_954' title='bbox 2853 4822 3051 4876; x_wconf 86' lang='lat' dir='ltr'><strong>anima.</strong></span> <span class='ocrx_word' id='word_1_955' title='bbox 3085 4818 3171 4871; x_wconf 83' lang='grc' dir='ltr'><strong>Η.</strong></span> <span class='ocrx_word' id='word_1_956' title='bbox 3227 4814 3287 4867; x_wconf 73' lang='lat' dir='ltr'><strong>Et</strong></span> <span class='ocrx_word' id='word_1_957' title='bbox 3329 4812 3452 4865; x_wconf 84' lang='lat' dir='ltr'><strong>vidit</strong></span> <span class='ocrx_word' id='word_1_958' title='bbox 3497 4810 3678 4863; x_wconf 63' lang='lat' dir='ltr'><strong>caelum</strong></span> <span class='ocrx_word' id='word_1_959' title='bbox 3706 4824 3867 4875; x_wconf 84' lang='lat' dir='ltr'><strong>aper-</strong></span> 
     </span>
    </p>
   </div>
   <div class='ocr_carea' id='block_1_119' title="bbox 2265 4904 3867 4990">
    <p class='ocr_par' dir='ltr' id='par_1_119' title="bbox 2265 4904 3867 4990">
     <span class='ocr_line' id='line_1_132' title="bbox 2265 4904 3867 4990; baseline -0.021 -11"><span class='ocrx_word' id='word_1_960' title='bbox 2265 4939 2388 4990; x_wconf 86' lang='lat' dir='ltr'><strong>tum,</strong></span> <span class='ocrx_word' id='word_1_961' title='bbox 2414 4937 2459 4978; x_wconf 78' lang='lat' dir='ltr'><strong>et</strong></span> <span class='ocrx_word' id='word_1_962' title='bbox 2483 4924 2789 4976; x_wconf 75' lang='lat' dir='ltr'><strong>descendens</strong></span> <span class='ocrx_word' id='word_1_963' title='bbox 2811 4921 2897 4968; x_wconf 82' lang='lat' dir='ltr'><strong>&#39;vas</strong></span> <span class='ocrx_word' id='word_1_964' title='bbox 2924 4910 3181 4982; x_wconf 79' lang='lat' dir='ltr'><strong>quoddam</strong></span> <span class='ocrx_word' id='word_1_965' title='bbox 3203 4906 3332 4960; x_wconf 85' lang='lat' dir='ltr'><strong>relut</strong></span> <span class='ocrx_word' id='word_1_966' title='bbox 3365 4904 3573 4956; x_wconf 86' lang='lat' dir='ltr'><strong>linteum</strong></span> <span class='ocrx_word' id='word_1_967' title='bbox 3597 4914 3867 4966; x_wconf 87' lang='lat' dir='ltr'><strong>magnum,</strong></span> 
     </span>
    </p>
   </div>
   <div class='ocr_carea' id='block_1_120' title="bbox 2264 4990 3872 5091">
    <p class='ocr_par' dir='ltr' id='par_1_120' title="bbox 2264 4990 3872 5091">
     <span class='ocr_line' id='line_1_133' title="bbox 2264 4990 3872 5091; baseline -0.024 -17"><span class='ocrx_word' id='word_1_968' title='bbox 2264 5032 2436 5091; x_wconf 83' lang='lat' dir='ltr'><strong>qnatnt</strong></span> <span class='ocrx_word' id='word_1_969' title='bbox 2470 5018 2656 5070; x_wconf 77' lang='lat' dir='ltr'><strong>&#39;initiis</strong></span> <span class='ocrx_word' id='word_1_970' title='bbox 2698 5009 2921 5065; x_wconf 85' lang='lat' dir='ltr'><strong>submitti</strong></span> <span class='ocrx_word' id='word_1_971' title='bbox 2948 5006 3009 5057; x_wconf 80' lang='lat' dir='ltr'><strong>de</strong></span> <span class='ocrx_word' id='word_1_972' title='bbox 3037 5002 3160 5056; x_wconf 67' lang='lat' dir='ltr'><strong>ca’lo</strong></span> <span class='ocrx_word' id='word_1_973' title='bbox 3198 5000 3249 5051; x_wconf 86' lang='lat' dir='ltr'><strong>in</strong></span> <span class='ocrx_word' id='word_1_974' title='bbox 3279 5008 3465 5050; x_wconf 83' lang='lat' dir='ltr'><strong>terram</strong></span> <span class='ocrx_word' id='word_1_975' title='bbox 3501 5008 3519 5045; x_wconf 89' lang='lat'><strong><em>:</em></strong></span> <span class='ocrx_word' id='word_1_976' title='bbox 3564 4990 3650 5044; x_wconf 67' lang='grc'><strong>12.</strong></span> <span class='ocrx_word' id='word_1_977' title='bbox 3684 4990 3737 5040; x_wconf 87' lang='lat' dir='ltr'><strong>in</strong></span> <span class='ocrx_word' id='word_1_978' title='bbox 3765 5004 3872 5054; x_wconf 81' lang='lat' dir='ltr'><strong>quo</strong></span> 
     </span>
    </p>
   </div>
   <div class='ocr_carea' id='block_1_121' title="bbox 2265 5081 3873 5174">
    <p class='ocr_par' dir='ltr' id='par_1_121' title="bbox 2265 5081 3873 5174">
     <span class='ocr_line' id='line_1_134' title="bbox 2265 5081 3873 5174; baseline -0.023 -7"><span class='ocrx_word' id='word_1_979' title='bbox 2265 5123 2444 5167; x_wconf 74' lang='lat' dir='ltr'><strong>Cl&#39;atllt</strong></span> <span class='ocrx_word' id='word_1_980' title='bbox 2485 5109 2600 5160; x_wconf 64' lang='lat' dir='ltr'><strong>auia</strong></span> <span class='ocrx_word' id='word_1_981' title='bbox 2630 5098 2977 5174; x_wconf 87' lang='lat' dir='ltr'><strong>qnadrupedia</strong></span> <span class='ocrx_word' id='word_1_982' title='bbox 3020 5105 3196 5155; x_wconf 57' lang='lat' dir='ltr'><strong>terrae,</strong></span> <span class='ocrx_word' id='word_1_983' title='bbox 3230 5100 3275 5142; x_wconf 89' lang='lat' dir='ltr'><strong>et</strong></span> <span class='ocrx_word' id='word_1_984' title='bbox 3309 5086 3477 5140; x_wconf 67' lang='lat' dir='ltr'><strong>bestia:</strong></span> <span class='ocrx_word' id='word_1_985' title='bbox 3523 5092 3568 5133; x_wconf 92' lang='lat' dir='ltr'><strong>et</strong></span> <span class='ocrx_word' id='word_1_986' title='bbox 3612 5081 3873 5148; x_wconf 86' lang='lat' dir='ltr'><strong>serpentia</strong></span> 
     </span>
    </p>
   </div>
   <div class='ocr_carea' id='block_1_122' title="bbox 2268 5170 3868 5259">
    <p class='ocr_par' dir='ltr' id='par_1_122' title="bbox 2268 5170 3868 5259">
     <span class='ocr_line' id='line_1_135' title="bbox 2268 5170 3868 5259; baseline -0.023 0"><span class='ocrx_word' id='word_1_987' title='bbox 2268 5218 2314 5259; x_wconf 88' lang='lat' dir='ltr'><strong>et</strong></span> <span class='ocrx_word' id='word_1_988' title='bbox 2343 5200 2573 5257; x_wconf 78' lang='lat' dir='ltr'><strong>volatilia</strong></span> <span class='ocrx_word' id='word_1_989' title='bbox 2604 5196 2736 5249; x_wconf 78' lang='lat' dir='ltr'><strong>cwli.</strong></span> <span class='ocrx_word' id='word_1_990' title='bbox 2766 5193 2852 5246; x_wconf 77' lang='grc'><strong>15.</strong></span> <span class='ocrx_word' id='word_1_991' title='bbox 2888 5189 2949 5242; x_wconf 80' lang='lat' dir='ltr'><strong>Et</strong></span> <span class='ocrx_word' id='word_1_992' title='bbox 2984 5192 3121 5258; x_wconf 72' lang='lat' dir='ltr'><strong>facta</strong></span> <span class='ocrx_word' id='word_1_993' title='bbox 3149 5191 3220 5235; x_wconf 84' lang='lat' dir='ltr'><strong>est</strong></span> <span class='ocrx_word' id='word_1_994' title='bbox 3256 5193 3349 5231; x_wconf 82' lang='lat' dir='ltr'><strong>vox</strong></span> <span class='ocrx_word' id='word_1_995' title='bbox 3377 5176 3444 5227; x_wconf 80' lang='lat' dir='ltr'><strong>ad</strong></span> <span class='ocrx_word' id='word_1_996' title='bbox 3471 5188 3587 5226; x_wconf 86' lang='lat' dir='ltr'><strong>eum</strong></span> <span class='ocrx_word' id='word_1_997' title='bbox 3617 5187 3635 5224; x_wconf 90' lang='lat'><strong><em>:</em></strong></span> <span class='ocrx_word' id='word_1_998' title='bbox 3675 5170 3868 5239; x_wconf 81' lang='lat' dir='ltr'><strong>Surge,</strong></span> 
     </span>
    </p>
   </div>
   <div class='ocr_carea' id='block_1_123' title="bbox 2273 5261 3876 5355">
    <p class='ocr_par' dir='ltr' id='par_1_123' title="bbox 2273 5261 3876 5355">
     <span class='ocr_line' id='line_1_136' title="bbox 2273 5261 3876 5355; baseline -0.024 -5"><span class='ocrx_word' id='word_1_999' title='bbox 2273 5297 2443 5355; x_wconf 75' lang='lat' dir='ltr'><strong>Petre,</strong></span> <span class='ocrx_word' id='word_1_1000' title='bbox 2469 5290 2661 5350; x_wconf 78' lang='lat' dir='ltr'><strong>occide,</strong></span> <span class='ocrx_word' id='word_1_1001' title='bbox 2695 5296 2737 5339; x_wconf 87' lang='lat' dir='ltr'><strong>et</strong></span> <span class='ocrx_word' id='word_1_1002' title='bbox 2771 5281 3039 5335; x_wconf 86' lang='lat' dir='ltr'><strong>manduca.</strong></span> <span class='ocrx_word' id='word_1_1003' title='bbox 3075 5276 3162 5328; x_wconf 76' lang='lat' dir='ltr'><strong>M.</strong></span> <span class='ocrx_word' id='word_1_1004' title='bbox 3194 5271 3274 5323; x_wconf 75' lang='lat' dir='ltr'><strong>Ait</strong></span> <span class='ocrx_word' id='word_1_1005' title='bbox 3302 5277 3473 5320; x_wconf 88' lang='lat' dir='ltr'><strong>autem</strong></span> <span class='ocrx_word' id='word_1_1006' title='bbox 3507 5263 3693 5316; x_wconf 85' lang='lat' dir='ltr'><strong>Petrus</strong></span> <span class='ocrx_word' id='word_1_1007' title='bbox 3723 5277 3742 5313; x_wconf 87' lang='lat'><em>:</em></span> <span class='ocrx_word' id='word_1_1008' title='bbox 3773 5261 3876 5313; x_wconf 71' lang='lat' dir='ltr'><strong>Ab-</strong></span> 
     </span>
    </p>
   </div>
   <div class='ocr_carea' id='block_1_124' title="bbox 2272 5361 3880 5453">
    <p class='ocr_par' dir='ltr' id='par_1_124' title="bbox 2272 5361 3880 5453">
     <span class='ocr_line' id='line_1_137' title="bbox 2272 5361 3880 5453; baseline -0.026 -9"><span class='ocrx_word' id='word_1_1009' title='bbox 2272 5394 2355 5453; x_wconf 85' lang='lat' dir='ltr'><strong>sit,</strong></span> <span class='ocrx_word' id='word_1_1010' title='bbox 2391 5387 2628 5441; x_wconf 79' lang='lat' dir='ltr'><strong>Domine,</strong></span> <span class='ocrx_word' id='word_1_1011' title='bbox 2664 5381 2779 5449; x_wconf 86' lang='lat' dir='ltr'><strong>quia</strong></span> <span class='ocrx_word' id='word_1_1012' title='bbox 2809 5387 3084 5440; x_wconf 87' lang='lat' dir='ltr'><strong>numquam</strong></span> <span class='ocrx_word' id='word_1_1013' title='bbox 3107 5361 3405 5418; x_wconf 73' lang='lat' dir='ltr'><strong>manducavi</strong></span> <span class='ocrx_word' id='word_1_1014' title='bbox 3435 5373 3582 5412; x_wconf 86' lang='lat' dir='ltr'><strong>omne</strong></span> <span class='ocrx_word' id='word_1_1015' title='bbox 3610 5370 3880 5407; x_wconf 84' lang='lat' dir='ltr'><strong>commune</strong></span> 
     </span>
    </p>
   </div>
   <div class='ocr_carea' id='block_1_125' title="bbox 2275 5448 3881 5538">
    <p class='ocr_par' dir='ltr' id='par_1_125' title="bbox 2275 5448 3881 5538">
     <span class='ocr_line' id='line_1_138' title="bbox 2275 5448 3881 5538; baseline -0.026 -1"><span class='ocrx_word' id='word_1_1016' title='bbox 2275 5495 2318 5538; x_wconf 82' lang='lat' dir='ltr'><strong>et</strong></span> <span class='ocrx_word' id='word_1_1017' title='bbox 2352 5477 2691 5535; x_wconf 87' lang='lat' dir='ltr'><strong>inmmndum.</strong></span> <span class='ocrx_word' id='word_1_1018' title='bbox 2744 5470 2827 5524; x_wconf 81' lang='grc'><strong>15.</strong></span> <span class='ocrx_word' id='word_1_1019' title='bbox 2879 5466 2941 5519; x_wconf 87' lang='lat' dir='ltr'><strong>Et</strong></span> <span class='ocrx_word' id='word_1_1020' title='bbox 2982 5478 3079 5516; x_wconf 79' lang='lat' dir='ltr'><strong>eoa:</strong></span> <span class='ocrx_word' id='word_1_1021' title='bbox 3124 5460 3306 5510; x_wconf 79' lang='lat' dir='ltr'><strong>iterant</strong></span> <span class='ocrx_word' id='word_1_1022' title='bbox 3354 5451 3575 5505; x_wconf 86' lang='lat' dir='ltr'><strong>secundo</strong></span> <span class='ocrx_word' id='word_1_1023' title='bbox 3619 5448 3686 5498; x_wconf 85' lang='lat' dir='ltr'><strong>ad</strong></span> <span class='ocrx_word' id='word_1_1024' title='bbox 3713 5461 3828 5497; x_wconf 86' lang='lat' dir='ltr'><strong>eum</strong></span> <span class='ocrx_word' id='word_1_1025' title='bbox 3862 5460 3881 5496; x_wconf 91' lang='lat'><strong><em>:</em></strong></span> 
     </span>
    </p>
   </div>
   <div class='ocr_carea' id='block_1_126' title="bbox 2278 5535 3884 5644">
    <p class='ocr_par' dir='ltr' id='par_1_126' title="bbox 2278 5535 3884 5644">
     <span class='ocr_line' id='line_1_139' title="bbox 2278 5535 3884 5644; baseline -0.027 -14"><span class='ocrx_word' id='word_1_1026' title='bbox 2278 5575 2426 5644; x_wconf 84' lang='lat' dir='ltr'><strong>Quod</strong></span> <span class='ocrx_word' id='word_1_1027' title='bbox 2454 5573 2586 5625; x_wconf 84' lang='lat' dir='ltr'><strong>Deus</strong></span> <span class='ocrx_word' id='word_1_1028' title='bbox 2617 5563 2920 5635; x_wconf 77' lang='lat' dir='ltr'><strong>puriﬁcavit,</strong></span> <span class='ocrx_word' id='word_1_1029' title='bbox 2952 5569 3004 5610; x_wconf 87' lang='lat' dir='ltr'><strong>tu</strong></span> <span class='ocrx_word' id='word_1_1030' title='bbox 3035 5565 3296 5607; x_wconf 87' lang='lat' dir='ltr'><strong>commune</strong></span> <span class='ocrx_word' id='word_1_1031' title='bbox 3317 5562 3378 5598; x_wconf 86' lang='lat' dir='ltr'><strong>ne</strong></span> <span class='ocrx_word' id='word_1_1032' title='bbox 3410 5541 3618 5596; x_wconf 79' lang='lat' dir='ltr'><strong>dixeris.</strong></span> <span class='ocrx_word' id='word_1_1033' title='bbox 3648 5539 3733 5590; x_wconf 79' lang='grc'><strong>16.</strong></span> <span class='ocrx_word' id='word_1_1034' title='bbox 3767 5535 3884 5588; x_wconf 79' lang='lat' dir='ltr'><strong>Hoc</strong></span> 
     </span>
    </p>
   </div>
   <div class='ocr_carea' id='block_1_127' title="bbox 2275 5637 3884 5734">
    <p class='ocr_par' dir='ltr' id='par_1_127' title="bbox 2275 5637 3884 5734">
     <span class='ocr_line' id='line_1_140' title="bbox 2275 5637 3884 5734; baseline -0.027 -12"><span class='ocrx_word' id='word_1_1035' title='bbox 2275 5678 2439 5722; x_wconf 79' lang='lat' dir='ltr'><strong>autem</strong></span> <span class='ocrx_word' id='word_1_1036' title='bbox 2465 5669 2652 5734; x_wconf 68' lang='lat' dir='ltr'><strong>{aetna</strong></span> <span class='ocrx_word' id='word_1_1037' title='bbox 2685 5667 2754 5711; x_wconf 71' lang='lat' dir='ltr'><strong>est</strong></span> <span class='ocrx_word' id='word_1_1038' title='bbox 2796 5668 2950 5722; x_wconf 88' lang='lat' dir='ltr'><strong>usque</strong></span> <span class='ocrx_word' id='word_1_1039' title='bbox 2991 5647 3173 5709; x_wconf 83' lang='lat' dir='ltr'><strong>tertio;</strong></span> <span class='ocrx_word' id='word_1_1040' title='bbox 3205 5651 3251 5694; x_wconf 86' lang='lat' dir='ltr'><strong>et</strong></span> <span class='ocrx_word' id='word_1_1041' title='bbox 3290 5638 3458 5693; x_wconf 88' lang='lat' dir='ltr'><strong>statim</strong></span> <span class='ocrx_word' id='word_1_1042' title='bbox 3507 5639 3764 5699; x_wconf 84' lang='lat' dir='ltr'><strong>receptum</strong></span> <span class='ocrx_word' id='word_1_1043' title='bbox 3809 5637 3884 5680; x_wconf 79' lang='lat' dir='ltr'><strong>est</strong></span> 
     </span>
    </p>
   </div>
   <div class='ocr_carea' id='block_1_128' title="bbox 2280 5759 2674 5818">
    <p class='ocr_par' dir='ltr' id='par_1_128' title="bbox 2280 5759 2674 5818">
     <span class='ocr_line' id='line_1_141' title="bbox 2280 5759 2674 5818; baseline -0.043 0"><span class='ocrx_word' id='word_1_1044' title='bbox 2280 5780 2363 5818; x_wconf 82' lang='lat' dir='ltr'><strong>vas</strong></span> <span class='ocrx_word' id='word_1_1045' title='bbox 2393 5763 2441 5811; x_wconf 90' lang='lat' dir='ltr'><strong>in</strong></span> <span class='ocrx_word' id='word_1_1046' title='bbox 2474 5759 2674 5812; x_wconf 73' lang='lat' dir='ltr'><strong>CtL’lttm.</strong></span> 
     </span>
    </p>
   </div>
   <div class='ocr_carea' id='block_1_129' title="bbox 2358 5816 3884 5915">
    <p class='ocr_par' dir='ltr' id='par_1_129' title="bbox 2358 5816 3884 5915">
     <span class='ocr_line' id='line_1_142' title="bbox 2358 5816 3884 5915; baseline -0.029 -9"><span class='ocrx_word' id='word_1_1047' title='bbox 2358 5855 2410 5905; x_wconf 58' lang='grc' dir='ltr'><strong>ἢ.</strong></span> <span class='ocrx_word' id='word_1_1048' title='bbox 2447 5848 2582 5915; x_wconf 76' lang='lat' dir='ltr'><strong>Quid</strong></span> <span class='ocrx_word' id='word_1_1049' title='bbox 2631 5846 2730 5897; x_wconf 87' lang='lat' dir='ltr'><strong>hoc</strong></span> <span class='ocrx_word' id='word_1_1050' title='bbox 2760 5839 2876 5896; x_wconf 77' lang='lat' dir='ltr'><strong>est?</strong></span> <span class='ocrx_word' id='word_1_1051' title='bbox 2914 5831 3224 5905; x_wconf 74' lang='lat' dir='ltr'><strong>Symbolum</strong></span> <span class='ocrx_word' id='word_1_1052' title='bbox 3269 5825 3430 5880; x_wconf 86' lang='lat' dir='ltr'><strong>totius</strong></span> <span class='ocrx_word' id='word_1_1053' title='bbox 3460 5816 3607 5873; x_wconf 83' lang='lat' dir='ltr'><strong>orbis</strong></span> <span class='ocrx_word' id='word_1_1054' title='bbox 3649 5829 3736 5870; x_wconf 87' lang='lat' dir='ltr'><strong>res</strong></span> <span class='ocrx_word' id='word_1_1055' title='bbox 3775 5821 3884 5865; x_wconf 69' lang='lat' dir='ltr'><strong>est.</strong></span> 
     </span>
    </p>
   </div>
  </div>
