4068 6422
203 346 310 402 173

199 461 381 514 Homo
410 455 821 513 incircuiueisiis
856 459 995 517 erat,
1034 447 1275 518 nihilque
1317 458 1606 501 commune
1644 439 1808 495 habe-

197 553 293 604 bat
320 564 443 603 cum
473 548 696 603 Jitda'is.
742 545 876 613 Quia
927 544 1087 611 igitur
1132 554 1324 594 omnes
1366 538 1515 592 illum
1547 547 1606 588 ιιι
1636 544 1806 587 trans-

195 655 508 712 gressorein
536 636 842 694 accusaturi
872 644 1050 695 erant,
1097 642 1153 688 ct
1192 631 1299 687 illis
1339 628 1628 685 admodum
1660 625 1808 681 cordi

192 742 322 788 erat
353 751 368 788 :
401 731 705 787 necessario
737 729 825 784 ille
854 729 932 782 sic
970 743 1083 781 rem
1132 723 1449 794 temperavit
1479 731 1534 774 ut
1561 720 1764 774 diceret
1792 733 1806 770 :

200 822 506 893 Numquam
547 819 783 885 comedi;
834 833 940 873 non
986 816 1127 887 quod
1172 816 1406 876 timeret,
1445 812 1624 876 absit;
1656 808 1748 863 sed
1779 824 1809 862 λ

194 914 432 984 Spiritu,
465 925 520 965 ιιι
563 913 694 974 dixi,
728 911 805 964 sic
836 909 1126 978 dispositus
1174 905 1294 968 fuit,
1337 914 1391 958 nt
1434 902 1806 957 defensionem

197 1006 428 1059 haberet
456 1013 644 1059 contra
673 1019 788 1066 eos,
823 1002 910 1071 qui
943 1016 1003 1055 se
1027 1006 1363 1057 accusarent,
1397 994 1539 1066 quod
1574 991 1808 1047 resritis—

193 1110 281 1152 set
310 1116 322 1150 :
356 1111 544 1166 magna
581 1097 724 1148 enim
756 1109 883 1148 cura
914 1092 1021 1146 illis
1049 1099 1186 1155 erat,
1237 1098 1294 1143 ut
1343 1087 1429 1143 lex
1479 1093 1805 1141 servaretur.

191 1190 280 1245 Ad
309 1199 496 1260 gentes
531 1189 858 1241 mittebatur.
892 1185 969 1240 Ne
1001 1184 1161 1254 igitur
1188 1182 1240 1236 lii
1272 1181 1433 1236 etiam
1467 1180 1616 1233 illum
1645 1193 1808 1231 accu-

192 1293 408 1350 Sarent,
436 1295 486 1337 ut
521 1283 654 1348 dixi,
689 1282 802 1335 lure
834 1283 904 1334 ita
928 1280 1234 1350 dispensata
1259 1285 1383 1332 sunt
1413 1294 1424 1328 :
1454 1283 1544 1328 aut
1572 1289 1639 1328 ne
1659 1273 1809 1326 vide-

194 1387 350 1432 retur
388 1376 669 1446 phantasia
705 1374 950 1446 quxedam
990 1388 1133 1438 esse,
1159 1372 1296 1426 dixit
1327 1389 1338 1423 :
1371 1371 1533 1434 Absit,
1565 1368 1804 1432 Domine,

189 1473 318 1542 quia
356 1488 632 1540 numquam
681 1470 984 1522 manducavi
1035 1483 1301 1522 commune
1330 1475 1420 1518 aut
1465 1463 1807 1517 immundum.

190 1564 363 1619 Facta
392 1572 474 1618 est
509 1572 690 1617 autem
714 1577 815 1616 vox
847 1561 913 1614 ad
946 1561 1090 1613 illiilli
1123 1577 1134 1610 :
1170 1559 1298 1625 Qua:
1330 1556 1466 1610 Deus
1495 1555 1804 1625 puri/icavit,

189 1666 252 1709 tu
279 1672 548 1709 commune
577 1671 640 1708 ne
664 1654 875 1707 dixeris.
906 1652 1018 1707 Hoc
1047 1650 1258 1705 videtur
1285 1649 1502 1719 quidem
1548 1648 1613 1702 ad
1657 1647 1806 1701 illum

188 1747 326 1809 dici,
360 1755 528 1801 totum
561 1760 689 1800 vero
715 1744 915 1800 iudicis
942 1743 1154 1798 dicitur.
1184 1742 1318 1798 Nam
1359 1741 1402 1796 si
1449 1739 1700 1810 Magister
1727 1740 1808 1793 ἰιι-

186 1845 468 1906 crcpatur,
517 1837 690 1891 multo
730 1837 900 1908 magis
934 1835 1008 1890 hi.
1046 1835 1294 1890 Linteum
1325 1849 1457 1903 ergo
1502 1842 1586 1887 est
1631 1843 1805 1898 terra;

189 1931 325 1987 ferte
351 1939 530 1985 autem
558 1931 616 1985 in
642 1931 731 1984 illa
760 1930 989 2000 gentiles
1012 1947 1026 1994 ;
1055 1928 1183 1982 illud
1209 1943 1356 1992 vero,
1391 1925 1578 1980 Occide
1599 1934 1644 1979 et
1663 1942 1810 1978 inan-

189 2023 350 2085 duca,
379 2023 646 2092 signiﬁcat
693 2022 815 2076 illos
842 2021 1100 2076 accedere
1128 2021 1326 2074 debere
1352 2037 1365 2083 ;
1399 2018 1541 2088 quod
1569 2032 1696 2072 vero
1729 2026 1810 2071 ter

191 2118 309 2178 liat,
340 2115 389 2170 id
419 2116 742 2184 baptismum
770 2115 1055 2185 significat.
1082 2113 1244 2176 Absit,
1265 2111 1507 2175 Domine,
1529 2127 1808 2182 numquam

188 2207 503 2261 suanducavi
531 2224 800 2261 commune
828 2217 916 2260 aut
947 2206 1290 2260 immundum.
1327 2205 1392 2260 Et
1421 2219 1538 2270 cur,
1573 2205 1804 2275 inquies,
1835 2271 1837 2274 g

187 2300 564 2354 contradixit?
593 2299 672 2354 Ne
702 2300 822 2369 quis
853 2300 1080 2365 diceret,
1113 2298 1280 2352 Deum
1309 2297 1601 2352 tentavisse
1631 2296 1806 2361 illum,

188 2395 335 2448 sicut
367 2394 756 2454 Abraliaintim,
788 2409 911 2448 cum
938 2392 1125 2462 jussus
1150 2400 1234 2446 est
1264 2391 1432 2445 lilium
1467 2391 1697 2445 hostiam
1729 2389 1808 2443 of-

189 2489 339 2542 ferre
365 2505 378 2552 ;
408 2489 548 2542 sicut
580 2497 636 2542 et
679 2487 1009 2558 Philippum,
1040 2486 1255 2556 quando
1285 2486 1491 2555 rogavit
1537 2485 1805 2552 Christus,

190 2583 334 2645 Quot
364 2597 521 2650 panes
544 2581 781 2633 habetis?
811 2580 1184 2648 interrogavit,
1213 2595 1317 2632 non
1352 2587 1409 2631 iit
1433 2577 1686 2643 disceret,
1711 2577 1806 2632 sed

187 2680 410 2726 tentaus
449 2673 618 2725 illum.
649 2673 811 2731 Atqui
845 2672 896 2725 in
930 2671 1047 2739 lege
1077 2671 1144 2726 de
1189 2671 1403 2726 mundis
1423 2680 1476 2726 et
1514 2671 1806 2726 immundis

186 2763 450 2818 distincte
483 2773 819 2834 pr:eeeperat
864 2763 1094 2834 Moyses,
1147 2772 1253 2817 tam
1285 2764 1336 2816 in
1369 2774 1535 2829 terra,
1565 2779 1722 2832 quam
1754 2765 1831 2844 inf.

187 2857 329 2909 inari
359 2873 371 2908 :
399 2865 634 2910 attamen
659 2871 832 2925 neque
859 2857 936 2911 sic
962 2857 1183 2911 sciebat.
1213 2857 1302 2910 17.
1327 2854 1452 2910 Cum
1476 2867 1643 2910 autem
1668 2858 1808 2926 apud

186 2963 246 3000 se
272 2948 526 3001 dubitaret
572 2947 759 3003 Petrus
787 2965 807 3004 :
836 2966 950 3018 qua:
975 2959 1101 3003 esset
1131 2950 1275 3014 visio,
1309 2967 1459 3017 quam
1500 2950 1694 3003 viderat
1718 2969 1736 3004 :
1760 2960 1807 3004 et
1840 3025 1842 3027 q

188 3057 308 3093 ecce
335 3041 449 3102 viri,
482 3040 568 3110 qui
592 3041 732 3094 missi
759 3051 902 3094 erant
924 3059 955 3093 a
982 3040 1239 3104 Cornelio,
1265 3041 1572 3110 inquirentes
1599 3042 1807 3095 domum

188 3132 448 3199 Simonis,
479 3133 784 3187 adstiterant
811 3133 880 3187 ad
895 3135 1139 3203 januani.
1170 3133 1254 3188 18.
1285 3132 1350 3185 Et
1377 3150 1495 3186 cum
1522 3145 1803 3201 vocassent,

185 3229 576 3299 interrogabant
606 3229 650 3282 si
681 3228 885 3294 Simon,
918 3228 1006 3298 qui
1035 3228 1431 3298 cognominatur
1461 3227 1668 3294 Petrus,
1700 3229 1806 3280 illic

187 3321 396 3374 haberet
442 3320 740 3390 hospitium.
772 3319 997 3374 Mirante
1030 3320 1081 3374 in
1114 3321 1411 3389 semetipso
1433 3330 1487 3373 et
1526 3320 1807 3374 dubitante

187 3412 376 3478 Petro,
408 3412 633 3466 veniunt
661 3421 966 3482 opportune
998 3412 1118 3478 viri,
1151 3413 1239 3482 qui
1283 3411 1670 3467 dubitationem
1699 3411 1809 3466 sol-

187 3512 322 3557 vant
354 3519 368 3555 :
401 3504 667 3572 siquidem
715 3514 770 3559 et
810 3503 1104 3573 Joseplium
1154 3504 1399 3559 dubitare
1450 3505 1712 3572 permisit,
1754 3514 1810 3560 et

187 3604 322 3650 tunc
348 3594 730 3665 archangelum
771 3596 921 3649 misit
951 3594 1165 3658 (Matth.
1193 3596 1250 3649 2.
1299 3595 1408 3667 15).
1444 3595 1625 3651 Facile
1657 3613 1809 3650 nam-

186 3703 300 3755 que
344 3688 523 3740 anima
565 3687 888 3741 solutionem
922 3687 1138 3756 accipit,
1170 3703 1291 3756 qua:
1338 3687 1486 3756 prius
1520 3687 1802 3742 dubitavit.

187 3779 309 3834 Non
342 3780 432 3833 diu
465 3794 617 3850 ergo,
650 3795 822 3847 neque
849 3788 1006 3834 antea
1042 3780 1325 3843 dubitavit,
1370 3780 1464 3835 sed
1493 3782 1632 3836 circa
1669 3791 1805 3835 tem-

191 3888 294 3942 pus
323 3871 554 3942 prandii.
591 3871 676 3928 19.
714 3869 868 3924 Petro
890 3862 1059 3923 autem
1086 3873 1342 3943 cogitante
1364 3871 1426 3924 de
1448 3873 1656 3930 visione.
1679 3872 1808 3926 dixit

193 3965 426 4034 Spiritus
463 3965 509 4018 ei
538 3979 557 4017 :
587 3963 718 4017 Ecce
759 3963 855 4016 viri
896 3973 1128 4032 quaerunt
1164 3973 1228 4016 te.
1279 3962 1372 4017 20.
1413 3962 1582 4034 Surge
1615 3967 1804 4033 itaque,

189 4055 463 4122 descende,
494 4064 542 4108 et
567 4055 693 4108 vade
728 4071 844 4108 cum
873 4056 943 4108 eis
971 4055 1098 4107 nihil
1126 4053 1384 4119 dubitans,
1417 4055 1536 4122 quia
1567 4072 1669 4126 ego.
1693 4055 1809 4108 misi

191 4167 294 4204 eos.
334 4150 458 4204 I‘lmc
486 4150 612 4203 item
647 4150 748 4202 alia
799 4157 882 4203 est
926 4146 1169 4202 defensio
1201 4147 1343 4202 Petri
1374 4147 1439 4201 ad
1472 4147 1805 4217 discipulos;

190 4252 251 4296 ut
279 4241 492 4297 discant
515 4251 568 4296 et
593 4234 892 4296 dubitatum
933 4240 1118 4308 fuisse,
1150 4251 1206 4296 et
1237 4241 1410 4310 ipsum
1441 4240 1695 4296 didicisse
1729 4243 1810 4296 iii-

191 4333 267 4388 Iiil
297 4348 420 4389 esse
450 4334 824 4389 dubitandum.
857 4333 991 4399 Quia
1012 4350 1125 4403 ego,
1158 4333 1347 4402 inquit,
1372 4333 1487 4386 misi
1507 4333 1643 4387 illos.
1673 4333 1809 4390 Vide

188 4437 391 4495 quanta
417 4425 486 4479 sit
523 4425 754 4494 Spiritus
787 4435 1043 4496 potestas.
1080 4425 1232 4493 Quod
1261 4435 1441 4480 autem
1485 4427 1610 4480 facit
1643 4428 1806 4495 Deus,

191 4516 325 4571 illud
368 4516 564 4571 dicitur
593 4517 823 4586 Spiritus
862 4516 1058 4571 facere.
1095 4518 1333 4587 Angelus
1364 4533 1492 4572 vero
1540 4535 1644 4573 non
1693 4521 1761 4573 ita
1791 4536 1805 4584 ;

189 4607 288 4663 sed
317 4625 438 4662 cum
483 4609 630 4678 prius
669 4610 914 4676 dixisset,
952 4608 1221 4664 Orationes
1260 4619 1362 4664 tua:
1391 4621 1434 4663 et
1477 4615 1810 4684 cleeniosgna:

190 4713 315 4766 tute,
377 4712 503 4755 tunc
550 4701 644 4762 ait,
699 4701 864 4766 Mitte,
917 4711 974 4756 ut
1021 4702 1273 4757 ostendat
1328 4697 1525 4758 istliinc
1584 4706 1806 4759 missum

192 4790 361 4844 fuisse
393 4808 406 4842 :
436 4790 668 4860 Spiritus
719 4807 867 4858 vero,
910 4793 1032 4862 quia
1086 4792 1346 4847 Dominus
1390 4805 1493 4857 est,
1543 4795 1651 4866 Ego
1693 4797 1810 4850 illos

191 4882 330 4934 misi.
379 4881 470 4935 2|.
523 4881 846 4938 Descendens
883 4894 1055 4936 autem
1098 4883 1288 4938 Petrus
1331 4885 1399 4938 ad
1442 4886 1594 4953 viras,
1638 4890 1808 4943 dixit:

194 4973 332 5028 Ecce
362 4993 453 5047 ego
479 4993 614 5040 sum,
647 4993 792 5044 quem
823 4979 1082 5044 qmeritis;
1113 4995 1228 5049 qua:
1269 4996 1427 5033 causa
1472 4992 1565 5047 est,
1601 4993 1811 5052 propter

193 5085 350 5136 quam
376 5071 624 5123 venistis?
667 5069 756 5123 “l2.
796 5072 893 5137 Qui
926 5073 1163 5125 dixerunt
1195 5089 1212 5126 :
1246 5071 1514 5128 Cornelius
1557 5079 1806 5144 centurio,

193 5163 272 5214 vir
286 5161 463 5230 justus
508 5173 556 5216 et
601 5163 782 5217 timens
828 5162 1012 5230 Deum,
1054 5175 1101 5218 et
1143 5167 1485 5219 testimonium
1515 5169 1706 5224 habens
1747 5173 1809 5224 ab

195 5254 433 5307 universa
463 5264 609 5325 gente
631 5253 954 5321 Judworum,
984 5274 1285 5327 responsum
1317 5261 1508 5328 accepit
1541 5262 1602 5314 ab
1629 5265 1809 5333 angelo

196 5358 374 5399 sancto
403 5361 658 5401 accersere
677 5357 726 5401 te
756 5348 808 5401 in
833 5351 1039 5402 domum
1067 5367 1232 5412 suam,
1266 5361 1313 5404 et
1338 5352 1519 5406 audire
1547 5355 1691 5408 verba
1721 5357 1810 5410 abs

195 5449 262 5492 te.
307 5437 519 5492 Laudes
547 5439 845 5508 proferunt,
877 5451 934 5494 ut
980 5443 1239 5496 suadeant
1267 5444 1409 5514 quod
1457 5432 1681 5515 angelus
1713 5464 1809 5518 ap-

196 5533 439 5602 paruerit
460 5532 530 5586 ci.
564 5533 652 5587 25.
690 5532 1030 5589 Introducens
1059 5552 1177 5606 ergo
1203 5553 1305 5600 eos,
1337 5539 1525 5606 recepit
1566 5539 1805 5608 hospitio.

198 5621 409 5686 \‘iden',
443 5623 581 5677 unde
611 5622 702 5678 liat
734 5625 941 5679 initium
968 5628 1252 5696 gentium?
1282 5629 1323 5681 A
1359 5630 1474 5682 viro
1508 5631 1597 5700 pio
1626 5634 1714 5701 qui
1745 5634 1810 5689 ab

194 5712 452 5782 operibus
497 5714 690 5785 dignus
720 5718 864 5771 \‘is‘tts
893 5727 994 5772 est.
1042 5718 1174 5772 Nam
1226 5720 1268 5775 si
1316 5721 1399 5776 vel
1445 5737 1503 5778 re
1547 5724 1618 5776 ita
1658 5737 1807 5793 gesta

193 5805 540 5866 offenduntur
565 5809 733 5868 Judiri
765 5828 777 5864 :
816 5812 859 5867 si
892 5828 975 5867 res
1008 5829 1111 5867 non
1160 5815 1368 5883 fuisset,
1415 5817 1543 5885 quid
1591 5835 1694 5873 non
1727 5820 1804 5874 di-

1194 329 1258 388 lN
1300 327 1481 385 ACTA
1523 324 2053 384 APOSTOUJRUM.
2098 322 2335 379 HOMIL.
2379 322 2549 379 XXII.

3437 324 3544 378 ΓΗ

1921 439 2054 492 einri
2085 439 2282 493 erant?
2311 436 2681 506 Introduccus,
2707 435 2896 510 inquit,
2932 438 3050 494 illos
3079 450 3264 508 recepit
3294 439 3538 510 hospitio.

1924 531 2056 586 Vide
2099 540 2296 601 quanta
2344 533 2628 587 securitas.
2671 531 2750 588 Ne
2798 531 2930 602 quid
2971 532 3078 588 illis
3127 549 3290 603 grave
3331 535 3546 590 accidat

1921 623 2066 692 ipsos
2097 624 2407 687 introducit,
2432 634 2489 679 et
2512 625 2740 686 ﬁdenter
2762 641 2886 681 cum
2915 625 3024 681 illis
3045 627 3272 682 victitat.
3298 628 3545 701 Sequenti

1919 725 2088 768 autem
2114 718 2194 768 die
2228 715 2413 770 Petrus
2442 733 2657 787 surgens
2685 717 2943 787 profectus
2965 727 3036 772 est
3058 736 3183 772 cum
3212 721 3333 782 illis,
3366 733 3410 775 et
3431 724 3544 792 qui-

1919 809 2040 861 dam
2068 825 2130 864 ea:
2157 809 2402 878 fratribus
2425 811 2488 864 ab
2511 809 2685 879 JOppe
2705 813 2934 866 comitati
2956 824 3074 866 sunt
3099 831 3233 867 eum.
3252 815 3342 869 Ἡ.
3364 816 3542 870 Altera

1918 910 2087 954 autem
2123 903 2207 956 die
2249 902 2553 958 introierunt
2589 902 2897 958 Cwsaream.
2937 904 3166 976 insignis
3197 908 3278 961 vir
3315 917 3453 971 erat,
3488 920 3545 962 ut

1922 995 1976 1049 in
1995 996 2188 1066 insigni
2215 996 2346 1051 urbe
2367 1011 2606 1052 versans.
2637 997 2815 1066 Quare
2843 999 2892 1052 in
2921 997 3016 1053 illo
3037 999 3216 1053 omnia
3244 1001 3404 1054 simul
3433 1002 3544 1054 dis~

1921 1101 2239 1161 pensantur,
2294 1100 2455 1162 atque
2498 1107 2528 1146 a
2573 1090 2758 1146 Indica
2808 1107 2895 1146 res
2939 1093 3162 1162 incipit;
3207 1095 3354 1148 velut
3399 1096 3538 1164 quod

1921 1198 2028 1236 non
2058 1181 2374 1247 dormienti,
2406 1182 2500 1237 sed
2533 1183 2794 1253 vigilanti,
2824 1193 2984 1252 atque
3009 1185 3150 1254 quod
3197 1186 3428 1240 interdiu
3457 1203 3543 1240 res

1918 1275 2164 1341 accidat;
2195 1278 2336 1331 circa
2375 1291 2572 1329 nonam
2605 1276 2750 1330 enim
2791 1276 2977 1330 borain
3013 1295 3023 1328 :
3057 1277 3127 1330 ita
3174 1278 3276 1331 sibi
3321 1278 3420 1343 ipsi
3458 1289 3543 1332 at-

1922 1369 2193 1423 tendebat.
2239 1368 2346 1424 Sed
2371 1369 2618 1436 suiierius
2647 1369 2787 1423 dicta
2822 1378 3151 1439 repetamus,
3190 1371 3254 1424 Et
3282 1373 3411 1425 dixit
3443 1386 3542 1428 tm.-

1918 1462 2061 1532 gelus
2094 1477 2113 1515 :
2147 1459 2420 1515 Orationes
2443 1471 2546 1514 tua:
2567 1472 2612 1515 et
2635 1466 2970 1532 eteemosyuaz
2999 1473 3100 1516 tua:
3128 1468 3467 1518 ascenderunt
3490 1469 3542 1519 iii

1919 1556 2216 1609 memoriam
2247 1555 2299 1608 in
2325 1565 2600 1625 conspecta
2630 1554 2744 1610 Dei.
2789 1556 2923 1611 Ilinc
2957 1557 3128 1626 palam
3161 1568 3264 1624 est,
3292 1560 3542 1628 angelum

1918 1647 2114 1701 emissa
2154 1662 2286 1703 voce
2315 1647 2464 1701 illum
2494 1648 2882 1719 appellavisse,
2913 1658 3075 1720 atque
3106 1651 3177 1705 ita
3207 1652 3339 1706 vidit
3369 1653 3540 1707 illum.

1918 1740 2072 1807 Quod
2103 1741 2148 1796 si
2179 1756 2284 1796 non
2316 1750 2584 1807 vocasset,
2618 1759 2722 1795 non
2752 1743 2936 1810 utique
2957 1743 3181 1799 vidisset
3212 1763 3224 1796 :
3259 1747 3329 1800 ita
3365 1747 3544 1800 inten-

1920 1841 2003 1887 tus
2026 1844 2141 1887 erat
2186 1833 2288 1899 rei,
2335 1848 2496 1902 quam
2525 1831 2740 1903 agebat.
2790 1832 2858 1886 Et
2901 1836 3097 1888 accersi
3140 1836 3422 1902 Simonem,
3457 1840 3546 1909 qui

1917 1930 2308 1999 cognominatur
2358 1927 2566 1982 Petrus.
2622 1928 2840 1983 Interim
2889 1929 3032 1999 quod
3078 1930 3145 1984 ad
3195 1931 3342 1984 utilia
3393 1932 3542 1986 illuni

1917 2034 2207 2078 vacaturus
2241 2023 2330 2086 sit,
2359 2021 2641 2087 declarat;
2671 2022 2737 2077 ad
2767 2038 2888 2092 qua:
2921 2037 3051 2076 vero
3073 2024 3245 2089 utilia,
3280 2025 3541 2078 nonduin.

1916 2117 2005 2172 Sic
2045 2132 2221 2186 neque
2264 2117 2455 2171 Petrus
2505 2125 2674 2170 totum
2724 2116 3001 2181 declarat;
3036 2115 3131 2171 sed
3179 2119 3377 2186 ubique
3421 2130 3549 2172 sunt

1917 2212 2142 2265 succisa:
2165 2211 2526 2270 narrationes.
2556 2219 2612 2264 ut
2633 2210 2917 2264 audientes
2938 2209 3197 2264 excitent.
3223 2211 3311 2264 Sic
3339 2222 3392 2265 et
3419 2212 3546 2264 Phi-

1918 2304 2120 2374 lippum
2152 2303 2326 2357 solum
2364 2312 2520 2357 vocat
2561 2305 2611 2356 in
2659 2301 3034 2357 solitudinem.
3083 2302 3323 2356 Ascendit
3372 2313 3544 2356 autem

1917 2395 2102 2450 Petrus
2129 2394 2196 2448 ad
2220 2396 2508 2464 superiora,
2538 2402 2591 2448 ut
2620 2404 2790 2448 oraret
2827 2396 2965 2448 circa
2992 2395 3174 2448 horam
3219 2407 3435 2450 sextam.
3474 2395 3544 2449 Et

1915 2488 2095 2542 cecidit
2130 2503 2283 2558 super
2313 2503 2428 2541 eum
2473 2489 2655 2539 mentis
2687 2503 2942 2552 excessus,
2997 2497 3043 2540 et
3090 2487 3218 2541 vidit
3263 2504 3350 2541 vas
3381 2490 3546 2553 quod—

1917 2581 2036 2632 dam
2068 2579 2201 2633 velut
2234 2579 2470 2633 linteum.
2506 2578 2809 2649 Perpende,
2842 2580 3118 2650 quomodo
3163 2597 3339 2652 neque
3377 2581 3546 2638 fatuos

1914 2675 2091 2743 coegit
2125 2689 2248 2728 eum
2276 2687 2498 2728 currere
2523 2672 2589 2726 ad
2622 2673 2930 2728 sinilonem.
2959 2672 3039 2728 Ne
3072 2691 3199 2728 vero
3228 2676 3397 2745 magis
3431 2675 3545 2728 lia:-

1914 2769 2105 2822 sitaret
2124 2766 2337 2830 Petrus,
2357 2766 2506 2822 audit
2529 2782 2717 2822 vocem
2742 2767 3009 2822 dicentem
3038 2786 3050 2821 :
3079 2768 3335 2840 Surgens,
3369 2768 3540 2830 Petre,

1915 2868 2082 2911 macta
2109 2867 2154 2910 et
2181 2858 2458 2911 manduca.
2509 2857 2674 2913 Forte
2711 2859 2764 2913 in
2796 2875 2969 2929 gentia
3016 2860 3381 2930 procumbens
3412 2860 3546 2914 vidit

1915 2952 2178 3006 visionem
2211 2969 2224 3006 :
2262 2951 2474 3007 videtur
2505 2952 2636 3007 inibi
2668 2963 2891 3024 propter
2920 2953 3364 3022 praedicationem
3397 2953 3546 3007 illani

1915 3045 2136 3099 vidisse.
2178 3045 2333 3112 Quod
2380 3062 2511 3100 vero
2552 3046 2794 3101 divinum
2836 3055 2988 3102 esset
3023 3048 3098 3111 id,
3130 3047 3273 3117 quod
3305 3048 3544 3110 videbat,

1917 3137 2041 3192 liinc
2068 3138 2413 3193 manifestum
2442 3149 2544 3205 est,
2573 3139 2714 3208 quod
2745 3139 2873 3195 illud
2896 3155 3130 3210 superne
3158 3140 3541 3203 descenderet,

1917 3241 2028 3286 tum
2059 3233 2243 3294 etiam,
2275 3233 2417 3303 quod
2451 3233 2566 3302 ipse
2595 3234 2646 3287 in
2674 3249 2900 3289 excessu
2936 3235 3132 3290 mentis
3156 3243 3304 3290 esset
3335 3255 3346 3288 :
3382 3240 3544 3288 item-

1914 3341 2021 3393 que
2065 3325 2209 3395 quod
2251 3341 2352 3380 vox
2402 3325 2527 3380 inde
2575 3326 2827 3395 ferretur,
2872 3328 3016 3398 quod
3063 3329 3194 3383 illud
3245 3338 3325 3383 ter
3369 3329 3542 3393 ﬁeret,

1914 3419 2058 3489 quod
2090 3421 2284 3474 caelum
2319 3425 2646 3489 aperiretur,
2689 3423 2832 3490 quod
2876 3422 3006 3477 illud
3049 3422 3176 3478 inde
3221 3423 3448 3484 veniret.
3491 3433 3548 3479 et

1917 3516 2042 3570 illuc
2094 3516 2448 3585 arriperetur,
2487 3531 2742 3586 magnum
2783 3527 2901 3572 erat
2942 3517 3200 3572 indicium
3254 3535 3369 3573 rem
3421 3533 3544 3574 esse

1918 3621 2139 3677 prorsus
2167 3606 2426 3661 divinam.

1989 3701 2041 3754 '5.
2084 3701 2196 3754 Cur
2227 3717 2356 3755 vero
2386 3703 2465 3756 sic
2495 3717 2584 3762 res
2628 3703 2848 3772 agitur?
2903 3703 3131 3774 Propter
3175 3718 3294 3764 eos,
3348 3705 3558 3773 quibus

1917 3803 2103 3863 postea
2137 3794 2265 3848 illud
2296 3806 2612 3850 narraturus
2635 3806 2753 3851 erat
2784 3817 2797 3852 :
2831 3815 2953 3852 nam
2981 3800 3097 3868 ipse
3125 3799 3234 3868 jaiu
3263 3800 3508 3854 audierat
3531 3819 3552 3855 :.

1917 3884 1985 3938 In
2016 3885 2148 3938 viam
2176 3888 2400 3956 gentium
2433 3904 2494 3942 ne
2527 3888 2754 3943 abieritis
2787 3889 3004 3960 (Matth.
3035 3892 3120 3947 10.
3148 3892 3225 3961 5).
3261 3893 3325 3946 lit
3353 3907 3421 3946 ne
3448 3894 3551 3947 mi-

1919 3977 2074 4031 reris.
2107 3976 2162 4033 Si
2192 3979 2338 4032 eniin
2380 3979 2798 4037 circumcisione
2834 3992 2892 4038 et
2921 3983 3135 4038 victima
3183 4001 3316 4051 opus
3364 3985 3546 4038 habuit

1919 4069 2155 4134 Paulus;
2195 4072 2366 4125 multo
2408 4074 2580 4144 magis
2618 4083 2746 4131 tunc
2777 4077 2928 4131 initio
2958 4079 3381 4147 pra-dicationis,
3411 4096 3534 4133 cum

1919 4170 2102 4216 essent
2129 4162 2308 4218 adhuc
2337 4164 2689 4232 inﬁrmiores,
2717 4167 2801 4223 bis
2831 4185 2968 4238 opus
2999 4171 3288 4226 habebant.
3323 4172 3384 4226 Et
3411 4188 3545 4236 ecce,

1920 4253 2116 4324 inquit,
2145 4257 2240 4309 viri
2268 4258 2410 4312 missi
2440 4276 2470 4311 a
2499 4259 2736 4315 Cornelio
2765 4264 3075 4317 adstiterant
3104 4267 3173 4319 ad
3195 4267 3415 4336 januam
3451 4283 3469 4319 :
3502 4277 3546 4319 et

1919 4363 2036 4410 cum
2062 4361 2348 4415 vocassent,
2379 4351 2765 4423 interrogabant
2793 4356 2834 4409 si
2867 4355 3073 4422 Simon,
3100 4359 3184 4427 qui
3214 4361 3547 4429 coquomina-

1921 4451 2004 4494 tur
2035 4439 2240 4504 Petrus,
2274 4444 2382 4498 illic
2412 4446 2619 4500 haberet
2650 4448 2949 4520 hospitium.
2982 4450 3062 4505 Eo
3086 4451 3231 4520 quod
3261 4453 3381 4506 vilis
3403 4463 3550 4507 essot

1919 4532 2144 4597 domus,
2199 4535 2359 4601 infra,
2416 4553 2522 4593 non
2568 4548 2749 4595 autem
2808 4542 3052 4604 vicinos,
3114 4545 3545 4616 interrogabant.

1922 4627 2079 4682 Petro
2109 4640 2277 4683 autem
2323 4630 2432 4684 haec
2478 4648 2649 4686 secum
2686 4634 2959 4704 cogitante.
2992 4635 3122 4690 dixit
3154 4637 3231 4690 illi
3263 4637 3492 4704 Spiritus
3525 4655 3543 4691 :

1923 4717 2153 4789 Surgens
2183 4718 2452 4784 descende,
2487 4731 2532 4774 et
2561 4723 2688 4776 vade
2718 4724 2850 4778 nihil
2874 4726 3141 4790 licesitans,
3170 4729 3290 4795 quia
3319 4745 3409 4799 ego
3433 4729 3546 4781 misi

1920 4830 2024 4866 eos.
2059 4811 2221 4876 Vide;
2258 4828 2363 4866 non
2393 4813 2533 4868 dixit
2560 4833 2573 4869 :
2601 4816 2732 4871 lilco
2771 4817 2914 4872 enini
2951 4819 3087 4872 visio
3117 4822 3368 4888 apparuit
3409 4819 3500 4873 lilii
3532 4839 3545 4882 ;

1919 4904 2037 4968 sed,
2064 4901 2175 4974 Ego
2194 4905 2308 4959 illos
2329 4906 2465 4972 misi,
2485 4908 2782 4964 ostendens
2799 4910 2877 4964 sic
2895 4911 3208 4981 obtempera
3219 4913 3379 4967 udum
3401 4931 3545 4979 esse,

1923 5011 2023 5050 nec
2052 4996 2289 5052 rationes
2327 5013 2448 5053 esse
2475 5000 2789 5068 exigendas.
2820 5003 2964 5059 Satis
2995 5005 3140 5058 enim
3171 5015 3308 5072 erat,
3339 5017 3397 5060 ut
3423 5025 3543 5062 eer-

1921 5091 2027 5145 tior
2057 5092 2233 5156 ﬁeret,
2261 5093 2401 5160 quod
2431 5094 2500 5147 ab
2543 5095 2633 5148 illo
2673 5095 2992 5159 audivisset.
3027 5099 3138 5153 Hoc
3178 5099 3284 5164 iac,
3321 5101 3423 5155 boe
3469 5103 3546 5154 lo-

1921 5200 2127 5251 qiiere;
2160 5201 2259 5238 nec
2303 5187 2431 5255 quid
2482 5188 2616 5241 ultra
2645 5190 3000 5259 quaerendum
3037 5203 3174 5248 erat.
3220 5194 3544 5250 Descendens

1921 5288 2090 5329 autem
2118 5275 2307 5330 Petrus
2334 5279 2466 5331 dixit
2499 5295 2515 5332 :
2544 5280 2675 5334 Ecce
2701 5299 2791 5352 ego
2815 5301 2951 5345 sum,
2979 5302 3129 5353 quem
3161 5288 3410 5355 qna'ritis.
3439 5291 3546 5342 (ξιτ

1924 5383 2030 5421 min
2055 5369 2234 5422 statim
2266 5368 2386 5424 illos
2409 5372 2619 5441 recipit,
2646 5374 2738 5428 sed
2763 5377 2997 5446 quairit?
3023 5377 3249 5432 Videbat
3283 5379 3402 5433 illos
3424 5398 3545 5435 esse

1924 5459 2122 5514 milites
2159 5476 2172 5513 :
2207 5460 2327 5515 ideo
2375 5477 2481 5516 non
2520 5465 2840 5533 simpliciter
2885 5470 3220 5538 interrogati;
3268 5473 3362 5526 sed
3399 5486 3544 5544 pOs‘l-

1924 5565 2082 5618 quam
2111 5549 2285 5606 lassus
2315 5563 2420 5617 est,
2450 5569 2509 5608 se
2543 5556 2716 5627 ipsum
2746 5574 2889 5625 esse,
2916 5573 3044 5616 tunc
3066 5562 3259 5630 quaerit
3279 5565 3546 5619 adventus

1921 5657 2162 5708 causam,
2195 5653 2251 5697 ιιι
2280 5661 2347 5699 ne
2377 5656 2678 5715 putaretur,
2702 5665 2760 5703 se
2792 5651 2916 5705 ideo
2944 5653 3229 5719 sciscitari,
3257 5658 3408 5725 quasi
3437 5661 3544 5712 vel-

1924 5732 1996 5785 let
2026 5749 2150 5789 sese
2181 5737 2474 5792 occultare.
2521 5739 2586 5794 Et
2614 5742 2941 5809 sciscitatur,
2977 5755 3035 5800 ut
3076 5747 3120 5801 si
3155 5752 3337 5803 statim
3383 5766 3544 5821 urge-

1927 5833 2092 5884 retur.
2124 5843 2246 5882 cum
2277 5827 2382 5884 illis
2413 5829 2554 5898 iret;
2581 5832 2665 5887 sin
2692 5833 2888 5903 minus,
2928 5837 3048 5893 illos
3074 5837 3307 5910 hospitio
3333 5841 3546 5906 excipe.
