  <div class='ocr_page' id='page_1' title='image "/cluster/home/n/w/nwhite01/storage/ocr_20150623/60/ien.35556001660885/181.png"; bbox 0 0 4068 6430; ppageno 0'>
   <div class='ocr_carea' id='block_1_1' title="bbox 576 368 677 422">
    <p class='ocr_par' dir='ltr' id='par_1_1' title="bbox 576 368 677 422">
     <span class='ocr_line' id='line_1_1' title="bbox 576 368 677 422; baseline 0 -1"><span class='ocrx_word' id='word_1_1' title='bbox 576 368 677 422; x_wconf 71' lang='grc'><strong>175</strong></span> 
     </span>
    </p>
   </div>
   <div class='ocr_carea' id='block_1_2' title="bbox 572 473 2162 539">
    <p class='ocr_par' dir='ltr' id='par_1_2' title="bbox 572 473 2162 539">
     <span class='ocr_line' id='line_1_2' title="bbox 572 473 2162 539; baseline -0.01 -1"><span class='ocrx_word' id='word_1_2' title='bbox 572 493 673 539; x_wconf 78' lang='lat' dir='ltr'><strong>ret.</strong></span> <span class='ocrx_word' id='word_1_3' title='bbox 731 481 838 534; x_wconf 90' lang='lat' dir='ltr'><strong>Cur</strong></span> <span class='ocrx_word' id='word_1_4' title='bbox 877 488 1057 532; x_wconf 88' lang='lat' dir='ltr'><strong>autem</strong></span> <span class='ocrx_word' id='word_1_5' title='bbox 1107 478 1290 533; x_wconf 90' lang='lat' dir='ltr'><strong>dicunt</strong></span> <span class='ocrx_word' id='word_1_6' title='bbox 1335 478 1406 531; x_wconf 82' lang='lat' dir='ltr'><strong>illi</strong></span> <span class='ocrx_word' id='word_1_7' title='bbox 1445 494 1458 529; x_wconf 93' lang='lat'>:</span> <span class='ocrx_word' id='word_1_8' title='bbox 1500 475 1721 530; x_wconf 73' lang='lat' dir='ltr'><strong>Accersit</strong></span> <span class='ocrx_word' id='word_1_9' title='bbox 1746 483 1816 528; x_wconf 75' lang='grc' dir='ltr'>-ιε</span> <span class='ocrx_word' id='word_1_10' title='bbox 1857 475 1910 527; x_wconf 86' lang='lat' dir='ltr'><strong>in</strong></span> <span class='ocrx_word' id='word_1_11' title='bbox 1957 473 2162 526; x_wconf 84' lang='lat' dir='ltr'><strong>domum</strong></span> 
     </span>
    </p>
   </div>
   <div class='ocr_carea' id='block_1_3' title="bbox 568 563 2161 639">
    <p class='ocr_par' dir='ltr' id='par_1_3' title="bbox 568 563 2161 639">
     <span class='ocr_line' id='line_1_3' title="bbox 568 563 2161 639; baseline -0.008 -10"><span class='ocrx_word' id='word_1_12' title='bbox 568 572 756 630; x_wconf 72' lang='lat' dir='ltr'><strong>suam?</strong></span> <span class='ocrx_word' id='word_1_13' title='bbox 783 571 917 639; x_wconf 86' lang='lat' dir='ltr'><strong>Quia</strong></span> <span class='ocrx_word' id='word_1_14' title='bbox 945 570 1021 624; x_wconf 92' lang='lat' dir='ltr'><strong>sic</strong></span> <span class='ocrx_word' id='word_1_15' title='bbox 1052 571 1154 624; x_wconf 82' lang='lat' dir='ltr'><strong>illis</strong></span> <span class='ocrx_word' id='word_1_16' title='bbox 1185 576 1528 638; x_wconf 69' lang='lat' dir='ltr'><strong>pneceperat.</strong></span> <span class='ocrx_word' id='word_1_17' title='bbox 1560 566 1808 620; x_wconf 87' lang='lat' dir='ltr'><strong>Fortasse</strong></span> <span class='ocrx_word' id='word_1_18' title='bbox 1840 578 1987 628; x_wconf 84' lang='lat' dir='ltr'><strong>vero,</strong></span> <span class='ocrx_word' id='word_1_19' title='bbox 2013 563 2161 629; x_wconf 83' lang='lat' dir='ltr'><strong>quasi</strong></span> 
     </span>
    </p>
   </div>
   <div class='ocr_carea' id='block_1_4' title="bbox 568 656 2158 735">
    <p class='ocr_par' dir='ltr' id='par_1_4' title="bbox 568 656 2158 735">
     <span class='ocr_line' id='line_1_4' title="bbox 568 656 2158 735; baseline -0.007 -15"><span class='ocrx_word' id='word_1_20' title='bbox 568 668 828 722; x_wconf 80' lang='lat' dir='ltr'><strong>rationem</strong></span> <span class='ocrx_word' id='word_1_21' title='bbox 856 679 953 735; x_wconf 92' lang='lat' dir='ltr'><strong>pro</strong></span> <span class='ocrx_word' id='word_1_22' title='bbox 991 663 1080 718; x_wconf 94' lang='lat' dir='ltr'><strong>illo</strong></span> <span class='ocrx_word' id='word_1_23' title='bbox 1121 661 1329 728; x_wconf 86' lang='lat' dir='ltr'><strong>dantes,</strong></span> <span class='ocrx_word' id='word_1_24' title='bbox 1361 656 1546 716; x_wconf 87' lang='lat' dir='ltr'><strong>dicunt</strong></span> <span class='ocrx_word' id='word_1_25' title='bbox 1575 677 1587 711; x_wconf 86' lang='lat'><strong>:</strong></span> <span class='ocrx_word' id='word_1_26' title='bbox 1618 659 1693 713; x_wconf 82' lang='lat' dir='ltr'><strong>Ne</strong></span> <span class='ocrx_word' id='word_1_27' title='bbox 1721 659 1943 712; x_wconf 90' lang='lat' dir='ltr'><strong>damnes</strong></span> <span class='ocrx_word' id='word_1_28' title='bbox 1975 656 2158 720; x_wconf 87' lang='lat' dir='ltr'><strong>illum;</strong></span> 
     </span>
    </p>
   </div>
   <div class='ocr_carea' id='block_1_5' title="bbox 568 747 2163 827">
    <p class='ocr_par' dir='ltr' id='par_1_5' title="bbox 568 747 2163 827">
     <span class='ocr_line' id='line_1_5' title="bbox 568 747 2163 827; baseline -0.006 -17"><span class='ocrx_word' id='word_1_29' title='bbox 568 772 672 812; x_wconf 91' lang='lat' dir='ltr'><strong>non</strong></span> <span class='ocrx_word' id='word_1_30' title='bbox 698 757 846 827; x_wconf 82' lang='lat' dir='ltr'><strong>quasi</strong></span> <span class='ocrx_word' id='word_1_31' title='bbox 878 764 930 811; x_wconf 85' lang='lat' dir='ltr'><strong>te</strong></span> <span class='ocrx_word' id='word_1_32' title='bbox 957 763 1305 810; x_wconf 86' lang='lat' dir='ltr'><strong>contemnens</strong></span> <span class='ocrx_word' id='word_1_33' title='bbox 1331 753 1490 817; x_wconf 91' lang='lat' dir='ltr'><strong>misit,</strong></span> <span class='ocrx_word' id='word_1_34' title='bbox 1532 752 1625 806; x_wconf 91' lang='lat' dir='ltr'><strong>sed</strong></span> <span class='ocrx_word' id='word_1_35' title='bbox 1653 751 1855 820; x_wconf 74' lang='lat' dir='ltr'><strong>jttSsus.</strong></span> <span class='ocrx_word' id='word_1_36' title='bbox 1896 747 2163 802; x_wconf 77' lang='lat' dir='ltr'><strong>Cornelius</strong></span> 
     </span>
    </p>
   </div>
   <div class='ocr_carea' id='block_1_6' title="bbox 564 842 2157 918">
    <p class='ocr_par' dir='ltr' id='par_1_6' title="bbox 564 842 2157 918">
     <span class='ocr_line' id='line_1_6' title="bbox 564 842 2157 918; baseline -0.008 -14"><span class='ocrx_word' id='word_1_37' title='bbox 564 864 681 904; x_wconf 72' lang='lat' dir='ltr'><strong>vero</strong></span> <span class='ocrx_word' id='word_1_38' title='bbox 711 849 1030 918; x_wconf 70' lang='lat' dir='ltr'><strong>exspectabat</strong></span> <span class='ocrx_word' id='word_1_39' title='bbox 1060 847 1196 913; x_wconf 76' lang='lat' dir='ltr'><strong>illos,</strong></span> <span class='ocrx_word' id='word_1_40' title='bbox 1228 845 1512 899; x_wconf 78' lang='lat' dir='ltr'><strong>convocatis</strong></span> <span class='ocrx_word' id='word_1_41' title='bbox 1542 843 1770 913; x_wconf 75' lang='lat' dir='ltr'><strong>cognatis</strong></span> <span class='ocrx_word' id='word_1_42' title='bbox 1805 842 1909 896; x_wconf 77' lang='lat' dir='ltr'><strong>suis</strong></span> <span class='ocrx_word' id='word_1_43' title='bbox 1929 881 1942 902; x_wconf 88' lang='lat'><strong>,</strong></span> <span class='ocrx_word' id='word_1_44' title='bbox 1981 850 2028 893; x_wconf 81' lang='lat' dir='ltr'><strong>et</strong></span> <span class='ocrx_word' id='word_1_45' title='bbox 2069 855 2157 893; x_wconf 79' lang='lat' dir='ltr'><strong>ne-</strong></span> 
     </span>
    </p>
   </div>
   <div class='ocr_carea' id='block_1_7' title="bbox 564 934 2160 1007">
    <p class='ocr_par' dir='ltr' id='par_1_7' title="bbox 564 934 2160 1007">
     <span class='ocr_line' id='line_1_7' title="bbox 564 934 2160 1007; baseline -0.005 -13"><span class='ocrx_word' id='word_1_46' title='bbox 564 942 799 995; x_wconf 70' lang='lat' dir='ltr'><strong>cessariis</strong></span> <span class='ocrx_word' id='word_1_47' title='bbox 819 940 1014 992; x_wconf 79' lang='lat' dir='ltr'><strong>amicis.</strong></span> <span class='ocrx_word' id='word_1_48' title='bbox 1044 937 1175 993; x_wconf 85' lang='lat' dir='ltr'><strong>Jure</strong></span> <span class='ocrx_word' id='word_1_49' title='bbox 1207 954 1220 990; x_wconf 91' lang='lat'><strong>:</strong></span> <span class='ocrx_word' id='word_1_50' title='bbox 1249 952 1426 1007; x_wconf 88' lang='lat' dir='ltr'><strong>neque</strong></span> <span class='ocrx_word' id='word_1_51' title='bbox 1451 937 1591 991; x_wconf 90' lang='lat' dir='ltr'><strong>enim</strong></span> <span class='ocrx_word' id='word_1_52' title='bbox 1615 936 1815 1004; x_wconf 89' lang='lat' dir='ltr'><strong>justum</strong></span> <span class='ocrx_word' id='word_1_53' title='bbox 1850 934 2039 987; x_wconf 85' lang='lat' dir='ltr'><strong>fuisset</strong></span> <span class='ocrx_word' id='word_1_54' title='bbox 2065 946 2160 987; x_wconf 45' lang='lat' dir='ltr'><strong>co.</strong></span> 
     </span>
    </p>
   </div>
   <div class='ocr_carea' id='block_1_8' title="bbox 563 1023 2157 1103">
    <p class='ocr_par' dir='ltr' id='par_1_8' title="bbox 563 1023 2157 1103">
     <span class='ocr_line' id='line_1_8' title="bbox 563 1023 2157 1103; baseline -0.002 -18"><span class='ocrx_word' id='word_1_55' title='bbox 563 1023 771 1103; x_wconf 24' lang='lat' dir='ltr'><strong>gnatos.</strong></span> <span class='ocrx_word' id='word_1_56' title='bbox 797 1043 852 1089; x_wconf 89' lang='lat' dir='ltr'><strong>et</strong></span> <span class='ocrx_word' id='word_1_57' title='bbox 890 1033 1090 1092; x_wconf 86' lang='lat' dir='ltr'><strong>amicos</strong></span> <span class='ocrx_word' id='word_1_58' title='bbox 1116 1047 1223 1086; x_wconf 89' lang='lat' dir='ltr'><strong>non</strong></span> <span class='ocrx_word' id='word_1_59' title='bbox 1264 1032 1418 1085; x_wconf 87' lang='lat' dir='ltr'><strong>simul</strong></span> <span class='ocrx_word' id='word_1_60' title='bbox 1460 1030 1648 1085; x_wconf 81' lang='lat' dir='ltr'><strong>adduci</strong></span> <span class='ocrx_word' id='word_1_61' title='bbox 1682 1046 1695 1082; x_wconf 89' lang='lat'><strong>:</strong></span> <span class='ocrx_word' id='word_1_62' title='bbox 1727 1027 1964 1098; x_wconf 82' lang='lat' dir='ltr'><strong>alioquin</strong></span> <span class='ocrx_word' id='word_1_63' title='bbox 2006 1041 2157 1093; x_wconf 90' lang='lat' dir='ltr'><strong>vero,</strong></span> 
     </span>
    </p>
   </div>
   <div class='ocr_carea' id='block_1_9' title="bbox 565 1123 1648 1194">
    <p class='ocr_par' dir='ltr' id='par_1_9' title="bbox 565 1123 1648 1194">
     <span class='ocr_line' id='line_1_9' title="bbox 565 1123 1648 1194; baseline -0.002 -16"><span class='ocrx_word' id='word_1_64' title='bbox 565 1125 673 1178; x_wconf 88' lang='lat' dir='ltr'><strong>illic</strong></span> <span class='ocrx_word' id='word_1_65' title='bbox 707 1135 995 1191; x_wconf 73' lang='lat' dir='ltr'><strong>pra-sentes</strong></span> <span class='ocrx_word' id='word_1_66' title='bbox 1021 1126 1191 1194; x_wconf 87' lang='lat' dir='ltr'><strong>magis</strong></span> <span class='ocrx_word' id='word_1_67' title='bbox 1217 1123 1449 1178; x_wconf 76' lang='lat' dir='ltr'><strong>audituri</strong></span> <span class='ocrx_word' id='word_1_68' title='bbox 1477 1131 1648 1176; x_wconf 86' lang='lat' dir='ltr'><strong>erant.</strong></span> 
     </span>
    </p>
   </div>
   <div class='ocr_carea' id='block_1_10' title="bbox 637 1211 2158 1286">
    <p class='ocr_par' dir='ltr' id='par_1_10' title="bbox 637 1211 2158 1286">
     <span class='ocr_line' id='line_1_10' title="bbox 637 1211 2158 1286; baseline -0.003 -18"><span class='ocrx_word' id='word_1_69' title='bbox 637 1213 988 1286; x_wconf 71' lang='lat' dir='ltr'><strong>Eleentosyna:</strong></span> <span class='ocrx_word' id='word_1_70' title='bbox 1029 1215 1185 1268; x_wconf 72' lang='lat' dir='ltr'><strong>uirtus</strong></span> <span class='ocrx_word' id='word_1_71' title='bbox 1224 1215 1643 1284; x_wconf 76' lang='lat' dir='ltr'><strong>pra&#39;di‘camr.—-</strong></span> <span class='ocrx_word' id='word_1_72' title='bbox 1667 1211 1916 1277; x_wconf 76' lang='lat' dir='ltr'><strong>Vidistis,</strong></span> <span class='ocrx_word' id='word_1_73' title='bbox 1960 1218 2158 1282; x_wconf 85' lang='lat' dir='ltr'><strong>quanta</strong></span> 
     </span>
    </p>
   </div>
   <div class='ocr_carea' id='block_1_11' title="bbox 561 1304 2154 1380">
    <p class='ocr_par' dir='ltr' id='par_1_11' title="bbox 561 1304 2154 1380">
     <span class='ocr_line' id='line_1_11' title="bbox 561 1304 2154 1380; baseline -0.002 -21"><span class='ocrx_word' id='word_1_74' title='bbox 561 1309 630 1360; x_wconf 91' lang='lat' dir='ltr'><strong>sit</strong></span> <span class='ocrx_word' id='word_1_75' title='bbox 668 1307 1026 1380; x_wconf 66' lang='lat' dir='ltr'><strong>eleeniosynte</strong></span> <span class='ocrx_word' id='word_1_76' title='bbox 1068 1309 1256 1372; x_wconf 77' lang='lat' dir='ltr'><strong>virtus,</strong></span> <span class='ocrx_word' id='word_1_77' title='bbox 1306 1315 1359 1361; x_wconf 89' lang='lat' dir='ltr'><strong>et</strong></span> <span class='ocrx_word' id='word_1_78' title='bbox 1402 1307 1455 1360; x_wconf 91' lang='lat' dir='ltr'><strong>in</strong></span> <span class='ocrx_word' id='word_1_79' title='bbox 1502 1307 1665 1376; x_wconf 82' lang='lat' dir='ltr'><strong>priori</strong></span> <span class='ocrx_word' id='word_1_80' title='bbox 1708 1315 1760 1360; x_wconf 86' lang='lat' dir='ltr'><strong>et</strong></span> <span class='ocrx_word' id='word_1_81' title='bbox 1808 1306 1864 1361; x_wconf 86' lang='lat' dir='ltr'><strong>in</strong></span> <span class='ocrx_word' id='word_1_82' title='bbox 1905 1304 2154 1375; x_wconf 72' lang='lat' dir='ltr'><strong>praesenti</strong></span> 
     </span>
    </p>
   </div>
   <div class='ocr_carea' id='block_1_12' title="bbox 560 1395 2156 1468">
    <p class='ocr_par' dir='ltr' id='par_1_12' title="bbox 560 1395 2156 1468">
     <span class='ocr_line' id='line_1_12' title="bbox 560 1395 2156 1468; baseline -0.001 -18"><span class='ocrx_word' id='word_1_83' title='bbox 560 1399 855 1460; x_wconf 80' lang='lat' dir='ltr'><strong>sermone?</strong></span> <span class='ocrx_word' id='word_1_84' title='bbox 886 1399 976 1454; x_wconf 87' lang='lat' dir='ltr'><strong>illa</strong></span> <span class='ocrx_word' id='word_1_85' title='bbox 1006 1415 1034 1452; x_wconf 92' lang='lat' dir='ltr'><strong>a</strong></span> <span class='ocrx_word' id='word_1_86' title='bbox 1069 1408 1412 1468; x_wconf 87' lang='lat' dir='ltr'><strong>temporanea</strong></span> <span class='ocrx_word' id='word_1_87' title='bbox 1443 1408 1614 1452; x_wconf 90' lang='lat' dir='ltr'><strong>morte</strong></span> <span class='ocrx_word' id='word_1_88' title='bbox 1647 1398 1910 1462; x_wconf 75' lang='lat' dir='ltr'><strong>liberavit,</strong></span> <span class='ocrx_word' id='word_1_89' title='bbox 1945 1396 2060 1450; x_wconf 71' lang='lat' dir='ltr'><strong>hmc</strong></span> <span class='ocrx_word' id='word_1_90' title='bbox 2088 1395 2156 1449; x_wconf 91' lang='lat' dir='ltr'><strong>ab</strong></span> 
     </span>
    </p>
   </div>
   <div class='ocr_carea' id='block_1_13' title="bbox 560 1487 2154 1560">
    <p class='ocr_par' dir='ltr' id='par_1_13' title="bbox 560 1487 2154 1560">
     <span class='ocr_line' id='line_1_13' title="bbox 560 1487 2154 1560; baseline -0.003 -16"><span class='ocrx_word' id='word_1_91' title='bbox 560 1500 762 1545; x_wconf 72' lang='lat' dir='ltr'><strong>azterna</strong></span> <span class='ocrx_word' id='word_1_92' title='bbox 794 1509 806 1544; x_wconf 91' lang='lat'><strong>:</strong></span> <span class='ocrx_word' id='word_1_93' title='bbox 842 1490 954 1544; x_wconf 74' lang='lat' dir='ltr'><strong>lucc</strong></span> <span class='ocrx_word' id='word_1_94' title='bbox 981 1501 1035 1545; x_wconf 89' lang='lat' dir='ltr'><strong>et</strong></span> <span class='ocrx_word' id='word_1_95' title='bbox 1055 1489 1250 1559; x_wconf 86' lang='lat' dir='ltr'><strong>januas</strong></span> <span class='ocrx_word' id='word_1_96' title='bbox 1274 1490 1389 1544; x_wconf 71' lang='lat' dir='ltr'><strong>caeli</strong></span> <span class='ocrx_word' id='word_1_97' title='bbox 1416 1490 1643 1560; x_wconf 89' lang='lat' dir='ltr'><strong>aperuit.</strong></span> <span class='ocrx_word' id='word_1_98' title='bbox 1676 1489 1827 1554; x_wconf 76' lang='lat' dir='ltr'><strong>Vide,</strong></span> <span class='ocrx_word' id='word_1_99' title='bbox 1858 1487 2041 1558; x_wconf 89' lang='lat' dir='ltr'><strong>quanti</strong></span> <span class='ocrx_word' id='word_1_100' title='bbox 2077 1487 2154 1540; x_wconf 86' lang='lat' dir='ltr'><strong>fe-</strong></span> 
     </span>
    </p>
   </div>
   <div class='ocr_carea' id='block_1_14' title="bbox 560 1579 2150 1652">
    <p class='ocr_par' dir='ltr' id='par_1_14' title="bbox 560 1579 2150 1652">
     <span class='ocr_line' id='line_1_14' title="bbox 560 1579 2150 1652; baseline -0.004 -16"><span class='ocrx_word' id='word_1_101' title='bbox 560 1585 694 1639; x_wconf 85' lang='lat' dir='ltr'><strong>cerit</strong></span> <span class='ocrx_word' id='word_1_102' title='bbox 721 1584 861 1652; x_wconf 87' lang='lat' dir='ltr'><strong>quod</strong></span> <span class='ocrx_word' id='word_1_103' title='bbox 892 1583 1076 1637; x_wconf 84' lang='lat' dir='ltr'><strong>credat</strong></span> <span class='ocrx_word' id='word_1_104' title='bbox 1103 1581 1405 1648; x_wconf 89' lang='lat' dir='ltr'><strong>Cornelius,</strong></span> <span class='ocrx_word' id='word_1_105' title='bbox 1447 1593 1504 1636; x_wconf 89' lang='lat' dir='ltr'><strong>ut</strong></span> <span class='ocrx_word' id='word_1_106' title='bbox 1544 1593 1598 1637; x_wconf 91' lang='lat' dir='ltr'><strong>et</strong></span> <span class='ocrx_word' id='word_1_107' title='bbox 1637 1582 1859 1650; x_wconf 82' lang='lat' dir='ltr'><strong>angelus</strong></span> <span class='ocrx_word' id='word_1_108' title='bbox 1893 1579 2150 1644; x_wconf 89' lang='lat' dir='ltr'><strong>mittatur,</strong></span> 
     </span>
    </p>
   </div>
   <div class='ocr_carea' id='block_1_15' title="bbox 559 1670 2155 1745">
    <p class='ocr_par' dir='ltr' id='par_1_15' title="bbox 559 1670 2155 1745">
     <span class='ocr_line' id='line_1_15' title="bbox 559 1670 2155 1745; baseline -0.004 -16"><span class='ocrx_word' id='word_1_109' title='bbox 559 1685 614 1729; x_wconf 90' lang='lat' dir='ltr'><strong>et</strong></span> <span class='ocrx_word' id='word_1_110' title='bbox 651 1674 878 1744; x_wconf 85' lang='lat' dir='ltr'><strong>Spiritus</strong></span> <span class='ocrx_word' id='word_1_111' title='bbox 910 1686 1181 1744; x_wconf 85' lang='lat' dir='ltr'><strong>eperetur,</strong></span> <span class='ocrx_word' id='word_1_112' title='bbox 1227 1685 1280 1729; x_wconf 89' lang='lat' dir='ltr'><strong>et</strong></span> <span class='ocrx_word' id='word_1_113' title='bbox 1317 1676 1679 1745; x_wconf 84' lang='lat' dir='ltr'><strong>apostolorum</strong></span> <span class='ocrx_word' id='word_1_114' title='bbox 1710 1673 2029 1744; x_wconf 76' lang='lat' dir='ltr'><strong>coryplneus</strong></span> <span class='ocrx_word' id='word_1_115' title='bbox 2055 1670 2155 1723; x_wconf 86' lang='lat' dir='ltr'><strong>ad-</strong></span> 
     </span>
    </p>
   </div>
   <div class='ocr_carea' id='block_1_16' title="bbox 558 1764 2151 1839">
    <p class='ocr_par' dir='ltr' id='par_1_16' title="bbox 558 1764 2151 1839">
     <span class='ocr_line' id='line_1_16' title="bbox 558 1764 2151 1839; baseline -0.003 -19"><span class='ocrx_word' id='word_1_116' title='bbox 558 1779 799 1835; x_wconf 88' lang='lat' dir='ltr'><strong>vocetur,</strong></span> <span class='ocrx_word' id='word_1_117' title='bbox 836 1769 1060 1838; x_wconf 73' lang='lat' dir='ltr'><strong>talisque</strong></span> <span class='ocrx_word' id='word_1_118' title='bbox 1090 1781 1344 1839; x_wconf 88' lang='lat' dir='ltr'><strong>appareat</strong></span> <span class='ocrx_word' id='word_1_119' title='bbox 1374 1770 1528 1835; x_wconf 81' lang='lat' dir='ltr'><strong>visio,</strong></span> <span class='ocrx_word' id='word_1_120' title='bbox 1554 1784 1619 1822; x_wconf 90' lang='lat' dir='ltr'><strong>ac</strong></span> <span class='ocrx_word' id='word_1_121' title='bbox 1647 1769 1774 1822; x_wconf 85' lang='lat' dir='ltr'><strong>nihil</strong></span> <span class='ocrx_word' id='word_1_122' title='bbox 1809 1776 1950 1822; x_wconf 89' lang='lat' dir='ltr'><strong>retro</strong></span> <span class='ocrx_word' id='word_1_123' title='bbox 1982 1764 2151 1819; x_wconf 87' lang='lat' dir='ltr'><strong>relin-</strong></span> 
     </span>
    </p>
   </div>
   <div class='ocr_carea' id='block_1_17' title="bbox 557 1860 2154 1928">
    <p class='ocr_par' dir='ltr' id='par_1_17' title="bbox 557 1860 2154 1928">
     <span class='ocr_line' id='line_1_17' title="bbox 557 1860 2154 1928; baseline 0.001 -18"><span class='ocrx_word' id='word_1_124' title='bbox 557 1869 769 1927; x_wconf 88' lang='lat' dir='ltr'><strong>quatur.</strong></span> <span class='ocrx_word' id='word_1_125' title='bbox 816 1860 956 1926; x_wconf 87' lang='lat' dir='ltr'><strong>Quot</strong></span> <span class='ocrx_word' id='word_1_126' title='bbox 993 1871 1146 1914; x_wconf 87' lang='lat' dir='ltr'><strong>erant</strong></span> <span class='ocrx_word' id='word_1_127' title='bbox 1195 1861 1555 1923; x_wconf 89' lang='lat' dir='ltr'><strong>centuriones.</strong></span> <span class='ocrx_word' id='word_1_128' title='bbox 1616 1860 1836 1926; x_wconf 87' lang='lat' dir='ltr'><strong>trilnmi,</strong></span> <span class='ocrx_word' id='word_1_129' title='bbox 1884 1873 2056 1928; x_wconf 80' lang='lat' dir='ltr'><strong>reges,</strong></span> <span class='ocrx_word' id='word_1_130' title='bbox 2100 1867 2154 1912; x_wconf 88' lang='lat' dir='ltr'><strong>et</strong></span> 
     </span>
    </p>
   </div>
   <div class='ocr_carea' id='block_1_18' title="bbox 557 1953 2152 2024">
    <p class='ocr_par' dir='ltr' id='par_1_18' title="bbox 557 1953 2152 2024">
     <span class='ocr_line' id='line_1_18' title="bbox 557 1953 2152 2024; baseline 0.001 -18"><span class='ocrx_word' id='word_1_131' title='bbox 557 1954 734 2006; x_wconf 88' lang='lat' dir='ltr'><strong>nullos</strong></span> <span class='ocrx_word' id='word_1_132' title='bbox 763 1970 942 2008; x_wconf 86' lang='lat' dir='ltr'><strong>eorum</strong></span> <span class='ocrx_word' id='word_1_133' title='bbox 973 1953 1159 2008; x_wconf 90' lang='lat' dir='ltr'><strong>eadem</strong></span> <span class='ocrx_word' id='word_1_134' title='bbox 1202 1965 1566 2024; x_wconf 85' lang='lat' dir='ltr'><strong>consequutus</strong></span> <span class='ocrx_word' id='word_1_135' title='bbox 1604 1963 1704 2009; x_wconf 91' lang='lat' dir='ltr'><strong>est.</strong></span> <span class='ocrx_word' id='word_1_136' title='bbox 1744 1954 2152 2016; x_wconf 81' lang='lat' dir='ltr'><strong>Audite,omnes</strong></span> 
     </span>
    </p>
   </div>
   <div class='ocr_carea' id='block_1_19' title="bbox 556 2047 2149 2117">
    <p class='ocr_par' dir='ltr' id='par_1_19' title="bbox 556 2047 2149 2117">
     <span class='ocr_line' id='line_1_19' title="bbox 556 2047 2149 2117; baseline 0.002 -21"><span class='ocrx_word' id='word_1_137' title='bbox 556 2057 752 2115; x_wconf 88' lang='lat' dir='ltr'><strong>quotqn</strong></span> <span class='ocrx_word' id='word_1_138' title='bbox 781 2055 815 2099; x_wconf 62' lang='lat' dir='ltr'><strong>vt</strong></span> <span class='ocrx_word' id='word_1_139' title='bbox 848 2048 897 2100; x_wconf 92' lang='lat' dir='ltr'><strong>in</strong></span> <span class='ocrx_word' id='word_1_140' title='bbox 940 2051 1176 2103; x_wconf 62' lang='lat' dir='ltr'><strong>exercitu</strong></span> <span class='ocrx_word' id='word_1_141' title='bbox 1214 2051 1344 2104; x_wconf 86' lang='lat' dir='ltr'><strong>estis</strong></span> <span class='ocrx_word' id='word_1_142' title='bbox 1369 2092 1382 2116; x_wconf 94' lang='lat'><strong>,</strong></span> <span class='ocrx_word' id='word_1_143' title='bbox 1428 2058 1688 2117; x_wconf 84' lang='lat' dir='ltr'><strong>quotquot</strong></span> <span class='ocrx_word' id='word_1_144' title='bbox 1729 2063 1883 2116; x_wconf 81' lang='lat' dir='ltr'><strong>rcges</strong></span> <span class='ocrx_word' id='word_1_145' title='bbox 1921 2047 2149 2116; x_wconf 81' lang='lat' dir='ltr'><strong>stipatis.</strong></span> 
     </span>
    </p>
   </div>
   <div class='ocr_carea' id='block_1_20' title="bbox 559 2135 2145 2210">
    <p class='ocr_par' dir='ltr' id='par_1_20' title="bbox 559 2135 2145 2210">
     <span class='ocr_line' id='line_1_20' title="bbox 559 2135 2145 2210; baseline 0.003 -21"><span class='ocrx_word' id='word_1_146' title='bbox 559 2135 689 2190; x_wconf 80' lang='lat' dir='ltr'><strong>Pius</strong></span> <span class='ocrx_word' id='word_1_147' title='bbox 729 2149 855 2204; x_wconf 83' lang='lat' dir='ltr'><strong>erat,</strong></span> <span class='ocrx_word' id='word_1_148' title='bbox 892 2141 1080 2209; x_wconf 85' lang='lat' dir='ltr'><strong>inquit,</strong></span> <span class='ocrx_word' id='word_1_149' title='bbox 1125 2152 1171 2194; x_wconf 77' lang='lat' dir='ltr'><strong>et</strong></span> <span class='ocrx_word' id='word_1_150' title='bbox 1200 2145 1379 2195; x_wconf 75' lang='lat' dir='ltr'><strong>timens</strong></span> <span class='ocrx_word' id='word_1_151' title='bbox 1418 2139 1581 2193; x_wconf 80' lang='lat' dir='ltr'><strong>Deum</strong></span> <span class='ocrx_word' id='word_1_152' title='bbox 1613 2157 1630 2194; x_wconf 94' lang='lat'><strong><em>:</em></strong></span> <span class='ocrx_word' id='word_1_153' title='bbox 1659 2140 1908 2210; x_wconf 77' lang='lat' dir='ltr'><strong>quodque</strong></span> <span class='ocrx_word' id='word_1_154' title='bbox 1952 2139 2145 2206; x_wconf 88' lang='lat' dir='ltr'><strong>majus,</strong></span> 
     </span>
    </p>
   </div>
   <div class='ocr_carea' id='block_1_21' title="bbox 561 2231 2151 2288">
    <p class='ocr_par' dir='ltr' id='par_1_21' title="bbox 561 2231 2151 2288">
     <span class='ocr_line' id='line_1_21' title="bbox 561 2231 2151 2288; baseline 0.002 -7"><span class='ocrx_word' id='word_1_155' title='bbox 561 2231 679 2284; x_wconf 88' lang='lat' dir='ltr'><strong>talis</strong></span> <span class='ocrx_word' id='word_1_156' title='bbox 718 2241 833 2284; x_wconf 72' lang='lat' dir='ltr'><strong>erat</strong></span> <span class='ocrx_word' id='word_1_157' title='bbox 862 2231 986 2286; x_wconf 80' lang='lat' dir='ltr'><strong>Cum</strong></span> <span class='ocrx_word' id='word_1_158' title='bbox 1029 2235 1166 2286; x_wconf 79' lang='grc' dir='ltr'><strong>οηιηὶ</strong></span> <span class='ocrx_word' id='word_1_159' title='bbox 1195 2235 1350 2287; x_wconf 84' lang='lat' dir='ltr'><strong>domo</strong></span> <span class='ocrx_word' id='word_1_160' title='bbox 1377 2250 1492 2287; x_wconf 78' lang='lat' dir='ltr'><strong>sua.</strong></span> <span class='ocrx_word' id='word_1_161' title='bbox 1530 2233 1602 2288; x_wconf 81' lang='lat' dir='ltr'><strong>Ita</strong></span> <span class='ocrx_word' id='word_1_162' title='bbox 1644 2243 1759 2288; x_wconf 88' lang='lat' dir='ltr'><strong>erat</strong></span> <span class='ocrx_word' id='word_1_163' title='bbox 1801 2233 1923 2286; x_wconf 84' lang='lat' dir='ltr'><strong>huic</strong></span> <span class='ocrx_word' id='word_1_164' title='bbox 1964 2234 2036 2286; x_wconf 85' lang='lat' dir='ltr'><strong>rei</strong></span> <span class='ocrx_word' id='word_1_165' title='bbox 2071 2233 2151 2285; x_wconf 88' lang='lat' dir='ltr'><strong>in-</strong></span> 
     </span>
    </p>
   </div>
   <div class='ocr_carea' id='block_1_22' title="bbox 557 2325 2146 2394">
    <p class='ocr_par' dir='ltr' id='par_1_22' title="bbox 557 2325 2146 2394">
     <span class='ocr_line' id='line_1_22' title="bbox 557 2325 2146 2394; baseline 0.001 -19"><span class='ocrx_word' id='word_1_166' title='bbox 557 2332 752 2389; x_wconf 85' lang='lat' dir='ltr'><strong>tentus,</strong></span> <span class='ocrx_word' id='word_1_167' title='bbox 783 2337 837 2377; x_wconf 91' lang='lat' dir='ltr'><strong>ut</strong></span> <span class='ocrx_word' id='word_1_168' title='bbox 871 2340 973 2378; x_wconf 92' lang='lat' dir='ltr'><strong>non</strong></span> <span class='ocrx_word' id='word_1_169' title='bbox 1003 2327 1163 2380; x_wconf 88' lang='lat' dir='ltr'><strong>modo</strong></span> <span class='ocrx_word' id='word_1_170' title='bbox 1187 2342 1278 2380; x_wconf 88' lang='lat' dir='ltr'><strong>sua</strong></span> <span class='ocrx_word' id='word_1_171' title='bbox 1313 2327 1448 2380; x_wconf 83' lang='lat' dir='ltr'><strong>bene</strong></span> <span class='ocrx_word' id='word_1_172' title='bbox 1474 2327 1831 2394; x_wconf 84' lang='lat' dir='ltr'><strong>dispensaret,</strong></span> <span class='ocrx_word' id='word_1_173' title='bbox 1862 2325 1954 2380; x_wconf 88' lang='lat' dir='ltr'><strong>sed</strong></span> <span class='ocrx_word' id='word_1_174' title='bbox 1988 2326 2146 2380; x_wconf 90' lang='lat' dir='ltr'><strong>etiam</strong></span> 
     </span>
    </p>
   </div>
   <div class='ocr_carea' id='block_1_23' title="bbox 553 2414 2147 2490">
    <p class='ocr_par' dir='ltr' id='par_1_23' title="bbox 553 2414 2147 2490">
     <span class='ocr_line' id='line_1_23' title="bbox 553 2414 2147 2490; baseline 0.003 -22"><span class='ocrx_word' id='word_1_175' title='bbox 553 2414 607 2468; x_wconf 87' lang='lat' dir='ltr'><strong>in</strong></span> <span class='ocrx_word' id='word_1_176' title='bbox 641 2415 832 2471; x_wconf 90' lang='lat' dir='ltr'><strong>familia</strong></span> <span class='ocrx_word' id='word_1_177' title='bbox 865 2434 962 2473; x_wconf 88' lang='lat' dir='ltr'><strong>sua</strong></span> <span class='ocrx_word' id='word_1_178' title='bbox 993 2420 1220 2490; x_wconf 87' lang='lat' dir='ltr'><strong>idipsum</strong></span> <span class='ocrx_word' id='word_1_179' title='bbox 1253 2419 1472 2475; x_wconf 89' lang='lat' dir='ltr'><strong>faceret.</strong></span> <span class='ocrx_word' id='word_1_180' title='bbox 1499 2419 1612 2474; x_wconf 85' lang='lat' dir='ltr'><strong>Non</strong></span> <span class='ocrx_word' id='word_1_181' title='bbox 1640 2422 1781 2474; x_wconf 91' lang='lat' dir='ltr'><strong>enim</strong></span> <span class='ocrx_word' id='word_1_182' title='bbox 1820 2428 1877 2472; x_wconf 94' lang='lat' dir='ltr'><strong>ut</strong></span> <span class='ocrx_word' id='word_1_183' title='bbox 1905 2431 2024 2483; x_wconf 89' lang='lat' dir='ltr'><strong>nos,</strong></span> <span class='ocrx_word' id='word_1_184' title='bbox 2055 2417 2147 2488; x_wconf 91' lang='lat' dir='ltr'><strong>qui</strong></span> 
     </span>
    </p>
   </div>
   <div class='ocr_carea' id='block_1_24' title="bbox 553 2505 2145 2579">
    <p class='ocr_par' dir='ltr' id='par_1_24' title="bbox 553 2505 2145 2579">
     <span class='ocr_line' id='line_1_24' title="bbox 553 2505 2145 2579; baseline 0.003 -19"><span class='ocrx_word' id='word_1_185' title='bbox 553 2505 684 2560; x_wconf 84' lang='lat' dir='ltr'><strong>nihil</strong></span> <span class='ocrx_word' id='word_1_186' title='bbox 717 2525 820 2562; x_wconf 91' lang='lat' dir='ltr'><strong>non</strong></span> <span class='ocrx_word' id='word_1_187' title='bbox 861 2512 1088 2579; x_wconf 77' lang='lat' dir='ltr'><strong>agimus,</strong></span> <span class='ocrx_word' id='word_1_188' title='bbox 1121 2521 1178 2565; x_wconf 92' lang='lat' dir='ltr'><strong>ut</strong></span> <span class='ocrx_word' id='word_1_189' title='bbox 1205 2527 1302 2565; x_wconf 90' lang='lat' dir='ltr'><strong>nos</strong></span> <span class='ocrx_word' id='word_1_190' title='bbox 1341 2512 1568 2566; x_wconf 83' lang='lat' dir='ltr'><strong>ministri</strong></span> <span class='ocrx_word' id='word_1_191' title='bbox 1599 2512 1852 2574; x_wconf 89' lang='lat' dir='ltr'><strong>timeant;</strong></span> <span class='ocrx_word' id='word_1_192' title='bbox 1883 2518 1941 2564; x_wconf 92' lang='lat' dir='ltr'><strong>ut</strong></span> <span class='ocrx_word' id='word_1_193' title='bbox 1969 2519 2145 2564; x_wconf 89' lang='lat' dir='ltr'><strong>autem</strong></span> 
     </span>
    </p>
   </div>
   <div class='ocr_carea' id='block_1_25' title="bbox 555 2599 2148 2667">
    <p class='ocr_par' dir='ltr' id='par_1_25' title="bbox 555 2599 2148 2667">
     <span class='ocr_line' id='line_1_25' title="bbox 555 2599 2148 2667; baseline 0.002 -16"><span class='ocrx_word' id='word_1_194' title='bbox 555 2599 626 2666; x_wconf 86' lang='lat' dir='ltr'><strong>pii</strong></span> <span class='ocrx_word' id='word_1_195' title='bbox 660 2599 785 2664; x_wconf 91' lang='lat' dir='ltr'><strong>sint,</strong></span> <span class='ocrx_word' id='word_1_196' title='bbox 815 2617 919 2654; x_wconf 90' lang='lat' dir='ltr'><strong>non</strong></span> <span class='ocrx_word' id='word_1_197' title='bbox 953 2603 1102 2656; x_wconf 86' lang='lat' dir='ltr'><strong>item.</strong></span> <span class='ocrx_word' id='word_1_198' title='bbox 1134 2602 1233 2658; x_wconf 83' lang='lat' dir='ltr'><strong>Hie</strong></span> <span class='ocrx_word' id='word_1_199' title='bbox 1259 2619 1386 2658; x_wconf 89' lang='lat' dir='ltr'><strong>vero</strong></span> <span class='ocrx_word' id='word_1_200' title='bbox 1418 2619 1524 2658; x_wconf 91' lang='lat' dir='ltr'><strong>non</strong></span> <span class='ocrx_word' id='word_1_201' title='bbox 1570 2604 1666 2667; x_wconf 86' lang='lat' dir='ltr'><strong>sic,</strong></span> <span class='ocrx_word' id='word_1_202' title='bbox 1713 2602 1806 2656; x_wconf 88' lang='lat' dir='ltr'><strong>sed</strong></span> <span class='ocrx_word' id='word_1_203' title='bbox 1849 2618 1968 2656; x_wconf 87' lang='lat' dir='ltr'><strong>cum</strong></span> <span class='ocrx_word' id='word_1_204' title='bbox 2001 2603 2148 2656; x_wconf 92' lang='lat' dir='ltr'><strong>omni</strong></span> 
     </span>
    </p>
   </div>
   <div class='ocr_carea' id='block_1_26' title="bbox 554 2689 2148 2765">
    <p class='ocr_par' dir='ltr' id='par_1_26' title="bbox 554 2689 2148 2765">
     <span class='ocr_line' id='line_1_26' title="bbox 554 2689 2148 2765; baseline 0.002 -22"><span class='ocrx_word' id='word_1_205' title='bbox 554 2689 716 2745; x_wconf 88' lang='lat' dir='ltr'><strong>domo</strong></span> <span class='ocrx_word' id='word_1_206' title='bbox 738 2705 830 2745; x_wconf 88' lang='lat' dir='ltr'><strong>sua</strong></span> <span class='ocrx_word' id='word_1_207' title='bbox 864 2694 1026 2748; x_wconf 91' lang='lat' dir='ltr'><strong>Deum</strong></span> <span class='ocrx_word' id='word_1_208' title='bbox 1053 2695 1274 2750; x_wconf 82' lang='lat' dir='ltr'><strong>timebat</strong></span> <span class='ocrx_word' id='word_1_209' title='bbox 1305 2712 1318 2749; x_wconf 92' lang='lat'>:</span> <span class='ocrx_word' id='word_1_210' title='bbox 1354 2710 1453 2750; x_wconf 85' lang='lat' dir='ltr'><strong>nec</strong></span> <span class='ocrx_word' id='word_1_211' title='bbox 1481 2695 1644 2750; x_wconf 89' lang='lat' dir='ltr'><strong>modo</strong></span> <span class='ocrx_word' id='word_1_212' title='bbox 1668 2695 1818 2765; x_wconf 80' lang='lat' dir='ltr'><strong>quasi</strong></span> <span class='ocrx_word' id='word_1_213' title='bbox 1846 2694 2148 2748; x_wconf 78' lang='lat' dir='ltr'><strong>conaminis</strong></span> 
     </span>
    </p>
   </div>
   <div class='ocr_carea' id='block_1_27' title="bbox 555 2784 2148 2855">
    <p class='ocr_par' dir='ltr' id='par_1_27' title="bbox 555 2784 2148 2855">
     <span class='ocr_line' id='line_1_27' title="bbox 555 2784 2148 2855; baseline 0.004 -25"><span class='ocrx_word' id='word_1_214' title='bbox 555 2789 705 2847; x_wconf 85' lang='lat' dir='ltr'><strong>pater</strong></span> <span class='ocrx_word' id='word_1_215' title='bbox 733 2792 849 2837; x_wconf 89' lang='lat' dir='ltr'><strong>erat</strong></span> <span class='ocrx_word' id='word_1_216' title='bbox 874 2786 1112 2840; x_wconf 91' lang='lat' dir='ltr'><strong>omnium</strong></span> <span class='ocrx_word' id='word_1_217' title='bbox 1136 2786 1366 2855; x_wconf 87' lang='lat' dir='ltr'><strong>quicum</strong></span> <span class='ocrx_word' id='word_1_218' title='bbox 1401 2787 1515 2854; x_wconf 91' lang='lat' dir='ltr'><strong>ipso</strong></span> <span class='ocrx_word' id='word_1_219' title='bbox 1536 2796 1708 2851; x_wconf 87' lang='lat' dir='ltr'><strong>erant,</strong></span> <span class='ocrx_word' id='word_1_220' title='bbox 1741 2786 1834 2840; x_wconf 84' lang='lat' dir='ltr'><strong>sed</strong></span> <span class='ocrx_word' id='word_1_221' title='bbox 1865 2784 2027 2839; x_wconf 90' lang='lat' dir='ltr'><strong>etiam</strong></span> <span class='ocrx_word' id='word_1_222' title='bbox 2049 2786 2148 2837; x_wconf 87' lang='lat' dir='ltr'><strong>mi-</strong></span> 
     </span>
    </p>
   </div>
   <div class='ocr_carea' id='block_1_28' title="bbox 553 2871 2147 2947">
    <p class='ocr_par' dir='ltr' id='par_1_28' title="bbox 553 2871 2147 2947">
     <span class='ocr_line' id='line_1_28' title="bbox 553 2871 2147 2947; baseline 0.002 -22"><span class='ocrx_word' id='word_1_223' title='bbox 553 2871 702 2926; x_wconf 82' lang='lat' dir='ltr'><strong>litum</strong></span> <span class='ocrx_word' id='word_1_224' title='bbox 733 2889 974 2928; x_wconf 89' lang='lat' dir='ltr'><strong>suorum.</strong></span> <span class='ocrx_word' id='word_1_225' title='bbox 1023 2876 1178 2941; x_wconf 89' lang='lat' dir='ltr'><strong>Audi,</strong></span> <span class='ocrx_word' id='word_1_226' title='bbox 1229 2877 1355 2947; x_wconf 91' lang='lat' dir='ltr'><strong>quid</strong></span> <span class='ocrx_word' id='word_1_227' title='bbox 1402 2877 1545 2931; x_wconf 82' lang='lat' dir='ltr'><strong>aliud</strong></span> <span class='ocrx_word' id='word_1_228' title='bbox 1587 2877 1762 2933; x_wconf 83' lang='lat' dir='ltr'><strong>dicant</strong></span> <span class='ocrx_word' id='word_1_229' title='bbox 1795 2895 1807 2930; x_wconf 91' lang='lat'>:</span> <span class='ocrx_word' id='word_1_230' title='bbox 1844 2876 2147 2932; x_wconf 86' lang='lat' dir='ltr'><strong>necessario</strong></span> 
     </span>
    </p>
   </div>
   <div class='ocr_carea' id='block_1_29' title="bbox 553 2966 2147 3024">
    <p class='ocr_par' dir='ltr' id='par_1_29' title="bbox 553 2966 2147 3024">
     <span class='ocr_line' id='line_1_29' title="bbox 553 2966 2147 3024; baseline 0.002 -5"><span class='ocrx_word' id='word_1_231' title='bbox 553 2966 694 3020; x_wconf 83' lang='lat' dir='ltr'><strong>enim</strong></span> <span class='ocrx_word' id='word_1_232' title='bbox 755 2967 882 3022; x_wconf 78' lang='lat' dir='ltr'><strong>illud</strong></span> <span class='ocrx_word' id='word_1_233' title='bbox 929 2967 1142 3023; x_wconf 87' lang='lat' dir='ltr'><strong>additur</strong></span> <span class='ocrx_word' id='word_1_234' title='bbox 1187 2987 1200 3024; x_wconf 91' lang='lat'><strong>:</strong></span> <span class='ocrx_word' id='word_1_235' title='bbox 1252 2969 1614 3024; x_wconf 78' lang='lat' dir='ltr'><strong>Testimonium</strong></span> <span class='ocrx_word' id='word_1_236' title='bbox 1663 2969 1849 3024; x_wconf 79' lang='lat' dir='ltr'><strong>habens</strong></span> <span class='ocrx_word' id='word_1_237' title='bbox 1895 2971 1958 3024; x_wconf 81' lang='lat' dir='ltr'><strong>ab</strong></span> <span class='ocrx_word' id='word_1_238' title='bbox 2008 2971 2147 3024; x_wconf 83' lang='lat' dir='ltr'><strong>amni</strong></span> 
     </span>
    </p>
   </div>
   <div class='ocr_carea' id='block_1_30' title="bbox 553 3059 2147 3128">
    <p class='ocr_par' dir='ltr' id='par_1_30' title="bbox 553 3059 2147 3128">
     <span class='ocr_line' id='line_1_30' title="bbox 553 3059 2147 3128; baseline 0.004 -19"><span class='ocrx_word' id='word_1_239' title='bbox 553 3067 738 3123; x_wconf 82' lang='lat' dir='ltr'><strong>gente;</strong></span> <span class='ocrx_word' id='word_1_240' title='bbox 770 3073 835 3112; x_wconf 91' lang='lat' dir='ltr'><strong>ne</strong></span> <span class='ocrx_word' id='word_1_241' title='bbox 874 3060 992 3128; x_wconf 91' lang='lat' dir='ltr'><strong>quis</strong></span> <span class='ocrx_word' id='word_1_242' title='bbox 1021 3059 1266 3115; x_wconf 89' lang='lat' dir='ltr'><strong>diceret:</strong></span> <span class='ocrx_word' id='word_1_243' title='bbox 1295 3060 1453 3128; x_wconf 86' lang='lat' dir='ltr'><strong>Quid,</strong></span> <span class='ocrx_word' id='word_1_244' title='bbox 1505 3062 1548 3116; x_wconf 88' lang='lat' dir='ltr'><strong>si</strong></span> <span class='ocrx_word' id='word_1_245' title='bbox 1581 3061 1983 3116; x_wconf 89' lang='lat' dir='ltr'><strong>incircumcisus</strong></span> <span class='ocrx_word' id='word_1_246' title='bbox 2023 3063 2147 3119; x_wconf 73' lang='lat' dir='ltr'><strong>cet?</strong></span> 
     </span>
    </p>
   </div>
   <div class='ocr_carea' id='block_1_31' title="bbox 554 3147 2148 3231">
    <p class='ocr_par' dir='ltr' id='par_1_31' title="bbox 554 3147 2148 3231">
     <span class='ocr_line' id='line_1_31' title="bbox 554 3147 2148 3231; baseline 0.004 -29"><span class='ocrx_word' id='word_1_247' title='bbox 554 3148 619 3202; x_wconf 83' lang='lat' dir='ltr'><strong>Et</strong></span> <span class='ocrx_word' id='word_1_248' title='bbox 644 3147 833 3212; x_wconf 72' lang='lat' dir='ltr'><strong>Judzei,</strong></span> <span class='ocrx_word' id='word_1_249' title='bbox 868 3150 1055 3220; x_wconf 83' lang='lat' dir='ltr'><strong>inquit,</strong></span> <span class='ocrx_word' id='word_1_250' title='bbox 1090 3151 1442 3231; x_wconf 76' lang='lat' dir='ltr'><strong>testiﬁcantur</strong></span> <span class='ocrx_word' id='word_1_251' title='bbox 1462 3153 1531 3208; x_wconf 94' lang='lat' dir='ltr'><strong>ei.</strong></span> <span class='ocrx_word' id='word_1_252' title='bbox 1563 3152 1705 3223; x_wconf 83' lang='lat' dir='ltr'><strong>Ergo</strong></span> <span class='ocrx_word' id='word_1_253' title='bbox 1728 3153 1858 3205; x_wconf 89' lang='lat' dir='ltr'><strong>nihil</strong></span> <span class='ocrx_word' id='word_1_254' title='bbox 1888 3169 1985 3222; x_wconf 91' lang='lat' dir='ltr'><strong>par</strong></span> <span class='ocrx_word' id='word_1_255' title='bbox 2005 3154 2148 3209; x_wconf 85' lang='lat' dir='ltr'><strong>elec-</strong></span> 
     </span>
    </p>
   </div>
   <div class='ocr_carea' id='block_1_32' title="bbox 553 3245 2147 3316">
    <p class='ocr_par' dir='ltr' id='par_1_32' title="bbox 553 3245 2147 3316">
     <span class='ocr_line' id='line_1_32' title="bbox 553 3245 2147 3316; baseline 0.003 -22"><span class='ocrx_word' id='word_1_256' title='bbox 553 3255 791 3312; x_wconf 78' lang='lat' dir='ltr'><strong>mosyna:</strong></span> <span class='ocrx_word' id='word_1_257' title='bbox 829 3245 972 3298; x_wconf 91' lang='lat' dir='ltr'><strong>:imo</strong></span> <span class='ocrx_word' id='word_1_258' title='bbox 1004 3252 1146 3297; x_wconf 88' lang='lat' dir='ltr'><strong>tanta</strong></span> <span class='ocrx_word' id='word_1_259' title='bbox 1175 3245 1250 3298; x_wconf 88' lang='lat' dir='ltr'><strong>rei</strong></span> <span class='ocrx_word' id='word_1_260' title='bbox 1285 3246 1361 3298; x_wconf 89' lang='lat' dir='ltr'><strong>vis</strong></span> <span class='ocrx_word' id='word_1_261' title='bbox 1391 3254 1494 3310; x_wconf 86' lang='lat' dir='ltr'><strong>est,</strong></span> <span class='ocrx_word' id='word_1_262' title='bbox 1528 3245 1741 3314; x_wconf 76' lang='lat' dir='ltr'><strong>quando</strong></span> <span class='ocrx_word' id='word_1_263' title='bbox 1770 3259 1834 3299; x_wconf 81' lang='lat' dir='ltr'><strong>ex</strong></span> <span class='ocrx_word' id='word_1_264' title='bbox 1876 3245 2147 3316; x_wconf 90' lang='lat' dir='ltr'><strong>pennariis</strong></span> 
     </span>
    </p>
   </div>
   <div class='ocr_carea' id='block_1_33' title="bbox 555 3338 2148 3410">
    <p class='ocr_par' dir='ltr' id='par_1_33' title="bbox 555 3338 2148 3410">
     <span class='ocr_line' id='line_1_33' title="bbox 555 3338 2148 3410; baseline 0.003 -20"><span class='ocrx_word' id='word_1_265' title='bbox 555 3338 700 3405; x_wconf 88' lang='lat' dir='ltr'><strong>puris</strong></span> <span class='ocrx_word' id='word_1_266' title='bbox 723 3339 1080 3407; x_wconf 84' lang='lat' dir='ltr'><strong>proluuditur.</strong></span> <span class='ocrx_word' id='word_1_267' title='bbox 1114 3351 1172 3394; x_wconf 89' lang='lat' dir='ltr'><strong>ut</strong></span> <span class='ocrx_word' id='word_1_268' title='bbox 1209 3355 1294 3401; x_wconf 86' lang='lat' dir='ltr'><strong>ea.</strong></span> <span class='ocrx_word' id='word_1_269' title='bbox 1331 3357 1450 3410; x_wconf 65' lang='lat' dir='ltr'><strong>quae</strong></span> <span class='ocrx_word' id='word_1_270' title='bbox 1481 3357 1546 3394; x_wconf 80' lang='lat' dir='ltr'><strong>ex</strong></span> <span class='ocrx_word' id='word_1_271' title='bbox 1589 3340 1784 3408; x_wconf 86' lang='lat' dir='ltr'><strong>injuste</strong></span> <span class='ocrx_word' id='word_1_272' title='bbox 1825 3341 1990 3404; x_wconf 87' lang='lat' dir='ltr'><strong>partis</strong></span> <span class='ocrx_word' id='word_1_273' title='bbox 2033 3355 2148 3395; x_wconf 63' lang='lat' dir='ltr'><strong>mae</strong></span> 
     </span>
    </p>
   </div>
   <div class='ocr_carea' id='block_1_34' title="bbox 555 3433 2146 3504">
    <p class='ocr_par' dir='ltr' id='par_1_34' title="bbox 555 3433 2146 3504">
     <span class='ocr_line' id='line_1_34' title="bbox 555 3433 2146 3504; baseline 0.003 -21"><span class='ocrx_word' id='word_1_274' title='bbox 555 3441 702 3492; x_wconf 83' lang='lat' dir='ltr'><strong>nant,</strong></span> <span class='ocrx_word' id='word_1_275' title='bbox 736 3434 925 3488; x_wconf 86' lang='lat' dir='ltr'><strong>similia</strong></span> <span class='ocrx_word' id='word_1_276' title='bbox 958 3433 1067 3488; x_wconf 90' lang='lat' dir='ltr'><strong>sint</strong></span> <span class='ocrx_word' id='word_1_277' title='bbox 1091 3433 1219 3488; x_wconf 80' lang='lat' dir='ltr'><strong>fonti</strong></span> <span class='ocrx_word' id='word_1_278' title='bbox 1249 3434 1417 3487; x_wconf 90' lang='lat' dir='ltr'><strong>lutum</strong></span> <span class='ocrx_word' id='word_1_279' title='bbox 1450 3433 1713 3488; x_wconf 89' lang='lat' dir='ltr'><strong>cmittenti</strong></span> <span class='ocrx_word' id='word_1_280' title='bbox 1739 3450 1753 3497; x_wconf 89' lang='lat'><strong>;</strong></span> <span class='ocrx_word' id='word_1_281' title='bbox 1782 3449 1900 3504; x_wconf 70' lang='lat' dir='ltr'><strong>qua:</strong></span> <span class='ocrx_word' id='word_1_282' title='bbox 1927 3449 2054 3488; x_wconf 85' lang='lat' dir='ltr'><strong>vero</strong></span> <span class='ocrx_word' id='word_1_283' title='bbox 2080 3450 2146 3488; x_wconf 79' lang='lat' dir='ltr'><strong>ex</strong></span> 
     </span>
    </p>
   </div>
   <div class='ocr_carea' id='block_1_35' title="bbox 550 3527 2146 3598">
    <p class='ocr_par' dir='ltr' id='par_1_35' title="bbox 550 3527 2146 3598">
     <span class='ocr_line' id='line_1_35' title="bbox 550 3527 2146 3598; baseline 0.003 -23"><span class='ocrx_word' id='word_1_284' title='bbox 550 3530 693 3598; x_wconf 77' lang='lat' dir='ltr'><strong>jnste</strong></span> <span class='ocrx_word' id='word_1_285' title='bbox 725 3529 905 3596; x_wconf 87' lang='lat' dir='ltr'><strong>partis,</strong></span> <span class='ocrx_word' id='word_1_286' title='bbox 935 3527 1091 3582; x_wconf 84' lang='lat' dir='ltr'><strong>alveo</strong></span> <span class='ocrx_word' id='word_1_287' title='bbox 1121 3528 1345 3596; x_wconf 88' lang='lat' dir='ltr'><strong>limpido</strong></span> <span class='ocrx_word' id='word_1_288' title='bbox 1376 3535 1430 3583; x_wconf 89' lang='lat' dir='ltr'><strong>et</strong></span> <span class='ocrx_word' id='word_1_289' title='bbox 1465 3543 1618 3596; x_wconf 78' lang='lat' dir='ltr'><strong>puro,</strong></span> <span class='ocrx_word' id='word_1_290' title='bbox 1655 3529 1704 3580; x_wconf 92' lang='lat' dir='ltr'><strong>in</strong></span> <span class='ocrx_word' id='word_1_291' title='bbox 1746 3528 1994 3598; x_wconf 82' lang='lat' dir='ltr'><strong>paradiso</strong></span> <span class='ocrx_word' id='word_1_292' title='bbox 2027 3543 2146 3581; x_wconf 82' lang='lat' dir='ltr'><strong>ma-</strong></span> 
     </span>
    </p>
   </div>
   <div class='ocr_carea' id='block_1_36' title="bbox 553 3619 2147 3688">
    <p class='ocr_par' dir='ltr' id='par_1_36' title="bbox 553 3619 2147 3688">
     <span class='ocr_line' id='line_1_36' title="bbox 553 3619 2147 3688; baseline 0.001 -16"><span class='ocrx_word' id='word_1_293' title='bbox 553 3620 720 3683; x_wconf 87' lang='lat' dir='ltr'><strong>nanti,</strong></span> <span class='ocrx_word' id='word_1_294' title='bbox 754 3619 841 3688; x_wconf 91' lang='lat' dir='ltr'><strong>qui</strong></span> <span class='ocrx_word' id='word_1_295' title='bbox 881 3619 1057 3673; x_wconf 83' lang='lat' dir='ltr'><strong>suavis</strong></span> <span class='ocrx_word' id='word_1_296' title='bbox 1101 3620 1238 3683; x_wconf 91' lang='lat' dir='ltr'><strong>visu,</strong></span> <span class='ocrx_word' id='word_1_297' title='bbox 1279 3623 1457 3674; x_wconf 82' lang='lat' dir='ltr'><strong>suavis</strong></span> <span class='ocrx_word' id='word_1_298' title='bbox 1491 3629 1545 3672; x_wconf 92' lang='lat' dir='ltr'><strong>et</strong></span> <span class='ocrx_word' id='word_1_299' title='bbox 1576 3628 1738 3684; x_wconf 88' lang='lat' dir='ltr'><strong>tactu,</strong></span> <span class='ocrx_word' id='word_1_300' title='bbox 1771 3619 1897 3688; x_wconf 93' lang='lat' dir='ltr'><strong>quid</strong></span> <span class='ocrx_word' id='word_1_301' title='bbox 1943 3619 2061 3674; x_wconf 88' lang='lat' dir='ltr'><strong>lene</strong></span> <span class='ocrx_word' id='word_1_302' title='bbox 2091 3627 2147 3673; x_wconf 89' lang='lat' dir='ltr'><strong>et</strong></span> 
     </span>
    </p>
   </div>
   <div class='ocr_carea' id='block_1_37' title="bbox 551 3709 2144 3781">
    <p class='ocr_par' dir='ltr' id='par_1_37' title="bbox 551 3709 2144 3781">
     <span class='ocr_line' id='line_1_37' title="bbox 551 3709 2144 3781; baseline -0.001 -16"><span class='ocrx_word' id='word_1_303' title='bbox 551 3709 800 3778; x_wconf 82' lang='lat' dir='ltr'><strong>frigidum</strong></span> <span class='ocrx_word' id='word_1_304' title='bbox 828 3709 961 3763; x_wconf 88' lang='lat' dir='ltr'><strong>dans</strong></span> <span class='ocrx_word' id='word_1_305' title='bbox 996 3710 1046 3763; x_wconf 94' lang='lat' dir='ltr'><strong>in</strong></span> <span class='ocrx_word' id='word_1_306' title='bbox 1075 3709 1319 3764; x_wconf 86' lang='lat' dir='ltr'><strong>meridie.</strong></span> <span class='ocrx_word' id='word_1_307' title='bbox 1351 3710 1437 3765; x_wconf 77' lang='lat' dir='ltr'><strong>Sic</strong></span> <span class='ocrx_word' id='word_1_308' title='bbox 1463 3719 1546 3765; x_wconf 91' lang='lat' dir='ltr'><strong>est</strong></span> <span class='ocrx_word' id='word_1_309' title='bbox 1579 3717 1632 3763; x_wconf 85' lang='lat' dir='ltr'><strong>et</strong></span> <span class='ocrx_word' id='word_1_310' title='bbox 1659 3710 2022 3781; x_wconf 82' lang='lat' dir='ltr'><strong>eleemosyna.</strong></span> <span class='ocrx_word' id='word_1_311' title='bbox 2064 3710 2144 3764; x_wconf 87' lang='lat' dir='ltr'><strong>Ad</strong></span> 
     </span>
    </p>
   </div>
   <div class='ocr_carea' id='block_1_38' title="bbox 555 3802 2146 3872">
    <p class='ocr_par' dir='ltr' id='par_1_38' title="bbox 555 3802 2146 3872">
     <span class='ocr_line' id='line_1_38' title="bbox 555 3802 2146 3872; baseline 0 -14"><span class='ocrx_word' id='word_1_312' title='bbox 555 3803 697 3858; x_wconf 85' lang='lat' dir='ltr'><strong>hunc</strong></span> <span class='ocrx_word' id='word_1_313' title='bbox 725 3802 922 3857; x_wconf 90' lang='lat' dir='ltr'><strong>fontem</strong></span> <span class='ocrx_word' id='word_1_314' title='bbox 957 3803 1282 3872; x_wconf 84' lang='lat' dir='ltr'><strong>non-populi</strong></span> <span class='ocrx_word' id='word_1_315' title='bbox 1326 3804 1564 3866; x_wconf 83' lang='lat' dir='ltr'><strong>arbores,</strong></span> <span class='ocrx_word' id='word_1_316' title='bbox 1596 3819 1700 3858; x_wconf 93' lang='lat' dir='ltr'><strong>non</strong></span> <span class='ocrx_word' id='word_1_317' title='bbox 1734 3803 1863 3872; x_wconf 84' lang='lat' dir='ltr'><strong>pini,</strong></span> <span class='ocrx_word' id='word_1_318' title='bbox 1903 3818 2010 3858; x_wconf 91' lang='lat' dir='ltr'><strong>non</strong></span> <span class='ocrx_word' id='word_1_319' title='bbox 2053 3819 2146 3858; x_wconf 86' lang='lat' dir='ltr'><strong>cu-</strong></span> 
     </span>
    </p>
   </div>
   <div class='ocr_carea' id='block_1_39' title="bbox 551 3893 2144 3964">
    <p class='ocr_par' dir='ltr' id='par_1_39' title="bbox 551 3893 2144 3964">
     <span class='ocr_line' id='line_1_39' title="bbox 551 3893 2144 3964; baseline 0.003 -18"><span class='ocrx_word' id='word_1_320' title='bbox 551 3894 748 3963; x_wconf 85' lang='lat' dir='ltr'><strong>pressi,</strong></span> <span class='ocrx_word' id='word_1_321' title='bbox 773 3893 866 3947; x_wconf 88' lang='lat' dir='ltr'><strong>sed</strong></span> <span class='ocrx_word' id='word_1_322' title='bbox 899 3893 1092 3962; x_wconf 73' lang='lat' dir='ltr'><strong>planta:</strong></span> <span class='ocrx_word' id='word_1_323' title='bbox 1122 3894 1225 3947; x_wconf 87' lang='lat' dir='ltr'><strong>illis</strong></span> <span class='ocrx_word' id='word_1_324' title='bbox 1255 3893 1409 3961; x_wconf 79' lang='lat' dir='ltr'><strong>longe</strong></span> <span class='ocrx_word' id='word_1_325' title='bbox 1441 3894 1690 3948; x_wconf 89' lang='lat' dir='ltr'><strong>meliores</strong></span> <span class='ocrx_word' id='word_1_326' title='bbox 1729 3903 1783 3949; x_wconf 91' lang='lat' dir='ltr'><strong>et</strong></span> <span class='ocrx_word' id='word_1_327' title='bbox 1812 3895 2144 3964; x_wconf 90' lang='lat' dir='ltr'><strong>proceriores</strong></span> 
     </span>
    </p>
   </div>
   <div class='ocr_carea' id='block_1_40' title="bbox 553 3985 2143 4057">
    <p class='ocr_par' dir='ltr' id='par_1_40' title="bbox 553 3985 2143 4057">
     <span class='ocr_line' id='line_1_40' title="bbox 553 3985 2143 4057; baseline 0.004 -19"><span class='ocrx_word' id='word_1_328' title='bbox 553 3993 676 4038; x_wconf 81' lang='lat' dir='ltr'><strong>sunt</strong></span> <span class='ocrx_word' id='word_1_329' title='bbox 707 4000 720 4036; x_wconf 89' lang='lat'><strong>:</strong></span> <span class='ocrx_word' id='word_1_330' title='bbox 751 3999 905 4039; x_wconf 87' lang='lat' dir='ltr'><strong>amor</strong></span> <span class='ocrx_word' id='word_1_331' title='bbox 933 3985 1045 4048; x_wconf 79' lang='lat' dir='ltr'><strong>Dei,</strong></span> <span class='ocrx_word' id='word_1_332' title='bbox 1081 3986 1198 4040; x_wconf 88' lang='lat' dir='ltr'><strong>laus</strong></span> <span class='ocrx_word' id='word_1_333' title='bbox 1223 3985 1522 4051; x_wconf 89' lang='lat' dir='ltr'><strong>hominum,</strong></span> <span class='ocrx_word' id='word_1_334' title='bbox 1550 3987 1717 4057; x_wconf 78' lang='lat' dir='ltr'><strong>gloria</strong></span> <span class='ocrx_word' id='word_1_335' title='bbox 1749 3989 1800 4040; x_wconf 93' lang='lat' dir='ltr'><strong>in</strong></span> <span class='ocrx_word' id='word_1_336' title='bbox 1824 3989 2018 4053; x_wconf 88' lang='lat' dir='ltr'><strong>Deum,</strong></span> <span class='ocrx_word' id='word_1_337' title='bbox 2048 3989 2143 4044; x_wconf 89' lang='lat' dir='ltr'><strong>be-</strong></span> 
     </span>
    </p>
   </div>
   <div class='ocr_carea' id='block_1_41' title="bbox 553 4073 2142 4146">
    <p class='ocr_par' dir='ltr' id='par_1_41' title="bbox 553 4073 2142 4146">
     <span class='ocr_line' id='line_1_41' title="bbox 553 4073 2142 4146; baseline 0.005 -20"><span class='ocrx_word' id='word_1_338' title='bbox 553 4073 850 4128; x_wconf 86' lang='lat' dir='ltr'><strong>nevolentia</strong></span> <span class='ocrx_word' id='word_1_339' title='bbox 902 4077 1182 4143; x_wconf 89' lang='lat' dir='ltr'><strong>omnium,</strong></span> <span class='ocrx_word' id='word_1_340' title='bbox 1236 4088 1578 4146; x_wconf 84' lang='lat' dir='ltr'><strong>peccatorum</strong></span> <span class='ocrx_word' id='word_1_341' title='bbox 1633 4078 1888 4145; x_wconf 79' lang='lat' dir='ltr'><strong>abolitio,</strong></span> <span class='ocrx_word' id='word_1_342' title='bbox 1952 4079 2142 4134; x_wconf 84' lang='lat' dir='ltr'><strong>ﬁducia</strong></span> 
     </span>
    </p>
   </div>
   <div class='ocr_carea' id='block_1_42' title="bbox 553 4168 2146 4242">
    <p class='ocr_par' dir='ltr' id='par_1_42' title="bbox 553 4168 2146 4242">
     <span class='ocr_line' id='line_1_42' title="bbox 553 4168 2146 4242; baseline 0.003 -21"><span class='ocrx_word' id='word_1_343' title='bbox 553 4168 742 4232; x_wconf 86' lang='lat' dir='ltr'><strong>multa,</strong></span> <span class='ocrx_word' id='word_1_344' title='bbox 771 4185 930 4237; x_wconf 90' lang='lat' dir='ltr'><strong>opum</strong></span> <span class='ocrx_word' id='word_1_345' title='bbox 956 4179 1321 4240; x_wconf 86' lang='lat' dir='ltr'><strong>contemptus,</strong></span> <span class='ocrx_word' id='word_1_346' title='bbox 1351 4172 1712 4242; x_wconf 80' lang='lat' dir='ltr'><strong>eleemosyna,</strong></span> <span class='ocrx_word' id='word_1_347' title='bbox 1747 4187 1841 4241; x_wconf 91' lang='lat' dir='ltr'><strong>per</strong></span> <span class='ocrx_word' id='word_1_348' title='bbox 1868 4187 2025 4240; x_wconf 88' lang='lat' dir='ltr'><strong>quam</strong></span> <span class='ocrx_word' id='word_1_349' title='bbox 2057 4187 2146 4226; x_wconf 83' lang='lat' dir='ltr'><strong>ca-</strong></span> 
     </span>
    </p>
   </div>
   <div class='ocr_carea' id='block_1_43' title="bbox 553 4260 2145 4329">
    <p class='ocr_par' dir='ltr' id='par_1_43' title="bbox 553 4260 2145 4329">
     <span class='ocr_line' id='line_1_43' title="bbox 553 4260 2145 4329; baseline 0.006 -15"><span class='ocrx_word' id='word_1_350' title='bbox 553 4260 729 4314; x_wconf 87' lang='lat' dir='ltr'><strong>ritatis</strong></span> <span class='ocrx_word' id='word_1_351' title='bbox 754 4261 933 4329; x_wconf 84' lang='lat' dir='ltr'><strong>planta</strong></span> <span class='ocrx_word' id='word_1_352' title='bbox 963 4265 1216 4318; x_wconf 88' lang='lat' dir='ltr'><strong>nutritur.</strong></span> <span class='ocrx_word' id='word_1_353' title='bbox 1245 4264 1386 4319; x_wconf 83' lang='lat' dir='ltr'><strong>Nihil</strong></span> <span class='ocrx_word' id='word_1_354' title='bbox 1413 4266 1554 4320; x_wconf 90' lang='lat' dir='ltr'><strong>enim</strong></span> <span class='ocrx_word' id='word_1_355' title='bbox 1580 4267 1658 4320; x_wconf 90' lang='lat' dir='ltr'><strong>sic</strong></span> <span class='ocrx_word' id='word_1_356' title='bbox 1693 4266 1969 4320; x_wconf 87' lang='lat' dir='ltr'><strong>caritatem</strong></span> <span class='ocrx_word' id='word_1_357' title='bbox 1997 4267 2145 4323; x_wconf 87' lang='lat' dir='ltr'><strong>alere</strong></span> 
     </span>
    </p>
   </div>
   <div class='ocr_carea' id='block_1_44' title="bbox 553 4351 2144 4423">
    <p class='ocr_par' dir='ltr' id='par_1_44' title="bbox 553 4351 2144 4423">
     <span class='ocr_line' id='line_1_44' title="bbox 553 4351 2144 4423; baseline 0.006 -19"><span class='ocrx_word' id='word_1_358' title='bbox 553 4351 711 4416; x_wconf 90' lang='lat' dir='ltr'><strong>solet,</strong></span> <span class='ocrx_word' id='word_1_359' title='bbox 747 4363 801 4405; x_wconf 92' lang='lat' dir='ltr'><strong>ut</strong></span> <span class='ocrx_word' id='word_1_360' title='bbox 825 4353 866 4406; x_wconf 94' lang='lat' dir='ltr'><strong>si</strong></span> <span class='ocrx_word' id='word_1_361' title='bbox 895 4354 1013 4423; x_wconf 87' lang='lat' dir='ltr'><strong>quis</strong></span> <span class='ocrx_word' id='word_1_362' title='bbox 1045 4355 1349 4410; x_wconf 89' lang='lat' dir='ltr'><strong>misericors</strong></span> <span class='ocrx_word' id='word_1_363' title='bbox 1396 4355 1574 4411; x_wconf 87' lang='lat' dir='ltr'><strong>fuerit.</strong></span> <span class='ocrx_word' id='word_1_364' title='bbox 1617 4351 1742 4412; x_wconf 60' lang='lat' dir='ltr'><strong>Hice</strong></span> <span class='ocrx_word' id='word_1_365' title='bbox 1774 4374 1952 4412; x_wconf 87' lang='lat' dir='ltr'><strong>ramos</strong></span> <span class='ocrx_word' id='word_1_366' title='bbox 1984 4361 2034 4413; x_wconf 92' lang='lat' dir='ltr'><strong>in</strong></span> <span class='ocrx_word' id='word_1_367' title='bbox 2063 4361 2144 4414; x_wconf 86' lang='lat' dir='ltr'><strong>al-</strong></span> 
     </span>
    </p>
   </div>
   <div class='ocr_carea' id='block_1_45' title="bbox 553 4443 2145 4520">
    <p class='ocr_par' dir='ltr' id='par_1_45' title="bbox 553 4443 2145 4520">
     <span class='ocr_line' id='line_1_45' title="bbox 553 4443 2145 4520; baseline 0.007 -24"><span class='ocrx_word' id='word_1_368' title='bbox 553 4452 663 4496; x_wconf 89' lang='lat' dir='ltr'><strong>tum</strong></span> <span class='ocrx_word' id='word_1_369' title='bbox 697 4443 855 4513; x_wconf 78' lang='lat' dir='ltr'><strong>erigit</strong></span> <span class='ocrx_word' id='word_1_370' title='bbox 883 4462 896 4497; x_wconf 87' lang='lat'><strong><em>:</em></strong></span> <span class='ocrx_word' id='word_1_371' title='bbox 928 4444 1014 4500; x_wconf 93' lang='lat' dir='ltr'><strong>hic</strong></span> <span class='ocrx_word' id='word_1_372' title='bbox 1047 4446 1235 4500; x_wconf 89' lang='lat' dir='ltr'><strong>melior</strong></span> <span class='ocrx_word' id='word_1_373' title='bbox 1265 4446 1384 4501; x_wconf 88' lang='lat' dir='ltr'><strong>fons</strong></span> <span class='ocrx_word' id='word_1_374' title='bbox 1421 4457 1506 4502; x_wconf 90' lang='lat' dir='ltr'><strong>est</strong></span> <span class='ocrx_word' id='word_1_375' title='bbox 1535 4449 1646 4509; x_wconf 79' lang='lat' dir='ltr'><strong>illo,</strong></span> <span class='ocrx_word' id='word_1_376' title='bbox 1679 4451 1766 4516; x_wconf 86' lang='lat' dir='ltr'><strong>qui</strong></span> <span class='ocrx_word' id='word_1_377' title='bbox 1814 4451 1863 4504; x_wconf 90' lang='lat' dir='ltr'><strong>in</strong></span> <span class='ocrx_word' id='word_1_378' title='bbox 1897 4451 2145 4520; x_wconf 85' lang='lat' dir='ltr'><strong>paradiso</strong></span> 
     </span>
    </p>
   </div>
   <div class='ocr_carea' id='block_1_46' title="bbox 553 4539 2142 4610">
    <p class='ocr_par' dir='ltr' id='par_1_46' title="bbox 553 4539 2142 4610">
     <span class='ocr_line' id='line_1_46' title="bbox 553 4539 2142 4610; baseline 0.005 -20"><span class='ocrx_word' id='word_1_379' title='bbox 553 4545 690 4602; x_wconf 89' lang='lat' dir='ltr'><strong>erat,</strong></span> <span class='ocrx_word' id='word_1_380' title='bbox 724 4554 827 4592; x_wconf 90' lang='lat' dir='ltr'><strong>non</strong></span> <span class='ocrx_word' id='word_1_381' title='bbox 875 4539 927 4593; x_wconf 92' lang='lat' dir='ltr'><strong>in</strong></span> <span class='ocrx_word' id='word_1_382' title='bbox 969 4551 1202 4609; x_wconf 87' lang='lat' dir='ltr'><strong>quatuor</strong></span> <span class='ocrx_word' id='word_1_383' title='bbox 1238 4542 1412 4610; x_wconf 86' lang='lat' dir='ltr'><strong>capita</strong></span> <span class='ocrx_word' id='word_1_384' title='bbox 1445 4541 1667 4602; x_wconf 78' lang='lat' dir='ltr'><strong>divisus.</strong></span> <span class='ocrx_word' id='word_1_385' title='bbox 1709 4543 1801 4596; x_wconf 93' lang='lat' dir='ltr'><strong>sed</strong></span> <span class='ocrx_word' id='word_1_386' title='bbox 1843 4544 1907 4597; x_wconf 89' lang='lat' dir='ltr'><strong>ad</strong></span> <span class='ocrx_word' id='word_1_387' title='bbox 1954 4545 2142 4598; x_wconf 61' lang='lat' dir='ltr'><strong>uelum</strong></span> 
     </span>
    </p>
   </div>
   <div class='ocr_carea' id='block_1_47' title="bbox 553 4627 2142 4701">
    <p class='ocr_par' dir='ltr' id='par_1_47' title="bbox 553 4627 2142 4701">
     <span class='ocr_line' id='line_1_47' title="bbox 553 4627 2142 4701; baseline 0.005 -21"><span class='ocrx_word' id='word_1_388' title='bbox 553 4627 723 4698; x_wconf 90' lang='lat' dir='ltr'><strong>ipsum</strong></span> <span class='ocrx_word' id='word_1_389' title='bbox 756 4630 1065 4699; x_wconf 83' lang='lat' dir='ltr'><strong>pertingens</strong></span> <span class='ocrx_word' id='word_1_390' title='bbox 1093 4648 1107 4684; x_wconf 93' lang='lat'>:</span> <span class='ocrx_word' id='word_1_391' title='bbox 1145 4631 1228 4685; x_wconf 91' lang='lat' dir='ltr'><strong>hic</strong></span> <span class='ocrx_word' id='word_1_392' title='bbox 1257 4631 1394 4701; x_wconf 74' lang='lat' dir='ltr'><strong>pauit</strong></span> <span class='ocrx_word' id='word_1_393' title='bbox 1423 4632 1640 4686; x_wconf 89' lang='lat' dir='ltr'><strong>ﬂuvium</strong></span> <span class='ocrx_word' id='word_1_394' title='bbox 1682 4633 1825 4686; x_wconf 90' lang='lat' dir='ltr'><strong>illum</strong></span> <span class='ocrx_word' id='word_1_395' title='bbox 1865 4635 2142 4689; x_wconf 89' lang='lat' dir='ltr'><strong>salientem</strong></span> 
     </span>
    </p>
   </div>
   <div class='ocr_carea' id='block_1_48' title="bbox 561 4720 2146 4794">
    <p class='ocr_par' dir='ltr' id='par_1_48' title="bbox 561 4720 2146 4794">
     <span class='ocr_line' id='line_1_48' title="bbox 561 4720 2146 4794; baseline 0.006 -22"><span class='ocrx_word' id='word_1_396' title='bbox 561 4720 614 4772; x_wconf 83' lang='lat' dir='ltr'><strong>in</strong></span> <span class='ocrx_word' id='word_1_397' title='bbox 640 4720 797 4773; x_wconf 85' lang='lat' dir='ltr'><strong>vitam</strong></span> <span class='ocrx_word' id='word_1_398' title='bbox 826 4732 1078 4776; x_wconf 77' lang='lat' dir='ltr'><strong>mternam</strong></span> <span class='ocrx_word' id='word_1_399' title='bbox 1105 4723 1286 4788; x_wconf 84' lang='lat' dir='ltr'><strong>(Joan.</strong></span> <span class='ocrx_word' id='word_1_400' title='bbox 1316 4724 1368 4777; x_wconf 81' lang='grc'><strong>4.</strong></span> <span class='ocrx_word' id='word_1_401' title='bbox 1405 4723 1491 4794; x_wconf 72' lang='grc' dir='ltr'><strong>Μ)</strong></span> <span class='ocrx_word' id='word_1_402' title='bbox 1524 4743 1535 4777; x_wconf 91' lang='lat'><strong>:</strong></span> <span class='ocrx_word' id='word_1_403' title='bbox 1571 4725 1622 4777; x_wconf 90' lang='lat' dir='ltr'><strong>in</strong></span> <span class='ocrx_word' id='word_1_404' title='bbox 1665 4725 1806 4779; x_wconf 87' lang='lat' dir='ltr'><strong>huoc</strong></span> <span class='ocrx_word' id='word_1_405' title='bbox 1837 4742 1982 4779; x_wconf 80' lang='lat' dir='ltr'><strong>mors</strong></span> <span class='ocrx_word' id='word_1_406' title='bbox 2014 4727 2146 4781; x_wconf 87' lang='lat' dir='ltr'><strong>inci-</strong></span> 
     </span>
    </p>
   </div>
   <div class='ocr_carea' id='block_1_49' title="bbox 554 4810 2146 4880">
    <p class='ocr_par' dir='ltr' id='par_1_49' title="bbox 554 4810 2146 4880">
     <span class='ocr_line' id='line_1_49' title="bbox 554 4810 2146 4880; baseline 0.005 -16"><span class='ocrx_word' id='word_1_407' title='bbox 554 4810 710 4870; x_wconf 84' lang='lat' dir='ltr'><strong>dens.</strong></span> <span class='ocrx_word' id='word_1_408' title='bbox 734 4813 882 4880; x_wconf 91' lang='lat' dir='ltr'><strong>quasi</strong></span> <span class='ocrx_word' id='word_1_409' title='bbox 911 4815 1139 4866; x_wconf 80' lang='lat' dir='ltr'><strong>scintilla</strong></span> <span class='ocrx_word' id='word_1_410' title='bbox 1163 4815 1461 4869; x_wconf 89' lang='lat' dir='ltr'><strong>absumitur</strong></span> <span class='ocrx_word' id='word_1_411' title='bbox 1486 4834 1514 4870; x_wconf 75' lang='grc' dir='ltr'><strong>ιι</strong></span> <span class='ocrx_word' id='word_1_412' title='bbox 1543 4817 1686 4870; x_wconf 88' lang='lat' dir='ltr'><strong>fonte</strong></span> <span class='ocrx_word' id='word_1_413' title='bbox 1716 4835 1729 4868; x_wconf 88' lang='lat'><strong>:</strong></span> <span class='ocrx_word' id='word_1_414' title='bbox 1763 4819 1896 4871; x_wconf 85' lang='lat' dir='ltr'><strong>adeo</strong></span> <span class='ocrx_word' id='word_1_415' title='bbox 1921 4818 2005 4872; x_wconf 92' lang='lat' dir='ltr'><strong>hic</strong></span> <span class='ocrx_word' id='word_1_416' title='bbox 2031 4819 2146 4872; x_wconf 89' lang='lat' dir='ltr'><strong>ubi-</strong></span> 
     </span>
    </p>
   </div>
   <div class='ocr_carea' id='block_1_50' title="bbox 554 4904 2141 4975">
    <p class='ocr_par' dir='ltr' id='par_1_50' title="bbox 554 4904 2141 4975">
     <span class='ocr_line' id='line_1_50' title="bbox 554 4904 2141 4975; baseline 0.007 -20"><span class='ocrx_word' id='word_1_417' title='bbox 554 4919 784 4970; x_wconf 83' lang='lat' dir='ltr'><strong>cumque</strong></span> <span class='ocrx_word' id='word_1_418' title='bbox 822 4904 1004 4967; x_wconf 81' lang='lat' dir='ltr'><strong>stillet,</strong></span> <span class='ocrx_word' id='word_1_419' title='bbox 1051 4921 1238 4974; x_wconf 85' lang='lat' dir='ltr'><strong>magna</strong></span> <span class='ocrx_word' id='word_1_420' title='bbox 1291 4918 1543 4975; x_wconf 85' lang='lat' dir='ltr'><strong>eperatur</strong></span> <span class='ocrx_word' id='word_1_421' title='bbox 1587 4909 1746 4963; x_wconf 90' lang='lat' dir='ltr'><strong>bona.</strong></span> <span class='ocrx_word' id='word_1_422' title='bbox 1783 4911 1877 4964; x_wconf 89' lang='lat' dir='ltr'><strong>llic</strong></span> <span class='ocrx_word' id='word_1_423' title='bbox 1924 4911 2141 4966; x_wconf 87' lang='lat' dir='ltr'><strong>ﬂuvium</strong></span> 
     </span>
    </p>
   </div>
   <div class='ocr_carea' id='block_1_51' title="bbox 555 4992 2142 5064">
    <p class='ocr_par' dir='ltr' id='par_1_51' title="bbox 555 4992 2142 5064">
     <span class='ocr_line' id='line_1_51' title="bbox 555 4992 2142 5064; baseline 0.008 -20"><span class='ocrx_word' id='word_1_424' title='bbox 555 4992 694 5061; x_wconf 84' lang='lat' dir='ltr'><strong>ignis</strong></span> <span class='ocrx_word' id='word_1_425' title='bbox 716 4995 864 5060; x_wconf 78' lang='lat' dir='ltr'><strong>quasi</strong></span> <span class='ocrx_word' id='word_1_426' title='bbox 882 4995 1165 5049; x_wconf 89' lang='lat' dir='ltr'><strong>scintillam</strong></span> <span class='ocrx_word' id='word_1_427' title='bbox 1189 4997 1479 5064; x_wconf 77' lang='lat' dir='ltr'><strong>exstinguit</strong></span> <span class='ocrx_word' id='word_1_428' title='bbox 1501 5016 1516 5051; x_wconf 87' lang='lat'>:</span> <span class='ocrx_word' id='word_1_429' title='bbox 1542 4999 1629 5053; x_wconf 93' lang='lat' dir='ltr'><strong>hic</strong></span> <span class='ocrx_word' id='word_1_430' title='bbox 1647 5016 1880 5053; x_wconf 82' lang='lat' dir='ltr'><strong>vermem</strong></span> <span class='ocrx_word' id='word_1_431' title='bbox 1899 5002 2043 5055; x_wconf 89' lang='lat' dir='ltr'><strong>illum</strong></span> <span class='ocrx_word' id='word_1_432' title='bbox 2073 5003 2142 5056; x_wconf 90' lang='lat' dir='ltr'><strong>ita</strong></span> 
     </span>
    </p>
   </div>
   <div class='ocr_carea' id='block_1_52' title="bbox 555 5083 2144 5157">
    <p class='ocr_par' dir='ltr' id='par_1_52' title="bbox 555 5083 2144 5157">
     <span class='ocr_line' id='line_1_52' title="bbox 555 5083 2144 5157; baseline 0.006 -19"><span class='ocrx_word' id='word_1_433' title='bbox 555 5083 783 5139; x_wconf 82' lang='lat' dir='ltr'><strong>suﬂ&#39;ocat</strong></span> <span class='ocrx_word' id='word_1_434' title='bbox 809 5087 960 5155; x_wconf 87' lang='lat' dir='ltr'><strong>quasi</strong></span> <span class='ocrx_word' id='word_1_435' title='bbox 995 5087 1240 5141; x_wconf 86' lang='lat' dir='ltr'><strong>nihilum.</strong></span> <span class='ocrx_word' id='word_1_436' title='bbox 1265 5088 1365 5157; x_wconf 89' lang='lat' dir='ltr'><strong>Qui</strong></span> <span class='ocrx_word' id='word_1_437' title='bbox 1397 5088 1734 5153; x_wconf 85' lang='lat' dir='ltr'><strong>huucbahet,</strong></span> <span class='ocrx_word' id='word_1_438' title='bbox 1769 5108 1874 5144; x_wconf 92' lang='lat' dir='ltr'><strong>non</strong></span> <span class='ocrx_word' id='word_1_439' title='bbox 1894 5094 2144 5147; x_wconf 83' lang='lat' dir='ltr'><strong>dentibus</strong></span> 
     </span>
    </p>
   </div>
   <div class='ocr_carea' id='block_1_53' title="bbox 552 5177 2136 5250">
    <p class='ocr_par' dir='ltr' id='par_1_53' title="bbox 552 5177 2136 5250">
     <span class='ocr_line' id='line_1_53' title="bbox 552 5177 2136 5250; baseline 0.007 -22"><span class='ocrx_word' id='word_1_440' title='bbox 552 5177 759 5230; x_wconf 83' lang='lat' dir='ltr'><strong>stridet.</strong></span> <span class='ocrx_word' id='word_1_441' title='bbox 793 5179 867 5232; x_wconf 84' lang='lat' dir='ltr'><strong>Ex</strong></span> <span class='ocrx_word' id='word_1_442' title='bbox 895 5194 1027 5248; x_wconf 91' lang='lat' dir='ltr'><strong>aqua</strong></span> <span class='ocrx_word' id='word_1_443' title='bbox 1056 5180 1156 5233; x_wconf 79' lang='lat' dir='ltr'><strong>iSIa</strong></span> <span class='ocrx_word' id='word_1_444' title='bbox 1186 5181 1228 5232; x_wconf 89' lang='lat' dir='ltr'><strong>si</strong></span> <span class='ocrx_word' id='word_1_445' title='bbox 1260 5197 1362 5250; x_wconf 92' lang='lat' dir='ltr'><strong>qna</strong></span> <span class='ocrx_word' id='word_1_446' title='bbox 1393 5182 1536 5236; x_wconf 85' lang='lat' dir='ltr'><strong>stilla</strong></span> <span class='ocrx_word' id='word_1_447' title='bbox 1563 5183 1806 5236; x_wconf 87' lang='lat' dir='ltr'><strong>inciderit</strong></span> <span class='ocrx_word' id='word_1_448' title='bbox 1838 5184 1887 5236; x_wconf 94' lang='lat' dir='ltr'><strong>iu</strong></span> <span class='ocrx_word' id='word_1_449' title='bbox 1910 5186 2136 5250; x_wconf 81' lang='lat' dir='ltr'><strong>vincula,</strong></span> 
     </span>
    </p>
   </div>
   <div class='ocr_carea' id='block_1_54' title="bbox 554 5270 2137 5348">
    <p class='ocr_par' dir='ltr' id='par_1_54' title="bbox 554 5270 2137 5348">
     <span class='ocr_line' id='line_1_54' title="bbox 554 5270 2137 5348; baseline 0.006 -25"><span class='ocrx_word' id='word_1_450' title='bbox 554 5270 747 5323; x_wconf 82' lang='lat' dir='ltr'><strong>scindit</strong></span> <span class='ocrx_word' id='word_1_451' title='bbox 766 5273 850 5325; x_wconf 87' lang='lat' dir='ltr'><strong>illa</strong></span> <span class='ocrx_word' id='word_1_452' title='bbox 875 5291 885 5324; x_wconf 90' lang='lat'>:</span> <span class='ocrx_word' id='word_1_453' title='bbox 909 5273 954 5326; x_wconf 90' lang='lat' dir='ltr'><strong>si</strong></span> <span class='ocrx_word' id='word_1_454' title='bbox 988 5273 1039 5325; x_wconf 92' lang='lat' dir='ltr'><strong>in</strong></span> <span class='ocrx_word' id='word_1_455' title='bbox 1069 5273 1313 5329; x_wconf 86' lang='lat' dir='ltr'><strong>fornaces</strong></span> <span class='ocrx_word' id='word_1_456' title='bbox 1333 5276 1595 5339; x_wconf 86' lang='lat' dir='ltr'><strong>inciderit,</strong></span> <span class='ocrx_word' id='word_1_457' title='bbox 1623 5294 1811 5332; x_wconf 83' lang='lat' dir='ltr'><strong>omnes</strong></span> <span class='ocrx_word' id='word_1_458' title='bbox 1831 5281 2137 5348; x_wconf 82' lang='lat' dir='ltr'><strong>exstinguit.</strong></span> 
     </span>
    </p>
   </div>
   <div class='ocr_carea' id='block_1_55' title="bbox 625 5364 2138 5434">
    <p class='ocr_par' dir='ltr' id='par_1_55' title="bbox 625 5364 2138 5434">
     <span class='ocr_line' id='line_1_55' title="bbox 625 5364 2138 5434; baseline 0.007 -18"><span class='ocrx_word' id='word_1_459' title='bbox 625 5366 678 5416; x_wconf 63' lang='grc' dir='ltr'><strong>δ.</strong></span> <span class='ocrx_word' id='word_1_460' title='bbox 720 5364 863 5417; x_wconf 87' lang='lat' dir='ltr'><strong>Sicut</strong></span> <span class='ocrx_word' id='word_1_461' title='bbox 898 5367 986 5419; x_wconf 90' lang='lat' dir='ltr'><strong>ille</strong></span> <span class='ocrx_word' id='word_1_462' title='bbox 1019 5367 1135 5418; x_wconf 82' lang='lat' dir='ltr'><strong>fons</strong></span> <span class='ocrx_word' id='word_1_463' title='bbox 1164 5368 1414 5434; x_wconf 78' lang='lat' dir='ltr'><strong>paradisi,</strong></span> <span class='ocrx_word' id='word_1_464' title='bbox 1449 5385 1552 5423; x_wconf 93' lang='lat' dir='ltr'><strong>non</strong></span> <span class='ocrx_word' id='word_1_465' title='bbox 1579 5371 1736 5424; x_wconf 87' lang='lat' dir='ltr'><strong>modo</strong></span> <span class='ocrx_word' id='word_1_466' title='bbox 1763 5370 1956 5425; x_wconf 85' lang='lat' dir='ltr'><strong>ﬂuenta</strong></span> <span class='ocrx_word' id='word_1_467' title='bbox 1982 5375 2138 5426; x_wconf 79' lang='lat' dir='ltr'><strong>entit-</strong></span> 
     </span>
    </p>
   </div>
   <div class='ocr_carea' id='block_1_56' title="bbox 559 5454 2136 5533">
    <p class='ocr_par' dir='ltr' id='par_1_56' title="bbox 559 5454 2136 5533">
     <span class='ocr_line' id='line_1_56' title="bbox 559 5454 2136 5533; baseline 0.008 -29"><span class='ocrx_word' id='word_1_468' title='bbox 559 5454 639 5517; x_wconf 91' lang='lat' dir='ltr'><strong>tit,</strong></span> <span class='ocrx_word' id='word_1_469' title='bbox 666 5454 826 5506; x_wconf 89' lang='lat' dir='ltr'><strong>modo</strong></span> <span class='ocrx_word' id='word_1_470' title='bbox 855 5455 1087 5510; x_wconf 82' lang='lat' dir='ltr'><strong>siccatur</strong></span> <span class='ocrx_word' id='word_1_471' title='bbox 1116 5456 1388 5526; x_wconf 87' lang='lat' dir='ltr'><strong>(alioquin</strong></span> <span class='ocrx_word' id='word_1_472' title='bbox 1408 5459 1516 5525; x_wconf 87' lang='lat' dir='ltr'><strong>jam</strong></span> <span class='ocrx_word' id='word_1_473' title='bbox 1547 5460 1664 5515; x_wconf 89' lang='lat' dir='ltr'><strong>fons</strong></span> <span class='ocrx_word' id='word_1_474' title='bbox 1693 5477 1795 5516; x_wconf 90' lang='lat' dir='ltr'><strong>non</strong></span> <span class='ocrx_word' id='word_1_475' title='bbox 1816 5461 2010 5533; x_wconf 82' lang='lat' dir='ltr'><strong>esset).</strong></span> <span class='ocrx_word' id='word_1_476' title='bbox 2044 5465 2136 5518; x_wconf 80' lang='lat' dir='ltr'><strong>sed</strong></span> 
     </span>
    </p>
   </div>
   <div class='ocr_carea' id='block_1_57' title="bbox 553 5548 2139 5626">
    <p class='ocr_par' dir='ltr' id='par_1_57' title="bbox 553 5548 2139 5626">
     <span class='ocr_line' id='line_1_57' title="bbox 553 5548 2139 5626; baseline 0.008 -29"><span class='ocrx_word' id='word_1_477' title='bbox 553 5560 770 5610; x_wconf 85' lang='lat' dir='ltr'><strong>semper</strong></span> <span class='ocrx_word' id='word_1_478' title='bbox 814 5548 1036 5599; x_wconf 84' lang='lat' dir='ltr'><strong>sraturit</strong></span> <span class='ocrx_word' id='word_1_479' title='bbox 1067 5565 1080 5599; x_wconf 87' lang='lat'><strong>:</strong></span> <span class='ocrx_word' id='word_1_480' title='bbox 1117 5549 1185 5601; x_wconf 92' lang='lat' dir='ltr'><strong>ita</strong></span> <span class='ocrx_word' id='word_1_481' title='bbox 1215 5560 1268 5602; x_wconf 89' lang='lat' dir='ltr'><strong>et</strong></span> <span class='ocrx_word' id='word_1_482' title='bbox 1301 5549 1420 5603; x_wconf 91' lang='lat' dir='ltr'><strong>fons</strong></span> <span class='ocrx_word' id='word_1_483' title='bbox 1462 5561 1643 5605; x_wconf 83' lang='lat' dir='ltr'><strong>noster</strong></span> <span class='ocrx_word' id='word_1_484' title='bbox 1681 5569 1896 5620; x_wconf 88' lang='lat' dir='ltr'><strong>semper</strong></span> <span class='ocrx_word' id='word_1_485' title='bbox 1942 5556 2139 5626; x_wconf 80' lang='lat' dir='ltr'><strong>largius</strong></span> 
     </span>
    </p>
   </div>
   <div class='ocr_carea' id='block_1_58' title="bbox 556 5634 2134 5711">
    <p class='ocr_par' dir='ltr' id='par_1_58' title="bbox 556 5634 2134 5711">
     <span class='ocr_line' id='line_1_58' title="bbox 556 5634 2134 5711; baseline 0.005 -22"><span class='ocrx_word' id='word_1_486' title='bbox 556 5634 750 5689; x_wconf 89' lang='lat' dir='ltr'><strong>ﬂnenta</strong></span> <span class='ocrx_word' id='word_1_487' title='bbox 796 5635 1034 5689; x_wconf 85' lang='lat' dir='ltr'><strong>effundat</strong></span> <span class='ocrx_word' id='word_1_488' title='bbox 1077 5637 1142 5690; x_wconf 89' lang='lat' dir='ltr'><strong>ad</strong></span> <span class='ocrx_word' id='word_1_489' title='bbox 1180 5653 1271 5693; x_wconf 90' lang='lat' dir='ltr'><strong>eos</strong></span> <span class='ocrx_word' id='word_1_490' title='bbox 1305 5641 1570 5704; x_wconf 79' lang='lat' dir='ltr'><strong>maxime,</strong></span> <span class='ocrx_word' id='word_1_491' title='bbox 1630 5642 1718 5711; x_wconf 91' lang='lat' dir='ltr'><strong>qui</strong></span> <span class='ocrx_word' id='word_1_492' title='bbox 1767 5643 2134 5699; x_wconf 82' lang='lat' dir='ltr'><strong>misericordia</strong></span> 
     </span>
    </p>
   </div>
   <div class='ocr_carea' id='block_1_59' title="bbox 551 5727 2134 5808">
    <p class='ocr_par' dir='ltr' id='par_1_59' title="bbox 551 5727 2134 5808">
     <span class='ocr_line' id='line_1_59' title="bbox 551 5727 2134 5808; baseline 0.008 -30"><span class='ocrx_word' id='word_1_493' title='bbox 551 5738 760 5792; x_wconf 73' lang='lat' dir='ltr'><strong>egeant,</strong></span> <span class='ocrx_word' id='word_1_494' title='bbox 796 5737 846 5781; x_wconf 84' lang='lat' dir='ltr'><strong>ut</strong></span> <span class='ocrx_word' id='word_1_495' title='bbox 881 5727 998 5781; x_wconf 87' lang='lat' dir='ltr'><strong>fons</strong></span> <span class='ocrx_word' id='word_1_496' title='bbox 1028 5741 1257 5782; x_wconf 83' lang='lat' dir='ltr'><strong>maneat.</strong></span> <span class='ocrx_word' id='word_1_497' title='bbox 1289 5731 1398 5786; x_wconf 89' lang='lat' dir='ltr'><strong>lloc</strong></span> <span class='ocrx_word' id='word_1_498' title='bbox 1423 5733 1644 5788; x_wconf 89' lang='lat' dir='ltr'><strong>hilarem</strong></span> <span class='ocrx_word' id='word_1_499' title='bbox 1676 5734 1848 5789; x_wconf 87' lang='lat' dir='ltr'><strong>reddit</strong></span> <span class='ocrx_word' id='word_1_500' title='bbox 1870 5752 2012 5799; x_wconf 81' lang='lat' dir='ltr'><strong>etim,</strong></span> <span class='ocrx_word' id='word_1_501' title='bbox 2046 5738 2134 5808; x_wconf 92' lang='lat' dir='ltr'><strong>qui</strong></span> 
     </span>
    </p>
   </div>
   <div class='ocr_carea' id='block_1_60' title="bbox 552 5819 2130 5898">
    <p class='ocr_par' dir='ltr' id='par_1_60' title="bbox 552 5819 2130 5898">
     <span class='ocr_line' id='line_1_60' title="bbox 552 5819 2130 5898; baseline 0.006 -25"><span class='ocrx_word' id='word_1_502' title='bbox 552 5819 739 5896; x_wconf 73' lang='lat' dir='ltr'><strong>accipit</strong></span> <span class='ocrx_word' id='word_1_503' title='bbox 775 5838 783 5871; x_wconf 89' lang='lat'>:</span> <span class='ocrx_word' id='word_1_504' title='bbox 815 5822 910 5876; x_wconf 78' lang='lat' dir='ltr'><strong>hoC</strong></span> <span class='ocrx_word' id='word_1_505' title='bbox 950 5822 1290 5892; x_wconf 70' lang='lat' dir='ltr'><strong>clecmosyna</strong></span> <span class='ocrx_word' id='word_1_506' title='bbox 1319 5835 1394 5878; x_wconf 80' lang='lat' dir='ltr'><strong>est</strong></span> <span class='ocrx_word' id='word_1_507' title='bbox 1421 5869 1430 5889; x_wconf 90' lang='lat'><strong>,</strong></span> <span class='ocrx_word' id='word_1_508' title='bbox 1483 5827 1522 5880; x_wconf 86' lang='lat' dir='ltr'><strong>si</strong></span> <span class='ocrx_word' id='word_1_509' title='bbox 1567 5844 1672 5882; x_wconf 79' lang='lat' dir='ltr'><strong>non</strong></span> <span class='ocrx_word' id='word_1_510' title='bbox 1704 5828 1860 5882; x_wconf 75' lang='lat' dir='ltr'><strong>modo</strong></span> <span class='ocrx_word' id='word_1_511' title='bbox 1891 5832 2130 5898; x_wconf 84' lang='lat' dir='ltr'><strong>rapidum</strong></span> 
     </span>
    </p>
   </div>
   <div class='ocr_carea' id='block_1_61' title="bbox 1318 352 3136 415">
    <p class='ocr_par' dir='ltr' id='par_1_61' title="bbox 1318 352 3136 415">
     <span class='ocr_line' id='line_1_61' title="bbox 1318 352 3136 415; baseline -0.003 0"><span class='ocrx_word' id='word_1_512' title='bbox 1318 359 1375 415; x_wconf 90' lang='lat' dir='ltr'><strong>S.</strong></span> <span class='ocrx_word' id='word_1_513' title='bbox 1415 356 1692 414; x_wconf 79' lang='lat' dir='ltr'><strong>JOANNIS</strong></span> <span class='ocrx_word' id='word_1_514' title='bbox 1718 352 2193 411; x_wconf 72' lang='lat' dir='ltr'><strong>(illltYSOSTUMl</strong></span> <span class='ocrx_word' id='word_1_515' title='bbox 2249 354 2565 410; x_wconf 66' lang='lat' dir='ltr'><strong>Alitlllliil’.</strong></span> <span class='ocrx_word' id='word_1_516' title='bbox 2602 355 3136 414; x_wconf 71' lang='lat' dir='ltr'><strong>CUNSTANTINOP.</strong></span> 
     </span>
    </p>
   </div>
   <div class='ocr_carea' id='block_1_62' title="bbox 3781 363 3882 416">
    <p class='ocr_par' dir='ltr' id='par_1_62' title="bbox 3781 363 3882 416">
     <span class='ocr_line' id='line_1_62' title="bbox 3781 363 3882 416; baseline 0 -2"><span class='ocrx_word' id='word_1_517' title='bbox 3781 363 3882 416; x_wconf 72' lang='grc'><strong>176</strong></span> 
     </span>
    </p>
   </div>
   <div class='ocr_carea' id='block_1_63' title="bbox 2277 473 3882 547">
    <p class='ocr_par' dir='ltr' id='par_1_63' title="bbox 2277 473 3882 547">
     <span class='ocr_line' id='line_1_63' title="bbox 2277 473 3882 547; baseline 0.005 -23"><span class='ocrx_word' id='word_1_518' title='bbox 2277 473 2534 526; x_wconf 90' lang='lat' dir='ltr'><strong>ﬂuentum</strong></span> <span class='ocrx_word' id='word_1_519' title='bbox 2568 475 2795 536; x_wconf 86' lang='lat' dir='ltr'><strong>emittat,</strong></span> <span class='ocrx_word' id='word_1_520' title='bbox 2829 476 2922 528; x_wconf 88' lang='lat' dir='ltr'><strong>sed</strong></span> <span class='ocrx_word' id='word_1_521' title='bbox 2947 475 3106 530; x_wconf 84' lang='lat' dir='ltr'><strong>etiam</strong></span> <span class='ocrx_word' id='word_1_522' title='bbox 3131 485 3470 545; x_wconf 87' lang='lat' dir='ltr'><strong>perpetumn.</strong></span> <span class='ocrx_word' id='word_1_523' title='bbox 3499 476 3555 530; x_wconf 89' lang='lat' dir='ltr'><strong>Si</strong></span> <span class='ocrx_word' id='word_1_524' title='bbox 3589 478 3694 542; x_wconf 89' lang='lat' dir='ltr'><strong>vis,</strong></span> <span class='ocrx_word' id='word_1_525' title='bbox 3723 477 3882 547; x_wconf 82' lang='lat' dir='ltr'><strong>quasi</strong></span> 
     </span>
    </p>
   </div>
   <div class='ocr_carea' id='block_1_64' title="bbox 2272 565 3880 638">
    <p class='ocr_par' dir='ltr' id='par_1_64' title="bbox 2272 565 3880 638">
     <span class='ocr_line' id='line_1_64' title="bbox 2272 565 3880 638; baseline 0.004 -19"><span class='ocrx_word' id='word_1_526' title='bbox 2272 582 2336 619; x_wconf 85' lang='lat' dir='ltr'><strong>ex</strong></span> <span class='ocrx_word' id='word_1_527' title='bbox 2381 565 2613 620; x_wconf 87' lang='lat' dir='ltr'><strong>fontilms</strong></span> <span class='ocrx_word' id='word_1_528' title='bbox 2656 567 2748 621; x_wconf 90' lang='lat' dir='ltr'><strong>tibi</strong></span> <span class='ocrx_word' id='word_1_529' title='bbox 2780 568 2870 622; x_wconf 88' lang='lat' dir='ltr'><strong>Dei</strong></span> <span class='ocrx_word' id='word_1_530' title='bbox 2911 569 3339 624; x_wconf 89' lang='lat' dir='ltr'><strong>misericordiam</strong></span> <span class='ocrx_word' id='word_1_531' title='bbox 3387 569 3654 638; x_wconf 89' lang='lat' dir='ltr'><strong>implncre</strong></span> <span class='ocrx_word' id='word_1_532' title='bbox 3679 613 3695 635; x_wconf 93' lang='lat'><strong>,</strong></span> <span class='ocrx_word' id='word_1_533' title='bbox 3731 582 3787 626; x_wconf 86' lang='lat' dir='ltr'><strong>et</strong></span> <span class='ocrx_word' id='word_1_534' title='bbox 3823 582 3880 625; x_wconf 91' lang='lat' dir='ltr'><strong>tu</strong></span> 
     </span>
    </p>
   </div>
   <div class='ocr_carea' id='block_1_65' title="bbox 2273 657 3884 730">
    <p class='ocr_par' dir='ltr' id='par_1_65' title="bbox 2273 657 3884 730">
     <span class='ocr_line' id='line_1_65' title="bbox 2273 657 3884 730; baseline 0.003 -19"><span class='ocrx_word' id='word_1_535' title='bbox 2273 657 2472 712; x_wconf 88' lang='lat' dir='ltr'><strong>fontem</strong></span> <span class='ocrx_word' id='word_1_536' title='bbox 2520 657 2737 712; x_wconf 85' lang='lat' dir='ltr'><strong>habeto.</strong></span> <span class='ocrx_word' id='word_1_537' title='bbox 2769 659 2909 714; x_wconf 81' lang='lat' dir='ltr'><strong>Nihil</strong></span> <span class='ocrx_word' id='word_1_538' title='bbox 2959 661 3031 713; x_wconf 92' lang='lat' dir='ltr'><strong>illi</strong></span> <span class='ocrx_word' id='word_1_539' title='bbox 3064 677 3160 729; x_wconf 88' lang='lat' dir='ltr'><strong>par</strong></span> <span class='ocrx_word' id='word_1_540' title='bbox 3197 669 3301 716; x_wconf 83' lang='lat' dir='ltr'><strong>est.</strong></span> <span class='ocrx_word' id='word_1_541' title='bbox 3333 660 3386 715; x_wconf 91' lang='lat' dir='ltr'><strong>Si</strong></span> <span class='ocrx_word' id='word_1_542' title='bbox 3419 670 3472 714; x_wconf 88' lang='grc' dir='ltr'><strong>ιιι</strong></span> <span class='ocrx_word' id='word_1_543' title='bbox 3509 661 3676 716; x_wconf 87' lang='lat' dir='ltr'><strong>fontis</strong></span> <span class='ocrx_word' id='word_1_544' title='bbox 3719 661 3884 730; x_wconf 84' lang='lat' dir='ltr'><strong>hujus</strong></span> 
     </span>
    </p>
   </div>
   <div class='ocr_carea' id='block_1_66' title="bbox 2268 752 3880 826">
    <p class='ocr_par' dir='ltr' id='par_1_66' title="bbox 2268 752 3880 826">
     <span class='ocr_line' id='line_1_66' title="bbox 2268 752 3880 826; baseline 0.002 -22"><span class='ocrx_word' id='word_1_545' title='bbox 2268 765 2361 804; x_wconf 71' lang='lat' dir='ltr'><strong>om</strong></span> <span class='ocrx_word' id='word_1_546' title='bbox 2394 752 2695 820; x_wconf 78' lang='lat' dir='ltr'><strong>aperueris,</strong></span> <span class='ocrx_word' id='word_1_547' title='bbox 2733 752 2892 806; x_wconf 84' lang='lat' dir='ltr'><strong>fontis</strong></span> <span class='ocrx_word' id='word_1_548' title='bbox 2924 753 3016 807; x_wconf 89' lang='lat' dir='ltr'><strong>Dei</strong></span> <span class='ocrx_word' id='word_1_549' title='bbox 3047 754 3170 807; x_wconf 88' lang='lat' dir='ltr'><strong>talia</strong></span> <span class='ocrx_word' id='word_1_550' title='bbox 3203 763 3364 808; x_wconf 88' lang='lat' dir='ltr'><strong>erunt</strong></span> <span class='ocrx_word' id='word_1_551' title='bbox 3391 761 3507 820; x_wconf 80' lang='lat' dir='ltr'><strong>ora,</strong></span> <span class='ocrx_word' id='word_1_552' title='bbox 3533 765 3591 808; x_wconf 92' lang='lat' dir='ltr'><strong>ut</strong></span> <span class='ocrx_word' id='word_1_553' title='bbox 3613 756 3880 826; x_wconf 84' lang='lat' dir='ltr'><strong>abyssum</strong></span> 
     </span>
    </p>
   </div>
   <div class='ocr_carea' id='block_1_67' title="bbox 2268 845 3881 919">
    <p class='ocr_par' dir='ltr' id='par_1_67' title="bbox 2268 845 3881 919">
     <span class='ocr_line' id='line_1_67' title="bbox 2268 845 3881 919; baseline 0.006 -23"><span class='ocrx_word' id='word_1_554' title='bbox 2268 858 2482 897; x_wconf 87' lang='lat' dir='ltr'><strong>omnem</strong></span> <span class='ocrx_word' id='word_1_555' title='bbox 2517 854 2794 916; x_wconf 84' lang='lat' dir='ltr'><strong>superent.</strong></span> <span class='ocrx_word' id='word_1_556' title='bbox 2837 845 3184 902; x_wconf 85' lang='lat' dir='ltr'><strong>Oceasionem</strong></span> <span class='ocrx_word' id='word_1_557' title='bbox 3214 849 3386 902; x_wconf 90' lang='lat' dir='ltr'><strong>solum</strong></span> <span class='ocrx_word' id='word_1_558' title='bbox 3430 851 3622 919; x_wconf 70' lang='grc' dir='ltr'>ιιιιτει-ἰι</span> <span class='ocrx_word' id='word_1_559' title='bbox 3651 866 3680 904; x_wconf 87' lang='lat' dir='ltr'><strong>a</strong></span> <span class='ocrx_word' id='word_1_560' title='bbox 3719 853 3881 906; x_wconf 83' lang='lat' dir='ltr'><strong>nobis</strong></span> 
     </span>
    </p>
   </div>
   <div class='ocr_carea' id='block_1_68' title="bbox 2268 936 3874 1012">
    <p class='ocr_par' dir='ltr' id='par_1_68' title="bbox 2268 936 3874 1012">
     <span class='ocr_line' id='line_1_68' title="bbox 2268 936 3874 1012; baseline 0.006 -24"><span class='ocrx_word' id='word_1_561' title='bbox 2268 936 2513 1003; x_wconf 88' lang='lat' dir='ltr'><strong>accipere</strong></span> <span class='ocrx_word' id='word_1_562' title='bbox 2557 937 2717 1004; x_wconf 90' lang='lat' dir='ltr'><strong>Deus,</strong></span> <span class='ocrx_word' id='word_1_563' title='bbox 2747 947 2800 994; x_wconf 89' lang='lat' dir='ltr'><strong>et</strong></span> <span class='ocrx_word' id='word_1_564' title='bbox 2835 939 3110 1007; x_wconf 88' lang='lat' dir='ltr'><strong>profundit</strong></span> <span class='ocrx_word' id='word_1_565' title='bbox 3141 940 3277 995; x_wconf 88' lang='lat' dir='ltr'><strong>bona</strong></span> <span class='ocrx_word' id='word_1_566' title='bbox 3328 958 3389 997; x_wconf 80' lang='lat' dir='ltr'><strong>ex</strong></span> <span class='ocrx_word' id='word_1_567' title='bbox 3425 946 3702 1012; x_wconf 90' lang='lat' dir='ltr'><strong>peuuariis</strong></span> <span class='ocrx_word' id='word_1_568' title='bbox 3736 946 3874 999; x_wconf 83' lang='lat' dir='ltr'><strong>suis.</strong></span> 
     </span>
    </p>
   </div>
   <div class='ocr_carea' id='block_1_69' title="bbox 2265 1025 3880 1106">
    <p class='ocr_par' dir='ltr' id='par_1_69' title="bbox 2265 1025 3880 1106">
     <span class='ocr_line' id='line_1_69' title="bbox 2265 1025 3880 1106; baseline 0.007 -28"><span class='ocrx_word' id='word_1_569' title='bbox 2265 1025 2397 1080; x_wconf 76' lang='lat' dir='ltr'><strong>Cum</strong></span> <span class='ocrx_word' id='word_1_570' title='bbox 2433 1029 2669 1091; x_wconf 89' lang='lat' dir='ltr'><strong>insumit,</strong></span> <span class='ocrx_word' id='word_1_571' title='bbox 2727 1045 2848 1083; x_wconf 91' lang='lat' dir='ltr'><strong>cum</strong></span> <span class='ocrx_word' id='word_1_572' title='bbox 2890 1031 3171 1097; x_wconf 84' lang='lat' dir='ltr'><strong>impendit,</strong></span> <span class='ocrx_word' id='word_1_573' title='bbox 3208 1043 3331 1088; x_wconf 85' lang='lat' dir='ltr'><strong>tunc</strong></span> <span class='ocrx_word' id='word_1_574' title='bbox 3381 1034 3532 1106; x_wconf 82' lang='lat' dir='ltr'><strong>dives</strong></span> <span class='ocrx_word' id='word_1_575' title='bbox 3576 1045 3699 1097; x_wconf 84' lang='lat' dir='ltr'><strong>est,</strong></span> <span class='ocrx_word' id='word_1_576' title='bbox 3750 1046 3880 1089; x_wconf 86' lang='lat' dir='ltr'><strong>tunc</strong></span> 
     </span>
    </p>
   </div>
   <div class='ocr_carea' id='block_1_70' title="bbox 2266 1118 3866 1194">
    <p class='ocr_par' dir='ltr' id='par_1_70' title="bbox 2266 1118 3866 1194">
     <span class='ocr_line' id='line_1_70' title="bbox 2266 1118 3866 1194; baseline 0.008 -26"><span class='ocrx_word' id='word_1_577' title='bbox 2266 1118 2575 1185; x_wconf 89' lang='lat' dir='ltr'><strong>opulentus.</strong></span> <span class='ocrx_word' id='word_1_578' title='bbox 2597 1119 2839 1188; x_wconf 80' lang='lat' dir='ltr'><strong>Magnum</strong></span> <span class='ocrx_word' id='word_1_579' title='bbox 2865 1133 2946 1176; x_wconf 88' lang='lat' dir='ltr'><strong>est</strong></span> <span class='ocrx_word' id='word_1_580' title='bbox 2964 1137 3024 1177; x_wconf 91' lang='lat' dir='ltr'><strong>os</strong></span> <span class='ocrx_word' id='word_1_581' title='bbox 3051 1122 3211 1177; x_wconf 83' lang='lat' dir='ltr'><strong>fontis</strong></span> <span class='ocrx_word' id='word_1_582' title='bbox 3242 1126 3381 1179; x_wconf 87' lang='lat' dir='ltr'><strong>illius</strong></span> <span class='ocrx_word' id='word_1_583' title='bbox 3407 1145 3417 1179; x_wconf 85' lang='lat'><strong>:</strong></span> <span class='ocrx_word' id='word_1_584' title='bbox 3441 1141 3633 1194; x_wconf 88' lang='lat' dir='ltr'><strong>purum</strong></span> <span class='ocrx_word' id='word_1_585' title='bbox 3665 1137 3723 1182; x_wconf 89' lang='lat' dir='ltr'><strong>et</strong></span> <span class='ocrx_word' id='word_1_586' title='bbox 3742 1128 3866 1180; x_wconf 87' lang='lat' dir='ltr'><strong>lim-</strong></span> 
     </span>
    </p>
   </div>
   <div class='ocr_carea' id='block_1_71' title="bbox 2264 1206 3878 1287">
    <p class='ocr_par' dir='ltr' id='par_1_71' title="bbox 2264 1206 3878 1287">
     <span class='ocr_line' id='line_1_71' title="bbox 2264 1206 3878 1287; baseline 0.008 -28"><span class='ocrx_word' id='word_1_587' title='bbox 2264 1206 2446 1276; x_wconf 88' lang='lat' dir='ltr'><strong>pidum</strong></span> <span class='ocrx_word' id='word_1_588' title='bbox 2477 1208 2594 1277; x_wconf 83' lang='lat' dir='ltr'><strong>ejus</strong></span> <span class='ocrx_word' id='word_1_589' title='bbox 2623 1209 2904 1264; x_wconf 88' lang='lat' dir='ltr'><strong>ﬂuentum.</strong></span> <span class='ocrx_word' id='word_1_590' title='bbox 2937 1211 2989 1267; x_wconf 89' lang='lat' dir='ltr'><strong>Si</strong></span> <span class='ocrx_word' id='word_1_591' title='bbox 3034 1213 3176 1268; x_wconf 91' lang='lat' dir='ltr'><strong>hunc</strong></span> <span class='ocrx_word' id='word_1_592' title='bbox 3215 1230 3318 1267; x_wconf 91' lang='lat' dir='ltr'><strong>non</strong></span> <span class='ocrx_word' id='word_1_593' title='bbox 3367 1215 3637 1281; x_wconf 85' lang='lat' dir='ltr'><strong>obstruas,</strong></span> <span class='ocrx_word' id='word_1_594' title='bbox 3689 1233 3878 1287; x_wconf 78' lang='lat' dir='ltr'><strong>neque</strong></span> 
     </span>
    </p>
   </div>
   <div class='ocr_carea' id='block_1_72' title="bbox 2265 1299 3877 1373">
    <p class='ocr_par' dir='ltr' id='par_1_72' title="bbox 2265 1299 3877 1373">
     <span class='ocr_line' id='line_1_72' title="bbox 2265 1299 3877 1373; baseline 0.006 -22"><span class='ocrx_word' id='word_1_595' title='bbox 2265 1299 2412 1352; x_wconf 88' lang='lat' dir='ltr'><strong>illum</strong></span> <span class='ocrx_word' id='word_1_596' title='bbox 2440 1300 2708 1355; x_wconf 90' lang='lat' dir='ltr'><strong>obstrues.</strong></span> <span class='ocrx_word' id='word_1_597' title='bbox 2745 1302 2900 1356; x_wconf 87' lang='lat' dir='ltr'><strong>Nulla</strong></span> <span class='ocrx_word' id='word_1_598' title='bbox 2935 1303 3258 1357; x_wconf 84' lang='lat' dir='ltr'><strong>infructuosa</strong></span> <span class='ocrx_word' id='word_1_599' title='bbox 3284 1305 3436 1373; x_wconf 82' lang='lat' dir='ltr'><strong>juxta</strong></span> <span class='ocrx_word' id='word_1_600' title='bbox 3470 1307 3616 1359; x_wconf 91' lang='lat' dir='ltr'><strong>illum</strong></span> <span class='ocrx_word' id='word_1_601' title='bbox 3648 1317 3755 1361; x_wconf 89' lang='lat' dir='ltr'><strong>stet</strong></span> <span class='ocrx_word' id='word_1_602' title='bbox 3781 1324 3877 1361; x_wconf 86' lang='lat' dir='ltr'><strong>ar-</strong></span> 
     </span>
    </p>
   </div>
   <div class='ocr_carea' id='block_1_73' title="bbox 2265 1391 3878 1458">
    <p class='ocr_par' dir='ltr' id='par_1_73' title="bbox 2265 1391 3878 1458">
     <span class='ocr_line' id='line_1_73' title="bbox 2265 1391 3878 1458; baseline 0.005 -12"><span class='ocrx_word' id='word_1_603' title='bbox 2265 1391 2383 1458; x_wconf 84' lang='lat' dir='ltr'><strong>bor,</strong></span> <span class='ocrx_word' id='word_1_604' title='bbox 2415 1410 2480 1448; x_wconf 91' lang='lat' dir='ltr'><strong>ne</strong></span> <span class='ocrx_word' id='word_1_605' title='bbox 2510 1393 2792 1450; x_wconf 89' lang='lat' dir='ltr'><strong>humorem</strong></span> <span class='ocrx_word' id='word_1_606' title='bbox 2820 1396 2964 1449; x_wconf 88' lang='lat' dir='ltr'><strong>illum</strong></span> <span class='ocrx_word' id='word_1_607' title='bbox 2999 1396 3264 1450; x_wconf 85' lang='lat' dir='ltr'><strong>absumat.</strong></span> <span class='ocrx_word' id='word_1_608' title='bbox 3297 1397 3475 1451; x_wconf 75' lang='lat' dir='ltr'><strong>Habes</strong></span> <span class='ocrx_word' id='word_1_609' title='bbox 3509 1398 3767 1453; x_wconf 81' lang='lat' dir='ltr'><strong>divitias?</strong></span> <span class='ocrx_word' id='word_1_610' title='bbox 3798 1400 3878 1454; x_wconf 79' lang='lat' dir='ltr'><strong>Ne</strong></span> 
     </span>
    </p>
   </div>
   <div class='ocr_carea' id='block_1_74' title="bbox 2262 1484 3872 1560">
    <p class='ocr_par' dir='ltr' id='par_1_74' title="bbox 2262 1484 3872 1560">
     <span class='ocr_line' id='line_1_74' title="bbox 2262 1484 3872 1560; baseline 0.006 -24"><span class='ocrx_word' id='word_1_611' title='bbox 2262 1484 2471 1553; x_wconf 88' lang='lat' dir='ltr'><strong>plantes</strong></span> <span class='ocrx_word' id='word_1_612' title='bbox 2519 1487 2627 1541; x_wconf 90' lang='lat' dir='ltr'><strong>illic</strong></span> <span class='ocrx_word' id='word_1_613' title='bbox 2677 1487 2868 1542; x_wconf 87' lang='lat' dir='ltr'><strong>salices</strong></span> <span class='ocrx_word' id='word_1_614' title='bbox 2904 1488 3061 1549; x_wconf 89' lang='lat' dir='ltr'><strong>;talis</strong></span> <span class='ocrx_word' id='word_1_615' title='bbox 3107 1499 3186 1542; x_wconf 89' lang='lat' dir='ltr'><strong>est</strong></span> <span class='ocrx_word' id='word_1_616' title='bbox 3234 1489 3378 1542; x_wconf 90' lang='lat' dir='ltr'><strong>enim</strong></span> <span class='ocrx_word' id='word_1_617' title='bbox 3419 1490 3538 1558; x_wconf 87' lang='lat' dir='ltr'><strong>ejus</strong></span> <span class='ocrx_word' id='word_1_618' title='bbox 3570 1491 3872 1560; x_wconf 86' lang='lat' dir='ltr'><strong>voluptas:</strong></span> 
     </span>
    </p>
   </div>
   <div class='ocr_carea' id='block_1_75' title="bbox 2261 1579 3872 1646">
    <p class='ocr_par' dir='ltr' id='par_1_75' title="bbox 2261 1579 3872 1646">
     <span class='ocr_line' id='line_1_75' title="bbox 2261 1579 3872 1646; baseline 0.004 -15"><span class='ocrx_word' id='word_1_619' title='bbox 2261 1579 2428 1631; x_wconf 88' lang='lat' dir='ltr'><strong>multa</strong></span> <span class='ocrx_word' id='word_1_620' title='bbox 2455 1579 2704 1646; x_wconf 90' lang='lat' dir='ltr'><strong>insumit,</strong></span> <span class='ocrx_word' id='word_1_621' title='bbox 2738 1590 2792 1634; x_wconf 89' lang='lat' dir='ltr'><strong>et</strong></span> <span class='ocrx_word' id='word_1_622' title='bbox 2818 1580 2947 1633; x_wconf 91' lang='lat' dir='ltr'><strong>nihil</strong></span> <span class='ocrx_word' id='word_1_623' title='bbox 2997 1582 3049 1634; x_wconf 91' lang='lat' dir='ltr'><strong>in</strong></span> <span class='ocrx_word' id='word_1_624' title='bbox 3083 1596 3140 1636; x_wconf 78' lang='lat' dir='ltr'><strong>se</strong></span> <span class='ocrx_word' id='word_1_625' title='bbox 3167 1581 3437 1646; x_wconf 52' lang='lat' dir='ltr'><strong>ostendit,</strong></span> <span class='ocrx_word' id='word_1_626' title='bbox 3488 1583 3576 1636; x_wconf 59' lang='grc' dir='ltr'><strong>εει</strong></span> <span class='ocrx_word' id='word_1_627' title='bbox 3631 1582 3872 1638; x_wconf 89' lang='lat' dir='ltr'><strong>fructum</strong></span> 
     </span>
    </p>
   </div>
   <div class='ocr_carea' id='block_1_76' title="bbox 2263 1669 3871 1744">
    <p class='ocr_par' dir='ltr' id='par_1_76' title="bbox 2263 1669 3871 1744">
     <span class='ocr_line' id='line_1_76' title="bbox 2263 1669 3871 1744; baseline 0.004 -21"><span class='ocrx_word' id='word_1_628' title='bbox 2263 1669 2457 1739; x_wconf 85' lang='lat' dir='ltr'><strong>perdit.</strong></span> <span class='ocrx_word' id='word_1_629' title='bbox 2480 1670 2558 1724; x_wconf 82' lang='lat' dir='ltr'><strong>Ne</strong></span> <span class='ocrx_word' id='word_1_630' title='bbox 2579 1671 2787 1741; x_wconf 88' lang='lat' dir='ltr'><strong>plantes</strong></span> <span class='ocrx_word' id='word_1_631' title='bbox 2809 1672 3046 1733; x_wconf 85' lang='lat' dir='ltr'><strong>salicem,</strong></span> <span class='ocrx_word' id='word_1_632' title='bbox 3074 1688 3142 1727; x_wconf 93' lang='lat' dir='ltr'><strong>ne</strong></span> <span class='ocrx_word' id='word_1_633' title='bbox 3166 1674 3368 1742; x_wconf 89' lang='lat' dir='ltr'><strong>pinmn,</strong></span> <span class='ocrx_word' id='word_1_634' title='bbox 3399 1690 3496 1727; x_wconf 92' lang='lat' dir='ltr'><strong>ncc</strong></span> <span class='ocrx_word' id='word_1_635' title='bbox 3519 1675 3646 1744; x_wconf 82' lang='lat' dir='ltr'><strong>quid</strong></span> <span class='ocrx_word' id='word_1_636' title='bbox 3667 1675 3871 1741; x_wconf 69' lang='lat' dir='ltr'><strong>simile,</strong></span> 
     </span>
    </p>
   </div>
   <div class='ocr_carea' id='block_1_77' title="bbox 2259 1764 3872 1834">
    <p class='ocr_par' dir='ltr' id='par_1_77' title="bbox 2259 1764 3872 1834">
     <span class='ocr_line' id='line_1_77' title="bbox 2259 1764 3872 1834; baseline 0.005 -20"><span class='ocrx_word' id='word_1_637' title='bbox 2259 1764 2400 1834; x_wconf 91' lang='lat' dir='ltr'><strong>quod</strong></span> <span class='ocrx_word' id='word_1_638' title='bbox 2432 1774 2714 1819; x_wconf 88' lang='lat' dir='ltr'><strong>consumat</strong></span> <span class='ocrx_word' id='word_1_639' title='bbox 2748 1776 2798 1819; x_wconf 91' lang='lat' dir='ltr'><strong>et</strong></span> <span class='ocrx_word' id='word_1_640' title='bbox 2830 1765 3016 1819; x_wconf 84' lang='lat' dir='ltr'><strong>inutile</strong></span> <span class='ocrx_word' id='word_1_641' title='bbox 3053 1766 3122 1818; x_wconf 91' lang='lat' dir='ltr'><strong>sit</strong></span> <span class='ocrx_word' id='word_1_642' title='bbox 3153 1785 3165 1818; x_wconf 89' lang='lat'><strong>:</strong></span> <span class='ocrx_word' id='word_1_643' title='bbox 3199 1767 3319 1819; x_wconf 91' lang='lat' dir='ltr'><strong>talis</strong></span> <span class='ocrx_word' id='word_1_644' title='bbox 3345 1767 3486 1821; x_wconf 89' lang='lat' dir='ltr'><strong>enim</strong></span> <span class='ocrx_word' id='word_1_645' title='bbox 3518 1777 3603 1822; x_wconf 91' lang='lat' dir='ltr'><strong>est</strong></span> <span class='ocrx_word' id='word_1_646' title='bbox 3634 1769 3872 1823; x_wconf 87' lang='lat' dir='ltr'><strong>vestium</strong></span> 
     </span>
    </p>
   </div>
   <div class='ocr_carea' id='block_1_78' title="bbox 2259 1856 3873 1926">
    <p class='ocr_par' dir='ltr' id='par_1_78' title="bbox 2259 1856 3873 1926">
     <span class='ocr_line' id='line_1_78' title="bbox 2259 1856 3873 1926; baseline 0.006 -21"><span class='ocrx_word' id='word_1_647' title='bbox 2259 1857 2536 1925; x_wconf 84' lang='lat' dir='ltr'><strong>voluptas;</strong></span> <span class='ocrx_word' id='word_1_648' title='bbox 2569 1857 2685 1912; x_wconf 91' lang='lat' dir='ltr'><strong>visu</strong></span> <span class='ocrx_word' id='word_1_649' title='bbox 2716 1856 2954 1926; x_wconf 78' lang='lat' dir='ltr'><strong>pulchra:</strong></span> <span class='ocrx_word' id='word_1_650' title='bbox 2983 1867 3126 1923; x_wconf 86' lang='lat' dir='ltr'><strong>sunt,</strong></span> <span class='ocrx_word' id='word_1_651' title='bbox 3158 1858 3251 1912; x_wconf 89' lang='lat' dir='ltr'><strong>sed</strong></span> <span class='ocrx_word' id='word_1_652' title='bbox 3281 1858 3345 1911; x_wconf 87' lang='lat' dir='ltr'><strong>ad</strong></span> <span class='ocrx_word' id='word_1_653' title='bbox 3378 1859 3509 1912; x_wconf 91' lang='lat' dir='ltr'><strong>nihil</strong></span> <span class='ocrx_word' id='word_1_654' title='bbox 3545 1859 3731 1914; x_wconf 79' lang='lat' dir='ltr'><strong>utiles.</strong></span> <span class='ocrx_word' id='word_1_655' title='bbox 3764 1861 3873 1914; x_wconf 81' lang='lat' dir='ltr'><strong>lin-</strong></span> 
     </span>
    </p>
   </div>
   <div class='ocr_carea' id='block_1_79' title="bbox 2257 1948 3872 2021">
    <p class='ocr_par' dir='ltr' id='par_1_79' title="bbox 2257 1948 3872 2021">
     <span class='ocr_line' id='line_1_79' title="bbox 2257 1948 3872 2021; baseline 0.002 -19"><span class='ocrx_word' id='word_1_656' title='bbox 2257 1950 2345 2019; x_wconf 87' lang='lat' dir='ltr'><strong>ple</strong></span> <span class='ocrx_word' id='word_1_657' title='bbox 2369 1948 2602 2003; x_wconf 87' lang='lat' dir='ltr'><strong>surculis</strong></span> <span class='ocrx_word' id='word_1_658' title='bbox 2632 1968 2643 2001; x_wconf 92' lang='lat'>:</span> <span class='ocrx_word' id='word_1_659' title='bbox 2677 1950 2854 2003; x_wconf 88' lang='lat' dir='ltr'><strong>omnia</strong></span> <span class='ocrx_word' id='word_1_660' title='bbox 2897 1949 3168 2004; x_wconf 80' lang='lat' dir='ltr'><strong>fructifera</strong></span> <span class='ocrx_word' id='word_1_661' title='bbox 3195 1950 3403 2012; x_wconf 86' lang='lat' dir='ltr'><strong>plantes</strong></span> <span class='ocrx_word' id='word_1_662' title='bbox 3432 1951 3486 2004; x_wconf 90' lang='lat' dir='ltr'><strong>in</strong></span> <span class='ocrx_word' id='word_1_663' title='bbox 3511 1949 3704 2007; x_wconf 88' lang='lat' dir='ltr'><strong>manus</strong></span> <span class='ocrx_word' id='word_1_664' title='bbox 3740 1969 3872 2021; x_wconf 82' lang='lat' dir='ltr'><strong>pan—</strong></span> 
     </span>
    </p>
   </div>
   <div class='ocr_carea' id='block_1_80' title="bbox 2257 2041 3868 2116">
    <p class='ocr_par' dir='ltr' id='par_1_80' title="bbox 2257 2041 3868 2116">
     <span class='ocr_line' id='line_1_80' title="bbox 2257 2041 3868 2116; baseline 0.004 -23"><span class='ocrx_word' id='word_1_665' title='bbox 2257 2055 2444 2111; x_wconf 87' lang='lat' dir='ltr'><strong>perum</strong></span> <span class='ocrx_word' id='word_1_666' title='bbox 2469 2055 2822 2111; x_wconf 61' lang='lat' dir='ltr'><strong>quiscumque</strong></span> <span class='ocrx_word' id='word_1_667' title='bbox 2839 2042 3092 2095; x_wconf 79' lang='lat' dir='ltr'><strong>Volueris.</strong></span> <span class='ocrx_word' id='word_1_668' title='bbox 3119 2041 3258 2096; x_wconf 85' lang='lat' dir='ltr'><strong>Nihil</strong></span> <span class='ocrx_word' id='word_1_669' title='bbox 3285 2041 3382 2097; x_wconf 90' lang='lat' dir='ltr'><strong>hac</strong></span> <span class='ocrx_word' id='word_1_670' title='bbox 3406 2054 3548 2097; x_wconf 89' lang='lat' dir='ltr'><strong>terra</strong></span> <span class='ocrx_word' id='word_1_671' title='bbox 3576 2046 3868 2116; x_wconf 80' lang='lat' dir='ltr'><strong>pinguius;</strong></span> 
     </span>
    </p>
   </div>
   <div class='ocr_carea' id='block_1_81' title="bbox 2258 2137 3873 2204">
    <p class='ocr_par' dir='ltr' id='par_1_81' title="bbox 2258 2137 3873 2204">
     <span class='ocr_line' id='line_1_81' title="bbox 2258 2137 3873 2204; baseline 0.006 -19"><span class='ocrx_word' id='word_1_672' title='bbox 2258 2137 2502 2204; x_wconf 87' lang='lat' dir='ltr'><strong>quamvis</strong></span> <span class='ocrx_word' id='word_1_673' title='bbox 2535 2150 2695 2204; x_wconf 87' lang='lat' dir='ltr'><strong>parva</strong></span> <span class='ocrx_word' id='word_1_674' title='bbox 2731 2137 2797 2188; x_wconf 91' lang='lat' dir='ltr'><strong>sit</strong></span> <span class='ocrx_word' id='word_1_675' title='bbox 2847 2151 3035 2188; x_wconf 82' lang='lat' dir='ltr'><strong>manus</strong></span> <span class='ocrx_word' id='word_1_676' title='bbox 3083 2137 3374 2204; x_wconf 82' lang='lat' dir='ltr'><strong>capacitas,</strong></span> <span class='ocrx_word' id='word_1_677' title='bbox 3424 2147 3667 2194; x_wconf 86' lang='lat' dir='ltr'><strong>attamen</strong></span> <span class='ocrx_word' id='word_1_678' title='bbox 3698 2143 3873 2194; x_wconf 88' lang='lat' dir='ltr'><strong>arbor</strong></span> 
     </span>
    </p>
   </div>
   <div class='ocr_carea' id='block_1_82' title="bbox 2260 2226 3867 2298">
    <p class='ocr_par' dir='ltr' id='par_1_82' title="bbox 2260 2226 3867 2298">
     <span class='ocr_line' id='line_1_82' title="bbox 2260 2226 3867 2298; baseline 0.004 -20"><span class='ocrx_word' id='word_1_679' title='bbox 2260 2226 2346 2279; x_wconf 78' lang='lat' dir='ltr'><strong>illa</strong></span> <span class='ocrx_word' id='word_1_680' title='bbox 2373 2227 2604 2295; x_wconf 88' lang='lat' dir='ltr'><strong>plantata</strong></span> <span class='ocrx_word' id='word_1_681' title='bbox 2635 2226 2699 2280; x_wconf 89' lang='lat' dir='ltr'><strong>ad</strong></span> <span class='ocrx_word' id='word_1_682' title='bbox 2735 2241 2901 2295; x_wconf 89' lang='lat' dir='ltr'><strong>usque</strong></span> <span class='ocrx_word' id='word_1_683' title='bbox 2931 2226 3118 2279; x_wconf 69' lang='lat' dir='ltr'><strong>omium</strong></span> <span class='ocrx_word' id='word_1_684' title='bbox 3155 2228 3439 2298; x_wconf 79' lang='lat' dir='ltr'><strong>pertingit,</strong></span> <span class='ocrx_word' id='word_1_685' title='bbox 3472 2241 3524 2283; x_wconf 90' lang='lat' dir='ltr'><strong>et</strong></span> <span class='ocrx_word' id='word_1_686' title='bbox 3557 2230 3709 2284; x_wconf 82' lang='lat' dir='ltr'><strong>ﬁrma</strong></span> <span class='ocrx_word' id='word_1_687' title='bbox 3736 2244 3867 2285; x_wconf 85' lang='lat' dir='ltr'><strong>stat.</strong></span> 
     </span>
    </p>
   </div>
   <div class='ocr_carea' id='block_1_83' title="bbox 2257 2316 3866 2394">
    <p class='ocr_par' dir='ltr' id='par_1_83' title="bbox 2257 2316 3866 2394">
     <span class='ocr_line' id='line_1_83' title="bbox 2257 2316 3866 2394; baseline 0.006 -23"><span class='ocrx_word' id='word_1_688' title='bbox 2257 2316 2370 2371; x_wconf 82' lang='lat' dir='ltr'><strong>Hoc</strong></span> <span class='ocrx_word' id='word_1_689' title='bbox 2402 2327 2484 2370; x_wconf 90' lang='lat' dir='ltr'><strong>est</strong></span> <span class='ocrx_word' id='word_1_690' title='bbox 2517 2333 2641 2372; x_wconf 85' lang='lat' dir='ltr'><strong>vere</strong></span> <span class='ocrx_word' id='word_1_691' title='bbox 2669 2319 2931 2387; x_wconf 88' lang='lat' dir='ltr'><strong>plantarc.</strong></span> <span class='ocrx_word' id='word_1_692' title='bbox 2961 2319 3093 2374; x_wconf 85' lang='lat' dir='ltr'><strong>Nam</strong></span> <span class='ocrx_word' id='word_1_693' title='bbox 3124 2320 3264 2389; x_wconf 84' lang='lat' dir='ltr'><strong>quod</strong></span> <span class='ocrx_word' id='word_1_694' title='bbox 3296 2323 3347 2375; x_wconf 93' lang='lat' dir='ltr'><strong>in</strong></span> <span class='ocrx_word' id='word_1_695' title='bbox 3390 2330 3532 2376; x_wconf 88' lang='lat' dir='ltr'><strong>terra</strong></span> <span class='ocrx_word' id='word_1_696' title='bbox 3561 2324 3866 2394; x_wconf 87' lang='lat' dir='ltr'><strong>plantatur,</strong></span> 
     </span>
    </p>
   </div>
   <div class='ocr_carea' id='block_1_84' title="bbox 2253 2410 3872 2481">
    <p class='ocr_par' dir='ltr' id='par_1_84' title="bbox 2253 2410 3872 2481">
     <span class='ocr_line' id='line_1_84' title="bbox 2253 2410 3872 2481; baseline 0.006 -18"><span class='ocrx_word' id='word_1_697' title='bbox 2253 2410 2296 2463; x_wconf 91' lang='lat' dir='ltr'><strong>si</strong></span> <span class='ocrx_word' id='word_1_698' title='bbox 2330 2426 2432 2464; x_wconf 92' lang='lat' dir='ltr'><strong>non</strong></span> <span class='ocrx_word' id='word_1_699' title='bbox 2459 2425 2618 2475; x_wconf 89' lang='lat' dir='ltr'><strong>nunc,</strong></span> <span class='ocrx_word' id='word_1_700' title='bbox 2650 2421 2770 2480; x_wconf 91' lang='lat' dir='ltr'><strong>post</strong></span> <span class='ocrx_word' id='word_1_701' title='bbox 2799 2421 3018 2465; x_wconf 88' lang='lat' dir='ltr'><strong>centum</strong></span> <span class='ocrx_word' id='word_1_702' title='bbox 3047 2427 3218 2466; x_wconf 90' lang='lat' dir='ltr'><strong>annos</strong></span> <span class='ocrx_word' id='word_1_703' title='bbox 3251 2414 3464 2481; x_wconf 87' lang='lat' dir='ltr'><strong>peribit.</strong></span> <span class='ocrx_word' id='word_1_704' title='bbox 3485 2414 3592 2468; x_wconf 90' lang='lat' dir='ltr'><strong>Cur</strong></span> <span class='ocrx_word' id='word_1_705' title='bbox 3633 2417 3872 2473; x_wconf 83' lang='lat' dir='ltr'><strong>arbores</strong></span> 
     </span>
    </p>
   </div>
   <div class='ocr_carea' id='block_1_85' title="bbox 2255 2503 3865 2576">
    <p class='ocr_par' dir='ltr' id='par_1_85' title="bbox 2255 2503 3865 2576">
     <span class='ocr_line' id='line_1_85' title="bbox 2255 2503 3865 2576; baseline 0.004 -21"><span class='ocrx_word' id='word_1_706' title='bbox 2255 2503 2483 2573; x_wconf 89' lang='lat' dir='ltr'><strong>plantas,</strong></span> <span class='ocrx_word' id='word_1_707' title='bbox 2517 2503 2711 2572; x_wconf 90' lang='lat' dir='ltr'><strong>quibus</strong></span> <span class='ocrx_word' id='word_1_708' title='bbox 2745 2518 2849 2555; x_wconf 94' lang='lat' dir='ltr'><strong>non</strong></span> <span class='ocrx_word' id='word_1_709' title='bbox 2893 2503 3121 2565; x_wconf 85' lang='lat' dir='ltr'><strong>frueris;</strong></span> <span class='ocrx_word' id='word_1_710' title='bbox 3171 2504 3265 2558; x_wconf 83' lang='lat' dir='ltr'><strong>sed</strong></span> <span class='ocrx_word' id='word_1_711' title='bbox 3314 2515 3599 2576; x_wconf 86' lang='lat' dir='ltr'><strong>antequam</strong></span> <span class='ocrx_word' id='word_1_712' title='bbox 3635 2506 3865 2575; x_wconf 72' lang='lat' dir='ltr'><strong>fruaris,</strong></span> 
     </span>
    </p>
   </div>
   <div class='ocr_carea' id='block_1_86' title="bbox 2255 2597 3868 2667">
    <p class='ocr_par' dir='ltr' id='par_1_86' title="bbox 2255 2597 3868 2667">
     <span class='ocr_line' id='line_1_86' title="bbox 2255 2597 3868 2667; baseline 0.004 -17"><span class='ocrx_word' id='word_1_713' title='bbox 2255 2613 2401 2651; x_wconf 91' lang='lat' dir='ltr'><strong>mors</strong></span> <span class='ocrx_word' id='word_1_714' title='bbox 2428 2598 2687 2652; x_wconf 88' lang='lat' dir='ltr'><strong>invadens</strong></span> <span class='ocrx_word' id='word_1_715' title='bbox 2719 2606 2769 2650; x_wconf 87' lang='lat' dir='ltr'><strong>te</strong></span> <span class='ocrx_word' id='word_1_716' title='bbox 2800 2598 3066 2666; x_wconf 71' lang='lat' dir='ltr'><strong>abripiet!</strong></span> <span class='ocrx_word' id='word_1_717' title='bbox 3100 2597 3224 2653; x_wconf 79' lang='lat' dir='ltr'><strong>lla-c</strong></span> <span class='ocrx_word' id='word_1_718' title='bbox 3250 2601 3431 2667; x_wconf 87' lang='lat' dir='ltr'><strong>arbor,</strong></span> <span class='ocrx_word' id='word_1_719' title='bbox 3463 2616 3586 2655; x_wconf 91' lang='lat' dir='ltr'><strong>cum</strong></span> <span class='ocrx_word' id='word_1_720' title='bbox 3612 2613 3868 2657; x_wconf 85' lang='lat' dir='ltr'><strong>mortuus</strong></span> 
     </span>
    </p>
   </div>
   <div class='ocr_carea' id='block_1_87' title="bbox 2253 2677 3866 2765">
    <p class='ocr_par' dir='ltr' id='par_1_87' title="bbox 2253 2677 3866 2765">
     <span class='ocr_line' id='line_1_87' title="bbox 2253 2677 3866 2765; baseline 0.005 -24"><span class='ocrx_word' id='word_1_721' title='bbox 2253 2686 2438 2757; x_wconf 88' lang='lat' dir='ltr'><strong>fueris,</strong></span> <span class='ocrx_word' id='word_1_722' title='bbox 2471 2697 2596 2743; x_wconf 93' lang='lat' dir='ltr'><strong>tunc</strong></span> <span class='ocrx_word' id='word_1_723' title='bbox 2624 2689 2714 2743; x_wconf 92' lang='lat' dir='ltr'><strong>tibi</strong></span> <span class='ocrx_word' id='word_1_724' title='bbox 2746 2688 2974 2744; x_wconf 85' lang='lat' dir='ltr'><strong>fructum</strong></span> <span class='ocrx_word' id='word_1_725' title='bbox 3016 2677 3184 2745; x_wconf 76' lang='lat' dir='ltr'><strong>dabit.</strong></span> <span class='ocrx_word' id='word_1_726' title='bbox 3221 2690 3275 2746; x_wconf 91' lang='lat' dir='ltr'><strong>Si</strong></span> <span class='ocrx_word' id='word_1_727' title='bbox 3308 2691 3513 2760; x_wconf 58' lang='lat' dir='ltr'><strong>plantes-</strong></span> <span class='ocrx_word' id='word_1_728' title='bbox 3535 2734 3550 2758; x_wconf 91' lang='lat'><strong>,</strong></span> <span class='ocrx_word' id='word_1_729' title='bbox 3582 2709 3650 2748; x_wconf 87' lang='lat' dir='ltr'><strong>ne</strong></span> <span class='ocrx_word' id='word_1_730' title='bbox 3678 2695 3730 2748; x_wconf 93' lang='lat' dir='ltr'><strong>in</strong></span> <span class='ocrx_word' id='word_1_731' title='bbox 3764 2711 3866 2765; x_wconf 84' lang='lat' dir='ltr'><strong>ga-</strong></span> 
     </span>
    </p>
   </div>
   <div class='ocr_carea' id='block_1_88' title="bbox 2253 2782 3867 2851">
    <p class='ocr_par' dir='ltr' id='par_1_88' title="bbox 2253 2782 3867 2851">
     <span class='ocr_line' id='line_1_88' title="bbox 2253 2782 3867 2851; baseline 0.004 -16"><span class='ocrx_word' id='word_1_732' title='bbox 2253 2782 2570 2850; x_wconf 73' lang='lat' dir='ltr'><strong>SIrimargiae</strong></span> <span class='ocrx_word' id='word_1_733' title='bbox 2617 2792 2806 2835; x_wconf 89' lang='lat' dir='ltr'><strong>ventre</strong></span> <span class='ocrx_word' id='word_1_734' title='bbox 2857 2782 3102 2851; x_wconf 91' lang='lat' dir='ltr'><strong>plantes,</strong></span> <span class='ocrx_word' id='word_1_735' title='bbox 3149 2797 3215 2837; x_wconf 91' lang='lat' dir='ltr'><strong>ne</strong></span> <span class='ocrx_word' id='word_1_736' title='bbox 3243 2783 3295 2836; x_wconf 91' lang='lat' dir='ltr'><strong>in</strong></span> <span class='ocrx_word' id='word_1_737' title='bbox 3327 2798 3598 2838; x_wconf 90' lang='lat' dir='ltr'><strong>secessum</strong></span> <span class='ocrx_word' id='word_1_738' title='bbox 3650 2784 3867 2842; x_wconf 89' lang='lat' dir='ltr'><strong>fructus</strong></span> 
     </span>
    </p>
   </div>
   <div class='ocr_carea' id='block_1_89' title="bbox 2251 2871 3864 2941">
    <p class='ocr_par' dir='ltr' id='par_1_89' title="bbox 2251 2871 3864 2941">
     <span class='ocr_line' id='line_1_89' title="bbox 2251 2871 3864 2941; baseline 0.004 -15"><span class='ocrx_word' id='word_1_739' title='bbox 2251 2883 2437 2937; x_wconf 88' lang='lat' dir='ltr'><strong>exeat;</strong></span> <span class='ocrx_word' id='word_1_740' title='bbox 2480 2871 2573 2926; x_wconf 88' lang='lat' dir='ltr'><strong>sed</strong></span> <span class='ocrx_word' id='word_1_741' title='bbox 2604 2871 2785 2941; x_wconf 88' lang='lat' dir='ltr'><strong>planta</strong></span> <span class='ocrx_word' id='word_1_742' title='bbox 2835 2873 2886 2926; x_wconf 91' lang='lat' dir='ltr'><strong>in</strong></span> <span class='ocrx_word' id='word_1_743' title='bbox 2930 2871 3134 2927; x_wconf 84' lang='lat' dir='ltr'><strong>afﬂicto</strong></span> <span class='ocrx_word' id='word_1_744' title='bbox 3178 2885 3388 2939; x_wconf 89' lang='lat' dir='ltr'><strong>ventre,</strong></span> <span class='ocrx_word' id='word_1_745' title='bbox 3439 2884 3496 2928; x_wconf 90' lang='grc' dir='ltr'><strong>ιιι</strong></span> <span class='ocrx_word' id='word_1_746' title='bbox 3540 2873 3750 2930; x_wconf 90' lang='lat' dir='ltr'><strong>fructus</strong></span> <span class='ocrx_word' id='word_1_747' title='bbox 3794 2878 3864 2932; x_wconf 87' lang='lat' dir='ltr'><strong>ad</strong></span> 
     </span>
    </p>
   </div>
   <div class='ocr_carea' id='block_1_90' title="bbox 2251 2964 3865 3041">
    <p class='ocr_par' dir='ltr' id='par_1_90' title="bbox 2251 2964 3865 3041">
     <span class='ocr_line' id='line_1_90' title="bbox 2251 2964 3865 3041; baseline 0.004 -21"><span class='ocrx_word' id='word_1_748' title='bbox 2251 2964 2442 3020; x_wconf 72' lang='lat' dir='ltr'><strong>cmlum</strong></span> <span class='ocrx_word' id='word_1_749' title='bbox 2466 2965 2677 3019; x_wconf 85' lang='lat' dir='ltr'><strong>exsiliat</strong></span> <span class='ocrx_word' id='word_1_750' title='bbox 2711 2985 2725 3019; x_wconf 89' lang='lat'><strong>:</strong></span> <span class='ocrx_word' id='word_1_751' title='bbox 2772 2980 2958 3020; x_wconf 86' lang='lat' dir='ltr'><strong>recrea</strong></span> <span class='ocrx_word' id='word_1_752' title='bbox 2986 2967 3220 3021; x_wconf 89' lang='lat' dir='ltr'><strong>animam</strong></span> <span class='ocrx_word' id='word_1_753' title='bbox 3251 2969 3500 3038; x_wconf 86' lang='lat' dir='ltr'><strong>pauperis</strong></span> <span class='ocrx_word' id='word_1_754' title='bbox 3525 2969 3577 3023; x_wconf 92' lang='lat' dir='ltr'><strong>in</strong></span> <span class='ocrx_word' id='word_1_755' title='bbox 3607 2974 3865 3041; x_wconf 77' lang='lat' dir='ltr'><strong>angustia</strong></span> 
     </span>
    </p>
   </div>
   <div class='ocr_carea' id='block_1_91' title="bbox 2251 3057 3862 3130">
    <p class='ocr_par' dir='ltr' id='par_1_91' title="bbox 2251 3057 3862 3130">
     <span class='ocr_line' id='line_1_91' title="bbox 2251 3057 3862 3130; baseline 0.007 -24"><span class='ocrx_word' id='word_1_756' title='bbox 2251 3057 2541 3122; x_wconf 87' lang='lat' dir='ltr'><strong>versantis,</strong></span> <span class='ocrx_word' id='word_1_757' title='bbox 2571 3066 2629 3109; x_wconf 91' lang='lat' dir='ltr'><strong>ut</strong></span> <span class='ocrx_word' id='word_1_758' title='bbox 2671 3073 2738 3110; x_wconf 89' lang='lat' dir='ltr'><strong>ne</strong></span> <span class='ocrx_word' id='word_1_759' title='bbox 2770 3057 2932 3112; x_wconf 90' lang='lat' dir='ltr'><strong>latam</strong></span> <span class='ocrx_word' id='word_1_760' title='bbox 2962 3067 3103 3112; x_wconf 88' lang='lat' dir='ltr'><strong>tuam</strong></span> <span class='ocrx_word' id='word_1_761' title='bbox 3137 3059 3276 3112; x_wconf 87' lang='lat' dir='ltr'><strong>viam</strong></span> <span class='ocrx_word' id='word_1_762' title='bbox 3308 3072 3505 3115; x_wconf 89' lang='lat' dir='ltr'><strong>arctes.</strong></span> <span class='ocrx_word' id='word_1_763' title='bbox 3539 3060 3656 3116; x_wconf 87' lang='lat' dir='ltr'><strong>Non</strong></span> <span class='ocrx_word' id='word_1_764' title='bbox 3681 3065 3862 3130; x_wconf 86' lang='lat' dir='ltr'><strong>vides,</strong></span> 
     </span>
    </p>
   </div>
   <div class='ocr_carea' id='block_1_92' title="bbox 2252 3149 3867 3225">
    <p class='ocr_par' dir='ltr' id='par_1_92' title="bbox 2252 3149 3867 3225">
     <span class='ocr_line' id='line_1_92' title="bbox 2252 3149 3867 3225; baseline 0.007 -24"><span class='ocrx_word' id='word_1_765' title='bbox 2252 3149 2523 3218; x_wconf 90' lang='lat' dir='ltr'><strong>quomodo</strong></span> <span class='ocrx_word' id='word_1_766' title='bbox 2550 3152 2795 3218; x_wconf 87' lang='lat' dir='ltr'><strong>arbores,</strong></span> <span class='ocrx_word' id='word_1_767' title='bbox 2826 3168 2944 3222; x_wconf 69' lang='lat' dir='ltr'><strong>qum</strong></span> <span class='ocrx_word' id='word_1_768' title='bbox 2974 3155 3092 3208; x_wconf 85' lang='lat' dir='ltr'><strong>sine</strong></span> <span class='ocrx_word' id='word_1_769' title='bbox 3124 3170 3375 3209; x_wconf 86' lang='lat' dir='ltr'><strong>mensura</strong></span> <span class='ocrx_word' id='word_1_770' title='bbox 3405 3158 3680 3225; x_wconf 82' lang='lat' dir='ltr'><strong>rigantur,</strong></span> <span class='ocrx_word' id='word_1_771' title='bbox 3710 3173 3743 3213; x_wconf 80' lang='grc' dir='ltr'><strong>ιι</strong></span> <span class='ocrx_word' id='word_1_772' title='bbox 3775 3176 3867 3213; x_wconf 84' lang='lat' dir='ltr'><strong>ra-</strong></span> 
     </span>
    </p>
   </div>
   <div class='ocr_carea' id='block_1_93' title="bbox 2253 3243 3866 3315">
    <p class='ocr_par' dir='ltr' id='par_1_93' title="bbox 2253 3243 3866 3315">
     <span class='ocr_line' id='line_1_93' title="bbox 2253 3243 3866 3315; baseline 0.006 -20"><span class='ocrx_word' id='word_1_773' title='bbox 2253 3243 2375 3297; x_wconf 87' lang='lat' dir='ltr'><strong>dice</strong></span> <span class='ocrx_word' id='word_1_774' title='bbox 2411 3253 2865 3313; x_wconf 88' lang='lat' dir='ltr'><strong>corrumpantur;</strong></span> <span class='ocrx_word' id='word_1_775' title='bbox 2899 3260 3017 3314; x_wconf 76' lang='lat' dir='ltr'><strong>qure</strong></span> <span class='ocrx_word' id='word_1_776' title='bbox 3048 3257 3224 3300; x_wconf 88' lang='lat' dir='ltr'><strong>autem</strong></span> <span class='ocrx_word' id='word_1_777' title='bbox 3253 3261 3374 3300; x_wconf 87' lang='lat' dir='ltr'><strong>cum</strong></span> <span class='ocrx_word' id='word_1_778' title='bbox 3407 3263 3658 3302; x_wconf 87' lang='lat' dir='ltr'><strong>mensura</strong></span> <span class='ocrx_word' id='word_1_779' title='bbox 3686 3290 3702 3315; x_wconf 96' lang='lat'><strong>,</strong></span> <span class='ocrx_word' id='word_1_780' title='bbox 3732 3266 3866 3305; x_wconf 88' lang='lat' dir='ltr'><strong>cre-</strong></span> 
     </span>
    </p>
   </div>
   <div class='ocr_carea' id='block_1_94' title="bbox 2252 3337 3868 3411">
    <p class='ocr_par' dir='ltr' id='par_1_94' title="bbox 2252 3337 3868 3411">
     <span class='ocr_line' id='line_1_94' title="bbox 2252 3337 3868 3411; baseline 0.004 -20"><span class='ocrx_word' id='word_1_781' title='bbox 2252 3337 2443 3391; x_wconf 85' lang='lat' dir='ltr'><strong>scant?</strong></span> <span class='ocrx_word' id='word_1_782' title='bbox 2474 3337 2546 3391; x_wconf 88' lang='lat' dir='ltr'><strong>ita</strong></span> <span class='ocrx_word' id='word_1_783' title='bbox 2575 3347 2629 3391; x_wconf 90' lang='lat' dir='ltr'><strong>et</strong></span> <span class='ocrx_word' id='word_1_784' title='bbox 2658 3349 2710 3390; x_wconf 90' lang='grc' dir='ltr'><strong>ιιι</strong></span> <span class='ocrx_word' id='word_1_785' title='bbox 2745 3352 2811 3392; x_wconf 91' lang='lat' dir='ltr'><strong>ne</strong></span> <span class='ocrx_word' id='word_1_786' title='bbox 2837 3347 3081 3393; x_wconf 89' lang='lat' dir='ltr'><strong>ventrem</strong></span> <span class='ocrx_word' id='word_1_787' title='bbox 3107 3348 3253 3393; x_wconf 91' lang='lat' dir='ltr'><strong>tuum</strong></span> <span class='ocrx_word' id='word_1_788' title='bbox 3289 3348 3415 3407; x_wconf 90' lang='lat' dir='ltr'><strong>potu</strong></span> <span class='ocrx_word' id='word_1_789' title='bbox 3444 3340 3767 3411; x_wconf 84' lang='lat' dir='ltr'><strong>ingurgites,</strong></span> <span class='ocrx_word' id='word_1_790' title='bbox 3794 3358 3868 3399; x_wconf 88' lang='lat' dir='ltr'><strong>ne</strong></span> 
     </span>
    </p>
   </div>
   <div class='ocr_carea' id='block_1_95' title="bbox 2254 3427 3864 3498">
    <p class='ocr_par' dir='ltr' id='par_1_95' title="bbox 2254 3427 3864 3498">
     <span class='ocr_line' id='line_1_95' title="bbox 2254 3427 3864 3498; baseline 0.007 -20"><span class='ocrx_word' id='word_1_791' title='bbox 2254 3428 2750 3495; x_wconf 88' lang='lat' dir='ltr'><strong>putrescatarhoris</strong></span> <span class='ocrx_word' id='word_1_792' title='bbox 2773 3427 2923 3482; x_wconf 78' lang='lat' dir='ltr'><strong>radix</strong></span> <span class='ocrx_word' id='word_1_793' title='bbox 2952 3443 2964 3478; x_wconf 94' lang='lat'>:</span> <span class='ocrx_word' id='word_1_794' title='bbox 2989 3440 3169 3498; x_wconf 91' lang='lat' dir='ltr'><strong>potum</strong></span> <span class='ocrx_word' id='word_1_795' title='bbox 3201 3429 3266 3482; x_wconf 90' lang='lat' dir='ltr'><strong>da</strong></span> <span class='ocrx_word' id='word_1_796' title='bbox 3290 3431 3514 3494; x_wconf 87' lang='lat' dir='ltr'><strong>sitienti,</strong></span> <span class='ocrx_word' id='word_1_797' title='bbox 3542 3443 3597 3485; x_wconf 92' lang='lat' dir='ltr'><strong>ut</strong></span> <span class='ocrx_word' id='word_1_798' title='bbox 3617 3431 3864 3490; x_wconf 89' lang='lat' dir='ltr'><strong>fructum</strong></span> 
     </span>
    </p>
   </div>
   <div class='ocr_carea' id='block_1_96' title="bbox 2252 3517 3866 3594">
    <p class='ocr_par' dir='ltr' id='par_1_96' title="bbox 2252 3517 3866 3594">
     <span class='ocr_line' id='line_1_96' title="bbox 2252 3517 3866 3594; baseline 0.007 -22"><span class='ocrx_word' id='word_1_799' title='bbox 2252 3517 2406 3573; x_wconf 86' lang='lat' dir='ltr'><strong>ferat.</strong></span> <span class='ocrx_word' id='word_1_800' title='bbox 2440 3518 2571 3586; x_wconf 67' lang='lat' dir='ltr'><strong>Qum</strong></span> <span class='ocrx_word' id='word_1_801' title='bbox 2598 3520 2875 3575; x_wconf 87' lang='lat' dir='ltr'><strong>moderate</strong></span> <span class='ocrx_word' id='word_1_802' title='bbox 2904 3531 3086 3590; x_wconf 91' lang='lat' dir='ltr'><strong>potum</strong></span> <span class='ocrx_word' id='word_1_803' title='bbox 3118 3522 3406 3591; x_wconf 86' lang='lat' dir='ltr'><strong>accipiunt,</strong></span> <span class='ocrx_word' id='word_1_804' title='bbox 3433 3539 3540 3577; x_wconf 91' lang='lat' dir='ltr'><strong>non</strong></span> <span class='ocrx_word' id='word_1_805' title='bbox 3567 3525 3866 3594; x_wconf 84' lang='lat' dir='ltr'><strong>putrefaeit</strong></span> 
     </span>
    </p>
   </div>
   <div class='ocr_carea' id='block_1_97' title="bbox 2252 3610 3867 3684">
    <p class='ocr_par' dir='ltr' id='par_1_97' title="bbox 2252 3610 3867 3684">
     <span class='ocr_line' id='line_1_97' title="bbox 2252 3610 3867 3684; baseline 0.007 -21"><span class='ocrx_word' id='word_1_806' title='bbox 2252 3610 2356 3676; x_wconf 88' lang='lat' dir='ltr'><strong>sol,</strong></span> <span class='ocrx_word' id='word_1_807' title='bbox 2377 3611 2470 3665; x_wconf 86' lang='lat' dir='ltr'><strong>sed</strong></span> <span class='ocrx_word' id='word_1_808' title='bbox 2502 3626 2623 3679; x_wconf 81' lang='lat' dir='ltr'><strong>qua:</strong></span> <span class='ocrx_word' id='word_1_809' title='bbox 2648 3610 3005 3667; x_wconf 86' lang='lat' dir='ltr'><strong>immoderate</strong></span> <span class='ocrx_word' id='word_1_810' title='bbox 3035 3613 3052 3644; x_wconf 80' lang='grc' dir='ltr'>ί</span> <span class='ocrx_word' id='word_1_811' title='bbox 3084 3628 3098 3664; x_wconf 91' lang='lat'>:</span> <span class='ocrx_word' id='word_1_812' title='bbox 3127 3613 3242 3666; x_wconf 87' lang='lat' dir='ltr'><strong>talis</strong></span> <span class='ocrx_word' id='word_1_813' title='bbox 3269 3614 3470 3684; x_wconf 92' lang='lat' dir='ltr'><strong>quippe</strong></span> <span class='ocrx_word' id='word_1_814' title='bbox 3495 3623 3579 3669; x_wconf 87' lang='lat' dir='ltr'><strong>est</strong></span> <span class='ocrx_word' id='word_1_815' title='bbox 3598 3616 3730 3670; x_wconf 87' lang='lat' dir='ltr'><strong>solis</strong></span> <span class='ocrx_word' id='word_1_816' title='bbox 3765 3635 3867 3674; x_wconf 82' lang='lat' dir='ltr'><strong>na-</strong></span> 
     </span>
    </p>
   </div>
   <div class='ocr_carea' id='block_1_98' title="bbox 2251 3703 3863 3778">
    <p class='ocr_par' dir='ltr' id='par_1_98' title="bbox 2251 3703 3863 3778">
     <span class='ocr_line' id='line_1_98' title="bbox 2251 3703 3863 3778; baseline 0.006 -20"><span class='ocrx_word' id='word_1_817' title='bbox 2251 3712 2389 3758; x_wconf 91' lang='lat' dir='ltr'><strong>tura.</strong></span> <span class='ocrx_word' id='word_1_818' title='bbox 2429 3703 2637 3775; x_wconf 87' lang='lat' dir='ltr'><strong>Ubique</strong></span> <span class='ocrx_word' id='word_1_819' title='bbox 2667 3705 2806 3759; x_wconf 89' lang='lat' dir='ltr'><strong>mala</strong></span> <span class='ocrx_word' id='word_1_820' title='bbox 2852 3714 2938 3760; x_wconf 90' lang='lat' dir='ltr'><strong>est</strong></span> <span class='ocrx_word' id='word_1_821' title='bbox 2978 3705 3354 3762; x_wconf 90' lang='lat' dir='ltr'><strong>immoderatio</strong></span> <span class='ocrx_word' id='word_1_822' title='bbox 3380 3725 3395 3763; x_wconf 90' lang='lat'><strong>:</strong></span> <span class='ocrx_word' id='word_1_823' title='bbox 3423 3709 3654 3778; x_wconf 88' lang='lat' dir='ltr'><strong>ideoque</strong></span> <span class='ocrx_word' id='word_1_824' title='bbox 3705 3710 3863 3768; x_wconf 87' lang='lat' dir='ltr'><strong>illam</strong></span> 
     </span>
    </p>
   </div>
   <div class='ocr_carea' id='block_1_99' title="bbox 2251 3795 3866 3868">
    <p class='ocr_par' dir='ltr' id='par_1_99' title="bbox 2251 3795 3866 3868">
     <span class='ocr_line' id='line_1_99' title="bbox 2251 3795 3866 3868; baseline 0.004 -19"><span class='ocrx_word' id='word_1_825' title='bbox 2251 3795 2649 3859; x_wconf 78' lang='lat' dir='ltr'><strong>exsciudamus,</strong></span> <span class='ocrx_word' id='word_1_826' title='bbox 2685 3805 2742 3849; x_wconf 95' lang='lat' dir='ltr'><strong>ut</strong></span> <span class='ocrx_word' id='word_1_827' title='bbox 2767 3811 2885 3865; x_wconf 80' lang='lat' dir='ltr'><strong>qua:</strong></span> <span class='ocrx_word' id='word_1_828' title='bbox 2908 3797 3142 3866; x_wconf 88' lang='lat' dir='ltr'><strong>petimus</strong></span> <span class='ocrx_word' id='word_1_829' title='bbox 3171 3812 3544 3868; x_wconf 86' lang='lat' dir='ltr'><strong>assequamur.</strong></span> <span class='ocrx_word' id='word_1_830' title='bbox 3570 3800 3625 3853; x_wconf 85' lang='lat' dir='ltr'><strong>in</strong></span> <span class='ocrx_word' id='word_1_831' title='bbox 3655 3800 3866 3857; x_wconf 87' lang='lat' dir='ltr'><strong>altissi-</strong></span> 
     </span>
    </p>
   </div>
   <div class='ocr_carea' id='block_1_100' title="bbox 2250 3889 3865 3963">
    <p class='ocr_par' dir='ltr' id='par_1_100' title="bbox 2250 3889 3865 3963">
     <span class='ocr_line' id='line_1_100' title="bbox 2250 3889 3865 3963; baseline 0.005 -19"><span class='ocrx_word' id='word_1_832' title='bbox 2250 3890 2354 3944; x_wconf 90' lang='lat' dir='ltr'><strong>mis</strong></span> <span class='ocrx_word' id='word_1_833' title='bbox 2399 3889 2530 3944; x_wconf 88' lang='lat' dir='ltr'><strong>loeis</strong></span> <span class='ocrx_word' id='word_1_834' title='bbox 2559 3891 2812 3944; x_wconf 87' lang='lat' dir='ltr'><strong>dicuntur</strong></span> <span class='ocrx_word' id='word_1_835' title='bbox 2851 3891 3026 3945; x_wconf 80' lang='lat' dir='ltr'><strong>fontes</strong></span> <span class='ocrx_word' id='word_1_836' title='bbox 3067 3891 3220 3945; x_wconf 91' lang='lat' dir='ltr'><strong>oriri.</strong></span> <span class='ocrx_word' id='word_1_837' title='bbox 3263 3891 3403 3963; x_wconf 78' lang='lat' dir='ltr'><strong>Ergo</strong></span> <span class='ocrx_word' id='word_1_838' title='bbox 3433 3894 3602 3948; x_wconf 91' lang='lat' dir='ltr'><strong>simus</strong></span> <span class='ocrx_word' id='word_1_839' title='bbox 3646 3905 3702 3950; x_wconf 90' lang='lat' dir='ltr'><strong>et</strong></span> <span class='ocrx_word' id='word_1_840' title='bbox 3754 3912 3865 3952; x_wconf 90' lang='lat' dir='ltr'><strong>nos</strong></span> 
     </span>
    </p>
   </div>
   <div class='ocr_carea' id='block_1_101' title="bbox 2250 3982 3864 4059">
    <p class='ocr_par' dir='ltr' id='par_1_101' title="bbox 2250 3982 3864 4059">
     <span class='ocr_line' id='line_1_101' title="bbox 2250 3982 3864 4059; baseline 0.004 -21"><span class='ocrx_word' id='word_1_841' title='bbox 2250 3985 2431 4038; x_wconf 83' lang='lat' dir='ltr'><strong>animo</strong></span> <span class='ocrx_word' id='word_1_842' title='bbox 2457 3984 2737 4045; x_wconf 85' lang='lat' dir='ltr'><strong>sublimes.</strong></span> <span class='ocrx_word' id='word_1_843' title='bbox 2772 3992 2825 4038; x_wconf 88' lang='lat' dir='ltr'><strong>et</strong></span> <span class='ocrx_word' id='word_1_844' title='bbox 2853 3982 3198 4055; x_wconf 82' lang='lat' dir='ltr'><strong>elcemosyna</strong></span> <span class='ocrx_word' id='word_1_845' title='bbox 3225 3985 3333 4038; x_wconf 89' lang='lat' dir='ltr'><strong>cito</strong></span> <span class='ocrx_word' id='word_1_846' title='bbox 3361 3985 3622 4041; x_wconf 88' lang='lat' dir='ltr'><strong>manabit.</strong></span> <span class='ocrx_word' id='word_1_847' title='bbox 3667 3987 3864 4059; x_wconf 84' lang='lat' dir='ltr'><strong>Neque</strong></span> 
     </span>
    </p>
   </div>
   <div class='ocr_carea' id='block_1_102' title="bbox 2250 4077 3863 4145">
    <p class='ocr_par' dir='ltr' id='par_1_102' title="bbox 2250 4077 3863 4145">
     <span class='ocr_line' id='line_1_102' title="bbox 2250 4077 3863 4145; baseline 0.003 -15"><span class='ocrx_word' id='word_1_848' title='bbox 2250 4078 2392 4130; x_wconf 92' lang='lat' dir='ltr'><strong>enim</strong></span> <span class='ocrx_word' id='word_1_849' title='bbox 2420 4086 2596 4145; x_wconf 83' lang='lat' dir='ltr'><strong>potest</strong></span> <span class='ocrx_word' id='word_1_850' title='bbox 2616 4077 2862 4131; x_wconf 81' lang='lat' dir='ltr'><strong>sublimis</strong></span> <span class='ocrx_word' id='word_1_851' title='bbox 2903 4077 3080 4131; x_wconf 90' lang='lat' dir='ltr'><strong>anima</strong></span> <span class='ocrx_word' id='word_1_852' title='bbox 3116 4094 3220 4131; x_wconf 89' lang='lat' dir='ltr'><strong>non</strong></span> <span class='ocrx_word' id='word_1_853' title='bbox 3253 4079 3580 4143; x_wconf 87' lang='lat' dir='ltr'><strong>misericors,</strong></span> <span class='ocrx_word' id='word_1_854' title='bbox 3613 4091 3666 4135; x_wconf 88' lang='lat' dir='ltr'><strong>et</strong></span> <span class='ocrx_word' id='word_1_855' title='bbox 3698 4082 3863 4136; x_wconf 81' lang='lat' dir='ltr'><strong>mise-</strong></span> 
     </span>
    </p>
   </div>
   <div class='ocr_carea' id='block_1_103' title="bbox 2252 4167 3857 4243">
    <p class='ocr_par' dir='ltr' id='par_1_103' title="bbox 2252 4167 3857 4243">
     <span class='ocr_line' id='line_1_103' title="bbox 2252 4167 3857 4243; baseline 0.004 -22"><span class='ocrx_word' id='word_1_856' title='bbox 2252 4167 2422 4221; x_wconf 85' lang='lat' dir='ltr'><strong>ricors</strong></span> <span class='ocrx_word' id='word_1_857' title='bbox 2453 4183 2558 4222; x_wconf 91' lang='lat' dir='ltr'><strong>non</strong></span> <span class='ocrx_word' id='word_1_858' title='bbox 2588 4169 2835 4223; x_wconf 88' lang='lat' dir='ltr'><strong>sublimis</strong></span> <span class='ocrx_word' id='word_1_859' title='bbox 2857 4185 3000 4224; x_wconf 87' lang='lat' dir='ltr'><strong>esse.</strong></span> <span class='ocrx_word' id='word_1_860' title='bbox 3032 4169 3132 4237; x_wconf 91' lang='lat' dir='ltr'><strong>Qui</strong></span> <span class='ocrx_word' id='word_1_861' title='bbox 3160 4185 3289 4241; x_wconf 86' lang='lat' dir='ltr'><strong>ergo</strong></span> <span class='ocrx_word' id='word_1_862' title='bbox 3318 4173 3575 4242; x_wconf 90' lang='lat' dir='ltr'><strong>pecunias</strong></span> <span class='ocrx_word' id='word_1_863' title='bbox 3597 4171 3857 4243; x_wconf 87' lang='lat' dir='ltr'><strong>despicit,</strong></span> 
     </span>
    </p>
   </div>
   <div class='ocr_carea' id='block_1_104' title="bbox 2252 4259 3859 4331">
    <p class='ocr_par' dir='ltr' id='par_1_104' title="bbox 2252 4259 3859 4331">
     <span class='ocr_line' id='line_1_104' title="bbox 2252 4259 3859 4331; baseline 0.006 -18"><span class='ocrx_word' id='word_1_864' title='bbox 2252 4259 2434 4313; x_wconf 89' lang='lat' dir='ltr'><strong>radice</strong></span> <span class='ocrx_word' id='word_1_865' title='bbox 2461 4260 2727 4315; x_wconf 89' lang='lat' dir='ltr'><strong>malorum</strong></span> <span class='ocrx_word' id='word_1_866' title='bbox 2756 4262 3001 4331; x_wconf 88' lang='lat' dir='ltr'><strong>superior</strong></span> <span class='ocrx_word' id='word_1_867' title='bbox 3028 4270 3130 4318; x_wconf 90' lang='lat' dir='ltr'><strong>est.</strong></span> <span class='ocrx_word' id='word_1_868' title='bbox 3153 4262 3353 4317; x_wconf 83' lang='lat' dir='ltr'><strong>Fontes</strong></span> <span class='ocrx_word' id='word_1_869' title='bbox 3383 4264 3435 4317; x_wconf 89' lang='lat' dir='ltr'><strong>in</strong></span> <span class='ocrx_word' id='word_1_870' title='bbox 3466 4263 3698 4319; x_wconf 90' lang='lat' dir='ltr'><strong>desertis</strong></span> <span class='ocrx_word' id='word_1_871' title='bbox 3727 4277 3859 4322; x_wconf 88' lang='lat' dir='ltr'><strong>sunt</strong></span> 
     </span>
    </p>
   </div>
   <div class='ocr_carea' id='block_1_105' title="bbox 2251 4353 3854 4425">
    <p class='ocr_par' dir='ltr' id='par_1_105' title="bbox 2251 4353 3854 4425">
     <span class='ocr_line' id='line_1_105' title="bbox 2251 4353 3854 4425; baseline 0.003 -17"><span class='ocrx_word' id='word_1_872' title='bbox 2251 4363 2311 4408; x_wconf 89' lang='lat' dir='ltr'><strong>ut</strong></span> <span class='ocrx_word' id='word_1_873' title='bbox 2339 4353 2625 4424; x_wconf 91' lang='lat' dir='ltr'><strong>plurimum</strong></span> <span class='ocrx_word' id='word_1_874' title='bbox 2659 4373 2670 4407; x_wconf 94' lang='lat'>:</span> <span class='ocrx_word' id='word_1_875' title='bbox 2702 4363 2756 4408; x_wconf 92' lang='lat' dir='ltr'><strong>et</strong></span> <span class='ocrx_word' id='word_1_876' title='bbox 2786 4369 2883 4409; x_wconf 92' lang='lat' dir='ltr'><strong>nos</strong></span> <span class='ocrx_word' id='word_1_877' title='bbox 2909 4356 3141 4409; x_wconf 89' lang='lat' dir='ltr'><strong>animam</strong></span> <span class='ocrx_word' id='word_1_878' title='bbox 3172 4371 3240 4410; x_wconf 81' lang='lat' dir='ltr'><strong>ex</strong></span> <span class='ocrx_word' id='word_1_879' title='bbox 3267 4357 3499 4411; x_wconf 90' lang='lat' dir='ltr'><strong>tumultu</strong></span> <span class='ocrx_word' id='word_1_880' title='bbox 3534 4356 3854 4425; x_wconf 87' lang='lat' dir='ltr'><strong>educamus,</strong></span> 
     </span>
    </p>
   </div>
   <div class='ocr_carea' id='block_1_106' title="bbox 2251 4444 3861 4519">
    <p class='ocr_par' dir='ltr' id='par_1_106' title="bbox 2251 4444 3861 4519">
     <span class='ocr_line' id='line_1_106' title="bbox 2251 4444 3861 4519; baseline 0.004 -21"><span class='ocrx_word' id='word_1_881' title='bbox 2251 4453 2304 4498; x_wconf 89' lang='lat' dir='ltr'><strong>et</strong></span> <span class='ocrx_word' id='word_1_882' title='bbox 2335 4444 2474 4513; x_wconf 91' lang='lat' dir='ltr'><strong>apud</strong></span> <span class='ocrx_word' id='word_1_883' title='bbox 2527 4460 2624 4498; x_wconf 91' lang='lat' dir='ltr'><strong>nos</strong></span> <span class='ocrx_word' id='word_1_884' title='bbox 2676 4445 2934 4499; x_wconf 77' lang='lat' dir='ltr'><strong>scaturiat</strong></span> <span class='ocrx_word' id='word_1_885' title='bbox 2984 4446 3350 4516; x_wconf 83' lang='lat' dir='ltr'><strong>eleemosyna.</strong></span> <span class='ocrx_word' id='word_1_886' title='bbox 3402 4446 3604 4504; x_wconf 83' lang='lat' dir='ltr'><strong>Fontes</strong></span> <span class='ocrx_word' id='word_1_887' title='bbox 3650 4459 3861 4519; x_wconf 85' lang='lat' dir='ltr'><strong>quanto</strong></span> 
     </span>
    </p>
   </div>
   <div class='ocr_carea' id='block_1_107' title="bbox 2252 4535 3860 4609">
    <p class='ocr_par' dir='ltr' id='par_1_107' title="bbox 2252 4535 3860 4609">
     <span class='ocr_line' id='line_1_107' title="bbox 2252 4535 3860 4609; baseline 0.003 -21"><span class='ocrx_word' id='word_1_888' title='bbox 2252 4537 2421 4603; x_wconf 79' lang='lat' dir='ltr'><strong>magis</strong></span> <span class='ocrx_word' id='word_1_889' title='bbox 2449 4543 2760 4604; x_wconf 83' lang='lat' dir='ltr'><strong>purgantur,</strong></span> <span class='ocrx_word' id='word_1_890' title='bbox 2802 4542 2949 4588; x_wconf 90' lang='lat' dir='ltr'><strong>tanto</strong></span> <span class='ocrx_word' id='word_1_891' title='bbox 2981 4535 3256 4590; x_wconf 90' lang='lat' dir='ltr'><strong>uberiores</strong></span> <span class='ocrx_word' id='word_1_892' title='bbox 3277 4545 3440 4591; x_wconf 90' lang='lat' dir='ltr'><strong>sunt:</strong></span> <span class='ocrx_word' id='word_1_893' title='bbox 3473 4538 3542 4592; x_wconf 82' lang='lat' dir='ltr'><strong>ita</strong></span> <span class='ocrx_word' id='word_1_894' title='bbox 3573 4555 3672 4593; x_wconf 90' lang='lat' dir='ltr'><strong>nos</strong></span> <span class='ocrx_word' id='word_1_895' title='bbox 3716 4556 3860 4609; x_wconf 85' lang='lat' dir='ltr'><strong>quo-</strong></span> 
     </span>
    </p>
   </div>
   <div class='ocr_carea' id='block_1_108' title="bbox 2250 4628 3856 4699">
    <p class='ocr_par' dir='ltr' id='par_1_108' title="bbox 2250 4628 3856 4699">
     <span class='ocr_line' id='line_1_108' title="bbox 2250 4628 3856 4699; baseline 0.006 -21"><span class='ocrx_word' id='word_1_896' title='bbox 2250 4643 2373 4696; x_wconf 90' lang='lat' dir='ltr'><strong>que,</strong></span> <span class='ocrx_word' id='word_1_897' title='bbox 2400 4642 2504 4696; x_wconf 93' lang='lat' dir='ltr'><strong>quo</strong></span> <span class='ocrx_word' id='word_1_898' title='bbox 2532 4628 2700 4696; x_wconf 84' lang='lat' dir='ltr'><strong>magis</strong></span> <span class='ocrx_word' id='word_1_899' title='bbox 2719 4629 3072 4694; x_wconf 90' lang='lat' dir='ltr'><strong>insumemus,</strong></span> <span class='ocrx_word' id='word_1_900' title='bbox 3097 4636 3152 4682; x_wconf 84' lang='lat' dir='ltr'><strong>et</strong></span> <span class='ocrx_word' id='word_1_901' title='bbox 3170 4629 3338 4699; x_wconf 88' lang='lat' dir='ltr'><strong>magis</strong></span> <span class='ocrx_word' id='word_1_902' title='bbox 3365 4630 3501 4684; x_wconf 92' lang='lat' dir='ltr'><strong>bona</strong></span> <span class='ocrx_word' id='word_1_903' title='bbox 3530 4635 3856 4688; x_wconf 74' lang='lat' dir='ltr'><strong>scatat-ient.</strong></span> 
     </span>
    </p>
   </div>
   <div class='ocr_carea' id='block_1_109' title="bbox 2250 4717 3857 4784">
    <p class='ocr_par' dir='ltr' id='par_1_109' title="bbox 2250 4717 3857 4784">
     <span class='ocr_line' id='line_1_109' title="bbox 2250 4717 3857 4784; baseline 0.006 -15"><span class='ocrx_word' id='word_1_904' title='bbox 2250 4717 2348 4784; x_wconf 86' lang='lat' dir='ltr'><strong>Qui</strong></span> <span class='ocrx_word' id='word_1_905' title='bbox 2380 4718 2578 4770; x_wconf 83' lang='lat' dir='ltr'><strong>fontem</strong></span> <span class='ocrx_word' id='word_1_906' title='bbox 2621 4717 2799 4781; x_wconf 86' lang='lat' dir='ltr'><strong>habet,</strong></span> <span class='ocrx_word' id='word_1_907' title='bbox 2835 4732 2940 4770; x_wconf 91' lang='lat' dir='ltr'><strong>non</strong></span> <span class='ocrx_word' id='word_1_908' title='bbox 2977 4718 3128 4772; x_wconf 90' lang='lat' dir='ltr'><strong>timet</strong></span> <span class='ocrx_word' id='word_1_909' title='bbox 3158 4735 3169 4771; x_wconf 91' lang='lat'><strong>:</strong></span> <span class='ocrx_word' id='word_1_910' title='bbox 3202 4719 3246 4773; x_wconf 92' lang='lat' dir='ltr'><strong>si</strong></span> <span class='ocrx_word' id='word_1_911' title='bbox 3275 4734 3405 4784; x_wconf 67' lang='lat' dir='ltr'><strong>ergo</strong></span> <span class='ocrx_word' id='word_1_912' title='bbox 3436 4732 3484 4775; x_wconf 89' lang='lat' dir='ltr'><strong>et</strong></span> <span class='ocrx_word' id='word_1_913' title='bbox 3519 4736 3619 4777; x_wconf 86' lang='lat' dir='ltr'><strong>nos</strong></span> <span class='ocrx_word' id='word_1_914' title='bbox 3647 4722 3857 4779; x_wconf 83' lang='lat' dir='ltr'><strong>fontem</strong></span> 
     </span>
    </p>
   </div>
   <div class='ocr_carea' id='block_1_110' title="bbox 2250 4808 3858 4883">
    <p class='ocr_par' dir='ltr' id='par_1_110' title="bbox 2250 4808 3858 4883">
     <span class='ocr_line' id='line_1_110' title="bbox 2250 4808 3858 4883; baseline 0.002 -22"><span class='ocrx_word' id='word_1_915' title='bbox 2250 4808 2543 4864; x_wconf 81' lang='lat' dir='ltr'><strong>habeamus</strong></span> <span class='ocrx_word' id='word_1_916' title='bbox 2573 4808 3000 4877; x_wconf 86' lang='lat' dir='ltr'><strong>eleemosynam,</strong></span> <span class='ocrx_word' id='word_1_917' title='bbox 3028 4824 3132 4862; x_wconf 92' lang='lat' dir='ltr'><strong>non</strong></span> <span class='ocrx_word' id='word_1_918' title='bbox 3160 4811 3487 4868; x_wconf 89' lang='lat' dir='ltr'><strong>timebimus.</strong></span> <span class='ocrx_word' id='word_1_919' title='bbox 3525 4813 3621 4866; x_wconf 89' lang='lat' dir='ltr'><strong>llic</strong></span> <span class='ocrx_word' id='word_1_920' title='bbox 3649 4816 3858 4883; x_wconf 75' lang='lat' dir='ltr'><strong>quippe</strong></span> 
     </span>
    </p>
   </div>
   <div class='ocr_carea' id='block_1_111' title="bbox 2251 4898 3855 4968">
    <p class='ocr_par' dir='ltr' id='par_1_111' title="bbox 2251 4898 3855 4968">
     <span class='ocr_line' id='line_1_111' title="bbox 2251 4898 3855 4968; baseline 0.003 -16"><span class='ocrx_word' id='word_1_921' title='bbox 2251 4898 2372 4953; x_wconf 88' lang='lat' dir='ltr'><strong>fons</strong></span> <span class='ocrx_word' id='word_1_922' title='bbox 2394 4899 2458 4952; x_wconf 91' lang='lat' dir='ltr'><strong>ad</strong></span> <span class='ocrx_word' id='word_1_923' title='bbox 2486 4909 2691 4968; x_wconf 89' lang='lat' dir='ltr'><strong>potmn,</strong></span> <span class='ocrx_word' id='word_1_924' title='bbox 2725 4899 2791 4952; x_wconf 86' lang='lat' dir='ltr'><strong>ad</strong></span> <span class='ocrx_word' id='word_1_925' title='bbox 2823 4900 3208 4967; x_wconf 80' lang='lat' dir='ltr'><strong>irrigatidnem,</strong></span> <span class='ocrx_word' id='word_1_926' title='bbox 3243 4901 3309 4955; x_wconf 89' lang='lat' dir='ltr'><strong>ad</strong></span> <span class='ocrx_word' id='word_1_927' title='bbox 3349 4903 3598 4966; x_wconf 62' lang='lat' dir='ltr'><strong>agdiﬂcia,</strong></span> <span class='ocrx_word' id='word_1_928' title='bbox 3631 4905 3694 4959; x_wconf 89' lang='lat' dir='ltr'><strong>ad</strong></span> <span class='ocrx_word' id='word_1_929' title='bbox 3731 4922 3855 4959; x_wconf 79' lang='grc' dir='ltr'>οιιι-</span> 
     </span>
    </p>
   </div>
   <div class='ocr_carea' id='block_1_112' title="bbox 2253 4993 3861 5064">
    <p class='ocr_par' dir='ltr' id='par_1_112' title="bbox 2253 4993 3861 5064">
     <span class='ocr_line' id='line_1_112' title="bbox 2253 4993 3861 5064; baseline 0.003 -17"><span class='ocrx_word' id='word_1_930' title='bbox 2253 4995 2338 5047; x_wconf 87' lang='lat' dir='ltr'><strong>nia</strong></span> <span class='ocrx_word' id='word_1_931' title='bbox 2386 4993 2539 5047; x_wconf 88' lang='lat' dir='ltr'><strong>nobis</strong></span> <span class='ocrx_word' id='word_1_932' title='bbox 2585 4994 2735 5046; x_wconf 91' lang='lat' dir='ltr'><strong>utilis</strong></span> <span class='ocrx_word' id='word_1_933' title='bbox 2786 5001 2887 5046; x_wconf 89' lang='lat' dir='ltr'><strong>est.</strong></span> <span class='ocrx_word' id='word_1_934' title='bbox 2921 4993 3066 5047; x_wconf 86' lang='lat' dir='ltr'><strong>Nihil</strong></span> <span class='ocrx_word' id='word_1_935' title='bbox 3114 4994 3217 5049; x_wconf 92' lang='lat' dir='ltr'><strong>hoc</strong></span> <span class='ocrx_word' id='word_1_936' title='bbox 3250 5005 3374 5064; x_wconf 90' lang='lat' dir='ltr'><strong>potu</strong></span> <span class='ocrx_word' id='word_1_937' title='bbox 3407 4998 3598 5051; x_wconf 91' lang='lat' dir='ltr'><strong>melius</strong></span> <span class='ocrx_word' id='word_1_938' title='bbox 3631 5013 3644 5051; x_wconf 95' lang='lat'>:</span> <span class='ocrx_word' id='word_1_939' title='bbox 3680 5001 3861 5053; x_wconf 63' lang='lat' dir='ltr'><strong>nesvit</strong></span> 
     </span>
    </p>
   </div>
   <div class='ocr_carea' id='block_1_113' title="bbox 2249 5085 3862 5143">
    <p class='ocr_par' dir='ltr' id='par_1_113' title="bbox 2249 5085 3862 5143">
     <span class='ocr_line' id='line_1_113' title="bbox 2249 5085 3862 5143; baseline 0.001 -3"><span class='ocrx_word' id='word_1_940' title='bbox 2249 5085 2337 5140; x_wconf 88' lang='lat' dir='ltr'><strong>hic</strong></span> <span class='ocrx_word' id='word_1_941' title='bbox 2371 5086 2488 5140; x_wconf 91' lang='lat' dir='ltr'><strong>fons</strong></span> <span class='ocrx_word' id='word_1_942' title='bbox 2517 5087 2834 5140; x_wconf 89' lang='lat' dir='ltr'><strong>ebrietatem</strong></span> <span class='ocrx_word' id='word_1_943' title='bbox 2865 5085 3161 5142; x_wconf 89' lang='lat' dir='ltr'><strong>inducere:</strong></span> <span class='ocrx_word' id='word_1_944' title='bbox 3198 5088 3390 5142; x_wconf 88' lang='lat' dir='ltr'><strong>melius</strong></span> <span class='ocrx_word' id='word_1_945' title='bbox 3429 5098 3509 5143; x_wconf 89' lang='lat' dir='ltr'><strong>est</strong></span> <span class='ocrx_word' id='word_1_946' title='bbox 3540 5089 3703 5143; x_wconf 88' lang='lat' dir='ltr'><strong>talem</strong></span> <span class='ocrx_word' id='word_1_947' title='bbox 3755 5089 3862 5143; x_wconf 79' lang='lat' dir='ltr'><strong>Ita-</strong></span> 
     </span>
    </p>
   </div>
   <div class='ocr_carea' id='block_1_114' title="bbox 2251 5176 3856 5246">
    <p class='ocr_par' dir='ltr' id='par_1_114' title="bbox 2251 5176 3856 5246">
     <span class='ocr_line' id='line_1_114' title="bbox 2251 5176 3856 5246; baseline 0.002 -16"><span class='ocrx_word' id='word_1_948' title='bbox 2251 5177 2376 5230; x_wconf 88' lang='lat' dir='ltr'><strong>bere</strong></span> <span class='ocrx_word' id='word_1_949' title='bbox 2405 5177 2629 5243; x_wconf 87' lang='lat' dir='ltr'><strong>fontem,</strong></span> <span class='ocrx_word' id='word_1_950' title='bbox 2660 5192 2820 5246; x_wconf 90' lang='lat' dir='ltr'><strong>quam</strong></span> <span class='ocrx_word' id='word_1_951' title='bbox 2851 5178 2966 5230; x_wconf 91' lang='lat' dir='ltr'><strong>auri</strong></span> <span class='ocrx_word' id='word_1_952' title='bbox 2995 5176 3170 5232; x_wconf 88' lang='lat' dir='ltr'><strong>fontes</strong></span> <span class='ocrx_word' id='word_1_953' title='bbox 3197 5179 3469 5233; x_wconf 87' lang='lat' dir='ltr'><strong>emittere.</strong></span> <span class='ocrx_word' id='word_1_954' title='bbox 3500 5178 3657 5234; x_wconf 85' lang='lat' dir='ltr'><strong>Omni</strong></span> <span class='ocrx_word' id='word_1_955' title='bbox 3694 5181 3856 5234; x_wconf 86' lang='lat' dir='ltr'><strong>auri-</strong></span> 
     </span>
    </p>
   </div>
   <div class='ocr_carea' id='block_1_115' title="bbox 2249 5269 3858 5340">
    <p class='ocr_par' dir='ltr' id='par_1_115' title="bbox 2249 5269 3858 5340">
     <span class='ocr_line' id='line_1_115' title="bbox 2249 5269 3858 5340; baseline 0.002 -17"><span class='ocrx_word' id='word_1_956' title='bbox 2249 5269 2358 5325; x_wconf 85' lang='lat' dir='ltr'><strong>fera</strong></span> <span class='ocrx_word' id='word_1_957' title='bbox 2417 5281 2554 5325; x_wconf 89' lang='lat' dir='ltr'><strong>terra</strong></span> <span class='ocrx_word' id='word_1_958' title='bbox 2604 5271 2796 5324; x_wconf 87' lang='lat' dir='ltr'><strong>melior</strong></span> <span class='ocrx_word' id='word_1_959' title='bbox 2834 5279 2910 5322; x_wconf 85' lang='lat' dir='ltr'><strong>est</strong></span> <span class='ocrx_word' id='word_1_960' title='bbox 2965 5271 3163 5335; x_wconf 88' lang='lat' dir='ltr'><strong>anima,</strong></span> <span class='ocrx_word' id='word_1_961' title='bbox 3214 5287 3334 5340; x_wconf 61' lang='lat' dir='ltr'><strong>qua:</strong></span> <span class='ocrx_word' id='word_1_962' title='bbox 3386 5269 3690 5338; x_wconf 90' lang='lat' dir='ltr'><strong>hujusmodi</strong></span> <span class='ocrx_word' id='word_1_963' title='bbox 3751 5275 3858 5328; x_wconf 76' lang='lat' dir='ltr'><strong>fert</strong></span> 
     </span>
    </p>
   </div>
   <div class='ocr_carea' id='block_1_116' title="bbox 2248 5360 3853 5430">
    <p class='ocr_par' dir='ltr' id='par_1_116' title="bbox 2248 5360 3853 5430">
     <span class='ocr_line' id='line_1_116' title="bbox 2248 5360 3853 5430; baseline 0.003 -16"><span class='ocrx_word' id='word_1_964' title='bbox 2248 5378 2455 5415; x_wconf 89' lang='lat' dir='ltr'><strong>aurum.</strong></span> <span class='ocrx_word' id='word_1_965' title='bbox 2482 5361 2598 5414; x_wconf 87' lang='lat' dir='ltr'><strong>Non</strong></span> <span class='ocrx_word' id='word_1_966' title='bbox 2632 5361 2774 5414; x_wconf 89' lang='lat' dir='ltr'><strong>enim</strong></span> <span class='ocrx_word' id='word_1_967' title='bbox 2807 5361 2858 5412; x_wconf 92' lang='lat' dir='ltr'><strong>in</strong></span> <span class='ocrx_word' id='word_1_968' title='bbox 2895 5360 3031 5415; x_wconf 87' lang='lat' dir='ltr'><strong>hanc</strong></span> <span class='ocrx_word' id='word_1_969' title='bbox 3060 5363 3260 5429; x_wconf 83' lang='lat' dir='ltr'><strong>regiam</strong></span> <span class='ocrx_word' id='word_1_970' title='bbox 3289 5404 3303 5426; x_wconf 92' lang='lat'><strong>,</strong></span> <span class='ocrx_word' id='word_1_971' title='bbox 3333 5361 3425 5415; x_wconf 87' lang='lat' dir='ltr'><strong>sed</strong></span> <span class='ocrx_word' id='word_1_972' title='bbox 3461 5363 3511 5415; x_wconf 93' lang='lat' dir='ltr'><strong>in</strong></span> <span class='ocrx_word' id='word_1_973' title='bbox 3554 5378 3853 5430; x_wconf 78' lang='lat' dir='ltr'><strong>supernam</strong></span> 
     </span>
    </p>
   </div>
   <div class='ocr_carea' id='block_1_117' title="bbox 2251 5451 3848 5508">
    <p class='ocr_par' dir='ltr' id='par_1_117' title="bbox 2251 5451 3848 5508">
     <span class='ocr_line' id='line_1_117' title="bbox 2251 5451 3848 5508; baseline 0.001 -2"><span class='ocrx_word' id='word_1_974' title='bbox 2251 5455 2525 5506; x_wconf 78' lang='lat' dir='ltr'><strong>nobiscum</strong></span> <span class='ocrx_word' id='word_1_975' title='bbox 2559 5451 2824 5505; x_wconf 84' lang='lat' dir='ltr'><strong>concedit.</strong></span> <span class='ocrx_word' id='word_1_976' title='bbox 2859 5451 2969 5505; x_wconf 81' lang='lat' dir='ltr'><strong>Hoc</strong></span> <span class='ocrx_word' id='word_1_977' title='bbox 2993 5467 3180 5504; x_wconf 86' lang='lat' dir='ltr'><strong>aurum</strong></span> <span class='ocrx_word' id='word_1_978' title='bbox 3211 5461 3585 5505; x_wconf 87' lang='lat' dir='ltr'><strong>ornamentum</strong></span> <span class='ocrx_word' id='word_1_979' title='bbox 3617 5465 3700 5507; x_wconf 82' lang='lat' dir='ltr'><strong>est</strong></span> <span class='ocrx_word' id='word_1_980' title='bbox 3743 5456 3848 5508; x_wconf 68' lang='lat' dir='ltr'><strong>Ec-</strong></span> 
     </span>
    </p>
   </div>
   <div class='ocr_carea' id='block_1_118' title="bbox 2246 5542 3853 5614">
    <p class='ocr_par' dir='ltr' id='par_1_118' title="bbox 2246 5542 3853 5614">
     <span class='ocr_line' id='line_1_118' title="bbox 2246 5542 3853 5614; baseline 0.001 -16"><span class='ocrx_word' id='word_1_981' title='bbox 2246 5544 2424 5598; x_wconf 73' lang='lat' dir='ltr'><strong>clesia:</strong></span> <span class='ocrx_word' id='word_1_982' title='bbox 2458 5544 2545 5596; x_wconf 90' lang='lat' dir='ltr'><strong>Dei</strong></span> <span class='ocrx_word' id='word_1_983' title='bbox 2579 5559 2681 5595; x_wconf 82' lang='lat' dir='ltr'><strong>:ex</strong></span> <span class='ocrx_word' id='word_1_984' title='bbox 2729 5542 2830 5595; x_wconf 87' lang='lat' dir='ltr'><strong>hoc</strong></span> <span class='ocrx_word' id='word_1_985' title='bbox 2877 5559 3012 5596; x_wconf 89' lang='lat' dir='ltr'><strong>auro</strong></span> <span class='ocrx_word' id='word_1_986' title='bbox 3061 5542 3287 5595; x_wconf 82' lang='lat' dir='ltr'><strong>efficitur</strong></span> <span class='ocrx_word' id='word_1_987' title='bbox 3337 5543 3545 5613; x_wconf 80' lang='lat' dir='ltr'><strong>gladius</strong></span> <span class='ocrx_word' id='word_1_988' title='bbox 3591 5545 3853 5614; x_wconf 82' lang='lat' dir='ltr'><strong>Spiritus,</strong></span> 
     </span>
    </p>
   </div>
   <div class='ocr_carea' id='block_1_119' title="bbox 2246 5633 3850 5707">
    <p class='ocr_par' dir='ltr' id='par_1_119' title="bbox 2246 5633 3850 5707">
     <span class='ocr_line' id='line_1_119' title="bbox 2246 5633 3850 5707; baseline 0.001 -18"><span class='ocrx_word' id='word_1_989' title='bbox 2246 5636 2451 5707; x_wconf 81' lang='lat' dir='ltr'><strong>gladius</strong></span> <span class='ocrx_word' id='word_1_990' title='bbox 2475 5650 2568 5704; x_wconf 87' lang='lat' dir='ltr'><strong>per</strong></span> <span class='ocrx_word' id='word_1_991' title='bbox 2594 5651 2752 5702; x_wconf 88' lang='lat' dir='ltr'><strong>quem</strong></span> <span class='ocrx_word' id='word_1_992' title='bbox 2782 5633 2944 5687; x_wconf 77' lang='lat' dir='ltr'><strong>(lmen</strong></span> <span class='ocrx_word' id='word_1_993' title='bbox 2968 5633 3286 5688; x_wconf 86' lang='lat' dir='ltr'><strong>dissecatur.</strong></span> <span class='ocrx_word' id='word_1_994' title='bbox 3316 5634 3391 5688; x_wconf 82' lang='lat' dir='ltr'><strong>Ex</strong></span> <span class='ocrx_word' id='word_1_995' title='bbox 3427 5636 3527 5689; x_wconf 89' lang='lat' dir='ltr'><strong>hoc</strong></span> <span class='ocrx_word' id='word_1_996' title='bbox 3558 5636 3704 5689; x_wconf 74' lang='lat' dir='ltr'><strong>fonte</strong></span> <span class='ocrx_word' id='word_1_997' title='bbox 3731 5653 3850 5705; x_wconf 65' lang='grc' dir='ltr'>ιιι-υς</span> 
     </span>
    </p>
   </div>
   <div class='ocr_carea' id='block_1_120' title="bbox 2308 5768 3851 5838">
    <p class='ocr_par' dir='ltr' id='par_1_120' title="bbox 2308 5768 3851 5838">
     <span class='ocr_line' id='line_1_120' title="bbox 2308 5768 3851 5838; baseline 0.002 -19"><span class='ocrx_word' id='word_1_998' title='bbox 2308 5775 2321 5803; x_wconf 84' lang='grc'>¹</span> <span class='ocrx_word' id='word_1_999' title='bbox 2362 5771 2524 5838; x_wconf 72' lang='lat' dir='ltr'><strong>Codex</strong></span> <span class='ocrx_word' id='word_1_1000' title='bbox 2554 5783 2685 5838; x_wconf 80' lang='lat' dir='ltr'><strong>unus</strong></span> <span class='ocrx_word' id='word_1_1001' title='bbox 2711 5769 2859 5816; x_wconf 86' lang='lat' dir='ltr'><strong>habet</strong></span> <span class='ocrx_word' id='word_1_1002' title='bbox 2881 5768 2971 5837; x_wconf 39' lang='lat' dir='ltr'><strong>{Si</strong></span> <span class='ocrx_word' id='word_1_1003' title='bbox 3015 5775 3176 5838; x_wconf 81' lang='lat' dir='ltr'><strong>potum</strong></span> <span class='ocrx_word' id='word_1_1004' title='bbox 3206 5770 3454 5838; x_wconf 70' lang='lat' dir='ltr'><strong>moderate</strong></span> <span class='ocrx_word' id='word_1_1005' title='bbox 3483 5769 3718 5838; x_wconf 41' lang='lat' dir='ltr'><strong>ldelict‘is,</strong></span> <span class='ocrx_word' id='word_1_1006' title='bbox 3757 5784 3851 5822; x_wconf 66' lang='lat' dir='ltr'><strong>non</strong></span> 
     </span>
    </p>
   </div>
   <div class='ocr_carea' id='block_1_121' title="bbox 2243 5830 3527 5896">
    <p class='ocr_par' dir='ltr' id='par_1_121' title="bbox 2243 5830 3527 5896">
     <span class='ocr_line' id='line_1_121' title="bbox 2243 5830 3527 5896; baseline -0.005 -12"><span class='ocrx_word' id='word_1_1007' title='bbox 2243 5834 2494 5896; x_wconf 62' lang='lat' dir='ltr'><strong>ptitiwiirit</strong></span> <span class='ocrx_word' id='word_1_1008' title='bbox 2520 5833 2618 5890; x_wconf 68' lang='lat' dir='ltr'><strong>sui;</strong></span> <span class='ocrx_word' id='word_1_1009' title='bbox 2645 5833 2685 5882; x_wconf 70' lang='lat' dir='ltr'><strong>si</strong></span> <span class='ocrx_word' id='word_1_1010' title='bbox 2711 5838 2867 5880; x_wconf 78' lang='lat' dir='ltr'><strong>autem</strong></span> <span class='ocrx_word' id='word_1_1011' title='bbox 2894 5830 3222 5889; x_wconf 75' lang='lat' dir='ltr'><strong>immoderate,</strong></span> <span class='ocrx_word' id='word_1_1012' title='bbox 3252 5830 3527 5890; x_wconf 53' lang='lat' dir='ltr'><strong>interﬂuit.</strong></span> 
     </span>
    </p>
   </div>
  </div>
