4068 6446
121 414 217 470 IT!

114 531 284 583 derint
316 525 521 596 lapides
549 521 796 595 pretiosi,
837 519 928 589 qui
972 526 1135 587 caput
1191 516 1332 584 regis
1387 520 1600 566 ornant.
1656 508 1733 564 Ne

114 625 301 692 itaque
331 620 666 689 negligamus
696 623 876 670 tantas
914 612 1169 674 divitias;
1200 610 1294 665 sed
1329 608 1550 678 largiter
1588 606 1735 660 elec-

114 728 402 785 ntosynatn
450 710 797 773 inferamus“
823 715 880 760 ut
930 705 1021 760 Dei
1054 705 1387 774 benignitate
1418 703 1726 771 dignemur,

1404 835 1434 845 ac

112 835 1402 857 Μ

1070 404 1132 457 IN
1177 401 1358 456 ACTA
1401 392 1933 453 AI’USTOLURUM.
1979 396 2208 451 ΒΟΜΙΙι.
2257 397 2448 453 XXIII.

3367 394 3464 449 I78

1843 512 2013 583 gratia
2042 521 2097 567 et
2127 511 2569 567 miserationibus
2600 510 2859 582 unigeniti
2893 510 3010 581 ejus
3042 510 3200 573 Filii,
3228 511 3313 564 Cui
3344 524 3461 563 om-

1842 609 1927 661 nis
1950 607 2144 677 gloria,
2175 613 2352 661 honor
2367 617 2419 661 et
2444 607 2730 677 imperium
2756 621 2858 660 una
2876 621 2999 661 cum
3022 612 3213 660 saneto
3230 604 3457 674 Spiritu,

1842 699 1895 751 in
1924 698 2119 753 satcola
2148 698 2492 752 sicculorum.
2519 701 2715 753 Amen.

1526 910 1881 971 HOMILIA
1940 909 2186 971 XXIII.

108 1064 244 1120 CAP.
278 1066 369 1121 I0.
420 1080 475 1117 ν.
506 1063 597 1117 23.
632 1060 871 1131 Sequenti
918 1068 1087 1111 autem
1128 1059 1241 1118 aie,
1274 1056 1480 1124 inquit,
1514 1070 1729 1125 surgens

185 1157 376 1212 Petrus
396 1200 412 1221 ,
443 1159 701 1227 profectus
726 1164 798 1207 est
829 1168 944 1205 cum
971 1151 1075 1204 illis
1101 1166 1120 1202 :
1147 1159 1194 1201 et
1220 1149 1429 1219 quidam
1457 1163 1520 1200 ac
1550 1146 1729 1217 {ratri-

180 1249 279 1303 bus
300 1252 365 1301 ab
385 1246 558 1317 Joppe
584 1263 699 1299 cum
723 1246 810 1298 illo
849 1252 1087 1297 venerunt
1132 1239 1433 1294 Ca'suream.
1478 1237 1569 1292 2i.
1600 1236 1727 1292 Cor-

124 1378 131 1379 κ
179 1344 349 1396 nelias
374 1358 490 1393 vero
531 1338 855 1408 exspectabat
883 1336 1023 1399 illos,
1050 1332 1338 1387 convocatis
1366 1331 1593 1401 cognatis
1616 1331 1723 1385 suis

178 1446 231 1488 et
275 1432 573 1488 necessariis
615 1432 815 1484 amicis.

176 1530 236 1583 1.
288 1528 581 1596 Postquam
616 1506 1144 1589 viros-liosliitaliter
1186 1518 1468 1578 tractavit,
1512 1514 1723 1585 egredi—

106 1632 194 1675 tur
234 1635 358 1675 cum
392 1619 531 1673 illis:
570 1624 737 1671 recte.
784 1615 940 1670 Prius
972 1612 1200 1682 benigne
1240 1627 1361 1664 cum
1392 1610 1496 1662 illis
1539 1608 1645 1676 agit
1680 1609 1719 1672 ³,

104 1723 297 1784 utpote
328 1730 392 1768 ex
428 1715 619 1766 itinere
650 1710 918 1780 fatigatis,
943 1708 1153 1777 sibique
1184 1704 1477 1758 familiares
1508 1702 1718 1767 reddit,

102 1808 439 1876 demumque
462 1820 565 1859 una
596 1803 977 1873 proﬁciscitur.
1014 1799 1259 1870 Sequenti
1283 1808 1451 1849 autem
1493 1797 1609 1861 die,
1640 1795 1721 1847 in.

101 1902 257 1968 quit,
300 1915 516 1969 surgens
552 1896 736 1949 Petrus
760 1935 777 1961 ,
812 1894 1071 1963 profectus
1096 1903 1165 1945 est
1206 1907 1320 1944 cum
1360 1890 1501 1943 illis:
1535 1899 1580 1940 et
1604 1888 1719 1954 qui-

101 1995 229 2045 dam
255 1996 465 2062 fratres.
492 1988 609 2043 Non
641 1989 794 2042 Solus
821 2026 835 2051 ,
867 1984 962 2039 sed
986 1993 1041 2039 et
1067 1985 1154 2037 alii
1178 1999 1299 2037 cum
1336 1982 1427 2034 illo
1459 1980 1717 2043 veniunt;

104 2086 273 2154 idque
298 2100 420 2139 cum
460 2082 690 2153 quadam
718 2079 1050 2149 providentia
1073 2119 1086 2143 ,
1118 2086 1176 2130 ut
1205 2087 1390 2143 postea
1423 2081 1588 2126 testes
1627 2087 1717 2125 es-

100 2187 262 2242 sent,
304 2176 523 2246 quando
554 2175 714 2229 Petro
743 2187 877 2243 Opus
925 2172 1027 2224 l'ttit
1069 2170 1403 2224 defensione.
1450 2166 1719 2221 Cornelius

100 2288 222 2325 vero
260 2270 589 2341 exspectabat
628 2269 745 2321 illos
769 2308 784 2334 ,
816 2265 1106 2320 convocatis
1134 2262 1365 2333 cognatis
1394 2261 1501 2315 suis
1542 2270 1588 2313 et
1630 2274 1717 2311 ne-

98 2366 337 2419 cessariis
375 2364 575 2417 amicis.
608 2362 721 2417 Hoc
751 2360 910 2414 amici
939 2400 953 2421 ,
985 2358 1086 2411 boc
1116 2357 1185 2427 pii
1218 2356 1315 2410 viri
1358 2364 1438 2409 est
1466 2397 1479 2421 ,
1517 2353 1567 2406 in
1601 2352 1719 2407 tali-

98 2457 202 2511 bus
239 2456 397 2511 bonis
447 2456 654 2511 amicos
698 2468 809 2523 prce
839 2451 1091 2505 omnibus
1134 2450 1308 2502 facere
1338 2446 1539 2500 socios.
1588 2443 1718 2498 Jure

98 2549 204 2604 bos
227 2560 386 2603 vocat
419 2547 615 2618 quibus
646 2546 880 2611 lidebat,
909 2544 977 2598 de
1012 2542 1205 2597 talibus
1234 2540 1470 2594 maxime
1502 2551 1719 2605 semper

100 2642 424 2706 disserens,
476 2656 597 2708 qua:
646 2638 846 2693 frustra
899 2635 1136 2690 fortasse
1184 2633 1306 2687 aliis
1352 2630 1715 2699 exposuisset.

98 2731 369 2786 Videntur
418 2739 599 2784 autem
649 2729 780 2782 mibi
828 2738 882 2783 et
928 2728 1086 2781 amici
1134 2735 1189 2780 et
1228 2724 1440 2794 cognati
1484 2724 1552 2775 ab
1603 2723 1718 2791 ipso

98 2822 272 2877 fuisse
306 2822 561 2877 instituti.
590 2822 682 2876 25.
715 2819 844 2877 Cum
884 2820 1142 2873 introisset
1167 2828 1334 2871 autem
1368 2816 1553 2870 Petrus
1579 2858 1592 2880 ,
1626 2817 1718 2868 ob-

96 2918 236 2968 viam
274 2916 407 2969 venit
442 2916 541 2986 ipsi
586 2914 886 2979 Cornelius,
918 2923 964 2968 et
1006 2911 1273 2983 procidens
1300 2911 1369 2964 ad
1411 2911 1561 2977 pedes
1603 2911 1717 2980 ejus

96 3009 355 3062 adoravit.
382 3008 472 3062 26.
514 3007 695 3063 Petrus
728 3024 843 3061 vero
896 3007 1055 3059 erexit
1086 3021 1199 3058 eum
1221 3045 1236 3070 ,
1266 3004 1437 3057 dicens
1462 3018 1479 3057 :
1511 3000 1716 3072 Surge;

97 3120 221 3156 nant
268 3112 315 3156 et
348 3118 441 3172 ego
470 3103 621 3155 horno
651 3118 778 3156 sum.
816 3100 929 3155 lloc
959 3100 1084 3154 facit
1110 3142 1125 3163 ,
1161 3098 1519 3153 humilitatem
1562 3112 1714 3150 suam

97 3194 403 3249 ostendens
427 3238 442 3261 ,
471 3195 716 3263 aliOsque
744 3194 948 3248 docens
975 3193 1191 3262 Deoque
1217 3191 1419 3262 gratias
1442 3192 1580 3260 agit,
1614 3191 1714 3244 de—

96 3288 382 3356 claratque
420 3302 479 3340 se
502 3328 516 3348 ,
546 3286 755 3340 etiamsi
800 3286 983 3355 jussus
1015 3286 1123 3348 sit,
1156 3302 1219 3338 ex
1266 3300 1325 3339 se
1356 3293 1531 3337 tamen
1576 3285 1718 3338 mul-

104 3388 215 3432 tam
270 3377 475 3433 habere
531 3378 805 3447 pietatem.
852 3377 991 3442 Quid
1043 3393 1172 3446 ergo
1224 3376 1459 3432 I’etrus?
1502 3375 1716 3447 Surge;

98 3487 223 3522 nam
254 3478 302 3523 et
330 3486 423 3540 ego
454 3470 606 3523 homo
647 3486 780 3523 sum.
819 3468 1027 3534 Videu’,
1060 3467 1337 3539 quomodo
1364 3478 1488 3521 ante
1532 3467 1713 3521 omnia

78 3562 226 3616 “illus
249 3562 484 3627 docent,
513 3578 579 3617 ne
610 3562 736 3632 quid
767 3577 1017 3632 magnum
1050 3561 1117 3615 de
1139 3577 1198 3614 se
1221 3560 1497 3615 sentiant?
1526 3558 1617 3612 27.
1648 3557 1716 3611 Et

99 3655 315 3723 loquens
342 3670 459 3706 cum
480 3654 570 3707 illo
590 3693 605 3715 ,
639 3654 845 3706 intravit
872 3669 889 3705 :
918 3662 964 3705 et
994 3652 1182 3705 invenit
1210 3651 1400 3705 multos
1426 3651 1510 3722 qui
1534 3666 1716 3704 conve-

98 3755 322 3811 nerant,
374 3744 466 3799 28.
511 3742 741 3815 dixitque
780 3744 849 3796 ad
879 3743 1037 3796 illos:
1082 3742 1182 3796 Vos
1234 3743 1405 3806 scitis,
1462 3742 1716 3813 quomodo

98 3840 451 3894 abominatum
482 3839 546 3892 sit
576 3840 680 3893 viro
702 3836 888 3891 Iudico
915 3838 1159 3907 conjungi
1232 3846 1321 3889 aut
1348 3836 1586 3889 accedere
1650 3834 1719 3887 ad

99 3934 466 4002 alienigenam.
504 3930 668 3997 Vide,
704 3942 764 3985 ut
791 3931 973 3983 statim
1006 3930 1073 3982 de
1107 3929 1198 3982 Dei
1234 3926 1571 3996 benignitate
1609 3927 1720 3981 dis-

101 4036 285 4090 serat,
320 4024 678 4095 ostendatque
720 4024 893 4093 ipsum
937 4037 1131 4091 magna
1180 4021 1286 4075 illis
1319 4021 1565 4089 largitum
1598 4034 1719 4073 esse

105 4118 269 4169 bona.
298 4115 417 4172 Non
449 4118 552 4170 hoc
576 4117 747 4169 solum
778 4114 1153 4169 admiramlmu
1182 4113 1398 4178 biecst,
1422 4112 1574 4182 quod-
1593 4112 1716 4167 talia

106 4213 392 4281 loquatur;
432 4207 526 4262 sed
569 4218 623 4261 et
650 4208 923 4277 quomodo
958 4207 1117 4261 simul
1159 4218 1213 4260 et
1246 4222 1436 4277 magna
1471 4206 1720 4275 loquatur

103 4316 158 4359 et
189 4303 437 4357 modeste
465 4312 607 4372 agat.
638 4301 756 4355 Non
786 4302 922 4355 dixit
946 4302 1091 4355 enim
1118 4319 1131 4355 :
1164 4300 1271 4355 Nos
1300 4302 1389 4371 qui
1421 4300 1490 4354 ad
1541 4299 1717 4354 nemi-

106 4414 230 4451 nem
256 4395 523 4452 accedere
553 4395 838 4465 dignamur
858 4437 871 4458 ,
902 4393 969 4448 ad
996 4410 1090 4448 vos
1120 4394 1401 4458 venimus;
1432 4394 1525 4448 sed
1552 4393 1719 4463 quid?

118 4490 218 4544 Vos
239 4490 383 4543 scitis
409 4489 577 4559 (Dens
600 4488 702 4542 hoc
724 4488 915 4557 jussit.
942 4487 1139 4557 inquit)
1164 4531 1175 4549 ,
1206 4487 1438 4558 iniquum
1468 4502 1577 4541 esse
1600 4503 1723 4539 conc

103 4582 255 4651 juugi
300 4590 389 4633 aut
417 4581 655 4633 accedere
682 4581 751 4632 ad
792 4579 1152 4648 alienigenam.
1204 4578 1406 4633 Deinde
1438 4594 1506 4633 ne
1549 4580 1600 4631 in
1630 4579 1722 4632 illo

108 4673 340 4746 gratiam
392 4682 629 4737 statuat,
673 4673 891 4726 subdit:
934 4671 999 4725 Et
1029 4672 1154 4725 mihi
1182 4669 1324 4725 Dens
1350 4672 1601 4735 ostendit,
1639 4688 1725 4726 ne-

109 4767 299 4819 minem
349 4781 663 4820 communem
717 4776 805 4817 aut
861 4765 1179 4818 immundum
1223 4764 1392 4817 dicere
1445 4765 1720 4816 hominem.

112 4857 226 4911 lloc
265 4855 574 4926 subjuugit,
612 4871 679 4912 ne
708 4857 951 4912 videatur
981 4857 1188 4911 adulari
1227 4857 1347 4927 ipsi.
1375 4856 1468 4911 ΞΟ.
1507 4856 1725 4925 l’mpter

109 4949 247 5018 quod
274 4950 385 5003 sine
407 4950 813 5005 contradictione
858 4950 968 5003 veni
996 4951 1293 5003 accersitus.
1330 4948 1405 5003 Ne
1433 4957 1683 5018 putarent
1705 4989 1722 5016 ,

112 5045 214 5097 etsi
246 5058 335 5097 res
366 5042 546 5096 illicita
576 5052 758 5107 esset,
788 5058 847 5098 se
878 5052 1065 5111 utpote
1098 5042 1328 5112 principi
1358 5058 1420 5097 ea
1459 5042 1526 5097 de
1558 5057 1723 5097 causa

113 5138 539 5205 obtemperasse,
571 5137 665 5191 sed
699 5145 869 5192 totum
896 5138 1009 5192 Deo
1041 5139 1399 5207 imputarent,
1430 5154 1533 5191 non
1563 5137 1724 5192 modo

112 5230 367 5300 e0ajungi
391 5272 407 5297 ,
439 5230 533 5284 sed
563 5232 723 5284 etiam
757 5231 1018 5285 accedere
1046 5247 1154 5285 non
1190 5231 1351 5286 licere
1377 5231 1526 5284 dicit.
1560 5229 1706 5285 later

114 5342 239 5393 rogo
270 5340 392 5393 ergo
412 5364 427 5388 ,
464 5340 615 5393 quam
644 5322 706 5376 ob
734 5339 942 5377 causam
968 5324 1253 5377 accersistis
1281 5340 1376 5377 me.
1414 5324 1528 5377 Non
1575 5326 1700 5390 iguo

116 5430 244 5470 rans
290 5414 587 5485 interrogat
618 5432 631 5468 :
665 5416 870 5470 sciebat
899 5417 1041 5470 enim
1076 5425 1244 5470 totum
1277 5416 1465 5470 Petrus
1502 5433 1531 5470 a
1565 5418 1728 5470 visio-

115 5526 185 5563 ne
232 5506 504 5563 edoctus:
550 5509 796 5563 audierat
848 5509 1011 5563 etiam
1061 5526 1089 5563 a
1142 5509 1442 5573 militibus;
1475 5510 1569 5565 sed
1616 5510 1729 5563 vult

179 5664 196 5695 ι
235 5660 295 5725 In
321 5674 421 5725 uno
445 5662 738 5725 exetuplari,
757 5663 835 5713 bis
865 5664 1060 5713 omissis
1084 5665 1253 5713 verbis
1273 5700 1285 5721 .
1313 5670 1564 5725 postquam
1604 5662 1732 5714 rir'os

112 5723 429 5791 hospitaliter
446 5723 688 5791 (ructarit,
709 5747 719 5774 ι
738 5726 963 5791 greditur
989 5739 1099 5791 cunt
1124 5724 1225 5776 illis
1250 5740 1267 5776 :
1298 5723 1447 5791 recte,
1474 5728 1548 5791 ab
1563 5729 1638 5773 bis
1658 5728 1733 5775 iu-

111 5790 317 5897 cipitnr,
345 5786 487 5837 Prius
513 5787 714 5850 benigne
738 5786 853 5838 cum
876 5788 973 5838 illis
989 5789 1107 5854 agit.
1130 5797 1397 5851 l’ossctque
1541 5790 1730 5838 iuitimn

113 5857 165 5897 te
186 5860 340 5897 cruri.
364 5849 454 5897 sed
478 5849 657 5897 melius
677 5851 909 5897 iucicitur
933 5852 995 5897 ab
1024 5852 1116 5897 IlllS
1140 5852 1308 5897 verbis
1326 5890 1339 5897 -
1376 5859 1626 5897 nostuumn
1666 5851 1730 5897 ri-

113 5849 340 5906 telemrt,
364 5849 454 5899 sed
478 5849 657 5901 melius
677 5851 909 5903 lllCiLlltll‘
933 5852 995 5901 ab
1021 5849 1116 5902 illis
1140 5849 1339 5911 verbis,
1376 5859 1626 5915 postquam
1666 5851 1730 5901 ri-

111 5924 211 5974 tes,
242 5920 342 5962 etc.

1840 1056 1960 1110 illos
1994 1057 2224 1124 primum
2272 1056 2554 1124 confiteri,
2587 1066 2642 1111 et
2673 1055 2794 1111 fidei
2836 1056 3102 1109 obnoxios
3145 1052 3280 1107 tleri.
3317 1053 3452 1117 Quid

1834 1164 1963 1218 ergo
1985 1150 2311 1205 Cornelius?
2334 1151 2448 1204 Non
2477 1151 2637 1213 dixit,
2667 1149 2785 1205 Non
2819 1150 2912 1203 tibi
2940 1148 3136 1202 milites
3158 1146 3452 1201 dixerunt?

1834 1242 1928 1294 sed
1961 1242 2117 1309 vide,
2153 1258 2314 1312 quam
2348 1253 2631 1298 mansuete
2663 1253 2715 1296 et
2745 1241 3022 1296 humiliter
3056 1242 3329 1309 loquatur.
3357 1240 3447 1293 δυ-

1836 1332 1875 1385 Α
1908 1346 2091 1399 quarta
2136 1334 2218 1387 die
2247 1352 2407 1403 usque
2438 1337 2489 1389 in
2522 1336 2654 1389 lianc
2683 1336 2864 1389 [torum
2894 1352 3034 1388 erant
3072 1336 3317 1406 jejunum
3336 1372 3351 1397 ,
3405 1343 3450 1383 et

1832 1439 1968 1476 ηοηα
2010 1424 2137 1479 [αυτ-α
2166 1444 2305 1479 erant
2333 1444 2486 1479 orans
2527 1429 2579 1481 in
2610 1427 2762 1481 domo
2794 1444 2907 1480 mea
2932 1444 2950 1480 ἔ
2979 1437 3025 1479 et
3055 1443 3167 1479 εσσε
3208 1428 3282 1479 vir
3311 1427 3448 1479 διίιὲι

1831 1532 2003 1567 coram
2032 1534 2111 1569 me
2141 1519 2191 1570 in
2220 1521 2401 1571 restim
2450 1519 2723 1589 splendido
2751 1562 2764 1581 ,
2811 1529 2855 1573 et
2899 1521 2969 1571 ait
2994 1535 3013 1573 :
3061 1520 3149 1574 3L
3200 1516 3408 1573 Corneli
3432 1559 3446 1583 ,

1831 1608 2073 1660 exaudita
2101 1619 2175 1662 est
2201 1611 2364 1663 oratio
2392 1622 2478 1663 tua
2503 1654 2517 1675 ,
2552 1623 2598 1664 et
2626 1612 2959 1681 eleemosyntr
2983 1620 3087 1665 true
3106 1613 3446 1664 ascenderunt

1829 1700 1882 1753 in
1915 1703 2213 1755 memoriam
2241 1704 2293 1756 in
2326 1716 2598 1772 consptctn
2631 1704 2752 1759 Dei.
2788 1704 2852 1757 lit
2883 1722 3018 1757 nona
3050 1707 3194 1767 liora,
3234 1704 3398 1773 inquit
3428 1742 3445 1767 ,

1828 1811 2003 1850 orans.
2034 1797 2171 1862 Quid
2204 1797 2306 1851 boc
2333 1799 2454 1852 est?
2486 1798 2704 1853 Videtur
2740 1799 2869 1854 mibi
2915 1800 3015 1852 sibi
3047 1810 3288 1867 tempora
3318 1813 3448 1852 cou-

1828 1887 2069 1941 stituisse
2092 1890 2444 1944 accuratioris
2468 1890 2590 1945 vitae
2620 1892 2670 1945 in
2700 1892 3022 1961 quibusdam
3047 1891 3275 1945 diebus:
3308 1890 3449 1944 ideo-

1828 1995 1930 2045 que
1962 1981 2030 2033 ait
2053 2022 2068 2046 ,
2116 1981 2159 2034 Α
2192 1993 2377 2051 quarta
2424 1984 2525 2037 die.
2573 1983 2708 2039 Vide
2730 2024 2744 2049 ,
2780 1996 2979 2055 quanta
3012 2000 3099 2039 res
3129 1986 3198 2038 sit
3245 1986 3444 2038 oratio.

1827 2073 2055 2141 Quando
2088 2076 2140 2129 in
2170 2077 2368 2145 pietate
2398 2077 2648 2147 profecit,
2684 2088 2808 2131 tunc
2838 2088 3065 2149 apparet
3095 2080 3168 2133 illi
3196 2080 3443 2148 angelus.

1831 2166 1954 2222 llzec
1976 2184 2076 2222 una
2102 2168 2219 2224 dies
2239 2181 2385 2235 erat;
2409 2187 2473 2226 ea
2498 2188 2601 2240 qua
2625 2171 2878 2225 abierunt
2898 2173 2954 2236 ii,
2977 2174 3067 2241 qui
3093 2173 3242 2227 missi
3264 2182 3444 2237 erant,

1828 2277 1930 2315 una
1956 2279 1970 2323 ;
2011 2279 2113 2331 qua
2144 2276 2435 2329 venerunt,
2469 2280 2657 2319 rursus
2686 2281 2829 2331 tuta;
2863 2276 2918 2320 et
2945 2275 3135 2337 quarta
3167 2265 3445 2335 apparuit,

1830 2356 1898 2407 ita
1929 2366 1986 2409 ut
2015 2357 2087 2409 sit
2113 2356 2348 2409 secunda
2380 2366 2501 2425 post
2530 2373 2671 2421 eam,
2697 2374 2803 2427 qua
2830 2371 3082 2428 precatus
3103 2370 3207 2414 est.
3237 2358 3301 2413 Et
3324 2376 3440 2413 ecce

1826 2448 1901 2501 vir
1917 2451 2055 2503 stetit
2073 2466 2244 2502 coram
2263 2466 2343 2503 me
2362 2451 2412 2503 in
2433 2461 2564 2504 veste
2578 2450 2997 2519 splendidioNon
3018 2453 3269 2523 angelum
3284 2452 3441 2518 dicit;

1829 2542 1899 2595 ita
1922 2543 2130 2597 alienus
2149 2553 2265 2598 erat
2287 2560 2313 2595 a
2337 2543 2496 2598 fastu.
2522 2544 2586 2597 Et
2606 2546 2709 2598 ait:
2731 2545 2954 2609 Corneli,
2975 2545 3216 2601 exaudita
3238 2555 3313 2599 est
3326 2564 3445 2600 oras

1826 2636 1895 2687 tio
1933 2646 2019 2688 tua
2039 2676 2055 2700 ,
2087 2645 2135 2691 et
2176 2636 2511 2707 eleemosynte
2543 2647 2644 2691 tua:
2688 2639 3030 2693 ascenderunt
3063 2640 3115 2691 in
3146 2642 3443 2692 memoriam

1824 2728 1877 2780 in
1908 2740 2184 2797 conspectu
2227 2729 2338 2782 Dei.
2366 2731 2454 2785 52..
2485 2730 2635 2784 Mitte
2674 2747 2794 2801 ergo
2826 2733 2877 2785 in
2909 2730 3117 2802 JOppen
3137 2774 3153 2797 ,
3183 2742 3230 2786 et
3254 2732 3447 2786 accersi

1826 2823 2130 2890 Simonem,
2164 2826 2251 2893 qui
2278 2826 2674 2896 cognominatur
2695 2825 2885 2881 Petrus
2915 2842 2934 2881 :
2958 2829 3039 2879 llic
3070 2828 3361 2895 hospitatnr
3390 2828 3441 2881 in

1824 2918 1977 2970 domo
2007 2918 2235 2972 Simonis
2258 2919 2466 2973 coriarii
2498 2920 2656 2989 juxta
2688 2935 2829 2973 mare
2854 2934 2873 2973 :
2898 2920 2985 2989 qui
3028 2920 3109 2971 ubi
3141 2920 3401 2972 advenerit
3428 2961 3443 2983 ,

1824 3014 2057 3078 loquetur
2087 3011 2195 3066 tibi.
2228 3012 2317 3067 55.
2365 3012 2646 3083 Confestim
2676 3028 2797 3083 ergo
2826 3011 2941 3065 misi
2966 3011 3035 3065 ad
3064 3022 3111 3064 te
3138 3026 3158 3066 :
3188 3022 3233 3064 et
3265 3022 3317 3064 tu
3348 3014 3433 3064 be-
3494 3000 3497 3009 τ

1824 3124 1888 3163 ne
1913 3108 2077 3174 fecisti
2104 3107 2369 3161 veniendo.
2407 3104 2563 3160 Nunc
2593 3123 2712 3178 ergo
2748 3122 2923 3160 omnes
2963 3122 3055 3159 nos
3084 3107 3135 3158 in
3164 3117 3439 3173 conspectu

1824 3198 1921 3252 Dei
1962 3200 2235 3265 adsumus,
2266 3210 2323 3251 ut
2353 3201 2627 3253 audiamus
2652 3200 2856 3262 omnia,
2894 3213 3009 3266 qua
3050 3198 3140 3251 tibi
3185 3212 3440 3267 prtecepra

1822 3301 1939 3346 sunt
1979 3310 2009 3344 a
2042 3291 2172 3347 Deo.
2208 3290 2333 3346 Ideo
2363 3292 2499 3345 dixit
2524 3334 2537 3355 ,
2574 3289 2688 3356 Qua
2717 3290 2780 3344 de
2802 3308 2959 3344 causa
2985 3292 3275 3345 accersistis
3306 3308 3385 3344 me
3411 3292 3437 3345 Ρ
3488 3348 3491 3351 _

1825 3396 1882 3440 ut
1911 3386 2025 3439 luec
2065 3386 2142 3439 sic
2170 3386 2331 3439 verba
2360 3384 2522 3438 dicat.
2556 3385 2646 3438 δι.
2691 3384 2941 3453 Aper-iens
2967 3392 3136 3435 autem
3171 3380 3357 3435 Petrus
3383 3399 3441 3435 os

1825 3497 1975 3534 suum
1994 3520 2008 3545 ,
2042 3479 2172 3533 dixit
2198 3494 2216 3532 :
2248 3477 2314 3531 In
2341 3478 2548 3531 veritate
2571 3477 2795 3546 comperi
2817 3517 2833 3541 ,
2865 3476 3003 3545 quod
3030 3491 3132 3529 non
3173 3475 3240 3529 sit
3266 3492 3441 3544 perso-

1825 3590 2009 3625 narum
2050 3581 2288 3641 acceptor
2312 3570 2485 3636 Deus;
2531 3570 2621 3624 55.
2654 3569 2742 3623 sed
2790 3570 2844 3622 in
2885 3567 3025 3621 omni
3054 3576 3232 3637 gente,
3262 3566 3351 3636 qui
3379 3567 3442 3619 ti-

1826 3675 1924 3719 met
1966 3665 2117 3719 illum
2148 3674 2193 3717 et
2222 3673 2463 3732 aperatur
2484 3663 2781 3734 justitiam,
2812 3670 3050 3731 acceptus
3080 3661 3160 3715 illi
3202 3670 3297 3714 est.
3330 3659 3446 3714 Hoc

1825 3766 1944 3821 est,
1993 3759 2107 3810 sive
2139 3756 2491 3827 prarputiatus
2520 3756 2607 3819 sit,
2641 3755 2755 3809 sive
2798 3754 3177 3809 circumcisus.
3230 3752 3344 3807 Iloc
3391 3763 3446 3806 et

1825 3850 2027 3907 Paulus
2077 3851 2157 3905 sic
2201 3851 2482 3913 declarat,
2533 3848 2657 3903 Non
2704 3859 2777 3904 est
2830 3864 3168 3918 personarum
3214 3847 3446 3917 acceptio

1825 3946 1968 4012 apud
2010 3944 2172 3998 Deum
2203 3944 2381 4015 (Rom.
2412 3944 2469 3997 2.
2504 3943 2616 4015 il).
2650 3940 2809 3996 Nunc
2839 3960 2962 4014 ergo
2993 3941 3241 3996 adsmnus
3270 3958 3447 3996 omnes

1826 4055 1954 4102 nos,
1988 4038 2203 4108 inquit,
2253 4037 2307 4091 in
2356 4049 2629 4109 conspectu
2681 4034 2799 4089 Dei.
2850 4035 2985 4091 Vide
3030 4043 3229 4105 quanta
3264 4033 3399 4088 fides
3433 4075 3445 4093 ,

1827 4140 2026 4203 quanta
2053 4132 2245 4202 pietas.
2266 4130 2484 4185 Sciebat
2508 4129 2637 4183 nihil
2663 4128 2960 4183 lmmanum
2989 4127 3173 4183 dicere
3202 4127 3444 4189 Petrum;

1827 4225 1967 4279 Deus
1994 4224 2213 4278 ostendit
2244 4223 2402 4293 milii,
2434 4223 2590 4276 dixit.
2622 4221 2749 4276 Ideo
2775 4232 2830 4276 et
2855 4220 2985 4275 illud
3009 4262 3024 4285 ,
3054 4221 3316 4275 Adsumus
3340 4261 3357 4287 ,
3389 4230 3443 4273 nt

1829 4322 2103 4375 audiamus
2128 4319 2303 4373 omm’a
2327 4360 2341 4382 ,
2373 4333 2487 4386 qua:
2508 4317 2597 4370 tibi
2627 4325 2883 4386 precepta
2912 4327 3028 4371 sunt
3055 4331 3090 4368 a
3122 4314 3251 4369 Duo.
3295 4313 3437 4381 Quid

1830 4416 2006 4485 ergo?
2037 4431 2163 4469 nttm
2210 4420 2468 4480 acceptus
2495 4419 2578 4464 est
2604 4409 2681 4463 illi
2714 4410 2790 4476 is,
2819 4409 2910 4479 qui
2957 4418 3042 4463 est
3081 4408 3134 4463 itt
3180 4405 3445 4461 Perside?

1832 4510 1886 4564 Si
1920 4508 2113 4578 (lignus
2144 4506 2243 4568 sit,
2280 4506 2350 4559 ita
2376 4513 2630 4573 acreptus
2659 4503 2761 4557 erit
2782 4543 2798 4567 ,
2831 4511 2884 4555 ut
2917 4500 3075 4554 ﬁdem
3099 4509 3444 4569 assequatur.

1833 4582 1969 4657 Ilinc
1998 4601 2160 4655 etiam
2208 4597 2519 4653 eunuchum
2544 4611 2609 4650 ex
2638 4595 2910 4669 eEtbiopia
2942 4609 3049 4648 non
3076 4594 3342 4663 despexit.
3382 4593 3450 4646 Et

1832 4694 1997 4765 quid,
2051 4692 2296 4761 inquies,
2346 4690 2549 4745 dixeris
2594 4689 2663 4743 de
2709 4688 2976 4757 religiosis
3013 4687 3143 4740 viris
3172 4727 3185 4749 ,
3215 4686 3304 4756 qui
3351 4684 3449 4737 de-

1834 4786 2004 4857 Specti
2056 4784 2526 4848 fuerunt?Absit,
2575 4796 2735 4837 nemo
2791 4781 3078 4851 religiosus
3127 4778 3427 4850 despicitur

1834 4880 1950 4936 Non
1981 4888 2158 4950 potest
2184 4880 2327 4934 enim
2352 4920 2366 4943 ,
2398 4893 2507 4930 non
2539 4886 2720 4945 potest
2748 4875 2937 4943 utique
2964 4874 3169 4941 deSpici
3200 4874 3291 4942 qui
3323 4873 3445 4926 talis

1834 4982 1938 5028 est.
1972 4972 2037 5026 in
2069 4972 2207 5026 onmi
2236 4981 2417 5043 gente,
2452 4970 2663 5040 inquit,
2697 4969 2785 5040 qui
2816 4970 2959 5021 timet
2992 4966 3156 5020 Deum
3184 4976 3231 5021 et
3267 4982 3449 5035 apem-

1837 5078 1919 5121 tur
1939 5066 2218 5135 justitiam.
2252 5064 2524 5117 Justitiam
2559 5070 2715 5115 vocat
2753 5076 2970 5116 omnem
3001 5060 3280 5113 virtutem.

1907 5159 1961 5213 2.
1998 5158 2175 5217 Vides.
2203 5168 2259 5210 ut
2283 5156 2555 5224 deprimat
2580 5154 2723 5207 illius
2746 5153 3029 5206 sublimem
3060 5165 3302 5209 Sensum,
3328 5166 3449 5201 cum

1838 5255 1969 5309 dicit
1995 5272 2007 5308 :
2039 5252 2103 5306 In
2132 5252 2270 5305 omni
2296 5261 2442 5322 gente
2469 5249 2555 5319 qui
2585 5250 2721 5302 timet
2749 5246 2938 5309 Deum,
2962 5255 3203 5316 acceptus
3234 5256 3304 5296 est
3333 5242 3452 5295 illi?

1840 5364 1901 5402 ac
1949 5346 1993 5401 si
2042 5345 2283 5408 diceret,
2333 5343 2614 5397 Neminem
2668 5341 2911 5412 repellit.
2944 5354 3135 5394 omnes
3163 5334 3454 5392 crédeutcs

1841 5441 2096 5495 admittit.
2125 5437 2345 5494 Deinde.
2383 5446 2441 5490 ut
2470 5452 2538 5491 ne
2563 5435 2846 5491 videantur
2878 5435 3019 5488 inter
3039 5433 3279 5501 abjectos
3308 5446 3451 5492 esse,

1842 5534 2023 5587 subdit
2051 5550 2063 5585 :
2090 5531 2179 5587 36.
2216 5529 2435 5583 Verbum
2456 5529 2595 5598 quod
2622 5529 2756 5581 misit
2781 5527 2902 5594 [iliis
2935 5524 3124 5591 Israel,
3145 5523 3459 5577 annuntians

1844 5642 2018 5697 pacem
2051 5640 2139 5693 per
2160 5622 2339 5676 Jesum
2373 5620 2635 5676 Christum
2660 5637 2677 5673 :
2711 5621 2791 5671 hic
2822 5629 2894 5673 est
2924 5620 3148 5671 omnium
3178 5617 3454 5670 Dominus.

1847 5718 1971 5771 lla-c
1998 5716 2125 5770 dicit
2158 5715 2208 5768 in
2240 5714 2587 5783 praesentium
2611 5714 2864 5781 gratiam,
2887 5720 2943 5764 ttt
2975 5710 3081 5763 illis
3118 5708 3460 5777 pet'Suadeat.

1844 5809 1970 5863 Ideo
1996 5815 2188 5873 curat,
2221 5815 2283 5859 ut
2322 5805 2607 5857 Cornelius
2650 5806 2916 5872 loquatur.
2962 5799 3214 5861 Verbum,
3247 5799 3461 5867 inquit.

1842 5904 1977 5972 qtaul
2008 5901 2147 5959 misit
2193 5897 2532 5975 [iliislsraeL
2570 5897 2731 5966 Vide,
2759 5894 3105 5953 illisinterim
3141 5892 3231 5948 dat
3266 5907 3462 5964 pra-ro
