4068 6440
650 412 749 469 ΗΘ

645 529 899 597 nativam.
933 521 1130 578 Dcindc
1158 521 1278 576 illos
1304 528 1470 573 testes
1500 514 1724 574 inducit,
1757 509 1945 564 dicens
1967 527 1980 539 ·
2009 507 2096 597 577.
2137 502 2236 556 Vos

603 599 606 602 Ι
647 596 785 673 scitis
810 613 1032 675 verbum,
1061 613 1198 684 quod
1224 615 1416 680 factum
1448 619 1518 661 est
1551 622 1638 675 per
1664 604 1948 655 universam
1973 596 2236 660 Judaeum,

651 711 895 780 incipiens
935 725 966 761 a
1000 706 1218 762 Gali/ara
1243 746 1255 767 ,
1292 713 1405 773 post
1448 701 1697 768 baptisma
1723 739 1734 756 ,
1763 694 1899 765 quod
1944 689 2238 760 prwtlicunit

649 804 894 857 Joannes,
928 798 1080 868 Quod
1113 799 1191 853 sic
1235 811 1320 849 res
1363 795 1588 854 habeat,
1619 805 1682 842 ex
1716 783 2064 855 sequentibus
2102 795 2238 832 oon-

653 896 848 948 lirmat.
897 894 986 947 38.
1026 889 1261 943 Jesumu
1297 883 1583 940 Nazareth,
1631 878 1881 950 quomodo
1932 873 2075 927 unxit
2121 887 2236 924 eum

653 985 792 1040 Deus
823 984 1023 1052 Spiritu
1054 991 1228 1035 sancto
1267 988 1310 1031 ct
1353 977 1552 1028 virtute.
1579 972 1691 1026 Non
1721 970 1893 1031 dixit,
1939 965 2116 1020 Nasus
2144 962 2234 1014 Je-

647 1093 765 1130 smn
811 1077 1011 1145 (ni-quc
1057 1074 1197 1125 enim
1244 1065 1563 1134 noveram);
1594 1063 1686 1117 Sed
1724 1076 1843 1129 quae
1873 1057 1941 1112 ab
1983 1057 2071 1109 illo
2099 1053 2235 1108 facta

649 1180 770 1223 sunt
795 1210 808 1229 ,
839 1175 1038 1220 narrat.
1075 1163 1177 1229 Qui
1217 1159 1508 1231 pertransiit
1537 1151 1898 1225 benefaciendo
1935 1158 1980 1204 et
2005 1147 2236 1201 sanando

650 1277 819 1313 omnes
844 1273 1109 1328 Oppressus
1135 1272 1167 1308 a
1200 1253 1424 1307 diabolo.
1456 1250 1590 1305 Hinc
1622 1247 1857 1302 ostendit
1883 1245 2079 1299 multas
2120 1258 2238 1294 ιιιιι-

649 1351 917 1404 tilationes
947 1348 1262 1409 diabolicas,
1297 1356 1351 1400 et
1374 1343 1619 1412 corporis
1649 1341 1799 1395 labes
1829 1338 1896 1392 ab
1924 1336 2016 1389 illo
2044 1333 2232 1388 factas.

650 1443 904 1510 Quoniam
935 1440 1070 1494 Deus
1100 1450 1206 1494 erat
1235 1455 1350 1491 cum
1392 1435 1769 1491 illm-Rursum
1815 1429 2033 1484 humilia
2066 1425 2238 1496 loqui-

650 1544 735 1588 tur
754 1577 768 1600 ,
799 1549 904 1587 non
938 1535 1054 1586 sine
1079 1545 1236 1584 causa
1269 1538 1424 1598 puto,
1454 1527 1548 1582 sed
1578 1533 1797 1595 propter
1823 1519 2234 1575 humanitatem.

649 1627 737 1682 59.
774 1626 836 1679 Et
867 1644 958 1680 nos
991 1636 1134 1679 testes
1163 1641 1338 1683 suinus
1363 1621 1591 1675 omnium
1614 1661 1626 1685 ,
1653 1633 1768 1690 qua:
1795 1616 1914 1686 fecit
1944 1616 1998 1667 in
2034 1613 2240 1683 regione

644 1716 945 1772 Judworum
975 1728 1020 1770 et
1044 1715 1350 1769 Jerusalem.
1387 1712 1453 1767 Et
1481 1727 1596 1774 vos,
1624 1710 1818 1779 inquit,
1848 1717 1902 1762 et
1930 1721 2048 1760 nos.
2078 1705 2238 1769 Quem

644 1819 693 1863 et
735 1810 1022 1862 occiderunt
1065 1806 1428 1874 suspendentes
1472 1804 1524 1858 in
1575 1804 1734 1872 ligno.
1789 1800 1884 1853 llic
1930 1798 2234 1867 passionem

648 1894 920 1962 priedica't.
951 1891 1043 1946 40.
1080 1890 1233 1943 llunc
1262 1889 1400 1942 Deus
1430 1887 1692 1942 suscitavit
1719 1886 1864 1938 tertia
1885 1884 1967 1936 die
1985 1924 1999 1948 ,
2029 1891 2072 1934 et
2099 1880 2236 1932 dedit

645 2001 759 2039 eum
803 1984 1129 2054 manifestum
1177 1981 1288 2048 ﬁeri
1308 2021 1322 2041 ,
1354 1981 1442 2033 41.
1483 1994 1585 2031 non
1615 1977 1754 2031 onmi
1779 1974 1970 2046 populo
1991 2017 2004 2038 ,
2031 1973 2120 2026 sed
2159 1982 2234 2025 te-

643 2077 803 2130 stibus
841 2075 1194 2145 prteordiuatis
1221 2090 1252 2124 a
1281 2070 1411 2136 Deo,
1437 2071 1579 2124 nobis
1603 2071 1690 2140 qui
1731 2068 2145 2121 manducavimus
2190 2075 2236 2119 et

641 2168 855 2223 bibimus
893 2185 1005 2221 cum
1053 2184 1111 2222 eo
1132 2210 1146 2232 ,
1183 2177 1450 2236 postquam
1489 2165 1764 2219 resurrexit
1794 2180 1826 2216 a
1861 2163 2095 2216 mortuis.
2127 2161 2237 2214 Hoc.

646 2263 936 2314 maximum
991 2260 1408 2314 resurrectionis
1454 2264 1830 2327 argumentum
1876 2263 1977 2308 est.
2026 2254 2116 2307 42.
2173 2253 2236 2306 Et

646 2353 881 2421 pra'cepit
931 2351 1074 2405 nobis
1125 2351 1406 2422 prwdicare
1448 2347 1638 2419 papula
1682 2356 1727 2400 et
1774 2346 2065 2412 testiﬁcari,
2116 2345 2236 2414 quia

643 2444 750 2506 ipse
784 2452 859 2496 est
879 2484 894 2505 ,
923 2443 1010 2510 qui
1038 2442 1340 2495 constitutus
1366 2448 1439 2494 cst
1460 2428 1497 2492 ia
1524 2437 1632 2492 Deo
1705 2435 1873 2506 judea:
1915 2436 2140 2489 virorum
2189 2442 2234 2486 et

643 2545 979 2587 mortuorum.
1019 2532 1261 2600 Magnum
1291 2532 1452 2584 etiam
1487 2530 1589 2582 hoc
1614 2569 1627 2589 ,
1662 2536 1720 2582 ut
1762 2527 1864 2580 lide
1905 2524 2094 2595 dignos
2135 2524 2233 2579 de-

643 2636 937 2680 monstret.
977 2626 1096 2695 Ipse
1141 2640 1270 2678 vero
1319 2624 1680 2678 testimonium
1731 2619 1970 2681 inducit,
2001 2619 2230 2671 dicens:

642 2718 730 2771 45.
778 2715 910 2770 llnic
939 2733 1108 2770 omnes
1162 2717 1419 2787 prop/ictae
1459 2714 1798 2767 testimonium
1830 2711 2120 2780 perhibent,
2149 2727 2232 2762 re-

643 2811 928 2862 missionem
973 2810 1201 2878 accipere
1231 2824 1318 2876 per
1358 2823 1540 2860 nomen
1584 2806 1694 2875 ejus
1721 2820 1920 2857 onmem
1960 2803 2046 2872 qui
2075 2802 2232 2855 credit

639 2901 692 2953 in
724 2902 883 2953 illum.
926 2901 1049 2954 llmc
1076 2899 1352 2969 prmdictio
1383 2908 1466 2952 est
1492 2912 1679 2951 eorum
1703 2937 1716 2959 ,
1748 2911 1867 2963 qua:
1905 2903 2026 2964 post
2055 2895 2228 2947 futura

636 3000 818 3052 crant;
844 3006 1001 3060 quini
1027 2989 1375 3050 conﬁrmans,
1403 2989 1692 3058 prophetas
1732 2998 2038 3055 opportune
2063 2994 2228 3038 testes

638 3081 874 3136 adhibet.
898 3081 1000 3136 Sed
1027 3092 1334 3148 repetamus
1363 3096 1445 3144 ca,
1472 3097 1589 3149 qua:
1616 3080 1683 3133 de
1710 3079 1960 3133 Cornelio
1985 3079 2230 3146 superius

635 3171 777 3226 dicta
825 3182 967 3225 sunt.
1015 3172 1188 3237 Misit,
1235 3173 1438 3241 inquit,
1484 3173 1535 3223 in
1582 3169 1809 3239 Joppen,
1854 3179 1908 3221 ut
1952 3179 2229 3222 accerseret

645 3262 868 3316 Petrum.
903 3262 1134 3316 Omnino
1165 3272 1446 3316 venturum
1479 3260 1746 3315 credidit:
1796 3259 1917 3312 ideo
1965 3259 2128 3312 misit.
2164 3257 2229 3310 Et

635 3357 845 3418 loquens
871 3373 986 3409 cum
1011 3357 1119 3421 illo,
1155 3356 1341 3424 inquit,
1387 3355 1606 3406 intravit.
1655 3353 1792 3419 Quid
1826 3353 2094 3422 laquens?
2127 3351 2224 3414 Ea,

638 3459 694 3500 ut
755 3458 920 3517 puto,
966 3464 1086 3517 qua:
1149 3448 1395 3514 superius
1447 3446 1589 3498 dicta
1649 3456 1794 3498 sunt.
1839 3445 1904 3498 Et
1960 3445 2227 3514 procidens

635 3539 706 3591 ad
747 3541 897 3607 pedes
940 3542 1082 3611 ejus,
1116 3540 1363 3592 adoravit.
1419 3538 1553 3592 Vide
1603 3540 1796 3607 ubique
1826 3553 2129 3592 sermonem
2161 3538 2228 3592 ab

634 3632 939 3684 adulatione
969 3633 1240 3696 alienum,
1271 3641 1326 3686 et
1367 3632 1668 3686 humilitate
1715 3633 1950 3700 plenum.
1982 3632 2114 3685 llinc
2141 3631 2227 3684 di-

634 3738 768 3789 gnos
797 3725 1097 3777 ostenditur
1131 3735 1183 3777 et
1216 3725 1302 3778 ille
1333 3724 1635 3778 eunuchus.
1681 3723 1933 3794 Prwcepit
1956 3764 1969 3787 ,
2007 3725 2178 3793 inquit
2209 3765 2223 3788 ,

643 3813 900 3884 Philippo,
921 3826 972 3868 nt
999 3817 1285 3870 ascenderet
1314 3821 1360 3869 et
1393 3817 1580 3868 sederet
1609 3817 1659 3868 in
1689 3832 1883 3879 curru;
1913 3816 2011 3869 etsi
2048 3815 2223 3870 nesci-

639 3916 719 3960 ret
746 3908 862 3973 quis
908 3916 1050 3960 esset
1076 3949 1089 3965 .
1124 3908 1221 3960 nisi
1267 3909 1440 3960 SttiUlll
1472 3924 1536 3961 ex
1589 3904 1864 3975 prophetae
1893 3922 2225 3961 commemo-

639 4000 861 4053 ratione.
883 3999 976 4053 llic
1003 4015 1130 4054 vero
1153 4003 1311 4054 ctiam
1335 4001 1530 4055 cecidit
1548 4001 1610 4053 ad
1634 4000 2027 4080 pedes.\\'ideu’
2051 4015 2226 4053 mores

635 4094 750 4146 sine
780 4092 954 4146 fastu?
984 4094 1060 4146 Tu
1088 4110 1212 4147 vero
1239 4094 1367 4147 milii
1398 4094 1677 4148 considera
1706 4135 1718 4156 ,
1750 4093 2020 4162 quomodo
2052 4104 2226 4145 osten-

634 4189 724 4242 dat
755 4189 940 4242 Petrus
961 4188 1198 4241 divinum
1228 4203 1347 4242 csse
1370 4204 1522 4241 suum
1552 4187 1865 4248 adventum,
1896 4201 2014 4240 cum
2044 4187 2174 4240 dicit
2203 4204 2214 4240 :

645 4280 745 4334 l'os
773 4282 909 4333 scitis
940 4281 1170 4332 illicitum
1198 4297 1321 4333 esse.
1372 4281 1436 4334 Et
1461 4296 1556 4332 cur
1601 4295 1704 4332 non
1734 4282 1910 4333 statim
1945 4279 2222 4333 sindonem

641 4374 998 4427 memoravit?
1045 4374 1174 4435 Quia
1209 4388 1235 4423 a
1266 4388 1399 4425 vana
1445 4373 1610 4440 gloria
1654 4382 1768 4425 erat
1808 4371 1962 4425 valde
1994 4371 2219 4423 alienus.

635 4466 786 4533 Quod
819 4463 1013 4518 missus
1042 4465 1110 4517 s'it
1131 4481 1156 4514 a
1186 4465 1293 4516 Deo
1316 4465 1434 4516 dicit
1463 4482 1476 4525 ;
1507 4463 1795 4530 quomodo,
1823 4480 1926 4515 non
1952 4468 2074 4514 item
2096 4481 2108 4520 ;
2134 4462 2226 4515 scd

636 4574 754 4609 cum
787 4572 1005 4609 necesse
1039 4555 1151 4618 fuit,
1192 4570 1310 4608 cmn
1344 4555 1475 4607 dixit
1506 4573 1517 4606 :
1562 4552 1662 4606 Vos
1691 4556 1828 4606 sritis
1857 4553 2092 4606 illicitum
2123 4570 2227 4605 esse

633 4649 815 4701 λιιιίωο
845 4648 1088 4717 conjungi
1114 4648 1187 4699 vel
1214 4650 1446 4699 accedere
1470 4647 1537 4698 ad
1561 4648 1890 4712 alienigenam
1913 4661 1930 4698 :
1953 4647 2019 4698 ita
2048 4647 2227 4714 procul

636 4751 748 4793 crat
802 4757 828 4792 a
879 4755 1008 4792 \-..na
1054 4739 1240 4808 gloria.
1285 4737 1383 4790 Vos
1418 4739 1570 4792 scitis.
1615 4737 1723 4791 Iloc
1753 4737 1970 4802 dicens,
2019 4738 2226 4790 illorum

641 4833 956 4886 sententiam
989 4833 1037 4883 ιιι
1058 4832 1399 4900 Sponsionem
1423 4831 1599 4883 trahit.
1621 4830 1755 4896 Quid
1777 4846 1902 4883 vero
1925 4830 2229 4883 Cornelius?

642 4924 914 4987 Adsumus,
940 4924 1124 4990 inquit,
1157 4925 1207 4974 in
1249 4934 1515 4992 conspectu
1542 4920 1637 4974 Dei
1665 4923 1841 4973 audire
1864 4924 2033 4973 omnia
2054 4963 2066 4984 ,
2090 4938 2229 4990 qua:-

639 5031 849 5081 cumque
894 5015 980 5064 tibi
1010 5027 1258 5081 pracepta
1297 5023 1410 5065 sunt
1439 5031 1468 5064 a
1512 5011 1637 5065 Deo.
1670 5012 1782 5065 Non
1813 5012 1978 5076 dixit,
2016 5012 2069 5064 lti
2102 5029 2232 5065 Con-

639 5125 748 5175 spei
772 5119 825 5160 tu
861 5107 1109 5166 hominis,
1141 5107 1256 5169 sed,
1285 5105 1397 5168 Dei,
1430 5105 1738 5168 Ostendens,
1764 5106 1838 5157 sic
1865 5105 2226 5158 accedendum

640 5214 758 5252 esse
789 5199 852 5251 ad
885 5199 976 5252 Dei
1003 5214 1206 5252 servos.
1246 5197 1462 5252 Vidistis
1487 5207 1719 5250 tuentem
1743 5197 2067 5249 excitatam?
2096 5197 2231 5249 vidi-

640 5295 736 5348 stis
762 5311 919 5364 quam
944 5296 1134 5362 dignus
1161 5305 1304 5349 esset
1332 5294 1413 5347 bis
1443 5294 1731 5348 omnibus?
1755 5294 1996 5363 Aperiens
2019 5305 2186 5346 autem
2210 5335 2227 5359 ,

644 5387 833 5456 inquit,
868 5386 1050 5440 Petrus
1079 5403 1134 5439 os
1154 5404 1299 5440 suum
1323 5388 1450 5438 dixit
1475 5404 1492 5438 :
1517 5386 1580 5438 In
1609 5388 1815 5439 veritate
1839 5388 2084 5451 comperi,
2109 5387 2230 5452 quia

645 5495 744 5530 non
775 5489 844 5531 est
888 5495 1214 5547 personarum
1255 5491 1488 5545 acceptor
1529 5476 1688 5531 Deus.
1738 5477 1848 5531 lloc
1877 5478 2230 5547 pra'scntibus

643 5568 842 5624 Jttdu'is
884 5569 963 5621 Siti
1008 5569 1260 5637 purgandi
1299 5585 1457 5622 causa
1500 5569 1728 5623 dici-bat.
1764 5569 1892 5622 Cum
1936 5573 2076 5622 enim
2124 5570 2230 5622 illis

642 5660 861 5712 wrhutn
887 5659 1174 5713 traditurus
1196 5671 1356 5721 essvt,
1377 5661 1524 5728 quasi
1550 5660 1913 5714 defensionem
1935 5660 2227 5728 prarntiltit.

642 5749 778 5817 Quid
826 5751 994 5820 ergo?
1035 5769 1159 5806 num
1207 5763 1361 5813 anlca
1406 5770 1752 5823 personarum
1795 5764 2043 5823 acci-ptor
2074 5753 2232 5806 erat?

645 5840 833 5912 Absit;
866 5862 987 5900 nam
1018 5857 1171 5900 antea
1199 5848 1276 5902 sic
1302 5857 1435 5902 erat.
1473 5846 1650 5902 Omnis
1674 5889 1686 5912 ,
1721 5847 1886 5918 inquit
1914 5890 1923 5911 ,
1967 5847 2049 5915 qui
2093 5849 2228 5898 timet

1485 398 1759 455 JOANNIS
1797 371 2272 450 cuiwsosrout
2314 383 2630 440 ARCIIIEP.
2674 381 3208 439 coasnu'naor.
3863 380 3954 432 ua

2359 495 2539 558 Deum,
2579 503 2627 547 et
2667 505 2910 557 oneratur
2932 496 3212 563 justitiam,
3256 505 3491 562 acceptus
3520 497 3599 549 illi
3627 507 3726 550 est.
3767 495 3883 549 tloc
3909 505 3958 547 et

2351 590 2544 645 Paulus
2578 589 2820 641 scribens
2861 589 2992 642 dicit
3029 607 3041 640 :
3072 589 3198 643 Cum
3241 591 3369 643 enim
3410 600 3581 660 gentes
3602 632 3614 652 ,
3648 607 3775 658 qua!
3802 590 3957 659 legem

2349 700 2449 736 non
2475 682 2679 748 habent,
2707 698 2766 735 ea
2790 697 2905 748 qua:
2930 683 3056 752 legis
3076 692 3193 737 sunt
3223 683 3416 750 faciunt
3438 682 3613 754 (llam.
3643 682 3706 735 9..
3744 683 3860 739 Η).
3899 685 3960 734 tit

2347 777 2538 848 dogma
2568 776 2770 831 inducit
2813 785 2865 831 et
2914 776 3328 832 institutionem.
3371 777 3503 831 Nam
3534 778 3577 830 si
3622 793 3822 845 magos
3855 793 3959 828 non

2345 869 2626 938 despexit,
2659 884 2834 939 neque
2862 869 3208 937 EtbiOpcm,
3247 887 3419 940 neque
3452 871 3749 933 latronem,
3786 885 3961 933 neque:

2347 960 2680 1015 meretricem
2710 976 2725 1012 :
2758 959 2928 1014 multo
2957 962 3125 1028 magis
3152 971 3438 1029 opet'alttcs
3459 961 3735 1028 justitiam
3779 967 3834 1014 et
3866 974 3959 1011 ν»)-

2347 1055 2518 1108 lentes
2546 1067 2649 1108 non
2678 1063 3008 1107 contemnet.
3033 1054 3167 1120 Quid
3201 1069 3359 1119 ergo,
3399 1058 3441 1106 si
3471 1055 3577 1106 sint
3604 1054 3880 1106 mansueti
3907 1062 3960 1105 et

2346 1147 2503 1198 mites
2553 1145 2800 1200 homines
2845 1147 2934 1215 qui
2963 1146 3188 1200 credere
3224 1146 3416 1200 nolint.
3465 1147 3602 1200 Ecce
3636 1153 3694 1199 tu
3741 1160 3956 1199 causam

2345 1235 2524 1289 dixisti
2559 1254 2570 1288 :
2604 1237 2726 1307 quia
2759 1237 2982 1291 credere
3015 1237 3218 1291 nolunt.
3269 1238 3517 1306 Alioquin
3563 1247 3757 1290 autem
3812 1252 3956 1288 man-

2344 1338 2554 1381 suetum
2587 1327 2674 1381 liic
2700 1327 2827 1381 dicit
2863 1345 2969 1381 non
3002 1331 3208 1395 mitem,
3246 1330 3341 1384 sed
3371 1345 3491 1382 eum
3516 1370 3532 1393 ,
3563 1330 3651 1398 qui
3682 1329 3954 1398 justitiam

2346 1429 2631 1488 operatur;
2667 1419 2716 1472 id
2749 1429 2864 1482 est,
2897 1435 3019 1473 eum
3043 1462 3055 1481 ,
3090 1421 3182 1490 qui
3215 1421 3266 1474 in
3299 1422 3548 1476 omnibus
3576 1421 3956 1488 beneplacitus

2345 1521 2450 1576 est,
2497 1512 2585 1580 qui
2639 1520 2764 1566 tunc
2812 1513 2929 1566 talis
2959 1522 3036 1565 est
3057 1553 3072 1578 ,
3104 1513 3318 1582 quando
3353 1513 3516 1567 Deum
3547 1524 3602 1567 ut
3633 1531 3737 1583 par
3781 1524 3867 1569 est
3894 1514 3954 1566 ti-

2346 1612 2476 1657 tnet.
2528 1603 2840 1669 llujnsmodi
2885 1621 3011 1661 vero
3060 1604 3330 1659 hominem
3380 1605 3524 1661 Deus
3570 1608 3725 1660 solus
3788 1609 3952 1660 norit.

2344 1693 2480 1750 Vide
2524 1697 2794 1766 quomodo
2841 1697 2925 1751 hic
2967 1708 3219 1766 acceptus
3263 1709 3378 1752 erat
3407 1716 3420 1754 :
3452 1715 3574 1754 mox
3609 1710 3664 1752 ot
3708 1700 3912 1754 audit-it
3941 1744 3954 1763 ,

2344 1787 2504 1840 etiam
2538 1787 2948 1856 obtemperavit.
2975 1787 3043 1842 Et
3073 1804 3237 1852 nunc,
3268 1790 3311 1843 si
3346 1791 3570 1860 angelus
3599 1792 3857 1849 vi-nirct.
3885 1792 3959 1842 iu-

2344 1877 2518 1946 qnies,
2555 1895 2712 1933 nemo
2737 1888 2819 1933 est
2847 1881 2934 1949 qui
2981 1896 3085 1935 non
3115 1881 3380 1937 crederet.
3413 1882 3613 1936 Verum
3647 1883 3814 1951 longe
3842 1900 3956 1936 ma-

2339 1969 2454 2040 jora
2481 1988 2619 2025 nunc
2641 1973 2786 2043 signa
2815 1983 2969 2039 sunt,
2999 1991 3159 2046 quam
3192 1975 3279 2029 illa
3312 1994 3323 2028 :
3357 1985 3412 2030 et
3439 1985 3618 2030 tamen
3655 1977 3820 2030 multi
3851 1993 3954 2030 non

2343 2062 2588 2116 credunt.
2638 2064 2836 2120 Deinde
2879 2065 3178 2120 doctrinam
3227 2067 3433 2135 incipit,
3475 2078 3530 2120 ct
3567 2067 3779 2122 Juda-is
3807 2083 3956 2121 suam

2345 2164 2523 2206 servat
2554 2155 2905 2210 nobilitatem.
2953 2156 3202 2223 Verbum,
3232 2158 3435 2228 inquit,
3465 2163 3600 2229 quod
3632 2163 3779 2216 misit
3817 2160 3960 2216 Deus

2345 2246 2468 2314 [iliis
2499 2247 2681 2314 Israel,
2711 2251 3020 2305 annuntians
3051 2270 3226 2320 parent
3255 2270 3273 2307 :
3299 2257 3380 2306 ln'c
3403 2265 3475 2308 est
3502 2257 3739 2308 omnium
3773 2258 3954 2310 Domi-

2344 2357 2457 2393 nus.
2487 2341 2665 2395 Primo
2692 2342 2757 2397 de
2785 2337 3151 2400 dmninatione
3179 2348 3295 2416 ejus
3326 2349 3592 2417 loquitur,
3625 2350 3950 2406 admodum

2342 2446 2448 2498 que
2474 2433 2796 2500 Subliniiter,
2833 2444 2889 2489 ut
2921 2436 3112 2491 licebat
3137 2439 3187 2501 ';
3222 2439 3344 2508 quia
3373 2456 3493 2493 cum
3524 2442 3750 2504 homine
3774 2460 3958 2498 sermo

2341 2535 2476 2588 erat,
2528 2527 2616 2593 qui
2657 2526 2766 2595 jam
2802 2527 3046 2583 sublimis
3075 2530 3317 2595 ell’cctus,
3367 2532 3622 2587 ardenter
3668 2537 3859 2590 omnia
3893 2538 3959 2589 ab

2341 2631 2399 2669 se
2428 2617 2617 2670 tradita
2650 2619 2973 2687 suscipiebat
3003 2639 3015 2674 :
3039 2620 3234 2675 deinde
3259 2623 3511 2690 probans,
3539 2627 3824 2693 quomodo
3843 2645 3959 2680 mn-

2343 2708 2488 2760 nimn
2520 2709 2776 2763 Dominus
2805 2721 2966 2778 esset,
2999 2713 3183 2780 adjicit
3217 2732 3229 2767 :
3268 2713 3420 2780 Quod
3451 2717 3584 2769 misit
3606 2722 3955 2784 annuntiuns;

2342 2800 2394 2854 id
2423 2811 2523 2858 est.
2555 2801 2621 2855 ad
2651 2803 2786 2856 bona
2815 2819 3034 2871 vocans,
3071 2821 3176 2858 non
3201 2805 3458 2874 judicium
3490 2808 3781 2866 inducens.

2412 2892 2462 2944 5.
2491 2891 2627 2945 lliuc
2643 2894 2900 2958 declarat,
2929 2911 3102 2963 ipsum
3124 2896 3356 2950 Verbum
3373 2913 3403 2950 a
3421 2899 3527 2952 Iteo
3548 2898 3760 2955 Judaeis
3781 2904 3956 2969 primo

2339 2985 2560 3038 missum
2597 2984 2780 3039 fuisse.
2817 2987 3019 3041 Deinde
3043 2989 3218 3056 abiis,
3245 3005 3364 3057 qua:
3395 3005 3490 3059 per
3517 3001 3687 3045 lotam
3708 2994 3953 3049 .Inda-am

2335 3063 2536 3144 ellecit,
2563 3078 2665 3134 hoc
2688 3079 3041 3147 demonstrat,
3069 3081 3289 3136 dicens:
3321 3081 3358 3133 1⁷
3363 3101 3418 3136 os
3438 3085 3575 3137 scitis
3595 3087 3740 3153 quod
3759 3091 3955 3156 farJum

2337 3183 2408 3226 est
2425 3173 2626 3225 verbum
2651 3190 2737 3240 per
2759 3175 3041 3227 universam
3061 3173 3300 3227 Judteam
3315 3176 3550 3244 :etquod
3569 3186 3653 3229 est
3675 3179 3951 3240 mirabile,

2335 3264 2583 3333 incipiens
2598 3281 2626 3315 α
2646 3263 2881 3328 Galilrva,
2908 3277 3017 3333 post
3038 3267 3308 3332 baptisma,
3323 3267 3458 3333 quod
3474 3269 3778 3334 prwdicavit
3795 3270 3956 3325 Joan-

2337 3373 2445 3410 nes.
2467 3357 2645 3410 Prinio
2665 3358 2914 3426 loquutus
2939 3369 3018 3411 est
3035 3358 3100 3411 de
3127 3359 3241 3426 ejus
3263 3359 3522 3428 praeclaro
3546 3375 3736 3427 opere,
3758 3373 3812 3416 ct
3829 3375 3954 3418 tunc

2335 3449 2403 3503 de
2433 3449 2549 3517 ejus
2582 3450 2748 3518 patria
2781 3450 3005 3504 lidentcr
3026 3450 3279 3519 loquitor.
3311 3449 3534 3504 Jesuma
3557 3449 3854 3511 Nazareni.
3881 3457 3951 3510 Ita

2336 3541 2538 3594 sciebat
2555 3543 2722 3609 ipsam
2742 3543 2966 3609 patrima
2991 3542 3316 3597 olleiulicnlo
3344 3557 3484 3596 esse.
3505 3543 3783 3608 Quomodo
3807 3550 3954 3600 unxit

2335 3649 2447 3686 eum
2465 3632 2599 3685 Deus
2617 3633 2814 3701 Spiritu
2829 3645 3001 3686 sancto
3016 3645 3060 3686 et
3077 3637 3271 3686 virtute.
3292 3633 3486 3687 ltermn
3504 3635 3715 3701 probat.
3733 3637 3816 3691 Ne
3834 3641 3953 3706 quis

2333 3723 3000 3787 enimdiceret,Undenam
3032 3727 3130 3778 hoc.
3150 3725 3485 3779 manifestum
3505 3727 3614 3779 est?
3632 3729 3949 3798 subjungit:

2337 3818 2437 3882 Qui
2462 3819 2780 3886 pertransivit
2811 3819 3166 3887 benefariendo
3188 3829 3234 3871 et
3259 3819 3489 3870 sanando
3516 3835 3693 3871 omnes
3723 3837 3951 3888 oppres-

2334 3927 2417 3963 sus
2443 3928 2473 3962 a
2498 3911 2720 3964 diabolo.
2755 3913 2955 3965 Deinde
2985 3927 3104 3963 cum
3150 3911 3336 3978 bonis,
3367 3928 3484 3980 qua:
3516 3923 3780 3980 operatus
3826 3928 3910 3970 est
3935 3961 3946 3981 ,

2333 4002 2568 4055 o~tendit
2589 4012 2783 4070 quanta
2809 3999 3116 4070 virt’us'ejus
3141 4012 3282 4056 esset
3309 4024 3320 4057 :
3347 4018 3465 4055 cum
3490 4004 3631 4056 enim
3663 4003 3948 4059 diabolum

2334 4096 2702 4164 superaverit,
2734 4095 3003 4164 ingentem
3037 4095 3178 4148 illam
3215 4095 3379 4149 fuisse
3407 4108 3640 4164 Optirlt'l.
3672 4098 3951 4167 Adjicitur

2332 4201 2514 4251 causa,
2553 4185 2806 4252 Quoniam
2839 4184 2978 4238 Deus
3012 4196 3118 4238 erat
3155 4203 3268 4237 cum
3293 4185 3403 4239 illo.
3437 4185 3556 4239 Ideo
3583 4195 3637 4239 ct
3665 4187 3844 4241 Judaei
3876 4193 3945 4241 ita

2335 4279 2578 4332 dicebant
2612 4295 2626 4330 :
2662 4278 2866 4331 Scimus
2888 4317 2902 4342 ,
2934 4279 3175 4347 quoniam
3203 4294 3234 4329 a
3279 4277 3387 4330 Deo
3436 4279 3612 4330 veniin
3654 4281 3950 4350 magister:

2336 4387 2477 4421 nemo
2505 4369 2635 4423 enim
2664 4379 2823 4438 potest
2852 4369 2960 4422 [nec
2980 4369 3124 4438 signa
3147 4372 3334 4437 facere,
3366 4372 3462 4423 nisi
3485 4371 3624 4423 Deus
3648 4376 3805 4436 fuerit
3829 4393 3948 4427 σωκ

2335 4481 2390 4515 eo
2435 4462 2612 4531 (Joan.
2662 4464 2711 4515 5.
2756 4462 2833 4532 2).
2884 4463 3105 4526 Deinde,
3156 4473 3432 4532 postquam
3473 4467 3707 4518 ostendit
3742 4484 3869 4520 eum
3919 4491 3944 4521 a

2339 4557 2448 4611 Deo
2476 4558 2694 4611 missum
2721 4555 2901 4619 fuisse,
2930 4565 3053 4609 tunc
3078 4556 3225 4609 addit
3245 4572 3365 4610 eum
3388 4557 3724 4611 intcrfccuun
3749 4558 3944 4626 fni55u,

2339 4665 2405 4702 nc
2437 4648 2560 4715 quid
2609 4646 2898 4701 absurdum
2940 4648 3267 4716 imagineris.
3303 4647 3488 4700 Vidn-n‘
3513 4648 3638 4702 illos
3671 4665 3943 4716 nusquam

2337 4740 2604 4793 occultare
2627 4753 2862 4803 crucem,
2892 4737 2998 4790 imo
3025 4749 3074 4792 et
3105 4737 3318 4790 modum
3349 4739 3505 4791 etiam
3534 4755 3654 4792 cum
3685 4742 3812 4794 aliis
3841 4743 3943 4794 ad-

2337 4835 2562 4887 dentes?
2597 4834 2758 4899 Quem
2791 4833 3084 4885 occiderunt
3106 4873 3119 4892 ,
3151 4834 3355 4900 inquit,
3389 4835 3750 4899 suspendentes
3783 4837 3836 4896 in
3876 4838 3943 4888 ιέ-

2337 4942 2455 4995 gno.
2490 4925 2552 4977 Et
2585 4926 2722 4978 dedit
2754 4927 2898 4978 illum
2927 4925 3250 4994 manifestum
3280 4926 3410 4992 ﬁeri,
3439 4943 3536 4978 non
3559 4928 3700 4977 omni
3721 4929 3944 4996 papula,

2338 5019 2426 5070 sed
2451 5019 2656 5072 testibus
2689 5018 3049 5088 pra'ordinatis
3074 5033 3104 5068 a
3127 5015 3235 5070 Deo
3265 5017 3428 5069 nobis.
3462 5018 3618 5086 Atqui
3657 5020 3775 5085 ipse
3824 5021 3949 5072 illus

2338 5111 2535 5179 elegit;
2567 5111 2658 5164 sed
2695 5109 2820 5163 illud
2848 5110 3104 5162 adscribit
3133 5108 3260 5163 Deo.
3298 5107 3693 5172 l'rwordinatis,
3731 5111 3909 5179 inquit
3937 5155 3950 5167 .

2340 5202 2471 5256 Vide
2503 5201 2641 5255 unde
2673 5203 3122 5254 resnrrcctionen‘.
3154 5217 3367 5271 procer,
3393 5218 3422 5253 a
3447 5201 3810 5255 comedendo.
3836 5204 3953 5255 (Ini-

2340 5308 2625 5363 resurgens
2654 5294 2854 5346 mutum
2889 5294 3096 5361 signum
3128 5292 3274 5357 fecit,
3305 5292 3400 5346 sed
3429 5291 3664 5345 comedit
3691 5303 3748 5345 et
3775 5293 3951 5346 bibit?

2338 5388 2468 5453 Quia
2514 5387 2623 5455 ipsa
2669 5386 2990 5438 resurrectio
3035 5401 3130 5452 per
3159 5399 3216 5437 se
3249 5399 3496 5452 magnum
3529 5395 3643 5436 erat
3679 5387 3899 5452 signum
3937 5406 3947 5437 :

2342 5478 2496 5548 hujus
2536 5493 2665 5533 vero
2716 5477 2914 5529 nullum
2962 5477 3131 5543 majus
3179 5485 3550 5543 argutiicntuut
3592 5485 3726 5536 erat,
3781 5494 3947 5544 quam

2339 5573 2480 5641 quod
2515 5570 2823 5624 comederet
2869 5577 2923 5621 et
2965 5568 3191 5621 biberet.
3239 5565 3546 5634 Testi/icari,
3601 5568 3794 5635 inquit.
3851 5568 3951 5621 illi:

2343 5666 2651 5720 terribiliter
2682 5663 2938 5731 loquitur,
2973 5679 3039 5716 ne
3077 5669 3295 5730 possvnt
3322 5661 3385 5713 ad
3423 5663 3782 5729 ignorantiam
3816 5678 3949 5713 Con.

2345 5758 2546 5826 fugere.
2596 5756 2702 5809 Nec
2754 5756 2885 5806 dixit
2918 5773 2929 5808 τ
2963 5756 3079 5824 Ipse
3125 5765 3207 5808 est
3253 5752 3419 5806 Filius
3466 5755 3596 5814 Dei;
3650 5756 3742 5807 scd
3802 5764 3954 5822 quod

2408 5855 2417 5880 ¹
2448 5848 2584 5909 illud,
2613 5853 2661 5896 ιιι
2685 5845 2856 5896 licebat
2882 5847 2966 5905 ιὼς
2988 5844 3136 5903 ἐνῆν),
3161 5841 3305 5890 deest
3327 5855 3372 5887 ιιι
3393 5838 3841 5902 qitibtisdain_.\lss.
