4068 6426
169 386 266 437 I-‘il

163 499 410 551 maxime
435 491 555 551 illos
588 495 823 551 terrebat
855 513 866 549 :
902 492 1027 561 Ipse
1063 502 1173 559 est,
1202 493 1289 562 qui
1316 494 1617 547 constitutus
1658 502 1729 544 cst
1756 509 1788 544 α

164 590 281 644 Deo
311 591 471 658 iudex
498 591 723 645 vivorum
748 601 795 643 et
823 598 1162 641 mortuorum.
1198 587 1333 642 Hine
1375 587 1620 656 sequitur
1649 586 1784 640 Vali-

155 686 299 739 dum
350 695 726 755 argumentum
763 700 792 738 a
835 682 1115 752 prophetis
1157 701 1170 737 :
1205 681 1281 736 illi
1322 683 1464 735 enim
1501 681 1551 734 in
1581 695 1786 781 magna

155 777 573 830 existimatione
595 786 770 829 erant.
798 773 938 827 Huic
957 789 1132 826 omnes
1161 772 1423 842 praplieta?
1447 772 1789 824 testimonium

160 869 460 933 perhibent.
499 868 791 937 Postquam
827 867 1019 920 timore
1049 863 1346 934 perculsit,
1395 871 1523 915 tunc
1571 862 1786 914 veniam

159 961 401 1027 inducit,
432 978 537 1015 non
567 961 636 1013 ab
665 960 778 1023 illo,
809 959 900 1014 sed
931 975 960 1012 a
991 957 1269 1027 prophetis
1292 956 1511 1008 dictam.
1546 953 1612 1006 Et
1640 951 1784 1021 quod

157 1053 415 1107 terribile
441 1063 578 1118 erat,
609 1051 676 1106 ab
706 1051 798 1106 illo
824 1068 837 1116 ;
868 1051 1009 1121 quod
1043 1059 1221 1103 autem
1256 1046 1461 1110 mitius,
1491 1061 1521 1100 a
1555 1044 1788 1114 prophe-

157 1148 230 1200 tis
263 1146 729 1217 proficiscebatur.
760 1145 1034 1215 Quotquot
1064 1144 1204 1197 hanc
1231 1140 1608 1196 remissionem
1648 1151 1782 1241 con:

155 1240 382 1309 sequuti
413 1244 543 1293 estis
567 1279 582 1305 ,
631 1249 891 1309 quotquot
923 1238 1081 1290 fidem
1127 1235 1269 1289 nacti
1307 1235 1436 1286 estis
1463 1249 1476 1298 ;
1502 1247 1626 1286 cum
1655 1230 1783 1284 doni

156 1333 596 1403 magnitudinem
629 1332 925 1386 didiceritis
945 1374 960 1393 ,
991 1332 1240 1395 obsecro,
1280 1329 1405 1383 date
1443 1342 1685 1396 operam,
1716 1340 1784 1380 ne

155 1425 580 1479 Bern-faetorem
648 1425 972 1478 contumelia
1039 1424 1310 1478 aflieiatis.
1383 1419 1780 1476 ltemissionem

159 1532 406 1585 namque
433 1518 756 1584 consequuti
786 1533 993 1581 smnus,
1025 1532 1130 1569 non
1162 1525 1218 1569 ut
1244 1515 1545 1570 deteriores
1575 1511 1780 1567 efficia-

154 1622 310 1670 mur,
344 1607 438 1661 sed
467 1615 524 1660 ut
553 1608 724 1662 multo
749 1608 1002 1661 meliores
1030 1618 1081 1662 et
1113 1609 1535 1676 praestantiores.

235 1699 380 1754 Deus
402 1716 503 1753 non
528 1710 605 1753 est
632 1717 787 1754 causa
816 1701 1087 1754 mulorum.
1117 1730 1189 1739 —
1219 1699 1388 1755 Nemo
1415 1698 1576 1770 igitur
1600 1698 1778 1762 dicat,

156 1792 338 1846 Deum
363 1806 485 1846 esse
511 1791 671 1846 nobis
691 1808 911 1846 causam
939 1793 1226 1857 malorum,
1258 1793 1400 1864 quod
1434 1807 1540 1846 non
1569 1791 1776 1862 puniat,

154 1898 263 1937 nec
312 1883 634 1951 supplicium
683 1884 902 1939 inferat.
948 1886 1040 1939 llic
1080 1887 1222 1939 enim
1266 1886 1418 1950 mihi,
1450 1887 1494 1940 si
1528 1886 1778 1955 princeps

153 1975 430 2044 quispiam
475 1986 690 2045 captum
741 1975 1066 2031 homicidam
1108 1977 1401 2043 dimiserit,
1434 1993 1500 2030 an
1541 1993 1776 2047 sequeno

155 2072 295 2121 tium
349 2069 582 2124 caedium
631 2081 820 2126 auctor
862 2087 984 2126 esse
1021 2073 1390 2142 jndieabitur?
1430 2072 1668 2126 Minime.
1716 2073 1780 2125 Et

152 2162 470 2228 quomodo,
503 2163 630 2216 dum
674 2164 854 2232 impiis
899 2165 1095 2235 linguis
1137 2165 1399 2219 audemus
1436 2166 1547 2221 Deo
1587 2176 1778 2220 contu-

156 2253 380 2306 ineliam
425 2254 662 2320 inferre,
696 2272 800 2308 non
835 2257 1118 2320 timemus,
1154 2273 1253 2312 nec
1295 2257 1778 2312 exborrescimns?

152 2345 296 2411 Quid
329 2346 475 2399 enim
506 2362 612 2401 non
639 2348 858 2403 dicent?
877 2349 1004 2418 quid
1029 2366 1133 2404 non
1163 2351 1487 2420 loquentur?
1516 2351 1634 2420 Ipse
1658 2368 1776 2421 per-

153 2440 329 2504 misit,
357 2440 610 2511 inquiunt
637 2459 651 2495 :
677 2445 959 2512 oportebat
985 2446 1129 2500 enim
1162 2446 1355 2518 dignos
1376 2449 1645 2518 supplicio
1670 2467 1775 2503 non

154 2529 454 2595 honorare,
508 2549 614 2587 non
659 2550 946 2604 coronare,
973 2554 1078 2591 non
1131 2540 1362 2607 primatu
1395 2540 1634 2610 dignari,
1679 2541 1775 2596 sed

155 2624 354 2689 punire
377 2635 432 2678 et
458 2628 675 2692 ulcisci;
713 2629 802 2682 ille
832 2645 959 2684 vero
987 2641 1196 2697 contra,
1223 2633 1348 2687 dum
1379 2634 1500 2688 illos
1525 2635 1774 2699 honorat,

152 2714 298 2768 tales
333 2716 480 2783 ipsos
509 2717 694 2773 efficit.
727 2720 822 2786 Ne,
854 2737 1038 2792 QUI‘SO
1067 2733 1121 2778 et
1148 2739 1265 2787 oro,
1299 2741 1368 2780 ne
1389 2727 1652 2795 quispiam
1683 2743 1779 2781 no-

151 2819 330 2861 strum
367 2810 530 2864 talem
572 2815 783 2868 emittat
823 2832 1031 2871 vocem.
1069 2818 1250 2873 Satius
1279 2820 1436 2875 fuerit
1474 2825 1778 2877 sexcenties

151 2899 364 2965 defodi,
390 2918 550 2972 quam
581 2904 748 2960 Deum
780 2923 877 2977 per
907 2925 1004 2963 nos
1033 2912 1156 2965 talia
1184 2913 1390 2968 audire.
1425 2914 1679 2968 Dicebant
1703 2914 1776 2966 illi

152 3005 210 3046 cl
253 2995 426 3049 Judaei
465 3014 480 3052 :
528 2998 630 3064 Qui
670 3001 888 3056 destrui:
925 3005 1204 3073 templum,
1239 3016 1285 3059 et
1323 3007 1375 3060 in
1408 3007 1566 3060 tribus
1602 3009 1778 3060 diebus

151 3087 450 3153 recedi/ica:
491 3089 640 3153 illud,
675 3091 817 3144 salva
846 3098 1199 3160 temetipsum;
1225 3106 1280 3150 et
1311 3114 1521 3152 rursum
1551 3118 1563 3152 :
1593 3099 1654 3154 Si
1682 3099 1776 3152 Fi-

151 3178 257 3230 lius
299 3176 399 3231 Dei
442 3197 524 3244 es,
561 3182 808 3237 descende
835 3185 898 3238 de
923 3203 1074 3240 cruce
1116 3187 1327 3259 (Matth.
1367 3189 1460 3244 27.
1504 3191 1620 3260 40).
1669 3191 1775 3246 Sed

153 3270 278 3324 luce
320 3272 425 3326 illis
473 3284 597 3328 sunt
627 3278 899 3344 graviora.
953 3278 1030 3333 Ne
1083 3281 1263 3350 itaque
1315 3297 1412 3351 per
1470 3298 1568 3337 nos
1618 3284 1777 3340 liceat

151 3362 336 3432 ipsum
382 3364 486 3418 dici
522 3366 814 3435 iniquitatis
845 3369 1160 3435 doctorem,
1197 3390 1372 3442 neque
1401 3390 1469 3428 ex
1505 3377 1635 3445 ipsis
1659 3377 1776 3430 hla-

151 3455 425 3522 Sphemiis
457 3459 722 3528 supplicio
751 3461 974 3515 obnoxii
999 3463 1302 3518 efficiamur
1334 3467 1480 3534 (nam
1514 3470 1607 3527 ait,
1643 3467 1777 3521 Pro-

153 3557 272 3614 pter
311 3564 396 3601 vos
426 3566 608 3604 nomen
636 3569 803 3605 meum
830 3557 1215 3626 blasphematur
1252 3560 1304 3612 in
1333 3561 1562 3628 gentibus
1594 3560 1772 3633 [Ιιοηι.

150 3642 208 3692 2.
236 3639 332 3712 24]
363 3643 380 3709 )
415 3659 428 3693 :
457 3641 650 3697 demus
680 3661 1022 3734 operamnut
1066 3651 1337 3704 contraria
1381 3652 1655 3714 dicantur,
1689 3653 1774 3706 di-

151 3749 319 3802 gnam
364 3737 648 3791 vocatione
692 3750 871 3794 nostra
906 3741 1066 3795 vitam
1098 3741 1380 3808 ducentes,
1419 3755 1473 3798 et
1498 3745 1563 3799 ad
1600 3745 1775 3814 bapti-

150 3843 277 3880 sma
309 3827 622 3898 adoptionis
661 3833 1001 3886 accedentes.
1041 3834 1177 3888 Vere
1211 3851 1444 3905 namque
1472 3853 1662 3907 magna
1690 3849 1776 3894 est

152 3921 240 3972 vis
269 3919 544 3988 baptismi,
570 3937 689 3992 quae
711 3923 836 3978 doni
860 3936 1141 3980 consortes
1163 3928 1301 3981 alios
1325 3945 1388 3982 ex
1421 3929 1541 3983 aliis
1566 3929 1731 3984 efficit
1758 3946 1772 3984 :

152 4027 266 4062 non
318 4012 445 4064 sinit
492 4012 738 4068 homines
769 4030 892 4069 esse
939 4015 1206 4070 homines.
1257 4018 1398 4082 Fac,
1455 4028 1512 4072 ut
1557 4021 1776 4089 gentilis

151 4105 350 4159 credat
381 4123 628 4175 magnam
657 4123 776 4163 esse
804 4111 1034 4175 Spiritus
1065 4111 1335 4175 virtutem,
1365 4130 1484 4182 qua:
1514 4113 1770 4167 transfor-

151 4206 293 4258 met,
318 4213 440 4266 quze
474 4209 815 4254 transmittet.
845 4200 952 4255 Cur
975 4213 1247 4259 extremos
1271 4206 1468 4259 halitus
1491 4219 1775 4276 exspectas

152 4299 215 4341 ιιι
267 4288 538 4358 fugitivus,
591 4301 648 4345 ut
686 4294 1004 4357 sceleratus,
1053 4305 1106 4348 ut
1148 4299 1237 4366 qui
1284 4313 1388 4351 non
1431 4297 1632 4353 debeas
1662 4297 1774 4353 Deo

152 4382 386 4434 vivere?
415 4399 511 4435 cur
542 4384 608 4434 ita
640 4383 862 4438 affectus
894 4401 973 4448 es,
1008 4402 1069 4438 ac
1101 4387 1144 4439 si
1178 4388 1529 4442 inhumanum
1563 4398 1618 4443 et
1646 4407 1770 4444 eru-

152 4475 336 4528 delcm
363 4476 590 4530 haberes
622 4477 905 4532 Dominum
931 4481 952 4530 ?
984 4479 1110 4548 quid
1141 4479 1383 4550 frigidius
1406 4525 1418 4546 ,
1450 4484 1575 4552 quid
1609 4485 1775 4537 mise-

154 4567 387 4621 rabilius
436 4568 534 4633 iis,
578 4569 668 4636 qui
714 4581 839 4622 tunc
875 4571 1136 4639 baptisma
1178 4575 1496 4642 accipiunt?
1526 4578 1772 4632 Amicum

153 4668 210 4710 te
260 4655 386 4709 fecit
427 4656 589 4723 Deus,
632 4671 684 4712 et
729 4661 981 4715 onmibus
1010 4663 1260 4732 dignatus
1290 4677 1370 4718 est
1404 4667 1578 4733 bonis,
1625 4679 1681 4722 ιιι
1720 4680 1775 4724 et

152 4749 275 4819 ipse
298 4764 393 4823 ea,
411 4766 531 4820 quae
558 4753 714 4807 amici
745 4765 890 4820 sunt,
916 4756 1194 4812 exhibeas.
1227 4759 1318 4814 Dic
1342 4761 1493 4828 inibi,
1519 4764 1561 4816 si
1587 4780 1775 4833 quem-

155 4843 300 4908 piam
350 4841 559 4910 injuriis
598 4854 651 4897 et
694 4847 903 4914 probris
934 4850 1208 4904 affecisses
1237 4856 1615 4924 sexcentisque
1643 4872 1773 4910 con-

153 4932 313 4986 vietis
343 4949 653 5003 onerasses,
686 4948 740 4992 et
771 4940 821 4991 in
855 4958 1044 4996 nianus
1085 4945 1201 5012 ejus
1231 4945 1556 5001 incidentem
1603 4960 1652 5003 te
1685 4951 1774 5004 ille

155 5025 400 5079 vicissim
451 5027 764 5093 honorat-et,
816 5044 870 5086 et
916 5048 1136 5088 SUUI'UIII
1188 5039 1426 5092 onmium
1461 5053 1770 5097 consonent

152 5117 385 5183 faceret,
418 5127 471 5172 et
502 5121 641 5173 inter
669 5125 871 5177 amicos
903 5142 1000 5194 pro
1029 5127 1192 5182 illatis
1221 5129 1429 5196 iniuriis
1459 5142 1509 5186 te
1538 5151 1771 5189 corona-

158 5217 265 5271 ret,
299 5218 459 5278 teque
493 5222 546 5264 ut
577 5227 894 5281 germanum
925 5215 1094 5272 filiutn
1134 5221 1332 5276 habere
1357 5224 1582 5290 diceret,
1617 5228 1774 5282 dein-

157 5297 338 5364 deque
368 5301 544 5354 subito
587 5319 889 5360 moreretur
924 5326 936 5361 :
967 5325 1145 5363 annon
1180 5313 1434 5369 damnum
1483 5318 1610 5371 illud
1652 5338 1774 5376 esse

157 5389 544 5446 existimares?
576 5410 753 5450 annon
787 5400 1017 5465 diceres,
1059 5404 1260 5459 Vellem
1297 5408 1444 5462 illum
1477 5411 1684 5478 virere,
1719 5425 1775 5467 nt

157 5499 374 5550 possem
425 5488 595 5542 vicem
649 5493 877 5548 reddere
927 5513 990 5550 ac
1036 5502 1354 5568 rependere,
1411 5521 1478 5558 ne
1533 5508 1774 5576 ingratus

155 5593 284 5646 erga
330 5579 736 5638 benefactorum
783 5589 1041 5644 viderer?
1072 5593 1185 5646 Jam
1221 5598 1297 5649 sic
1336 5614 1460 5668 erga
1498 5600 1769 5656 hominem

156 5672 383 5724 affectus
423 5688 522 5738 es;
559 5687 611 5730 et
650 5694 770 5733 cum
804 5682 870 5734 de
905 5683 1012 5738 Deo
1040 5688 1236 5756 agitur,
1283 5691 1351 5742 ila
1386 5693 1652 5749 decedere
1681 5713 1775 5750 cu-

157 5779 268 5826 ras,
320 5776 376 5818 ut
409 5778 482 5822 tot
527 5786 811 5829 munerum
859 5779 1032 5834 datori
1082 5785 1251 5837 vicem
1305 5803 1410 5841 non
1462 5793 1771 5860 rependas?

156 5855 294 5921 Quin
341 5860 516 5927 potius
551 5873 674 5920 tunc
705 5870 922 5935 accede,
968 5889 1087 5928 cum
1135 5888 1289 5946 poles
1332 5885 1475 5950 paria
1523 5885 1767 5942 reddere.

1145 377 1211 433 IN
1252 377 1430 433 ACTA
1474 377 2001 434 AI‘OSTULORUM.
2046 380 2280 439 llOlllL
2330 387 2520 445 ΧΧΙΙΙ.

3412 413 3515 475 182

1897 491 2006 546 Cur
2034 492 2214 565 fugis?
2253 501 2446 567 Etiam,
2478 507 2726 577 inquies;
2762 513 2855 568 sed
2882 533 2987 572 non
3020 535 3236 590 possum
3267 545 3352 583 me
3379 546 3514 586 con-

1897 586 2090 642 tinere.
2121 591 2263 663 Ergo
2296 597 2647 667 impossibilia
2681 614 2930 679 praecepit
2967 586 3142 670 Deus?
3172 619 3309 677 llinc
3332 629 3512 681 omnia

1894 682 2153 740 subversa
2182 698 2328 757 sunt,
2354 692 2479 750 hinc
2504 699 2738 754 mundus
2764 718 3052 776 corruptus
3075 722 3178 778 est,
3203 717 3325 784 quia
3355 734 3517 774 nemo

1909 786 2048 828 :urat
2084 785 2382 838 secundum
2419 787 2582 843 Deum
2623 794 2828 851 vivere.
2859 801 3242 862 Cateclmmeni
3282 809 3384 866 hoc
3421 827 3518 867 cu-

1896 879 2079 923 rantes
2106 912 2121 936 ,
2156 874 2362 929 nullam
2406 878 2474 934 de
2505 894 2651 938 recta
2686 889 2789 941 vita
2832 890 3031 948 habent
3059 898 3512 971 Sollicitudinem;

1894 965 1983 1028 qui
2015 979 2142 1017 vero
2168 966 2279 1035 jam
2310 982 2436 1025 sunt
2466 974 2771 1047 illuminati,
2804 982 2995 1040 horum
3028 989 3140 1053 alii,
3175 995 3295 1063 quia
3338 998 3516 1054 adlmc

1893 1065 2014 1106 cum
2063 1059 2213 1123 pueri
2266 1074 2450 1117 essent
2501 1066 2765 1137 baptisma
2814 1091 3174 1148 acceperunt;
3217 1087 3343 1149 alii,
3389 1091 3512 1160 quia

1891 1142 2213 1203 differebant
2246 1162 2299 1206 et
2329 1154 2383 1208 in
2409 1157 2603 1213 morbo
2634 1162 2852 1219 demum
2901 1142 2959 1222 id
2995 1187 3356 1244 acceperunt,
3390 1142 3512 1247 quia

1894 1237 2100 1293 nullum
2133 1240 2407 1302 habebant
2446 1252 2682 1308 studium
2716 1258 2932 1314 vivendi
2966 1266 3266 1323 secundum
3300 1273 3470 1327 Deum
3495 1317 3508 1337 ,

1892 1343 2068 1399 neque
2120 1333 2176 1389 bi
2221 1338 2450 1396 studiosi
2500 1355 2662 1412 sunt;
2712 1351 2803 1418 qui
2853 1364 3033 1408 atttem
3079 1359 3221 1415 bene
3272 1366 3513 1420 valentes

1889 1436 2238 1493 acceperunt,
2275 1446 2461 1499 parum
2493 1447 2545 1490 et
2575 1437 2675 1506 ipsi
2724 1443 2887 1497 studii
2928 1446 3207 1514 exhibent,
3243 1463 3296 1507 et
3329 1458 3510 1510 statim

1889 1516 2142 1574 ardentes
2178 1523 2390 1591 effecti,
2426 1541 2610 1608 postea
2657 1543 2710 1587 et
2759 1536 2857 1603 ipsi
2904 1540 3079 1608 ignem
3109 1546 3508 1603 exstinxernnt.

1889 1611 2084 1665 Annon
2119 1624 2270 1681 potes
2303 1599 2609 1687 negotiari?
2634 1640 2700 1679 an
2731 1627 2800 1681 ab
2825 1646 2994 1686 uxore
3024 1643 3074 1687 te
3101 1638 3322 1704 separo?
3345 1643 3383 1692 Α
3412 1640 3513 1693 for-

1890 1705 2159 1762 nicatione
2183 1709 2425 1767 secludo.
2456 1713 2590 1770 Num
2619 1733 2646 1770 a
2680 1725 3030 1788 pecuniarum
3063 1744 3160 1780 usu
3188 1733 3394 1785 arceo?
3427 1734 3511 1786 Ab

1888 1799 2111 1852 avaritia
2162 1791 2366 1857 tantum
2418 1819 2473 1862 et
2517 1813 2724 1879 rapina.
2770 1816 2908 1871 Num
2940 1835 3076 1890 eogo
3107 1834 3175 1884 te,
3228 1835 3283 1878 ιιι
3327 1829 3506 1882 onuiia

1888 1888 2174 1947 effundas?
2205 1895 2382 1952 Pauca
2417 1909 2622 1957 tantum
2666 1922 2729 1960 ex
2775 1908 3122 1966 facultatibus
3159 1917 3344 1984 egenis
3387 1937 3508 1974 ero:

1888 1997 2013 2052 gare
2037 1985 2204 2054 jubeo
2236 1990 2591 2055 (Abundantia
2621 2010 2807 2066 vestra,
2840 2003 3031 2074 inquit,
3055 2007 3126 2058 ad
3171 2007 3380 2064 illorum
3425 2016 3508 2067 iu-

1886 2077 2055 2142 Opiam
2080 2077 2154 2149 [2.
2181 2081 2299 2136 Cor.
2321 2084 2374 2138 8.
2404 2087 2614 2160 14]):ac
2637 2107 2812 2161 neque
2841 2097 2908 2148 ita
2935 2103 3343 2166 persuademus.
3369 2105 3506 2162 Num

1884 2170 1949 2223 ad
1975 2170 2326 2241 ji'junandttm
2359 2183 2649 2251 cogimus?
2679 2188 3006 2247 Ebrietatem
3037 2206 3091 2249 et
3131 2199 3309 2266 gulam
3358 2202 3510 2256 cohi-

1887 2263 2096 2320 benius.
2146 2269 2237 2324 Illa
2283 2287 2626 2344 ampulamus
2670 2298 2790 2352 qua:
2825 2285 2915 2339 tibi
2951 2291 3336 2356 turpitudinem
3379 2297 3510 2350 affe-

1885 2369 2010 2411 runt
2037 2377 2048 2412 :
2074 2377 2193 2430 qum
2215 2365 2438 2421 velante
2464 2370 2768 2440 gehennam
2797 2376 3248 2446 fugit-inlaetodio
3263 2388 3506 2444 habenda

1883 2463 2005 2502 esse
2047 2460 2099 2505 tu
2149 2455 2264 2522 ipse
2303 2457 2507 2515 fateris.
2546 2463 2684 2520 Num
2726 2469 2794 2522 ab
2832 2472 3192 2531 oblectatione
3222 2489 3276 2532 et
3309 2481 3508 2550 gaudio

1884 2543 2078 2594 arceo?
2102 2548 2140 2595 Α
2169 2549 2307 2617 turpi
2332 2564 2480 2606 certe
2511 2564 2564 2607 et
2588 2557 2825 2628 indigno.

1957 2636 2010 2690 4.
2053 2636 2191 2703 Quid
2235 2641 2439 2697 times?
2467 2647 2593 2715 quid
2624 2649 2929 2707 formidas?
2960 2656 3102 2724 Quid
3147 2663 3369 2724 tremis?
3399 2664 3502 2723 Ubi

1883 2733 2238 2800 connuhium,
2270 2736 2356 2790 ubi
2396 2754 2557 2808 opum
2589 2734 2854 2812 facultas,‘
2874 2749 2960 2801 ubi
2993 2721 3306 2813 luemus
3329 2759 3504 2823 cibus.

1883 2837 2005 2890 qua:
2032 2827 2236 2893 peccati
2265 2833 2478 2884 occasio
2509 2836 2627 2887 est?
2663 2839 2825 2908 Atqui
2867 2845 3037 2897 exteri
3083 2851 3353 2903 contraria
3402 2853 3506 2906 im-

1886 2926 2099 2983 perant,
2135 2930 2187 2971 et
2216 2920 2346 2988 ipsis
2377 2924 2805 2995 obtemperatur.
2835 2933 2951 2987 Non
2981 2939 3125 2990 enim
3169 2956 3230 2994 ex
3264 2943 3349 3005 iis,
3385 2962 3506 3014 qua:

1884 3023 2217 3081 suppetunt,
2259 3019 2515 3087 exigunt;
2561 3025 2655 3076 sed
2688 3025 2894 3092 dicunt,
2925 3030 3154 3086 Tantum
3187 3040 3316 3091 dare
3343 3053 3508 3107 Opor-

1886 3113 1961 3157 tet
2005 3123 2017 3156 :
2062 3107 2108 3160 si
2155 3124 2521 3180 paupertatem
2553 3118 2838 3187 obtendas,
2884 3140 3061 3194 neque
3105 3130 3184 3183 sic
3214 3131 3503 3190 desistunt.

1882 3196 2134 3255 Christus
2161 3214 2340 3258 autem
2373 3223 2478 3262 non
2524 3212 2601 3265 sic
2628 3229 2641 3273 ;
2673 3215 2767 3267 sed
2814 3218 2909 3281 ait,
2955 3217 3036 3271 Ex
3079 3222 3145 3277 iis
3187 3240 3307 3295 qua:
3339 3227 3506 3285 habes

1884 3290 2032 3357 dato,
2063 3303 2224 3362 teque
2256 3298 2306 3349 in
2338 3302 2512 3367 primo
2541 3304 2732 3360 ordine
2755 3313 3102 3366 constituam.
3140 3317 3370 3374 Rursum
3403 3323 3503 3388 illi,

1883 3380 1938 3434 Si
1972 3384 2073 3448 vis,
2107 3387 2278 3451 aiunt,
2315 3391 2495 3446 clarus
2524 3409 2666 3458 esse,
2701 3399 2949 3469 relinque
2981 3414 3212 3474 patrem,
3253 3423 3503 3479 matrem,

1883 3488 2162 3545 cognatos,
2197 3479 2550 3552 domesticos,
2593 3497 2648 3540 et
2684 3490 2735 3543 in
2768 3495 2910 3558 regia
2945 3496 3155 3564 adesto,
3193 3502 3244 3555 in
3279 3505 3462 3562 labore
3484 3550 3500 3570 .

1885 3571 2128 3634 miseria,
2152 3577 2433 3637 servitute.
2455 3585 2715 3638 mrunmis
2732 3593 3114 3662 sexcentisqne
3137 3598 3294 3652 malis
3321 3619 3333 3652 :
3356 3600 3505 3655 Chri-

1883 3673 1998 3714 Stns
2026 3680 2155 3718 vero
2180 3683 2285 3722 non
2315 3670 2409 3733 sic,
2443 3675 2536 3727 sed
2555 3716 2570 3739 ,
2596 3675 2727 3731 Esto
2759 3680 2902 3734 domi
2932 3699 3055 3738 cum
3089 3703 3255 3743 uxore
3283 3701 3337 3745 et
3366 3693 3504 3752 libe-

1883 3755 1980 3816 ris,
2006 3767 2055 3809 et
2085 3759 2162 3811 sic
2220 3769 2309 3813 tua
2359 3763 2606 3833 diSpone,
2653 3780 2711 3823 ut
2749 3774 2931 3841 quiete
2980 3788 3028 3830 et
3084 3781 3201 3833 sine
3248 3785 3507 3852 periculis

1883 3848 2048 3902 vivas.
2084 3852 2279 3920 Etiam,
2307 3856 2537 3927 inquies,
2568 3863 2661 3916 sed
2696 3866 2787 3920 ille
2821 3884 2954 3937 opes
2982 3871 3316 3941 pollicetur?
3343 3879 3503 3950 Atqui

1884 3940 1970 3995 hic
2013 3960 2237 4011 regnum
2289 3954 2571 4017 promittit,
2626 3955 2734 4010 imo
2783 3969 2837 4013 et
2881 3940 3011 4032 opes
3054 3979 3176 4020 eum
3209 3970 3342 4028 illo;
3379 3989 3503 4027 nam

1881 4034 1954 4085 ait
1987 4052 1999 4087 :
2038 4037 2262 4100 Qum-ite
2307 4043 2527 4111 primunt
2559 4063 2773 4118 regnum
2802 4054 3044 4108 cwlorum
3070 4100 3084 4121 ,
3115 4069 3163 4111 et
3195 4060 3302 4114 lucc
3332 4067 3507 4117 onmia

1883 4123 2193 4195 adjicientur
2228 4136 2364 4188 vobis
2395 4137 2414 4206 (
2442 4137 2628 4193 Matt/1.
2664 4143 2716 4195 6.
2757 4146 2889 4214 5'5).
2924 4149 3013 4202 Ille
3046 4169 3113 4206 ne
3147 4154 3197 4206 in
3228 4161 3502 4226 augmenti

1881 4219 2097 4285 quidem
2133 4235 2376 4291 partem,
2423 4229 2508 4284 hic
2550 4248 2677 4286 vero
2718 4239 3126 4296 antecedenter.
3171 4245 3362 4299 Junior
3405 4252 3501 4318 fui,

1885 4311 2086 4381 inquit;
2123 4320 2304 4370 etenim
2345 4325 2487 4375 senui
2516 4342 2534 4377 :
2563 4336 2608 4379 et
2642 4345 2740 4380 non
2783 4332 2887 4383 ridi
2922 4335 3121 4400 justum
3165 4341 3460 4396 derelictui):
3486 4385 3502 4405 ,

1883 4422 1974 4460 nec
2004 4424 2171 4462 semen
2197 4414 2309 4481 ejus
2339 4433 2571 4484 qua’rens
2600 4439 2782 4489 panem
2808 4425 2978 4494 (I’sal.
3011 4431 3096 4483 5li.
3129 4431 3244 4504 2‘3).
3280 4436 3507 4506 Incipia-

1882 4515 2005 4554 nms
2035 4518 2167 4572 ergo
2202 4507 2427 4561 virtutes
2462 4512 2631 4575 adire,
2667 4516 2876 4570 initinm
2910 4535 3204 4589 ponamus,
3244 4527 3386 4582 illam
3414 4547 3505 4585 so-

1882 4591 1986 4644 lam
2020 4598 2399 4664 suscipiamus,
2431 4610 2486 4654 et
2518 4604 2722 4658 videbis
2751 4610 2929 4676 qualia
2957 4614 3116 4669 bona.
3140 4615 3276 4671 Num
3300 4621 3506 4691 absque

1883 4683 2068 4739 labore
2101 4687 2186 4741 illa
2217 4693 2459 4757 operai-is
2481 4737 2495 4758 ,
2539 4699 2627 4765 qui
2660 4699 2712 4751 in
2743 4702 2825 4754 bis
2867 4703 2936 4754 ita
2971 4707 3148 4761 mollis
3178 4711 3276 4762 e:.?
3305 4711 3502 4778 Etiam,

1883 4774 2115 4845 inquies,
2148 4780 2234 4833 illa
2259 4783 2378 4837 sine
2404 4785 2605 4852 labore,
2636 4791 2749 4843 ha-c
2770 4808 2890 4846 cum
2918 4795 3121 4852 labore.
3150 4802 3333 4870 Apage
3359 4823 3371 4857 :
3399 4820 3504 4860 n0n

1883 4869 1952 4922 ila
1988 4887 2075 4927 res
2108 4883 2210 4938 est,
2244 4892 2350 4930 non
2381 4879 2453 4932 ita
2487 4884 2668 4951 utique
2697 4901 2709 4947 ;
2742 4888 2835 4940 sed
2866 4890 2907 4941 si
2941 4906 3068 4945 vere
3095 4893 3342 4960 dicamus
3367 4939 3381 4962 ,
3418 4899 3506 4953 illa

1881 4977 2001 5014 cum
2034 4964 2219 5021 labore
2251 4975 2306 5022 et
2332 4971 2536 5027 sudore
2565 4976 2792 5044 majori;
2825 4979 2941 5034 hate
2972 4999 3131 5049 vero,
3165 4985 3210 5038 si
3237 4988 3467 5043 velimus
3490 5032 3504 5055 ,

1883 5053 2036 5108 facile
2067 5059 2438 5125 perficiuntur.

1953 5146 2223 5216 Baptisma
2251 5171 2351 5207 non
2380 5155 2743 5222 cli/ferendum.
2779 5195 2849 5204 -—
2881 5165 2956 5221 Ne
2989 5172 3314 5243 resiliamus,
3347 5193 3502 5249 rogo,

1880 5254 1908 5292 a
1937 5241 2132 5299 divinis
2168 5250 2463 5316 mysteriis.
2503 5252 2579 5307 Ne
2612 5256 2662 5308 id
2704 5268 2937 5325 spectes,
2971 5264 3113 5332 quod
3158 5268 3223 5334 is,
3256 5271 3344 5339 qui
3377 5283 3503 5324 ante

1884 5343 1934 5386 te
1969 5334 2304 5393 illuminatus
2333 5352 2438 5409 Gal,
2479 5345 2758 5416 improbus
2786 5353 2855 5405 sit
2883 5353 3104 5410 effectus
3137 5372 3187 5412 et
3219 5377 3247 5415 a
3278 5379 3376 5431 spe
3406 5381 3504 5419 sua

1881 5428 2166 5497 exciderit,
2205 5450 2308 5487 neu
2342 5445 2392 5490 te
2423 5439 2538 5506 ipso
2569 5445 2787 5511 segnior
2819 5447 2936 5500 fias.
2970 5449 3103 5506 Nam
3134 5454 3276 5510 inter
3305 5461 3504 5516 milites

1884 5519 2131 5578 videmus
2180 5524 2333 5593 alios,
2383 5532 2472 5598 qui
2519 5549 2623 5586 non
2668 5547 2890 5594 strenue
2934 5543 3118 5597 militia
3167 5545 3498 5620 fungtmtur,

1883 5612 2018 5666 alios
2051 5626 2229 5670 autem
2264 5625 2628 5690 ροιιενὶςιιοεξ
2679 5647 2854 5700 neque
2889 5634 3094 5704 ignavis
3121 5639 3226 5692 illis
3262 5647 3497 5699 attendi-

1883 5722 2023 5774 mus,
2063 5712 2155 5764 sed
2191 5715 2482 5781 pra-claros
2509 5723 2850 5780 temulamtir.
2904 5729 2984 5783 Ad
3034 5731 3149 5786 haec
3190 5739 3499 5806 coosidera,

1881 5814 2010 5867 quot
2044 5816 2161 5875 pust
2199 5807 2459 5878 baptisma
2505 5818 2682 5886 angeli
2732 5837 2828 5889 pro
2867 5823 3176 5881 hominibus
3217 5830 3338 5886 facti
3369 5835 3496 5888 sint.

1881 5891 2036 5959 Time.
2069 5897 2327 5956 int-citam
2362 5905 2523 5962 futuri
2556 5912 2943 5970 conditionem.
2983 5919 3048 5976 Ut
3096 5922 3176 5976 fur
3205 5937 3387 5992 noctu,
3422 5931 3499 5984 sic
