4068 6418
597 353 700 407 185

595 481 738 519 ttzot's
765 461 934 515 veniet
962 458 1034 530 (2.
1065 456 1206 511 Petr.
1236 456 1289 510 '5.
1324 453 1447 522 10);
1473 465 1643 518 neque
1675 449 1846 502 solum
1877 455 1932 498 ttt
1961 444 2065 502 fur.
2090 442 2184 495 sed

594 557 743 610 nobis
775 552 1166 608 dormientibus
1199 547 1432 610 invadet,
1462 555 1518 600 et
1565 542 1899 611 negligentes
1931 536 2184 604 abripiet.

598 650 722 703 Ideo
754 649 894 702 lit-us
934 645 1166 700 futurum
1200 641 1414 710 reliquit
1453 638 1739 698 incertum,
1782 641 1838 686 ut
1864 645 2079 699 semper
2117 629 2188 680 ob

597 743 858 797 incertam
883 737 1332 805 ρλενρριειιῑοηοηι
1365 733 1414 784 in
1435 721 2041 796 virtutedegamus.Sed
2072 722 2185 776 cle-

598 848 750 886 mens
776 839 878 894 est,
914 829 1140 897 inquies.
1175 825 1463 892 Quousque
1486 819 1731 891 frigidum
1760 815 1884 871 illutl
1911 823 1961 869 et
1993 813 2190 867 ridicu-

600 925 707 976 lntn
749 921 947 973 dictum
998 913 1359 984 proferemus?
1408 912 1518 979 Ego
1559 923 1661 962 non
1702 907 1860 960 tuodo
1901 904 2187 974 benignum

601 1030 722 1068 esse
751 1014 912 1066 Deum
950 1010 1089 1070 dico,
1119 1006 1210 1059 sed
1249 1015 1301 1057 et
1335 1003 1460 1057 nihil
1490 1017 1610 1056 esse
1643 1000 1730 1053 illo
1764 997 2064 1067 benignius,
2097 994 2186 1064 qui

603 1105 802 1156 utiliter
823 1099 1000 1153 omnia
1034 1107 1214 1150 nostra
1245 1097 1540 1162 dispenset.
1587 1092 1731 1157 Quot
1765 1091 1913 1143 rtdes
1945 1087 2191 1141 homines

603 1212 695 1265 per
724 1208 938 1246 omnem
981 1201 1190 1244 :etatem
1237 1186 1587 1255 elepltantiasi
1642 1181 1982 1238 laborantes?
2006 1191 2130 1250 quot
2161 1195 2191 1234 a

599 1301 767 1356 pruna
805 1294 962 1336 aetate
993 1281 1056 1334 ad
1089 1287 1356 1334 senectam
1389 1293 1555 1346 usque
1595 1291 1766 1330 cureos
1789 1316 1801 1335 ,
1835 1274 1972 1328 alios
2009 1281 2191 1340 postea

599 1395 772 1432 ca-cos
817 1376 1005 1438 factos,
1037 1375 1169 1427 alios
1213 1374 1262 1424 itt
1299 1380 1647 1440 paupertate,
1683 1369 1816 1421 alios
1855 1367 1906 1419 in
1944 1365 2190 1428 vinculis,

601 1471 735 1522 alios
766 1470 816 1522 in
847 1467 1094 1528 metallis,
1121 1463 1257 1517 alios
1299 1463 1425 1515 inibi
1447 1461 1860 1516 eontuntttlatos.
1884 1459 2024 1513 alios
2055 1457 2194 1511 bello

603 1560 993 1626 interemptos?
1022 1563 1442 1625 Auuon,tpt:vso,
1478 1554 1591 1606 haec
1621 1568 1687 1607 ex
1718 1551 2046 1620 benignitate
2073 1564 2196 1618 pro-

606 1651 953 1705 ﬁciscuntur?
979 1666 1155 1702 annon
1183 1649 1296 1701 hare
1326 1654 1531 1716 poterat
1554 1645 1814 1714 impedire
1840 1645 1882 1698 si
1908 1641 2195 1697 voluisset?

604 1743 697 1799 sed
728 1743 988 1812 permisit.
1023 1743 1216 1797 Etiam.
1244 1739 1468 1807 inquies.
1494 1737 1573 1791 Tu
1599 1753 1725 1790 vero
1747 1737 1834 1789 die
1858 1734 2006 1799 mihi,
2031 1735 2196 1803 quare

603 1835 819 1902 quidam
853 1848 954 1886 nou
986 1847 1013 1884 a
1047 1832 1212 1899 prima
1257 1841 1414 1884 aetate
1442 1829 1612 1883 CtDCl?
1655 1827 1767 1882 Non
1796 1827 1995 1886 dicam,
2023 1825 2197 1878 donec

606 1925 910 1994 pollicearis
954 1923 1080 1976 tnihi
1116 1935 1166 1977 te
1199 1921 1604 1976 illuminandtttn
1632 1935 1753 1975 esse
1780 1960 1793 1982 ,
1828 1932 1880 1972 et
1923 1918 2196 1972 illumina-

613 2026 724 2070 tttttt
754 2026 899 2070 recte
930 2018 1090 2070 vitam
1125 2015 1489 2069 instituturttm
1523 2028 1661 2076 esse.
1702 2012 1814 2066 Non
1847 2012 1967 2065 licet
1995 2011 2086 2064 tibi
2116 2022 2198 2063 ta-

605 2107 673 2160 lia
705 2108 916 2160 solvere
944 2122 958 2161 :
992 2122 1163 2175 neque
1192 2106 1334 2158 enim
1382 2104 1666 2171 voluptatis
1692 2103 1858 2173 gratia
1889 2116 2068 2156 sermo
2092 2109 2195 2155 est.

604 2198 736 2251 Nam
765 2198 889 2252 licet
916 2197 1051 2249 banc
1081 2196 1304 2257 ειιινίιιιι,
1334 2195 1435 2247 alia
1461 2195 1712 2248 succedet
1739 2194 1966 2262 qumstio
1997 2211 2010 2248 :
2045 2193 2202 2264 abys-

605 2303 698 2343 sus
725 2291 865 2342 enim
894 2287 1247 2356 qua-stiouutn
1273 2297 1353 2340 est
1373 2285 1667 2353 Scriptura.
1689 2283 1865 2350 Quare
1893 2299 1999 2342 non
2026 2282 2199 2336 solum

609 2397 675 2434 tte
701 2379 1062 2433 assuefacialis
1085 2393 1199 2442 vos,
1235 2388 1289 2430 ut
1317 2377 1637 2431 solutionem
1663 2375 1934 2445 qumratis,
1962 2373 2055 2428 sed
2078 2390 2196 2428 om-

607 2475 757 2535 nino,
793 2482 847 2524 ttt
880 2488 946 2525 ne
976 2473 1227 2538 qttmratis
1259 2489 1268 2522 :
1303 2471 1535 2539 alioquin
1588 2485 1875 2535 numquam
1905 2468 2026 2521 ﬁnis
2055 2484 2201 2537 qure-

607 2565 836 2616 stiuuum
865 2565 985 2616 erit.
1016 2563 1145 2622 Nam
1168 2564 1211 2616 si
1248 2563 1382 2615 hanc
1406 2562 1631 2620 solvam,
1650 2560 1794 2614 mille
1813 2559 2201 2628 quaestionibus

613 2655 748 2706 viam
794 2654 1052 2721 aperiam.
1090 2653 1241 2708 Unde
1279 2653 1548 2707 discamus
1581 2653 1748 2722 magis
1792 2653 1892 2705 hoc
1934 2667 2196 2721 quzerere,

607 2760 765 2811 quam
795 2745 1016 2812 qll:t‘Slla
1044 2747 1274 2798 solvere.
1308 2744 1488 2813 Neque
1515 2746 1656 2798 enim
1689 2746 1730 2797 si
1762 2745 2048 2807 solvamus,
2084 2759 2203 2797 om—

606 2836 734 2889 nino
761 2835 1053 2900 solvimus;
1081 2837 1175 2888 sed
1212 2838 1504 2889 secundum
1537 2837 1827 2888 humamun
1860 2835 2196 2889 ratiocinium

606 2929 819 2997 propria
845 2929 1030 2981 talium
1055 2929 1249 2981 solutio
1282 2929 1412 2982 tides
1451 2939 1562 2994 est;
1605 2930 1746 2983 scire
1784 2943 1993 2998 nempe,
2035 2929 2197 2982 Deum

609 3021 786 3072 omnia
814 3021 987 3085 jusle,
1032 3021 1259 3088 benigne
1289 3030 1342 3073 et
1375 3021 1577 3074 utiliter
1609 3019 1805 3081 facere,
1837 3034 2010 3088 neque
2041 3035 2200 3088 posse

611 3109 729 3176 ejus
783 3111 1042 3163 rationem
1095 3111 1499 3180 comprehendi.
1554 3112 1678 3165 Ηίιεο
1716 3127 1817 3164 una
1859 3112 2054 3166 solutio
2091 3120 2195 3176 est,

606 3219 776 3272 neque
805 3203 905 3255 alia
941 3203 1132 3256 melior
1178 3206 1422 3262 habetur,
1455 3205 1586 3270 Quae
1617 3206 1782 3269 enim,
1814 3219 2015 3274 qumso,
2048 3204 2199 3258 solu-

607 3297 681 3348 tio
711 3307 791 3349 est
813 3297 836 3348 Υ
860 3295 1092 3349 Omnino
1122 3312 1224 3350 n0n
1260 3297 1394 3350 ultra
1419 3311 1661 3365 qua-rere
1690 3296 1761 3358 id,
1792 3296 1930 3362 quod
1960 3296 2198 3349 solutum

611 3398 713 3440 est.
745 3384 798 3441 Si
830 3387 930 3440 hoc
961 3387 1054 3440 tibi
1101 3387 1429 3457 persuadeas
1451 3430 1465 3451 ,
1510 3403 1702 3455 nempe
1734 3387 2060 3455 providentia
2103 3385 2198 3440 Dei

606 3476 785 3529 omnia
827 3476 1212 3537 administrari,
1259 3478 1348 3546 qtti
1399 3477 1503 3530 alia
1549 3478 1806 3546 permittit
1847 3492 1946 3546 qua
1992 3476 2199 3530 ratione

606 3570 720 3639 ipse
747 3571 912 3636 novit,
944 3573 1043 3624 alia
1084 3580 1260 3626 autem
1306 3580 1577 3641 Operatur,
1607 3571 1675 3624 ab
1713 3570 1858 3624 omni
1899 3570 2194 3639 qtttestione

1341 339 1401 394 S.
1433 331 1708 391 10331le
1746 322 2222 385 CllRYSOSTOMl
2249 320 2565 379 AltClllEl’.
2608 316 3144 375 CONSTANTINOP.

3810 317 3904 369 liii

2299 439 2551 494 liberatus
2580 452 2661 504 es,
2691 447 2743 490 et
2787 435 3069 492 solutionis
3106 435 3312 490 lucrum
3346 434 3652 505 percepisti.
3701 433 3816 487 Sed
3847 435 3913 485 ad

2299 531 2637 600 propositum
2669 539 3026 584 revertamur.
3058 530 3190 596 Quia
3221 530 3382 599 igitur
3405 529 3554 582 vides
3579 538 3656 582 tot
3688 530 3746 580 iu
3782 543 3916 595 ειη)-

2300 623 2468 693 pliciis
2494 636 2635 687 esse,
2670 621 2947 692 Deumque
2993 621 3109 676 hate
3148 623 3326 676 omnia
3371 630 3692 689 permittere
3722 638 3736 672 :
3773 623 3918 674 vale-

2298 712 2482 768 tudine
2510 714 2756 781 corporis
2784 724 2934 766 utere
2955 714 3020 766 ad
3044 714 3241 767 anima:
3271 712 3650 767 valetudinem.
3686 709 3802 765 Sed
3831 709 3918 764 di-

2297 822 2388 862 ces
2415 824 2429 859 :
2461 806 2597 873 Quid
2627 805 2757 859 mihi
2787 821 2924 875 Opus
2964 816 3046 860 est
3086 806 3360 858 laboribus
3404 813 3460 860 et
3504 805 3752 865 miseria,
3793 817 3918 857 cum

2301 900 2430 953 mihi
2459 890 2617 954 liceat
2637 899 2815 952 oumia
2845 899 2960 952 sine
2991 898 3177 952 labore
3208 899 3458 952 solvere?
3488 896 3601 954 Hoc
3626 908 3786 950 certe
3807 909 3917 948 non

2301 990 2641 1046 manifestum
2690 1001 2794 1045 est.
2844 989 3114 1058 Contingit
3157 992 3299 1043 enim
3341 1000 3395 1042 ttt
3441 1007 3546 1041 non
3594 987 3770 1041 modo
3811 1001 3915 1038 nou

2301 1084 2417 1136 sine
2446 1082 2628 1135 labore
2650 1081 2846 1146 solvas,
2882 1081 2974 1134 Sed
3003 1081 3162 1135 etiam
3195 1089 3246 1131 ttt
3273 1080 3524 1133 omnibus
3550 1087 3793 1132 Onustus
3817 1075 3917 1128 tle-

2301 1173 2479 1228 cedas.
2507 1171 2773 1226 Caeterum
2808 1171 3018 1226 etiamsi
3054 1171 3154 1224 hoc
3185 1171 3529 1224 manifestum
3562 1179 3717 1224 esset
3744 1211 3758 1233 ,
3809 1182 3914 1221 non

2303 1262 2554 1318 ferendus
2587 1273 2763 1317 tamen
2793 1261 2879 1316 hic
2907 1277 3088 1317 sermo
3111 1269 3274 1316 esst-t.
3308 1262 3361 1314 In
3383 1260 3675 1315 certamina
3707 1261 3915 1313 traxit:

2302 1371 2448 1410 arma
2492 1356 2661 1424 posita
2701 1365 2824 1408 sunt
2865 1371 3048 1408 aurea.
3096 1354 3230 1409 Cum
3268 1364 3544 1423 oporteret
3570 1354 3656 1406 illa
3693 1369 3919 1407 sulm-re

2303 1459 2359 1504 et
2405 1458 2655 1514 tractare,
2703 1459 2756 1502 tu
2807 1449 2885 1503 vis
2939 1448 3194 1517 inglorius
3239 1449 3465 1513 servari,
3500 1446 3748 1515 nihilque
3793 1447 3919 1499 boni

2303 1543 2537 1611 cperari.
2571 1541 2666 1596 Dic
2696 1541 2846 1607 mihi,
2868 1543 2911 1597 si
2942 1543 3138 1595 bellmu
3164 1543 3408 1606 instaret,
3440 1557 3643 1610 rexque
3669 1541 3915 1604 adesset,

2304 1647 2360 1692 et
2392 1637 2527 1691 alios
2567 1639 2777 1692 videres
2809 1639 2859 1691 in
2909 1638 3112 1691 medias
3157 1638 3448 1708 phalangas
3492 1651 3553 1688 se
3591 1637 3918 1694 immittere.

2303 1729 2574 1783 euadentes
2611 1737 2666 1783 et
2707 1729 3017 1782 innumeros
3045 1728 3355 1782 vulneribus
3395 1727 3719 1790 allicientes,
3754 1726 3922 1781 alios-

2304 1835 2408 1892 que
2437 1824 2487 1876 in
2520 1823 2790 1891 singulare
2809 1833 3079 1876 certamen
3102 1822 3511 1889 descendentes,
3545 1822 3681 1876 alios
3706 1824 3922 1877 saltau-

2307 1925 2408 1981 tcs,
2438 1917 2572 1968 alios
2603 1931 2771 1984 equos
2802 1917 3089 1985 agitantes,
3115 1931 3142 1968 a
3175 1931 3301 1986 rege
3331 1915 3555 1977 laudari,
3587 1917 3639 1969 in
3672 1916 3923 1970 admira-

2309 2007 2451 2061 tione
2495 2007 2698 2068 haberi,
2736 2006 3008 2075 plausibus
3040 2007 3236 2074 excipi,
3283 2008 3564 2074 eorOnari;
3610 2009 3753 2061 alios
3787 2022 3926 2061 cou-

2311 2109 2416 2160 tra,
2449 2099 2536 2167 qui
2567 2108 2814 2167 optarent
2844 2097 2973 2152 nihil
3010 2099 3131 2151 mali
3163 2099 3290 2167 pati,
3330 2109 3384 2152 et
3420 2099 3637 2152 ultimos
3668 2109 3923 2153 tenerent

2309 2191 2525 2244 ordines
2549 2207 2564 2246 :
2596 2189 2897 2260 deinde-que
2919 2191 3093 2245 soluto
3122 2191 3282 2256 bello,
3310 2191 3447 2245 alios
3472 2191 3676 2255 vocari,
3707 2191 3928 2262 magnis

2309 2283 2624 2336 muneribus
2656 2281 2850 2351 excipi,
2885 2291 2938 2335 et
2967 2282 3260 2343 celebrari;
3310 2283 3521 2337 illorum
3547 2297 3680 2336 veto
3708 2299 3782 2336 ne
3824 2298 3927 2336 no~

2308 2389 2428 2427 men
2461 2372 2678 2444 quidem
2705 2375 2951 2442 proferri,
2982 2373 3076 2428 sed
3103 2391 3260 2427 unam
3287 2374 3513 2428 salutem
3545 2374 3804 2444 accipere
3832 2374 3930 2427 lm-

2308 2483 2499 2520 nortun
2543 2465 2847 2520 meroedem
2881 2485 2893 2520 :
2927 2482 2995 2521 ex
3029 2474 3272 2520 utrorum
3307 2481 3533 2519 numero
3559 2480 3684 2520 esse
3713 2465 3929 2521 velles?

2309 2556 2530 2610 Etiamsi
2566 2556 2810 2625 lapideus
2832 2571 3003 2622 esses,
3037 2557 3245 2611 etiamsi
3277 2555 3683 2610 insensibilihtts
3727 2567 3788 2610 et
3842 2556 3928 2609 in-

2310 2648 2560 2701 animatis
2593 2648 2866 2716 ignavior;
2910 2663 3089 2701 annon
3118 2647 3316 2701 millies
3356 2658 3571 2716 optares
3603 2664 3668 2702 ex
3703 2647 3927 2704 illorum

2309 2753 2537 2793 numero
2563 2740 2726 2794 esse?
2770 2740 2940 2793 Etiam
2978 2755 3074 2793 oro
3113 2749 3167 2794 et
3196 2740 3443 2794 obsecro.
3496 2740 3722 2794 Etiamsi
3777 2742 3926 2795 enim

2309 2841 2634 2902 pugnantem
2663 2831 2858 2887 cadere
2884 2842 3181 2902 Oporteret,
3206 2849 3383 2887 annon
3408 2834 3536 2888 illud
3561 2843 3787 2889 strenue
3809 2845 3929 2890 erat

2306 2926 2654 2997 eligendum?
2684 2926 2798 2980 Non
2836 2927 2988 2980 vides
3017 2941 3131 2989 eos,
3161 2927 3251 2996 qui
3299 2927 3350 2979 in
3389 2927 3471 2980 his
3504 2927 3661 2980 bellis
3693 2929 3925 2989 cadunt,

2305 3035 2466 3089 quam
2497 3020 2606 3072 sint
2632 3019 2764 3072 clari
2799 3029 2852 3073 et
2891 3019 3157 3089 gloriosi?
3193 3019 3354 3088 Atqui
3394 3028 3513 3088 post
3542 3029 3780 3074 nmrtem
3816 3037 3929 3076 non

2309 3119 2537 3181 possunt
2564 3127 2592 3164 a
2625 3126 2753 3182 rege
2785 3113 3057 3166 honorari.
3089 3112 3146 3166 In
3177 3114 3268 3168 illo
3292 3122 3473 3167 autem
3507 3114 3651 3168 bello
3682 3114 3823 3170 nihil
3852 3127 3930 3170 ta-

2310 3202 2382 3268 le,
2410 3201 2507 3257 sed
2537 3203 2757 3256 OllmllIO
2783 3204 3107 3274 conspicuus
3130 3205 3260 3270 eris,
3289 3206 3334 3258 si
3360 3205 3642 3259 cicatrices
3671 3206 3883 3262 habeas
3914 3225 3927 3260 :

2305 3309 2438 3364 quas
2455 3296 2658 3349 utinam
2678 3311 2774 3349 nos
2792 3312 2980 3350 omnes
2995 3297 3256 3352 exhibere
3278 3298 3566 3366 possimus.
3588 3299 3754 3352 etiam
3771 3309 3929 3355 extra

2307 3391 2773 3458 pcrsequutiones,
2800 3389 2851 3443 in
2874 3389 3092 3444 Christo
3117 3389 3245 3445 Jesu
3287 3390 3515 3444 Domino
3556 3400 3778 3457 nostro,
3808 3394 3930 3462 qui-

2304 3496 2425 3535 cum
2448 3482 2586 3534 Patri
2610 3491 2662 3535 et
2688 3481 2908 3551 Spiritui
2932 3492 3122 3535 sancto
3150 3481 3339 3550 gloria,
3373 3481 3688 3550 imperium,
3721 3482 3928 3550 honor,

2309 3587 2451 3627 nunc
2480 3583 2535 3627 et
2564 3587 2801 3642 semper,
2846 3581 2900 3626 et
2944 3573 2996 3626 in
3039 3573 3235 3628 saecula
3267 3574 3612 3628 saeculorum.
3647 3576 3852 3630 Amen.

2000 3779 2350 3841 HOMILIA
2384 3779 2627 3840 XXIV.

605 3942 732 3997 Car.
768 3943 853 3997 10.
885 3959 934 3996 ν.
966 3943 1054 3998 44.
1083 3944 1260 3997 Adhuc
1289 3945 1520 4015 loquente
1551 3942 1705 3997 Petro
1741 3942 1887 3996 verba
1917 3943 2044 4008 lucc,
2074 3944 2200 3995 crci-

679 4037 753 4088 dit
780 4036 1006 4107 Spiritus
1043 4051 1248 4091 saucius
1284 4054 1436 4106 super
1473 4054 1648 4091 omnes
1674 4037 1760 4106 qui
1792 4037 2062 4090 audiebant
2091 4053 2200 4089 ver-

679 4130 814 4184 bum.
845 4133 935 4185 45.
970 4130 1036 4184 Et
1066 4133 1428 4201 obstupuerunt
1471 4148 1534 4186 ex
1577 4131 1956 4184 circumcisione
2001 4131 2195 4198 ﬁdi-les,

680 4223 766 4288 qui
805 4233 1039 4276 uenerant
1081 4241 1192 4276 cum
1234 4223 1404 4286 Petro,
1437 4225 1554 4293 quia
1583 4233 1628 4276 et
1657 4224 1709 4276 iu
1751 4224 1977 4276 nationes
2008 4223 2199 4274 donum

687 4314 914 4381 Spiritus
941 4317 1100 4367 sancti
1126 4315 1341 4381 e/Tusum
1369 4326 1439 4369 est
1465 4332 1483 4368 :
1511 4317 1598 4369 46.
1629 4315 1902 4368 audiebant
1929 4315 2059 4368 enim
2083 4315 2201 4369 illo:

682 4408 940 4477 loquentes
967 4409 1172 4479 linguis,
1203 4420 1247 4462 rt
1277 4411 1659 4479 maguiﬁcautes
1689 4409 1872 4462 Deum.

681 4500 730 4553 l.
785 4499 915 4552 Vide
965 4499 1056 4554 Dei
1104 4502 1482 4556 meouomiam.
1534 4501 1648 4554 Non
1699 4501 1940 4569 permisit
1994 4499 2198 4554 absolvi

605 4606 928 4653 sermonem,
965 4607 1137 4661 neque
1160 4607 1224 4646 ex
1260 4602 1531 4661 prtecepto
1555 4592 1695 4646 Petri
1719 4591 2042 4660 baptismum
2059 4590 2195 4656 dari;

607 4681 699 4733 sed
732 4683 850 4749 quia
883 4695 1114 4737 mentem
1146 4684 1469 4739 exhibebant
1509 4684 1829 4742 mirabilem,
1859 4691 1911 4737 et
1940 4683 2197 4737 doctrinm

609 4773 924 4840 principium
955 4788 1289 4844 acceperant,
1315 4778 1709 4845 credebantque
1734 4776 2053 4844 baptismum
2078 4792 2198 4831 esse

610 4867 979 4922 remissionem
1007 4879 1369 4936 peccatorum,
1405 4883 1528 4923 tunc
1555 4871 1769 4925 advenit
1799 4871 2048 4938 Spiritus.
2085 4871 2197 4924 lloc

607 4967 785 5009 autem
818 4957 995 5021 ﬁebat,
1028 4962 1149 5028 quia
1187 4962 1323 5014 Deus
1357 4962 1735 5030 pmSpiciebat,
1771 4972 1826 5015 ut
1858 4963 2046 5016 Petrus
2079 4977 2196 5015 ma-

606 5063 764 5116 gnam
791 5039 1153 5104 defensionem
1191 5053 1423 5108 habt-ret.
1476 5054 1589 5107 Non
1632 5054 1790 5106 modo
1833 5063 2007 5107 autem
2041 5054 2199 5123 Spiri-

609 5151 718 5191 tum
750 5142 1038 5208 accipiunt,
1075 5143 1166 5196 sed
1194 5145 1384 5209 linguis
1421 5146 1793 5214 loquebantur,
1826 5145 1876 5198 id
1905 5144 2045 5214 quod
2078 5159 2194 5207 eos,

607 5233 695 5301 qui
728 5247 1111 5298 convenerant,
1154 5237 1527 5304 obstupefecit.
1561 5238 1668 5292 Cur
1702 5239 1770 5291 ita
1807 5253 1890 5291 res
1923 5237 2201 5307 dispensa-

610 5331 730 5377 tur?
758 5328 978 5395 Propter
1009 5328 1222 5382 Judmos
1251 5351 1262 5384 :
1289 5333 1485 5383 ctenim
1520 5332 1619 5385 hoc
1651 5332 1754 5385 illis
1783 5347 2029 5400 perosum
2061 5341 2195 5385 erat.

613 5417 732 5470 Ideo
773 5421 964 5491 ubique
1005 5439 1031 5474 a
1071 5423 1175 5476 Deo
1217 5433 1382 5476 totum
1414 5424 1658 5477 efﬁcitur.
1713 5426 1775 5478 Et
1815 5426 2004 5478 Petrus
2046 5426 2195 5493 quasi

609 5507 828 5563 fortuito
857 5514 1022 5577 adest,
1052 5514 1254 5568 ducens
1274 5525 1523 5583 oportere
1542 5517 1757 5570 demunt
1785 5518 1900 5569 ilios
1925 5517 1986 5569 ad
2011 5529 2198 5585 gentes

603 5604 884 5670 accedere,
914 5619 961 5659 et
996 5609 1134 5675 quod
1170 5621 1387 5678 propter
1417 5626 1510 5661 eos
1539 5609 1587 5661 id
1615 5610 1725 5662 ﬁeri
1761 5627 1852 5677 par
1873 5611 1939 5662 sit
1975 5628 1985 5661 :
2025 5626 2198 5678 neque

606 5698 838 5751 mireris.
872 5700 999 5750 Cum
1033 5703 1174 5753 enim
1225 5712 1339 5768 post
1377 5712 1539 5762 tanta.
1574 5713 1626 5756 et
1657 5704 1915 5755 (LL-Sarnus
1947 5717 1999 5757 et
2040 5702 2194 5756 Jero-

608 5790 826 5857 solveris
856 5794 1222 5847 etnttrovcrsia
1257 5793 1428 5849 fuerit.
1466 5794 1590 5863 quid
1625 5813 1728 5848 non
1761 5798 1955 5848 lat-tam
1989 5796 2190 5850 ittisret.

2309 3941 2354 3996 si
2397 3943 2510 3996 lucc
2550 3959 2658 3996 non
2700 3942 3024 4014 subsequuta
3052 3948 3276 4000 essent?
3308 3947 3431 4002 ldeo
3460 3948 3574 4003 lucc
3615 3950 3782 4004 modo
3814 3955 3927 4009 sin-

2307 4035 2478 4104 gulari
2510 4034 2663 4089 liunt.
2698 4033 2834 4090 Vide
2869 4045 3051 4091 autem
3093 4040 3364 4107 quomodo
3396 4038 3590 4093 Petrus
3627 4045 3926 4099 occasione

2305 4138 2524 4198 accepta
2549 4143 2609 4184 se
2636 4129 2912 4185 defendat.
2950 4132 3103 4196 Quod
3131 4143 3308 4186 autem
3353 4143 3471 4202 post
3505 4135 3648 4187 illam
3683 4141 3927 4192 occasio-

2305 4235 2431 4274 nem
2460 4221 2802 4290 respondeat,
2845 4221 2968 4276 audi
2997 4225 3379 4292 evangelistam
3409 4235 3720 4280 narrantem
3749 4240 3807 4283 et
3839 4233 3925 4285 di-

2305 4323 2518 4367 centem
2549 4330 2561 4365 :
2593 4315 2682 4367 47.
2717 4313 2858 4367 Tunc
2887 4317 3148 4385 respondit
3174 4316 3356 4372 Petrus
3392 4337 3410 4373 :
3440 4318 3710 4390 Numquid
3731 4340 3924 4390 aquam

2305 4405 2416 4472 quis
2447 4405 2710 4475 prohibere
2733 4416 2915 4472 potest,
2960 4417 3014 4460 ut
3041 4425 3140 4461 nou
3172 4410 3490 4476 buptizcutur
3519 4413 3589 4477 lii,
3622 4415 3711 4483 qui
3736 4416 3920 4482 Spiri-

2306 4507 2412 4548 tum
2439 4507 2666 4550 sanctum
2696 4510 3018 4569 acceperunt,
3047 4502 3178 4554 sicut
3208 4511 3252 4554 et
3281 4505 3410 4556 nos?
3441 4502 3630 4557 Viden’
3659 4522 3769 4575 quo
3801 4525 3920 4565 rem

2306 4587 2543 4652 deduxit,
2568 4598 2621 4643 et
2641 4606 2798 4660 qttatu
2823 4601 3045 4658 cuperet
3073 4593 3170 4647 hoc
3195 4593 3430 4649 efferre?
3473 4596 3562 4650 Sic
3587 4597 3921 4665 jamdudum

2306 4679 2355 4732 in
2386 4681 2564 4732 animo
2595 4680 2845 4734 habebat.
2882 4680 3148 4753 Numquid
3177 4702 3382 4754 aquam,
3425 4687 3618 4757 inquit,
3652 4690 3766 4756 quis
3794 4708 3926 4758 pro-

2305 4773 2475 4826 lubere
2513 4775 2718 4842 potest?
2752 4775 2862 4828 lloc
2909 4776 3021 4830 fere
3053 4786 3135 4829 est
3183 4779 3510 4848 insttrgentis
3553 4780 3604 4832 in
3650 4795 3779 4841 eos.
3822 4789 3918 4851 qui

2309 4867 2673 4934 prohiberent,
2704 4884 2764 4920 ac
2794 4869 3036 4922 dicerent
3075 4871 3175 4924 hoc
3216 4887 3318 4924 non
3362 4885 3612 4939 oportere
3639 4872 3775 4926 ﬁeri.
3808 4875 3912 4928 To-

2308 4969 2415 5011 tum
2446 4958 2638 5013 factum
2662 4971 2768 5023 est,
2803 4961 2991 5029 inquit.
3017 4963 3157 5031 quod
3184 4963 3352 5031 magis
3377 4965 3743 5018 necessarium
3768 4982 3914 5027 erat.

2305 5052 2562 5119 baptisma
2596 5068 2808 5120 nempe,
2836 5069 2942 5122 quo
2972 5071 3066 5109 nos
3101 5057 3346 5124 liaptizati
3376 5071 3582 5108 sumus.
3616 5057 3706 5110 48.
3742 5057 3918 5112 Iussit

2302 5143 2417 5196 illos
2457 5144 2704 5212 baptizari
2748 5146 2800 5197 in
2833 5147 3032 5201 nomine
3059 5147 3183 5200 Jcsu
3215 5148 3418 5200 Christi.
3471 5148 3758 5217 Postquam
3790 5165 3920 5207 sese

2307 5240 2569 5305 purgavit,
2622 5238 2779 5306 jussit
2824 5239 2943 5292 illos
2991 5241 3270 5309 baptizari,
3322 5241 3443 5295 illos
3487 5257 3582 5310 per
3630 5257 3717 5295 res
3764 5243 3918 5310 ipsas

2303 5329 2590 5384 instituens
2626 5349 2636 5382 :
2683 5332 2815 5384 adeo
2851 5348 3034 5397 perosa
3083 5349 3168 5385 res
3210 5341 3324 5386 erat
3354 5333 3575 5387 Juda-is.
3611 5334 3735 5388 Ideo
3760 5336 3916 5402 prius

2302 5437 2422 5475 sesc
2457 5431 2665 5489 purgat,
2699 5425 2942 5489 quamvis
2993 5441 3081 5479 res
3123 5426 3251 5492 ipsm
3305 5427 3629 5487 clamarent,
3676 5437 3731 5480 ct
3779 5438 3913 5483 tunc

2304 5517 2576 5583 pra‘t'epit.
2600 5515 2743 5568 Tunc
2759 5528 3062 5587 rogaverunt
3091 5535 3221 5581 eum,
3252 5529 3306 5571 ut
3332 5531 3552 5572 "teneret
3583 5521 3774 5578 aliquot
3799 5525 3912 5576 die.

2303 5608 2409 5660 bus.
2442 5607 2574 5660 llinc
2597 5610 2717 5675 jure
2746 5609 2832 5663 ille
2857 5625 2976 5662 cum
3000 5610 3186 5663 fiducia
3213 5622 3410 5664 manet.
3442 5611 3773 5681 (tJap.ll.)l.
3799 5617 3911 5666 ,ιιι-

2301 5704 2502 5754 dierum
2531 5713 2697 5754 autem
2740 5703 2957 5772 apostoli
2995 5714 3040 5757 et
3071 5708 3271 5775 fratres,
3307 5706 3391 5771 qui
3433 5714 3572 5757 erant
3605 5706 3654 5757 iu
3691 5705 3907 5774 Μαίη-ιι,

2300 5795 2538 5857 quoniam
2577 5803 2622 5847 et
2653 5805 2820 5863 gentes
2857 5806 3148 5864 receperant
3181 5798 3380 5850 rcrimru
3419 5795 3510 5848 1)τί
3563 5796 3613 5848 Ξ.
3650 5795 3772 5848 Cum
3807 5818 3906 5850 uu-
