4068 6478
148 419 247 476 185

139 533 708 606 γετὸ-,ασ;,ῴοϐήθητι
749 535 808 589 τὸ
837 531 932 589 τοῦ
987 531 1271 605 μέλλοντος
1320 532 1538 604 ἄδηλον.
1582 532 1670 594 Ὠς
1708 530 1832 584 κλέο

140 639 287 694 πτης
317 624 374 677 ἐν
415 624 592 688 νυκτὶ,
639 623 812 688 οὕτως
861 622 1080 693 ἔρχεται
1107 623 1136 675 6
1163 620 1428 686 θάνατος·
1487 619 1607 674 οὐδὲ
1647 618 1833 682 ἁπλῶς

137 711 213 774 ώς
246 709 510 780 κλέπτης,
555 709 692 764 ἀλλὰ
731 709 1104 764 καθευδόντων
1161 708 1320 780 ἡμῶν
1374 707 1698 768 ἐπιτίθεται.
1741 707 1836 760 καὶ

140 797 529 869 ῥᾳθυμοῦντας
557 797 742 851 λαϐὼν
770 798 980 852 ἄπεισι.
1044 795 1143 850 Διά
1176 797 1336 849 τοῦτο
1364 794 1560 865 ἄδηλον
1608 794 1835 864 ἐποίησε

134 886 196 939 τὸ
227 887 424 956 μέλλον
455 887 484 940 6
513 885 664 950 Θεὸς,
714 886 802 939 ἵνα
836 885 924 938 ἀεὶ
955 883 1036 956 τῷ
1063 885 1165 956 τῆς
1197 882 1530 954 προσδοκίας
1563 882 1746 953 ἀδήλῳ
1775 883 1834 933 ἐν

134 973 307 1045 ἀρετῇ
331 974 633 1044 διάγωμεν.
667 971 829 1026 Ἀλλά
861 971 1245 1045 φιλάνθρωπός
1286 972 1426 1033 ἐστι,
1464 970 1622 1040 φησί.
1655 968 1836 1038 Μέχρι

134 1057 268 1112 πότε
307 1059 368 1112 τὸ
403 1058 613 1129 ψυχρὸν
663 1057 822 1112 τοῦτο
863 1058 1018 1130 ῥῆμα
1066 1058 1160 1112 καὶ
1211 1055 1624 1125 καταγέλαστον
1681 1052 1839 1122 λέγοι-

137 1162 269 1216 μεν;
328 1145 474 1215 Ἐγὼ
517 1147 618 1216 ούχ
673 1146 756 1201 ὅτι
818 1145 1200 1217 φιλάνθρωπός
1261 1147 1411 1199 ἐστιν
1447 1146 1476 1198 6
1529 1141 1662 1206 Θεὸς
1691 1141 1838 1210 λέγω

136 1235 302 1305 μόνον
351 1236 446 1291 καὶ
502 1235 787 1308 παύομαι·
847 1235 963 1290 ἀλλ’
1013 1235 1096 1288 ὅτι
1141 1233 1298 1290 οὐδὲν
1325 1232 1837 1305 φιλανθρωπότερον

133 1322 328 1389 αὐτοῦ,
363 1323 460 1376 καὶ
492 1323 577 1376 ὅτι
606 1323 895 1396 χρησίμως
938 1320 1158 1377 ἅπαντα
1183 1320 1254 1376 τὰ
1285 1321 1409 1376 καθ’
1447 1321 1596 1392 ἡμᾶς
1629 1319 1840 1373 οίκονοο

136 1413 249 1481 μεῖ.
284 1409 490 1473 Πόσους
521 1411 655 1482 ὁρᾷς
679 1411 738 1464 ἐν
788 1409 978 1482 ἡλικίᾳ
1027 1408 1178 1480 πάσῃ
1209 1408 1468 1479 ἐλέφαντι
1508 1407 1836 1476 διάγοντας;

134 1497 339 1560 πόσους
365 1497 476 1552 ἀπὸ
496 1498 721 1570 πρώτης
748 1495 969 1569 ἡλικίας
994 1496 1412 1567 τυφλώττοντας
1435 1495 1599 1568 μέχρι
1625 1495 1835 1565 γήρως,

133 1583 333 1648 ἀλλους
365 1584 424 1636 ἐν
457 1583 708 1656 πηρώσει
761 1584 901 1656 μετὰ
926 1583 1102 1638 ταῦτα
1130 1583 1485 1656 γενομένους,
1537 1581 1728 1645 ἄλλους
1779 1582 1838 1634 ἐν

134 1671 327 1744 πενίᾳ,
354 1671 550 1736 ἀλλους
583 1673 641 1724 ἐν
671 1671 914 1744 δεσμοῖς,
946 1671 1170 1742 ἐτέρους
1200 1672 1259 1724 ἐν
1289 1669 1597 1741 μετάλλοις,
1643 1666 1840 1731 ἄλλους

133 1758 274 1829 ὁμοῦ
330 1759 809 1830 καταχωσθέντας,
869 1758 1086 1823 ἀλλους·
1105 1761 1164 1813 ἐν
1220 1757 1481 1829 πολέμοις
1531 1753 1841 1810 ἀναλωθέν-

133 1863 235 1911 τας
260 1859 282 1888 ¹
309 1864 324 1912 ;
362 1847 549 1901 Ταῦτα
580 1849 680 1901 ούκ
705 1847 822 1902 ἐστι
861 1847 1308 1920 φιλανθρωπίαςς
1341 1847 1466 1901 εἰπέ
1503 1863 1594 1918 μοι
1617 1861 1632 1877 ο
1666 1843 1842 1898 ταῦτα

137 1937 242 1991 οὒκ
296 1937 521 1993 ἐδύνατο
558 1938 823 2006 κωλῦσαι,
856 1941 907 1992 εἰ
952 1939 1258 2012 ὴθέλησεν;
1294 1937 1414 1993 ἀλλ’
1448 1939 1664 2010 ἀφίησι.
1709 1937 1838 2002 Ναὶ,

138 2024 297 2097 φησί.
345 2026 420 2079 Σὺ
469 2026 528 2079 δὲ
561 2026 683 2080 εἰπέ
713 2044 825 2098 μοι,
849 2026 937 2081 διά
961 2027 1015 2081 τί
1044 2027 1093 2080 οί
1136 2027 1201 2080 ἐκ
1229 2027 1456 2098 πρώτης
1489 2025 1702 2098 ἡλικίας
1746 2040 1844 2077 τυ-

138 2113 262 2182 φλοί
283 2131 300 2182 ;
361 2115 477 2168 Οὐκ
530 2113 664 2185 ἐρῶ,
701 2113 808 2176 ἓως
838 2114 906 2170 ἂν
958 2113 1172 2187 ὑπόσχῃ
1206 2132 1319 2186 μοι,
1349 2113 1434 2167 ὅτι
1469 2113 1704 2184 φωτίζῃ,
1760 2113 1843 2166 ὅτι

137 2201 435 2271 φοηισθεὶς
478 2201 616 2272 βιοῖς
651 2202 849 2274 ὀρθῶς.
886 2201 1039 2276 [I91]
1078 2205 1152 2257 υύ
1182 2203 1340 2274 θέμις
1379 2219 1464 2257 σοι
1499 2201 1568 2256 τὰ
1613 2199 1844 2256 τοιαῦτα

137 2289 486 2344 ἐπιλύεσθαιο
505 2291 566 2344 ού
598 2291 707 2364 γὰρ
730 2291 795 2364 δὴ
822 2291 984 2364 μέχρι
1001 2291 1247 2364 τέρψεώς
1279 2295 1430 2346 ἐστιν
1462 2293 1491 2346 6
1518 2293 1699 2362 λόγος.
1723 2290 1845 2346 Κᾶν

135 2375 251 2448 γὰρ
280 2376 442 2432 τοῦτο
471 2379 640 2446 λύσω,
673 2379 860 2450 ἕτερον
883 2380 1267 2451 ἐπεισέρχεται
1301 2377 1525 2453 ζήτημα
1545 2395 1559 2409 ⁸
1607 2378 1846 2442 ἄϐυσσος

135 2465 248 2536 γάρ
279 2466 400 2519 ἐστι
444 2464 780 2538 ζητημάτων
808 2468 842 2538 ἡ
870 2467 1083 2540 Γραφή.
1128 2468 1293 2522 Ὥστε
1332 2467 1409 2540 μὴ
1448 2467 1610 2539 μόνον
1635 2465 1846 2530 ἐθίζετε

136 2553 373 2617 ἑαυτοὺς
407 2553 547 2624 πρὸς
583 2553 646 2608 τὸ
677 2553 834 2608 λύσιν
879 2553 1088 2628 ζητεῖν,
1142 2555 1281 2611 ἀλλά
1317 2555 1414 2610 καὶ
1475 2553 1614 2626 πρὸς
1667 2553 1732 2607 τὸ
1770 2553 1848 2625 μὴ

136 2640 326 2712 ζητεῖν
349 2639 403 2695 ι).
452 2641 607 2695 Ἐπεὶ
655 2642 912 2696 οὐδέποτε
958 2643 1276 2715 στησόμεθα
1334 2641 1651 2714 ζητοῦντες.
1713 2629 1856 2694 Ἰδού

135 2730 270 2800 γάρ,
317 2729 387 2784 ἂν
421 2728 579 2784 τοῦτο
603 2729 771 2797 λύσω,
812 2731 1013 2802 μυρίας
1059 2731 1288 2802 νιφάδας
1317 2728 1649 2784 ἐπιδεικνύω
1678 2728 1850 2800 ζητη-

139 2818 353 2888 μάτων.
393 2817 559 2872 Ὥστε
611 2817 973 2890 μανθάνωμεν
1007 2818 1207 2890 μᾶλλον
1259 2816 1421 2874 τοῦτο
1453 2817 1660 2890 ζητεῖν,
1692 2817 1726 2888 ἢ
1777 2815 1851 2870 τὰ

137 2902 453 2976 ζητηθέντα
480 2904 651 2960 λύειν.
708 2905 846 2960 Οῦτε
879 2906 1010 2977 γὰρ,
1041 2907 1144 2967 ἐὰν
1167 2905 1443 2978 λύσωμεν,
1481 2905 1700 2969 πάντως
1727 2902 1850 2956 ἐλύ-

139 3007 357 3065 σαμεν·
419 2992 557 3048 ἀλλά
613 2994 756 3049 κατά
803 2992 1147 3066 ἀνθρώπινον
1184 2995 1447 3066 λογισμὸν
1503 2989 1681 3049 οἰκεία
1737 2992 1850 3049 τῶν

134 3079 406 3134 τοιούτων
442 3079 598 3145 λύσις
642 3082 675 3154 η
724 3081 909 3146 πίστις
943 3082 1086 3148 ἐστὶ,
1143 3081 1205 3136 τὸ
1256 3081 1482 3145 εἰδέναι,
1530 3083 1613 3136 ὅτι
1668 3083 1850 3137 πάντα

135 3165 372 3232 δικαίως
435 3168 533 3222 καὶ
586 3168 986 3241 φιλανθρώπως
1035 3170 1065 3223 6
1119 3170 1253 3234 Θεὸς
1303 3171 1399 3226 καὶ
1458 3171 1850 3242 συμφερόντως

135 3259 329 3310 ποιεῖ’
385 3258 468 3312 ὅτι
519 3258 851 3313 καταλαϐεῖν
883 3257 1065 3312 αὐτῶν
1095 3259 1188 3314 τὸν
1244 3258 1404 3329 λόγον
1447 3260 1550 3313 ούκ
1597 3259 1698 3314 ενι.
1730 3259 1848 3314 Μία

136 3345 300 3409 λύσις
321 3345 486 3418 αῦτη,
521 3346 617 3401 καὶ
635 3347 843 3420 ταύτης
868 3347 1110 3419 ἀμείνων
1130 3349 1296 3420 ἐτέρα
1326 3349 1427 3403 οὐκ
1450 3349 1588 3404 ἐστι.
1621 3349 1688 3402 Τί
1713 3347 1844 3421 γὰρ,

139 3433 270 3488 εἰπέ
297 3452 412 3505 μοι,
443 3435 544 3507 τῆς
578 3435 789 3500 λύσεως
825 3437 1020 3508 έργονς
1080 3437 1308 3502 Πάντως
1349 3437 1550 3510 μηκέτι
1576 3437 1763 3510 ζητεῖν
1790 3437 1852 3491 τὸ

137 3523 329 3579 λυθέν.
361 3523 484 3580 Κάν
512 3524 670 3580 τοῦτο
698 3526 896 3598 πείσῃς
927 3524 1147 3594 σαυτὸν,
1176 3526 1260 3580 ὅτι
1308 3527 1539 3599 προνοίᾳ
1585 3525 1722 3580 Θεοῦ
1780 3526 1852 3580 τὰ

140 3611 329 3666 πάντα
382 3611 690 3674 διοικεῖται,
724 3613 795 3666 τά
825 3614 924 3684 μὲν
971 3613 1387 3686 συγχωροῦντος
1438 3613 1506 3666 δι’
1539 3613 1597 3667 ὃν
1623 3609 1732 3667 οἶδε
1765 3613 1851 3668 λό-

139 3714 268 3766 γον,
294 3697 366 3752 τά
392 3697 451 3751 δέ
482 3700 854 3771 ἐνεργοῦντος,
893 3701 1218 3771 ἀπηλλάγης
1244 3700 1338 3754 τοῦ
1372 3699 1577 3773 ζητεῖν,
1626 3702 1721 3755 καὶ
1752 3702 1853 3772 τῆς

140 3785 359 3850 λύσεως
388 3786 452 3840 τὸ
477 3787 668 3859 κέρδος
697 3788 912 3852 ἔλαϐες.
954 3788 1094 3842 Ἀλλ’
1126 3790 1442 3861 ἐπανίωμεν
1472 3791 1553 3852 εἰς
1605 3787 1666 3842 τό
1711 3804 1845 3859 προ-

218 3891 600 3957 {Palflicipium
637 3895 964 3952 ἀναλωθέντας
994 3895 1044 3957 in
1069 3894 1230 3957 tribus
1252 3909 1370 3945 mss.
1398 3895 1562 3944 deest.
1629 3892 1660 3934 ι)
1686 3893 1850 3945 Verba

142 3953 436 4004 ἀλλὰκαὶ...
463 3953 526 4018 μή
553 3957 726 4018 ζητεῖν,
759 3970 874 4019 qua
899 3957 952 4005 iu
995 3955 1167 4012 Monlf.
1207 3957 1440 4018 deerant,
1486 3970 1551 4006 ex
1600 3969 1697 4006 uno
1732 3958 1846 4007 cod.

142 4023 361 4077 recepta
397 4024 531 4068 sunt.
573 4020 709 4070 Εοιτ.

1215 416 1285 472 ΙΝ
1328 416 1508 473 ACTA
1554 363 2097 471 APOST6[.ORUM.
2146 414 2382 472 HOMIL.
2420 416 2606 472 XXIV.

3531 421 3630 474 184

1939 531 2214 602 κείμενον.
2245 532 2401 586 Ἐπεὶ
2433 527 2526 586 οὖν
2554 533 2687 604 ὁρᾷς
2723 533 3013 596 τοσούτους
3041 535 3099 588 ἐν
3132 533 3406 596 κολάσεσι,
3457 534 3637 588 ταῦτα

1936 619 1993 672 δὲ
2017 621 2045 672 ό
2068 619 2201 675 Θεὸς
2237 624 2512 694 συγχωρεῖ
2542 621 2742 689 πάντα,
2777 620 2982 692 χρῆσαι
3004 623 3070 693 τῇ
3105 620 3287 692 ὑγιείᾳ
3318 620 3414 675 τοῦ
3447 622 3632 693 σώμαι

1935 724 2029 773 τος
2060 709 2141 770 είς
2154 706 2255 780 τὴν
2285 707 2498 776 ὑγιείαν
2523 708 2622 778 τῆς
2647 707 2848 780 ψυχῆς.
2876 707 3016 763 Ἀλλ’
3042 710 3210 780 ἐρεῖς⁸
3249 708 3316 762 Τί
3349 727 3440 779 μοι
3474 709 3632 780 χρεία

1937 795 2116 849 πόνων
2139 796 2234 848 καὶ
2263 795 2664 869 ταλαιπωρίας,
2688 795 2810 860 ἐξὸν
2864 796 3094 868 ἀπονητὶ
3125 797 3308 852 πάντα
3359 794 3635 851 ἀπολύσα-

1939 881 2104 950 σθαι;
2159 881 2414 938 Μάλιστα
2466 885 2568 956 μὲν
2605 883 2729 939 ούδέ
2756 883 2916 954 δῆλον
2947 884 3107 938 τοῦτό
3159 886 3299 941 ἐστι.
3335 883 3636 954 Συμϐαίνει

1937 971 2047 1042 γὰρ
2112 971 2172 1026 ού
2236 972 2397 1043 μόνον
2450 973 2686 1045 ἀπονητὶ
2743 974 2820 1045 μὴ
2882 973 3286 1039 ἀπολύσασθαι,
3342 972 3477 1028 ἀλλά
3541 972 3638 1026 καὶ

1938 1059 2202 1115 ἀπελθεῖν
2239 1062 2419 1116 πάντα
2465 1061 2677 1132 ἔχοντα.
2710 1061 2858 1132 Πλὴν
2890 1064 2940 1116 εί
2983 1061 3079 1116 καὶ
3111 1061 3271 1114 τοῦτο
3297 1060 3482 1130 δῆλον,
3515 1059 3638 1114 οὐδὲ

1939 1142 2093 1212 οὗτος
2137 1149 2364 1214 ἀνεκτὸς
2414 1151 2444 1204 6
2485 1149 2662 1218 λόγος.
2718 1150 2816 1214 Et;
2875 1151 3098 1220 ἀγῶνας
3153 1148 3405 1203 εἵλκυσεν
3429 1165 3444 1180 ’
3497 1148 3639 1202 ὅπλα

1939 1241 2116 1292 κεῖται
2141 1239 2338 1310 χρυσᾶ.
2373 1237 2504 1292 Δέον
2524 1238 2709 1294 λαϐεῖν
2736 1237 2880 1292 αὐτὰ
2905 1239 3001 1293 καὶ
3035 1236 3543 1309 μεταχειρίσασθαι,
3574 1236 3640 1289 σὺ

1938 1323 1997 1378 δὲ
2027 1323 2208 1395 βούλει
2236 1323 2442 1391 ἀδόξως
2471 1323 2736 1395 σωθῆναι,
2782 1323 2878 1378 καὶ
2931 1323 3100 1396 μηδεν
3145 1322 3352 1393 ἀγαθὸν
3399 1321 3643 1392 ἐργάσα-

1941 1411 2086 1467 σθαι.
2131 1411 2272 1486 Εἰπέ
2307 1429 2420 1484 μοι,
2464 1413 2515 1466 εί
2547 1412 2788 1483 πόλεμος
2814 1413 3183 1483 συνειστήκει,
3217 1411 3313 1466 καὶ
3339 1412 3367 1464 6
3389 1408 3643 1482 βασιλεὺς

1940 1489 2152 1574 παρῆν,
2182 1502 2280 1555 καὶ
2306 1502 2438 1565 τοὺς
2472 1501 2574 1572 μὲν
2618 1497 2756 1566 εἶδες
2777 1503 2860 1565 είς
2891 1501 3065 1573 μέσας
3089 1502 3188 1565 τὰς
3217 1499 3504 1571 φάλαγγας
3533 1497 3644 1550 τῶν

1943 1589 2223 1660 πολεμίων
2275 1589 2639 1661 ἐμπεσόντας,
2694 1589 2792 1643 καὶ
2839 1588 3313 1654 κατακόπτοντας,
3348 1588 3444 1640 καὶ
3474 1603 3647 1656 τραυ-

1947 1675 2146 1748 ματίας
2172 1675 2578 1748 ἐργαζομένους
2615 1676 2871 1749 μυρίους,
2911 1675 3134 1748 ἐτέρους
3178 1673 3644 1746 μονομαχοῦντας,

1943 1763 2139 1828 ἄλλους
2191 1763 2483 1836 πηδῶντας
2511 1774 2560 1828 ε,
2592 1762 2789 1828 ἄλλους
2820 1763 2906 1833 ἐφ’
2936 1763 3122 1817 ἵππων
3147 1761 3522 1833 ὀρχουμένους
3552 1760 3650 1813 καὶ

1944 1852 2375 1922 ἐπαινουμένους
2420 1850 2526 1904 ὑπὸ
2557 1849 2652 1904 τοῦ
2685 1849 2974 1921 βασιλέως,
3007 1849 3482 1920 θαυμαζομένους,
3515 1863 3650 1919 κροσ-

1943 1940 2261 2012 τουμένους,
2288 1939 2760 2011 στεφανουμένους
2780 1954 2794 1968 ·
2838 1938 3064 2009 ἐτέρους
3087 1937 3145 1991 δέ
3172 1937 3336 1992 πάλιν
3361 1935 3651 2006 ἀγαπητὸν

1943 2029 2305 2100 ἡγουμένους,
2355 2030 2405 2082 εί
2437 2029 2606 2099 μηδὲν
2633 2027 2862 2081 πάθοιεν
2911 2026 3103 2094 κακὸν,
3141 2026 3236 2080 καὶ
3283 2025 3383 2099 τὴν
3413 2024 3652 2095 ἐσχάτην

1944 2115 2100 2182 τάξιν
2128 2115 2502 2186 φυλάττοντας
2534 2116 2632 2170 καλ⁵
2652 2113 3002 2187 καθημένους
3024 2131 3039 2145 ο
3095 2109 3216 2168 εἶτα
3252 2112 3392 2185 μετά
3425 2111 3525 2182 τὴν
3554 2109 3650 2164 τοῦ

1946 2203 2187 2276 πολέμου
2251 2202 2427 2265 λύσιν,
2468 2205 2596 2268 τοὺς
2655 2204 2757 2275 μὲν
2806 2203 3203 2274 καλουμένους,
3262 2199 3647 2271 δεξιουμένους

1945 2297 2067 2358 ταῖς
2105 2291 2372 2363 μεγάλαις
2413 2291 2442 2332 ει
2475 2292 2743 2365 δωρεαῖς,
2788 2290 3343 2363 ἀνακηρυττομένους
3365 2305 3378 2317 ·
3422 2286 3652 2342 ἐκείνων

1947 2381 2004 2435 δὲ
2055 2380 2178 2435 οὐδὲ
2225 2377 2468 2451 τοῦνομα
2526 2379 2688 2450 δῆλον
2741 2381 3036 2452 γενόμενον
3069 2419 3084 2445 ,
3140 2377 3277 2432 ἀλλά
3337 2376 3500 2448 μέχρι
3552 2375 3654 2444 τῆς

1951 2469 2230 2543 σωτηρίας
2275 2469 2461 2534 αὐτοῖς
2524 2468 2626 2541 την
2677 2468 2788 2522 τῶν
2849 2467 3074 2538 ἀγαθῶν
3126 2466 3396 2522 ἀντίδοσιν
3443 2459 3610 2518 οὖσαν
3638 2479 3652 2494 ο

1949 2557 2110 2612 τίνων
2153 2557 2220 2612 ἀν
2256 2557 2532 2631 ἠθέλησας
2585 2555 2877 2627 γενέσθαι;
2941 2557 3007 2610 El
3061 2554 3173 2628 γὰρ
3204 2553 3407 2618 λίθινος
3463 2545 3556 2623 ἧς,
3608 2551 3658 2602 εί

1950 2645 2058 2718 γάρ
2129 2646 2477 2716 ἀναισθήτων
2529 2645 2627 2700 καὶ
2692 2644 2921 2717 ἀψύχων
2973 2644 3315 2715 νωθέστερος
3343 2683 3358 2706 ,
3422 2641 3526 2694 οὐκ
3593 2639 3658 2692 ἂν

1951 2735 2312 2808 ἐπεθύμησας
2359 2734 2587 2790 ἐκείνων
2615 2733 2873 2805 γενέσθαι
2927 2734 3219 2806 μυριάκις;
3279 2731 3412 2793 Ναὶ,
3466 2729 3658 2799 δέομαι

1953 2824 2050 2877 καὶ
2105 2822 2393 2878 ἀντιϐολῶ.
2434 2823 2498 2878 Εἰ
2539 2822 2653 2895 γὰρ
2705 2825 2896 2877 πεσεῖν
2954 2821 3302 2894 πολεμοῦντα
3357 2819 3502 2881 ἔδει,
3560 2818 3660 2872 οὐκ

1954 2911 2126 2984 ἐχρῆν
2188 2910 2487 2984 προθύμως
2554 2909 2716 2965 τοῦτο
2779 2909 3055 2980 ἐλέσθαι;
3145 2909 3260 2980 Ούχ
3332 2909 3468 2978 ὁρᾷς
3532 2907 3662 2968 τοὺς

1956 3005 2017 3060 ἐν
2073 3005 2188 3070 τοῖς
2234 3003 2497 3074 πολέμοις
2552 3003 2764 3068 τούτοις
2823 3001 3147 3067 πίπτοντας,
3200 2999 3318 3064 πῶς
3366 3000 3472 3052 εἰσι
3520 2996 3662 3067 λαμ·

1957 3095 2130 3168 προὶ,
2189 3093 2310 3158 πῶς
2377 3092 2619 3161 ἐνδοξοι;
2679 3091 2860 3147 καίτοι
2919 3092 3153 3147 θάνατον
3209 3089 3660 3160 ἀποθνήσκουσι,

1960 3182 2082 3254 μεθ’
2158 3181 2219 3237 ὃν
2286 3182 2386 3234 ούκ
2445 3180 2562 3235 ἔστι
2619 3181 2925 3253 τιμηθῆναι
2994 3178 3148 3248 παρά
3206 3176 3303 3232 τοῦ
3376 3173 3662 3247 βασιλέως.

1969 3271 2096 3326 Ἐπὶ
2147 3270 2206 3325 δὲ
2262 3270 2476 3324 ἐκείνου
2530 3268 2627 3325 τ)ῦ
2695 3269 2938 3341 πολέμου
2997 3267 3151 3324 οὐδὲν
3211 3265 3477 3329 τοιοῦτον,
3527 3262 3667 3317 ἀλλὰ

1958 3361 2180 3424 πάντως
2233 3359 2572 3431 παραστήσῃ
2623 3357 2752 3422 τοὺς
2808 3356 3089 3428 μώλωπας
3165 3355 3344 3426 έχωψ
3403 3351 3499 3417 οὒς
3555 3351 3666 3420 γέ-

1956 3465 2104 3504 νοιτο
2162 3446 2373 3510 πάντας
2429 3447 2580 3517 ἡμᾶς
2636 3445 2905 3511 ἐπιδεῖξαι
2963 3445 3057 3500 καὶ
3112 3443 3285 3515 χωρὶς
3357 3439 3620 3511 διωγμῶν
3647 3478 3664 3502 ,

1955 3540 2015 3590 ἐν
2055 3535 2283 3609 Χριστῷ
2331 3533 2511 3606 Ἰησοῦ
2550 3533 2631 3606 τῷ
2671 3535 2865 3605 Κυρίῳ
2901 3532 3085 3605 ἡμῶν,
3128 3529 3282 3605 [192]
3330 3530 3452 3602 μεθ’
3491 3521 3555 3583 οῦ
3589 3527 3669 3601 τῷ

1959 3626 2137 3696 Πατρὶ
2197 3623 2316 3696 ἀμα
2373 3623 2452 3695 τῷ
2524 3623 2669 3694 ἁγίῳ
2725 3621 3009 3694 Πνεύματι
3055 3620 3223 3688 δόξα,
3283 3619 3525 3692 κράτος,
3580 3633 3665 3672 τι-

1961 3713 2062 3783 μὴ,
2126 3711 2224 3767 νῦν
2274 3711 2369 3767 καὶ
2416 3711 2529 3777 ἀεὶ,
2576 3712 2673 3767 καὶ
2724 3713 2805 3776 εἰς
2836 3712 2966 3776 τοὺς
3018 3710 3226 3774 αἰῶνας
3265 3709 3376 3764 τῶν
3428 3704 3668 3764 αἰώνων.

1955 3802 2156 3875 Ἀμήν.

2019 3956 2040 3983 ε
2067 3951 2234 4022 _Vert_)_a
2261 3953 2437 4022 ἄλλους
2463 3953 2726 4022 πηδῶντας
2755 3964 2818 4022 θα
2858 3963 2958 4001 uno
2993 3951 3106 4002 cod.
3128 3955 3191 4022 let
3224 3963 3378 4022 marg.
3403 3945 3556 4022 Sm-jl.
3589 3957 3676 3995 ar-

1948 4017 2151 4065 cessim.
2177 4016 2318 4066 Εοιτ.
2387 4014 2416 4055 τι
2447 4017 2565 4076 Alii,
2587 4015 2930 4077 καλουμένους,
2950 4014 3250 4078 τιμωμένους
3268 4011 3372 4064 ταῖς
3406 4011 3669 4074 μεγίσταις,

1709 4264 1960 4320 ΟΜΙΑΙΔ
2000 4267 2125 4322 ΚΔ’.

151 4357 283 4414 Ἔτι
311 4353 652 4422 ,λαλοῦντος
689 4347 811 4412 τοῦ
836 4355 1062 4426 Πέτροὺ
1095 4355 1168 4410 τὰ
1197 4355 1442 4426 ῥήματα
1465 4354 1677 4421 ταῦτα,
1713 4355 1859 4410 ἕπεο

223 4444 306 4485 σε
378 4426 447 4481 τὸ
535 4427 782 4498 Πνεῦμα
867 4430 936 4481 τὸ
1026 4427 1199 4498 ἅγιον
1255 4427 1354 4481 ἐπὶ
1415 4427 1650 4492 πάντας
1715 4427 1861 4495 τοὺς

223 4499 567 4578 ἀκούοντας
603 4497 714 4578 τον
729 4498 956 4578 βάτον.
999 4497 1487 4578 ιςαμὶῄἐξέσξηοᾲαν
1515 4502 1567 4553 οἱ
1595 4499 1674 4578 ἐπε
1700 4513 1863 4578 περιτ

223 4567 417 4640 τομῆς
455 4568 682 4630 πιστοὶ,
720 4566 856 4623 ὅσοι
892 4568 1214 4638 συνῆλθον
1258 4566 1338 4634 τῷ
1371 4567 1592 4637 Πέτρῳ,
1641 4566 1732 4621 ὅτι
1762 4567 1863 4622 καὶ

227 4641 332 4696 ἐπὶ
370 4640 444 4694 τὰ
469 4637 616 4696 ἔθνη
649 4639 688 4696 ’ἡ
724 4639 913 4696 δωρεὰ
942 4639 1050 4694 τοῦ
1095 4639 1270 4696 ἁγίου
1315 4641 1663 4696 Πνεύιιατος
1690 4638 1862 4692 ἐκκέ-

227 4639 332 4696 ex:
370 4640 444 4694 τὰ
469 4639 616 4706 ἔθνη
649 4639 688 4704 ἠ
724 4639 913 4710 δωρεὰ
942 4639 1050 4694 τοῦ
1095 4639 1270 4709 ἁγίου
1315 4641 1663 4710 Πνεύματος
1690 4639 1862 4692 ἐκκέ-

227 4725 443 4783 χυται·
486 4707 720 4783 ἤκουον
749 4711 860 4780 γὰρ
891 4708 1094 4783 αὐτῶν
1120 4710 1491 4783 λαλούντων
1522 4709 1859 4781 γλώσσαις,

226 4779 334 4837 καί
368 4779 842 4852 μεγαλυνόντων
870 4779 980 4834 τὸν
1019 4781 1189 4836 Θεόν.

229 4913 305 4961 α’.
339 4905 450 4959 Θέα
473 4903 568 4958 τοῦ
593 4902 729 4958 Θεοῦ
755 4903 856 4976 τὴν
886 4903 1219 4976 οἰκονομίαν.
1243 4903 1361 4962 Οὐκ
1381 4905 1593 4977 ἀφῆκεν
1628 4907 1866 4977 ἀπαρτι-

159 4993 366 5066 σθῆναι
413 4992 504 5046 τὸν
532 4991 715 5061 λόγον,
747 4993 871 5046 ούδέ
905 4994 970 5046 ἐκ
1004 4994 1428 5065 προστάγματος
1461 4995 1675 5067 Πέτρου
1709 4995 1866 5065 γενέ-

157 5083 293 5138 σθαι
346 5081 409 5136 τὸ
466 5080 784 5153 βάπτισμα⁶
851 5081 966 5135 ἀλλ’
1017 5081 1208 5153 ἐπειδὴ
1251 5080 1351 5152 τὴν
1396 5081 1636 5136 διάνοιαν
1684 5083 1866 5137 αὐτῶν

158 5170 375 5236 ιδειξαν
431 5166 755 5241 θαυμαστὴν
797 5163 985 5235 οὖσαν,
1015 5186 1112 5223 και
1164 5171 1265 5240 τῆς
1311 5169 1663 5234 διδασκαλίας
1720 5171 1866 5243 ἀρχὴ

155 5260 380 5330 γέγονε,
412 5256 506 5312 καὶ
528 5258 877 5324 ἐπίστευσαν,
906 5259 989 5312 ὅτι
1016 5257 1236 5322 πάντως
1265 5257 1326 5312 τὸ
1353 5255 1640 5329 βάπτισμα
1670 5259 1866 5328 ἄφεσίς

158 5350 314 5401 ἐστιν
342 5345 786 5418 ἁμαρτημάτων,
815 5347 938 5400 τότε
964 5345 1169 5418 ἐπῆλθ.
1201 5345 1264 5399 τό
1298 5345 1546 5416 Πνεῦμα.
1599 5346 1772 5400 Τοῦτο
1810 5346 1868 5402 δέ

157 5433 401 5502 γίνεται,
438 5429 960 5504 προοικονομοῦντος
987 5433 1287 5502 ἀπολογίαν
1309 5434 1554 5508 μεγάλην
1577 5434 1657 5506 τῷ
1675 5435 1866 5506 Πέτρῳ

159 5520 257 5574 τοῦ
303 5517 463 5574 Θεοῦ.
501 5518 613 5589 Ούχ
638 5519 829 5584 ἁπλῶς
852 5520 912 5574 δέ
939 5522 1004 5575 τὸ
1041 5520 1270 5592 Πνεῦμα
1305 5521 1698 5593 λαμϐάνουσιν,
1732 5520 1869 5576 ἀλλά

160 5607 449 5677 γλώσσαις
478 5606 727 5669 ἐλάλουν,
748 5609 887 5679 ὅπερ
915 5609 1012 5662 καὶ
1057 5608 1355 5681 ἐξέπληττε
1407 5611 1536 5675 τοὺς
1585 5609 1869 5664 συνελθόν-

158 5714 289 5760 τας.
323 5695 391 5749 Τί
434 5694 639 5768 δήποτε
666 5695 725 5750 δὲ
757 5695 934 5762 οῦτως
964 5698 1333 5770 οἰκονομεῖται
1367 5698 1427 5752 τὸ
1459 5700 1696 5772 πρᾶγμα
1722 5715 1736 5765 ;
1772 5696 1876 5752 Διά

160 5786 296 5849 τοὺς
359 5782 686 5851 Ἰουδαίους·
750 5785 847 5839 καὶ
900 5785 1011 5857 γάρ
1065 5785 1208 5840 πάνυ
1252 5787 1508 5858 ἀπεχθῶς
1542 5785 1689 5860 εἶχον
1737 5787 1876 5859 πρὸς

162 5871 322 5925 αὐτό.
361 5871 453 5924 Διὸ
482 5870 761 5943 πανταχοῦ
793 5871 892 5927 τοῦ
915 5871 1055 5926 Θεοῦ
1078 5874 1140 5926 τὸ
1175 5873 1288 5928 πᾶν
1317 5875 1556 5944 γίνεται.
1582 5877 1695 5931 Καὶ
1723 5877 1752 5930 6
1773 5874 1880 5931 Πέ-

161 5976 300 6033 τρος
324 5954 511 6031 σχεδὸν
533 5960 726 6025 ἁπλῶς
742 5961 979 6033 πάρεστι
1009 5962 1422 6034 παιδευόμενος,
1445 5963 1528 6018 ὅτι
1544 5962 1626 6018 δεῖ
1641 5963 1830 6019 λοιπὸν
1849 5974 1876 6006 ι

231 6085 260 6114 ⁸
294 6083 486 6134 Λοιπὸν
516 6085 664 6134 deest
697 6083 747 6134 in
771 6083 1083 6149 quibusdam.

586 6182 863 6244 ΡΑτιιοι..
914 6180 1034 6244 Gn.
1087 6179 1225 6240 LX.

1965 4360 2165 4425 αὐτοὺς
2222 4359 2470 4430 ἅψασθαι
2502 4357 2612 4413 τῶν
2665 4356 2874 4412 ἐθνῶνο
2927 4358 3025 4412 καὶ
3076 4358 3160 4412 ὅτι
3226 4357 3294 4411 δι’
3353 4356 3537 4412 αὐτῶν
3593 4358 3677 4414 δεῖ

1965 4449 2221 4518 γενέσθαι
2282 4448 2462 4502 τοῦτο.
2503 4449 2616 4502 Καὶ
2660 4445 2736 4517 μὴ
2762 4445 3078 4519 θαυμάσῃς.
3129 4445 3306 4500 Ὅπου
3367 4446 3476 4519 γάρ
3534 4447 3678 4518 μετὰ

1965 4535 2206 4591 τοσαῦτα
2239 4536 2333 4590 καί
2361 4538 2420 4590 ἐν
2451 4535 2764 4608 Καισαρείᾳ
2796 4534 2893 4589 καὶ
2931 4535 2991 4587 ἐν
3032 4535 3436 4607 Ἱεροσολύμοις
3461 4539 3675 4607 ἀμφισ-

1966 4626 2199 4700 ϐήτησις
2224 4627 2457 4696 γίνεται,
2487 4625 2541 4679 τί
2568 4625 2668 4679 ούκ
2686 4624 2753 4678 ἂν
2783 4625 3053 4694 ἐγεγόνει,
3090 4626 3139 4678 εί
3193 4624 3271 4696 μὴ
3311 4623 3491 4680 ταῦτα
3529 4643 3675 4698 παρ-

1964 4715 2337 4788 ηκολούθησε;
2369 4714 2468 4768 Διά
2493 4712 2651 4768 τοῦτο
2679 4712 2776 4766 καὶ
2818 4713 2939 4784 μεθ’
2970 4711 3282 4785 ὑπερϐολῆς
3308 4713 3484 4767 ταῦτα
3525 4714 3675 4783 γίνε-

1965 4824 2078 4860 ται.
2112 4806 2258 4878 Ὅρα
2283 4791 2340 4859 δέ
2367 4803 2489 4868 πῶς
2526 4803 2622 4857 καὶ
2650 4802 2678 4856 ὁ
2722 4803 2930 4874 Πέτρος
2961 4801 3147 4856 λαϐὼν
3175 4802 3435 4874 ἀφορμὴν
3470 4803 3677 4857 ἀπολο-

1967 4898 2170 4964 γεῖται.
2225 4895 2350 4948 ’Ότι
2383 4893 2438 4947 δὲ
2488 4892 2631 4964 μετὰ
2664 4891 2766 4964 τὴν
2796 4893 3058 4965 ἀφορμὴν
3087 4891 3474 4964 ἀποκρίνεται,
3510 4892 3677 4947 ἄκουε

1967 4983 2062 5038 τοῦ
2136 4980 2530 5054 εὐαγγελιστοῦ
2587 4980 2950 5052 διηγουμένου
3004 4979 3102 5034 καὶ
3176 4979 3467 5049 λέγοντος·
3537 4980 3678 5034 Τότε

1969 5073 2262 5141 ἀπεκρίθη
2303 5070 2528 5140 Πέτρος
2552 5086 2566 5099 ⁸
2627 5069 2783 5135 Μήτι
2813 5067 2882 5122 τὸ
2918 5066 3080 5138 ὕδωρ
3111 5069 3386 5125 κωλῦσαι
3422 5069 3679 5125 δύναταί

1969 5178 2062 5226 τις
2087 5160 2197 5215 τοῦ
2218 5159 2304 5231 μὴ
2330 5157 2750 5228 βαπτισθῆναι
2779 5158 3053 5224 τούτους,
3085 5158 3306 5224 οἵτινες
3328 5149 3403 5211 τὸ
3434 5157 3681 5229 Πνεῦμα

1969 5250 2038 5304 τὸ
2071 5249 2246 5318 ἅγιον
2269 5249 2497 5303 ἔλαϐον
2523 5247 2604 5315 ὡς
2630 5246 2731 5300 καὶ
2770 5245 2945 5316 ἡμεῖς
2967 5262 2984 5308 ;
3024 5241 3182 5310 Εἶδες
3216 5246 3321 5299 ποῦ
3347 5245 3409 5300 τὸ
3436 5249 3682 5319 ,πρᾶγμα

1971 5337 2268 5409 ἀνήνεγκε,
2316 5337 2413 5390 καὶ
2467 5335 2588 5398 πῶς
2643 5332 2835 5388 ὤδινεν
2894 5333 3206 5404 ἐξενεγκεῖν
3245 5334 3448 5403 τοῦτο;
3520 5334 3681 5389 Οῦτω

1972 5425 2143 5483 πάλαι
2171 5425 2271 5495 τῆς
2309 5422 2540 5496 γνώμης
2584 5420 2790 5494 ταύτης
2825 5416 2917 5493 ἦν.
2975 5422 3134 5492 Μήτι
3171 5421 3240 5475 τὸ
3294 5415 3476 5492 ὕδωρ,
3518 5423 3678 5495 φησὶ,

1973 5514 2249 5570 κωλῦσαι
2297 5513 2552 5567 δύναταί
2589 5529 2712 5579 τις;
2766 5509 2963 5582 Σχεδὸν
3000 5511 3110 5584 γὰρ
3145 5509 3338 5579 ὥσπερ
3403 5511 3681 5582 ἐπεμϐαί-

1972 5603 2158 5666 νοντός
2179 5603 2297 5656 ἐστι
2328 5605 2440 5664 τοῖς
2476 5599 2750 5655 κωλύουσι
2770 5600 2865 5654 καὶ
2894 5598 3168 5668 λέγουσιν,
3200 5600 3283 5652 ὅτι
3302 5599 3366 5652 ού
3395 5599 3502 5670 χρὴ
3523 5598 3683 5653 τοῦτο

1971 5691 2252 5758 γενέσθαι.
2296 5691 2373 5745 Τὸ
2435 5692 2546 5746 πᾶν
2600 5690 2827 5760 γέγονε,
2888 5689 3027 5762 φησὶ
3050 5730 3066 5754 ,
3120 5687 3185 5743 τὸ
3250 5690 3682 5760 ἀναγκαιότερον

1971 5780 2190 5851 γέγονε,
2219 5779 2282 5833 τὸ
2313 5778 2600 5850 βάπτισμα
2645 5779 2674 5833 6
2703 5779 2798 5832 καὶ
2821 5779 2989 5849 ἡμεῖς
3013 5776 3448 5848 ἐϐαπτίσθημεν.
3481 5780 3682 5844 Προσ-

1971 5867 2150 5934 ἐταξέ
2186 5886 2252 5922 τε
2281 5867 2508 5935 αὐτοὺς
2535 5864 2955 5937 βαπτισθῆναι
2985 5866 3058 5922 ἐν
3083 5865 3164 5933 τῷ
3197 5866 3446 5935 ὀνόματι
3481 5863 3680 5932 Ἰησοῦ

1975 5956 2260 6028 Χριστοῦ.
2289 5955 2449 6012 Μετά
2475 5955 2538 6010 τὸ
2566 5955 3043 6028 ἀπολογήσασθαι,
3074 5954 3198 6010 τότε
3222 5954 3410 6019 αὐτοῖς
3440 5952 3471 5994 ι’
3508 5968 3680 6025 προσ-

2041 6079 2072 6120 δ
2109 6077 2249 6131 Unus
2280 6077 2391 6128 τότε
2429 6077 2618 6137 αὐτὸύς.

3085 6162 3267 6224 ,12
