4068 6458
183 433 272 482 Ηῗί
1141 418 1202 471 IN
1245 416 1373 471 MJT
1386 418 1420 468 εδδ
1466 416 1502 468 Α
1515 412 1770 468 Ρυδτυι.

1878 411 1988 468 illd.
2037 411 2263 464 illiilli“
2311 408 2479 465 XXIV

167 561 266 596 mu
295 543 598 596 ascendisset
645 537 828 589 l'ctrus
867 532 1268 600 Jerosolgmam,
1303 529 1646 596 .lisceptabaut
1673 528 1770 578 tul-

165 650 342 687 z-ersus
389 632 536 684 illam
573 631 660 698 qui
690 636 834 681 crant
880 641 941 679 ex
981 621 1385 686 circumcisione,
1425 620 1647 673 (licentes
1673 635 1688 671 :
1719 620 1770 674 5.

166 730 342 792 Quare
365 725 580 776 introisti
613 723 684 797 ml-
707 723 835 773 riros
862 718 1168 787 prteputium
1198 715 1455 774 habentes,
1486 723 1532 765 et
1559 711 1774 764 mandu-

162 817 298 869 casti
324 832 436 868 cum
464 814 566 867 illis
587 814 612 866 ?
655 812 844 865 Postea
894 807 1256 878 Disceptabaut
1299 806 1385 873 qui
1416 821 1478 858 ea:
1507 803 1773 856 cii-canari-

163 911 330 974 sione,
364 923 467 961 non
495 901 741 974 apostoli.
773 901 911 970 Quid
935 909 1017 954 est
1045 899 1193 964 illud,
1223 897 1585 966 Disceptabant
1607 897 1632 949 ?
1658 894 1773 948 Non

161 1017 383 1070 pmann,
419 998 608 1067 inquit,
638 995 1066 1050 offendebantnr.
1104 992 1169 1045 Et
1199 989 1319 1043 vide
1341 989 1466 1058 quid
1495 988 1769 1057 objiciunt.

161 1095 283 1146 Non
316 1093 516 1155 dicunt,
549 1089 658 1143 Cur
705 1083 1083 1141 annuntiaS'i?
1125 1081 1244 1142 sed,
1290 1081 1392 1134 Cur
1422 1097 1524 1132 una
1556 1079 1774 1132 mandu-

160 1186 342 1238 casti?
371 1184 560 1250 Petrus
606 1196 731 1235 vero
770 1195 876 1232 non
907 1179 958 1230 in
991 1177 1092 1229 hoc
1133 1173 1327 1243 frigido
1359 1172 1504 1226 dicto
1534 1180 1774 1224 tnoratnr

161 1279 317 1344 (nam
347 1274 594 1344 frigidum
626 1287 752 1326 vere
779 1267 948 1340 erat);
980 1267 1072 1322 sed
1102 1267 1152 1320 in
1186 1281 1381 1335 magno
1409 1264 1523 1330 illo,
1544 1263 1732 1317 dicens
1762 1283 1772 1316 :

162 1369 225 1422 Si
268 1367 526 1436 Spiritmn
576 1365 646 1418 illi
689 1369 1024 1430 acceperant,
1069 1358 1341 1429 quomodo
1388 1357 1489 1410 hoc
1531 1370 1638 1409 non
1671 1356 1774 1408 illis

157 1457 574 1511 concedendum
620 1455 773 1508 erat?
816 1451 1100 1519 Quomodo
1149 1465 1278 1518 ergo
1320 1449 1372 1501 in
1420 1445 1774 1502 San'iaritauis

162 1554 269 1605 hoe
303 1551 496 1604 factum
527 1565 631 1602 non
662 1556 764 1610 est,
797 1547 904 1600 imo
931 1545 1284 1608 contrarium,
1315 1559 1420 1596 non
1449 1541 1608 1596 modo
1625 1549 1766 1603 ante,

161 1643 258 1698 scd
309 1643 470 1696 etiam
513 1649 632 1710 post
675 1637 1039 1708 baptismmn?
1081 1635 1262 1703 Neque
1296 1634 1556 1704 indignati
1600 1642 1768 1686 sunt:

163 1738 274 1789 imo
306 1734 469 1788 etiam
505 1733 570 1787 ad
606 1747 724 1787 eam
769 1732 937 1800 ipsam
970 1746 1081 1783 rem
1131 1731 1416 1782 miserunt.
1453 1726 1652 1780 Verum
1687 1725 1773 1780 hic

165 1842 273 1879 nou
307 1841 368 1878 ea
402 1825 467 1879 de
509 1839 568 1878 re
617 1833 870 1877 accusant
898 1839 910 1888 ;
942 1821 1186 1875 sciebant
1235 1821 1380 1874 cnim
1427 1818 1530 1874 hoc
1572 1817 1772 1870 divina:

159 1920 353 1988 gmtic
395 1933 514 1973 esse
539 1935 554 1983 ;
584 1917 700 1983 sed,
739 1917 928 1984 Quare,
975 1917 1254 1985 inquiunt,
1308 1913 1627 1966 manducasti
1655 1929 1772 1965 cum

160 2011 266 2064 illis
285 2012 310 2062 ?
339 2009 589 2079 Alioquin
617 2024 744 2063 vero
773 2023 1022 2077 magnum
1047 2016 1100 2060 et
1131 2007 1454 2060 immensum
1480 2003 1771 2058 discrimen

161 2114 281 2157 erat
311 2103 680 2156 Samaritanus
709 2102 847 2156 inter
895 2111 946 2154 cl
991 2110 1198 2170 gentes.
1231 2100 1321 2154 Vel
1354 2100 1513 2153 etiam
1548 2113 1643 2167 per
1663 2092 1774 2152 dis-

162 2197 542 2264 pensatioaem
574 2195 787 2260 accidit,
818 2194 959 2262 quod
1015 2194 1059 2246 is
1115 2203 1423 2255 accusetur,
1469 2200 1524 2243 ut
1566 2191 1638 2244 illi
1686 2188 1770 2243 di-

161 2299 318 2342 scant
348 2308 360 2342 :
387 2302 564 2357 neque
595 2287 738 2341 enim
780 2286 971 2340 Petrus
1014 2301 1127 2339 rem
1171 2285 1287 2337 sine
1320 2298 1478 2336 causa
1513 2281 1769 2335 narravit.

170 2380 303 2434 \"ide
333 2391 537 2443 autem,
565 2395 725 2451 quam
758 2380 825 2433 sit
852 2395 880 2432 a
910 2377 1051 2432 fastu
1093 2385 1148 2433 et
1177 2392 1308 2430 vana
1337 2376 1508 2446 gloria
1541 2376 1768 2429 alienus.

161 2475 300 2529 Nam
333 2475 406 2528 ait
431 2492 443 2525 :
470 2475 520 2527 4.
557 2472 818 2539 Incipiens
848 2472 1047 2534 Petrus,
1080 2471 1362 2541 exponet-at
1390 2471 1492 2524 illis
1518 2487 1607 2540 per
1628 2468 1773 2522 ordi-

163 2587 301 2634 nem,
329 2569 502 2622 dicens
524 2584 541 2620 :
651 2549 761 2637 Ego
781 2584 917 2620 eram
945 2567 997 2619 in
1025 2566 1223 2619 civitate
1252 2567 1422 2633 Joppe
1451 2581 1620 2618 orans.
1656 2563 1773 2617 Non

160 2662 298 2714 dicit
329 2675 517 2728 quare,
549 2660 631 2714 vel
658 2674 759 2729 qna
798 2659 1102 2713 occasione.
1156 2657 1223 2711 Et
1257 2658 1358 2710 vidi
1386 2658 1438 2710 in
1469 2657 1651 2710 mentis
1685 2671 1774 2710 ea:-

161 2768 308 2805 ccssu
345 2753 608 2814 visionem,
656 2751 964 2805 descendens
991 2767 1077 2804 cas
1107 2750 1367 2820 quoddam
1398 2749 1530 2802 velut
1562 2749 1774 2801 linteum

162 2860 432 2914 inagnnm,
475 2853 694 2913 quatuor
724 2844 882 2896 initiis
922 2845 1196 2897 demissum
1238 2846 1301 2896 de
1339 2844 1498 2908 cwlo,
1545 2852 1592 2896 et
1639 2843 1774 2896 venit

159 2933 418 3004 usquead
444 2950 539 2987 me.
576 2933 628 2987 6.
661 2933 726 2986 In
754 2934 888 3001 quod
914 2935 1114 2987 intuens
1146 2933 1564 2997 considerabam;
1595 2942 1641 2985 et
1670 2933 1774 2986 vidi

157 3027 520 3094 qnadrupedia
561 3035 726 3090 terra,
770 3037 817 3078 et
865 3027 1067 3090 bestias,
1120 3034 1166 3078 et
1206 3025 1428 3093 reptilia,
1471 3034 1517 3077 et
1545 3025 1775 3078 volatilia

158 3118 300 3170 cccli.
337 3117 389 3169 7.
435 3116 619 3169 Audivi
666 3126 838 3169 autem
879 3132 1047 3169 vocem
1090 3117 1335 3170 dicentem
1379 3116 1507 3169 ini/ti
1532 3133 1550 3170 :
1582 3117 1770 3188 Surge,

159 3207 338 3267 I’etre,
369 3207 541 3260 occide
566 3217 610 3260 et
641 3208 918 3261 ntamluca.
951 3207 1088 3273 Quid
1137 3223 1233 3276 per
1264 3209 1379 3262 luce
1406 3209 1588 3263 dicere
1618 3209 1774 3263 vult?

158 3296 309 3354 Salis
338 3308 475 3362 erat,
512 3300 702 3368 inquit,
735 3300 933 3355 vidisse
957 3301 1179 3356 linteum
1211 3302 1278 3354 ad
1310 3301 1412 3356 hoc
1443 3303 1774 3369 persuaden-

155 3391 289 3443 dum
318 3408 331 3454 ;
364 3399 598 3444 attamen
628 3407 729 3445 vox
754 3407 968 3461 quoque
995 3391 1200 3462 adjecta
1224 3403 1331 3464 est,
1347 3394 1399 3448 8.
1430 3393 1552 3447 Dixi
1569 3404 1771 3449 autem:

161 3482 529 3551 Nequaquam,
586 3481 834 3549 Domine,
887 3486 1005 3550 quia
1055 3500 1322 3537 commune
1365 3495 1411 3536 et
1457 3485 1773 3539 immundum

155 3592 444 3644 numquam
476 3576 700 3629 introivit
739 3577 790 3629 in
824 3593 880 3629 os
910 3593 1098 3629 meum.
1143 3576 1378 3632 Viden“?
1407 3579 1551 3649 quod
1591 3595 1770 3634 meum

154 3673 301 3730 erat,
333 3666 525 3734 inquit,
570 3665 670 3722 feci
703 3686 713 3720 :
748 3667 881 3732 dixi,
923 3668 1224 3738 Numquam
1274 3669 1508 3724 comedi.
1551 3670 1664 3725 lloc
1704 3671 1771 3726 ad

157 3757 234 3820 id,
269 3758 410 3826 quod
440 3758 689 3812 dicebant
721 3759 791 3814 illi
821 3777 834 3814 :
868 3759 1120 3825 Introisti,
1151 3771 1196 3813 et
1225 3763 1486 3816 comedisti
1510 3779 1624 3816 cum
1646 3764 1768 3816 illis.

158 3847 281 3902 lloc
323 3865 454 3904 vero
501 3865 606 3903 non
651 3851 784 3904 dixit
814 3852 1107 3906 Cornelio:
1149 3868 1325 3923 neque
1357 3854 1500 3909 enim
1545 3869 1771 3910 necesse

156 3949 297 3993 erat.
336 3942 387 3994 9.
443 3941 721 4011 Respondit
753 3953 919 3996 autem
953 3945 1078 3997 milii
1113 3962 1210 3998 vos:
1243 3947 1468 3999 secundo
1509 3948 1573 4000 de
1602 3947 1771 4002 ca'lo:

158 4034 296 4097 Qua:
321 4033 461 4087 Deus
492 4036 772 4100 inundavit,
808 4047 861 4088 tu
897 4054 959 4090 ne
987 4039 1278 4092 communia
1304 4040 1514 4092 dixeris.
1546 4039 1632 4094 10.
1658 4038 1771 4092 Hoc

155 4137 334 4178 autent
376 4128 570 4195 factum
604 4137 677 4180 est
721 4137 794 4180 ter
822 4146 840 4180 :
872 4140 916 4182 et
958 4141 1180 4182 retracta
1209 4140 1327 4183 sunt
1358 4133 1528 4184 omnia
1567 4148 1772 4197 rursum

155 4221 212 4272 in
240 4220 441 4272 cretum.
472 4221 556 4274 Η.
605 4219 673 4274 Ει
700 4238 813 4276 ecce
833 4223 928 4276 ciri
953 4232 1051 4276 tres
1091 4224 1358 4292 confestim
1388 4227 1688 4278 adstiterant
1718 4228 1771 4281 in

158 4314 335 4377 domo,
363 4314 413 4365 in
444 4331 545 4383 qua
573 4332 732 4379 eram,
758 4317 899 4369 missi
927 4333 958 4370 a
983 4317 1214 4371 Caesarea
1235 4319 1302 4369 ad
1331 4335 1427 4372 me.
1463 4318 1654 4373 Narrat
1682 4335 1765 4385 ea,

156 4423 284 4475 qua:
314 4409 616 4461 necessaria
647 4419 798 4463 erant
825 4426 839 4473 ;
870 4411 972 4463 alia
1006 4418 1166 4476 tacet,
1199 4411 1307 4466 imo
1338 4422 1392 4466 ct
1417 4427 1512 4481 per
1538 4411 1652 4468 hmc
1680 4413 1769 4469 illa

156 4501 376 4567 probat.
412 4499 480 4552 Et
505 4500 646 4566 vide,
682 4502 954 4570 quomodo
984 4518 1106 4558 sese
1130 4513 1340 4574 purget,
1367 4506 1556 4560 nolens
1586 4506 1773 4561 docto-

156 4591 234 4644 ris
257 4591 580 4645 anetorilate
603 4592 678 4645 uti
707 4613 718 4646 :
753 4593 959 4647 sciebat
985 4586 1219 4649 enim'se
1245 4606 1446 4664 quanto
1473 4598 1770 4654 modestius

152 4683 497 4751 loquebatur,
536 4693 683 4737 tanto
726 4686 894 4755 magis
941 4686 1063 4741 illos
1103 4698 1387 4758 capturum
1418 4707 1564 4750 CaSC.
1595 4693 1768 4746 Num-

153 4794 312 4846 quam
348 4777 592 4845 introivit,
647 4778 840 4848 inquit,
879 4781 931 4833 in
975 4797 1030 4834 os
1070 4798 1236 4835 meum
1266 4800 1531 4838 commune
1567 4787 1646 4840 vel
1674 4787 1770 4840 im-

154 4871 410 4923 mundum
466 4871 528 4925 Et
560 4873 637 4926 sic
681 4881 852 4926 totum
895 4877 1214 4930 meonomia:
1245 4876 1488 4932 defensio
1519 4889 1654 4934 erat.
1706 4880 1769 4934 Et

155 4982 275 5019 eccs
301 4977 401 5018 tres
428 4967 521 5018 viri
538 4968 805 5038 confestim
827 4968 1132 5023 adstiterant
1153 4973 1204 5022 in
1227 4973 1396 5034 domo,
1420 4973 1471 5025 in
1490 4991 1591 5042 qua
1606 4991 1764 5028 eram.

157 5057 248 5112 12.
285 5056 426 5110 Dia‘it
461 5069 628 5114 autem
660 5061 785 5114 mihi
813 5061 1063 5132 Spiritus,
1109 5074 1159 5116 ut
1195 5065 1320 5117 irent
1355 5082 1466 5118 cum
1507 5067 1609 5121 illis
1641 5068 1769 5123 nihil

157 5152 425 5205 Ittesittms.

228 5243 285 5298 2.
329 5243 518 5299 Viden‘
559 5246 702 5315 quod
748 5246 979 5315 Spiritus
1021 5247 1092 5301 sit
1141 5247 1452 5316 legislatio?
1508 5247 1767 5305 Venerunt

153 5349 326 5389 autent
357 5354 550 5392 mecum
572 5350 616 5392 et
647 5357 736 5394 sea:
762 5342 948 5402 fratres
978 5341 1081 5395 isti.
1115 5341 1253 5409 Quid
1285 5342 1444 5397 Petro
1474 5343 1761 5411 humilius,

152 5430 245 5498 qui
284 5430 445 5484 etiam
489 5431 575 5485 hic
629 5431 854 5487 fratrum
903 5433 1270 5488 testimonium
1299 5435 1560 5490 adhibet?
1603 5437 1766 5491 Vene-

152 5532 272 5574 runt
306 5533 473 5574 autem
517 5541 710 5604 mecum
743 5542 832 5579 sea:
863 5531 1048 5595 fratres
1074 5569 1088 5590 ,
1141 5536 1187 5580 et
1231 5528 1450 5597 ingressi
1492 5547 1668 5583 sumus
1713 5531 1768 5584 in

153 5613 363 5666 domum
397 5615 510 5668 viri.
562 5618 646 5670 15.
675 5617 919 5670 Narravit
945 5629 1114 5672 autent
1135 5620 1301 5686 nobis,
1333 5623 1586 5688 quomodo
1615 5623 1768 5676 vidis-

152 5714 229 5757 set
259 5703 498 5776 angelum
542 5708 593 5760 in
642 5709 792 5763 domo
838 5726 934 5762 sua
978 5720 1216 5776 stantem,
1262 5721 1306 5765 et
1334 5713 1584 5766 dicentem
1623 5716 1767 5768 sibi:

160 5794 311 5848 Mitte
336 5798 390 5850 in
417 5797 622 5868 Joppen
651 5801 805 5867 viros,
838 5811 884 5854 et
912 5804 1102 5857 accersi
1129 5803 1396 5858 Simonem
1426 5809 1764 5876 cognomina-

160 5899 268 5941 tum
303 5889 536 5960 Petrum,
569 5893 655 5947 14.
685 5894 773 5963 qui
800 5894 1032 5965 loquetur
1056 5895 1143 5950 tibi
1173 5896 1344 5967 verba,
1373 5898 1427 5952 in
1455 5899 1637 5969 quibus
1656 5900 1766 5955 sal-

3395 409 3494 461 186

1888 543 1976 579 rus
2006 527 2103 579 eris
2136 535 2187 578 tu
2215 538 2261 579 et
2294 529 2526 580 :tnircrsa
2556 527 2735 579 domus
2767 536 2875 580 tua.
2910 524 3024 580 Non
3067 525 3197 578 dixit
3237 540 3297 578 ea
3324 569 3336 590 ,
3377 544 3492 595 qua.

1884 621 1952 672 ab
1981 620 2173 690 angelo
2217 620 2357 674 dicta
2405 620 2618 674 fuerant
2664 620 2920 674 Cornelio
2952 636 2964 672 :
3001 619 3275 673 Orationes
3309 630 3412 673 tuo:
3448 629 3494 672 ct

1884 712 2212 781 cleemosyum
2237 720 2338 765 tua:
2361 713 2702 765 ascenderunt
2727 712 2779 766 in
2811 713 3108 765 memoriam
3135 712 3189 764 in
3217 722 3492 780 conspectu

1885 800 2002 866 Dei,
2035 812 2102 856 n‘e
2131 804 2248 856 illos
2271 802 2567 858 offenderet
2593 819 2606 864 ;
2635 802 2730 857 sed
2759 799 2820 856 ea
2851 803 3038 866 verba,
3070 819 3192 872 qua:
3219 800 3351 856 nihil
3383 817 3494 854 ma-

1883 892 1971 962 gni
2001 893 2359 962 prmfcrcbant
2394 913 2404 946 :
2439 893 2698 963 Loquetur
2724 894 2813 947 tibi
2836 894 3006 956 verba,
3037 894 3293 962 inquibus
3320 894 3494 947 sulcus

1883 986 1980 1039 eris
2012 996 2065 1040 tu
2104 994 2148 1039 ct
2194 987 2428 1040 universa
2468 988 2652 1042 domus
2696 998 2804 1039 nia.
2853 987 3060 1052 Vidcn‘,
3106 986 3380 1058 quomodo
3426 1004 3490 1040 ea

1882 1094 2039 1148 quam
2085 1081 2189 1134 dixi
2223 1081 2291 1135 de
2320 1095 2478 1135 causa
2514 1080 2772 1135 festinet?
2821 1080 2890 1134 Et
2921 1081 3050 1134 nihil
3086 1080 3154 1135 de
3187 1081 3285 1133 viri
3333 1097 3473 1134 man.

1881 1171 2165 1226 suetudine
2191 1171 2339 1226 dicit.
2377 1172 2516 1242 Ergo
2548 1172 2751 1242 Spiritu
2781 1173 3026 1225 mittente
3046 1214 3060 1237 ,
3098 1171 3212 1225 Deo
3237 1171 3486 1241 jnbcntc,

1882 1279 1977 1333 per
2007 1266 2255 1332 angelum
2287 1265 2410 1320 inde
2437 1277 2682 1327 vocante.
2717 1265 2841 1320 hinc
2870 1275 3095 1334 urgente
3117 1308 3130 1330 ,
3165 1281 3344 1320 rerum
3382 1265 3493 1318 dis.-

1878 1359 2082 1410 crimeu
2111 1357 2384 1422 solvente,
2412 1359 2539 1427 quid
2570 1357 2871 1412 faciendum
2903 1358 3064 1412 erat?
3092 1357 3198 1413 Sed
3231 1357 3361 1411 nihil
3388 1357 3486 1410 ho-

1881 1462 1997 1500 rum
2027 1448 2180 1513 dixit,
2207 1465 2393 1503 verum
2421 1467 2446 1501 a
2474 1452 2772 1518 posteriore
2796 1451 3085 1504 confirmat
3110 1467 3124 1504 :
3153 1449 3298 1520 quod
3323 1451 3483 1504 etiam

1841 1569 1857 1581 ο
1883 1554 1977 1607 per
1998 1554 2056 1594 se
2080 1540 2437 1595 indubitatum
2465 1551 2578 1596 erat
2602 1543 2993 1596 testimonium.
3023 1542 3088 1594 lit
3109 1556 3226 1602 cur,
3253 1540 3489 1610 inquies,

1881 1649 1986 1686 non
2019 1633 2120 1688 hoc
2151 1633 2349 1688 factum
2384 1645 2465 1690 est
2496 1636 2714 1688 solum?
2753 1636 2829 1690 Ex
2862 1633 3156 1689 abundanti
3193 1634 3244 1688 fit
3286 1650 3312 1686 a
3345 1635 3454 1688 Deo
3477 1678 3489 1696 ,

1883 1735 1938 1778 ut
1967 1724 2372 1781 demonstretur
2398 1727 2722 1797 principium
2750 1743 2856 1780 non
2886 1727 2953 1781 ab
2979 1727 3228 1796 apostolo
3259 1740 3400 1779 esse.
3434 1727 3489 1778 Si

1881 1827 2058 1873 autem
2088 1834 2183 1873 sua
2209 1830 2400 1890 sponte
2428 1821 2518 1875 illo
2550 1821 2821 1890 profectus
2850 1829 2995 1876 esset
3015 1863 3030 1886 ,
3055 1830 3110 1876 et
3137 1821 3267 1874 nihil
3298 1821 3516 1874 horum-

1881 1911 2080 1967 Laetum
2129 1913 2348 1977 fuisset,
2400 1913 2690 1970 admodum
2733 1915 2925 1970 offensi
2967 1915 3217 1969 fuissent.
3264 1916 3304 1968 A
3342 1915 3492 1984 prin-

1881 2005 2021 2076 cipio
2049 2007 2145 2061 sibi
2175 2019 2410 2061 mentem
2441 2008 2652 2062 illorum
2692 2009 2972 2072 conciliat,
3005 2007 3134 2061 dum
3165 2007 3295 2061 dicit
3335 2006 3440 2059 illis
3477 2024 3488 2058 τ

1884 2098 1983 2162 Qui
2022 2098 2276 2169 Spiritum
2307 2110 2537 2152 sanctum
2589 2110 2913 2167 acceperunt,
2939 2101 3068 2154 sicut
3095 2110 3140 2152 et
3169 2117 3279 2152 uos.
3311 2099 3376 2153 Et
3398 2100 3494 2152 ite-

1882 2206 1998 2244 rnnt
2032 2209 2044 2243 :
2078 2193 2163 2246 15.
2193 2191 2319 2245 Cant
2353 2203 2521 2246 autem
2549 2196 2809 2261 ccepissein
2838 2194 2997 2263 loqui,
3035 2193 3220 2248 cecidit
3266 2193 3495 2261 Spiritus

1879 2293 2082 2338 sanctus
2113 2301 2266 2351 super
2294 2286 2431 2347 illos,
2463 2289 2590 2339 sicut
2617 2295 2662 2338 et
2691 2287 2741 2339 in
2775 2303 2866 2341 nos
2897 2288 2948 2339 in
2980 2286 3151 2340 initio.
3182 2287 3368 2354 Neque
3395 2285 3497 2338 hoc

1881 2385 2165 2430 contentus
2186 2418 2200 2440 ,
2233 2379 2453 2430 verbum
2483 2378 2694 2431 ῡυιιιίιιὶ
2724 2387 3139 2433 commemorat.
3171 2378 3259 2432 16.
3295 2377 3489 2430 Recor-

1881 2467 2031 2521 datus
2052 2479 2220 2522 autent
2257 2486 2369 2522 sum
2395 2472 2530 2523 verbi
2561 2470 2767 2531 Domini
2796 2472 2925 2525 sicut
2966 2471 3164 2524 dicebat
3195 2487 3211 2523 :
3257 2469 3489 2522 Joannes

1879 2559 2079 2628 quidem
2103 2560 2372 2630 baptizavit
2395 2579 2548 2630 aqua,
2580 2577 2665 2615 eos
2692 2571 2860 2615 autem
2888 2561 3270 2631 baptizabimini
3293 2561 3346 2613 in
3372 2561 3496 2628 Spi-

1880 2657 1982 2705 ritu
2001 2661 2176 2706 sancto
2209 2654 2225 2722 (
2255 2651 2440 2706 Matth.
2471 2655 2522 2708 5.
2558 2655 2616 2707 11
2651 2656 2691 2724 ).
2737 2654 2922 2723 Itaque
2956 2653 3088 2706 nihil
3118 2654 3240 2706 novi
3271 2653 3491 2716 aecidit,

1880 2743 1973 2798 sed
2011 2743 2061 2797 id
2090 2745 2232 2814 quod
2265 2745 2611 2815 prmdixerat.
2647 2750 2717 2800 At
2750 2762 2856 2800 non
2887 2747 3210 2816 oportebat,
3248 2747 3458 2816 inquies
3480 2789 3493 2807 ,

1882 2836 2137 2906 baptizari
2170 2855 2184 2892 :
2217 2838 2478 2909 baptisma
2507 2840 2662 2904 enim,
2700 2839 3000 2909 perfectum
3034 2849 3150 2894 erat
3172 2883 3184 2904 ,
3221 2855 3344 2894 cum
3377 2838 3496 2908 Spi—

1880 2929 2016 2985 ritus
2046 2941 2264 2985 sanctus
2294 2932 2343 2984 in
2374 2932 2493 2986 illos
2520 2919 2824 2987 descendit.
2867 2932 2994 2987 Ideo
3034 2949 3140 2986 non
3176 2932 3329 2999 dicit,
3355 2933 3498 2987 Jussi

1881 3019 1999 3073 illos
2029 3022 2175 3090 prius
2204 3022 2499 3090 baptizari;
2531 3023 2625 3078 sed
2654 3023 2823 3092 quid?
2864 3023 3131 3094 Numquid
3159 3040 3349 3092 aquam
3380 3041 3498 3092 pro-

1880 3112 2050 3166 Itibere
2073 3113 2187 3183 quis
2218 3122 2398 3183 potest,
2433 3124 2488 3166 ut
2517 3130 2619 3167 non
2662 3115 2982 3183 baptizentur
3025 3115 3118 3168 Ili?
3149 3115 3275 3168 hinc
3307 3124 3497 3170 osten-

1879 3203 2048 3269 dens,
2103 3219 2162 3260 se
2191 3221 2289 3260 suo
2326 3217 2476 3259 motu
2516 3206 2648 3260 nihil
2698 3205 2912 3263 fecisse.
2959 3206 3113 3274 Quod
3178 3208 3340 3277 igitur
3396 3223 3491 3261 nos

1880 3295 2236 3362 habebamus,
2270 3297 2343 3351 illi
2366 3308 2717 3368 acceperunt.
2760 3299 2847 3353 17.
2883 3298 2945 3353 Si
2971 3316 3090 3369 ergo
3116 3301 3348 3352 eamdem
3380 3316 3499 3369 gra~

1880 3390 2000 3443 tiam
2029 3391 2166 3444 dedit
2195 3389 2355 3457 Deus,
2393 3394 2583 3463 inquit,
2628 3395 2755 3446 sicut
2786 3404 2830 3448 ct
2862 3395 3025 3459 nobis,
3060 3396 3147 3462 qui
3177 3397 3494 3448 credidimus

1878 3483 1931 3534 in
1957 3481 2235 3537 Dominum
2263 3483 2438 3536 Jesum
2470 3501 2487 3537 :
2515 3501 2605 3554 ego
2635 3487 2747 3555 quis
2778 3503 2938 3551 eram,
2971 3487 3058 3555 qui
3089 3503 3287 3556 possem
3318 3487 3498 3557 pro/ti-

1879 3573 1991 3626 bere
2022 3574 2226 3629 Deum?
2256 3575 2320 3629 Ut
2352 3592 2416 3629 ex
2447 3577 2739 3630 abundanti
2774 3577 2986 3631 illorum
3021 3592 3116 3632 ora
3148 3579 3459 3633 obstrueret
3482 3621 3496 3643 ,

1881 3665 2002 3720 idco
2030 3666 2253 3720 addidit.
2289 3665 2541 3722 Eamdem
2568 3671 2810 3738 gratiam.
2844 3668 3058 3736 Viden’,
3085 3672 3360 3740 quomodo
3389 3687 3495 3726 nou

1880 3760 2123 3827 permisit
2154 3759 2275 3814 illos
2299 3761 2479 3815 minus
2509 3761 2740 3827 habere,
2779 3762 2870 3833 qui
2901 3764 3070 3818 semel
3104 3764 3496 3819 credidissent?

1879 3852 2069 3908 Parem
2100 3855 2327 3924 gratiam
2359 3854 2508 3910 dedit
2551 3856 2656 3910 illis
2689 3856 2831 3911 Deus
2858 3899 2870 3923 ,
2920 3859 3136 3928 qualem
3170 3859 3328 3913 nobis
3349 3900 3364 3922 ,
3401 3862 3493 3928 qui

1880 3947 2204 4002 credidimus
2238 3948 2287 4001 in
2323 3948 2607 4001 Dominum
2660 3968 2670 4001 :
2718 3949 2898 4018 itaque
2947 3950 3062 4019 ipse
3108 3961 3300 4022 purgat
3353 3951 3494 4006 illos.

1878 4038 2062 4109 Neque
2104 4039 2270 4104 dicit,
2325 4039 2530 4098 Vobis.
2583 4041 2715 4108 scd,
2753 4041 2962 4106 Nobis;
3011 4043 3132 4097 hinc
3165 4045 3329 4098 etiam
3376 4062 3496 4099 sexu

1879 4145 2093 4184 mouem
2129 4133 2398 4201 mitigans.
2450 4134 2588 4200 Quid
2628 4149 2756 4204 ergo
2799 4133 3192 4203 indignamini,
3227 4151 3349 4189 cuin
3393 4152 3492 4190 nos

1879 4223 2022 4292 ipsos
2055 4224 2339 4292 participes
2361 4223 2640 4278 dicamus?
2667 4226 2753 4280 18.
2789 4225 2887 4280 llis
2911 4226 3125 4293 auditis,
3161 4228 3482 4296 quieverunt,

1878 4325 1923 4368 et
1954 4315 2367 4385 gloriﬁcaverunt
2412 4315 2580 4371 Deum
2608 4361 2621 4382 ,
2669 4320 2893 4374 dicentes
2937 4338 2954 4373 .'
2987 4319 3153 4390 Igitur
3187 4331 3231 4374 et
3263 4323 3495 4391 gentibus

1879 4408 2224 4478 paenitentiam
2252 4411 2389 4462 dedit
2424 4410 2558 4464 Deus
2584 4413 2652 4464 ad
2681 4414 2853 4465 vitam.
2901 4413 3086 4468 Vidett'
3117 4416 3391 4484 quomodo
3423 4431 3489 4471 ex

1878 4501 2139 4555 concione
2170 4501 2313 4556 Petri
2345 4511 2516 4556 totum
2558 4503 2760 4559 factum
2794 4505 2899 4572 sit,
2935 4507 3023 4578 qui
3056 4522 3118 4560 ea
3140 4549 3154 4573 ,
3205 4524 3323 4576 qua:
3358 4508 3498 4583 facta

1879 4591 2110 4657 fuerant,
2142 4600 2288 4648 rec‘tc
2312 4597 2657 4651 narraverit?
2686 4598 2810 4652 Ideo
2832 4599 3270 4667 glorificaverunt
3301 4601 3492 4662 Deum,

1876 4684 2021 4753 quod
2052 4687 2211 4739 etiam
2247 4686 2352 4741 illis
2385 4689 2756 4756 paenitentiam
2800 4690 3012 4745 dederit
3048 4710 3060 4744 :
3105 4695 3176 4746 ita
3224 4692 3492 4749 humiliati

1875 4787 2000 4830 sunt
2021 4778 2087 4831 ab
2110 4777 2194 4833 his
2216 4782 2577 4835 sermonibus.
2612 4781 2748 4837 Hinc
2775 4795 2959 4852 aperta
2985 4784 3205 4839 demum
3237 4787 3493 4855 gentibus

1871 4870 2034 4940 janua
2065 4872 2180 4926 fuit.
2217 4873 2345 4941 Sed,
2381 4876 2423 4928 si
2459 4876 2657 4945 placet,
2689 4877 2970 4946 superiora
3005 4891 3338 4949 repetamus.
3378 4881 3490 4933 Non

1875 4964 2030 5031 dixit,
2063 4965 2406 5036 Disceptahat
2436 4969 2628 5024 Petrus
2652 5011 2666 5032 ,
2699 4972 2794 5025 sed
2817 5012 2831 5036 ,
2870 4972 2967 5037 Qui
2997 4985 3140 5027 erant
3172 4991 3236 5026 ea;
3262 4975 3486 5027 circum-

1875 5058 2064 5111 cisione
2087 5073 2104 5110 :
2131 5060 2384 5128 quoniam
2415 5061 2529 5130 ipse
2555 5063 2788 5128 sciebat,
2815 5065 2958 5133 quin!
2986 5068 3293 5133 parabatur.
3323 5067 3487 5135 Atqui

1877 5148 2007 5202 illm]
2039 5153 2322 5219 oportebat
2355 5153 2573 5221 mirari,
2615 5156 2886 5224 quomodo
2915 5166 2966 5210 ct
2998 5155 3486 5211 illi-credidissent.

1875 5241 2104 5307 Quando
2137 5242 2297 5313 igitur
2341 5245 2658 5311 audierunt,
2715 5248 2857 5317 quod
2906 5248 3304 5310 credidissent,
3358 5249 3492 5302 nihil

1877 5336 2017 5404 passi
2067 5345 2225 5401 sunt;
2271 5337 2365 5391 sed
2415 5353 2535 5392 cum
2587 5340 2726 5393 Deus
2772 5341 2996 5410 largitus
3044 5349 3130 5395 est
3179 5339 3488 5410 Spiritum,

1874 5427 2090 5497 quando
2122 5427 2314 5485 Petrus
2359 5431 2665 5500 exponebat
2699 5432 2960 5488 visionem
3013 5449 3204 5497 suam,
3248 5434 3437 5488 dicens
3474 5451 3486 5488 :

1875 5520 2018 5576 Deus
2041 5523 2278 5576 ostendit
2302 5524 2453 5591 mihi,
2489 5541 2556 5579 ne
2582 5541 2737 5594 quem
2769 5526 3043 5581 hominem
3071 5527 3310 5581 dicerem
3337 5542 3489 5580 com-

1875 5631 2091 5671 munem
2123 5618 2206 5671 vel
2238 5619 2596 5674 immundum.
2645 5621 2733 5676 Sic
2765 5620 2854 5675 ille
2882 5621 2989 5691 jam
3021 5631 3178 5676 antea
3216 5621 3318 5675 hoc
3351 5622 3492 5674 scie-

1875 5710 1984 5765 bat.
2047 5709 2254 5765 ldcireo
2308 5728 2404 5783 pro
2449 5713 2701 5783 gentibus
2759 5728 3069 5769 sermonem
3127 5714 3487 5785 praeparavit.

1875 5804 2168 5860 ostendens
2211 5805 2331 5863 illas
2376 5807 2699 5864 adveniente
2749 5809 2854 5864 fide
2884 5825 2991 5864 non
3039 5809 3272 5880 amplius
3303 5818 3492 5879 gentes

1877 5897 2104 5956 futuras.
2132 5899 2274 5957 Nihil
2300 5901 2494 5957 mirum
2525 5917 2673 5973 ergo,
2703 5903 2747 5960 si
2777 5911 2902 5960 ante
2933 5903 3198 5976 baptisma
3228 5901 3488 5973 Spiritum
