4068 6426
588 402 683 454 187

585 506 930 576 acceperint:
974 508 1156 553 nostro
1181 505 1395 566 quoque
1421 499 1662 557 tempore
1693 483 1794 537 hoc
1828 479 2022 533 factum
2052 481 2155 527 est.

583 599 680 654 llic
709 563 937 650 ostendit
967 591 1179 654 Petrus,
1200 563 1348 654 quod
1378 582 1452 635 illi
1486 593 1589 632 non
1622 576 1760 628 sicut
1787 571 1877 625 alii
1912 563 2162 635 baptizati

584 693 722 751 sint,
767 682 862 739 sed
906 679 1074 736 multo
1115 675 1324 751 melius.
1369 671 1492 727 Ideo
1522 667 1598 722 sic
1627 681 1694 719 ex
1726 656 2015 717 abundanti
2049 667 2164 707 rem

584 748 837 845 disponit,
869 787 937 826 ne
961 768 1087 840 quid
1107 750 1288 821 dicet’e
1317 761 1543 832 pOssint,
1574 755 1669 810 sed
1698 763 1756 808 ut
1783 752 1862 807 sic
1889 748 1989 805 sibi
2013 761 2166 815 partes

587 844 816 922 habeant
846 863 986 918 illos.
1029 857 1095 913 Et
1126 860 1423 928 rogaverunt
1462 850 1609 903 illum
1635 888 1650 913 ,
1701 844 1902 913 inquit,
1956 845 2014 892 ut
2061 851 2170 888 ma-

588 967 744 1011 neret.
792 936 974 1010 Viden"
1021 927 1420 1020 quomodonon
1466 937 1798 994 familiariter
1848 946 1975 1000 erga
2006 927 2169 1020 illum

588 1047 766 1104 affecti
797 1043 1020 1100 essent?
1042 1017 1217 1095 viden’
1247 1043 1502 1106 quantum
1530 1030 1703 1084 zelum
1731 1040 1826 1096 pro
1861 1023 1979 1092 lege
2005 1017 2172 1073 babe-

587 1138 750 1196 rent?
777 1134 1230 1203 Nondignitatem
1263 1127 1406 1183 Petri
1433 1122 1650 1180 reveriti
1683 1126 1848 1184 sunt,
1893 1129 1998 1170 non
2030 1111 2171 1168 edita

593 1234 742 1301 signa
763 1272 778 1294 ,
810 1243 914 1282 non
943 1232 1147 1279 tantum
1175 1219 1304 1276 illud
1325 1230 1480 1288 opus,
1511 1212 1653 1285 quod
1703 1214 2008 1277 susceptum
2031 1209 2176 1259 esset

593 1296 846 1386 verbum;
893 1317 988 1376 sed
1036 1317 1106 1372 ob
1150 1326 1309 1384 parva
1351 1310 1444 1365 illa
1491 1302 1862 1377 disceptabant
1926 1296 1983 1354 Si
2031 1296 2174 1352 enim

593 1418 724 1473 nihil
757 1416 947 1469 horum
978 1411 1203 1474 luisset,
1248 1420 1356 1461 non
1400 1411 1483 1458 sat
1522 1400 1710 1455 fuisset
1746 1391 2066 1466 praestitum.
2109 1389 2178 1442 At

593 1524 699 1564 non
731 1508 802 1561 ita
831 1520 889 1560 se
918 1509 1110 1574 purgat
1135 1500 1324 1555 Petrus
1356 1513 1369 1548 :
1397 1491 1633 1564 prudens
1658 1488 1858 1558 quippe
1886 1490 2038 1547 erat;
2067 1480 2177 1534 imo

595 1616 700 1655 non
732 1613 800 1653 ex
830 1594 1108 1666 prudentia
1154 1590 1356 1660 ipsius,
1399 1585 1493 1641 sed
1522 1599 1588 1638 ex
1615 1581 1819 1651 Spiritu
1847 1575 2010 1631 verba
2043 1587 2170 1643 pro-

606 1687 999 1744 lieisccbantur.
1044 1683 1110 1738 Et
1137 1682 1188 1736 in
1218 1677 1530 1734 defensione
1559 1688 1655 1728 sua
1683 1684 1743 1726 se
1772 1684 1878 1724 non
1907 1673 2179 1720 auctorem

598 1778 865 1844 ostendit,
897 1775 991 1830 sed
1019 1773 1212 1843 ubique
1240 1770 1426 1824 Deum.
1476 1765 1544 1820 Et
1575 1772 1782 1818 tantum
1822 1773 1928 1812 non
1963 1757 2080 1811 illos
2105 1755 2184 1810 sic

597 1870 784 1925 all‘atur
809 1885 824 1926 ;
852 1867 970 1934 Ipse
999 1863 1144 1929 fecit,
1177 1871 1234 1915 ut
1262 1861 1315 1914 in
1345 1870 1571 1912 excessu
1600 1850 1796 1907 mentis
1825 1862 2002 1905 essem
2037 1864 2049 1900 :
2084 1857 2185 1914 ego

600 1961 742 2016 enim
773 1954 1090 2026 simpliciter
1117 1952 1337 2008 orabam
1372 1966 1384 2001 :
1419 1947 1511 2002 ille
1540 1958 1634 1998 vas
1663 1939 1792 1996 illud
1819 1935 2137 1993 monstravit
2167 1949 2182 1986 :

604 2068 702 2122 ego
731 2045 1159 2105 contradicebam
1191 2061 1204 2097 :
1233 2055 1446 2096 rursum
1471 2038 1557 2092 ille
1584 2035 1754 2100 dixit,
1787 2045 1962 2101 neque
1987 2029 2064 2084 sic
2085 2040 2186 2096 ego

601 2141 780 2204 audivi
815 2157 827 2192 :
858 2137 1084 2208 Spiritus
1097 2134 1252 2206 jussit
1277 2131 1416 2185 abire
1443 2146 1462 2183 :
1493 2137 1547 2183 et
1576 2127 1762 2181 abiens
1788 2137 1895 2178 non
1926 2133 2187 2174 accurre-

603 2235 724 2290 bam
754 2252 766 2286 :
799 2231 907 2287 dixi
935 2228 1080 2301 quod
1109 2229 1250 2283 Deus
1292 2224 1538 2286 miserit;
1589 2229 1643 2276 ct
1673 2228 1858 2288 postea
1899 2229 2072 2285 neque
2112 2211 2192 2268 sic

603 2325 899 2395 baptizavi,
930 2322 1024 2377 sed
1053 2333 1265 2375 rursum
1295 2317 1436 2371 Deus
1459 2324 1629 2370 totum
1652 2311 1849 2366 ell'ecit.
1885 2309 2023 2378 Ergo
2052 2307 2192 2360 Deus

607 2417 728 2471 illos
756 2414 1064 2485 baptizavit,
1096 2426 1201 2466 non
1226 2424 1346 2480 ego.
1376 2407 1485 2462 Nec
1511 2405 1677 2470 dixit,
1712 2403 1841 2458 Post
1870 2402 1984 2454 hate
2011 2396 2190 2453 omnia

610 2521 787 2560 annon
817 2504 1097 2574 Oportebat
1132 2501 1345 2556 demum
1391 2511 1582 2568 aquam
1614 2491 1859 2549 addere?
1899 2489 1996 2546 sed
2039 2486 2193 2559 quasi

609 2596 741 2654 nihil
769 2596 1042 2661 deliceret,
1077 2591 1188 2664 Ego
1216 2591 1326 2661 quis
1348 2605 1509 2654 erat»,
1538 2586 1742 2656 inquit,
1770 2584 1855 2654 qui
1878 2579 2194 2652 pro/uberem

610 2687 817 2743 Deum?
856 2687 1042 2755 Papae,
1089 2685 1262 2753 qualis
1288 2681 1566 2737 defensio!
1618 2677 1802 2747 Neque
1832 2675 1976 2731 enim
2008 2673 2147 2727 dixit
2179 2688 2192 2724 :

614 2781 738 2836 ll.cc
765 2794 893 2848 ergo
922 2792 1046 2832 cum
1072 2775 1254 2830 sciatis
1274 2816 1289 2842 ,
1321 2773 1618 2844 quiescite;
1653 2769 1748 2825 sed
1775 2767 1948 2839 quid?
1983 2765 2200 2833 Excipit

612 2874 822 2928 illorum
872 2873 1148 2940 impetum,
1201 2879 1256 2924 et
1295 2868 1400 2921 illis
1429 2863 1802 2920 accusantibus
1858 2876 1919 2916 se
1961 2868 2193 2930 purgat:

615 2965 741 3031 Quis
767 2981 906 3019 eram
943 2964 1028 3033 qui
1055 2977 1252 3029 possem
1279 2958 1544 3029 prohibere
1581 2955 1746 3010 Deum
1775 2956 1799 3010 ?
1829 2953 1983 3008 dixit.
2017 2951 2198 3007 Vehe-

613 3065 819 3111 menter
846 3065 900 3111 et
928 3055 1161 3126 graviter
1187 3067 1245 3108 se
1274 3049 1514 3106 defendit
1544 3065 1557 3101 :
1590 3046 1705 3102 Non
1736 3055 1978 3115 poteram
2013 3041 2198 3113 prohi-

567 3185 576 3196 .
615 3147 761 3202 bere.
794 3145 946 3202 Unde
975 3143 1187 3199 tandem
1217 3140 1459 3198 deterriti
1484 3129 1836 3209 quieverunt,
1859 3143 1916 3190 ct
1938 3134 2206 3206 glorifica-

619 3247 812 3292 verunt
841 3239 1031 3292 Deum.

689 3332 744 3384 5.
775 3330 862 3384 Sic
886 3338 940 3383 et
968 3343 1064 3384 nos
1088 3333 1298 3397 oportet
1322 3325 1372 3378 in
1403 3322 1768 3393 proximorum
1803 3318 1960 3374 bonis
1989 3314 2195 3386 gloriﬁ-

620 3439 744 3478 c.ire
775 3422 963 3484 Deum,
995 3434 1099 3475 non
1134 3426 1314 3473 autent
1345 3416 1603 3470 insultare
1631 3413 1759 3479 illis,
1792 3412 1932 3466 sicut
1962 3409 2112 3464 multi
2139 3423 2206 3462 ex

621 3531 810 3571 recens
839 3512 1158 3568 illuminatis
1195 3510 1488 3574 insultant,
1519 3505 1733 3577 quando
1765 3504 1949 3558 vident
1984 3503 2121 3557 alios
2145 3499 2207 3554 il-

626 3607 909 3671 luminari,
943 3614 997 3660 et
1041 3604 1220 3658 statim
1266 3599 1586 3669 demigrare.
1633 3595 1949 3652 Glorilicare
1997 3599 2211 3662 Oportet

627 3700 792 3753 Deum
821 3696 903 3751 vel
930 3694 1070 3765 quod
1101 3705 1321 3747 manere
1361 3705 1468 3743 non
1496 3686 1777 3743 concedat.
1822 3684 2007 3754 Itaque
2046 3692 2132 3748 tu,
2161 3682 2210 3735 si

632 3788 767 3843 velis
789 3829 803 3850 ,
836 3788 1007 3856 majus
1030 3781 1287 3854 accepisti
1315 3780 1545 3843 denum;
1570 3791 1675 3832 non
1706 3773 1850 3857 quod
1878 3773 2209 3827 illuminatus

629 3881 742 3949 εἰς(
766 3880 864 3933 hoc
887 3878 1030 3933 enim
1056 3878 1170 3945 ipse
1195 3885 1364 3930 tecum
1387 3884 1673 3928 commune
1699 3866 1919 3939 habet);
1950 3865 2044 3922 sed
2067 3864 2209 3936 quod

631 3970 698 4025 ad
744 3969 999 4039 prmclare
1034 3966 1295 4037 agendum
1339 3974 1548 4034 tempus
1572 3960 1864 4031 acceperis.
1902 3959 1993 4012 llle
2019 3956 2210 4010 stolam

635 4061 825 4124 induit,
859 4073 956 4113 nec
994 4057 1313 4128 permissum
1339 4054 1386 4109 ei
1414 4053 1546 4118 fuit,
1577 4063 1632 4105 ut
1661 4051 1750 4104 illa
1779 4064 1836 4103 se
1863 4045 2212 4118 spectabilem

633 4152 887 4210 redderet
919 4169 931 4204 :
959 4150 1052 4205 tibi
1089 4149 1311 4204 multam
1341 4145 1490 4201 dedit
1522 4144 1662 4198 Deus
1689 4141 1998 4196 facultatem
2032 4137 2212 4190 utendi

635 4246 800 4299 armis
830 4251 888 4296 ut
915 4249 1159 4311 oportet,
1183 4248 1236 4293 et
1267 4238 1390 4291 hinc
1432 4235 1518 4290 illa
1551 4231 1806 4302 experiri.
1852 4231 1944 4286 Ille
1985 4237 2212 4299 migrat,

640 4335 759 4390 lidei
789 4343 992 4387 tantum
1016 4330 1317 4385 mercedem
1347 4327 1552 4382 habens
1582 4343 1594 4378 :
1628 4334 1680 4378 tu
1707 4335 1819 4379 stas
1844 4323 1895 4376 in
1923 4321 2119 4386 stadio,
2162 4328 2216 4374 et

639 4427 832 4480 inultas
861 4437 1083 4493 operum
1113 4418 1388 4479 mercedes
1413 4419 1656 4485 accipere
1682 4423 1856 4484 potes,
1885 4423 2043 4482 atque
2067 4418 2216 4465 tanto

644 4517 736 4570 illo
768 4512 1097 4583 splendidior
1122 4523 1381 4581 apparere
1402 4550 1416 4574 ,
1440 4515 1638 4578 quanto
1669 4505 1747 4560 sol
1776 4503 1994 4558 minima
2024 4499 2178 4555 stella
2201 4541 2216 4564 ,

639 4615 838 4677 quanto
865 4605 970 4660 dux
1005 4603 1191 4658 ultimo
1217 4601 1403 4666 milite,
1445 4599 1551 4652 imo
1577 4604 1778 4666 quanto
1806 4610 1920 4649 rex.
1954 4593 2115 4664 Igitur
2144 4602 2223 4646 te-

641 4700 812 4766 ipsum
861 4678 1344 4758 criminarefimo
1391 4705 1458 4745 ne
1507 4687 1843 4753 crimineris,
1887 4684 1982 4739 sed
2012 4682 2222 4753 corrige

641 4805 852 4860 semper
879 4807 891 4841 :
921 4803 1026 4842 non
1052 4787 1206 4841 enim
1225 4783 1423 4839 sufficit
1444 4780 1713 4837 criminari
1735 4819 1749 4843 ,
1778 4778 1901 4832 licet
1921 4776 2217 4831 decertare.

645 4883 889 4950 Dejeclus
918 4882 1014 4935 es?
1040 4879 1218 4950 gravia
1248 4893 1436 4948 passus
1463 4875 1559 4931 es?
1582 4874 1845 4942 Resurge,
1873 4871 2104 4941 teipsum
2129 4883 2219 4925 re-

644 4988 765 5027 crea
796 4991 808 5026 :
839 4983 947 5026 stas
976 4971 1152 5024 adhuc
1198 4970 1250 5022 in
1299 4968 1470 5021 stadio
1491 5007 1504 5028 .
1549 4965 1723 5019 adhuc
1754 4963 2019 5018 theatrum
2049 4959 2220 5016 adest.

645 5067 758 5120 Non
789 5065 958 5130 vides,
989 5073 1116 5133 quot
1147 5062 1198 5117 in
1229 5075 1400 5131 pugna
1429 5057 1717 5129 prostrati,
1747 5070 1958 5110 rursum
1982 5055 2225 5110 decerta-

643 5160 800 5212 runt‘?
841 5160 1066 5212 Tantum
1115 5173 1183 5213 ne
1228 5167 1419 5227 sponte
1465 5153 1804 5208 succumbas.
1846 5152 2068 5206 Beatum
2096 5151 2227 5206 dicis

643 5267 764 5304 eum
819 5252 904 5320 qui
958 5249 1239 5304 defunctus
1292 5247 1417 5304 est?
1479 5246 1733 5316 Teipsum
1792 5245 1959 5314 magis
2013 5244 2224 5299 beatum

647 5341 830 5396 dicito.
864 5340 1080 5395 Solutus
1102 5349 1184 5394 est
1210 5354 1240 5394 a
1269 5338 1498 5408 peccatis
1540 5336 1663 5392 ille?
1690 5335 1794 5392 Sed
1815 5378 1830 5402 ,
1860 5337 1903 5390 si
1935 5335 2088 5401 velis,
2121 5351 2225 5390 non

652 5433 809 5486 nme
837 5441 1055 5502 peccata
1099 5431 1322 5496 ablucs,
1381 5431 1489 5484 imo
1543 5431 1706 5484 etiam
1763 5428 1919 5482 bonis
1975 5425 2228 5497 operibus

652 5526 937 5580 instructus
966 5526 1096 5591 eris,
1134 5523 1274 5595 quod
1318 5523 1405 5578 ille
1432 5539 1534 5579 non
1567 5533 1760 5595 potest.
1810 5523 2102 5580 Passumus
2129 5535 2228 5576 nos

651 5632 793 5686 Ipsos
823 5632 1094 5673 revocare.

727 5709 1041 5762 l’mnitmtia:
1082 5710 1357 5779 pharmaca
1403 5725 1587 5780 ntagna
1633 5715 1770 5763 sunt.
1797 5705 2073 5776 —Magna
2103 5713 2228 5758 sunt

649 5801 980 5869 ιιωιιξιριιιιλε
1033 5800 1316 5871 pharmaca
1349 5818 1362 5855 :
1395 5815 1552 5857 nemo
1591 5800 1656 5855 de
1697 5813 1755 5856 se
1800 5799 2067 5870 desineret.
2130 5796 2223 5851 llle

1325 380 1377 433 S.
1420 371 1694 431 JOANNIS
1732 361 2200 424 CIIRYSOSTOMI
2245 353 2559 410 AlllllllEl‘.
2605 342 3140 402 CONSTANTINOP.

3781 334 3874 385 τες

2277 483 2398 521 vere
2430 462 2810 533 deSperatione
2838 460 3029 530 dignus
3052 498 3067 522 ,
3101 456 3187 526 qui
3221 454 3470 522 desperat
3497 493 3511 504 .
3543 449 3633 502 ille
3663 464 3771 501 non
3797 449 3874 499 ul-

2276 569 2354 613 tra
2377 571 2526 625 spem
2569 553 2758 606 salutis
2788 552 2948 604 habet
2975 552 3014 602 ¹.
3065 547 3179 601 Non
3212 556 3316 598 tam
3344 558 3509 613 grave
3540 552 3624 596 est
3656 540 3711 592 in
3747 553 3872 607 pro-

2277 649 2497 705 fundum
2542 646 2807 702 malorum
2836 645 3022 698 venire
3045 683 3062 709 ,
3091 655 3250 712 quam
3279 647 3461 709 postea
3494 635 3606 690 illic
3642 635 3832 703 jacere
3862 649 3872 683 :

2277 757 2380 797 non
2410 740 2629 809 impium
2659 745 2742 792 est
2769 738 2821 790 in
2855 733 3178 805 profundum
3211 732 3470 786 malorum
3499 725 3872 789 descendere.

2278 832 2369 888 sed
2398 832 2467 885 ibi
2500 830 2732 900 positum
2755 837 3128 883 contemnere.
3151 825 3313 890 Num,
3336 836 3552 892 quaeso,
3589 819 3680 873 ubi
3707 819 3881 889 magis

2279 923 2564 978 sollicitum
2615 934 2739 976 esse
2767 925 3064 987 oporteret,
3113 917 3186 970 ibi
3228 910 3579 970 contemnis?
3608 910 3719 966 Tot
3745 924 3882 964 con-

2280 1018 2458 1072 fossus
2481 1014 2792 1070 vulneribus
2815 1052 2832 1078 ,
2863 1010 3143 1067 cecidisti?
3187 1008 3404 1063 Nullum
3451 1007 3650 1060 anima:
3682 1003 3883 1058 vulnus

2282 1109 2579 1166 insanabile
2609 1117 2694 1163 est
2724 1124 2738 1160 :
2769 1104 2864 1160 sed
2916 1105 2970 1158 in
3007 1115 3237 1173 corpore
3277 1098 3443 1154 multa
3472 1107 3600 1152 sunt
3624 1095 3756 1150 talia
3778 1136 3796 1165 ,
3829 1096 3884 1148 in

2281 1204 2456 1257 anima
2487 1200 2715 1255 nullum.
2745 1199 2838 1254 Illa
2866 1206 3044 1252 tamen
3092 1194 3377 1264 diligenter
3401 1205 3596 1247 curare
3627 1203 3736 1245 non
3764 1189 3873 1244 de-

2282 1297 2554 1361 sistimus;
2583 1294 2700 1348 hme
2726 1305 2859 1348 vero
2889 1290 3228 1365 negligimus.
3269 1286 3385 1341 Non
3413 1284 3563 1339 vides
3596 1285 3868 1338 latronem

2285 1389 2455 1452 illum,
2483 1401 2640 1458 quam
2666 1384 2812 1440 brevi
2837 1393 3080 1451 tempore
3103 1381 3360 1452 prmclara
3391 1374 3624 1432 fecerit?
3652 1390 3767 1430 non
3794 1375 3880 1429 vi-

2285 1480 2381 1537 des
2429 1487 2723 1549 martyres,
2752 1475 3026 1547 qunmodo
3081 1472 3230 1528 brevi
3275 1478 3518 1541 tempore
3557 1477 3732 1524 totum
3760 1483 3890 1537 per-

2287 1570 2573 1628 fecerunt?
2603 1569 2674 1623 At
2701 1583 2808 1622 non
2836 1564 2947 1635 iam
2975 1573 3059 1620 est
3086 1562 3326 1632 martyrii
3358 1559 3610 1630 tempus?
3634 1557 3746 1614 Sed
3768 1573 3892 1614 cer-

2287 1663 2551 1718 taminum
2580 1670 2791 1729 tempus
2816 1665 2901 1712 est
2926 1698 2940 1724 ,
2979 1655 3024 1711 si
3053 1655 3280 1709 velimus
3305 1694 3320 1717 ,
3349 1661 3407 1707 ut
3433 1666 3580 1722 saepe
3603 1649 3750 1704 dixi.
3787 1648 3891 1716 Qui

2284 1758 2430 1812 enim
2458 1756 2665 1820 volunt,
2699 1752 2903 1822 inquit,
2933 1751 2985 1803 in
3013 1748 3218 1805 Christo
3245 1746 3370 1801 Jesu
3399 1746 3480 1816 pie
3499 1745 3686 1810 vivere,
3719 1759 3893 1814 perse-

2286 1851 2580 1919 quutionem
2622 1845 2881 1916 patientur
2909 1843 2984 1914 (2.
3017 1841 3150 1894 Tim.
3179 1841 3233 1894 5.
3265 1836 3376 1910 12).
3404 1835 3506 1903 Qui
3539 1837 3627 1906 pie
3667 1836 3893 1899 vivunt,

2297 1955 2513 2010 semper
2543 1935 3016 2007 persequutionem
3056 1933 3364 2003 patiuntur:
3410 1929 3456 1984 si
3487 1944 3594 1984 non
3621 1927 3691 1983 ab
3719 1927 3898 1981 homi-

2292 2033 2470 2097 nibus,
2497 2038 2645 2085 certe
2669 2044 2698 2082 a
2724 2023 3081 2092 daemonibus,
3111 2039 3231 2094 qu:c
3259 2037 3388 2077 sane
3415 2021 3633 2092 gravior
3661 2029 3750 2075 est
3777 2035 3898 2089 pcr-

2293 2123 2557 2193 scquutio.
2590 2123 2654 2176 Et
2693 2121 2868 2191 primo
2891 2134 2955 2173 ex
2985 2117 3189 2172 incuria
3228 2116 3366 2170 hanc
3396 2115 3665 2170 sustinent
3697 2114 3731 2167 ii
3757 2153 3775 2180 ,
3807 2113 3898 2182 qui

2295 2232 2401 2271 non
2431 2215 2670 2285 vigilant.
2703 2214 2786 2267 An
2815 2225 3032 2282 parvam
3063 2217 3218 2279 putas
3249 2208 3735 2278 persequutionem
3765 2219 3892 2258 cum

2298 2308 2500 2362 incuria
2528 2303 2743 2376 vivere?
2770 2301 2880 2357 lloc
2922 2301 3164 2356 omnium
3207 2308 3293 2355 est
3336 2298 3750 2367 gravissimum,
3796 2295 3902 2348 hoc

2298 2398 2708 2468 persequution'e
2738 2394 2909 2464 pejus.
2959 2392 3091 2448 Nam
3119 2393 3263 2446 velut
3311 2390 3486 2445 ﬂuxus
3517 2403 3773 2452 titanans,
3811 2386 3900 2441 in-

2295 2491 2440 2545 curia
2477 2488 2713 2542 animam
2755 2486 2962 2541 emollit
2994 2501 3008 2538 :
3045 2484 3385 2554 idipsumque
3413 2491 3497 2537 est
3547 2481 3905 2551 persequutio

2297 2593 2352 2639 et
2385 2581 2624 2644 incuria,
2656 2577 2800 2650 quod
2844 2587 3004 2633 aestas
3051 2586 3106 2631 et
3159 2575 3352 2630 biems.
3402 2572 3472 2629 Ut
3496 2581 3678 2627 autem
3730 2571 3908 2642 magis

2301 2675 2510 2731 ediscas
2557 2673 2795 2743 peiorem
2841 2685 2964 2726 esse
3017 2669 3156 2723 hanc
3207 2666 3722 2738 persequutionem,
3777 2665 3910 2719 hinc

2303 2764 2573 2836 perpende
2603 2780 2616 2817 :
2645 2777 2889 2818 somnum
2942 2761 2994 2814 in
3041 2760 3276 2814 animam
3337 2757 3607 2820 immittit,
3664 2757 3910 2811 oscitan-

2306 2858 2430 2912 tiam
2462 2865 2516 2910 et
2548 2853 2926 2925 negligentiam
2955 2865 3202 2922 magnam
3243 2849 3402 2912 indit,
3428 2848 3714 2918 passiones
3751 2847 3911 2901 undi-

2303 2963 2406 3018 que
2431 2948 2658 3011 excitat;
2707 2954 2880 3000 armat
2919 2943 3146 3008 fastum,
3195 2951 3371 2997 armat
3400 2939 3739 3010 voluptatem
3764 2981 3780 3005 ,
3815 2955 3910 2994 ar-

2306 3051 2414 3096 mat
2439 3042 2594 3106 iram,
2625 3039 2879 3094 invidiam
2904 3079 2919 3105 ,
2955 3052 3145 3091 vanam
3175 3035 3445 3106 gloriam,
3476 3033 3908 3089 aemulationem.

2307 3137 2377 3190 At
2413 3136 2463 3188 in
2488 3133 2910 3204 persequutione
2953 3130 3088 3185 nihil
3133 3129 3322 3183 horum
3350 3126 3570 3182 turbare
3598 3126 3787 3189 valet;
3817 3140 3914 3180 ve-

2309 3242 2426 3281 rum
2459 3226 2617 3280 timor
2643 3223 2902 3278 invadens
2930 3263 2945 3288 ,
2973 3221 3123 3290 quasi
3150 3218 3382 3290 quodam
3409 3217 3579 3288 ﬂagro
3611 3216 3914 3273 latrantem

2309 3333 2497 3374 canem
2523 3319 2812 3386 impetens,
2847 3314 2945 3370 bos
2970 3327 3160 3369 omnes
3179 3310 3346 3366 animi
3371 3317 3550 3365 motus
3575 3323 3646 3364 ne
3671 3308 3916 3364 suboriri

2309 3412 2524 3482 quidem
2555 3411 2704 3465 sinit.
2733 3409 2866 3477 Quis
2908 3409 2959 3461 in
3005 3403 3421 3476 persequutione
3447 3417 3584 3456 vana
3611 3402 3785 3473 gloria
3830 3400 3915 3456 cf-

2313 3507 2437 3562 fert-i
2482 3505 2696 3576 potest?
2726 3504 2844 3573 quis
2894 3501 2948 3556 in
2980 3499 3253 3569 voluptate
3295 3495 3530 3567 degere?
3571 3492 3786 3559 Nemo;
3818 3493 3916 3549 sed

2316 3609 2518 3654 tremor
2562 3596 2760 3651 multus
2792 3603 2844 3649 et
2886 3600 3060 3648 metus
3104 3589 3296 3655 adest,
3331 3588 3421 3657 qui
3462 3599 3715 3657 magnam
3778 3586 3921 3655 parit

2316 3690 2793 3761 tranquillitatem,
2849 3683 3122 3757 placidum
3171 3690 3324 3753 parat
3369 3688 3618 3752 portum,
3675 3678 3921 3733 animam

2326 3784 2467 3854 piam
2487 3781 2681 3837 reddit.
2699 3779 2890 3836 Audivi
2918 3774 3208 3848 aliquando
3230 3783 3408 3845 patres
3430 3779 3651 3827 nostros
3672 3769 3924 3826 dicentes

2317 3875 2412 3944 (id
2446 3873 2586 3944 quod
2626 3888 2693 3927 ne
2721 3879 2906 3925 nostra
2949 3877 3111 3923 astate
3157 3864 3250 3919 flat
3273 3872 3438 3934 opto;
3464 3860 3722 3932 jubemur
3767 3860 3919 3916 enim

2320 3965 2668 4021 tentationem
2699 3976 2803 4016 non
2840 3968 3021 4030 petere
3042 3956 3086 4030 ),
3118 3955 3262 4027 quod
3290 3955 3417 4011 olim
3451 3964 3700 4023 tempore
3731 3967 3924 4022 perse-

2317 4059 2591 4130 quutionis
2624 4057 2806 4112 videre
2847 4064 2961 4110 erat
2993 4054 3137 4108 viros
3181 4065 3311 4106 vere
3337 4048 3698 4104 Christianos.
3729 4045 3926 4101 Nullus

2318 4153 2620 4221 enim.opes
2651 4148 2895 4210 curabat,
2927 4161 3034 4202 non
3062 4157 3309 4204 uxorem,
3339 4154 3447 4196 non
3475 4137 3650 4205 filios,
3683 4153 3796 4194 non
3828 4137 3927 4192 do-

2320 4259 2501 4310 mum,
2554 4257 2659 4296 non
2701 4240 2928 4311 patriam
2960 4256 2973 4292 :
3005 4252 3109 4293 una
3147 4236 3398 4291 omnibus
3435 4247 3563 4288 cura
3605 4240 3729 4286 erat
3771 4246 3928 4286 suam

2321 4349 2538 4391 servare
2556 4335 2809 4387 animam.
2838 4331 2941 4384 Alii
2961 4333 3016 4384 in
3039 4326 3404 4384 monumentis
3430 4334 3487 4381 et
3513 4324 3811 4396 sepulcris,
3836 4325 3928 4379 alii

2323 4430 2377 4482 in
2407 4426 2634 4482 desertis
2667 4423 2924 4479 latebant.
2974 4420 3090 4476 Non
3142 4418 3318 4474 solum
3363 4425 3540 4472 autem
3571 4415 3715 4481 viri,
3744 4415 3846 4470 sed
3879 4424 3932 4470 et

2325 4519 2578 4574 mulieres
2607 4526 2809 4572 tenerae
2830 4529 2893 4568 ac
2918 4513 3164 4568 delicata:
3192 4519 3318 4564 tunc
3343 4506 3785 4569 occultabantur,
3805 4521 3929 4561 cum

2330 4621 2587 4682 perpetua
2622 4610 2760 4664 fame
2789 4607 3180 4663 conﬂictantes.
3228 4603 3414 4674 Cogita
3444 4615 3604 4673 ergo,
3639 4615 3773 4656 num
3806 4615 3928 4656 mu-

2326 4705 2444 4761 lieri
2474 4703 2539 4759 ad
2566 4702 2873 4772 sepulcrum
2919 4699 3109 4754 latenti
3148 4695 3480 4751 etancillam
3522 4694 3788 4748 ferentem
3813 4706 3932 4748 cm-

2292 4862 2298 4868 _
2328 4813 2448 4853 nam
2471 4793 2842 4866 exspectanti,
2877 4805 2941 4846 ac
2980 4805 3047 4845 ne
3073 4795 3359 4858 caperetur
3385 4783 3630 4850 timenti,
3677 4791 3848 4853 atque
3878 4784 3930 4838 in

2327 4889 2574 4958 sepulcro
2597 4886 2748 4957 quasi
2789 4885 2842 4938 in
2882 4881 3103 4936 fornace
3130 4877 3338 4933 sedenti
3363 4919 3377 4940 ,
3409 4871 3627 4945 aliquod
3654 4874 3746 4930 vel
3773 4887 3930 4930 sum-

2328 4989 2516 5052 ptuum
2540 4978 2627 5034 vel
2657 4976 2974 5033 deliciarum
3005 4969 3331 5026 desiderium
3375 4966 3539 5023 fuerit
3565 4983 3581 5033 ;
3615 4981 3746 5020 num
3791 4975 3926 5021 tunc

2333 5069 2594 5140 putaverit
2618 5068 2702 5122 vel
2739 5065 2961 5122 delicias
2986 5063 3072 5118 vel
3111 5061 3368 5115 mundum
3396 5057 3708 5117 exsistere?
3736 5057 3936 5113 Viden‘

2333 5177 2473 5218 nunc
2500 5161 2759 5232 majorem
2798 5171 2919 5212 esse
2949 5153 3419 5225 persequutionem
3441 5191 3456 5217 ,
3485 5149 3614 5205 dum
3651 5149 3824 5204 animi
3853 5149 3935 5204 af.

2334 5255 2500 5311 fectus
2517 5253 2672 5325 quasi
2702 5252 2827 5307 ferte
2846 5265 2945 5306 nos
2973 5246 3267 5303 invadunt?
3291 5245 3444 5302 Nunc
3467 5251 3614 5299 certe
3638 5241 3822 5313 gravis
3850 5254 3938 5297 εει

2336 5345 2680 5418 persequutio
2706 5384 2721 5407 ,
2751 5341 2879 5397 dum
2909 5348 3125 5410 putatur
3153 5337 3358 5393 nullam
3389 5351 3510 5392 esse
3544 5334 3935 5406 persequutio-

2337 5454 2482 5494 nem.
2513 5441 2582 5492 At
2607 5437 2750 5492 enim
2791 5432 2930 5488 istud
2964 5433 3160 5487 bellum
3188 5431 3292 5487 hoc
3322 5429 3699 5501 gravissimum
3725 5428 3896 5484 habet
3920 5471 3936 5496 ,

2335 5531 2475 5604 quod
2505 5547 2604 5601 pax
2634 5543 2758 5584 esse
2793 5526 3074 5591 credatur;
3109 5527 3181 5579 ita
3208 5531 3266 5578 ut
3291 5535 3441 5577 arma
3472 5536 3577 5576 non
3606 5535 3892 5576 sumamus
3916 5563 3932 5587 ,

2336 5637 2436 5679 nec
2461 5632 2648 5679 contra
2682 5618 2959 5674 inimicum
3006 5617 3349 5680 insurgamus
3380 5630 3393 5669 :
3423 5613 3604 5668 nullus
3633 5610 3933 5681 formidat,

2403 5802 2418 5832 ι
2455 5795 2549 5848 Alii
2573 5794 2777 5855 habent,
2796 5804 2891 5844 non
2925 5787 3058 5841 ultra
3081 5787 3286 5840 salutem
3310 5784 3472 5848 habet,
3494 5795 3649 5848 neque
3669 5795 3797 5845 spes.
