4068 6426
189 394 294 462 £87

186 517 306 572 ἀλλ’
358 519 448 572 ὅτε
485 518 514 571 6
551 517 686 582 Θεὸς
730 517 1023 588 ἐχαρίσατο
1077 516 1137 569 τὸ
1186 513 1429 586 Πνεῦμα,
1484 514 1572 567 ὅτε
1611 515 1640 566 ὁ
1672 511 1880 584 Πέτρος

185 605 418 678 ἐξετίθει
446 604 547 676 τὴν
604 604 801 659 ἐαυτοῦ
835 603 1116 665 ἔκστασιν,
1146 601 1359 671 λέγων·
1411 602 1471 655 '0
1527 601 1662 664 Θεὸς
1712 598 1882 665 ἐδειξέ

188 709 282 763 μοι
321 692 528 764 μηδένα
567 692 746 746 κοινὸν
780 690 810 762 ἢ
865 690 1178 762 ἀκάθαρτον
1210 690 1390 759 λέγειν
1429 687 1740 759 ἄνθρωπον.
1772 685 1878 740 Οῦ·

181 797 297 842 τως
332 779 537 833 ἀνωθεν
570 779 684 849 ᾔδει
721 777 900 831 τοῦτο.
935 778 1026 830 Διὸ
1074 779 1168 830 καὶ
1210 774 1728 848 προκατασκευάζει
1790 777 1883 826 τὸν

182 866 346 936 λόγον
375 867 465 920 τὸν
504 867 646 936 ὑπὲρ
674 865 784 918 τῶν
802 864 991 931 ἐθνῶν,
1019 865 1255 928 δεικνὺς,
1283 865 1364 918 ὅτι
1391 864 1512 918 οὐδὲ
1535 863 1666 933 ἔθνη
1695 859 1882 914 λοιπὸν

179 949 252 1024 ἦν
319 955 418 1024 τῆς
473 953 710 1016 πίστεως
741 965 765 993 ιι
819 953 1299 1024 παραγενομένης.
1356 951 1524 1004 Οὐδὲν
1567 948 1884 1020 θαυμαστὸν

179 1043 386 1108 τοίνυν,
425 1043 474 1095 εί
529 1041 636 1113 πρὸ
691 1040 785 1095 τοῦ
847 1041 1228 1113 βαπτίσματος
1275 1040 1340 1093 τὸ
1387 1039 1616 1110 Πνεῦμα
1647 1038 1881 1092 ἔλαϐον*

180 1137 281 1191 καὶ
342 1138 427 1207 ἐφ’
462 1136 621 1208 ἡμῶν
667 1136 828 1190 τοῦτο
885 1136 1131 1205 γέγονεν.
1194 1133 1461 1188 Ἐνταῦθα
1517 1132 1790 1187 δείκνυσιν
1855 1135 1884 1186 6

179 1226 415 1296 Πέτρος,
443 1226 525 1278 δτι
551 1223 669 1278 οὑδέ
697 1223 773 1287 ὡς
799 1224 847 1277 οί
877 1223 1056 1277 λοιποὶ
1081 1221 1515 1294 ἐϐαπτίσθησαν,
1535 1221 1671 1276 ἀλλά
1703 1220 1884 1292 πολλῴ

180 1314 419 1382 βέλτιον.
455 1310 556 1366 Διά
574 1312 733 1365 τοῦτο
758 1301 829 1365 δὲ’
847 1310 1022 1375 οῦτως
1055 1313 1120 1365 ἐκ
1150 1312 1472 1381 περιουσίας
1493 1312 1879 1380 οἰκονομεῖται,

177 1402 269 1454 ἵνα
315 1400 481 1471 μηδὲν
519 1398 684 1469 ἔχωσι
728 1396 926 1466 λέγειν,
962 1397 1102 1452 ἀλλά
1164 1399 1268 1452 κᾶν
1300 1398 1475 1461 οὕτως
1515 1399 1664 1459 ίσους
1695 1396 1882 1461 αὐτοῖς

175 1486 468 1559 νομίσωσι.
525 1486 635 1541 Καὶ
697 1486 1020 1555 ἠρώτησαν
1074 1487 1282 1551 αὑτὸν,
1330 1487 1520 1556 φησὶν,
1559 1484 1876 1554 ἐπιμεῖναι.

187 1576 380 1647 Ὁρᾷς,
428 1575 545 1640 πῶς
599 1576 700 1628 οὑκ
733 1575 951 1638 οἰκείως
984 1574 1122 1646 πρὸς
1180 1574 1346 1627 αὑτὸν
1398 1573 1699 1638 διέκειντο;
1738 1567 1880 1635 εἶδες

172 1665 274 1718 τὸν
326 1663 507 1735 ζῆλον,
563 1658 675 1717 οἷον
706 1657 852 1734 εἶχον
898 1662 1038 1734 ὺπέρ
1085 1661 1180 1715 τοῦ
1212 1661 1410 1733 νόμου;
1446 1661 1521 1715 O6
1560 1660 1620 1715 τὸ
1660 1659 1878 1731 ἀξίωμα

178 1753 392 1822 Πέτρου
418 1750 748 1822 ᾐδέσθησαν,
776 1752 838 1805 οὐ
882 1751 952 1804 τά
995 1750 1267 1821 γενόμενα
1304 1752 1528 1820 σημεῖα,
1564 1749 1707 1802 οὐτὸ
1745 1765 1877 1802 κατ-

173 1840 429 1909 όρθωμα,
468 1840 592 1892 ὅσον
642 1834 711 1909 ἦν
763 1839 823 1892 τὸ
869 1839 1127 1903 δέξασθαι
1181 1839 1272 1892 τὸν
1324 1837 1515 1906 λόγον’
1566 1837 1682 1890 ἀλλ’
1738 1838 1877 1904 ὑπὲρ

169 1929 287 1982 τῶν
324 1923 536 1999 μικρῶν
564 1929 790 1982 ἐκείνων
814 1928 1162 2000 διεκρίνοντο.
1229 1928 1292 1980 El
1331 1927 1442 1998 γὰρ
1474 1927 1642 1998 μηδὲν
1668 1925 1875 1979 τούτων

170 2014 244 2089 ἦν
278 2019 330 2083 δ,
364 2019 462 2070 οὐκ
512 2019 675 2089 ῆρκει
727 2017 788 2072 τὸ
823 2017 1177 2089 κατόρθωμα.
1221 2017 1361 2070 Ἀλλ’
1396 2016 1497 2070 οὐκ
1522 2016 1874 2085 ἀπολογεῖται

171 2105 325 2160 οὕτω
381 2105 623 2177 Πέτροςο
690 2106 908 2170 συνετὸς
961 2106 1072 2179 γάρ
1123 2101 1192 2178 ἦν
1223 2123 1236 2136 ·
1284 2105 1484 2177 μᾶλλον
1547 2105 1602 2157 δὲ
1653 2105 1715 2157 οὑ
1775 2104 1876 2174 τῆς

172 2194 448 2257 συνέσεως
491 2193 656 2247 αὑτοῦ
706 2189 798 2265 ἦν,
834 2194 972 2248 ἀλλὰ
1017 2193 1112 2247 τοῦ
1163 2194 1481 2266 Πνεῦματος
1517 2194 1586 2247 τὰ
1629 2195 1869 2265 ῥήματα.

170 2281 285 2334 Καὶ
325 2280 564 2334 δείκνυσι
604 2281 691 2335 διὰ
731 2282 832 2352 τῆς
896 2281 1193 2351 ἀπολογίας
1232 2282 1425 2335 ἐαυτὸν
1469 2281 1569 2353 μὲν
1629 2278 1870 2351 οὐδαμοῦ

168 2369 366 2432 αἴτιον,
413 2367 691 2438 πανταχοῦ
750 2368 807 2422 δὲ
855 2369 948 2424 τὸν
1001 2370 1156 2424 Θεόν.
1219 2369 1331 2422 Καὶ
1392 2369 1676 2439 μονονουχὶ
1734 2367 1873 2438 πρὸς

166 2457 373 2520 αὐτοὺς
406 2457 565 2510 τοῦτο
612 2456 790 2526 λέγει·
843 2457 934 2511 Ἐν
965 2458 1222 2512 ἐκστάσει
1281 2474 1348 2528 με
1393 2455 1654 2526 γενέσθαι
1708 2454 1871 2517 αὐτὸς

166 2546 431 2617 ἐποίησεν
457 2563 472 2579 ·
537 2546 650 2615 ἐγὼ
701 2547 812 2618 γάρ
870 2547 1059 2612 ἀπλῶς
1099 2549 1538 2619 προσευχόμενος
1575 2548 1725 2618 ῆμην
1751 2561 1766 2576 ·
1809 2546 1871 2599 τὸ

168 2634 369 2698 σκεῦος
429 2633 592 2699 αὐτὸς
662 2635 900 2700 ἔδειξεν·
966 2635 1077 2705 ἐγὼ
1140 2638 1430 2690 ἀντεῖπον’
1491 2636 1654 2689 πάλιν
1706 2634 1870 2699 αὐτὸς

166 2717 346 2783 εἶπεν,
379 2722 476 2774 καὶ
520 2721 640 2775 οὐδέ
693 2722 867 2785 οῦτως
917 2723 1160 2794 ἤκουσα·
1232 2724 1302 2778 Τὸ
1350 2723 1594 2793 Πνεῦμα
1617 2722 1866 2777 ἐκέλευ-

163 2825 282 2864 σεν
311 2810 601 2865 ἀπελθεῖν
627 2828 640 2840 ·
679 2811 775 2863 καὶ
833 2811 984 2882 ὅμως
1039 2809 1292 2864 ἀπελθὼν
1322 2812 1422 2864 οὐκ
1475 2811 1784 2883 ἐπέδραμον
1815 2823 1863 2851 ο·

164 2896 344 2961 εἷπον,
369 2900 452 2953 ὃτι
482 2900 510 2952 6
548 2899 681 2963 Θεὸς
718 2899 956 2971 έπεμψε,
990 2900 1087 2953 καὶ
1139 2899 1280 2970 μετά
1327 2900 1502 2953 ταῦτα
1539 2901 1662 2953 οὑδέ
1695 2900 1868 2964 οὕτως

162 2988 480 3052 ἐϐάπτισα,
550 2987 687 3041 ἀλλά
739 2987 903 3042 πάλιν
969 2991 996 3042 6
1053 2988 1188 3051 Θεὸς
1248 2987 1308 3040 τὸ
1361 2989 1472 3041 πᾶν
1543 2988 1864 3058 εἰργάσατο.

167 3080 316 3148 ’Ἄρα
345 3077 478 3142 Θεὸς
511 3078 708 3140 αὐτοὺς
757 3078 1074 3143 ἐϐάπτισεν,
1130 3078 1233 3131 οὐκ
1286 3077 1418 3145 ἐγώ.
1457 3077 1567 3130 Καὶ
1593 3078 1693 3130 οὐκ
1721 3074 1862 3130 εἶπεθ

161 3164 387 3219 Τούτων
433 3165 736 3234 γεγονότων
780 3167 1073 3229 ἁπάντων,
1109 3167 1210 3219 οὐκ
1269 3166 1378 3218 ἔδει
1411 3165 1474 3219 τὸ
1512 3163 1658 3234 ὕδωρ
1699 3181 1866 3236 προσ-

159 3254 342 3306 θεῖναι
400 3253 620 3319 λοιπόν;
658 3253 771 3307 ἀλλ’
818 3254 894 3318 ώς
935 3254 1150 3318 οὐδενὸς
1184 3254 1505 3316 λείποντος,
1557 3252 1709 3324 Ἐγὼ
1773 3253 1866 3321 τίς

159 3341 363 3411 ἤμην,
415 3344 582 3412 φησὶ,
638 3341 914 3398 κωλῦσαι
975 3341 1083 3396 τὸν
1139 3342 1338 3408 Hadr;
1412 3341 1626 3409 Βαϐαῖ,
1684 3343 1772 3396 οῖα
1831 3343 1864 3412 ἡ

158 3429 468 3499 ἀπολογίαι
547 3430 608 3483 οὐ
656 3429 767 3499 γάρ
809 3424 931 3482 εἷπε
957 3445 971 3460 ·
1027 3429 1216 3484 Ταῦτα
1265 3425 1360 3484 οὖν
1404 3429 1607 3493 εἰδότες
1646 3431 1865 3502 ἡσυχά-

159 3518 287 3582 ζετε
311 3534 326 3546 ·
373 3517 512 3570 ἀλλὰ
540 3517 592 3570 τί
621 3533 635 3582 ;
697 3517 923 3588 Δέχεται
967 3516 1148 3570 αὐτῶν
1176 3519 1274 3589 τὴν
1306 3517 1484 3589 ὁρμὴν
1503 3559 1518 3584 ,
1569 3519 1663 3571 καὶ
1691 3520 1863 3586 ἐγκα-

159 3605 352 3660 λοῦσιν
402 3607 796 3674 ἀπολογεῖταιο
873 3606 970 3674 Τίς
1037 3605 1203 3675 ἤμην
1262 3605 1524 3674 δυνατὸς
1589 3607 1863 3664 κωλῦσαι

157 3694 272 3748 τὸν
325 3694 514 3758 Θεόν;
567 3693 777 3763 λέγων·
836 3694 1045 3766 σφόδρα
1095 3694 1466 3766 ἐντρεπτικῶς
1509 3693 1603 3749 καὶ
1649 3695 1864 3766 βαρέως

158 3784 514 3856 χρησάμενος
566 3786 634 3854 τῇ
681 3783 988 3855 ἀπολογίᾳ·
1058 3783 1173 3836 υὺκ
1227 3783 1516 3855 ἠδυνάμην
1592 3783 1859 3841 κωλῦσαι.

160 3873 333 3926 Ὅθεν
387 3872 575 3926 λοιπὸν
637 3871 1005 3944 φοϐηθέντες,
1055 3871 1376 3942 ἡσύχασαν,
1440 3873 1535 3925 καὶ⁸
1611 3871 1862 3938 ἐδόξαζον

158 3961 254 4016 τὸν
283 3959 443 4015 Θεόν.

232 4056 303 4119 γ’.
323 4049 481 4104 Οὖτω
496 4049 592 4102 καὶ
613 4050 759 4121 ἡμᾶς
792 4050 897 4121 χρὴ
925 4049 983 4103 ἐν
1007 4052 1119 4114 τοῖς
1148 4050 1256 4103 τῶν
1271 4049 1502 4121 πλησίον
1519 4050 1748 4120 ἀγαθοῖς
1770 4053 1859 4107 δο-

160 4138 353 4205 ξάζειν
376 4137 472 4191 τὸν
499 4136 653 4203 Θεὸν,
690 4137 805 4190 ἀλλ’
832 4138 932 4192 οὐκ
956 4138 1308 4210 ἐπηρεάζειν,
1327 4139 1583 4211 καθάπερ
1601 4140 1648 4193 οί
1673 4140 1860 4220 πολλοὶ

156 4223 271 4277 τῶν
305 4221 688 4292 νεοφωτίστων
715 4223 1143 4295 ἐπηρεάζουσιν,
1180 4226 1311 4278 ὅταν
1342 4225 1536 4289 ἄλλους
1567 4226 1720 4280 ἴδωσι
1752 4245 1861 4296 φω-

154 4312 448 4375 τισθέντας
480 4311 578 4365 καὶ
619 4311 784 4375 εὐθὺς
825 4311 1113 4376 ἀπιόντας.
1161 4313 1419 4378 Δοξάζειν
1453 4315 1535 4368 δεῖ
1574 4314 1665 4369 τὸν
1699 4315 1854 4382 Θεὸν,

155 4400 254 4454 καὶ
272 4401 355 4453 ὅτι
386 4399 568 4469 μένειν
583 4399 646 4451 οὐ
672 4402 967 4471 συγχωρεῖ.
989 4400 1152 4455 Ὥστε
1177 4399 1326 4474 [196]
1349 4401 1443 4455 καὶ
1467 4405 1531 4457 σὺ
1554 4405 1648 4458 ἐὰν
1674 4403 1854 4479 θέλῃς,

159 4487 386 4558 μείζονα
419 4488 614 4552 ἔλαϐες
647 4489 859 4560 δωρεάν
884 4505 898 4519 ·
927 4489 987 4543 οὐ
1026 4490 1168 4545 κατὰ
1203 4491 1263 4545 τὸ
1310 4495 1570 4564 φώτισμα
1619 4494 1762 4563 λέγω
1797 4496 1852 4566 (ἡ

156 4575 271 4648 γὰρ
299 4576 437 4647 αὐτή
468 4577 585 4629 ἐστι
621 4577 878 4630 κάκείνου
918 4579 1010 4631 καὶ
1055 4578 1198 4643 σοῦ),
1236 4580 1374 4634 άλλά
1400 4581 1542 4635 κατὰ
1578 4582 1638 4635 τὸ
1667 4583 1853 4637 λαϐεῖν

157 4664 506 4735 προθεσμίαν
579 4665 1007 4738 εὐδοκιμήσεως.
1079 4669 1321 4733 Ἐκεῖνος
1392 4670 1682 4725 ἐνεδύσατο
1753 4671 1853 4744 τὴν

157 4752 353 4826 στολὴν
381 4755 476 4807 καὶ
497 4754 598 4807 οὐκ
619 4754 795 4825 ἀφέθη
823 4757 1218 4831 ἐμπομπεῦσαι
1249 4759 1307 4810 ἐν
1335 4759 1471 4831 αὐτῇ
1506 4775 1518 4789 ·
1550 4761 1632 4814 σοὶ
1649 4761 1851 4833 πολλὴν

155 4841 359 4894 ἔδωκεν
384 4840 635 4906 ἐξουσίαν
667 4845 696 4896 ὁ
723 4843 856 4908 Θεὸς
893 4846 1206 4916 χρήσασθαι
1234 4849 1346 4910 τοῖς
1376 4848 1563 4911 ὅπλοις
1585 4851 1666 4913 είς
1707 4850 1847 4918 δέον,

156 4929 254 4982 καὶ
277 4928 464 4984 λαϐεῖν
489 4929 671 4984 αὐτῶν
701 4932 951 4986 ἐντεῦθεν
989 4933 1090 5005 τὴν
1121 4938 1340 5008 πεῖραν.
1384 4938 1626 5003 Ἐκεῖνος
1659 4939 1849 4994 ἄπεισι

154 5019 256 5089 τῆς
287 5018 524 5083 πίστεως
557 5020 720 5090 μόνον
744 5021 883 5092 ἔχων
908 5024 1000 5076 τὸν
1027 5024 1222 5094 μισθόν
1257 5041 1271 5055 ’
1319 5027 1383 5080 σὺ
1415 5027 1657 5100 ἕστηκας
1685 5031 1740 5084 ἐν
1768 5028 1849 5100 τῷ

157 5105 358 5176 σταδίῳ
379 5107 490 5161 τῶν
513 5108 691 5180 ἔργων
718 5110 1016 5182 δυνάμενος
1039 5113 1223 5167 λαϐεῖν
1251 5115 1453 5181 πολλὰς
1469 5119 1567 5181 τὰς
1588 5120 1850 5188 ἀμοιϐὰς,

155 5195 252 5249 καὶ
278 5195 534 5250 τοσοῦτον
557 5198 772 5252 ἐκείνου
795 5200 1030 5271 φανῆναι
1052 5201 1454 5276 λαμπρότερος,
1493 5207 1616 5260 ὅσον
1643 5208 1671 5260 6
1694 5208 1848 5278 ἥλιος

152 5283 251 5338 τοῦ
291 5285 625 5355 μικροτάτου
657 5286 910 5360 ἀστέρος,
955 5289 1079 5344 ὅσον
1115 5294 1142 5343 6
1163 5294 1468 5363 στρατηγὸς
1491 5294 1586 5348 τοῦ
1611 5296 1846 5366 ἐσχάτου

157 5372 497 5443 στρατιώτου
521 5414 535 5438 ,
575 5376 776 5445 μᾶλλον
805 5377 860 5430 δέ
893 5379 1016 5432 ὅσον
1053 5380 1082 5431 6
1113 5378 1387 5450 βασιλεύς.
1426 5385 1631 5437 Σαυτὸν
1665 5387 1846 5441 τοίνυν

153 5461 317 5514 αἰτιῶ
339 5479 352 5491 ·
375 5461 579 5532 μᾶλλον
623 5463 678 5516 δὲ
725 5465 801 5535 μὴ
837 5467 1018 5532 αἰτιῶ,
1051 5469 1189 5522 ἀλλά
1219 5471 1434 5542 διόρθου
1477 5472 1600 5526 ἀεί’
1631 5475 1692 5527 οὐ
1735 5466 1845 5548 γάρ

153 5549 318 5617 ἀρκεῖ
353 5548 416 5602 τὸ
464 5551 820 5609 αἰτιάσασθαι
851 5571 864 5585 ·
915 5554 1127 5620 ἔξεστιν
1169 5559 1650 5631 ἀναμαχέσασθαι.
1696 5565 1841 5618 Κατ-

154 5633 429 5706 εϐλήθης;
465 5637 616 5693 δεινά
645 5639 880 5709 gms“;
936 5643 1250 5716 Ἀνάστηθι,
1280 5649 1591 5721 ἀνάκτησαι
1625 5657 1841 5710 σαυτόν·

152 5722 234 5815 ἔτι
267 5724 327 5815 ἐν
359 5724 439 5796 τῷ
470 5727 672 5800 σταδίῳ
705 5729 978 5802 ἕστηκας,
1013 5733 1094 5788 ἔτι
1124 5735 1186 5788 τὸ
1217 5736 1448 5810 θέατρον
1485 5745 1838 5815 συνέστηκεν.

153 5811 266 5883 Οὐχ
299 5813 432 5885 ὁρᾷς
481 5817 637 5872 πόσοι
698 5823 1257 5891 καταπαλαισθέντες,
1294 5828 1522 5903 ὕστερον
1578 5835 1844 5907 ἀνεμαχέ-

171 5955 240 6037 1-.“
248 5955 428 6037 :Idcnl'
475 5960 560 6037 Δξὸ
608 5965 687 6037 XF}
726 5969 984 6037 προδικτργ
1007 5970 1162 6037 λόγον.
1215 5973 1341 6022 Ποῖα
1385 5978 1490 6034 ἔθνη
1535 5981 1718 6037 λοιπὸν,
1753 5985 1839 6032 οὐκ

171 6015 175 6018 .
249 6018 262 6026 -
421 6014 424 6015 ν
766 6014 811 6028 1,
860 6014 866 6016 .
915 6014 950 6016 γε
1010 6014 1058 6018 .,
1102 6014 1162 6018 ---
1217 6014 1341 6022 --ν-νη
1385 6014 1476 6024 υιτι
1537 6014 1699 6028 ι-νσινλι
1753 6014 1835 6032 'JJI.

157 6014 567 6097 ξξιιεθνη.ἧν,λτῇ4
590 6026 811 6097 πίστειρς.
941 6014 1084 6097 Ullus.
1109 6035 1147 6081 εἰ
1173 6038 1262 6097 γὰρ
1293 6041 1354 6095 [ιή
1388 6014 1571 6088 τούτων
1607 6021 1740 6094 οὐδέν
1764 6048 1835 6097 ἦν.

340 6073 368 6092 7.
406 6073 414 6078 υ
519 6073 567 6095 J_
673 6089 680 6098 .
713 6073 809 6100 7747’,
944 6073 1073 6080 ~--...-
1109 6073 1147 6081 τ’
1293 6073 1314 6095 ιι
1331 6073 1354 6093 Ι,
1397 6073 1570 6088 ινυδιυν
1607 6073 1740 6094 υδυςν
1767 6073 1790 6106 η

160 6073 321 6127 ‘l-Jom
349 6083 578 6147 σπελθειν,
607 6105 685 6135 και
710 6107 860 6148 ουτως
884 6094 1114 6149 ἀπελθών,
1138 6097 1222 6144 οὐκ
1244 6100 1461 6159 ἔδραμον.

1298 393 1364 448 1N
1403 391 1585 450 ACTA
1626 391 2170 454 APOSTOLORUM.
2215 393 2452 457 HOMIL.
2499 399 2690 455 XXIV.

3586 406 3689 461 188

1995 533 2192 582 σαντο;
2244 519 2423 573 Μόνον
2474 518 2550 590 μὴ
2606 519 2748 572 ἐκὼν
2794 519 3136 593 καταπέσῃς.
3199 522 3549 594 Μακαρίζεις
3599 525 3693 580 τὸν

1990 604 2336 671 ἀπελθόντας
2391 605 2582 677 Πολλῷ
2635 607 2839 678 μᾶλλον
2878 608 3188 681 μακάρισον
3230 612 3450 665 σαυτόν.
3487 613 3688 685 Ἀφέθη

1992 693 2416 765 ἁμαρτημάτων
2459 697 2704 760 ἐκεῖνοςς
2756 695 2919 762 Ἀλλ’,
2965 695 3062 751 ἐὰν
3094 695 3258 768 θέλῃς
3293 700 3392 765 σὺ,
3431 700 3493 752 οὺ
3530 701 3693 770 μόνον

1988 779 2059 832 τά
2098 781 2480 853 ἁμαρτήματα
2510 782 2774 854 ἀπονίψῃ,
2798 783 2937 838 ἀλλὰ
2969 785 3066 838 καὶ
3093 785 3502 857 κατορθώματα
3522 787 3691 854 ἕξεις,

1989 868 2127 936 ὅπερ
2171 871 2258 922 ἐπ’
2289 870 2500 924 ἐκείνου
2545 871 2608 924 οὐ
2662 871 2912 927 δυνατόν.
2945 871 3199 928 Ἐνεστιν
3239 875 3390 946 ἡμᾶς
3417 875 3690 931 ἀνακαλέ-

1993 956 2192 1011 σασθαι
2234 958 2483 1024 ἑαυτούς.

2059 1045 2292 1114 Μεγάλα
2320 1046 2421 1117 τῆς
2463 1047 2756 1118 μετανοίας
2799 1049 2868 1104 τά
2910 1050 3186 1121 φάρμακα
3212 1071 3224 1083 ·
3262 1053 3456 1125 μηδεὶς
3490 1055 3688 1122 ἀπογι-

1991 1132 2251 1185 νωσκέτω
2276 1135 2495 1189 ἐαυτοῦ.
2541 1134 2784 1200 Ἐκεῖνος
2822 1136 2993 1201 ὄντως
3025 1136 3398 1206 ἀπογνώσεως
3437 1139 3610 1203 ἄξιος,
3660 1143 3689 1194 6

1992 1217 2392 1288 ἀπογινώσκων
2440 1223 2636 1276 ἐαυτοῦ
2664 1225 2912 1287 ’ἐκεῖνος
2962 1225 3064 1279 οὐκ
3117 1225 3198 1278 ἐτι
3259 1227 3535 1299 σωτηρίας
3571 1227 3685 1296 ἔχει

1991 1305 2216 1372 ἐλπίδας
2240 1307 2288 1362 ά.
2316 1309 2391 1363 06
2424 1310 2484 1362 τὸ
2509 1311 2591 1374 είς
2622 1309 2786 1379 βάθος
2818 1310 3006 1365 κακῶν
3030 1312 3206 1367 ἐλθεῖν
3230 1313 3427 1379 δεινὸν,
3451 1314 3589 1368 ἀλλὰ
3623 1317 3686 1369 τὸ

1990 1393 2206 1450 κεῖσθαι
2255 1396 2398 1466 μετὰ
2431 1397 2494 1451 τὸ
2535 1398 2715 1453 ἐλθεῖν
2744 1415 2756 1429 ·
2781 1399 2844 1453 οὐ
2875 1399 2935 1453 τὸ
2968 1401 3048 1465 είς
3078 1400 3243 1470 βάθος
3282 1402 3472 1456 κακῶν
3508 1402 3685 1455 ἐλθεῖν

1989 1482 2206 1546 ἀσεϐὲς,
2259 1483 2398 1538 ἀλλά
2447 1485 2510 1538 τὸ
2559 1488 2980 1559 καταφρονῆσαι
3031 1487 3172 1559 μετά
3209 1489 3270 1543 τὸ
3297 1489 3492 1544 ἐλθεῖν.
3538 1492 3616 1543 Δι’
3656 1491 3684 1544 6

1988 1569 2225 1637 ὀφείλεις
2277 1574 2570 1644 μεριμνᾷν,
2633 1575 2758 1628 είπέ
2818 1592 2948 1646 μοι,
3008 1576 3210 1646 μᾶλλον
3268 1581 3680 1648 καταφρονείς;

1989 1657 2296 1729 Τραύματα
2323 1660 2564 1715 τοσαῦτα
2607 1662 2771 1734 ἔχων,
2817 1664 3118 1730 ἀνέπεσες;
3168 1664 3335 1718 Οὐδέν
3362 1666 3478 1719 ἐστι
3503 1665 3683 1736 ψυχῆς

1986 1745 2208 1800 ἀνίατον
2244 1747 2466 1819 τραῦμα
2495 1765 2508 1777 ·
2540 1750 2658 1802 ἀλλ’
2693 1752 2787 1804 ἐπὶ
2821 1751 2922 1822 μὲν
2950 1749 3204 1823 σώματος
3235 1753 3407 1808 πολλὰ
3434 1755 3682 1819 τοιαῦτα,

1984 1834 2080 1886 ἐπὶ
2111 1833 2168 1887 δέ
2195 1834 2298 1905 τῆς
2331 1836 2510 1907 ψυχῆς
2559 1837 2714 1892 οὐδέν
2743 1854 2756 1868 ·
2781 1839 2875 1891 καὶ
2911 1838 3054 1911 ὑπὲρ
3092 1840 3319 1894 ἐκείνων
3348 1841 3446 1911 μὲν
3482 1842 3544 1895 οὐ
3568 1842 3703 1894 δια-ο

1982 1922 2332 1996 λιμπάνομεν
2386 1928 2714 1998 κάμνοντες,
2769 1928 2912 2000 ὑπὲρ
2958 1929 3016 1984 δὲ
3063 1929 3273 1985 τούτων
3301 1930 3679 2003 ρᾳθυμοῦμεν.

1983 2011 2097 2081 Οὐχ
2123 2013 2259 2082 ὁρᾷς
2289 2012 2381 2066 τὸν
2416 2013 2622 2085 λῃστὴν
2641 2055 2656 2079 ,
2699 2015 2816 2080 πῶς
2850 2017 2908 2068 ἐν
2937 2015 3134 2089 βραχεῖ
3162 2019 3341 2091 χρόνῳ
3385 2019 3685 2090 κατώρθωο

1983 2115 2106 2165 σεν;
2138 2099 2236 2170 οὺχ
2275 2102 2409 2171 ὁρᾷς
2443 2102 2571 2165 τοὺς
2624 2103 2912 2175 μάρτυρας
2936 2144 2951 2166 ,
2995 2105 3115 2170 πῶς
3142 2107 3202 2158 ἐν
3242 2105 3438 2177 βραχεῖ
3473 2107 3535 2160 τὸ
3574 2109 3682 2160 πᾶν

1981 2189 2223 2258 ῆνυσαν;
2270 2189 2412 2242 Ἀλλ’
2438 2189 2539 2244 οὐκ
2579 2190 2730 2244 ἔστιν
2763 2191 2888 2263 ἄρτι
2921 2194 3227 2266 μαρτυρίου
3260 2195 3488 2267 καιρός;
3539 2196 3679 2248 Ἀλλ’

1979 2274 2210 2343 ἀγώνων
2235 2278 2353 2331 ἐστὶ
2380 2279 2575 2349 καιρὸς
2597 2319 2611 2343 ,
2644 2280 2672 2332 6
2710 2280 2976 2345 πολλάκις
3004 2276 3159 2335 εἷπον
3184 2323 3199 2346 ,
3239 2285 3288 2336 εί
3322 2283 3678 2354 βουλοίμεθα.

1982 2365 2047 2416 Οἱ
2077 2363 2186 2432 γὰρ
2211 2364 2516 2432 θέλοντες,
2546 2369 2733 2437 φησὶν,
2769 2368 3036 2435 εὐσεϐῶς
3079 2369 3188 2439 ζῇν
3211 2371 3282 2424 ἐν
3312 2372 3546 2441 Χριστῷ
3567 2373 3681 2441 Ἰηο

1977 2451 2116 2517 σοῦ,
2140 2451 2607 2522 διωχθήσονται.
2637 2457 2698 2508 Οί
2730 2456 2975 2520 εὐσεϐῶς
3011 2457 3218 2522 ζῶντες
3247 2459 3335 2512 ἀεὶ
3364 2459 3678 2528 διώκονται,

1976 2537 2081 2592 κᾶν
2130 2539 2208 2611 μὴ
2258 2541 2411 2611 παρὰ
2454 2542 2763 2614 ἀνθρώπων
2784 2587 2800 2613 ,
2833 2545 2972 2600 ἀλλά
3007 2547 3159 2619 παρὰ
3191 2549 3488 2619 δαιμόνων,
3521 2549 3580 2614 6;
3613 2551 3678 2622 δὴ

1977 2628 2072 2681 καὶ
2098 2628 2488 2702 χαλεπώτερός
2517 2633 2635 2686 ἐστι
2665 2632 2930 2706 διωγμός.
2969 2637 3083 2690 Καὶ
3116 2636 3336 2709 πρῶτον
3377 2640 3469 2693 ὑπ’
3502 2639 3679 2709 αὐτῆς

1978 2716 2217 2786 μάλιστα
2231 2719 2332 2791 τῆς
2349 2719 2593 2784 ἀνέσεως
2613 2721 2806 2776 τοῦτον
2829 2724 3197 2796 ὑπομένουσιν
3222 2729 3269 2780 οί
3292 2727 3368 2798 μὴ
3389 2728 3676 2798 νήφοντες.

1978 2804 2050 2856 ’Ἡ
2081 2805 2280 2875 μικρὸν
2305 2805 2409 2859 οἴει
2425 2806 2669 2878 διωγμὸν
2693 2809 2753 2863 τὸ
2777 2807 2835 2863 ἐ’ν
2857 2811 3042 2864 ἀνέσει
3065 2808 3237 2880 εἷναι;
3263 2812 3435 2867 Τοῦτο
3458 2814 3679 2868 πάντων

1973 2893 2092 2947 ἐστὶ
2131 2894 2476 2968 βαρύτερον,
2529 2899 2688 2953 τοῦτο
2742 2901 2836 2954 καὶ
2883 2901 3132 2972 διωγμοῦ
3168 2905 3375 2974 χεῖρον.
3405 2904 3679 2975 Καθάπερ

1973 2980 2080 3052 γὰρ
2117 2984 2298 3054 ῥεῦμα
2328 2987 2591 3060 ἐπιρρέον
2631 2988 2664 3058 ἠ
2703 2986 2892 3052 ἄνεσις
2927 2992 3121 3058 χαυνοῖ
3148 2992 3249 3060 τὴν
3297 2991 3480 3063 ψυχήν
3524 3010 3537 3025 ’
3585 2995 3678 3046 καὶ

1972 3070 2111 3143 ὅπερ
2144 3073 2263 3125 ἐστὶ
2293 3072 2448 3144 θέρος
2483 3075 2578 3128 καὶ⁵
2614 3075 2849 3147 χειμὼν,
2881 3075 3038 3130 τοῦτο
3067 3077 3312 3149 διωγμὸς
3347 3081 3442 3134 καὶ
3467 3081 3673 3146 ἄνεσις.

1974 3159 2094 3212 Ἵνα
2120 3161 2176 3213 δὲ
2215 3163 2396 3234 μάθῃς
2420 3164 2486 3217 ἐκ
2518 3166 2860 3236 περιουσίας,
2893 3167 2974 3220 ὅτι
3006 3166 3209 3238 χείρων
3237 3162 3396 3233 οὗτος
3435 3173 3464 3222 6
3513 3171 3676 3239 διωγ·

1975 3249 2075 3320 μὸς
2097 3261 2144 3314 θ,
2164 3251 2358 3305 σκόπει
2380 3252 2873 3308 ἐντεῦθεν.”Υπνον
2903 3260 3136 3327 καταχεῖ
3160 3260 3225 3329 τῇ
3251 3258 3421 3330 ψυχῇ,
3451 3260 3675 3330 χάσμην

1971 3339 2177 3410 πολλὴν
2213 3340 2310 3393 καὶ
2342 3341 2618 3412 ρᾳθυμίαν
2647 3345 2901 3413 ἐμποιεῖ,
2937 3343 3008 3396 τά
3047 3344 3196 3417 πάθη
3235 3346 3498 3418 διεγείρει
3539 3349 3674 3402 πάν-

1969 3426 2149 3492 τοθεν,
2193 3427 2404 3494 ὁπλίζει
2442 3430 2633 3498 τῦφον,
2684 3430 2898 3496 ὁπλίζει
2942 3433 3164 3506 ἡδονὴν,
3214 3435 3428 3501 ὁπλίζει
3476 3437 3672 3509 θυμὸν,

1972 3513 2292 3584 βασκανίαν,
2329 3517 2663 3585 κενοδοξίαν,
2694 3517 2878 3590 ζῆλον.
2923 3520 3064 3581 Ἀλλ’
3095 3523 3154 3575 ἐν
3198 3523 3428 3596 διωγμῷ
3463 3526 3673 3580 τούτων

1972 3603 2126 3657 οὐδὲν
2166 3603 2404 3674 ἐνοχλεῖν
2437 3604 2664 3659 δύναται
2691 3623 2704 3639 ·
2731 3607 2849 3661 ἀλλ’
2883 3609 2910 3661 6
2938 3609 3105 3678 φόϐος
3134 3612 3470 3668 ἐπεισελθὼν
3503 3615 3672 3669 καθά-

1969 3708 2078 3762 περ
2103 3693 2210 3746 τινὶ
2237 3692 2462 3765 μάστιγι
2495 3694 2700 3764 σφόδρα
2719 3694 2858 3749 κύνα
2882 3697 3219 3752 ὑλακτοῦντα
3247 3700 3670 3773 πλήξας,ταῦτα

1969 3781 2151 3835 πάντα
2177 3781 2245 3833 τά
2273 3781 2422 3852 πάθη
2453 3781 2574 3836 οὐδὲ
2605 3781 2804 3852 γρῦξαι
2828 3785 2911 3856 ἐᾷ.
2942 3783 3100 3859 [I97]
3124 3789 3217 3853 Τίς
3245 3791 3305 3842 ἐν
3326 3790 3556 3861 διωγμῷ
3573 3810 3668 3846 κε-

1970 3863 2261 3935 νοδοξῆσαι
2301 3865 2526 3920 δύναται
2551 3883 2565 3932 ;
2598 3867 2685 3931 τίς
2707 3869 2766 3922 ἐν
2788 3868 2947 3940 ἡδονῇ
2972 3871 3266 3940 γενέσθαι;
3294 3873 3505 3938 Οὐδείς
3533 3877 3667 3929 ἀλλά

1965 3947 2169 4018 τρόμος
2194 3949 2365 4013 πολὺς
2395 3951 2490 4003 καὶ
2520 3950 2708 4020 φόϐος,
2755 3951 2960 4025 πολλὴν
3004 3955 3106 4025 τὴν
3150 3956 3397 4028 γαλήνην
3430 3959 3658 4028 ἐργαζό-

1971 4050 2155 4104 μενος,
2207 4036 2384 4090 εῦδιον
2437 4038 2530 4092 τὸν
2586 4038 2783 4110 λιμένα
2835 4044 3319 4112 παρασκευάζων,
3356 4045 3455 4117 τὴν
3485 4046 3666 4119 ψυχὴν

1966 4119 2173 4191 εὐλαϐῆ
2219 4123 2411 4178 ποιῶν.
2465 4125 2717 4179 Ἥκουσά
2762 4143 2895 4180 ποτε
2943 4127 3195 4201 πατέρων
3235 4129 3346 4182 τῶν
3377 4132 3664 4204 ἡμετέρων

1963 4207 2235 4276 λεγόντων
2267 4212 2374 4280 (ἐφ’
2405 4212 2574 4283 ἡμῶν.
2615 4213 2726 4284 γάρ
2769 4215 2844 4286 μὴ
2888 4215 3103 4284 γένοιτο
3130 4236 3142 4248 ο
3178 4219 3516 4290 κελευόμεθα
3557 4222 3662 4292 γὰρ

1967 4295 2042 4367 μὴ
2074 4299 2248 4350 αἰτεῖν
2272 4301 2627 4372 πειρασμὸν),
2650 4304 2731 4355 ὁτι
2754 4304 2896 4358 κατά
2922 4305 3012 4358 τὸν
3041 4305 3284 4376 διωγμὸν
3314 4309 3406 4362 τὸν
3433 4309 3660 4363 παλαιὸν

1961 4379 2029 4454 ῆν
2057 4385 2184 4439 ίδεῖν
2205 4387 2376 4450 ὅντως
2406 4389 2772 4462 Χριστιανοὺς
2810 4392 3033 4463 ἄνδρας.
3073 4393 3266 4458 οὐδεὶς
3297 4396 3405 4467 γάρ
3437 4415 3542 4469 χρη
3554 4400 3657 4467 μάο

1959 4491 2070 4528 των
2098 4477 2442 4551 ἐφρόντιζεν,
2471 4478 2649 4543 οὐδεὶς
2683 4481 2968 4549 γυναικὸς,
3008 4482 3185 4546 οὐδεὶς
3233 4485 3457 4549 παίδων,
3487 4489 3656 4553 οὐδεὶς

1959 4564 2160 4630 οἰκίας,
2190 4566 2368 4631 οὐδεὶς
2391 4569 2651 4638 πατρίδος
2677 4585 2690 4599 ·
2734 4569 2837 4640 μία
2867 4572 3036 4624 πᾶσιν
3063 4566 3131 4643 ἦν
3159 4573 3366 4644 σπουδὴ
3391 4615 3404 4638 ,
3433 4575 3532 4646 τὴν
3561 4577 3668 4645 ψυ..

1959 4654 2062 4726 χὴν
2102 4655 2408 4726 περισῶσαι
2438 4657 2669 4710 ἐαυτῶν.
2720 4658 2783 4711 Οί
2811 4658 2912 4729 μὲν
2937 4659 2994 4711 ἐν
3029 4661 3279 4731 μνήμασι
3316 4662 3410 4714 καὶ
3443 4664 3658 4732 τάφοις,

1958 4741 2008 4793 οἱ
2040 4741 2097 4794 δέ
2146 4743 2204 4795 ἐν
2244 4743 2510 4813 ἐρημίαις
2561 4744 2924 4814 ἐκρύπτοντο.
2983 4747 3060 4799 Οὐ
3118 4747 3280 4818 μόνον
3331 4749 3388 4802 δὲ
3443 4750 3658 4821 ἄνδρες,

1956 4829 2094 4882 ἀλλὰ
2125 4828 2142 4868 ί
2179 4832 2272 4883 καὶ
2307 4833 2568 4900 γυναῖκες
2602 4832 2811 4887 ἀπειλαὶ
2859 4834 2954 4887 καὶ
3005 4837 3280 4907 τρυφερά).
3319 4835 3440 4891 τότε
3489 4839 3643 4909 ἐκρύ-

1957 4934 2174 4980 πτοντο,
2210 4917 2454 4988 διηνεκεῖ
2482 4919 2793 4990 μαχόμεναι
2835 4921 3002 4993 λιμῷ.
3039 4922 3324 4994 Ἐννόησον
3344 4920 3458 4992 οὖν,
3500 4927 3657 4991 εἴτις

1955 5006 2332 5074 πολυτελείας,
2387 5011 2441 5062 εῖ
2480 5028 2566 5075 τις
2608 5012 2824 5083 τρυφῆς
2870 5014 3199 5085 ἐπεισῆλθεν
3229 5015 3295 5069 ἄν
3323 5035 3452 5071 ποτε
3491 5019 3656 5082 πόθος

1953 5099 2178 5164 γυναικὶ
2197 5100 2350 5164 παρὰ
2380 5098 2614 5172 λάρνακι
2638 5102 2996 5173 κρυπτομένῃ
3026 5103 3122 5157 καὶ
3151 5105 3528 5179 περιμενούσῃ
3555 5107 3653 5181 τὴν

1954 5184 2339 5258 θεραπαινίδα,
2376 5188 2524 5251 ὅπως
2552 5187 2684 5262 ἔλθῃ
2712 5188 3022 5259 κομίζουσα
3048 5192 3265 5247 δεῖπνον
3283 5234 3296 5258 ,
3331 5197 3424 5248 καὶ
3456 5196 3656 5266 φοϐου-

1956 5273 2115 5346 μένη,
2164 5276 2238 5347 μή
2286 5293 2405 5340 πως
2447 5275 2558 5347 ἀλῷ
2577 5317 2591 5340 ,
2639 5278 2734 5332 καὶ
2762 5277 3018 5351 καθάπερ
3049 5281 3107 5334 ἐν
3137 5282 3356 5355 καμίνῳ
3389 5284 3467 5356 τῷ
3493 5286 3655 5359 τάφῳ

1952 5364 2182 5437 κειμένῃ
2213 5382 2226 5394 ·
2260 5362 2373 5436 ἆρα
2399 5365 2508 5437 γὰρ
2539 5366 2930 5438 ἐνθυμήσεται,
2962 5368 3044 5422 ὅτι
3066 5370 3262 5439 γέγονέ
3294 5390 3425 5426 ποτε
3444 5377 3649 5448 τρυφὴ,

1950 5453 2034 5505 ὅτι
2083 5454 2288 5525 κόσμος
2334 5455 2472 5520 δλως
2517 5457 2700 5526 ἐστίν;
2744 5457 2908 5528 Ὁρᾷς
2957 5459 3041 5512 ὅτι
3082 5459 3178 5513 νῦν
3221 5461 3340 5516 ἐστι
3378 5465 3583 5534 μᾶλλον
3616 5469 3646 5518 6

1950 5542 2211 5613 διωγμὸς,
2265 5544 2520 5617 καθάπερ
2578 5545 2785 5616 θηρίων
2836 5546 2946 5601 τῶν
3011 5548 3202 5602 παθῶν
3247 5553 3650 5625 ἐπιτιθεμένων

1951 5632 2081 5702 ἡμῖν
2123 5632 2430 5700 πάντοθεν;
2486 5632 2599 5687 Νῦν
2638 5636 2789 5688 ἐστιν
2834 5638 2861 5689 ὁ
2910 5636 3148 5707 χαλεπὸς
3175 5639 3438 5711 διωγμὸς,
3469 5643 3646 5716 ταύτῃ

1948 5738 2030 5788 τε,
2061 5722 2155 5775 καὶ
2201 5722 2283 5776 ὃτι
2321 5723 2445 5776 οὐδὲ
2473 5723 2754 5794 νομίζεται
2778 5721 2919 5780 εἶναι
2943 5725 3206 5798 διωγμός.
3247 5731 3356 5784 Καὶ
3402 5733 3510 5804 γὰρ
3550 5739 3646 5790 καὶ

1948 5809 2109 5863 τοῦτο
2132 5809 2246 5881 ἔχει
2277 5812 2337 5864 τὸ
2364 5812 2602 5882 χαλεπὸν
2633 5808 2788 5878 οὗτος
2817 5816 2844 5867 6
2871 5813 3132 5885 πόλεμος,
3169 5817 3228 5880 ὃς
3263 5821 3454 5891 εἰρήνη
3487 5825 3645 5892 νομί-

1949 5897 2128 5966 ζεται,
2168 5902 2258 5955 ἵνα
2293 5903 2368 5973 μὴ
2397 5902 2750 5974 ὁπλιζώμεθα
2788 5904 2907 5956 κατ’
2945 5905 3137 5968 αὑτοῦ,
3171 5908 3307 5978 μηδὲ
3338 5909 3642 5964 διαναστὼ-

2011 5988 2037 6057 ξι
2079 5991 2196 6057 Alii,
2218 5992 2377 6040 οὐκέτι
2407 5994 2649 6054 σωτηρίαν
2675 5995 2790 6057 ἔχει,
2825 5994 2933 6042 οὐδέ
2964 5995 3169 6049 ἐλπίδας-
3195 6056 3204 6057 η
3248 6009 3269 6033 υ
3315 5997 3431 6055 Alii,
3465 6001 3540 6047 ἵνα
3589 6005 3657 6050 δέ·

1947 6053 2057 6109 ὑμῖν
2099 6055 2256 6109 δείξω.
2301 6058 2372 6102 ὅτι
2415 6053 2566 6109 οὕτως
2604 6053 2775 6117 χείρων
2811 6060 2835 6105 ὁ
2881 6059 3103 6120 διωγμος.
3190 6056 3366 6122 ίΗων,
3413 6065 3466 6112 οὐ
3493 6084 3633 6126 μονον

1959 6135 2010 6171 οε
2033 6124 2212 6184 ἆνδοες,
2236 6126 2375 6184 ἀλλὰ,
2400 6126 2584 6178 desunt
2612 6126 2660 6177 in
2687 6143 2784 6180 uno
2815 6132 2922 6179 cod.
