4034 6414
468 359 571 415 I89

467 487 598 544 μεν’
621 469 796 536 οὐδεὶς
829 471 1103 538 δέδοικεν,
1141 472 1319 540 οὐδεὶς
1363 474 1578 544 τρέμει.
1613 460 1676 528 Εἰ
1711 474 1768 528 δι
1796 473 2122 534 ἀπιστεῖτε,

459 562 587 624 τοὺς
608 559 876 632 ’Έλληνας
900 561 1233 633 ἐρωτήσατε,
1259 563 1386 626 τοὺς
1409 561 1724 626 διώκοντας,
1761 562 1890 614 πότε
1921 561 1990 615 τά
2013 559 2124 614 τῶν

460 649 804 720 Χριστιανῶν
825 649 1210 721 ἀκριϐέστερα.
1240 649 1370 704 πότε
1397 648 2002 721 δοκιμώτεροιπάντες;
2027 648 2122 712 Εἰς

458 737 641 807 ὀλίγον
679 736 780 809 μὲν
821 740 1193 808 περιειστήκει
1215 735 1346 791 τότε
1382 735 1443 791 τδ
1483 737 1685 808 πλῆθος
1719 753 1730 766 ’
1763 738 1843 801 εἰς
1867 736 2035 791 πολὺν
2067 737 2126 791 δι

459 826 663 897 ἀρετῆς
689 823 919 878 πλοῦτον
949 821 1038 897 ἦν.
1057 825 1123 878 Τί
1141 824 1485 896 γὰρ,δφελος,
1509 824 1630 879 εἰπέ
1658 843 1770 894 μοι,
1794 824 1963 879 πολὺν
1985 819 2124 879 εἶναι

459 913 672 984 χόρτον,
707 913 880 984 παρὸν
907 911 1083 977 λίθους
1107 899 1252 967 εἳναί
1281 912 1498 984 τιμίους
1521 924 1577 978 ⁸;
1599 913 1713 966 Οὐκ
1747 913 1803 966 ἐν
1824 912 1904 983 τῷ
1928 912 2124 985 πλήθει

459 999 552 1052 τοῦ
579 999 838 1070 ἀριθμοῦ,
873 1000 988 1054 ἀλλ’
1016 1000 1076 1053 ἐν
1103 1003 1171 1073 τῇ
1196 1000 1510 1072 δοκιμότητι
1539 1002 1639 1073 τῆς
1670 1002 1869 1072 ἀρετῆς
1891 1001 1954 1055 τδ
1980 1001 2126 1072 πλῆ-

459 1085 548 1149 θός
572 1087 738 1140 ἐστιν.
773 1087 832 1140 ὐ
863 1088 1049 1153 Ἠλίας
1076 1083 1158 1152 εἷς
1184 1084 1254 1162 ἦν
1278 1105 1292 1121 ο
1321 1089 1480 1144 ἀλλ’ό
1505 1089 1710 1160 κόσμος
1740 1089 1840 1142 οὐκ
1861 1084 1930 1160 ἦν
1957 1088 2123 1144 αὐτοῦ

457 1171 727 1240 ἀντάξιος.
763 1174 876 1229 Καὶ
912 1174 1019 1246 μὴν
1055 1177 1084 1228 ό
1120 1175 1323 1246 κόσμος
1353 1175 1616 1247 μυριάδες
1659 1175 1798 1230 εἰσίν
1820 1191 1835 1207 ⁸
1872 1173 1989 1232 ἀλλ’
2021 1175 2122 1229 οὐκ

456 1261 562 1312 εἰσὶ
583 1261 861 1332 μυριάδες,
878 1262 1005 1316 ὅταν
1021 1262 1155 1334 μηδὲ
1171 1262 1308 1335 πρὸς
1325 1263 1417 1318 τὸν
1437 1263 1536 1317 ἕνα
1564 1261 1848 1328 ὲξισῶνται
1867 1306 1880 1318 .
1914 1263 2120 1331 Κρείσ-

456 1363 586 1403 cur
611 1349 638 1390 δ
663 1347 752 1415 εἷς
773 1348 964 1405 ποιῶν
987 1352 1050 1404 τὸ
1077 1351 1309 1421 θέλημα
1336 1353 1587 1420 Κυρίου,
1623 1352 1663 1421 ἣ
1695 1353 1897 1422 μύριοι
1931 1352 2118 1421 παρὰ·

456 1453 643 1506 νομοι.
662 1435 833 1492 Τοῦτο
852 1440 947 1492 καί
963 1456 1044 1502 τις
1067 1440 1232 1510 σοφὸς
1256 1441 1630 1512 αἰνιττόμενος
1654 1440 1799 1495 οὕτω
1823 1439 1941 1506 πώς
1963 1454 2116 1510 φησι⁹

453 1525 548 1592 Μὴ
581 1523 851 1594 ἐπιθύμει
892 1527 1127 1596 πλῆθος
1173 1528 1400 1583 τέκνων
1442 1529 1784 1598 ἀχρήστων.
1839 1523 1996 1584 Οὗτοι
2027 1529 2120 1582 καὶ

457 1612 803 1684 βλασφημίαν
831 1614 1248 1686 προπρίὸονται
1272 1616 1350 1688 τῷ
1373 1617 1493 1690 Θεῷ
1521 1619 1742 1688 μᾶλλον,
1759 1617 1794 1689 ἢ
1812 1619 1862 1671 εἰ
1885 1616 1961 1688 μὴ
1980 1612 2120 1688 ἦσαν

452 1700 786 1770 Χριστιανοί.
816 1700 881 1754 Τί
912 1719 1003 1772 μοι
1027 1702 1108 1756 δεῖ
1128 1703 1390 1774 πλήθους;
1419 1707 1605 1778 Τροφὴ
1633 1705 1835 1760 πλείων
1861 1705 1939 1777 τῷ
1962 1704 2114 1777 πυρί.

451 1783 621 1841 Τοῦτο
651 1788 743 1841 καὶ
773 1790 838 1842 ἐκ
865 1788 961 1842 τοῦ
991 1788 1244 1860 σώματος
1267 1793 1456 1862 γνοίης
1481 1795 1576 1858 ἂν,
1603 1795 1684 1848 ὅτι
1716 1794 1940 1865 βελτίων
1981 1794 2120 1865 σύμ-

454 1889 650 1944 μετρος
672 1877 846 1947 τροφὴ
874 1873 1021 1948 ’μετά
1053 1879 1262 1948 ὑγιείας
1281 1922 1296 1946 ,
1328 1880 1362 1953 ἢ
1395 1882 1575 1953 τρυφή
1621 1882 1760 1954 μετά
1797 1883 2113 1946 κακώσεως.

450 1959 597 2029 Αὐτη
636 1961 838 2017 πλείων
861 1965 1079 2037 ἐκείνης
1107 1966 1142 2038 ἡ
1169 1969 1342 2038 τροφή
1372 1984 1386 1999 ·
1412 1967 1572 2023 τοῦτο
1595 1969 1792 2040 τροφὴ,
1831 1970 2010 2023 ἐκείνο
2029 1969 2117 2022 νό-

453 2063 565 2111 σος.
599 2048 771 2104 Τοῦτο
819 2053 912 2105 καὶ
960 2054 1020 2106 ἐν
1065 2053 1292 2126 πολέμῳ
1339 2054 1438 2110 ἴδοι
1481 2074 1566 2119 τις
1623 2057 1710 2124 ἂν,
1745 2057 1952 2127 βέλτιον
1978 2053 2117 2111 εἶναι

451 2134 586 2188 δέκα
610 2137 908 2210 ἐμπείρους
945 2142 1040 2194 καὶ
1067 2141 1350 2210 γενναίους
1374 2142 1597 2215 ἀνδρας,
1635 2144 1668 2215 ἢ
1706 2145 1933 2217 μυρίους
1958 2145 2118 2200 ἀπεί-

455 2238 598 2291 ρους.
629 2218 787 2278 Οὗτοι
829 2227 961 2298 πρὸς
980 2228 1058 2299 τῷ
1082 2230 1250 2299 μηδὲν
1282 2230 1620 2301 ἐργάσασθαι
1657 2233 1751 2287 καὶ
1787 2235 1914 2296 τοὺς
1944 2235 2114 2306 ἐργα-

449 2307 707 2380 ζομένους
731 2313 1080 2381 ἐγκόπτουσι.
1100 2315 1279 2380 Τοῦτο,
1290 2317 1384 2371 καὶ
1413 2318 1507 2373 ἐπὶ
1537 2319 1720 2373 πλοίου
1748 2319 1900 2392 εὖροι
1920 2338 2002 2384 τις
2025 2320 2110 2387 ἂν,

451 2394 659 2464 βέλτιον
691 2393 830 2454 εἶναι
858 2400 952 2454 δύο
986 2401 1186 2467 ναύτας
1231 2404 1553 2477 ἐμπείρους,
1596 2406 1631 2479 ἢ
1677 2407 1869 2479 μυρίον
1909 2406 2116 2478 πλῆθος

449 2486 692 2556 ἀπείρων
716 2503 728 2516 ·
755 2481 901 2542 οὗτοι
929 2488 1038 2574 γὰρ
1069 2489 1130 2544 τὸ
1162 2490 1344 2547 πλοῖον
1371 2494 1467 2546 καὶ
1499 2493 1890 2548 καταδύσουσι.

522 2572 584 2626 δ’.
616 2573 804 2629 Ταῦτα
823 2572 987 2643 λέγώ,
1012 2577 1132 2646 οὐχὶ
1165 2578 1304 2649 πρὸς
1335 2579 1395 2633 τὸ
1429 2579 1630 2651 πλῆθος
1669 2581 1824 2654 ὑμῶν
1860 2582 2114 2653 ἀπεχθῶς

447 2656 608 2729 ἔχων,
639 2658 779 2712 ἀλλά
807 2660 1130 2732 βουλόμενος
1157 2665 1368 2729 πάντας
1406 2661 1547 2720 εἶναι
1575 2667 1832 2739 δοκίμους
1853 2709 1868 2733 ,
1909 2670 2002 2722 καὶ
2037 2671 2114 2742 μὴ

446 2744 523 2814 τῷ
553 2743 750 2817 πλήθει
773 2745 1016 2819 θαρρεῖν.
1042 2747 1191 2824 [198]
1215 2751 1402 2824 Πολλῷ
1423 2753 1642 2818 πλείους
1658 2755 1796 2808 εἰσὶν
1815 2755 1866 2808 οἰ
1910 2757 1991 2820 εἰς
2013 2756 2115 2830 τὴν

445 2833 670 2901 γέενναν
695 2835 954 2901 εἰσιόντες
975 2854 990 2868 ο
1012 2838 1148 2892 ἀλλά
1183 2837 1386 2909 μείζων
1415 2843 1587 2913 αὐτῆς
1613 2843 1761 2898 ἐστιν
1783 2846 1817 2915 ή
1845 2843 2110 2914 βασιλεία,

449 2921 553 2974 κᾶν
571 2922 784 2992 ὀλίγους
817 2924 935 2998 εχῃ.
980 2926 1069 2990 Ὠς
1092 2928 1125 2996 ἠ
1158 2928 1341 2998 ἄμμος
1367 2929 1467 3001 τῆς
1497 2930 1772 3002 θαλάσσης
1798 2929 1867 3004 ἦν
1895 2933 1956 2986 τὸ
1976 2933 2112 3004 πλῆο

447 3009 539 3073 θος
561 3008 655 3064 τοῦ
685 3010 839 3076 λαοῦ,
870 3013 986 3066 ἀλλ’
1013 3007 1094 3076 εἷς
1123 3012 1324 3069 ἔσωσεν
1349 3015 1568 3082 αὐτούς.
1585 3012 1680 3080 Εἷς
1707 3014 1774 3092 ἦν
1801 3022 1830 3074 ό
1849 3021 2111 3092 Μωύσῆς,

445 3097 537 3149 καὶ
562 3097 780 3152 πάντων
809 3099 1035 3171 μείζονα
1063 3101 1280 3172 ίσχυσεν
1305 3120 1318 3134 ο
1338 3099 1422 3167 εἷς
1449 3099 1519 3175 ἦν
1543 3107 1573 3158 ό
1612 3103 1838 3176 Ἰησοῦς,
1875 3107 1971 3161 καί
2003 3108 2113 3160 τῶν

445 3183 744 3249 ἑξακοσίων
775 3187 1029 3258 χιλιάδων
1064 3187 1224 3242 πλέον
1247 3183 1509 3262 ⁴ἰγδυνήθη.
1560 3190 1653 3263 Μὴ
1683 3193 1842 3247 τοῦτο
1878 3195 2113 3250 σπουδά‹

446 3272 648 3344 ζωμεν,
679 3275 828 3339 ὅπως
861 3277 1048 3332 πολλοί
1089 3277 1332 3346 γένοιντο
1369 3280 1550 3351 μόνον,
1602 3281 1740 3335 ἀλλά
1762 3281 1868 3355 πρὸ
1893 3284 2109 3352 τούτου,

445 3361 595 3425 ὅπως
632 3359 845 3433 δόκιμοι
877 3380 889 3392 ·
923 3365 1052 3419 ὃταν
1075 3365 1234 3421 τοῦτο
1260 3369 1854 3442 κατασκευασθῇ,“τότε
1872 3374 2108 3428 κάκεῖνο.

446 3448 630 3514 Οὐδεὶς
657 3451 835 3505 οἰκίαν
857 3451 1166 3524 εὐρύχωρον
1193 3455 1409 3526 πρῶτον
1431 3457 1680 3527 βούλεται
1705 3462 1949 3532 ποιῆσαι,
1977 3463 2112 3518 ἀλλά

445 3537 659 3610 πρῶτον
696 3540 922 3612 ἰσχυρὰν
952 3543 1046 3595 καὶ
1073 3538 1318 3614 δόκιμον,
1361 3547 1456 3600 καὶ
1479 3548 1600 3600 τότε
1636 3549 1949 3621 εὐρύχωρον
1975 3569 1988 3583 ·
2019 3553 2110 3606 οὐ·

382 3669 388 3676 .
444 3625 556 3690 δεὶς
587 3626 766 3697 βάλλει
796 3627 1022 3700 θεμέλια
1054 3642 1103 3697 ο,
1131 3633 1219 3686 ίνα
1244 3635 1648 3708 καταγελασθῇ.
1697 3637 1924 3710 Πρῶτον
1955 3639 2114 3695 τοῦτο

447 3713 721 3786 ζητῶμεν,
753 3716 847 3770 καὶ
879 3718 1001 3771 τότε
1029 3720 1225 3774 ἐκεῖνο.
1271 3721 1475 3776 Τούτου
1517 3725 1690 3802 ὄντος,
1738 3724 1964 3782 εὐκολον
2009 3731 2110 3783 κά-

447 3804 594 3855 κεῖνο
626 3802 778 3857 ἔσται
805 3822 818 3834 ·
845 3805 1056 3859 ἐκείνου
1091 3806 1147 3860 δὲ
1177 3809 1277 3861 οὐκ
1303 3808 1486 3875 ὄντος,
1527 3811 1686 3865 τοῦτο
1728 3814 1833 3868 κᾶν
1865 3810 1922 3889 ᾖ,
1955 3817 2111 3872 οὐδὲν

445 3890 658 3960 ὄφελος.
697 3893 907 3950 Ὄντων
947 3893 1048 3972 μέγ
1087 3895 1196 3966 γὰρ
1236 3896 1347 3951 τῶν
1377 3898 1689 3970 δυναμένων
1715 3903 1774 3955 ὲν
1808 3903 2110 3977 Ἐκκλησία

445 3978 677 4050 λάμψαι,
706 3981 913 4050 ταχέως
932 3982 1082 4037 ἔσται
1117 3985 1213 4038 καὶ
1238 3985 1469 4057 πλῆθος
1485 3987 1691 4042 τούτων
1716 3990 1770 4043 δὲ
1797 3991 1898 4046 οὐκ
1917 3991 2106 4059 όντων,

446 4066 505 4119 τὸ
535 4066 736 4134 πλῆθος
766 4068 1018 4124 οὐδέποτε
1046 4070 1201 4125 ἔσται
1231 4072 1475 4144 δόκιμον.
1699 4133 1704 4137 ,

517 4155 726 4219 Πόσους
753 4156 929 4211 οἴεσθε
959 4159 1015 4212 ἐν
1044 4163 1109 4231 τῇ
1141 4160 1292 4215 πόλει
1320 4166 1384 4235 τῇ
1413 4165 1663 4238 ἡμετέρᾳ
1695 4163 1832 4222 εἶναι
1860 4171 1983 4233 τοὺς
2007 4187 2110 4224 σω-

444 4242 734 4315 ζομένουςς
785 4245 1052 4318 Ἐπαχθές
1083 4247 1181 4320 μέν
1208 4252 1376 4316 ἐστιν,
1395 4252 1435 4306 ,ὃ
1465 4254 1643 4324 μέλλω
1671 4255 1852 4324 λέγειν
1876 4273 1890 4288 ο
1921 4259 2031 4330 ἐρῶ
2053 4259 2109 4312 δὲ

443 4332 612 4400 ὅμως.
653 4333 767 4386 Οὐκ
807 4332 956 4389 ἐστιν
997 4337 1056 4389 ἐν
1093 4338 1385 4404 τοσαύταις
1415 4343 1672 4412 μυριάσιν
1703 4345 1898 4399 ἑκατὸν
1927 4347 2109 4418 εὑρεῖν

442 4422 567 4483 τοὺς
605 4417 948 4490 σωζομένους
974 4423 1146 4478 ’ἀλλά
1189 4426 1282 4479 καί
1323 4429 1464 4500 ὑπὲρ
1508 4430 1710 4484 τούτων
1751 4417 2105 4506 ἀμφισϐητῶ.

443 4507 586 4578 ἰιόση
615 4507 741 4580 γὰρ,
773 4509 896 4562 εἰπέ
930 4527 1040 4581 μοι,
1078 4513 1246 4567 κακία
1271 4516 1330 4568 ἐν
1356 4519 1467 4580 τοῖς
1488 4518 1656 4584 νέοις;
1694 4521 1832 4592 πόση
1866 4522 2110 4593 ῥᾳθυμία

443 4595 501 4646 ἐν
533 4597 644 4658 τοίς
683 4599 1090 4668 γεγηρακόσιν;
1131 4601 1320 4667 Οὐδεὶς
1367 4603 1443 4667 ὡς
1485 4605 1590 4676 χρὴ
1635 4609 1951 4678 ἐπιμέλειαν
1993 4611 2108 4681 ἔχει

441 4683 534 4736 τοῦ
560 4682 745 4746 παιδὸς
777 4685 870 4737 τοῦ
900 4687 1091 4761 ἑαυτοῦ
1119 4705 1133 4719 ο
1161 4690 1335 4754 οὐδεὶς
1365 4691 1478 4763 ἔχει
1511 4693 1671 4765 ζῆλον
1701 4698 1836 4768 πρὸς
1864 4700 2106 4769 7:de66-

441 4788 541 4840 την
592 4771 715 4824 ἰδὼν
761 4773 1123 4844 μιμήσασθαι.
1175 4778 1257 4832 Τά
1313 4781 1596 4851 ἀρχέτυπα
1653 4786 2107 4855 ὴφάνισται·διά

441 4858 600 4912 τοῦτο
642 4860 762 4914 οὐδὲ
806 4863 854 4914 οἰ
893 4862 1002 4918 νέοι
1049 4865 1286 4932 γίνονται
1329 4867 1648 4938 θαυμαστοί.
1684 4876 1772 4945 Μή
1809 4893 1900 4944 μοι
1930 4878 2108 4931 ὲκεῖνο

440 4947 587 5014 λέγε,
628 4950 710 5000 ὅτι
737 4949 1168 5022 Πολυοχλοῦμεν.
1193 4953 1365 5008 Τοῦτο
1396 4956 1618 5029 ψυχρῶν
1643 4961 1738 5014 ἀνθ
1749 4962 1949 5032 ρώπων
1966 4967 2103 5019 ἐστί·

443 5037 537 5088 καὶ
569 5037 662 5089 ἐπὶ
697 5037 799 5102 μὲν
834 5038 1136 5109 ἀνθρώπων
1163 5041 1390 5107 εἰκότως
1419 5045 1484 5097 ἃν
1505 5045 1661 5100 τοῦτο
1684 5048 1914 5117 λέγοιτο,
1943 5054 2034 5106 ἐπὶ
2053 5055 2108 5107 δὲ

443 5120 576 5173 Θεοῦ
611 5122 706 5174 τοῦ
735 5124 797 5178 οὐ
827 5125 1084 5195 δεομένου
1117 5128 1291 5197 ήμῶν,
1332 5131 1431 5183 οὐκ
1461 5131 1562 5186 ἔτι.
1601 5136 1722 5188 ’Ὀτι
1766 5137 1820 5190 δέ
1859 5143 1952 5193 καὶ
1992 5143 2109 5196 ἐκεῖ

442 5207 648 5279 ψυχρόν
686 5213 799 5265 ἐστι
831 5213 893 5266 τὸ
930 5215 1102 5284 ῥῆμα,
1144 5216 1393 5273 ἄκουσον.
1449 5220 1508 5274 Ὀ
1545 5222 1772 5289 πολλοὺς
1797 5225 1935 5296 ἔχων
1962 5232 2107 5284 οἰκέ-

442 5312 564 5359 τας,
604 5296 669 5350 ἂν
697 5298 1123 5371 διεφθαρμένους
1154 5303 1350 5369 αὐτοὺς
1385 5307 1502 5381 ἔχῃ,
1536 5309 1634 5362 ὅσα
1661 5313 1906 5367 πείσεται
1929 5317 2104 5372 δειναί

443 5386 552 5438 Καὶ
584 5388 676 5440 ἐπὶ
717 5389 813 5458 μὲν
849 5389 944 5442 τοῦ
992 5391 1198 5462 μηδένα
1237 5394 1452 5464 ἔχοντος
1498 5397 1655 5452 τοῦτο
1691 5401 1840 5454 δοκεῖ
1868 5400 2010 5460 εἶναι
2049 5409 2106 5461 τὸ

438 5473 632 5538 δευιὸν,
665 5475 748 5528 ὃτι
777 5475 875 5545 οὐχ
909 5477 1262 5548 ὐπηρετεῖται
1288 5499 1300 5512 ·
1348 5483 1441 5536 ἐπὶ
1472 5484 1528 5536 δὲ
1558 5486 1650 5539 τοῦ
1681 5493 1804 5553 τοὺς
1838 5498 2104 5564 πονηροὶς

444 5561 676 5630 ἔχοντος,
736 5566 829 5616 καὶ
875 5565 1064 5618 ἑαυτὸν
1114 5569 1523 5638 προσαπόλλυσι
1578 5577 1694 5642 μετ’
1731 5561 1990 5646 ἐκείνων,
2016 5586 2106 5636 καὶ

449 5650 648 5715 μείζων
741 5651 934 5722 ζημία.
970 5653 1075 5706 Τοῦ
1106 5656 1213 5726 γὰρ
1243 5657 1421 5728 ἐαυτῷ
1450 5659 1716 5716 διακονεῖν
1741 5661 1928 5738 πολλῴ
1953 5671 2106 5739 χαλε-

448 5736 686 5809 πώτερον
733 5742 791 5794 τὸ
836 5743 924 5795 κα“·
970 5743 1176 5814 ἑτέροις
1211 5749 1498 5801 πυκτεύειν
1531 5752 1621 5802 καὶ
1649 5753 1881 5823 πόλεμον
1917 5760 2103 5812 ἀναδέ-

512 5903 534 5970 f
563 5901 711 5976 SJViL
741 5909 933 5969 παρὸ-νῆ
971 5914 1122 5967 λίθονε
1151 5915 1326 5973 τιμίους,
1349 5918 1376 5973 ἢ
1404 5934 1488 5978 χρυ

522 5919 534 5970 ξ
563 5919 711 5976 δὲίγιι.
741 5919 885 5969 πειρον
908 5919 933 5968 ἡ
971 5919 1122 5967 λίθους
1151 5919 1326 5973 τιμίους,
1349 5919 1376 5973 ἢ
1404 5919 1579 5976 χρυσὸν
1611 5920 1881 5976 ἀγαγέσῦκν·
1955 5923 1978 5964 1’
2009 5927 2104 5975 Al”

515 5983 561 6021 υ,
584 5983 659 6017 τον
694 5987 772 6018 ενα
818 5976 1057 6035 ἐξιχνυνιαι.
1106 5978 1369 6041 Κριίοσων.

1497 5935 1579 5963 σον
1611 5937 1686 5976 αττ

1440 5987 1458 6010 ι’
1498 5983 1593 6028 ,λιιι
1628 5985 1846 6042 (κυλιον.

1231 362 1292 423 8.
1325 361 1612 420 JOANNIS
1645 360 2135 420 CHRYSOSTOMI
2178 363 2503 425 ARCHIEP.
2543 361 3097 424 CONSTANTINOP.

3805 363 3908 421 190

2229 471 2439 540 χεσθαι.
2465 472 2648 526 Ταῦτα
2669 472 2836 542 λέγω,
2867 473 2954 528 ἵνα
2986 474 3062 546 μή
3089 491 3172 540 τις
3194 475 3294 547 τὴν
3333 475 3666 549 Ἐκκλησίαν
3693 475 3913 548 θαυμά-

2229 554 2298 629 ζῃ
2329 556 2421 611 διά
2448 558 2511 611 τὸ
2544 558 2768 630 πλῆθος,
2797 559 2918 614 ἀλλ’
2953 560 3040 616 ίνα
3070 561 3462 634 σπουδάζωμει
3506 563 3640 618 αὐτὸ
3676 563 3909 633 δόκιμον

2227 644 2601 714 λργάσασθαι·
2629 645 2717 700 ἴνα
2763 646 2995 710 ἔκαστος
3033 649 3129 702 τοῦ
3177 650 3382 706 οἰκείου
3424 654 3628 724 προνοῇ
3685 651 3906 722 μέλους.

2219 734 2342 804 οὐχὶ
2385 733 2494 788 τῶν
2543 735 2734 804 φίλων,
2780 735 2904 789 οὐδέ
2943 737 3054 790 τῶν
3108 739 3404 807 συγγενῶν,
3437 741 3577 811 ὅπερ
3614 741 3707 794 ἀεὶ
3734 739 3903 808 λέγω,

2220 819 2343 874 οὐδὲ
2373 819 2482 874 τῶν
2515 822 2776 890 ⁴γειτόνων
2807 839 2822 854 ·
2854 821 2999 876 ἀλλά
3031 824 3127 876 καί
3155 823 3296 878 ὥστε
3334 826 3462 890 τοὺς
3503 825 3699 891 ξένους
3738 825 3908 896 ἐφέλ-

2222 909 2436 964 κεσθαι.
2469 903 2614 975 Οἷον,
2645 911 2779 982 εὐχὴ
2809 911 3016 981 γίνεται
3037 954 3052 976 ,
3080 915 3290 967 κεῖνται
3325 915 3530 978 πάντες
3559 914 3674 968 νέοι
3698 913 3907 986 ψυχροὶ

2220 997 2316 1049 καὶ
2340 997 2596 1067 γέροντες
2614 1017 2628 1032 ο
2655 999 2984 1071 καθάρματα
3009 999 3212 1070 μᾶλλον
3242 1000 3275 1072 ἢ
3298 1001 3430 1066 νέοι,
3457 1001 3751 1071 γελῶντες,
3773 1004 3906 1057 ἀναο

2219 1083 2589 1154 καγχάξοντες
2608 1124 2624 1148 ,
2659 1087 3034 1160 διαλεγόμενοι
3066 1090 3184 1158 (καὶ
3210 1089 3320 1162 γὰρ
3349 1091 3446 1145 καὶ
3485 1090 3648 1146 τοῦτο
3689 1092 3904 1162 ῆκουσα

2218 1171 2558 1242 γινόμενον),
2588 1173 2684 1227 καί
2713 1173 2976 1245 ἀλλήλους
3018 1175 3365 1242 σκώπτοντες
3408 1177 3502 1231 ἐπὶ
3538 1178 3749 1248 γόνατα
3790 1178 3904 1232 κεί-

2221 1275 2373 1328 μενοι
2400 1276 2416 1292 ο
2457 1260 2522 1312 σὺ
2559 1259 2915 1332 παρέστηκας
2941 1264 2971 1317 ό
2999 1265 3118 1328 νέος
3151 1263 3184 1336 ἢ
3215 1266 3245 1318 ό
3277 1263 3595 1336 πρεσϐύτης
3616 1305 3633 1329 ,
3663 1265 3904 1335 ἐπίπλη-

2219 1344 2328 1412 εον,
2355 1346 2422 1400 ἂν
2441 1345 2575 1416 ῐδῃς,
2601 1347 2898 1416 ἰγκάλεσον
2921 1349 3296 1422 σφοδρότερον,
3311 1351 3412 1405 οὐκ
3430 1352 3787 1424 ἀνεχόμενον,
3810 1353 3902 1407 τὸν

2217 1432 2466 1488 διάκονον
2489 1434 2739 1500 κάλεσον,
2769 1436 3088 1508 ἀπείλησον,
3117 1437 3186 1491 τά
3208 1436 3361 1510 παρὰ
3387 1436 3590 1492 σαυτοῦ
3619 1438 3854 1510 ποίησον
3884 1455 3900 1472 ο

2217 1521 2313 1574 καὶ
2343 1521 2438 1576 ἐὰν
2464 1521 2713 1596 τολμήσῃ
2738 1540 2790 1577 τι
2819 1525 2899 1587 εἰς
2932 1523 2992 1578 σὲ
3022 1524 3386 1596 ἐργάσασθαι,
3415 1525 3636 1591 πάντως
3667 1525 3902 1590 πολλοὺς

2217 1606 2362 1671 ἕξεις
2385 1607 2414 1648 δ
2452 1609 2577 1673 τοὺς
2614 1610 3059 1681 συναιρομένους.
3111 1611 3208 1676 Τίς
3234 1613 3343 1684 γάρ
3366 1612 3541 1678 οὕτως
3573 1613 3899 1682 ἀλόγιστος,

2215 1695 2293 1759 ῶς
2324 1696 2448 1750 ἰδών
2475 1713 2537 1750 σε
2560 1697 2900 1766 ἐγκαλοῦντα
2931 1700 3071 1769 ὑπὲρ
3107 1699 3367 1754 τοιούτων
3407 1701 3700 1762 κάκείνους
3725 1701 3902 1770 ἐγκα-

2216 1785 2530 1858 λουμένους,
2566 1787 2641 1859 μὴ
2663 1787 2762 1858 τῆς
2792 1789 2892 1859 σῆς
2925 1787 3180 1858 γενέσθαι
3222 1790 3482 1861 μερίδοςς
3516 1790 3764 1844 ’Δπελθε
3805 1792 3902 1845 λα-

2213 1873 2326 1928 ϐὼν
2371 1875 2465 1928 τὸν
2512 1873 2706 1944 μισθὸν
2747 1876 2856 1929 ἀπὸ
2899 1876 2999 1946 τῆς
3045 1876 3228 1947 εὐχῆς.
3267 1877 3355 1931 'Ev
3405 1877 3556 1949 οἰκίᾳ
3599 1878 3900 1950 δεσποτικῇ

2213 1960 2438 2025 τούτους
2467 1961 2858 2034 εὐνουστέρους
2888 1963 2998 2016 τῶν
3028 1963 3231 2018 δούλων
3259 1964 3544 2037 κρίνομεν,
3573 1966 3809 2038 ὅσοιπερ
3834 1966 3902 2020 ἂν

2219 2047 2386 2133 μῦηδέν
2424 2047 2741 2123 παρορῶσιν
2769 2049 3026 2113 ἀτάκτως
3069 2049 3325 2122 κείμενον
3373 2049 3588 2118 σκεῦος.
3639 2053 3780 2106 Εἰπέ
3835 2053 3899 2120 δή

2219 2132 2329 2202 μοι,
2343 2132 2410 2187 ἂν
2423 2133 2537 2205 ἴδῃς
2552 2136 2610 2187 ἐν
2619 2133 2768 2208 οἰκίᾳ
2781 2135 2842 2189 τὸ
2856 2135 3125 2208 ἀργύρεον
3141 2135 3330 2202 σκεῦος
3345 2135 3494 2212 [199]
3509 2137 3616 2204 ἔξω
3626 2139 3902 2211 ἐρριμμέ·

2213 2235 2324 2282 νον,
2349 2219 2451 2273 κᾶν
2482 2221 2557 2292 μὴ
2592 2217 2659 2294 ᾗς
2693 2223 3158 2294 ἐπιτεταγμένος,
3193 2219 3284 2297 ἆρ’
3314 2226 3376 2279 οὐ
3405 2225 3552 2298 λήψῃ
3595 2225 3760 2281 τοῦτο
3804 2229 3902 2280 καὶ

2212 2307 2466 2372 εἰσοίσεις
2496 2309 2554 2361 ἐν
2584 2312 2652 2380 τῇ
2680 2309 2869 2381 οἰκίᾳ;
2905 2311 2974 2365 ἂν
3009 2311 3225 2383 ἰμάτιον
3269 2314 3462 2378 ἁπλῶς
3515 2315 3861 2386 ἐρριμμένον
3881 2355 3901 2380 ,

2213 2393 2315 2450 κᾶν
2347 2395 2422 2467 μὴ
2458 2395 2588 2467 ἔχῃς
2615 2397 2714 2468 τὴν
2747 2398 3035 2468 φροντίδα,
3069 2399 3174 2454 κάν
3208 2399 3404 2473 ἐχθρὸς
3431 2396 3503 2475 ᾖς
3527 2401 3624 2455 τοῦ
3656 2418 3903 2472 προστε-

2211 2484 2435 2554 ταχότος
2462 2495 2509 2551 ο,
2542 2484 2631 2538 διὰ
2653 2485 2754 2556 τὴν
2779 2488 2861 2550 εἰς
2883 2486 2976 2540 τὸν
3002 2487 3269 2559 δεσπότην
3307 2488 3521 2544 εὔνοιαν
3542 2529 3558 2555 ,
3605 2489 3670 2544 οὐ
3707 2489 3904 2562 θήσεις

2212 2568 2372 2622 τοῦτο
2396 2570 2610 2639 καλῶς;
2637 2569 2797 2624 Οὕτω
2819 2572 2912 2626 καὶ
2939 2572 3052 2626 νῦν.
3080 2573 3258 2646 Σκεύη
3284 2574 3457 2630 ταῦτα
3477 2576 3630 2629 ἐστιν
3647 2591 3662 2604 ·
3684 2575 3757 2630 ἂν
3781 2575 3904 2648 ἴδῃς

2213 2655 2466 2720 ἀτάκτως
2496 2658 2758 2730 κείμενα,
2810 2659 3259 2732 μεταῤῥύθμισον
3286 2677 3300 2692 ·
3336 2663 3458 2733 ἐμοὶ
3487 2659 3763 2734 πρόσελθε
3788 2701 3806 2725 ,
3837 2663 3901 2716 οὐ

2211 2744 2584 2817 παραιτοῦμαι
2611 2762 2624 2777 ο
2652 2746 2945 2817 ἐμοὶείπὲ,
2967 2747 3128 2817 δῆλον
3152 2748 3498 2818 κατάστησον
3521 2765 3535 2778 ⁸
3560 2751 3623 2803 οὐ
3655 2749 3901 2822 δύναμαι

2211 2833 2389 2888 πάντα
2418 2833 2584 2904 όρᾷν,
2621 2833 2926 2902 σύγγνωτε.
2978 2835 3206 2906 Ὁρᾶτε,
3247 2837 3346 2908 ὅση
3381 2837 3554 2891 κακία
3587 2837 3691 2908 τὴν
3716 2840 3904 2893 οἰκου-

2214 2921 2382 2992 μένην
2414 2920 2656 2992 κατέχει.
2711 2923 2863 2993 Μήτι
2890 2923 3080 2986 ἀπλῶς
3103 2923 3318 2994 ελεγον,
3366 2925 3447 2979 ὅτι
3483 2924 3698 2995 πλῆθός
3725 2928 3902 2998 ἐσμεν

2211 3007 2431 3079 χόρτου,
2464 3008 2706 3077 πέλαγος
2729 3009 3003 3076 ἀτακτον;
3035 3012 3107 3066 Οὐ
3134 3011 3300 3082 λέγω,
3337 3012 3420 3066 ὅτι
3445 3013 3648 3068 ἐκεῖνοι
3665 3013 3902 3068 τοιαῦτα

2211 3093 2479 3162 ποιοῦσιν,
2505 3095 2622 3149 ἀλλ’
2659 3096 2741 3150 ὅτι
2775 3097 3030 3163 τοσοῦτος
3065 3098 3232 3163 ῦπνος
3272 3102 3592 3170 καταχεῖται
3626 3101 3742 3154 τῶν
3781 3103 3902 3155 εἰσ·-

2214 3181 2389 3235 ιόντωε
2421 3221 2436 3242 .
2477 3181 2620 3237 ὥστε
2657 3183 2792 3254 μηδέ
2826 3184 3004 3239 ταῦτα
3041 3185 3307 3258 διορθοῦν.
3338 3186 3508 3242 Πάλιν
3535 3187 3766 3260 ἑτέρους
3787 3189 3903 3259 δρῶ

2208 3267 2624 3341 διαλεγομένους
2674 3272 2954 3337 ἑστῶτας,
3007 3273 3111 3344 τῆς
3161 3273 3332 3344 εὐχῆς
3381 3274 3787 3346 γινομένης-οἰ
3845 3277 3902 3329 ἱέ

2209 3355 2604 3429 ἐπιεικέστεροι
2638 3359 2841 3427 αὐτῶν,
2883 3360 3004 3414 οὐδὲ
3032 3361 3133 3431 τῆς
3165 3360 3334 3431 εὐχῆς
3365 3361 3659 3432 γινομένης
3709 3363 3898 3434 μόνον,

2208 3443 2344 3497 ἀλλά
2399 3445 2494 3498 καί⁵
2554 3446 2906 3515 εὐλογοῦντος
2964 3447 3060 3501 τοῦ
3123 3448 3336 3520 ἰερέως.
3378 3449 3443 3501 Ὢ
3487 3447 3590 3519 τῆς
3642 3450 3899 3523 τόλμηςί

2210 3531 2340 3585 πότε
2367 3531 2522 3586 ἐσται
2548 3534 2830 3604 σωτηρία;
2859 3534 2977 3598 πῶς
3005 3536 3348 3608 δυνησόμεθα
3373 3536 3467 3591 τὸν
3495 3537 3630 3591 Θεὸν
3661 3537 3893 3606 ἐξιλεὼ-

2213 3619 2433 3684 σασθαι;
2465 3622 2558 3686 Εἰς
2577 3622 2796 3677 παιδιὰν
2815 3622 2879 3676 ἂν
2897 3623 3158 3694 ἀπέλθῃς,
3184 3623 3305 3695 ὕψει
3335 3626 3547 3688 πάντας
3576 3625 3899 3698 εὐρύθμους

2210 3701 2564 3773 χορεύοντας,
2593 3705 2688 3757 καὶ
2708 3704 2862 3757 οὐδὲν
2896 3705 3379 3777 παρημελημένον.
3418 3707 3506 3771 Ὠς
3532 3704 3630 3762 οὖν
3655 3709 3716 3761 ἐν
3746 3709 3898 3782 λύρα

2211 3791 2566 3862 παναρμονίῳ
2608 3791 2702 3846 καὶ
2747 3791 3006 3855 ποικίλως
3029 3795 3410 3864 ἐσκευασμένη
3450 3795 3548 3864 μία
3581 3812 3669 3858 τις
3695 3795 3900 3868 εῦηχος

2211 3877 2498 3949 συμφωνία
2547 3878 2890 3932 ἀποτελεῖται
2925 3881 2989 3933 ἐκ
3029 3881 3130 3951 τῆς
3181 3881 3303 3934 καθ’
3347 3883 3579 3936 ἕκαστον
3636 3883 3900 3950 εὐταξίας

2207 3965 2314 4018 τῶν
2346 3957 2720 4036 συγκειμένων
2750 3984 2763 3998 ο
2791 3967 2934 4020 οὕτω
2971 3967 3036 4040 δὴ
3073 3968 3166 4022 καὶ
3189 3968 3422 4024 ἐνταῦθα
3457 3971 3589 4041 μίαν
3623 3971 3684 4036 ἐξ
3718 3973 3899 4028 ἀπάν-

2207 4070 2316 4106 των
2358 4053 2646 4122 σύμφωνον
2697 4055 2964 4124 ἁρμονίαν
3019 4055 3296 4126 προσῆκεν
3335 4056 3740 4113 ἀποτελεῖσθαι.
3786 4060 3900 4115 Μία

2207 4139 2316 4210 γὰρ
2354 4141 2656 4210 γεγόναμεν
2704 4141 3036 4212 Ἐκκλησία,
3093 4143 3220 4213 μιᾶς
3265 4143 3509 4213 κεφαλῆς
3558 4147 3900 4217 συναρμολοο

2209 4225 2451 4298 γούμενα
2487 4227 2621 4297 μέλη
2656 4227 2922 4298 τελοῦμεν
2945 4272 2958 4294 ,
2990 4228 3048 4282 ἓν
3091 4231 3141 4284 οί
3171 4233 3371 4296 πάντες
3401 4232 3752 4303 κατέστημεν
3790 4235 3900 4288 σῶ-

2213 4333 2287 4386 μα
2315 4314 2418 4367 ’ἂν
2447 4315 2692 4388 ἀμεληθῇ
2736 4317 2796 4370 τδ
2839 4323 3037 4388 τυχὸν,
3079 4319 3142 4372 τὸ
3191 4321 3301 4372 πᾶν
3341 4319 3616 4390 ἠμέληται
3664 4322 3764 4375 καὶ
3823 4324 3866 4375 δ·

2211 4401 2495 4474 ἔφθαρται.
2518 4402 2672 4456 Οῦτω
2686 4407 2751 4474 τῇ
2771 4405 2880 4457 τῶν
2900 4404 3112 4458 πολλῶν
3141 4406 3410 4479 εὐταξίᾳή
3433 4407 3528 4461 τοῦ
3553 4408 3673 4472 ἐνὸς
3696 4410 3903 4478 ἀταξία

2208 4491 2547 4561 λυμαίνεται.
2583 4483 2694 4552 Καὶ
2721 4493 2782 4546 τὸ
2814 4492 2877 4561 δή
2907 4493 3176 4563 φοϐερὸν,
3213 4497 3296 4548 ὅτι
3334 4495 3575 4550 ἐνταῦθα
3601 4497 3727 4567 οὐχὶ
3771 4517 3903 4553 παι-

2206 4577 2324 4632 διὰν
2353 4579 2473 4632 οὐδὲ
2499 4579 2717 4650 χορείαν
2751 4580 2885 4650 ἔρχῃ
2917 4580 3214 4649 χορεύσων,
3244 4582 3340 4635 καὶ
3367 4583 3609 4654 ἕστηκας
3632 4584 3897 4653 ἄτακτος.

2207 4667 2322 4719 υύκ
2370 4663 2518 4729 οἶδας
2564 4667 2646 4718 ὅτι
2694 4668 2833 4736 μετὰ
2878 4667 3129 4734 ἀγγέλων
3183 4668 3458 4739 ἐστηκαςς
3497 4671 3615 4741 μετ’
3663 4673 3901 4728 ἐκείνων

2208 4753 2353 4824 ᾄδεις
2378 4792 2392 4817 ,
2433 4755 2550 4824 μετ’
2585 4754 2810 4806 ἐκείνων
2843 4753 3034 4823 ὐμνείς
3055 4793 3070 4817 ,
3102 4755 3196 4808 καὶ
3239 4756 3480 4827 ἕστηκας
3521 4757 3735 4826 γελῶνς
3776 4762 3900 4815 ’Ὁτι

2208 4839 2316 4910 γὰρ
2346 4841 2586 4910 σκηπτὸς
2608 4840 2709 4892 οὐκ
2739 4841 2981 4909 ἀφίεται,
3009 4842 3108 4895 οὐκ
3133 4842 3220 4896 ἐπ’
3258 4845 3502 4910 ἐκείνους
3534 4845 3719 4914 μόνον,
3759 4847 3900 4902 ἀλλά

2209 4931 2300 4983 καί
2323 4931 2406 4998 ἐφ’
2438 4933 2614 5001 ἡμᾶς,
2647 4931 2706 4982 οὐ
2733 4929 3080 5000 θαυμαστόν;
3113 4931 3237 4997 ἀξια
3267 4931 3374 5003 γάρ
3416 4933 3665 5003 σκηπτοῦ
3695 4933 3897 4993 ταῦτα.

2210 5019 2477 5090 Πάρεολτιν
2499 5022 2525 5071 ὁ
2554 5019 2824 5087 βασιλεὺς,
2856 5019 3052 5090 θεωρεῖ
3081 5020 3140 5072 τὸ
3173 5021 3541 5091 στρατόπεδον
3567 5038 3578 5051 ⁸
3605 5023 3670 5075 σὺ
3696 5023 3759 5077 δὲ
3794 5025 3901 5078 ὑπὸ

2206 5109 2325 5169 ταῖς
2355 5107 2576 5158 ἐκεθνων
2618 5106 2803 5175 ὄψεσιν
2834 5107 3070 5177 ἕστηκας
3103 5109 3296 5176 γελῶν,
3331 5110 3362 5180 ἦ
3395 5111 3486 5164 τὸν
3520 5109 3777 5179 γελῶντα
3804 5131 3901 5166 πε-

2210 5190 2440 5259 ριορῶν,
2483 5189 2641 5241 Ἀλλά
2691 5190 2851 5260 μέχρι
2897 5191 3040 5254 τίνος
3089 5193 3464 5264 ἐγκαλοῦμεν;
3522 5195 3687 5266 μέχρι
3749 5198 3900 5261 τίνος

2212 5276 2541 5345 μεμφόμεθα
2564 5293 2577 5340 ;
2603 5277 2678 5329 Οὐ
2706 5279 2813 5348 γὰρ
2838 5278 2911 5342 ὡς
2939 5278 3246 5349 λυμεῶνας,
3282 5283 3341 5334 οὐ
3372 5282 3482 5352 γὰρ
3510 5283 3585 5346 ώς
3615 5283 3861 5352 φθορέας
3884 5329 3896 5350 ,

2175 5416 2178 5419 ,
2207 5366 2266 5415 οὐ
2301 5364 2408 5434 γὰρ
2437 5363 2512 5426 ὡς
2555 5363 2773 5428 ἐξώλεις
2805 5367 2897 5419 καὶ
2936 5368 3366 5437 διειρθαρμένυυς
3407 5372 3533 5433 τοὺς
3571 5372 3860 5438 τοιούτους
3883 5417 3896 5436 ,

2210 5452 2303 5503 καὶ
2335 5452 2545 5520 μυρίων
2575 5453 2844 5522 γέμοντας
2877 5456 3064 5508 κακῶν
3094 5456 3194 5524 τῆς
3241 5457 3568 5527 Ἑκκλησίας
3590 5460 3899 5516 ἀπελαύνε-

2211 5543 2332 5595 σθαι
2377 5542 2519 5603 ἔδει;
2577 5543 2712 5596 Πότε
2759 5537 2904 5598 οὗτοι
2957 5546 3255 5613 φείσονται.
3279 5546 3534 5614 γέλωτος,
3578 5549 3627 5600 οἱ
3669 5551 3727 5600 ἐν
3777 5551 3898 5622 ὥρα

2211 5630 2410 5701 φρίκης
2450 5630 2746 5697 γελῶντες;
2784 5633 2912 5685 πότε
2944 5634 3232 5701 ἀφέξονται
3263 5635 3531 5704 φλυαρίας
3555 5677 3568 5699 ,
3608 5637 3658 5689 οί
3701 5640 3762 5690 ἐν
3822 5643 3897 5709 τῷ

2211 5719 2388 5787 καιρῷ
2417 5721 2513 5786 τῆς
2545 5719 2795 5786 εὐλογίας
2822 5720 3304 5791 διαλεγόμενοι;οὐ
3335 5725 3461 5785 τοὺς
3493 5725 3775 5794 παρόντας
3809 5733 3896 5781 αξ-

2209 5807 2422 5858 6οὗνται
2450 5825 2462 5870 ;
2486 5810 2546 5858 οὐ
2572 5825 2592 5874 ξ
2615 5808 2678 5877 ip
2708 5808 2798 5860 τὸν
2823 5808 2953 5860 Θεὸν
2974 5809 3304 5874 δεδοίκασιν;
3339 5811 3398 5863 οὐ
3432 5810 3538 5881 γὰρ
3569 5814 3732 5883 ἀρκεῖ
3759 5819 3896 5886 ἡμῖν

2270 5909 2296 5948 ἀ
2333 5911 2426 5958 Am
2465 5913 2640 5968 πάντας
2677 5916 2788 5969 ἕξεις

2220 5982 2272 6024 εἰ
2317 5976 2397 6021 Sax
2415 5975 2541 6024 mus.

2878 5928 2898 5954 ε
2930 5913 3018 5970 Ἠς
3054 5913 3136 5962 τοῦ
3183 5916 3561 5978 ἐπιτεταγμένον,
3593 5922 3663 5967 sic
3693 5923 3894 5981 quidam
