4034 6432
171 383 278 442 198

171 493 356 551 nullus
399 491 599 549 tremit.
651 488 707 548 Si
757 495 936 543 autem
987 499 1096 540 non
1139 482 1388 548 creditis,
1435 481 1764 550 interrogate

163 586 399 658 gentiles
427 585 520 656 qui
543 588 941 655 persequuntur
958 619 975 646 ,
1001 575 1343 648 quandonam
1387 588 1478 627 res
1503 571 1768 626 Christia-

165 692 366 731 norum
411 673 715 729 accuratius
763 676 1101 739 gererentur,
1135 663 1476 737 quandonam
1507 660 1771 716 clariores

166 768 470 823 illiessent.
497 765 649 819 Tunc
678 760 962 832 pauciores
987 772 1213 813 numero
1238 765 1410 818 erant,
1440 752 1534 809 scd
1565 766 1770 823 magna:

164 867 328 912 erant
358 857 615 910 virtutum
642 852 862 908 divitim.
893 849 1025 919 Qua:
1054 848 1276 912 utilitas,
1301 859 1506 917 quaeso,
1543 844 1768 898 multum

164 964 292 1004 esse
317 946 542 1012 foenum,
566 942 694 998 dum
717 941 972 1014 possibile
993 953 1076 996 est
1096 938 1304 1010 lapides
1325 937 1591 1008 pretiosos
1614 934 1771 990 ades-

161 1040 269 1096 se?
297 1038 416 1095 Non
446 1037 505 1092 in
529 1034 894 1101 multitudine,
923 1031 1021 1089 sed
1047 1032 1098 1087 in
1131 1027 1344 1086 virtutis
1368 1027 1664 1098 splendore
1689 1037 1772 1084 to-

165 1142 282 1184 tum
306 1129 625 1183 mstintatur.
651 1126 794 1181 Elias
820 1139 959 1179 unus
988 1132 1127 1190 erat,
1150 1121 1246 1177 sed
1272 1119 1505 1176 mundus
1526 1134 1632 1174 non
1655 1126 1773 1174 erat

164 1220 260 1273 illo
286 1218 501 1289 dignus.
529 1216 688 1287 Atqui
713 1214 950 1269 mundus
975 1213 1144 1267 millia
1172 1212 1341 1267 multa
1364 1210 1768 1280 complectitur;

159 1310 262 1365 sed
292 1309 456 1363 millia
484 1324 590 1362 non
633 1314 758 1360 sunt
777 1346 796 1372 ,
822 1303 1039 1376 quando
1072 1318 1256 1383 nequq
1277 1303 1369 1359 uni
1397 1309 1768 1373 cozequantur.

164 1401 356 1456 Melior
405 1417 536 1453 unus
578 1399 773 1468 faciens
817 1392 1129 1453 voluntatem
1178 1395 1418 1462 Domini,
1446 1410 1601 1466 quam
1630 1392 1772 1448 mille

159 1495 328 1564 iniqui
351 1493 541 1564 (Eccli.
568 1494 657 1548 16.
691 1492 769 1565 5).
797 1491 911 1547 Hoc
937 1492 1154 1562 sapiens
1178 1489 1396 1560 quidam
1423 1487 1770 1544 subindicans

161 1585 296 1640 dicit
329 1601 344 1638 :
385 1583 470 1639 Ne
509 1583 760 1639 desideres
805 1582 1182 1636 multitudinea:
1228 1582 1456 1650 ﬁliorum
1507 1579 1771 1634 inutilium

161 1674 334 1743 (Ibid.
377 1693 426 1730 ν.
473 1676 549 1746 1).
583 1674 648 1730 lli
679 1677 849 1745 magis
877 1673 1266 1743 blasphemiam
1296 1673 1351 1727 in
1384 1673 1551 1728 Deum
1584 1671 1770 1726 conci-

161 1781 318 1836 tant,
351 1785 512 1839 quam
545 1769 592 1824 si
612 1768 904 1824 Christiani
937 1782 1043 1821 non
1075 1775 1279 1822 essent.
1307 1765 1447 1833 Quid
1473 1765 1606 1819 mihi
1636 1778 1771 1834 opus

159 1874 248 1917 est
279 1850 664 1917 multitudine?
690 1861 1018 1916 Alitncntnm
1045 1860 1277 1929 amplius
1318 1858 1448 1929 igni.
1479 1857 1591 1912 Hoc
1625 1867 1679 1913 ct
1703 1871 1770 1912 ex

157 1969 394 2023 Corpore
415 1952 734 2023 cognoveris
761 1971 774 2006 :
805 1951 998 2007 melior
1017 1951 1214 2021 quippe
1238 1959 1320 2006 est
1340 1950 1491 2006 cibus
1519 1948 1770 2004 modera-

160 2056 251 2101 tus
276 2061 400 2102 cum
449 2045 714 2114 sanitate,
747 2058 909 2116 quam
955 2043 1166 2100 delicia:
1192 2057 1314 2099 cum
1358 2042 1625 2098 molestia.
1656 2041 1772 2097 lloc

161 2139 485 2194 alimentum
502 2137 596 2192 illo
613 2136 846 2207 amplius
872 2150 887 2188 :
919 2134 1025 2191 hoc
1039 2135 1375 2200 alimentum,
1394 2133 1526 2189 illud
1552 2133 1773 2188 morbus

163 2239 272 2285 est.
296 2229 423 2284 "me
440 2233 500 2284 'et
516 2230 568 2283 in
588 2229 731 2284 bello
749 2229 869 2299 quis
897 2225 1127 2282 viderit:
1153 2226 1406 2282 meliores
1435 2240 1558 2281 esse
1582 2225 1772 2280 decem

171 2322 581 2376 virosstrcnnos
607 2328 662 2374 ct
687 2319 812 2374 belli
840 2321 1061 2390 peritos,
1082 2333 1242 2388 quam
1262 2319 1574 2373 innumeros
1597 2317 1770 2388 impc-

163 2411 326 2466 ritos.
351 2410 414 2465 lli
444 2418 802 2481 prwterquam
827 2409 970 2482 quod
1002 2411 1137 2464 nihil
1168 2418 1481 2478 operantur,
1511 2409 1648 2465 alios
1679 2411 1771 2480 qui

163 2511 484 2572 operantur,
498 2502 940 2573 impediuntJloc
955 2504 1076 2558 etin
1096 2504 1215 2558 navi
1233 2505 1351 2574 quis
1371 2504 1773 2569 invenerit,me—

163 2595 331 2649 liores
349 2608 472 2649 esse
493 2605 683 2649 nautas
705 2594 842 2649 duos
863 2595 1086 2664 peritos,
1109 2611 1270 2666 quam
1291 2611 1537 2666 magnam
1562 2596 1773 2665 imperi-

163 2696 344 2740 torum
365 2687 578 2741 turbam
607 2702 622 2740 :
654 2685 708 2739 hi
741 2701 973 2756 namque
1001 2687 1176 2739 navim
1204 2687 1367 2741 etiam
1398 2687 1768 2758 submergent.

234 2777 290 2832 4.
324 2775 452 2831 Hinc
477 2777 620 2842 dico,
654 2792 759 2831 non
784 2775 928 2846 quod
959 2776 1356 2830 multitudinem
1387 2787 1620 2831 vestram
1643 2777 1772 2832 ode-

161 2869 288 2934 rint,
322 2867 420 2922 sed
450 2867 594 2937 quod
625 2868 788 2922 velim
820 2881 1012 2922 omnes
1038 2881 1160 2923 esse
1187 2869 1466 2937 probatos,
1500 2883 1599 2923 nec
1630 2870 1770 2922 mul-

163 2961 380 3014 titudini
431 2959 617 3014 ﬁdere.
668 2959 834 3014 Multo
863 2959 1044 3028 plures
1074 2967 1198 3014 sunt
1224 3002 1238 3026 ,
1268 2962 1356 3030 qui
1391 2961 1442 3014 in
1470 2959 1772 3029 gehennam

164 3053 446 3117 incidunt;
477 3051 573 3107 scd
603 3053 776 3122 majus
800 3053 888 3106 illa
922 3061 1005 3120 est
1032 3068 1282 3123 regnum,
1312 3055 1412 3107 etsi
1447 3068 1646 3122 paucos
1675 3053 1771 3107 ha-

160 3145 309 3198 beat.
351 3143 506 3199 Sicut
536 3159 697 3198 arena
744 3145 908 3199 maris
936 3154 1053 3199 erat
1092 3144 1384 3200 multitudo
1429 3146 1645 3215 populi;
1677 3146 1771 3201 sed

163 3251 304 3291 unus
327 3237 564 3291 servavit
591 3251 706 3291 eos.
741 3235 889 3292 Unus
920 3245 1038 3291 erat
1059 3235 1292 3307 Moyses,
1328 3237 1422 3291 sed
1460 3237 1579 3306 plus
1611 3253 1770 3308 quant

161 3346 354 3385 oinnes
385 3329 558 3398 potuit
589 3346 602 3381 :
629 3344 767 3383 unus
789 3338 907 3384 erat
935 3328 1113 3392 Jesus,
1145 3331 1238 3383 sed
1273 3331 1398 3407 plus
1419 3330 1592 3398 potuit
1613 3346 1771 3400 quam

163 3433 422 3478 sexcenta
455 3422 643 3478 millia.
692 3421 810 3476 Non
840 3421 944 3478 hoc
983 3422 1156 3478 Solum
1201 3437 1488 3486 curemus,
1520 3431 1578 3476 ut
1623 3423 1774 3476 tnulti

164 3519 294 3578 sint,
319 3516 414 3570 sed
443 3525 498 3571 et
525 3516 693 3585 magis
719 3557 732 3580 ,
767 3525 824 3570 ut
862 3516 970 3570 sint
1001 3517 1244 3584 praeclari
1273 3534 1284 3568 :
1314 3530 1437 3570 cum
1469 3516 1573 3569 hoc
1598 3515 1773 3584 perfe-

166 3619 314 3663 ctum
343 3608 525 3670 fuerit,
549 3617 672 3662 tunc
702 3607 833 3664 illud
855 3608 967 3662 ﬁet.
1001 3607 1171 3661 Nemo
1198 3607 1418 3662 dotnum
1447 3609 1628 3662 statim
1652 3621 1777 3676 spa-

169 3702 367 3754 tiosam
397 3700 512 3752 vult
554 3697 762 3764 facere,
796 3699 892 3754 sed
924 3699 1096 3768 primo
1129 3700 1340 3752 ﬁrmam
1369 3708 1422 3752 et
1455 3697 1773 3767 probatam,

166 3791 366 3846 deinde
397 3791 690 3861 spatiosam
728 3809 742 3845 :
775 3804 936 3846 nemo
977 3789 1321 3844 fundamenta
1346 3789 1475 3859 jacit
1498 3829 1514 3856 ,
1550 3798 1606 3842 ut
1635 3788 1778 3844 deri-

168 3885 382 3938 deatur.
416 3883 654 3937 Primum
688 3881 789 3937 hoc
815 3896 1125 3951 quaeramus
1145 3923 1160 3947 ,
1193 3878 1389 3936 deinde
1417 3879 1568 3935 illud.
1595 3879 1707 3934 Hoc
1730 3879 1777 3935 si

172 3977 246 4027 sit
272 3970 429 4028 facile
449 3982 506 4028 et
527 3971 658 4027 illud
686 3971 859 4027 aderit
889 3989 901 4024 :
933 3971 1063 4026 illud
1094 3980 1272 4026 autem
1296 3971 1341 4027 si
1366 3986 1472 4026 non
1493 3971 1649 4036 adsit,
1678 3971 1780 4025 bu-

168 4065 258 4132 jus
284 4065 448 4117 etiam
471 4065 514 4118 si
541 4064 631 4128 sit,
657 4064 797 4117 nulla
831 4064 1052 4118 utilitas.
1089 4063 1221 4118 Nam
1248 4063 1297 4118 si
1323 4065 1378 4119 in
1409 4064 1779 4139 Ecclesiasint

171 4156 270 4224 qui
296 4155 426 4208 clari
455 4168 578 4210 esse
607 4155 840 4224 possint,
874 4155 982 4209 cito
1019 4155 1122 4210 erit
1167 4163 1222 4210 et
1274 4155 1562 4212 multitudo
1592 4174 1604 4210 :
1635 4156 1687 4210 hi
1731 4157 1776 4210 si

173 4262 282 4300 non
305 4247 435 4312 sint,
463 4263 750 4317 numquam
781 4249 884 4302 erit
907 4249 1051 4302 clara
1071 4248 1378 4304 multitudo.

251 4335 374 4390 Non
403 4346 545 4406 putat
576 4336 965 4408 Chrysostomus
996 4354 1059 4392 ea:
1109 4341 1279 4394 multis
1323 4339 1548 4393 millibus
1575 4349 1779 4394 centum

171 4430 342 4483 mlvos
359 4429 467 4498 fore
483 4432 545 4484 de
566 4431 755 4500 populo
770 4432 1107 4499 sum—Quot
1129 4433 1325 4499 putatis
1350 4434 1402 4487 in
1435 4433 1566 4489 urbe
1595 4443 1779 4489 nostra

171 4538 328 4587 esse,
368 4523 459 4593 qui
507 4524 736 4578 salutem
775 4525 1204 4594 consequentur?
1243 4526 1525 4580 Moti-stum
1559 4526 1777 4596 quidem

171 4629 276 4680 est,
307 4615 449 4685 quod
477 4615 718 4670 dicturus
749 4630 889 4680 sum,
921 4617 1095 4672 dicam
1121 4628 1322 4673 tamen.
1348 4619 1404 4672 ln
1439 4629 1516 4674 tot
1546 4621 1781 4677 millibus

176 4724 285 4761 non
318 4717 443 4760 sunt
465 4716 682 4762 centum
705 4749 720 4773 ,
747 4709 835 4778 qui
870 4709 1095 4762 Salutem
1126 4719 1562 4780 Consequantur;
1597 4713 1689 4767 sed
1714 4713 1781 4768 de

177 4801 286 4854 illis
314 4800 476 4853 etiam
507 4800 715 4854 dubito.
743 4800 974 4865 Quanta,
1008 4818 1212 4872 quaeso,
1243 4805 1478 4874 nequitia
1509 4805 1561 4858 in
1593 4806 1780 4860 adole-

177 4891 452 4944 scentibus
473 4931 486 4955 ,
510 4901 706 4960 quanta
730 4891 933 4946 desidia
965 4895 1016 4946 in
1047 4895 1392 4948 senioribus?
1422 4896 1591 4952 Nemo
1620 4914 1780 4967 quant

175 4991 453 5048 oporteret
494 4982 757 5036 educandi
794 4983 886 5035 lilii
937 4999 1123 5038 curam
1175 4985 1377 5040 habet:
1405 5003 1564 5042 nemo
1596 5003 1781 5043 senem

176 5074 397 5138 videns,
434 5075 584 5128 illum
616 5076 809 5130 imitari
844 5075 1042 5130 studet.
1069 5077 1327 5148 Exempla
1356 5079 1424 5133 de
1452 5080 1629 5134 medio
1655 5082 1782 5136 sub-

178 5164 283 5217 lata
331 5175 454 5216 sunt
480 5181 492 5215 :
517 5165 715 5219 idcirco
765 5183 864 5220 nec
903 5167 1130 5236 juvenes
1164 5168 1297 5223 ﬁunt
1345 5171 1668 5225 admirandi.
1708 5172 1786 5228 Ne

180 5257 312 5310 mihi
344 5257 491 5310 dicas
515 5299 527 5321 ,
559 5257 718 5311 Multa
751 5259 1024 5313 hominum
1056 5261 1206 5316 turba
1240 5278 1448 5316 sumus.
1484 5263 1597 5318 lloc
1631 5266 1783 5335 frigi-

177 5346 370 5400 durum
404 5350 677 5405 hominum
712 5358 794 5402 est
819 5365 830 5400 :
859 5349 909 5402 id
941 5349 1009 5404 de
1056 5352 1366 5407 hominibus
1399 5356 1594 5410 merito
1635 5357 1785 5411 dica-

184 5439 301 5498 tur,
333 5437 398 5490 de
433 5437 541 5491 Deo
569 5449 744 5491 autem
768 5481 780 5500 ,
814 5441 902 5508 qui
949 5459 1054 5494 non
1088 5457 1223 5511 opus
1261 5444 1424 5500 habet
1453 5447 1607 5501 nobis
1631 5490 1643 5512 ,
1679 5464 1784 5504 non

184 5531 333 5582 item.
360 5530 511 5594 Quod
540 5545 720 5582 autem
746 5532 906 5584 etiam
929 5532 994 5586 de
1021 5535 1126 5588 illis
1153 5535 1404 5605 frigidum
1434 5539 1504 5593 sit
1535 5541 1784 5608 verbum,

180 5620 325 5674 andi.
362 5620 464 5686 Qui
511 5621 710 5691 multos
759 5621 921 5676 habet
948 5623 1308 5694 domesticos,
1359 5631 1402 5683 si
1449 5630 1523 5684 illi
1555 5631 1786 5702 improbi

179 5715 306 5776 sint,
339 5721 470 5780 quot
499 5713 636 5766 mala
668 5714 939 5783 patietur?
971 5715 1032 5770 Ei
1058 5760 1070 5783 ,
1105 5719 1193 5788 qui
1228 5720 1435 5775 nullum
1469 5722 1649 5790 habet,
1686 5726 1787 5781 hoc

179 5806 392 5861 videtur
413 5819 578 5876 grave
605 5847 621 5873 ,
644 5808 786 5878 quod
819 5823 924 5863 non
967 5812 1230 5868 serviatur
1257 5831 1268 5869 :
1296 5815 1338 5870 is
1372 5831 1499 5872 vero
1519 5857 1533 5884 _.
1563 5819 1649 5888 qui
1683 5820 1782 5874 im-

1100 369 1164 426 lN
1202 367 1384 425 ACTA
1424 363 1951 423 APOSTOLORUM.
1984 362 2216 420 IIOMIL.
2254 364 2444 422 XXIV.
3391 365 3486 418 ιξιρ

1881 477 2080 547 probos
2108 476 2268 533 habet
2298 476 2548 544 famulos,
2572 491 2696 534 cum
2727 474 2900 533 illisit
2928 474 2980 531 in
3009 475 3343 546 perniciora;
3367 492 3486 529 nia-

1873 571 2070 641 jusque
2091 578 2174 624 est
2199 569 2480 625 damnum.
2503 568 2735 625 Gravius
2766 568 2966 640 quippe
2997 577 3080 624 est
3108 568 3225 622 aliis
3251 583 3490 638 pugnare

1877 671 1934 717 et
1961 662 2263 730 decertare,
2296 677 2461 734 quam
2484 661 2585 717 sibi
2615 662 2715 733 ipsi
2745 663 2971 718 servire.
3008 661 3136 716 Hmc
3160 661 3303 728 dico,
3337 672 3392 716 ut
3422 679 3488 714 no

1877 752 2001 824 quis
2025 753 2323 810 Ecclesiam
2346 754 2645 809 admiretur
2673 764 2892 824 propter
2923 753 3322 808 multitudinem
3347 795 3360 817 ,
3390 755 3485 808 sed

1880 853 1937 899 ut
1961 860 2218 900 curemus
2264 845 2408 900 illam
2456 845 2861 901 multitudinem
2911 845 3112 901 claram
3140 845 3399 902 efﬁcere:
3431 858 3488 901 ut

1880 936 2246 1007 unusquisque
2275 951 2429 992 suam
2456 947 2608 993 curet
2639 946 2870 1007 partem,
2905 947 2964 992 ut
2984 953 3092 992 non
3122 939 3347 1002 amicos.
3378 954 3487 993 non

1879 1038 2161 1099 cognatos,
2191 1037 2252 1082 ut
2276 1042 2498 1098 semper
2521 1039 2735 1098 repeto,
2763 1043 2870 1084 non
2899 1028 3106 1084 vicinos
3139 1037 3370 1093 tantum,
3389 1032 3485 1086 sed

1879 1120 2042 1174 etiam
2074 1132 2371 1176 cXtraneos
2395 1120 2692 1190 pet-trahat.
2725 1121 2969 1192 Exempli
2995 1136 3179 1190 causa,
3207 1122 3266 1177 ﬁt
3291 1124 3486 1186 oratio;

1873 1207 2057 1286 jaceat
2101 1209 2276 1282 frigidi
2318 1225 2510 1266 omnes
2551 1211 2781 1282 juvenes
2819 1222 2875 1267 et
2903 1227 3099 1280 senes,
3130 1225 3486 1286 purgamenta

1878 1303 2050 1374 magis
2068 1318 2228 1374 quam
2257 1305 2505 1374 juvenes,
2539 1304 2694 1372 risui,
2718 1305 3018 1370 cachinnis,
3054 1305 3250 1362 fabulis
3271 1309 3486 1364 incum-

1878 1395 2104 1463 bentes;
2137 1397 2398 1452 hoeenim
2414 1413 2516 1469 ego
2533 1398 2820 1463 audivi;et
2844 1399 3074 1469 genibus
3105 1401 3216 1454 nixi
3246 1401 3383 1456 alios
3405 1402 3488 1455 di-

1877 1490 2062 1545 cteriis
2083 1491 2440 1561 impetentes:
2469 1502 2521 1546 tu
2550 1492 2640 1562 qui
2663 1492 2815 1558 ades,
2839 1493 3056 1562 juvenis
3079 1505 3170 1548 aut
3190 1510 3380 1560 senex,
3406 1496 3488 1549 in-

1877 1595 2037 1663 crepa
2063 1582 2110 1636 si
2141 1581 2344 1648 videas,
2371 1582 2748 1638 vehementius
2777 1584 3010 1648 incesse,
3037 1593 3092 1638 et
3120 1586 3164 1638 si
3190 1601 3296 1640 non
3330 1586 3485 1650 ferat,

1877 1671 2162 1729 diaconum
2196 1689 2359 1740 voca,
2407 1676 2646 1739 minare,
2679 1691 2799 1746 quae
2829 1692 2998 1746 penes
3026 1685 3078 1731 te
3106 1687 3233 1733 sunt
3279 1679 3438 1733 facito
3471 1696 3483 1733 :

1880 1775 1938 1820 et
1966 1766 2012 1820 si
2038 1765 2166 1836 quid
2216 1767 2412 1823 audeat
2455 1777 2643 1823 contra
2694 1777 2746 1824 te
2791 1768 3005 1832 facere,
3037 1770 3237 1826 multos
3270 1771 3493 1827 habebis

1878 1855 2174 1925 adjutores.
2199 1857 2333 1923 Quis
2365 1858 2508 1912 enim
2542 1859 2612 1911 ita
2647 1859 3040 1915 irrationabilis
3066 1870 3172 1928 est,
3205 1862 3292 1930 qui
3327 1873 3378 1917 te
3413 1863 3492 1916 vi-

1877 1946 2013 2002 dens
2044 1947 2164 2003 illos
2195 1948 2263 2002 de
2291 1964 2353 2004 ea
2400 1965 2459 2004 re
2489 1950 2900 2020 objurgantem,
2935 1967 3041 2006 non
3089 1963 3196 2007 stet
3228 1954 3279 2007 in
3330 1962 3492 2024 parte

1878 2037 2004 2092 tua?
2031 2038 2258 2094 Discede
2288 2050 2501 2110 sumpta
2533 2043 2710 2111 precis
2757 2042 3034 2098 mercede.
3086 2042 3140 2096 In
3168 2044 3284 2098 aede
3305 2043 3486 2099 domi-

1879 2130 1998 2186 nica
2027 2129 2129 2185 hos
2157 2146 2346 2186 servos
2376 2133 2498 2185 aliis
2530 2133 3006 2189 benevolentiores
3029 2133 3358 2203 judicamus,
3392 2138 3484 2205 qui

1879 2221 2084 2277 nullum
2118 2237 2214 2277 vas
2246 2233 2398 2278 extra
2451 2222 2700 2278 ordinem
2739 2223 2924 2295 jacere
2951 2224 3156 2279 sinunt.
3189 2223 3243 2280 Si
3273 2226 3489 2282 videres

1877 2313 1931 2368 in
1976 2312 2141 2369 domo
2188 2328 2286 2370 vas
2331 2322 2649 2384 argenteum
2701 2322 2907 2370 temere
2957 2314 3101 2370 foras
3150 2316 3487 2386 projectum,

1879 2404 2093 2460 etiamsi
2125 2420 2232 2459 non
2256 2419 2408 2461 esses
2434 2405 2502 2460 ad
2532 2405 2638 2460 hoc
2666 2404 2952 2476 deputatus
2974 2449 2988 2474 ,
3023 2422 3200 2462 annon
3233 2409 3366 2463 illud
3393 2409 3491 2463 do-

1877 2478 2024 2550 mum
2052 2495 2330 2552 referres?
2373 2497 2417 2552 si
2469 2498 2855 2553 vestimentum
2905 2497 3240 2568 projectum,
3299 2501 3490 2555 ctiam-

1877 2588 1923 2642 si
1949 2603 2134 2644 curam
2163 2589 2281 2659 ejus
2321 2604 2428 2645 non
2476 2604 2730 2661 gereres,
2766 2591 2980 2646 ttiamsi
3026 2605 3151 2646 eum
3177 2632 3192 2657 ,
3241 2593 3327 2647 cui
3359 2607 3487 2648 cura

1877 2684 2189 2750 commissa,
2219 2683 2344 2738 odio
2379 2683 2642 2751 haberes,
2673 2699 2852 2738 annon
2885 2683 2954 2740 ob
2981 2683 3410 2741 benevolentiam
3436 2686 3490 2741 itt

1878 2775 2158 2832 domintnn
2187 2776 2320 2831 illud
2347 2786 2472 2846 apte
2496 2776 2830 2833 reduceres?
2847 2777 2923 2832 Ita
2946 2785 3001 2832 et
3023 2791 3184 2832 nunc.
3212 2777 3339 2832 Hinc
3363 2794 3489 2834 vasa

1879 2877 2006 2922 sunt
2038 2887 2050 2922 :
2078 2870 2123 2923 si
2153 2869 2340 2924 videas
2364 2868 2452 2923 illa
2477 2869 2834 2939 incomposite
2850 2869 3107 2940 jacentia,
3138 2869 3303 2925 reduc
3325 2871 3376 2924 in
3404 2888 3494 2926 or-

1878 2960 2060 3015 dinem
2091 2978 2104 3014 :
2131 2959 2330 3016 accede
2355 2959 2422 3014 ad
2449 2975 2559 3028 mc,
2584 2976 2693 3016 non
2723 2975 2917 3016 recuso
2943 2979 2956 3014 :
2979 2959 3067 3016 die
3093 2960 3223 3016 mihi
3247 3002 3264 3028 ,
3297 2962 3380 3017 fac
3403 2977 3498 3018 me»

1879 3051 2167 3106 certiorem
2197 3069 2210 3105 :
2235 3066 2342 3104 non
2372 3065 2594 3121 possunt
2618 3052 2799 3106 omnia
2831 3051 3049 3115 videre;
3086 3053 3369 3123 ignoscite.
3400 3053 3474 3108 Vi-

1879 3140 2002 3196 dete
2022 3181 2037 3207 ,
2059 3151 2258 3211 quanta
2287 3141 2527 3211 nequitia
2549 3141 2737 3197 orbem
2765 3153 3016 3212 occupat.
3038 3142 3173 3197 Num
3191 3144 3309 3199 sine
3329 3161 3492 3200 causa

1880 3233 2163 3300 dicebam,
2213 3250 2314 3290 nos
2340 3249 2463 3290 esse
2491 3249 2752 3289 acervum
2786 3234 2947 3302 foeni,
2981 3252 3129 3291 mare
3174 3237 3498 3307 ineumpusis

1883 3325 2026 3379 tum?
2055 3325 2173 3380 Non
2201 3325 2323 3382 dico
2362 3325 2483 3380 illos
2517 3325 2639 3379 talia
2673 3324 2875 3391 facere,
2910 3327 3005 3381 sed
3034 3337 3181 3381 tanta
3209 3330 3489 3384 oscitantia

1882 3419 2147 3474 intrantes
2192 3419 2440 3474 laborare
2467 3460 2480 3484 ,
2527 3428 2586 3473 ut
2626 3418 2744 3474 hwc
2786 3433 2898 3474 non
2925 3420 3220 3490 corrigam.
3257 3422 3490 3477 Rursum

1880 3511 2020 3565 alios
2051 3511 2209 3566 video
2230 3550 2245 3576 ,
2274 3510 2652 3580 colloquentes
2698 3519 2846 3572 stare
2871 3509 2999 3565 dum
3029 3511 3089 3565 ﬁt
3115 3513 3291 3568 oratio
3315 3529 3327 3566 :
3355 3515 3493 3570 alios

1883 3591 2240 3661 medestiores
2268 3605 2513 3672 scilicet,
2555 3620 2664 3660 non
2697 3585 2861 3660 modo
2889 3607 3016 3662 dntn
3061 3607 3120 3662 ﬁt
3146 3608 3322 3662 oratio
3343 3649 3356 3670 ,
3388 3609 3485 3663 sed

1882 3697 2044 3752 etiam
2065 3696 2192 3751 dum
2213 3697 2470 3753 sacerdos
2505 3697 2798 3754 benedicit.
2827 3699 2872 3754 0
2895 3699 3205 3755 audaciam!
3240 3701 3496 3768 Quando-

1884 3803 2008 3843 nam
2035 3790 2140 3844 erit
2166 3789 2352 3844 salus?
2379 3789 2652 3860 quomodo
2682 3791 2985 3860 poterimus
3034 3793 3201 3846 Deum
3235 3794 3492 3862 placare?

1882 3879 1940 3934 Si
1986 3879 2052 3933 ad
2101 3879 2284 3934 ludum
2331 3879 2536 3948 abeas,
2583 3881 2792 3937 videbis
2827 3896 3018 3937 omnes
3061 3885 3328 3939 concinne
3357 3885 3493 3938 cho-

1885 3985 2007 4025 reas
2032 3980 2272 4040 agentes,
2300 3971 2543 4043 nihilque
2566 3973 2785 4045 negligi.
2810 3973 2959 4028 Sicut
2978 3990 3107 4046 ergo
3130 3976 3182 4030 in
3212 3977 3325 4048 lyra
3349 3981 3496 4034 varie

1884 4070 1941 4118 et
1968 4069 2114 4119 recte
2143 4065 2442 4135 composita
2474 4075 2595 4136 apta
2629 4065 2876 4138 quaedam
2904 4071 3228 4140 symphonia
3256 4086 3323 4126 ex
3351 4071 3493 4126 bono

1887 4157 2075 4213 ordine
2104 4157 2334 4214 efﬁcitur
2364 4175 2378 4213 :
2412 4160 2484 4214 ita
2517 4169 2571 4215 et
2615 4161 2702 4216 hic
2733 4177 2893 4216 unam
2941 4163 3184 4217 omnium
3217 4173 3273 4218 et
3300 4178 3500 4221 conso-

1886 4265 2010 4306 nam
2061 4251 2398 4307 harmoniam
2442 4251 2587 4308 efﬁci
2633 4269 2730 4324 par
2771 4263 2938 4310 esset.
2974 4254 3094 4311 Una
3127 4256 3269 4311 enim
3311 4274 3499 4314 sumus

1888 4341 2171 4408 Ecclesia,
2222 4344 2380 4398 unius
2433 4345 2628 4413 capitis
2679 4346 2923 4401 membra
2977 4346 3236 4403 decenter
3280 4357 3492 4419 aptata;

1888 4449 2051 4488 unum
2085 4449 2271 4489 smnus
2299 4449 2491 4490 omnes
2518 4451 2715 4506 corpus
2750 4456 2763 4492 :
2794 4438 2838 4492 si
2877 4438 3006 4508 quid
3051 4439 3354 4510 neglectum
3385 4442 3502 4497 fue-

1887 4525 1975 4589 rit,
2014 4534 2182 4578 totutn
2212 4525 2520 4596 neglectum
2545 4536 2601 4582 et
2626 4537 2940 4600 corruptum
2969 4532 3091 4585 erit.
3121 4531 3192 4585 lta
3220 4542 3273 4586 et
3301 4535 3500 4588 multo-

1890 4633 2008 4671 rum
2064 4627 2271 4671 rectum
2322 4619 2569 4674 ordinem
2615 4622 2775 4677 unius
2822 4623 3149 4679 inordinatio
3196 4626 3501 4682 labefactat.

1888 4709 2151 4779 Quodque
2180 4711 2421 4766 terribile
2447 4722 2562 4778 est,
2603 4729 2711 4768 non
2759 4713 2866 4770 huc
2892 4715 2960 4770 ad
2994 4715 3178 4772 ludum
3204 4718 3496 4775 choreum-

1890 4819 1996 4874 que
2035 4806 2330 4862 saltaturus
2358 4810 2510 4864 venis
2531 4852 2544 4874 ,
2572 4821 2627 4867 et
2658 4812 3052 4884 incompositus
3081 4824 3216 4871 stas.
3241 4817 3426 4874 Nescis
3455 4828 3506 4876 te

1892 4914 2013 4952 cum
2043 4903 2251 4971 angelis
2281 4905 2467 4960 stare?
2495 4905 2628 4961 Cum
2681 4908 2789 4963 illis
2832 4921 3020 4967 cantas
3050 4910 3389 4984 hymnosque
3415 4930 3506 4968 ce-

1893 4991 2106 5059 lebras,
2136 5002 2191 5048 et
2217 5003 2329 5050 stas
2378 4997 2599 5052 ridens?
2627 5001 2822 5054 Annon
2853 5003 3051 5057 mirum
3083 5015 3203 5068 est,
3230 5004 3378 5075 quod
3410 5005 3509 5058 ful-

1895 5099 2017 5137 men
2049 5100 2154 5139 non
2189 5087 2512 5144 immittatur
2539 5132 2554 5156 ,
2589 5108 2696 5146 non
2727 5093 2778 5146 in
2813 5094 2936 5150 illos
2966 5105 3171 5150 tantum
3195 5138 3208 5159 .
3255 5097 3352 5152 sed
3376 5109 3429 5152 et
3456 5098 3507 5151 itt

1895 5191 1993 5229 nos
2020 5178 2253 5232 omnes?
2285 5178 2403 5235 lucc
2433 5182 2634 5252 quippe
2682 5182 2907 5240 fulmine
2950 5186 3111 5257 digna
3161 5196 3307 5242 sunt.
3340 5188 3511 5242 Adest

1896 5284 2026 5336 rex,
2061 5270 2206 5324 videt
2257 5275 2598 5339 exercitum;
2647 5285 2700 5329 tu
2743 5291 2875 5332 vero
2916 5279 3022 5333 illis
3053 5279 3358 5334 videntibus
3402 5288 3511 5334 stas

1896 5360 2076 5416 ridens
2101 5404 2115 5424 ,
2150 5364 2231 5417 vel
2265 5364 2536 5420 ridentem
2572 5368 2848 5438 negligis?
2877 5371 2983 5424 Sed
3013 5386 3299 5441 quousque
3330 5372 3511 5426 inere-

1897 5453 2122 5521 pamus?
2154 5470 2434 5525 quousque
2463 5459 2960 5528 reprehendimus?
2993 5464 3188 5515 Annon
3219 5470 3278 5515 ut
3304 5472 3508 5532 pestes.

1896 5561 2078 5599 annon
2108 5555 2164 5600 ut
2194 5560 2542 5618 eorrttptores
2566 5593 2580 5617 ,
2629 5568 2809 5606 annon
2840 5563 2895 5606 ιιι
2923 5564 3209 5623 corruptos
3251 5563 3306 5608 et
3332 5556 3514 5624 perni-

1896 5639 2075 5691 ciosos
2109 5639 2413 5707 hujusmodi
2446 5645 2713 5710 homines,
2747 5645 3151 5716 innumerisqnc
3193 5648 3351 5702 malis
3390 5663 3505 5700 onzt

1897 5739 2011 5785 stos
2041 5731 2109 5785 ab
2139 5732 2378 5790 Ecclesia
2428 5738 2550 5805 pelli
2584 5738 2962 5808 oportuisset?
2989 5735 3352 5800 Quandonam
3377 5741 3450 5795 illi
3484 5756 3512 5794 ει

1901 5824 2011 5878 risu
2040 5825 2410 5896 abstincbunt,
2441 5831 2529 5901 qui
2559 5830 2613 5886 in
2646 5831 2778 5886 hora
2807 5832 3085 5888 tremenda
3113 5833 3512 5899 rident?quutt~
