4034 6412
591 413 682 470 191

584 527 656 582 do
682 538 712 578 a
742 516 893 590 nugis
921 511 1293 573 abstinebant,
1324 504 1413 577 qui
1446 507 1496 557 in
1528 508 1783 569 tempore
1821 486 2158 590 benedictio-

584 578 666 671 nis
693 578 976 684 garriunt?
1008 621 1117 662 non
1153 606 1444 673 praesentes
1470 597 1787 648 reverentur
1811 624 1826 651 ,
1860 597 1968 684 non
1999 578 2165 684 Deum

583 669 811 763 timent?
854 714 1035 758 annon
1080 669 1278 752 sufﬁcit
1323 687 1477 743 nobis
1525 680 1721 738 mentis
1747 669 2032 763 socordia?
2059 682 2165 723 non

732 792 971 865 estquod
997 797 1211 846 orantes
1234 782 1341 837 alio
1366 787 1686 847 evagemur:
1718 766 1814 825 sed
1838 774 1893 821 et
1921 762 2088 818 risum
2113 765 2170 813 et

584 890 875 945 cachinnos
901 883 1100 939 multos
1125 869 1455 947 ingerimus?

654 942 841 1035 Contra
861 972 1065 1030 Theatri
1088 942 1561 1035 spectacula.—-An
1592 956 1859 1012 theatrum
1876 948 1994 1004 haec
2016 942 2169 1001 sunt?

584 1073 691 1129 Sed
740 1072 843 1125 hoc
872 1060 1294 1138 putoatbeatris
1342 1055 1511 1111 oriri:
1560 1040 2166 1138 inobsequentes-enim

584 1164 779 1220 multos
831 1132 888 1215 et
923 1153 1311 1226 incompositos
1342 1146 1602 1204 efficiunt.
1639 1141 1768 1209 Quae
1808 1137 1894 1190 hic
1930 1132 2165 1226 aedifica-

586 1270 707 1311 nms
741 1295 758 1319 ,
803 1253 912 1307 illic
947 1224 1337 1306 destruantur:
1382 1252 1559 1308 neque
1597 1234 1701 1289 hoc
1757 1231 1963 1296 solum,
1995 1224 2168 1319 sedet

582 1347 702 1401 aliis
729 1313 1079 1399 immunditiis
1101 1348 1321 1392 necesse
1348 1339 1430 1388 est
1455 1330 1575 1383 illos
1601 1324 1818 1394 repleri.
1849 1320 1917 1375 Et
1945 1313 2166 1387 perinde

586 1442 662 1505 tit,
686 1451 749 1492 ac
768 1435 814 1494 si
833 1434 954 1504 quis
970 1443 1222 1499 campum
1246 1422 1539 1481 emundare
1586 1418 1714 1472 velit
1742 1456 1758 1481 ,
1803 1414 1856 1468 in
1885 1425 2044 1482 quem
2072 1422 2163 1463 su-

586 1547 750 1604 perne
773 1529 891 1584 fons
918 1528 1088 1582 lutum
1134 1521 1417 1582 immittat;
1441 1517 1569 1572 dum
1594 1512 1737 1569 enim
1759 1508 1927 1580 magis
1947 1517 2163 1604 purgas,

584 1597 727 1681 aliud
759 1620 949 1678 influit.
982 1618 1215 1687 ldipsum
1242 1614 1329 1669 hic
1359 1610 1555 1667 evenit.
1602 1607 1890 1675 Postquam
1930 1599 2074 1656 enim
2106 1597 2168 1652 il-

582 1719 686 1783 los,
717 1717 804 1786 qui
830 1730 896 1770 ex
926 1704 1565 1769 theatris-immunditiam
1592 1700 1905 1761 intulerant,
1938 1690 2166 1786 munda-

581 1783 838 1874 verimus,
867 1807 963 1861 illo
983 1808 1321 1859 revertentes
1344 1796 1445 1868 ipsi
1480 1793 1744 1864 majorem
1794 1787 2036 1845 referunt
2063 1783 2164 1874 im-

581 1872 899 1956 munditiam
927 1913 942 1950 :
973 1893 1125 1965 quasi
1141 1891 1322 1949 dedita
1350 1901 1513 1959 opera
1539 1885 1616 1941 sic
1631 1884 1895 1946 viventes,
1928 1885 1985 1931 ut
2011 1872 2166 1929 nobis

1326 392 1386 449 s.
1426 370 1702 448 JOANNIS
1738 371 2210 438 enavsosrom
2241 367 2556 425 AnClllEP.
2599 369 3135 431 consummata

3698 398 3701 399 '
3784 380 3878 436 Ιυὲ

2270 482 2539 553 negotium
2564 483 2867 542 lacessant:
2900 497 2953 541 et
2988 490 3218 545 redeunt
3247 490 3440 547 iterum
3469 494 3707 550 multum
3733 507 3872 552 stcr~

2272 578 2411 631 coris
2436 587 2727 647 gestantes,
2750 580 2801 633 in
2831 582 3090 647 moribus,
3122 583 3173 637 in
3202 585 3451 648 motibus,
3472 586 3529 641 in
3556 588 3744 643 verbis
3770 630 3785 655 ,
3820 589 3868 643 in

2273 669 2379 723 risu
2402 710 2416 734 ,
2439 669 2493 723 in~
2514 668 2739 725 desidia.
2774 670 2976 727 Deinde
3004 688 3103 729 nos
3121 684 3312 729 Iterum
3337 675 3589 742 fodimus,
3614 680 3775 750 quasi
3806 682 3871 736 de

2272 759 2528 815 industria
2553 761 2834 828 fodientes,
2861 773 2918 818 ut
2944 765 3061 820 illos
3104 769 3330 823 mundos
3350 770 3663 826 eminentes
3684 815 3700 837 ,
3727 774 3871 842 ipsos

2274 852 2485 906 rursum
2530 852 2802 908 videamus
2836 869 2995 910 coeno
3031 868 3277 913 onustos.
3336 860 3544 916 Idcirco
3584 864 3869 918 committo

2275 957 2368 998 vos
2392 945 2520 999 Deo.
2552 945 2738 1014 Etjam
2768 946 2894 1001 hinc
2922 947 3073 1003 vobis
3094 989 3109 1014 ,
3136 950 3224 1019 qui
3254 951 3371 1005 sani
3396 954 3550 1019 estis,
3586 954 3867 1022 testificor,

2270 1036 2529 1104 judicium
2576 1037 2729 1094 vobis
2771 1048 2826 1094 et
2875 1040 3271 1097 damnationem
3319 1043 3450 1111 fore,
3484 1044 3529 1099 si
3575 1047 3697 1117 quis
3749 1063 3869 1102 cum

2274 1128 2418 1185 videt
2462 1130 2765 1190 inordinate
2792 1146 3033 1205 agentes,
3085 1139 3423 1209 maximeque
3474 1142 3570 1196 illo
3627 1152 3869 1213 tempore

2273 1222 2705 1289 confabulantes,
2732 1241 2839 1283 non
2872 1229 3211 1286 admonuerit
3246 1247 3346 1288 nec
3373 1237 3677 1290 correxerit
3725 1252 3823 1293 eos
3854 1253 3868 1291 :

2275 1314 2377 1370 hoc
2399 1316 2588 1372 melius
2617 1328 2700 1373 est
2729 1322 3039 1390 precatione
3085 1325 3219 1395 ipsa.
3271 1326 3490 1383 Dimitte
3540 1343 3730 1397 preces
3753 1371 3767 1395 ,
3817 1339 3875 1385 et

2274 1405 2425 1462 illum
2456 1409 2675 1479 increpa
2704 1428 2716 1465 :
2767 1412 2839 1467 ita
2869 1422 2925 1469 et
2954 1413 3027 1468 illi
3050 1415 3318 1485 proderis,
3351 1427 3407 1472 et
3446 1429 3499 1472 tu
3540 1420 3869 1477 lucraberis.

2273 1497 2362 1552 Sic
2417 1500 2715 1569 poterimus
2754 1518 2945 1561 omnes
2988 1506 3216 1562 salutem
3244 1516 3299 1563 et
3342 1525 3569 1580 regnum
3609 1513 3874 1569 czelorum

2273 1592 2487 1660 assequi
2515 1608 2528 1643 :
2561 1608 2669 1662 quo
2700 1610 2799 1650 nos
2824 1612 3012 1653 omnes
3036 1596 3141 1653 frui
3169 1600 3467 1670 contingat,
3493 1604 3668 1673 gratia
3693 1614 3749 1659 et
3778 1604 3866 1660 be-

2275 1683 2539 1754 nignitate
2567 1687 2777 1742 Domini
2806 1693 2977 1744 nostri
3031 1689 3158 1747 Jesu
3184 1690 3383 1748 Christi
3409 1735 3426 1759 ,
3479 1696 3697 1765 quicum
3726 1696 3875 1751 Patri

2274 1777 2542 1848 simulque
2573 1779 2797 1850 Spiritui
2830 1794 3017 1838 sancto
3046 1785 3212 1856 gloria
3234 1826 3249 1849 ,
3299 1786 3606 1855 imperimn,
3642 1788 3825 1844 honor
3855 1832 3871 1856 ,

2279 1887 2421 1926 nunc
2441 1881 2495 1925 et
2520 1888 2734 1943 semper
2757 1915 2773 1939 ,
2802 1883 2857 1930 et
2878 1876 2929 1931 in
2958 1878 3154 1932 smcula
3185 1880 3525 1941 seculorum.
3558 1882 3761 1936 Amen.

592 1996 3877 2034 ________________________...__________________

1962 2059 2310 2122 HOMILIA
2353 2058 2561 2121 XXV.

579 2232 705 2286 Car.
737 2229 822 2283 ll.
849 2244 901 2280 v.
938 2226 1025 2280 l9.
1077 2222 1168 2277 Illi
1188 2219 1409 2292 quidem,
1448 2215 1533 2283 qui
1556 2212 1770 2282 dispersi
1802 2213 2001 2281 fuerant
2025 2221 2057 2258 a
2083 2205 2175 2257 tri-

651 2322 924 2383 (iulatione,
949 2333 1061 2388 quo:
1083 2318 1220 2387 facta
1242 2318 1408 2384 fuerat
1427 2309 1487 2363 ob
1512 2306 1852 2375 Stephanum,
1868 2298 2172 2372 pertransie-

652 2422 767 2465 runt
812 2426 966 2478 usque
1020 2405 1291 2460 Phoenicen
1339 2412 1385 2456 et
1430 2399 1655 2470 Cyprum
1706 2403 1753 2449 et
1808 2390 2167 2453 Antiochiam,

655 2505 840 2559 nemini
885 2501 1141 2571 loquentes
1186 2495 1413 2559 verbum,
1460 2492 1559 2547 nisi
1583 2490 1705 2546 solis
1729 2487 1950 2543 Iudaeis.

658 2598 713 2650 1.
769 2593 883 2648 Non
912 2605 1098 2660 parum
1128 2587 1194 2642 ad
1228 2586 1375 2642 verbi
1410 2584 1704 2655 profectum
1733 2577 1959 2634 contulit
1987 2588 2172 2645 perse-

588 2688 778 2758 quutio
814 2704 828 2739 :
861 2700 983 2739 nam
1011 2679 1347 2752 Diligentibus
1376 2675 1572 2739 Deum,
1617 2672 1810 2742 inquit,
1876 2669 2043 2723 omnia
2083 2682 2172 2720 co-

582 2787 859 2850 operantur
880 2778 933 2830 in
951 2774 1137 2829 bonum
1167 2772 1343 2843 (Rom.
1365 2770 1419 2825 8.
1441 2766 1553 2839 28).
1581 2765 1636 2821 Si
1659 2760 2036 2819 voluissentilli
2064 2759 2171 2814 Ec-

582 2872 798 2929 elesiam
829 2881 1146 2940 propagare,
1204 2878 1310 2919 non
1350 2861 1495 2916 aliud
1549 2859 1802 2913 fecissent
1829 2874 1843 2909 :
1868 2854 1936 2909 de
1962 2853 2175 2922 disper—

585 2965 736 3017 sione
762 2964 953 3033 loquor
982 2959 1283 3015 doctorum.
1340 2954 1409 3011 Et
1454 2952 1577 3009 vide
1625 2964 1885 3024 quorsum
1939 2956 2165 3003 extensa

590 3053 747 3109 fuerit
805 3050 1136 3122 praedicatio.
1188 3045 1637 3109 Pertransierunt,
1696 3042 1888 3111 inquit,
1916 3053 2075 3110 usque
2106 3036 2174 3089 ad

592 3143 866 3198 Pltceniren
893 3152 941 3196 et
984 3141 1208 3213 Cyprum
1239 3148 1282 3194 et
1310 3138 1671 3201 Antiochiam,
1701 3134 1888 3189 nemini
1916 3132 2175 3202 loquentes

582 3236 811 3300 verbum,
864 3234 963 3289 nisi
1017 3232 1139 3288 solis
1182 3231 1402 3285 Judwis.
1453 3229 1637 3295 Vides,
1686 3224 1955 3297 quomodo
1995 3221 2174 3277 omnia

584 3331 726 3382 circa
755 3326 1066 3381 Cornelium
1102 3341 1196 3395 per
1222 3320 1681 3393 dispensationem
1708 3318 1845 3373 facta
1872 3316 1981 3370 sint
2008 3315 2031 3369 ἲ
2061 3315 2172 3369 lloc

585 3428 763 3475 autem
794 3427 847 3473 et
877 3416 944 3470 ad
967 3415 1337 3471 defensionem
1367 3412 1563 3468 Christi
1595 3419 1648 3465 et
1673 3409 1743 3465 ad
1772 3407 2170 3463 accusationem

586 3510 896 3567 Judaeorum
918 3505 1147 3563 confert.
1179 3504 1359 3575 Itaque
1385 3518 1505 3559 cum
1523 3500 1825 3571 Stephanus
1843 3499 2050 3553 occisus
2070 3504 2172 3561 est,

590 3619 710 3658 eum
731 3601 929 3658 Paulos
951 3600 1032 3655 bis
1060 3609 1139 3655 est
1171 3596 1503 3669 periclitatus
1526 3633 1541 3657 ,
1572 3608 1693 3648 cum
1720 3590 1948 3660 apostoli
1988 3588 2174 3660 ﬂagel-

586 3695 675 3751 Iati
698 3701 842 3759 sunt,
872 3707 991 3747 eam
1020 3692 1215 3760 smpins
1247 3687 1424 3759 ejecti.
1454 3700 1580 3742 tunc
1602 3695 1810 3757 gentes,
1833 3694 1957 3739 tunc
1985 3683 2174 3739 Sama-

587 3786 747 3840 ritani
769 3784 971 3853 recepti
998 3792 1125 3837 sunt
1152 3802 1165 3837 :
1196 3781 1339 3851 quod
1366 3777 1420 3836 e't
1443 3780 1637 3836 Paulus
1696 3779 1894 3833 clamat
1941 3776 2127 3833 dicens
2156 3793 2169 3830 :

598 3877 747 3932 Vobis
768 3876 1031 3945 oportebat
1065 3876 1287 3946 primum
1338 3873 1477 3943 loqui
1503 3872 1705 3926 verbum
1746 3870 1837 3925 Dei
1864 3888 1881 3924 :
1908 3870 1995 3924 sed
2045 3887 2174 3942 quo-

586 3972 724 4024 niam
742 3968 985 4041 repollitis
1017 3967 1186 4033 illud,
1237 3976 1285 4021 et
1331 3965 1567 4037 indignos
1611 3981 1695 4019 vos
1728 3965 1976 4035 judicatis
2002 4004 2016 4029 ,
2066 3980 2177 4018 erce

586 4066 921 4117 convertimur
940 4062 1007 4114 ad
1025 4069 1195 4132 gentes
1220 4058 1355 4132 (Act.
1390 4059 1443 4114 5.
1475 4058 1589 4127 46).
1625 4058 1963 4112 Circuierunt
1995 4057 2169 4125 igitur,

584 4163 639 4208 et
665 4163 854 4224 gentes
882 4151 1315 4223 alloquebantur.
1343 4150 1435 4205 20.
1470 4149 1630 4203 Erant
1660 4160 1829 4203 autem
1853 4150 2061 4220 quidam
2082 4167 2172 4204 eo-

584 4262 697 4299 rum
720 4246 813 4299 viri
833 4244 1006 4317 Cyprii
1038 4254 1084 4298 et
1105 4241 1355 4315 Cyrenaei,
1405 4242 1492 4313 qui
1544 4258 1659 4295 cum
1695 4242 1943 4295 venissent
1996 4241 2177 4297 Antio-

587 4338 776 4403 chiam,
802 4337 1132 4404 loquebantur
1152 4337 1220 4390 ad
1246 4334 1472 4401 Gnaeos,
1509 4336 1869 4389 annuntiantes
1897 4333 2175 4388 Dominum

585 4430 785 4484 Jesum.
816 4428 909 4483 21.
936 4428 1002 4483 Et
1023 4438 1129 4483 erat
1158 4444 1341 4482 manus
1368 4426 1577 4481 Domini
1604 4442 1721 4480 cum
1743 4428 1812 4480 eis
1842 4442 1860 4479 :
1888 4425 2175 4495 multusque

588 4539 825 4575 numerus
846 4521 1155 4575 credentium
1178 4536 1449 4573 conversus
1476 4530 1547 4573 est
1572 4518 1639 4571 ad
1669 4516 1942 4573 Dominum
1968 4518 2002 4571 J
2012 4536 2168 4573 esum.

602 4614 752 4678 Vide,
783 4612 987 4667 Grmcis
1013 4611 1347 4681 evangelium
1389 4612 1727 4665 annuntiant.
1767 4610 2068 4665 Verisimile
2094 4621 2176 4665 est

588 4708 729 4761 enim
756 4706 877 4762 illos
906 4705 1093 4761 Grznce
1119 4704 1367 4770 scivissc,
1400 4714 1453 4759 et
1485 4704 1784 4758 Antiochia:
1808 4705 2005 4758 multos
2037 4705 2171 4759 tales

591 4798 770 4853 fuisse.
791 4796 855 4849 Et
882 4806 1008 4862 erat,
1037 4796 1227 4865 inquit,
1257 4813 1435 4850 manus
1463 4794 1671 4849 Domini
1691 4812 1803 4848 cum
1825 4796 1961 4859 illis;
1990 4795 2039 4848 itl
2068 4806 2171 4864 est,

589 4892 739 4959 signa
772 4887 1053 4942 faciebant.
1086 4888 1293 4954 Viden‘,
1345 4904 1441 4942 cur
1483 4889 1643 4942 etiam
1704 4903 1846 4943 nunc
1901 4890 2173 4959 signoruni

589 4981 876 5035 necessitas
909 4977 1089 5045 fuerit,
1119 4989 1175 5032 ut
1224 4979 1508 5033 crederent
1537 4980 1559 5033 ?
1593 4980 1684 5032 22.
1718 4979 1954 5033 Pervenit
2006 4989 2174 5034 autem

590 5090 753 5130 sermo
779 5072 849 5126 ad
868 5088 1017 5126 aures
1039 5070 1300 5136 Ecclesite,
1326 5088 1438 5141 qua:
1466 5080 1571 5124 erat
1616 5070 1955 5142 Jerosolymis
1981 5112 1994 5136 ,
2024 5088 2176 5142 super

587 5169 730 5221 istis:
752 5176 799 5220 et
824 5166 1068 5219 miserunt
1096 5163 1385 5217 Barnabam
1411 5181 1566 5234 usque
1583 5164 1652 5217 ad
1675 5165 2020 5218 Antiochiam.
2066 5165 2176 5221 Cur

589 5272 731 5315 tanta
754 5260 969 5314 civitate
996 5258 1216 5314 verbum
1256 5260 1549 5328 recipiente
1578 5274 1685 5312 non
1716 5266 1981 5313 venerunt
2034 5259 2130 5329 ipsi
2158 5302 2172 5325 ,

591 5350 687 5405 sed
714 5351 1009 5406 Barnaham
1061 5351 1379 5406 miserunt?
1430 5350 1656 5420 PrOptcr
1682 5351 1916 5407 Judams.
1978 5353 2174 5407 Verum

590 5461 694 5500 non
736 5460 896 5516 parva
926 5461 1012 5501 res
1034 5445 1119 5500 hic
1139 5446 1358 5516 geritur,
1403 5445 1530 5499 dum
1568 5446 1645 5500 sic
1690 5447 1883 5501 Paulus
1929 5450 2063 5503 istuc
2088 5463 2175 5504 ac-

589 5539 729 5595 cedit
764 5557 775 5592 :
812 5554 986 5609 neque
1028 5539 1143 5595 sine
1168 5555 1326 5596 eausn
1349 5582 1362 5603 ,
1389 5538 1487 5595 sed
1511 5556 1629 5594 cum
1662 5557 1852 5610 magna
1884 5543 2173 5611 providen-

589 5635 659 5688 tia
692 5634 839 5688 illmn
885 5641 1220 5699 aversantur,
1250 5650 1318 5689 ne
1348 5649 1451 5688 vox
1501 5635 1901 5705 prardicatiOnis
1940 5638 2171 5709 tubaque

588 5725 837 5780 ca‘iorum
867 5725 1213 5796 Jerosolyma:
1238 5726 1621 5783 includeretur.
1659 5728 1871 5795 Viden’,
1905 5733 2174 5800 quomodo

594 5818 784 5887 ultique
814 5818 1013 5872 inalitia
1064 5834 1269 5887 eorum,
1304 5831 1361 5875 ut
1400 5836 1532 5891 opus
1559 5832 1694 5889 erat,
1726 5835 1779 5878 et
1806 5835 1857 5879 ut
1884 5826 1993 5896 ipse
2025 5828 2164 5881 volc-

2280 2205 2393 2271 bat,
2419 2206 2664 2262 Christus
2692 2218 2952 2278 uteretur,
2985 2222 3145 2283 atque
3167 2213 3291 2268 odio
3322 2214 3373 2269 in
3397 2215 3620 2271 Paulum
3649 2217 3716 2271 ad
3740 2219 3875 2273 mdi-

2278 2296 2581 2353 ficationem
2605 2301 2859 2357 Ecclesiae
2887 2317 2949 2358 ex
2980 2305 3273 2375 gentibus?
3299 2307 3406 2363 Sed
3435 2309 3552 2364 vide
3585 2310 3728 2366 hunc
3744 2328 3882 2383 quo-

2276 2403 2381 2457 que
2396 2401 2639 2445 sanctum
2666 2434 2681 2459 ,
2717 2394 3014 2450 Barnabam
3044 2397 3185 2461 dico,
3211 2401 3484 2469 quomodo
3522 2418 3628 2458 non
3652 2420 3751 2459 sua
3792 2422 3872 2462 re-

2274 2481 2485 2549 spiciat,
2516 2485 2609 2539 sed
2639 2498 2819 2541 currat
2857 2488 3103 2547 Tarsum.
3144 2491 3231 2548 9.5.
3284 2495 3524 2563 Quicum
3552 2500 3788 2566 uenisset,
3835 2510 3883 2557 et

2275 2572 2476 2626 uidisset
2522 2577 2741 2644 gratiam
2766 2577 2894 2645 Dei,
2938 2584 3143 2652 gavisus
3183 2592 3277 2651 est,
3307 2596 3352 2641 et
3379 2588 3675 2643 hortabatur
3704 2607 3884 2648 omnes

2277 2665 2331 2718 in
2383 2670 2642 2737 proposito
2689 2674 2857 2727 cordis
2912 2691 3206 2745 permanere
3234 2679 3286 2732 in
3328 2677 3586 2737 Domino:
3623 2682 3718 2739 24.
3761 2688 3887 2756 quia

2278 2769 2382 2813 erat
2412 2760 2487 2813 vir
2510 2761 2670 2817 bonus
2690 2774 2735 2817 et
2761 2766 2939 2833 plenus
2964 2767 3164 2839 Spiritu
3191 2782 3367 2825 sancto
3394 2784 3441 2827 et
3467 2774 3589 2842 ﬁde.
3621 2774 3689 2829 Et
3710 2794 3886 2847 appo-

2275 2853 2372 2906 sita
2402 2863 2475 2908 est
2500 2856 2659 2908 multa
2686 2860 2830 2911 turba
2854 2858 3094 2917 Domino.
3129 2860 3217 2918 95.
3273 2862 3547 2938 Profectus
3589 2878 3661 2923 est
3699 2882 3880 2927 autem

2277 2944 2544 3001 Barnabas
2603 2947 2836 3017 Tarsum,
2872 2962 2924 3005 ut
2952 2968 3196 3023 qmereret
3239 2958 3461 3013 Saulum
3494 2977 3513 3015 :
3564 2979 3714 3031 quem
3763 2981 3886 3020 cum

2280 3032 2568 3104 invenisset,
2607 3042 2845 3110 perduxit
2887 3044 3229 3102 Antiochiam.
3290 3050 3536 3121 Optimus
3570 3055 3653 3109 vir
3680 3066 3889 3117 eratet

2280 3132 2529 3201 simplex,
2564 3142 2725 3204 atque
2752 3135 2918 3192 Paulo
2947 3137 3248 3196 familiaris.
3280 3143 3406 3199 ldeo
3439 3147 3585 3201 venit
3613 3148 3681 3203 ad
3715 3150 3887 3207 athle-

2281 3231 2410 3287 tam,
2439 3223 2505 3278 ad
2528 3225 2743 3292 ducem,
2771 3228 2837 3282 ad
2888 3232 3299 3288 monomachum
3322 3277 3336 3300 ,
3381 3237 3448 3290 ad
3478 3237 3692 3294 leonem
3726 3258 3740 3307 ;
3780 3259 3886 3298 ne-

2282 3315 2399 3368 scio
2422 3315 2548 3385 quid
2579 3317 2755 3373 dicam
2780 3336 2793 3384 ;
2818 3321 3076 3392 quidquid
3108 3326 3249 3379 enim
3300 3327 3529 3383 dixerim
3550 3372 3566 3394 ,
3611 3331 3883 3403 dignitate

2280 3406 2507 3463 inferius
2535 3409 2703 3466 Paulo
2733 3413 2853 3468 erit.
2880 3413 3039 3470 Venit
3065 3416 3131 3471 ad
3156 3420 3459 3474 venaticum
3486 3437 3678 3478 canem
3706 3465 3723 3492 ,
3764 3426 3885 3483 leo-

2280 3515 2378 3556 nes
2407 3500 2738 3559 occidentem
2770 3544 2785 3570 ,
2836 3505 2903 3560 ad
2950 3515 3157 3562 taurum
3208 3510 3441 3579 fortem,
3485 3512 3551 3568 ad
3597 3514 3881 3574 lucernam

2279 3593 2618 3663 splendidam
2643 3638 2660 3664 ,
2700 3597 2766 3652 ad
2806 3613 2867 3654 os
2897 3600 3011 3657 orhi
3044 3601 3333 3660 sufficiens.
3357 3604 3496 3662 Vere
3528 3607 3653 3664 ideo
3680 3611 3886 3668 Antio-

2279 3684 2414 3739 chia:
2454 3688 2627 3742 vocati
2684 3698 2808 3743 sunt
2860 3689 3194 3761 Christiani,
3246 3697 3369 3765 quia
3398 3697 3594 3755 Paulus
3621 3700 3694 3757 ibi
3732 3712 3887 3761 tanto

2282 3787 2522 3849 tempore
2546 3784 2763 3837 mansit.
2779 3782 2871 3839 26.
2905 3783 3124 3839 Factum
3145 3797 3216 3841 est
3233 3799 3401 3843 autem
3425 3800 3476 3843 ut
3497 3808 3689 3847 annum
3717 3805 3884 3852 totum

2279 3882 2701 3945 congregarentur
2726 3875 2779 3928 in
2806 3874 3055 3947 Ecclesia,
3079 3889 3128 3933 et
3154 3879 3385 3936 docerent
3409 3883 3609 3938 turbam
3640 3888 3881 3956 multam,

2278 3964 2349 4017 ita
2398 3974 2452 4017 ut
2500 3969 2977 4038 roguominarentur
3034 3973 3252 4042 primum
3298 3976 3582 4033 Antiochia:
3638 3982 3885 4053 discipuli

2279 4054 2571 4112 Christiani.
2598 4059 2712 4114 Non
2745 4076 2906 4131 parva
2935 4064 3166 4119 civitatis
3193 4067 3308 4120 laus
3338 4066 3473 4123 lucc.
3526 4068 3638 4127 Hoc
3688 4084 3883 4130 contra

2280 4161 2471 4203 omnes
2524 4150 2715 4206 adduci
2762 4161 2960 4221 potest,
2992 4155 3132 4225 quod
3165 4157 3335 4225 prima
3382 4162 3622 4215 omnium
3654 4179 3752 4220 ore
3790 4168 3881 4220 tali

2281 4248 2427 4294 tanto
2474 4248 2715 4311 tempore
2748 4243 3055 4300 frueretur:
3089 4248 3230 4304 unde
3263 4258 3318 4305 et
3364 4253 3540 4320 primo
3588 4254 3751 4312 isthic
3779 4258 3882 4316 hoc

2282 4332 2496 4388 nomine
2522 4333 2723 4405 dignati
2750 4346 2894 4391 sunt.
2921 4338 3106 4395 Vidcn’
3131 4340 3183 4395 in
3208 4354 3467 4413 quantum
3495 4346 3764 4419 fastigium
3798 4354 3882 4407 ci-

2280 4426 2494 4479 vitatem
2522 4430 2796 4498 extulerit,
2850 4432 3246 4505 elarioremque
3290 4434 3519 4494 fecerit?
3561 4441 3675 4497 lloc
3726 4444 3883 4501 Pauli

2279 4533 2414 4588 opus
2442 4529 2542 4573 est.
2568 4518 2669 4575 Ubi
2702 4525 2801 4576 tria
2830 4524 3017 4591 millia,
3050 4525 3139 4582 ubi
3178 4528 3416 4598 quinque
3436 4528 3607 4587 millia
3628 4536 3885 4597 credide-

2281 4618 2423 4675 runt,
2469 4613 2555 4665 ubi
2588 4621 2730 4667 tanta
2760 4614 3044 4671 multitudo
3064 4658 3079 4682 ,
3114 4618 3189 4673 ibi
3230 4619 3363 4675 nihil
3390 4623 3495 4677 tale
3524 4623 3729 4681 factum
3754 4640 3875 4697 est;

2278 4703 2373 4757 sed
2429 4704 2601 4760 adhuc
2626 4705 2693 4761 de
2724 4708 2805 4761 via
2836 4708 2922 4762 illa
2976 4717 3181 4765 tantum
3232 4726 3354 4767 esse
3400 4714 3718 4774 dicebantur
3748 4739 3761 4774 :
3796 4722 3882 4778 hic

2280 4810 2407 4850 vero
2434 4797 2720 4853 Christiani
2747 4803 2999 4870 appellati
3030 4813 3174 4858 sunt.
3220 4805 3310 4860 27.
3368 4806 3435 4861 In
3460 4809 3539 4863 his
3566 4823 3742 4867 autem
3766 4816 3879 4872 die-

2279 4888 2369 4943 bus
2401 4892 2763 4947 descenderunt
2790 4896 2853 4948 ab
2881 4894 3216 4969 Jerosolymis
3244 4901 3505 4969 praphette
3526 4904 3880 4968 Antiochiam.

2280 4983 2541 5050 Quoniam
2574 4987 2731 5043 isthic
2756 4987 2983 5043 fructum
3007 4978 3371 5063 ele'entosynm'
3392 4996 3621 5066 plantari
3660 5016 3884 5071 oporte-

2280 5077 2369 5132 bat
2390 5122 2403 5143 ,
2438 5081 2641 5136 utiliter
2665 5083 2979 5153 providetur
3006 5092 3060 5138 ut
3084 5088 3361 5157 prophetae
3393 5090 3489 5144 illo
3518 5092 3879 5154 descendant.

2284 5172 2364 5226 Tu
2391 5189 2523 5228 vero
2549 5174 2679 5229 mihi
2718 5176 3028 5233 consideres
3056 5180 3238 5246 velim,
3277 5183 3550 5237 neminem
3585 5201 3649 5241 ex
3677 5189 3881 5245 clario-

2279 5264 2429 5318 ribus
2458 5266 2646 5320 horum
2669 5266 2945 5323 doctorem
2973 5268 3137 5326 fuisse
3163 5290 3174 5324 :
3208 5272 3438 5343 Cyprios
3466 5276 3611 5331 enim
3637 5279 3882 5339 habuere

2281 5358 2553 5427 doctores,
2583 5359 2871 5431 Cyrcnmos
2900 5373 2955 5418 et
2985 5363 3237 5436 Paulum(
3269 5368 3477 5422 etiamsi
3512 5369 3600 5424 hic
3628 5372 3753 5426 illos
3785 5392 3880 5429 su-

2281 5455 2549 5521 peraverit
2579 5454 2617 5525 ),
2651 5456 2792 5510 sicut
2834 5456 3031 5515 Paulus
3072 5460 3326 5515 doctores
3355 5460 3539 5518 habuit
3574 5466 3881 5524 Bal'n;tb:lltt

2279 5555 2331 5597 et
2356 5549 2614 5601 Ananiatn
2644 5564 2659 5614 ;
2686 5549 2782 5603 sed
2810 5550 2939 5606 nihil
2965 5553 3089 5608 inde
3120 5557 3297 5611 minor
3327 5556 3425 5611 fuit
3459 5576 3471 5612 :
3524 5558 3759 5615 habebat
3795 5573 3882 5617 ta-

2285 5654 2404 5693 men
2433 5649 2487 5695 et
2516 5641 2807 5698 Christum.
2836 5644 2928 5701 28.
2985 5645 3212 5717 Surgens
3237 5659 3403 5723 autem
3432 5668 3560 5705 unus
3588 5669 3650 5707 ea:
3680 5656 3752 5708 eis
3784 5674 3878 5710 no-

2282 5732 2414 5788 mine
2443 5734 2664 5804 Agabus,
2691 5737 3219 5809 signi/icabatfamem
3266 5760 3503 5815 magnam
3548 5748 3777 5814 futuram
3834 5752 3885 5802 in

2285 5829 2513 5886 universe
2549 5830 2688 5901 orbe,
2730 5848 2843 5901 q'uc
2874 5836 3014 5903 facta
3042 5845 3114 5889 est
3136 5837 3229 5891 sub
3259 5836 3478 5893 Claudio
3518 5838 3737 5896 (sescire.
3770 5843 3881 5898 Ne.
