4034 6424
165 470 261 526 191

155 584 195 653 ἡ
222 580 365 634 κατά
391 580 628 634 διάνοιαν
674 577 938 651 ῥᾳθυμία,
989 578 1111 632 οὐδέ
1151 579 1234 631 ὅτι
1278 579 1565 650 εὐχόμενοι
1611 578 1852 650 ἀλλαχοῦ

158 668 517 741 ῥεμϐόμεθαο
542 666 682 720 ἀλλά
723 668 819 727 καὶ
865 667 1077 735 γέλωτα
1116 668 1484 740 ἐπεισάγομεν
1515 667 1611 721 καὶ
1639 667 1803 721 πολὺν
1826 680 1852 708 α

155 757 256 810 τὸν
289 754 634 826 καγχασμόν.

234 844 330 914 Μὴ
364 845 474 912 γὰρ
505 841 737 913 θέατρόν
763 841 882 894 ἐστι
912 840 982 894 τά
1026 841 1303 904 ἐνταῦθας
1351 842 1515 905 Ἀλλ’,
1549 838 1705 913 οἶμαι
1729 882 1742 909 δ
1785 841 1854 894 ἰἀ

160 932 370 1002 θέατρα
397 930 553 984 τοῦτο
579 931 754 982 ποιεῖ·
808 928 1095 999 δυσηνίους
1122 932 1244 994 τοὺς
1281 929 1512 992 πολλοὺς
1541 934 1675 1002 ημῖν
1718 929 1856 984 καθ-

163 1019 384 1088 ίστησιν
420 1017 514 1070 καὶ
537 1015 873 1088 ἀρῤύθμους.
909 1018 1091 1089 Ἀπερ
1130 1017 1528 1088 οἰκοδομοῦμεν
1574 1017 1810 1072 ἐνταῦθα
1835 1057 1851 1083 ,

161 1107 287 1159 ἐκεῖ
323 1104 796 1175 καταστρέφεται·
821 1105 919 1158 καλ⁵
947 1104 1009 1158 οὐ
1041 1104 1199 1158 τοῦτο
1233 1105 1415 1175 μόνον,
1447 1104 1585 1159 ἀλλά
1621 1104 1715 1158 καὶ
1738 1103 1856 1158 ἐτι-

163 1210 272 1264 ρας
295 1190 639 1262 ἀκαθαρσίας
664 1191 880 1262 ἀνάγκη
909 1191 1106 1255 αὐτοῦς
1131 1191 1572 1263 ἀναπεπλῆσθαι.
1597 1193 1710 1246 Καὶ
1727 1208 1858 1246 ταυ-

160 1280 260 1332 τὸν
295 1279 525 1346 γίνεται,
562 1272 674 1332 οἷον
703 1278 771 1333 ἂν
797 1278 854 1331 ετ
878 1296 964 1342 τις
997 1279 1199 1349 χωρίον
1231 1278 1407 1332 ἐθέλοι
1428 1279 1702 1351 καθᾶραι,
1745 1297 1857 1350 πη-

161 1371 270 1441 γῆς
290 1368 497 1423 ἀνωθεν
521 1369 930 1440 ὑπερκειμένης
961 1369 1222 1441 βόρϐορον
1256 1369 1514 1440 ἀφιείσης
1538 1387 1550 1398 ·
1593 1371 1717 1424 ὅσον
1747 1371 1856 1441 γὰρ

163 1455 233 1509 ἂν
251 1454 524 1528 καθάρῃς,
537 1456 700 1510 πάλιν
714 1456 902 1528 ἕτερον
915 1457 1154 1526 ἐπιρρεῖ.
1163 1454 1333 1508 Τοῦτο
1351 1455 1444 1509 καὶ
1464 1454 1698 1509 ἐνταῦθα
1709 1457 1858 1524 γίνε-

160 1558 272 1594 ται.
293 1541 442 1614 ξεοο]
467 1543 633 1596 Ὅταν
654 1543 763 1613 γάρ
780 1541 1234 1613 καθάρωμενάπὸ
1249 1542 1355 1596 τῶν
1375 1541 1622 1614 θεάτρων
1654 1543 1854 1596 εἰσιόν-

162 1645 279 1692 τας.
308 1629 654 1700 ἀκαθαρσίαν
677 1629 1072 1700 ἐπιφέροντας,
1109 1629 1438 1693 ἀπελθόντες
1471 1629 1634 1683 πάλιν
1666 1631 1783 1682 ἐκεῖ
1805 1629 1853 1694 ι’,

167 1715 389 1786 μείζονα
421 1719 672 1790 δέχονται
700 1717 798 1789 τὴν
828 1719 1194 1791 ἀκαθαρσίαν,
1230 1718 1306 1783 ώς
1337 1718 1592 1789 ἐπίτηδες
1618 1716 1707 1771 διά
1729 1717 1856 1770 τοῦ-

163 1821 224 1856 το
259 1803 492 1870 ζῶντες,
531 1805 619 1859 ἵνα
649 1807 852 1870 κόπους
893 1809 1029 1878 ἡμῖν
1077 1810 1404 1880 παρέχωσι,
1457 1808 1552 1860 καὶ
1602 1807 1855 1879 ἔρχονται

165 1891 328 1945 πάλιν
359 1892 565 1965 πολλὴν
617 1894 825 1966 κόπρον
867 1895 1233 1965 βαστάζοντες
1256 1937 1268 1958 ,
1299 1897 1358 1949 ἐν
1384 1897 1502 1959 τοῖς
1528 1894 1715 1966 ἤθεσιν
1739 1933 1754 1959 ,
1795 1895 1854 1948 ἐν

224 1995 370 2068 εΑιξξ
394 1997 591 2068 γέλωτα
605 1998 861 2068 ἐπεισιέναι
881 2001 972 2068 χρὴ
988 2000 1070 2068 καὶ
1099 2000 1264 2068 πολύν.
1306 2000 1419 2068 fit}!
1450 1999 1681 2061 plerique
1708 1998 1853 2049 codd.

159 2063 214 2107 et
237 2053 424 2119 Savilf;
463 2057 655 2121 Manli,
679 2063 762 2109 καὶ
798 2053 940 2110 ἀκάθ.
963 2053 1077 2119 ’ἔπη
1110 2062 1194 2109 ἀπ.
1229 2061 1346 2110 ἐκεῖ.
1382 2053 1519 2111 Ευὶτ.

1260 458 1328 513 ΙΝ
1368 457 1554 514 ACTA
1583 454 2134 514 APOSTOLORUM.
2175 452 2418 509 ΠΟΜίΙι.
2457 450 2622 507 XXV.

3553 453 3652 506 IUL’.

1957 583 2070 644 τοῖς
2101 575 2430 647 κινήμασιν,
2474 575 2533 627 ἐν
2573 573 2686 635 τοῖς
2719 572 2961 644 ῥήμασιν
2981 612 2994 636 ,
3025 572 3084 625 ἐν
3109 569 3186 642 τῷ
3220 570 3456 639 γέλωτι,
3494 573 3554 628 ἐν
3581 579 3648 645 τῇ

1959 666 2223 740 ῥᾳθυμία,
2257 659 2393 718 Εἶτα
2422 663 2588 717 πάλιν
2619 663 2782 733 ἡμεῖς
2813 661 3134 730 σκάπτομεν
3156 660 3388 726 ἀνωθεν,
3431 661 3508 726 ὼς
3533 663 3655 715 ἐπί-

1957 756 2115 826 τηδες
2144 754 2235 808 δια
2261 753 2422 807 τοῦτο
2457 751 2814 813 σκάπτοντες,
2848 750 2935 802 ἵνα
2967 748 3247 819 καθαροὺς
3273 750 3473 814 αὐτοὺς
3517 751 3654 821 πέμ-

1955 845 2159 914 ψαντες
2191 841 2355 896 πάλιν
2383 841 2585 910 ἴδωμεν
2631 837 3044 907 συναγαγόντας
3086 836 3180 890 τὸν
3224 837 3507 908 βόρϐορον.
3551 840 3655 894 Διά

1956 932 2117 986 τοῦτο
2169 929 2516 1001 παραδίδωμι
2569 928 2716 997 ὑμᾶς
2763 925 2841 997 τῷ
2880 924 3020 996 Θεῷ.
3087 924 3372 978 Ἐντεῦθεν
3417 926 3519 996 ήδη
3557 927 3655 981 καὶ

1955 1020 2409 1092 διαμαρτύρομαι
2458 1017 2589 1088 ὐμῖν
2619 1018 2734 1078 τοῖς
2767 1015 3106 1083 ὑγιαίνουσιν
3129 1054 3146 1080 ,
3187 1014 3271 1067 ὅτι
3305 1017 3485 1086 κρῖμα
3525 1015 3657 1085 ύμῖν

1959 1107 2113 1162 ἔσται
2159 1093 2254 1160 καὶ
2302 1103 2627 1175 κατάκριμα
2652 1145 2667 1168 ,
2709 1102 2764 1154 εῖ
2794 1119 2878 1167 τις
2919 1101 3044 1156 ἰδὼν
3066 1100 3415 1155 ἀτακτοῦντα
3440 1143 3454 1167 ,
3489 1100 3543 1154 εἴ
3569 1118 3656 1166 τις

1957 1197 2345 1266 διαλεγόμενον
2388 1196 2626 1266 μάλιστα
2655 1196 2713 1247 ἐν
2742 1193 2942 1264 ἐκείνῳ
2965 1192 3044 1264 τῷ
3074 1191 3254 1263 καιρῷ
3283 1235 3296 1258 ,
3355 1191 3430 1266 μὴ
3480 1210 3656 1248 κατα-

1961 1285 2217 1357 μηνύσει,
2243 1284 2378 1356 μηδὲ
2412 1283 2732 1355 ἐπιστρέψει
2765 1299 2780 1313 ⁸
2823 1281 3033 1353 βέλτιον
3071 1281 3241 1352 εὐχῆς
3269 1280 3450 1334 τοῦτο.
3485 1281 3658 1349 Ἄφες

1961 1392 2056 1429 σου
2106 1379 2207 1445 τὴν
2259 1374 2446 1445 εὐχὴν,
2503 1373 2744 1443 κάκείνῳ
2792 1370 3118 1441 ἐπιτίμησον
3162 1385 3177 1402 ο
3225 1367 3370 1424 οὕτω
3403 1369 3658 1423 κάκεῖνον

1958 1463 2302 1534 ὠφελήσεις,
2346 1461 2441 1514 καὶ
2493 1462 2557 1514 σὺ
2608 1460 2914 1531 κερδανεῖς.
2967 1457 3127 1513 Οῦτω
3167 1459 3263 1512 καὶ
3308 1456 3660 1527 δυνησόμεθα

1958 1552 2202 1615 ἅπαντες
2248 1549 2536 1619 σωθῆναι,
2595 1548 2692 1602 καὶ
2750 1548 2852 1618 τῆς
2899 1546 3009 1601 τῶν
3068 1545 3319 1619 οὐρανῶν
3378 1543 3659 1615 βασιλείας

1959 1642 2240 1711 ἐπιτυχεῖν
2267 1655 2280 1668 ·
2312 1633 2379 1709 ἦς
2422 1629 2638 1705 γένοιτο
2683 1636 2894 1698 πάντας
2941 1636 3093 1706 ἡμᾶς
3131 1632 3443 1687 ἀπολαῦσαι
3473 1631 3660 1702 χάριτι

1952 1731 2054 1784 καὶ
2111 1725 2501 1797 φιλανθρωπίᾳ
2537 1723 2634 1777 τοῦ
2685 1723 2893 1794 Κυρίου
2945 1721 3106 1792 ἡμῶν
3152 1720 3327 1790 Ἰησοῦ
3368 1718 3610 1792 Χριστοῦ
3645 1757 3659 1782 ,

1968 1817 2088 1890 μεθ’
2118 1810 2180 1870 οῦ
2205 1815 2282 1887 τῷ
2308 1815 2485 1887 Πατρὶ
2516 1814 2633 1884 ἅμα
2663 1812 2743 1883 τῷ
2769 1811 2912 1882 ἀγίῳ
2942 1809 3225 1880 Πνεύματι
3257 1808 3404 1873 δόξα,
3432 1805 3659 1879 κράτος,

1964 1906 2120 1978 τιμὴ,
2172 1905 2268 1959 νῦν
2320 1904 2416 1958 καὶ
2461 1904 2570 1968 ἀεὶ,
2621 1902 2718 1956 καὶ
2755 1901 2839 1965 εἰς
2870 1900 2997 1965 τοῦς
3024 1899 3230 1962 αἰῶνας
3271 1897 3382 1952 τῶν
3420 1894 3658 1950 αἰώνων.

1975 1996 2081 2066 ’Λμ
2096 1995 2154 2064 ἦν

1691 2241 1943 2294 ΟΜΙΛΙΑ
1994 2237 2124 2292 ΚΕ’.

161 2339 230 2390 Ol
253 2337 374 2406 μὲν
393 2330 968 2406 οὖνρδιασπαρέντες
989 2335 1108 2406 ἀπὸ
1137 2335 1250 2404 τῆς
1272 2335 1536 2404 θλίψεως
1559 2331 1660 2406 τῆς
1688 2349 1858 2406 γενοτ

223 2403 420 2477 μένης
458 2408 558 2460 ἐπὶ
593 2403 911 2476 Στεφάνῳ,
962 2403 1221 2474 διῆλθον
1265 2403 1394 2473 ἓωςί
1422 2405 1712 2477 Φοινίκης
1753 2403 1854 2477 καὶ

229 2473 480 2542 Κύπρου
513 2478 613 2530 καὶ
658 2473 1058 2546 Ἀντιοχείας,
1095 2477 1314 2546 μηδενὶ
1360 2475 1703 2539 λαλοῦντες
1748 2473 1859 2526 τὸν

230 2550 442 2616 λόγον,
471 2550 523 2601 εί
539 2547 626 2617 μὴ
653 2550 850 2617 μόνον
877 2547 1213 2612 Ἰουδαίοις.

231 2642 302 2690 α’.
333 2636 409 2689 Οὐ
432 2636 629 2706 μικρὸν
654 2637 682 2689 ό
713 2635 952 2706 διωγμὸς
981 2633 1349 2705 κατώρθωσεν
1387 2633 1469 2696 είς
1496 2631 1588 2686 τὸν
1611 2630 1772 2700 λόγον
1805 2642 1856 2684 α.

159 2724 291 2786 Τοῖς
324 2722 436 2794 γάρ
463 2723 720 2789 ἀγαπῶσι
750 2722 841 2775 τὸν
867 2723 1002 2776 Θεὸν
1033 2721 1212 2776 πάντα
1244 2723 1521 2792 συνεργεῖ,
1560 2719 1746 2790 φησὶν,
1778 2718 1860 2781 εἰς

156 2811 394 2882 ἀγαθόν.
437 2812 551 2865 Οὐκ
613 2812 718 2876 ἂν,
782 2811 836 2863 εῐ
883 2826 947 2877 γε
1007 2809 1266 2880 ἐπίτηδες
1324 2807 1670 2861 ἐσπούδασαν
1724 2806 1856 2878 στῆ-

160 2918 257 2954 σαι
308 2901 408 2970 τὴν
453 2899 818 2969 Ἐκκλησίαν.
854 2898 982 2953 ἀλλο
1010 2915 1062 2951 τι
1095 2897 1385 2967 ἐποίησαν,
1416 2895 1450 2966 ἢ
1477 2893 1639 2948 τοῦτο
1668 2908 1682 2923 ’
1712 2892 1859 2963 λέγω

156 2988 221 3043 δὲ
274 2988 338 3041 τὸ
380 2988 698 3056 διασπεῖραι
730 2987 859 3047 τοὺς
918 2985 1299 3049 διδασκάλους.
1351 2985 1464 3038 Καὶ
1510 2985 1616 3055 ὅρα
1661 2982 1766 3036 ποῦ
1798 2983 1860 3036 τὸ

159 3077 430 3149 κήρυγμα
460 3075 710 3146 ἐξετάθη.
748 3073 1030 3143 Διῆλθον,
1063 3075 1250 3145 φησὶν,
1287 3074 1399 3139 ἕως
1436 3073 1728 3138 Φοινίκης
1760 3071 1861 3125 καὶ

157 3167 414 3233 Κύπρου
441 3163 542 3218 καί
580 3163 968 3232 Ἀντιοχείας,
1003 3161 1222 3232 μηδενί
1253 3161 1594 3225 λαλοῦντες
1616 3159 1725 3213 τόν
1754 3160 1861 3213 λό-

157 3254 371 3325 fons!
396 3252 485 3322 μὴ
521 3253 718 3322 μόνον
760 3251 1098 3318 Ἰουδαίοις.
1141 3251 1302 3322 Ὁρᾷς
1364 3249 1448 3303 ὅτι
1499 3249 1863 3320 οἰκονομικῶς

162 3341 346 3395 πάντα
365 3340 558 3410 γέγονε
577 3340 650 3394 τά
684 3339 814 3411 περὶ
843 3339 1176 3411 Κορνήλιον;
1200 3338 1374 3392 Τοῦτο
1403 3339 1463 3392 δὲ
1489 3339 1585 3392 καὶ
1617 3342 1697 3400 είς
1726 3339 1864 3392 ἀπο-

159 3430 355 3499 λογίαν
394 3428 488 3483 τοῦ
507 3426 770 3501 Χριστοῦ,
803 3429 898 3482 καὶ
948 3429 1030 3492 είς
1059 3427 1398 3499 κατηγορίαν
1448 3427 1558 3480 τῶν
1592 3427 1864 3481 Ἰουδαίων

161 3517 336 3571 ἐστίν.
376 3515 508 3570 Ὅτε
555 3515 688 3584 γοῦν
737 3513 1012 3584 Στέφανος
1060 3513 1324 3584 ἀνῃρέθη,
1377 3515 1466 3566 ὅτε
1513 3514 1725 3577 Παῦλος
1781 3515 1863 3578 δὶς

162 3604 569 3671 ἐκινδύνευσεν,
597 3603 686 3656 ὅτε
715 3604 764 3657 οί
797 3602 1089 3656 ἀπόστολοι
1121 3585 1578 3672 ἐμαστίχθησαν,’
1607 3603 1697 3657 ὅτε
1734 3601 1865 3656 πολ-

164 3692 327 3756 Αάκις
350 3691 657 3764 ἠλάθησαν,
689 3692 811 3746 τότε
834 3690 902 3744 τά
933 3689 1063 3760 ἔθνη
1090 3689 1306 3760 ἐδέχθη,
1346 3689 1468 3742 τότε
1501 3691 1862 3760 Σαμαρεῖται.

170 3784 240 3835 ὐ
265 3782 360 3836 καὶ
386 3779 595 3842 Παῦλος
625 3779 725 3851 βοᾷ
743 3777 941 3847 λέγων’
990 3777 1152 3847 Ὑμῖν
1170 3774 1249 3847 ἦν
1271 3777 1608 3847 ἀναγκαῖον
1627 3775 1866 3846 πρῶτον

162 3867 516 3936 λαληθῆναι
539 3867 646 3922 τὸν
670 3869 861 3936 λόγον
892 3865 1000 3919 τοῦ
1057 3864 1225 3919 Θεοῦ·
1261 3864 1468 3932 ἐπειδὴ
1519 3865 1588 3917 δὲ
1615 3864 1866 3920 ἀπωθεῖ-

166 3962 284 4015 σθε
332 3957 543 4022 αὑτὸν,
592 3957 690 4011 καὶ
739 3957 852 4010 οὐκ
897 3954 1113 4020 ἀξίους
1140 3954 1372 4021 κρίνετε
1403 3953 1681 4021 ἑαυτοὺς,
1734 3952 1865 4008 ίδοὺ

167 4047 552 4116 στρεφόμεθα
572 4046 660 4110 εἰς
701 4043 774 4098 τὰ
801 4042 970 4109 ἔθνη.
1027 4041 1360 4111 Περιῄεισαν
1399 4036 1492 4094 οὖν
1539 4041 1634 4094 καὶ
1685 4041 1866 4094 ἔθνεσι

165 4133 565 4203 διαλεγόμενοι.
595 4126 792 4185 Ἦσαν
815 4128 883 4184 δέ
910 4145 1072 4195 τινες
1115 4129 1185 4194 ἐξ
1223 4127 1424 4183 αὐτῶν
1477 4128 1696 4197 ἄνδρες
1744 4131 1866 4183 Κύ-

167 4238 336 4292 πριοι
386 4219 487 4274 καὶ
536 4217 882 4287 Κυρηναῖοι,
915 4218 1136 4283 οἵτινες
1186 4217 1473 4283 ἐλθόντες
1520 4219 1610 4284 είς
1639 4217 1868 4273 Ἀντιό-

169 4326 366 4382 χσιαν,
391 4306 664 4362 ἐλάλουν
696 4305 846 4375 πρὸς
899 4305 1042 4371 τοὺς
1083 4306 1511 4373 Ἑλληνιστάς,
1561 4308 1869 4377 εὐαγγελι-

168 4398 407 4469 ζόμενοι
453 4395 564 4449 τὸν
604 4394 826 4462 Κύριον
869 4392 1136 4462 Ἰησοῦν.
1177 4394 1288 4448 Καὶ
1341 4389 1422 4463 ἦν
1459 4395 1591 4463 χείρ
1642 4395 1866 4463 Κυρίου

163 4486 296 4557 μετ’
331 4482 555 4546 αὐτῶν,
581 4482 778 4546 πολύς
822 4497 887 4534 τε
924 4479 1171 4549 ἀριθμὸς
1208 4482 1548 4547 πιστεύσας
1586 4480 1869 4553 ἐπέστρε-

169 4577 294 4646 ψεν
320 4571 422 4626 ἐπὶ
448 4570 556 4625 τὸν
594 4571 812 4637 Κύριον
855 4569 1120 4637 Ἰησοῦν.
1155 4570 1320 4642 Ὀρα,
1354 4569 1611 4641 Ἕλλησιν
1634 4571 1869 4640 εὐαγγε-

172 4659 416 4726 λίζονται
453 4658 501 4712 δ.
536 4657 700 4720 Εἰκὸς
724 4657 834 4729 γάρ
858 4657 1057 4721 αὐτούς
1083 4676 1144 4712 τε
1168 4656 1359 4712 λοιπὸν
1381 4658 1580 4713 εἰδέναι
1618 4658 1868 4731 Ἐλληνι-

175 4750 286 4814 στὶ,
338 4749 438 4803 καὶ
477 4744 631 4819 [2011
679 4747 739 4800 ἐν
806 4747 1110 4819 Ἀντιοχείᾳ
1135 4747 1415 4812 τοιούτους
1440 4742 1584 4803 εἶναι
1612 4747 1864 4812 πολλούς.

175 4840 289 4897 Καὶ
318 4836 398 4911 ἦν
428 4839 559 4910 χεὶρ
583 4837 829 4908 Κυρίου,
861 4839 1014 4908 φησὶ,
1041 4837 1172 4908 μετ’
1223 4839 1446 4894 αὐτῶν·
1471 4839 1743 4905 τουτέστι,
1773 4857 1870 4911 ση-

179 4934 310 5003 μεῖα
340 4928 683 5002 εἰργάζοντο.
724 4927 888 4998 ὐρᾷς
914 4926 1002 4981 διά
1028 4927 1080 4981 τί
1113 4926 1208 4981 καὶ
1253 4927 1349 4981 νῦν
1398 4928 1431 4998 ή
1473 4926 1583 4982 τῶν
1625 4928 1870 5000 σημείων

175 5020 394 5090 ἀνάγκη
428 5017 676 5086 γέγονεν,
705 5017 791 5070 ἵνα
823 5015 1228 5082 πιστεύσωσινς
1277 5017 1575 5086 Ἠκούσθη
1615 5015 1684 5070 δὲ
1715 5019 1748 5071 ό
1768 5017 1872 5071 λό-

177 5126 285 5180 γος
308 5110 396 5173 είς
417 5106 492 5160 τὰ
525 5101 648 5160 ὦτα
677 5104 790 5175 τῆς
849 5106 1219 5174 Ἐκκλησίας
1258 5105 1370 5175 τῆς
1402 5106 1600 5174 οὔσης
1640 5108 1711 5161 ἐν
1767 5107 1873 5162 Ἰε-

170 5194 545 5265 ροσολύμοις
571 5193 644 5248 τὰ
668 5191 804 5261 περὶ
843 5192 1062 5257 αὐτῶν,
1091 5193 1191 5247 καὶ
1239 5193 1687 5258 ἐξαπέστειλαν
1718 5199 1871 5265 Βαρ-

177 5282 373 5337 νάϐαν
393 5281 657 5336 διελθεῖν
687 5281 798 5348 ἕως
847 5282 1228 5352 Ἀντιοχείας.
1261 5283 1327 5335 Τί
1361 5283 1561 5354 δήποτε
1613 5283 1872 5354 τοιαύτης

178 5371 392 5434 πόλεως
433 5369 733 5442 δεχομένης
784 5370 1076 5440 τὸνλόγον,
1140 5371 1241 5424 οὐκ
1293 5366 1458 5442 ἦλθον
1514 5372 1693 5439 αὐτοὶ,
1734 5372 1872 5426 ἀλλά

181 5459 474 5532 Βαρνάϐαν
531 5459 847 5530 πέμπουσις
904 5458 1004 5513 Διά
1047 5461 1175 5524 τοὺς
1245 5461 1554 5525 Ἰουδαίους.
1609 5461 1757 5534 Πλὴν
1809 5463 1870 5517 οὐ

184 5547 382 5619 μικρὸν
402 5547 537 5620 δήτι
557 5548 925 5618 οἰκονομεῖται
957 5549 1052 5602 καὶ
1077 5547 1222 5602 οῦτω
1254 5548 1317 5602 τὸ
1333 5549 1425 5603 τὸν
1447 5547 1661 5604 Παῦλον
1678 5550 1873 5606 ἐνταῦ-

183 5637 253 5692 θα
275 5637 704 5708 παραγενέσθαυ
739 5636 861 5692 οὐδὲ
899 5637 1109 5702 ἁπλῶς,
1141 5637 1279 5693 ἀλλά
1307 5639 1401 5693 καὶ
1432 5639 1641 5710 σφόδρα
1666 5642 1873 5695 οἰκονο-

185 5725 364 5796 μικῶς
391 5724 558 5780 αὐτὸν
601 5725 1061 5800 ἀποστρέφονται,
1117 5728 1205 5780 ῖνα
1258 5727 1333 5799 μὴ
1393 5729 1765 5799 κατακλεισθῇ
1814 5729 1874 5782 ἐν

195 5807 591 5880 Ἰεροσολύμοις
619 5811 652 5878 ή
685 5809 839 5882 φωνὴ
871 5810 966 5864 τοῦ
1014 5811 1396 5882 κηρύγματος,
1436 5814 1470 5885 ἡ
1503 5813 1742 5882 σάλπιγξ
1766 5814 1876 5868 τῶ)

183 5897 453 5968 οὐρανῶν.
493 5895 648 5962 Εἶδες
689 5899 806 5963 πῶς
843 5900 1122 5971 πανταχοῦ
1158 5904 1276 5964 ταῖς
1311 5902 1537 5966 κακίαις
1580 5903 1762 5956 αὐτῶν
1794 5905 1873 5967 εἰς

194 6097 211 6108 _
247 6036 272 6065 ⁸
297 6037 511 6112 Αἰξί)..ού
537 6042 703 6112 μικρὸν
762 6042 1051 6112 κατόρθωμα
1080 6043 1119 6112 ’ὁ
1159 6043 1366 6112 διωγμὸς
1400 6047 1582 6105 γέγονε.
1659 6043 1686 6084 δ
1733 6046 1870 6110 uxr,

189 6099 298 6161 ὅρα·
346 6099 582 6160 "Enna?!
618 6099 1010 6169 ι’)α·ι”ιέ)ξζοίιττιν’,
1062 6099 1334 6156 οεευυίίυ
1379 6099 1492 6157 uiui.

1959 2330 2102 2397 δέον,
2141 2331 2236 2382 καὶ
2257 2328 2450 2399 ὥσπερ
2486 2326 2743 2380 ἐϐούλετο
2781 2324 3011 2389 ἀνωθεν,
3062 2325 3420 2396 ἀπεχρήσατο
3463 2325 3490 2378 ό
3525 2325 3664 2395 Χρι-

1961 2417 2108 2482 στὸς,
2149 2420 2247 2472 καὶ
2278 2416 2356 2488 τῷ
2385 2416 2544 2486 μίσει
2568 2415 2645 2485 τῷ
2670 2416 2808 2485 πρὸς
2860 2413 2953 2467 τὸν
2984 2413 3200 2467 Παῦλον
3230 2414 3311 2476 είς
3369 2413 3664 2484 οἰκοδομὴν

1959 2507 2061 2576 τῆς
2090 2505 2200 2561 ἀπὸ
2226 2506 2338 2558 τῶν
2371 2503 2542 2558 ἐθνῶν
2587 2501 2958 2573 Ἐκκλησίας;
3008 2501 3150 2554 Ἀλλ’
3205 2501 3280 2554 ῐδε
3334 2501 3426 2554 καὶ
3473 2505 3667 2555 τοῦτον

1958 2594 2051 2647 τὸν
2074 2593 2253 2662 ἅγιον,
2287 2592 2380 2645 τὸν
2411 2590 2700 2662 Βαρνάϐαν
2751 2589 2920 2658 λέγω,
2957 2587 3074 2652 πῶς
3099 2588 3160 2642 οὐ
3189 2588 3251 2641 τὸ
3282 2586 3449 2641 αὐτοῦ
3497 2583 3664 2651 εἶδεν,

1961 2682 2078 2736 ἀλλ’
2133 2681 2370 2752 ἔδραμεν
2433 2682 2516 2742 εἰς
2555 2680 2794 2749 Ταρσόν.
2861 2681 2965 2743 Ὃς
3001 2678 3516 2747 παραγενόμενος,
3567 2674 3669 2729 καὶ

1964 2771 2108 2826 ίδὼν
2161 2770 2278 2840 τὴν
2327 2769 2508 2839 χάριν
2543 2768 2651 2822 τοῦ
2705 2765 2878 2834 Θεοῦ,
2931 2765 3145 2836 ἐχάρη,
3186 2766 3284 2819 καί
3337 2764 3664 2832 παρεκάλει

1962 2859 2197 2926 πάντας
2247 2857 2326 2927 τῇ
2377 2857 2660 2925 προθέσει
2707 2855 2818 2923 τῆς
2879 2855 3129 2923 καρδίας
3169 2853 3543 2923 προσμένειν
3585 2848 3668 2914 τῷ

1961 2951 2182 3018 Κυρίῳ,
2221 2947 2310 3001 ὅτι
2338 2942 2418 3016 ἦν
2443 2945 2600 3014 ἀνὴρ
2629 2945 2856 3012 ἀγαθὸς
2905 2942 3004 2996 καὶ
3046 2941 3290 3010 πλήρης
3317 2940 3668 3008 Πνεύματος

1962 3035 2138 3104 ἁγίου
2165 3033 2262 3087 καὶ
2295 3033 2578 3094 πίστεως.
2615 3029 2726 3084 Καὶ
2770 3025 3108 3096 προσετέθη
3139 3026 3326 3096 ὄχλος
3352 3023 3564 3089 ἱκανὸς
3589 3023 3671 3089 τῴ

1963 3125 2179 3192 Κυρίῳ.
2222 3121 2482 3190 Ἐξῆλθε
2515 3120 2586 3174 δὲ
2618 3122 2708 3184 είς
2771 3119 3007 3187 Ταρσὸν
3039 3122 3072 3174 ὁ
3098 3117 3416 3187 Βαρνάϐας
3457 3115 3672 3184 ἀναζη-

1963 3209 2149 3281 τῆσαι
2197 3209 2468 3274 Παῦλον,
2525 3207 2624 3262 καὶ
2667 3206 2863 3276 εὑρὼν
2910 3205 3140 3278 ἤγαγεν
3169 3205 3361 3260 αὐτὸν
3397 3206 3485 3270 εἰς
3552 3204 3673 3257 Ἁν-

1963 3301 2253 3368 τιόχειαν.
2291 3297 2435 3350 Πολὺ
2458 3296 2695 3368 χρηστὸς
2717 3291 2786 3366 ἦν
2809 3297 2836 3348 ὁ
2884 3295 3024 3364 ἀνὴρ
3055 3294 3153 3346 καὶ
3183 3293 3391 3363 ἀφελὴς
3428 3292 3523 3345 καὶ
3571 3289 3670 3343 τοῦ

1965 3386 2185 3440 Παύλου
2212 3386 2475 3458 συνήθης.
2505 3384 2596 3437 Διὸ
2629 3383 2724 3437 καὶ
2745 3379 2912 3455 ἦλθεν
2947 3383 3041 3435 ἐπὶ
3063 3384 3154 3437 τὸν
3188 3381 3432 3453 ἀθλητὴν
3485 3392 3535 3447 α,
3577 3381 3671 3433 ἐπὶ

1963 3476 2058 3530 τὸν
2117 3473 2451 3544 στρατηγὸν,
2506 3473 2600 3524 ἐπὶ
2641 3471 2734 3524 τὸν
2802 3469 3137 3542 μονομάχον,
3171 3469 3266 3524 ἐπὶ
3295 3470 3386 3521 τὸν
3450 3467 3666 3520 λέοντα·

1980 3565 2084 3618 οὐκ
2127 3563 2237 3634 ἔχω
2287 3561 2342 3614 τί
2397 3562 2539 3614 εἴπω
2570 3578 2583 3590 ο
2634 3561 2738 3614 ὅσα
2785 3559 2897 3630 γὰρ
2932 3559 2998 3612 ἂν
3044 3559 3206 3625 εἴπω,
3255 3557 3519 3610 ἐλάττονα
3567 3555 3673 3626 τῆς

1966 3652 2126 3717 ἀξίας
2159 3650 2256 3704 τοῦ
2292 3649 2508 3703 Παύλου
2541 3649 2677 3720 ἐρῶ.
2709 3645 2916 3701 Ἦλθεν
2963 3647 3058 3701 ἐπὶ
3103 3647 3195 3700 τὸν
3249 3646 3391 3699 κύνα
3423 3646 3518 3700 τὸν
3570 3645 3674 3714 θη-

1969 3739 2214 3813 ρατικὸν,
2262 3738 2352 3791 τὸν
2397 3737 2622 3801 λέοντας
2652 3735 3008 3808 ἀναιροῦντα,
3047 3734 3142 3788 ἐπὶ
3188 3733 3280 3788 τὸν
3321 3733 3528 3804 ταῦρον
3579 3734 3674 3786 τὸν

1967 3828 2213 3900 ἰσχυρὸν,
2247 3827 2344 3880 ἐπὶ
2367 3827 2467 3898 τὴν
2501 3824 2766 3896 λαμπάδα
2818 3823 2917 3895 τὴν
2953 3821 3211 3894 φαιδρὰν,
3242 3823 3335 3876 ἐπὶ
3392 3823 3454 3876 τὸ
3492 3821 3674 3891 στόμα

1968 3916 2028 3970 τὸ
2057 3919 2123 3987 τῇ
2157 3913 2459 3986 οἰκουμένῃ
2487 3911 2716 3984 ἀρκοῦν.
2770 3913 2982 3975 Ὄντως
3012 3910 3102 3964 διὰ
3140 3910 3300 3965 τοῦτο
3336 3912 3394 3965 ἐν
3466 3901 3674 3964 Ἀντιὸ-

1969 4005 2093 4076 χεία
2127 4002 2618 4076 ἐχρηματίσθησαν
2650 3999 2942 4055 καλεῖσθαι
2986 4001 3332 4073 Χριστιανοὶ,
3381 4001 3467 4054 ὅτι
3519 3997 3674 4052 Παῦ-

1968 4093 2058 4158 λος
2097 4093 2157 4145 ἐν
2182 4092 2356 4164 ταύτῃ
2410 4089 2669 4144 τοσοῦτον
2707 4088 2952 4159 διέτριψε
3006 4089 3219 4162 χρόνον.
3288 4089 3557 4159 Ἐγένετο
3605 4085 3675 4140 δὲ

1969 4182 2195 4250 αὐτοὺς
2228 4181 2516 4236 ἐνιαυτὸν
2575 4181 2726 4235 ὅλον
2763 4179 3151 4249 συναχθῆναι
3197 4179 3268 4234 ἐν
3311 4177 3388 4248 τῇ
3435 4179 3660 4245 ἐκκλη-

1969 4272 2098 4339 σία,
2135 4269 2233 4324 καί
2268 4268 2507 4334 διδάξαι
2538 4269 2733 4338 ὄχλον
2758 4268 2996 4333 ίκιινὸν,
3026 4267 3397 4337 χρηματίσαι
3421 4283 3486 4320 τε
3515 4263 3676 4334 πρῶ-

1969 4377 2079 4415 τον
2109 4360 2180 4413 ἐν
2235 4358 2568 4426 Ἀντιοχείᾳ
2613 4359 2757 4424 τοὺς
2787 4357 3062 4429 μαθητὰς
3123 4356 3546 4424 Χριστιανούς.
3596 4354 3674 4407 Οὐ

1975 4447 2173 4520 μικρὸν
2204 4446 2304 4517 τῆς
2327 4445 2536 4510 πόλεως
2578 4445 2639 4500 τὸ
2687 4445 2985 4519 ἐγκώμιον.
3030 4445 3206 4501 Τοῦτο
3236 4448 3374 4517 πρὸς
3425 4443 3676 4505 ἅπαντας

1972 4538 2166 4610 στῆναι
2216 4535 2464 4600 δύναται,
2529 4536 2614 4589 ὅτι
2663 4535 2760 4589 τοῦ
2821 4537 3093 4606 στόματος
3140 4533 3357 4587 ἐκείνου
3416 4529 3676 4585 τοσοῦτον

1970 4626 2252 4681 ἀπέλαυσε
2285 4624 2479 4697 χρόνον
2512 4623 2708 4697 πρώτη
2749 4624 2859 4678 τῶν
2889 4623 3068 4679 ἄλλων
3103 4623 3354 4677 ἀπασῶν·
3409 4620 3532 4676 ὅθεν
3580 4621 3677 4673 καὶ

1973 4718 2209 4793 πρώτως
2244 4715 2482 4772 ἐνταῦθα
2526 4715 2623 4771 τοῦ
2662 4717 2932 4788 ὀνόματος
2965 4713 3304 4786 ἠξιώθησαν.
3366 4712 3533 4782 Ὁρᾷς
3592 4711 3675 4774 εἰς

1975 4811 2102 4864 ὅσον
2131 4807 2266 4878 ὕψος
2293 4805 2472 4878 ἐπῆρε
2492 4804 2592 4877 τὴν
2621 4804 2776 4858 πόλιν
2798 4805 2893 4858 καὶ
2913 4803 3389 4876 περιφανεστέραν
3413 4798 3676 4869 ἐποίησες

1975 4897 2146 4950 Τοῦτο
2172 4895 2388 4951 Παύλου
2421 4893 2780 4965 κατόρθωμα.
2815 4891 2988 4947 Ἔνθα
3026 4891 3342 4964 τρισχίλιοι,
3383 4888 3514 4942 ἔνθα
3545 4905 3678 4941 πεν-

1972 4983 2303 5054 τακισχίλιοι
2356 4982 2712 5042 ἐπίστευσαν,
2768 4980 2902 5034 ἔνθα
2953 4978 3214 5032 τοσοῦτον
3245 4976 3471 5050 πλῆθος,
3520 4975 3678 5030 οὐδὲν

1971 5072 2220 5126 τοιοῦτον
2245 5071 2499 5140 γέγονεν,
2533 5070 2648 5124 ἀλλ’
2692 5068 2901 5139 ἐτιτῆς
2932 5067 3056 5121 ὁδοῦ
3110 5066 3273 5138 μόνον
3320 5065 3542 5136 ἤκουον’
3591 5065 3679 5117 ἐνο

1973 5159 2151 5213 ταῦθα
2202 5160 2258 5214 δὲ
2323 5158 2648 5230 Χριστιανοὶ
2693 5156 3118 5228 ὠνομάσθησαν.
3167 5155 3265 5208 Ἑν
3309 5153 3554 5232 ταύταις
3607 5149 3679 5205 δὲ

1976 5249 2228 5319 ἡμέραις
2248 5246 2563 5316 κατῆλθον
2586 5246 2704 5302 ἀπὸ
2749 5245 3191 5314 Ἰεροσολύμων
3241 5239 3544 5312 προφῆται
3586 5243 3678 5308 εἰς

1988 5337 2371 5407 Ἀντιόχειαν.
2422 5335 2578 5389 Ἐπεὶ
2615 5334 2830 5390 καὶτὸν
2858 5335 2960 5405 τῆς
3015 5333 3391 5404 ἐλεημοσύνης
3440 5329 3679 5384 ἐνταῦθα

1975 5425 2191 5498 καρπὸν
2215 5424 2550 5497 φυτευθῆναι
2573 5425 2697 5489 ἔδει,
2726 5423 3118 5495 συμφερόντως
3147 5422 3516 5492 οἰκονομεῖται
3548 5417 3678 5483 τούς

1977 5515 2270 5584 προφήτας
2301 5512 2609 5567 κατελθεῖν.
2647 5513 2720 5567 Σὺ
2760 5511 2818 5565 δέ
2853 5528 2944 5583 μοι
2977 5509 3294 5581 παρατήρει
3335 5507 3455 5571 πῶς
3500 5505 3677 5570 οὐδεὶς

1974 5603 2084 5656 τῶν
2107 5601 2427 5674 περιφανῶν
2445 5601 2543 5656 καὶ
2564 5600 2778 5664 τούτοις
2804 5600 3016 5670 γίνεται
3037 5596 3377 5660 διδάσκαλος
3392 5595 3676 5666 Κυπρίους

1979 5689 2086 5761 γὰρ
2143 5690 2304 5761 ἔσχον
2350 5689 2710 5754 διδασκάλους
2761 5690 2858 5743 καὶ
2901 5687 3271 5759 Κυρηναίους,
3306 5686 3403 5739 καὶ
3460 5683 3678 5738 Παῦλον

1984 5779 2049 5849 (εί
2081 5778 2175 5831 καὶ
2213 5773 2369 5842 οὗτος
2397 5777 2760 5850 ὑπερέϐαινεν
2793 5777 3040 5846 αὐτοὺς),
3064 5775 3257 5846 ῶσπερ
3293 5773 3506 5835 Παῦλος
3533 5773 3676 5842 Bap.

1978 5867 2150 5921 νάϐαν
2179 5869 2273 5922 καὶ
2320 5868 2593 5921 Ἀνανίαν
2631 5867 2749 5921 ἀλλ’
2781 5866 2934 5919 οὐδὲν
2969 5864 3120 5938 παρά
3148 5863 3306 5918 τοῦτο
3338 5862 3673 5932 ἠλάττωται·

1978 5956 2103 6026 ἔσχε
2167 5956 2225 6009 δὲ
2291 5955 2442 6026 ὅμως
2486 5957 2580 6009 καὶ
2637 5954 2728 6009 τὸν
2786 5954 3043 6026 Χριστόν.
3107 5951 3406 6017 Ἀναστὰς
3453 5948 3522 6002 δέ
3586 5965 3677 6014 τις

2044 6047 2066 6075 ο
2111 6045 2163 6096 In
2221 6044 2389 6098 verba.
2416 6046 2490 6093 ἐπὶ
2537 6046 2617 6108 τὸν
2670 6045 2896 6108 atoma-5
2943 6056 3119 6095 omnes
3165 6041 3304 6092 codd.
3357 6040 3676 6102 conspirant;

1980 6109 2158 6160 iisdem
2176 6114 2348 6161 carcul
2373 6109 2512 6160 editi.
2545 6107 2684 6160 Emr.
