4034 6428
213 451 322 510 193

241 569 488 628 ccssario
515 567 602 624 hic
627 566 821 621 famem
839 577 1084 634 magnam
1117 562 1348 617 futuram
1379 559 1667 632 significat,
1696 572 1818 628 qua:

206 663 404 728 etiam,
430 669 490 714 ut
521 660 776 730 przndicta
804 657 997 721 fuerat,
1027 655 1274 726 contigit.
1297 654 1373 708 Ne
1403 660 1654 722 putarcnt
1672 651 1817 706 enim

204 755 432 825 quidam
459 754 582 810 ideo
611 753 809 808 famem
832 750 1070 815 venisse,
1100 748 1240 819 quod
1265 745 1712 803 Christianismus
1734 745 1818 798 in-

203 862 432 918 gressus
457 856 634 910 esset,
658 844 800 916 quod
827 844 1102 899 daunoncs
1153 841 1583 897 abscessissent:
1619 838 1818 909 praedi-

205 939 281 992 cit
306 937 538 1006 Spiritus
565 947 783 991 sanctus
811 935 954 1006 quod
1001 935 1234 989 futurum
1266 941 1372 993 est.
1397 931 1539 987 sicut
1569 941 1624 987 et
1652 931 1816 986 Chri-

206 1040 327 1086 stus
355 1031 520 1085 multa
552 1029 797 1100 praedixit
839 1044 958 1099 qua:
984 1036 1300 1084 evenerunt.

284 1123 390 1178 Cur
415 1127 578 1194 fames
605 1121 812 1176 venerit.
835 1152 906 1161 —
926 1120 1042 1175 Non
1067 1120 1189 1175 ideo
1219 1120 1400 1190 igitur,
1429 1123 1552 1192 quia
1574 1117 1642 1172 ab
1664 1116 1817 1173 initio

208 1215 283 1269 ita
316 1230 431 1270 rem
463 1214 709 1271 accidere
743 1212 1056 1284 Oportebat;
1092 1212 1185 1267 sed
1227 1222 1446 1282 propter
1494 1211 1635 1265 mala
1685 1225 1820 1279 apo-

207 1306 364 1361 stolis
394 1307 536 1360 illata
562 1323 576 1360 :
601 1320 721 1375 qua:
747 1320 912 1376 quum
941 1314 997 1360 et
1023 1306 1231 1367 tierent,
1257 1302 1645 1374 aliquantiSper
1675 1302 1816 1356 Deus

208 1398 478 1468 patienter
509 1397 748 1462 ferebat;
781 1411 904 1452 cum
947 1404 1130 1450 autem
1163 1394 1236 1449 illi
1269 1403 1592 1465 pergerent,
1642 1391 1816 1446 fames

205 1489 439 1555 accidit;
468 1504 589 1558 quae
625 1487 829 1542 Judmis
859 1486 1037 1541 futura
1081 1485 1220 1541 mala
1249 1483 1657 1555 prznnuntiabat.
1707 1480 1813 1538 Sed

205 1581 307 1635 etsi
337 1591 558 1650 propter
584 1577 800 1634 Jndteos
829 1579 998 1633 fames
1029 1587 1196 1642 esset,
1231 1587 1452 1647 propter
1478 1575 1616 1630 alios
1642 1590 1812 1644 opor-

206 1672 352 1726 tebat
397 1672 544 1725 illam
600 1686 836 1726 cessare.
875 1670 1013 1739 Quid
1061 1670 1206 1725 enim
1261 1667 1471 1740 injuria:
1523 1667 1815 1723 intulerant

203 1762 378 1816 Grazei
399 1802 412 1826 ,
445 1770 504 1815 ut
533 1762 801 1816 malorum
833 1771 1017 1817 essent
1056 1761 1388 1831 participes?
1417 1758 1474 1815 Si
1502 1769 1681 1814 autem
1705 1774 1811 1814 non

203 1863 425 1923 propter
452 1852 694 1916 .ludaeos,
730 1852 851 1906 illos
877 1868 1005 1922 ergo
1027 1851 1288 1908 clariores
1337 1851 1454 1906 fieri
1486 1850 1808 1920 oportebat,

202 1947 346 2016 quod
381 1962 480 2017 pro
510 1947 650 2001 virili
679 1962 777 2002 sua
811 1944 1073 2014 facerent,
1103 1944 1247 2016 quod
1290 1943 1624 2011 occiderent,
1657 1943 1816 2015 puni-

202 2056 362 2110 rent,
395 2042 696 2113 plt-etcrcnt
718 2083 732 2106 ,
769 2040 1006 2110 undique
1033 2047 1508 2110 persequerentur.
1545 2038 1612 2094 Et
1652 2037 1811 2104 vide,

201 2135 550 2206 quandonam
580 2133 752 2189 fames
785 2133 994 2189 accidat
1032 2150 1045 2186 :
1071 2147 1193 2188 cum
1214 2130 1415 2188 ethnici
1440 2131 1552 2203 jant
1578 2134 1813 2202 suscepti

200 2237 381 2284 0558!“
390 2264 408 2283 ο

270 2320 325 2372 2.
352 2318 459 2375 Sed
482 2318 524 2372 si
549 2326 768 2388 propter
791 2317 951 2382 mala,
981 2316 1210 2387 inquies,
1233 2314 1519 2384 Oportebat
1542 2325 1692 2373 certe
1714 2316 1815 2373 hos

201 2414 391 2471 eximi.
423 2412 555 2479 Cur,
584 2412 672 2467 dic
700 2411 873 2467 mihi?
899 2425 1079 2466 annon
1110 2421 1234 2467 ante
1263 2410 1477 2466 dixerat
1519 2411 1626 2466 illis
1649 2410 1813 2465 Chri-

198 2519 315 2563 stus
345 2524 358 2560 :
388 2504 454 2560 In
478 2505 667 2560 mundo
695 2503 1072 2559 tribulationem
1097 2503 1343 2557 habebitis
1364 2500 1546 2576 (Joan.
1572 2503 1657 2558 16.
1684 2500 1815 2574 '55)?

198 2598 282 2653 Tu
314 2612 464 2663 vero,
494 2597 584 2668 qui
616 2596 730 2651 luce
753 2595 911 2660 dicis,
939 2595 1074 2650 forte
1094 2593 1340 2664 adjicies,
1370 2607 1474 2648 non
1508 2594 1816 2663 oportuisse

199 2690 325 2744 illos
355 2688 632 2759 ﬂagellari.
662 2688 728 2742 At
757 2687 880 2742 vide
909 2687 1014 2743 illis
1039 2685 1235 2742 famem
1263 2685 1456 2741 factam
1479 2699 1600 2742 esse
1625 2685 1815 2742 salutis

195 2799 419 2840 causam
441 2824 456 2847 ,
489 2782 848 2852 eleemosynae
894 2780 1274 2844 occasionem,
1308 2779 1584 2850 multaque
1625 2780 1815 2835 conci-

197 2876 364 2929 liasse
396 2873 649 2944 bona,_ut
679 2871 832 2927 vobis
858 2871 1222 2948 conciliasset,
1253 2872 1300 2926 si
1336 2871 1683 2937 voluissetis;
1717 2871 1813 2927 sed

198 2967 473 3022 noluistis.
506 2965 826 3021 Prmdicilur
851 2974 1031 3020 autem
1057 3005 1074 3032 ,
1107 2974 1168 3019 ut
1207 2965 1379 3035 magis
1410 2965 1579 3034 parati
1609 2966 1718 3020 sint
1745 2965 1813 3020 ad

195 3057 625 3129 eleemosynam,
656 3057 780 3128 quia
807 3056 990 3127 gravia
1015 3055 1162 3126 passi
1187 3065 1334 3122 sunt,
1364 3055 1453 3126 qui
1478 3065 1634 3111 erant
1660 3054 1816 3111 Jero-

194 3151 458 3224 solymis;
491 3160 648 3207 antea
679 3159 858 3205 autem
891 3148 1034 3205 fame
1078 3163 1185 3204 non
1212 3147 1553 3204 laborabant.
1588 3149 1656 3203 Et
1683 3149 1811 3203 mil-

196 3253 388 3299 tuntur
413 3242 686 3298 Barnabas
713 3252 770 3298 et
795 3241 995 3297 Paulus
1023 3241 1400 3296 ministraturi.
1431 3239 1525 3296 29.
1564 3239 1816 3311 Discipuli

194 3346 369 3391 autem
398 3345 549 3409 prout
573 3337 784 3406 quisque
812 3333 1122 3388 abundabat.
1153 3331 1343 3388 Viden'
1373 3332 1492 3387 illos
1521 3333 1701 3387 statim
1733 3342 1814 3387 at-

195 3444 306 3500 que
344 3428 692 3484 crediderunt
738 3425 970 3482 fructum
1017 3427 1241 3493 tulisse,
1275 3441 1401 3482 non-
1423 3428 1490 3482 iis
1530 3427 1694 3482 modo
1721 3428 1812 3496 qui

197 3535 402 3591 prope,
435 3521 530 3575 sed
561 3520 721 3574 etiam
755 3519 821 3573 iis
850 3518 941 3589 qui
985 3518 1171 3588 procul
1204 3518 1398 3573 erant?
1425 3517 1538 3573 Hoc
1569 3518 1697 3573 mihi
1728 3519 1811 3573 vi-

195 3614 359 3670 detur
401 3611 489 3666 hic
527 3611 710 3666 dicere
731 3653 745 3674 ,
775 3615 918 3682 quod
961 3609 1090 3665 alibi
1131 3609 1329 3666 Paulus
1355 3610 1487 3665 dicit
1519 3628 1532 3664 :
1563 3609 1812 3664 Deateras

195 3703 450 3758 dederunt
477 3702 601 3756 milii
630 3711 678 3758 et
706 3699 961 3755 Barnaba:
985 3701 1241 3755 societatis
1260 3743 1275 3764 ,
1306 3711 1505 3756 tantum
1534 3709 1591 3753 ut
1621 3716 1813 3771 panpe-

194 3814 314 3850 rum
351 3811 596 3849 memores
627 3809 849 3848 essemus
873 3797 888 3825 ί
927 3792 1069 3866 (Gal.
1098 3792 1153 3848 2.
1187 3792 1239 3849 9.
1273 3793 1386 3866 l0).
1421 3794 1651 3849 Tantum
1684 3809 1808 3863 pro-

197 3893 299 3947 fuit
330 3891 518 3945 fames.
563 3888 629 3944 Et
656 3889 777 3944 vide
817 3887 937 3943 illos
965 3902 1034 3944 ex
1076 3885 1217 3942 fame
1258 3902 1434 3959 neque
1477 3889 1529 3942 in
1574 3887 1732 3944 fletus
1757 3896 1810 3942 et

199 3983 469 4052 lacrymas
498 3980 761 4050 erupisse,
795 3987 854 4033 ut
892 3993 991 4034 nos
1025 3977 1272 4044 facimus,
1304 3979 1397 4034 sed
1429 3979 1495 4034 ad
1527 3995 1663 4050 opus
1691 3996 1809 4035 ma-

193 4088 363 4144 guum
391 4080 445 4126 et
474 4072 670 4126 bonum
698 4085 756 4126 se
780 4069 1085 4135 dedidisse;
1115 4086 1237 4126 cum
1266 4071 1456 4141 majori
1485 4087 1716 4141 namque
1742 4073 1808 4128 li-

195 4170 412 4219 bertale
449 4162 812 4233 prmdicahant
840 4161 1086 4217 verbum.
1121 4161 1230 4218 Nec
1260 4163 1532 4229 dicebant,
1563 4164 1690 4231 Nos,
1719 4165 1808 4234 qui

192 4255 444 4327 Cyrcnzei
472 4264 524 4309 et
549 4249 730 4325 Cyprii
761 4268 970 4321 sumus,
1006 4255 1143 4310 hanc
1170 4255 1510 4326 aggredimur
1537 4256 1808 4313 civitatem

193 4345 533 4416 Splendidam
563 4355 616 4400 et
643 4361 922 4416 magnam;
951 4345 1046 4401 sed
1073 4348 1263 4418 gratia:
1292 4347 1382 4402 Dei
1414 4347 1575 4404 fidem
1609 4348 1810 4404 haben-

195 4449 279 4494 tes
302 4480 315 4503 ,
349 4446 405 4491 et
433 4437 510 4491 illi
539 4437 837 4494 doctrinam
869 4439 1108 4508 aggressi
1149 4446 1313 4505 sunt,
1345 4449 1399 4494 et
1431 4439 1485 4494 hi
1514 4455 1618 4496 non
1651 4441 1806 4497 dedi-

191 4529 342 4599 gnati
386 4535 513 4584 sunt
551 4527 620 4584 ab
665 4529 772 4584 illis
807 4529 1079 4600 quidpiam
1111 4531 1376 4586 ediscere.
1412 4531 1544 4588 Vide
1570 4548 1598 4586 a
1631 4533 1809 4603 parvis

189 4632 248 4676 ct
273 4622 483 4691 exiguis
509 4623 687 4676 omnia
722 4632 954 4690 peracta,
987 4622 1423 4693 prmdicationem
1453 4635 1686 4692 auctam,
1714 4641 1808 4682 eos

189 4714 282 4784 qui
317 4713 670 4781 Jct‘CSontttis
691 4715 879 4769 eadem
906 4729 1027 4769 cum
1056 4714 1174 4769 aliis
1207 4715 1456 4771 omnibus
1485 4719 1804 4786 sentientes,

190 4814 245 4860 ct
273 4805 428 4874 quasi
471 4820 628 4858 unam
668 4803 890 4860 domum
931 4805 1117 4860 orbem
1161 4813 1330 4860 totum
1366 4805 1568 4860 haberi.
1603 4808 1803 4864 Audie-

191 4910 315 4952 rant
360 4895 504 4965 quod
552 4896 794 4951 Samaria
838 4897 1130 4966 recepisset
1168 4897 1391 4953 verbum
1418 4939 1432 4963 ,
1463 4909 1518 4953 et
1546 4899 1808 4954 miserunt

192 4991 415 5045 Petrum
447 5000 501 5045 et
527 4989 791 5045 Joannem
825 5007 839 5046 :
867 4989 1153 5046 audierunt
1184 4992 1308 5060 quid
1341 4991 1641 5048 Antiochiae
1667 4995 1807 5049 acci-

188 5082 397 5140 disset,
433 5091 486 5136 et
515 5084 735 5135 mittunt
773 5082 1094 5138 Barnabam.
1133 5083 1354 5139 Multum
1397 5087 1540 5140 enim
1573 5097 1687 5141 erat
1719 5088 1804 5142 iti-

189 5175 341 5228 neris
386 5176 654 5244 spatium,
700 5190 799 5230 nec
836 5175 1120 5246 oportebat
1160 5177 1336 5232 adhuc
1374 5181 1648 5249 apostolos
1680 5181 1805 5237 inde

252 5355 266 5383 ¹
309 5359 418 5402 Post
437 5354 864 5422 verliamtemores
889 5367 1117 5422 essemus,
1144 5357 1341 5422 quidam
1365 5360 1687 5422 etanttseripti
1716 5361 1802 5410 ad-

186 5416 312 5464 dunt
337 5449 352 5469 ,
378 5413 545 5463 adhuc
571 5416 778 5466 .Iarobus
799 5416 998 5467 virebat.
1027 5413 1175 5467 Miror
1194 5420 1316 5468 hanc
1334 5420 1597 5470 clausulam
1621 5413 1680 5472 ἰιι
1714 5431 1803 5472 Ma-

189 5477 456 5535 nuscriptis
489 5477 782 5539 quibusdam
817 5480 1049 5528 insertam
1083 5481 1272 5529 haberi.
1299 5484 1419 5539 Quid
1446 5487 1577 5532 enim
1610 5487 1667 5534 ad
1694 5500 1802 5535 rem

208 5545 494 5602 umentem
536 5537 675 5596 facit,
701 5541 740 5588 si
776 5541 965 5602 dicatur
1013 5543 1090 5592 hic
1131 5544 1288 5592 adhuc
1311 5537 1548 5593 Jacolium
1575 5549 1800 5598 vixisse?

237 5601 389 5666 eiiide
417 5614 536 5666 vero
559 5601 631 5666 de,
647 5615 745 5663 quo
769 5601 953 5666 Jaeoho
978 5605 1055 5653 hic
1079 5607 1278 5666 agitur?
1301 5606 1516 5657 Jacobus
1541 5612 1675 5658 enim
1707 5612 1801 5660 fra-

189 5669 267 5726 ter
291 5662 501 5726 Joannis
524 5662 674 5726 paulo
693 5671 802 5725 post
835 5664 997 5726 gladio
1022 5662 1178 5716 casus
1203 5667 1376 5717 fertur.
1403 5669 1613 5720 Jacobus
1635 5681 1802 5722 autem

189 5723 345 5798 frater
372 5723 562 5798 Domini
598 5723 859 5788 episcopus
891 5727 1340 5798 Jerosolymoruui,
1387 5732 1592 5798 inferius
1633 5749 1798 5798 neque

189 5788 348 5855 semel
377 5787 424 5833 in
452 5788 576 5855 vitis
601 5787 1056 5855 essememoratur.
1087 5787 1157 5855 Ad
1198 5787 1337 5853 quid.
1363 5809 1486 5855 ergo
1509 5795 1686 5845 dieitur
1717 5787 1801 5847 hic

192 5848 423 5898 latebunt
453 5863 499 5896 ιιι
526 5851 646 5898 vivis
669 5852 820 5902 fuisse
845 5855 867 5903 ’ἐ
894 5862 944 5903 et
970 5868 1054 5903 cur
1083 5854 1125 5903 id
1155 5848 1484 5908 auianuensEs
1522 5858 1798 5911 addiderint

193 5923 288 5959 non
310 5913 431 5960 satis
457 5912 716 5975 perspicio.

1180 444 1244 500 IN
1285 443 1466 502 ACTA
1506 439 2041 501 APOSTOLORUM.
2085 439 2321 499 IIOMIL.
2365 443 2534 500 XXV.

3442 450 3542 508 194

1927 556 2214 614 discedere
2237 597 2253 624 ,
2288 573 2356 614 ne
2385 557 2593 630 fugitivi
2634 574 2760 616 esse
2805 559 3143 629 viderentur,
3174 574 3228 619 et
3255 580 3285 620 a
3316 566 3430 624 suis
3457 566 3542 623 fu-

1925 649 2089 719 gisse.
2120 649 2271 704 Tunc
2298 660 2478 707 autem
2511 652 2824 709 necessario
2851 656 3087 723 separati
3118 668 3264 723 sunt,
3297 674 3420 715 eum
3450 666 3545 716 dc-

1925 756 2073 795 mum
2114 741 2289 798 Judwi
2337 741 2671 799 insanabiles
2708 758 2830 800 esse
2870 744 3204 814 viderentur,
3237 764 3360 806 cum
3403 750 3547 806 bello

1920 831 2033 902 jam
2069 833 2386 889 imminente
2419 835 2597 904 perire
2629 834 2751 890 illos
2778 836 3098 906 oportebat,
3118 855 3242 895 cum
3273 843 3544 897 sententia

1926 923 2133 991 prolata
2164 933 2247 979 est
2280 941 2293 977 :
2323 928 2584 996 quoniam
2616 927 2874 998 quamdiu
2922 929 3122 986 Paulus
3159 932 3390 990 Romam
3437 951 3543 990 non

1892 1018 1905 1034 ‘
1927 1016 2114 1083 venit,
2147 1015 2258 1072 illic
2284 1027 2462 1075 erant.
2491 1019 2750 1075 Exierunt
2780 1030 2962 1078 autem
2983 1062 2999 1087 ,
3033 1038 3139 1080 non
3166 1025 3307 1095 quod
3342 1026 3544 1081 bellum

1926 1105 2179 1161 timerent
2207 1124 2221 1161 :
2250 1109 2526 1178 quomodo
2551 1111 2698 1166 enim
2729 1111 3056 1178 timuissent,
3086 1115 3176 1185 qui
3205 1125 3546 1188 oppugnatu-

1923 1212 2016 1253 ros
2041 1198 2300 1255 adibant?
2323 1201 2648 1273 Bellumque
2676 1203 2894 1260 demunt
2923 1206 3155 1263 infertur
3174 1209 3285 1279 jam
3318 1211 3546 1265 mortuis

1924 1291 2206 1359 aposwlis,
2236 1301 2291 1348 et
2318 1295 2460 1364 quod
2486 1295 2555 1350 de
2585 1297 2691 1352 illis
2721 1297 2936 1354 dictum,
2957 1310 3074 1356 erat
3098 1301 3280 1358 evenit
3311 1322 3330 1359 ι
3353 1303 3546 1360 Perve-

1923 1383 1999 1435 nit
2026 1399 2180 1453 super
2218 1383 2337 1440 illos
2363 1386 2442 1440 ira
2471 1387 2524 1442 in
2555 1388 2711 1457 ﬁnem
2741 1391 2762 1460 (
2781 1391 2833 1447 l.
2867 1389 3045 1446 Thess.
3081 1393 3136 1446 2.
3172 1393 3239 1448 l6
3260 1396 3299 1464 ).
3330 1395 3544 1462 Quanto

1924 1474 2086 1544 igitur
2110 1476 2455 1534 obscuriores
2482 1489 2660 1546 erant,
2695 1479 2844 1537 ta‘nto
2876 1485 3046 1554 magis
3072 1485 3244 1555 gratia
3285 1486 3540 1557 fulgebat,

1923 1580 2020 1634 per
2039 1566 2264 1638 exiguos
2290 1584 2483 1642 magna
2514 1569 2739 1629 faciens.
2764 1572 2871 1630 Sed
2901 1576 3180 1645 superiora
3206 1588 3541 1648 repetamus.

1927 1655 2244 1713 Ilortabatur
2269 1677 2463 1726 omnes,
2497 1663 2688 1734 inquit,
2722 1675 2776 1718 ut
2806 1678 3165 1736 permanerent
3189 1670 3244 1723 in
3275 1669 3499 1738 Domino
3525 1714 3539 1727 .

1921 1753 2042 1821 quia
2072 1763 2182 1807 erat
2210 1755 2287 1808 vir
2312 1753 2498 1812 bonus.
2531 1757 2760 1813 Videtur
2790 1759 2918 1813 mihi
2963 1761 3160 1816 bonum
3194 1763 3378 1819 dicere
3406 1766 3542 1821 sim-

1921 1844 2115 1913 plicem
2138 1887 2152 1908 ,
2186 1862 2295 1902 non
2325 1847 2634 1903 simulatum
2657 1891 2672 1914 ,
2702 1852 2791 1919 qui
2827 1853 3056 1921 proximi
3087 1855 3318 1910 salutem
3350 1855 3544 1911 admo-

1920 1937 2048 1992 dum
2088 1949 2333 2010 cuperet.
2377 1940 2495 1996 Non
2537 1943 2700 1998 modo
2730 1953 2909 2000 autem
2942 1946 3021 2000 vir
3052 1945 3227 2002 bonus
3255 1957 3374 2002 crat
3398 1990 3413 2015 ,
3444 1949 3541 2006 sed

1920 2043 1977 2088 et
2019 2034 2210 2103 plenus
2251 2035 2452 2105 Spiritu
2497 2045 2687 2092 sancto
2730 2047 2785 2092 et
2829 2038 2957 2094 fide.
2990 2040 3118 2095 ideo
3155 2056 3222 2095 ex
3265 2041 3544 2111 proposito

1921 2126 2104 2181 cordis
2143 2143 2335 2182 omnes
2383 2127 2738 2195 hortabatur;
2785 2131 2836 2185 id
2878 2140 2996 2198 est,
3038 2147 3159 2187 cum
3200 2134 3451 2190 cncomio
3490 2143 3546 2191 et

1921 2219 2101 2275 laude.
2133 2221 2200 2275 Et
2221 2221 2501 2278 considera
2525 2223 2690 2291 quod,
2715 2233 2766 2279 ut
2793 2233 2937 2280 terra
2969 2226 3200 2299 pinguis,
3231 2242 3542 2284 sermonem

1921 2312 2130 2383 accepit
2155 2312 2270 2367 haec
2299 2313 2510 2382 civitas,
2535 2326 2588 2371 et
2618 2314 2851 2371 fructum
2884 2319 3112 2373 multum
3139 2319 3406 2375 exhibuit.
3434 2322 3543 2376 Cur

1922 2413 2102 2460 autem
2133 2405 2303 2460 Tarso
2331 2406 2554 2463 Saulum
2586 2408 2864 2464 Barnabas
2891 2409 3132 2475 abduxit,
3160 2422 3215 2466 et
3243 2411 3348 2467 huc
3376 2411 3544 2468 dedu-

1921 2499 2043 2552 xit?
2074 2499 2190 2571 Non
2218 2499 2336 2556 sine
2363 2517 2548 2568 causa,
2581 2501 2676 2557 sed
2706 2503 2828 2573 quia
2858 2503 2946 2558 hic
2979 2503 3117 2560 bona
3150 2519 3297 2575 spes.
3327 2507 3545 2564 civitas-

1920 2604 2026 2659 que
2057 2591 2232 2660 major
2261 2601 2376 2646 erat
2400 2634 2416 2656 ,
2449 2607 2514 2648 ac
2550 2609 2743 2664 magna
2790 2594 3103 2650 multitudo.
3135 2595 3389 2654 Vidistin“
3417 2615 3544 2670 gra-

1923 2681 2049 2735 tiam
2092 2682 2276 2737 omnia
2326 2685 2584 2754 operari,
2635 2701 2741 2740 non
2790 2686 3061 2742 Paulum?
3105 2696 3161 2744 et
3202 2694 3475 2760 quomodo
3513 2710 3542 2750 a

1921 2773 2102 2844 parvis
2134 2790 2220 2830 res
2249 2783 2427 2845 empta
2455 2777 2528 2831 sit
2552 2794 2566 2844 ;
2599 2777 2690 2832 ubi
2717 2789 2896 2834 autem
2925 2780 3213 2848 inclaruit,
3248 2794 3376 2840 tunc
3404 2787 3543 2841 mitti

1923 2865 2265 2922 Barnabam?
2294 2869 2361 2923 Et
2384 2884 2482 2924 cur
2513 2886 2620 2925 non
2649 2882 2776 2926 ante
2806 2873 3070 2929 miserunt
3100 2875 3294 2931 illum?
3322 2878 3543 2935 Multam

1921 2974 2103 3014 rerum
2128 2959 2196 3014 ad
2228 2975 2288 3016 se
2317 2964 2679 3031 spectantium
2708 2980 2895 3019 curam
2925 2965 3194 3022 habebant
3213 3009 3227 3034 ,
3261 2985 3362 3025 nec
3392 2975 3548 3028 vole-

1917 3050 2049 3106 bant
2091 3049 2292 3110 Judaeis
2333 3055 2626 3110 accusandi
2659 3071 2718 3111 se
2759 3057 2935 3113 locum
2977 3056 3110 3114 dare
3133 3101 3149 3126 ,
3177 3060 3321 3130 quod
3353 3073 3545 3132 gentes

1918 3144 2296 3213 admitterent;
2316 3148 2418 3203 etsi
2437 3148 2560 3219 quia
2586 3149 2716 3220 ipsis
2740 3153 3049 3208 necessario
3066 3155 3344 3210 commixti
3362 3168 3539 3225 erant,

1918 3240 2043 3308 quia
2071 3239 2392 3312 disceptatio
2422 3241 2667 3312 quaedam
2699 3245 2874 3298 futura
2903 3255 3021 3299 erat
3052 3246 3193 3302 inter
3220 3247 3342 3303 illos
3367 3292 3379 3314 ,
3410 3251 3546 3305 Cor-

1920 3332 2046 3388 nelii
2073 3343 2286 3404 geStum
2316 3335 2612 3404 prmcessit.
2645 3335 2796 3391 Tunc
2823 3337 2984 3393 etiam
3015 3339 3200 3395 dicunt
3227 3360 3238 3396 :
3265 3342 3334 3399 Ut
3362 3361 3460 3399 nos
3490 3346 3542 3400 in

1917 3435 2146 3496 gentes,
2193 3427 2295 3498 ipsi
2343 3443 2475 3484 vero
2525 3431 2578 3484 in
2623 3430 3116 3487 circumcisioncm.
3159 3433 3226 3489 Et
3269 3439 3545 3507 perpende

1917 3533 2078 3586 quam
2125 3521 2443 3590 tempestive
2481 3524 2775 3578 necessitas
2805 3523 2962 3580 famis
2989 3530 3524 3590 communieationen

1919 3609 2065 3665 illam
2097 3612 2359 3682 gentium,
2394 3612 2459 3668 iis
2487 3615 2578 3685 qui
2608 3613 2967 3687 Jeresolymis
2994 3631 3148 3674 erant
3182 3621 3426 3689 missam,
3462 3625 3544 3681 in-

1918 3699 2151 3755 duxerit.
2181 3702 2473 3773 Accipiunt
2497 3715 2679 3760 autem
2708 3705 2777 3759 ab
2807 3708 2930 3774 illis,
2965 3711 3054 3780 qui
3088 3729 3219 3779 non,
3249 3714 3391 3770 sicut
3416 3732 3540 3784 nos,

1919 3790 1975 3844 in
2005 3790 2152 3847 luctu
2188 3794 2527 3850 calamitates
2561 3797 2845 3867 ferebant,
2877 3801 2970 3856 sed
3001 3817 3122 3857 cum
3157 3806 3348 3875 majori
3381 3823 3542 3864 secu-

1919 3882 2099 3949 ritate,
2129 3892 2314 3953 utpote
2338 3886 2428 3956 qui
2457 3888 2643 3956 procul
2673 3900 2857 3945 essent
2882 3891 2950 3946 ab
2979 3893 3064 3959 iis,
3096 3895 3184 3965 qui
3215 3897 3543 3968 impedirent

1920 3974 2097 4044 ipsos,
2127 3983 2182 4030 et
2211 3977 2351 4033 inter
2378 3977 2628 4035 homines
2655 3990 2835 4037 essent
2859 4024 2874 4050 ,
2905 3986 2995 4054 qui
3025 4001 3134 4041 non
3165 3987 3418 4044 timerent
3443 3991 3541 4046 Ju-

1917 4067 2068 4123 dzcos
2092 4087 2104 4122 :
2132 4069 2274 4140 quod
2305 4069 2481 4141 ipsum
2511 4086 2618 4126 non
2648 4088 2836 4142 parum
2862 4076 3221 4134 conducebat.
3246 4080 3352 4136 Sed
3377 4083 3541 4138 etiam

1918 4161 1973 4216 in
2004 4159 2241 4233 Cyprum
2290 4163 2627 4234 niigrarunt,
2663 4167 2754 4221 ubi
2785 4184 2978 4240 magna
3008 4173 3272 4228 securitas
3305 4189 3418 4229 erat
3441 4219 3454 4242 ,
3485 4191 3544 4236 ct

1918 4253 2094 4323 major
2122 4253 2366 4310 libertas.
2398 4253 2611 4311 Nemini
2635 4299 2650 4326 ,
2685 4259 2899 4330 inquit,
2931 4263 3269 4334 loquebantur
3298 4270 3538 4337 verbum,

1918 4345 2016 4399 nisi
2041 4345 2266 4401 Judwis.
2305 4346 2422 4401 Non
2467 4348 2538 4405 ob
2581 4358 2783 4406 metum
2825 4351 3144 4422 hominum,
3179 4375 3338 4429 quem
3387 4363 3540 4420 nihili

1917 4435 2226 4504 facielant;
2259 4439 2355 4495 sed
2385 4439 2564 4511 legem
2593 4451 2909 4510 servantes,
2940 4457 2994 4501 et
3025 4448 3174 4518 ipsos
3197 4451 3374 4508 adhuc
3406 4455 3541 4511 tole-

1918 4539 2122 4586 rantes.
2156 4531 2318 4587 lt'rant
2344 4542 2514 4588 autem
2542 4535 2754 4606 quidam
2781 4536 3073 4593 Anliochiw
3099 4541 3278 4612 Cyprii
3307 4554 3352 4597 et
3384 4546 3540 4617 Cyre-

1917 4624 2034 4678 mei.
2067 4622 2127 4677 lli
2161 4625 2396 4679 maxime
2424 4641 2530 4680 non
2559 4628 2824 4683 curabant
2848 4628 3087 4686 Judacos.
3123 4631 3225 4698 Qui
3255 4635 3536 4706 loqueban-

1917 4727 1999 4770 tur
2019 4718 2086 4770 ad
2106 4717 2332 4786 ercos,
2355 4721 2717 4774 annuutiantcs
2740 4720 3017 4777 Dominum
3038 4724 3075 4779 J
3080 4744 3241 4781 esum.
3269 4729 3309 4782 ιο
3313 4747 3361 4784 οι
3380 4733 3539 4788 lassis

1915 4809 2056 4877 quod
2086 4810 2356 4866 nescirent
2382 4810 2673 4881 Hebraiee,
2699 4813 2918 4870 Graecos
2947 4817 3069 4872 illos
3096 4822 3380 4879 vocabant.
3410 4825 3539 4881 Cum

1915 4902 2150 4966 venisset,
2186 4903 2379 4973 inquit,
2409 4902 2697 4971 Barnabas,
2727 4917 2774 4961 et
2804 4909 3010 4964 vidisset
3040 4915 3260 4983 gratiam
3287 4915 3400 4982 Dei,
3429 4934 3534 4974 non

1915 4995 2248 5065 diligentiam
2294 4997 2611 5066 hominum,
2643 5001 2946 5057 hortabatur
2987 5007 3106 5060 illos
3151 5026 3448 5079 permanere
3483 5014 3536 5068 in

1921 5088 2159 5143 Domino.
2195 5090 2358 5145 Forte
2384 5093 2528 5161 quod
2561 5093 2804 5149 laudaret
2849 5096 3058 5151 turbam
3087 5107 3141 5154 et
3170 5103 3532 5174 approbaret,

1917 5179 2038 5234 ideo
2070 5181 2251 5249 plures
2280 5185 2571 5239 convertit.
2607 5186 2670 5239 Et
2703 5202 2872 5254 quare
2915 5206 3019 5242 non
3053 5191 3222 5246 Paulo
3252 5196 3530 5260 scribunt,

1915 5272 2007 5326 sed
2042 5273 2341 5328 Barnabam
2373 5277 2631 5330 mittunt?
2658 5277 2907 5333 Nondum
2941 5282 3036 5334 viri
3068 5283 3319 5339 virtutem
3366 5303 3534 5342 nove—

1916 5372 2067 5428 rant;
2103 5365 2330 5435 ideoque
2371 5367 2626 5422 statuitur
2667 5378 2724 5422 ut
2763 5369 3040 5426 Barnabas
3076 5384 3281 5428 tantum
3313 5379 3535 5446 prolici-

1914 5468 2178 5513 sceretur.
2203 5460 2335 5526 Quia
2361 5476 2489 5515 vero
2511 5469 2565 5516 et
2593 5463 2879 5517 multitudo
2901 5477 3036 5527 erat,
3063 5477 3112 5521 et
3139 5485 3296 5522 nemo
3321 5469 3533 5539 eberat,

1915 5547 2036 5602 ideo
2065 5551 2219 5604 facile
2249 5550 2382 5605 fides
2408 5553 2764 5622 germinavit,
2794 5557 3029 5612 maxime
3060 5560 3183 5628 quia
3217 5561 3417 5615 nullam
3451 5563 3536 5618 hic

1915 5642 2159 5697 ferebant
2188 5645 2560 5712 tentationeni,
2593 5655 2647 5700 et
2675 5647 2798 5716 quia
2828 5649 3027 5702 Paulus
3055 5649 3402 5720 pra-dicabat,
3435 5670 3534 5710 nec

1908 5732 2018 5802 jam
2067 5733 2249 5804 fugere
2300 5737 2612 5806 cogebatur.
2658 5739 2827 5794 Recte
2864 5751 3045 5796 autent
3089 5760 3195 5797 non
3227 5744 3302 5800 illi
3335 5741 3532 5802 fantem

1916 5827 2244 5896 prardieunt,
2280 5830 2373 5883 sed
2426 5831 2704 5902 pi-Ophetac
2727 5876 2739 5900 ,
2771 5849 2839 5889 ne
2872 5837 3089 5891 onerosi
3124 5837 3198 5892 illi
3228 5853 3349 5894 esse
3379 5840 3532 5894 vide-

1919 5930 2126 5977 rentur.
2161 5920 2337 5978 lllirari
2380 5939 2508 5979 vero
2544 5925 2721 5994 subit,
2755 5941 2852 5982 cur
2887 5927 3211 5985 Antiocheni
3251 5929 3403 6002 quasi
3431 5930 3532 5987 dc-
