4034 6420
561 458 666 518 195

563 576 727 652 speeti
758 591 862 631 non
895 574 1323 643 Indignarentur,
1355 564 1449 620 sed
1479 558 1716 617 contenti
1744 548 2133 652 ’essentdocto-

563 649 708 726 ribus
736 685 751 724 :
777 677 848 722 tta
875 640 1065 720 omnes
1095 659 1370 717 fervebant
1406 667 1529 723 erga
1561 659 1884 705 sermonem.
1913 640 2014 708 Qui
2044 649 2151 691 non

561 767 870 830 exspectato
902 757 1055 814 famis
1087 763 1345 823 tempore,
1373 745 1566 817 singuli
1595 758 1690 814 pro
1717 737 1967 794 facultate
1990 730 2151 785 mise-

564 861 707 906 runt.

633 945 687 1000 5.
723 944 791 998 ει
818 943 1060 1006 observa,
1090 935 1233 1009 quod
1263 935 1403 1009 inter
1423 928 1697 998 apostolos
1723 924 1839 980 aliis
1870 922 1971 975 hoc
1998 933 2150 974 com-

565 1035 832 1095 mittitur;
883 1032 967 1086 hic
1009 1008 1136 1084 vero
1176 1008 1370 1082 Paulus
1407 1033 1460 1079 ct
1500 1018 1770 1077 Barnabas
1807 1014 2148 1081 deputantur.

566 1129 674 1183 Nec
701 1129 816 1182 sine
848 1123 995 1196 gravi
1035 1137 1193 1178 causa
1229 1119 1281 1174 id
1313 1117 1582 1189 provisum
1613 1121 1694 1167 est
1720 1128 1732 1164 :
1759 1106 1996 1175 alioquin
2026 1115 2153 1155 vero

567 1220 772 1273 initium
795 1223 934 1283 erat,
963 1222 1196 1283 tuncque
1229 1225 1332 1265 non
1358 1206 1641 1278 oportebat
1668 1196 1883 1255 offendi.
1917 1196 1984 1247 At
2015 1204 2154 1283 ntmc

566 1323 726 1363 nemo
760 1306 811 1362 id
847 1306 1003 1370 facit,
1034 1281 1158 1359 licet
1187 1301 1356 1366 fames
1391 1300 1460 1354 sit
1493 1297 1580 1351 illa
1607 1291 1838 1364 gravior.
1870 1285 1984 1340 Non
2009 1281 2152 1335 enim

565 1413 663 1468 par
699 1413 786 1452 res
827 1407 910 1451 cst
953 1409 1295 1450 communem
1340 1391 1480 1445 ferre
1516 1384 1869 1442 calamitatem
1895 1418 1910 1441 ,
1942 1384 1994 1428 et
2026 1373 2152 1427 dum

565 1464 757 1543 omnes
780 1485 1104 1541 abundantia
1129 1484 1394 1546 fruuntur,
1420 1474 1766 1548 pauperiores
1787 1478 1990 1525 tantum
2016 1464 2155 1517 fame

569 1582 832 1636 laborare.
865 1578 1014 1634 Tunc
1057 1575 1224 1630 fames
1254 1580 1372 1628 erat
1395 1611 1409 1636 ,
1441 1577 1495 1624 et
1534 1568 1623 1638 qui
1657 1565 1855 1621 dabant
1895 1568 2156 1630 pauperes

569 1671 698 1742 (Pro
727 1670 968 1741 facultate
991 1683 1085 1720 sua
1121 1665 1308 1738 singuli
1331 1701 1344 1725 ,
1371 1662 1566 1732 inquit)
1597 1678 1611 1714 :
1640 1672 1779 1713 nunc
1805 1669 1934 1710 vero
1960 1651 2154 1720 duplex

565 1741 646 1819 est
681 1763 870 1829 fames,
902 1763 1041 1815 sicut
1069 1769 1122 1814 et
1148 1757 1346 1828 duplex
1375 1752 1698 1809 abundantia
1726 1765 1740 1802 :
1767 1748 1934 1802 fames
1958 1741 2152 1814 gravis,

570 1858 764 1921 fames,
801 1871 906 1909 non
943 1851 1191 1907 audiendi
1231 1850 1449 1904 verbum
1497 1843 1734 1908 Domini,
1767 1839 1861 1894 sed
1894 1853 1988 1908 per
2013 1837 2156 1890 elee-

568 1957 846 2017 mosynam
885 1944 1059 1998 cibum
1100 1938 1418 2010 accipiendi.
1464 1937 1615 1990 Tune
1660 1941 1712 1987 et
1748 1933 1835 2002 qui
1881 1930 1931 1983 in
1971 1925 2152 1982 Judzea

569 2052 826 2106 pauperes
851 2043 1022 2101 erant,
1047 2044 1100 2088 et
1123 2032 1212 2103 qui
1245 2029 1538 2085 Ληῑίοριιίιυ
1565 2023 1816 2096 pecunias
1842 2018 2153 2089 erogabant,

569 2129 706 2182 bouo
736 2126 1045 2182 fruebantur
1071 2142 1084 2190 ;
1115 2133 1169 2179 et
1200 2123 1251 2176 hi
1286 2123 1454 2191 magis
1483 2133 1638 2190 quam
1669 2115 1741 2169 illi
1772 2132 1785 2167 :
1813 2127 1950 2166 nunc
1978 2119 2156 2164 autem

565 2229 620 2274 et
648 2232 746 2273 nos
775 2228 825 2273 et
851 2229 1115 2288 pauperes
1143 2216 1196 2268 iu
1228 2212 1365 2267 fame
1391 2229 1402 2263 :
1432 2211 1508 2264 illi
1532 2207 1674 2279 quod
1705 2203 2010 2261 necessario
2037 2200 2158 2254 cibo

569 2319 779 2382 egeant,
814 2324 913 2364 nos
938 2308 1078 2378 quod
1109 2307 1161 2361 in
1191 2306 1407 2376 penuria
1436 2300 1817 2356 misericordiae
1849 2297 1940 2351 Dei
1970 2295 2155 2348 simus.

572 2403 682 2456 lloe
706 2401 826 2456 cibo
854 2399 985 2453 nihil
1007 2399 1175 2468 magis
1199 2393 1558 2450 necessarium
1583 2389 1758 2446 fuerit.
1786 2389 1881 2443 ilic
1905 2401 2008 2440 non
2034 2383 2159 2439 sub-

567 2501 762 2548 cantur
789 2491 922 2546 mala
942 2531 958 2556 ,
991 2505 1110 2559 qua:
1147 2503 1210 2542 ex
1255 2485 1531 2540 saturitate
1555 2483 1800 2538 oriuntur
1828 2497 1841 2535 :
1873 2479 2027 2547 hujus
2053 2475 2157 2531 cibi

571 2599 678 2638 non
707 2586 758 2636 in
790 2596 1061 2635 seceSsum
1087 2578 1347 2633 emittitur
1369 2590 1491 2645 pars
1517 2573 1769 2628 maxima.
1793 2569 1931 2625 Nihil
1960 2569 2159 2623 formo-

571 2677 683 2729 sius
707 2715 722 2740 ,
757 2674 887 2727 nihil
919 2669 1305 2724 saniusanima
1336 2682 1452 2736 ane
1482 2666 1561 2720 sic
1596 2665 1792 2729 alitur;
1821 2660 1966 2716 omni
1997 2673 2160 2728 supe-

570 2765 680 2820 rior
706 2774 787 2819 est
814 2762 1022 2826 morbo,
1052 2760 1193 2813 omni
1222 2757 1384 2822 fame,
1416 2755 1558 2809 omni
1589 2751 1904 2822 intemperie
1931 2758 1983 2804 et
2008 2747 2164 2818 (egri-

571 2855 750 2910 tudine
783 2872 797 2906 :
827 2866 984 2906 nemo
1025 2850 1168 2904 illam
1225 2863 1419 2918 eapere
1459 2846 1693 2916 poterit;
1747 2843 1842 2898 sed
1881 2842 2018 2896 sicut
2058 2838 2158 2894 ad-

566 2947 896 3001 amantinum
922 2957 1116 3012 corpus
1138 2955 1241 2995 non
1265 2940 1460 2994 ferrum
1485 2937 1692 2992 ccedere
1706 2935 1864 2997 valet,
1891 2948 1995 2987 non
2018 2930 2160 2985 aliud

567 3039 776 3108 quidvis
805 3057 819 3092 :
847 3038 926 3092 sic
955 3051 1053 3091 nec
1086 3035 1319 3088 animam
1345 3032 1683 3098 eleemosyna
1713 3028 1974 3081 firmatam
2002 3024 2160 3094 quid-

569 3133 651 3186 vis
679 3144 873 3200 capere
906 3127 1118 3196 poterit.
1146 3124 1319 3191 Quid,
1349 3136 1564 3192 qua-so,
1600 3121 1743 3174 illam
1773 3133 1965 3187 capere
1996 3116 2164 3185 possit

572 3220 860 3292 umquam?
891 3217 1213 3289 paupertas?
1243 3215 1491 3279 Minime;
1523 3214 1571 3266 in
1605 3211 1764 3280 regiis
1793 3211 1933 3265 enim
1965 3223 2164 3277 penua-

571 3316 664 3370 riis
705 3313 1006 3384 posita.est.
1052 3310 1133 3365 An
1174 3309 1257 3362 fnr
1292 3316 1344 3362 et
1385 3304 1565 3359 latro?
1595 3302 1698 3358 Sed
1730 3302 1850 3357 illos
1884 3300 2162 3370 perfodere

573 3408 805 3477 parietes
834 3419 992 3460 nemo
1022 3403 1182 3456 valet.
1217 3403 1298 3455 An
1327 3398 1560 3454 vermis?
1590 3395 1695 3452 Sed
1730 3398 1828 3448 hac
1856 3394 2014 3448 etiam
2047 3407 2165 3460 pcr-

575 3499 713 3554 nicie
743 3496 986 3567 superior
1010 3503 1094 3549 est
1120 3492 1210 3546 hic
1233 3492 1536 3545 thesaurus.
1562 3488 1644 3541 An
1669 3487 1828 3541 timor
1851 3493 1906 3539 et
1932 3482 2166 3538 invidia?

572 3592 644 3644 At
671 3604 775 3643 non
809 3587 896 3640 his
921 3585 1148 3654 capitur.
1192 3578 1570 3653 Sycophantia:
1615 3589 1667 3633 et
1703 3576 1946 3632 insidiae?
1983 3573 2165 3642 Neque

574 3681 712 3748 illae;
743 3681 1021 3734 thesaurus
1049 3675 1242 3746 quippe
1266 3682 1346 3728 est
1378 3673 1703 3726 inaccessus.
1736 3666 1843 3724 Sed
1871 3678 2024 3736 turpe
2051 3666 2165 3719 fue-

576 3774 671 3835 rit,
703 3773 746 3825 si
778 3770 893 3824 hzec
921 3769 1093 3823 solum
1119 3783 1235 3836 qua:
1263 3765 1617 3835 elcemosyna:
1647 3762 1828 3815 insunt
1853 3757 2161 3823 ostendero,

574 3864 752 3920 missis
794 3864 857 3917 iis
895 3876 1015 3931 qua:
1057 3858 1324 3914 contraria
1362 3857 1464 3910 illis
1501 3861 1646 3909 sunt.
1677 3851 1988 3907 Non-modo
2020 3851 2162 3904 enim

577 3956 665 4009 illa
703 3956 769 4009 ab
809 3953 954 4007 omni
1003 3950 1198 4005 invidia
1241 3958 1327 4003 est
1357 3947 1523 4002 libera
1546 3988 1561 4013 ,
1589 3944 1682 4000 sed
1713 3953 1766 3999 et
1795 3941 2166 3999 benedictione

576 4047 766 4101 fruitur
807 4044 970 4098 multa
999 4041 1066 4096 ab
1097 4042 1160 4096 iis
1181 4082 1194 4105 ,
1225 4041 1315 4110 qui
1360 4039 1502 4093 illam
1531 4036 1816 4108 accipiunt.
1847 4035 1996 4092 Sicut
2023 4034 2162 4089 enim

578 4126 851 4192 inhumani
882 4145 934 4190 et
963 4133 1210 4189 crudeles
1241 4146 1347 4186 non
1374 4130 1536 4185 laesos
1560 4129 1733 4183 solum
1766 4127 1964 4180 habent
1993 4124 2168 4179 inimi-

576 4245 708 4296 Cos,
736 4229 828 4283 sed
858 4229 1017 4282 etiam
1046 4239 1168 4291 eos,
1201 4223 1289 4293 qui
1321 4221 1449 4276 nihil
1487 4221 1611 4276 mali
1643 4221 1783 4290 passi
1815 4219 1972 4272 hesos
2004 4216 2167 4270 misc-

579 4331 787 4384 rantur,
816 4319 1243 4386 iulunnanosque
1269 4323 1523 4371 accusant
1551 4332 1564 4368 :
1591 4315 1668 4369 sic
1692 4313 1784 4383 qui
1811 4311 2015 4381 magnis
2042 4308 2172 4364 all‘c—

579 4431 705 4470 cere
732 4414 904 4476 bonis,
932 4427 1038 4467 non
1068 4426 1162 4466 eos
1186 4410 1274 4480 qui
1298 4424 1558 4479 accepere
1587 4417 1813 4474 tantum,
1837 4406 1929 4461 sed
1959 4415 2011 4461 et
2035 4405 2170 4464 alios

583 4505 780 4560 habent
804 4505 1127 4559 laudatores.
1155 4501 1292 4568 Quid
1323 4502 1389 4555 ab
1417 4501 1611 4555 invidia
1640 4501 1834 4555 liberos
1865 4501 1985 4554 dico
2011 4502 2062 4552 ’ἲ
2089 4496 2171 4552 Ab

586 4595 986 4651 insidiatoribus
1026 4595 1186 4648 etiam
1209 4635 1224 4659 ,
1255 4593 1457 4648 furibus
1493 4604 1546 4647 et
1583 4594 1843 4662 parietum
1873 4591 2172 4646 effractori-

585 4689 686 4744 bus
717 4690 1028 4745 liberantur.
1059 4687 1240 4758 Neque
1267 4686 1367 4741 hoc
1391 4686 1563 4741 solum
1592 4685 1730 4740 inest
1752 4685 1874 4740 boui
1901 4701 1916 4749 ;
1944 4685 2038 4739 sed
2067 4699 2172 4738 non

589 4783 750 4836 modo
776 4797 880 4836 non
910 4782 1162 4836 minuitur
1188 4779 1484 4835 substantia
1506 4820 1518 4843 ,
1549 4793 1734 4832 verum
1763 4779 1922 4832 etiam
1951 4786 2174 4846 augetur

588 4886 643 4930 et
675 4875 887 4928 crescit.
917 4871 1053 4940 Quid
1081 4872 1602 4926 Nabuchodonosorc
1639 4870 1884 4940 turpius?
1923 4869 2046 4938 quid
2081 4868 2176 4923 fte-

586 4965 752 5022 dius?
779 4964 903 5034 quid
947 4963 1210 5033 iniquius?
1245 4962 1441 5030 impius
1469 4972 1581 5016 erat
1613 4961 1773 5015 homo
1805 4978 1818 5013 :
1855 4960 1999 5014 mille
2035 4959 2174 5012 iudi-

587 5061 667 5114 cio
689 5101 706 5125 ,
741 5057 886 5111 mille
915 5057 1063 5126 signa
1097 5055 1263 5122 vidit,
1297 5063 1351 5109 ct
1391 5055 1704 5123 resipiscere
1735 5054 1933 5116 noluit;
1963 5052 2054 5106 sed
2086 5050 2176 5105 Dei

590 5166 777 5205 servos
807 5167 856 5203 tn
888 5148 1153 5202 caminum
1178 5147 1375 5215 injecit,
1404 5146 1610 5199 etiamsi
1646 5154 1827 5212 postea
1856 5143 2176 5198 adoraverit.

590 5245 726 5312 Quid
766 5243 924 5314 igitur
964 5239 1254 5311 propheta?
1294 5239 1403 5294 Rea:
1427 5280 1442 5304 ,
1480 5237 1745 5292 consilium
1782 5253 1947 5290 meum
1987 5236 2181 5305 placeat

595 5338 680 5393 tibi
711 5355 728 5389 :
756 5346 959 5408 peccata
990 5345 1077 5388 tua
1105 5333 1427 5404 eleemosyuis
1447 5332 1652 5398 redime,
1680 5342 1726 5384 et
1753 5331 2040 5400 iniquitates
2071 5339 2183 5380 tuas

595 5429 996 5483 miserationibus
1037 5443 1313 5498 pauperum
1344 5441 1361 5478 :
1387 5424 1521 5489 forte
1559 5427 1648 5478 erit
1686 5426 1828 5478 venia
1865 5424 2058 5477 delictis
2086 5422 2183 5475 tuis

599 5520 757 5589 (Dan.
792 5520 843 5574 4.
874 5519 989 5588 21).
1025 5520 1146 5573 Ihec
1174 5519 1244 5572 ila
1270 5519 1404 5572 dixit
1434 5533 1538 5571 non
1567 5516 1813 5571 dubitans
1842 5515 2016 5584 (valde
2041 5513 2181 5567 enim

602 5613 696 5668 sibi
731 5625 1038 5681 persuasum
1065 5610 1226 5680 erat),
1254 5611 1346 5664 sed
1377 5619 1430 5663 ut
1460 5608 1607 5663 illum
1642 5609 1691 5662 iu
1719 5607 1972 5676 majorem
2002 5606 2182 5674 injice-

601 5716 685 5761 ret
713 5706 992 5769 timorem,
1019 5712 1072 5764 et
1101 5704 1352 5772 majorem
1386 5702 1500 5770 ha‘c
1533 5699 1756 5756 faciendi
1789 5699 2183 5754 necessitatem.

666 5846 684 5878 ι
720 5846 853 5898 Atius
874 5845 997 5905 ιιιεο,
1022 5841 1138 5907 quid
1162 5841 1220 5892 ab
1243 5840 1422 5893 invidia
1450 5841 1622 5893 liberos
1642 5840 1779 5902 dico,
1805 5837 1983 5888 omisit.

1233 447 1292 504 S.
1331 439 1607 501 JOANNIS
1643 425 2120 494 CilliYSOSTOItf
2159 419 2475 479 All‘IIIIEP.
2512 415 3047 476 CUNSTANTINOP.

3766 405 3867 465 196

2265 539 2396 595 Nam
2422 539 2467 593 si
2494 536 2812 592 affirmando
2849 535 3109 596 dixisset,
3140 526 3490 600 negligentior
3521 525 3610 580 ille
3643 522 3864 580 fuisset.

2257 629 2345 687 Sic
2370 638 2424 686 et
2448 643 2547 684 nos
2572 638 2698 682 tunc
2727 630 2958 680 maxime
2983 622 3241 695 quosdam
3269 634 3544 690 urgemus,
3571 634 3702 673 eum
3733 619 3858 673 dici-

2257 739 2374 778 mus
2401 741 2413 777 :
2443 721 2667 776 Hortare
2699 719 2847 774 illum
2877 718 3071 780 talem;
3102 730 3201 770 nec
3223 712 3495 780 addimus,
3525 711 3682 767 illum
3711 711 3862 764 audi-

2259 827 2432 872 turum
2457 830 2676 883 prorsus
2695 828 2838 878 esse,
2868 812 2984 876 sed,
3012 809 3240 865 fortasse
3265 809 3574 863 auditurum
3602 826 3616 860 :
3644 822 3772 860 nam
3796 821 3861 860 ex

2256 907 2604 962 dubitatione
2631 904 2800 974 major
2835 912 2984 956 ortus
3021 901 3212 964 timor,
3246 900 3414 969 magis
3444 898 3701 967 impellit.
3738 897 3862 951 Ideo

2259 998 2310 1052 id
2345 999 2415 1052 illi
2446 1011 2551 1052 non
2582 996 2921 1050 manifestum
2951 993 3097 1047 fecit.
3126 991 3262 1059 Quid
3291 990 3469 1046 dicis?
3495 991 3737 1045 tantisne
3764 989 3862 1042 im-

2260 1088 2547 1161 pietatibus
2576 1088 2678 1143 erit
2710 1087 2906 1142 venia?
2938 1086 3131 1140 Etiam.

2334 1181 2498 1236 Omne
2524 1191 2784 1252 peccatum
2819 1190 2892 1234 est
2930 1181 3244 1250 eleemosyna
3274 1179 3504 1250 inferius.
3533 1209 3603 1218 —
3633 1177 3751 1232 Non
3779 1186 3862 1233 cst

2260 1285 2535 1347 pcceatmn
2562 1317 2576 1342 ,
2610 1275 2750 1344 quod
2799 1289 2904 1328 non
2949 1274 3118 1344 possit
3158 1275 3496 1343 cleemosyua
3545 1286 3779 1342 purgare
3808 1280 3862 1326 et

2260 1372 2601 1440 exstinguere
2641 1384 2656 1422 :
2697 1383 2857 1423 omne
2905 1377 3177 1437 peccatum
3224 1377 3306 1421 est
3353 1366 3440 1420 illa
3487 1366 3717 1420 inferius
3749 1384 3766 1420 :
3795 1366 3863 1420 ad

2261 1478 2420 1519 omne
2447 1463 2640 1517 vulnus
2678 1471 2858 1531 aptum
2889 1458 3236 1531 pharmacum
3265 1472 3367 1512 esr.
3400 1457 3537 1526 Quid
3573 1457 3864 1525 publicano

2262 1554 2537 1610 deterius?
2558 1553 2681 1607 ll:ec
2702 1553 2877 1607 oumis
2901 1551 3195 1621 iniquitatis
3220 1549 3431 1604 occasio
3453 1557 3537 1602 est
3560 1567 3572 1601 :
3601 1547 3696 1602 sed
3721 1550 3866 1601 hanc

2264 1657 2432 1702 totum
2459 1646 2621 1700 abluit
2653 1643 2961 1700 Zaetlneus.
2994 1643 3146 1704 Vide,
3176 1641 3447 1711 quomodo
3480 1641 3581 1695 hoc
3609 1637 3865 1694 ostendat

2261 1739 2528 1803 Christus,
2560 1753 2680 1792 cum
2708 1737 2915 1791 curavit
2943 1735 3271 1805 marsupiqu
3306 1732 3526 1798 habere,
3555 1739 3612 1785 et
3640 1741 3865 1799 portare

2261 1847 2324 1887 ca
2355 1847 2473 1900 quae
2500 1828 2944 1884 immittebantur.
2978 1827 3174 1882 Paulus
3199 1841 3409 1896 qttoqne
3434 1823 3564 1878 dicit
3595 1842 3608 1876 :
3635 1821 3866 1876 Tantum

2262 1933 2316 1978 ut
2343 1939 2622 1994 pauperum
2652 1937 2897 1974 memores
2928 1921 3086 1973 simus
3113 1917 3256 1987 (Gal.
3287 1917 3341 1970 2.
3378 1915 3467 1986 10)
3495 1932 3509 1982 ;
3537 1924 3592 1970 et
3633 1914 3685 1968 iu
3717 1914 3870 1968 Scri-

2264 2019 2432 2086 p:uris
2466 2017 2660 2086 passim
2690 2014 2788 2070 hac
2811 2015 2879 2070 de
2921 2029 2977 2068 re
3016 2013 3208 2082 agitur.
3245 2009 3471 2064 Pretium
3508 2009 3696 2062 anima:
3725 2006 3826 2061 viri
3849 2047 3866 2072 ,

2265 2111 2465 2181 inquit,
2494 2111 2683 2164 divitiae
2711 2109 2930 2178 prapria:
2961 2105 3141 2176 (Prov.
3175 2106 3259 2161 l5.
3297 2105 3352 2176 8)
3382 2123 3396 2168 ;
3427 2101 3671 2157 Christus
3698 2114 3865 2165 vero,

2266 2205 2328 2259 Si
2353 2205 2425 2259 vis
2452 2207 2701 2275 perfectus
2726 2217 2850 2265 esse,
2875 2201 3033 2254 vende
3054 2199 3223 2253 omnia
3246 2215 3358 2268 qua:
3378 2197 3549 2260 habes,
3571 2204 3618 2248 et
3640 2194 3708 2247 da
3729 2209 3870 2262 pau-

2265 2298 2487 2367 peribus,
2516 2305 2561 2348 ει
2589 2294 2719 2360 veni,
2747 2308 2954 2361 sequere
2975 2309 3052 2346 me
3072 2291 3286 2362 (.llattlt.
3321 2289 3406 2346 19.
3439 2289 3551 2359 21).
3579 2288 3706 2342 "me
3735 2303 3870 2342 vera

2265 2389 2523 2458 perfectio
2551 2395 2651 2442 est.
2687 2386 3040 2456 Eleemosyna
3075 2399 3201 2440 vero
3237 2399 3342 2437 non
3388 2381 3625 2451 pecuniis
3656 2379 3828 2434 modo
3851 2421 3867 2447 ,

2263 2481 2358 2536 sed
2387 2481 2547 2536 etiam
2574 2478 2827 2548 operibus
2856 2484 3157 2533 exercetur.
3186 2473 3430 2543 Exempli
3459 2487 3640 2538 musa,
3673 2486 3872 2541 possu-

2266 2589 2385 2628 mus
2416 2572 2735 2641 patrocinari
2758 2612 2772 2638 ,
2806 2583 3087 2640 possumus
3119 2582 3334 2622 manum
3366 2566 3644 2636 porrigere
3674 2581 3689 2618 :
3720 2579 3873 2634 saepe

2269 2665 2618 2737 patrocinium
2653 2663 2770 2734 plus
2799 2663 3054 2728 servavit,
3084 2675 3242 2731 quam
3275 2661 3536 2730 pecuniae.

2337 2759 2392 2812 4.
2438 2757 2786 2826 Eleemosyna:
2812 2755 2950 2808 modi
2976 2755 3121 2807 varii.
3138 2754 3337 2822 —Age
3363 2766 3492 2821 ergo
3523 2751 3574 2804 in
3599 2750 3864 2822 pratscnti

2267 2851 2446 2904 omnia
2485 2849 2845 2918 eleemosyna:
2873 2860 3068 2917 genera
3102 2845 3418 2899 excitemus.
3452 2843 3614 2897 Potes
3644 2857 3744 2913 per
3775 2858 3872 2911 pe-

2267 2941 2496 2997 cunias?
2538 2940 2615 2996 Ne
2654 2939 2833 3009 segnis
2859 2946 2998 2993 esto.
3039 2936 3197 2991 Potes
3235 2951 3330 2992 ncr
3360 2932 3716 3004 patrocinium
3735 2937 3760 2989 ?
3790 2931 3875 2989 No

2269 3034 2438 3099 dicas,
2467 3034 2588 3099 quia
2613 3031 2854 3100 pecunia:
2885 3044 2990 3082 non
3018 3027 3232 3092 adsunt;
3259 3027 3363 3082 hoc
3393 3026 3527 3080 nihil
3557 3035 3662 3082 est.
3695 3024 3874 3081 Valde

2274 3141 2520 3195 magnum
2549 3124 2651 3178 hoc
2684 3138 2896 3193 quoque
2935 3131 3055 3177 est:
3084 3136 3146 3174 ac
3186 3121 3230 3176 si
3263 3120 3541 3189 pecuniam
3578 3118 3831 3175 dedisses
3856 3162 3873 3186 ,

2271 3220 2351 3273 sic
2378 3216 2601 3272 affectus
2631 3224 2766 3270 esto.
2808 3214 2967 3269 Potes
2997 3213 3351 3268 ministrando
3375 3211 3607 3281 jurare?
3636 3211 3753 3266 [loc
3796 3212 3877 3267 fa-

2271 3314 2400 3366 cito.
2431 3309 2680 3378 Exempli
2697 3309 2888 3379 gratia,
2908 3316 3022 3361 arte
3048 3305 3287 3360 medicus
3308 3304 3406 3360 es?
3431 3303 3678 3358 inﬁrmos
3701 3319 3831 3358 cura
3858 3321 3873 3369 ;

2271 3415 2317 3457 et
2351 3403 2454 3458 hoe
2483 3417 2730 3472 maguum
2761 3411 2862 3454 est.
2910 3399 3066 3453 Potes
3095 3397 3322 3452 consilio
3346 3397 3534 3467 juvare
3557 3401 3581 3450 ’ἰ
3612 3396 3730 3451 Iloe
3753 3413 3877 3450 om-

2273 3497 2420 3551 nium
2448 3497 2708 3565 Optimum
2742 3502 2825 3549 est
2863 3505 2918 3550 et
2962 3491 3252 3549 maximum
3279 3532 3295 3557 ,
3330 3491 3610 3561 majusque
3658 3492 3874 3546 lucrum

2275 3589 2436 3643 habet
2469 3605 2481 3642 :
2519 3602 2623 3642 non
2652 3587 2793 3641 enim
2826 3587 2924 3641 bac
2946 3587 3029 3639 via
3069 3584 3266 3641 famem
3295 3626 3312 3651 ,
3359 3584 3452 3639 sed
3493 3585 3872 3653 gravissimam

2273 3692 2499 3735 mortem
2523 3679 2695 3749 pellis.
2721 3678 2832 3733 lloc
2851 3677 3080 3747 apostoli
3105 3677 3248 3739 bono
3271 3677 3412 3745 pleni
3436 3692 3656 3745 prorsus
3675 3687 3872 3731 erant:

2275 3778 2393 3832 ideo
2413 3776 2758 3846 pecuniarum
2786 3771 3217 3828 distributionem
3245 3769 3588 3826 inferioribus
3617 3771 3875 3824 commit-

2275 3870 2457 3924 tebant
2485 3909 2498 3932 ,
2532 3867 2657 3921 dum
2705 3879 2958 3920 sermone
3000 3863 3280 3933 juvabant.
3315 3864 3398 3917 An
3446 3873 3602 3931 putas
3650 3877 3873 3932 parvam

2275 3976 2395 4015 esse
2421 3961 2838 4028 cleemosynam,
2864 3956 3093 4010 animam
3117 3955 3364 4020 anxiam,
3394 3953 3462 4009 de
3489 3955 3750 4009 extremis
3782 3970 3876 4025 pe-

2273 4055 2590 4110 riclitantem
2611 4095 2625 4119 ,
2664 4051 2828 4106 febris
2863 4049 3056 4105 ardore
3084 4047 3358 4103 detentam
3381 4089 3395 4114 ,
3429 4061 3457 4099 a
3490 4048 3681 4101 morbo
3713 4062 3877 4114 posse

2275 4146 2546 4203 liberare?
2573 4145 2733 4200 Verbi
2765 4142 2957 4213 gratia,
2987 4140 3140 4195 vides
3165 4140 3396 4194 amicum
3427 4139 3652 4192 avaritia
3679 4139 3877 4193 deten-

2277 4240 2430 4293 tum?
2459 4238 2710 4292 liliscrare
2743 4235 3037 4290 hominem.
3081 4231 3385 4286 Snl‘focatur
3413 4230 3547 4287 ille?
3576 4230 3878 4300 ExStingne

2276 4333 2419 4388 illius
2451 4331 2647 4401 ignem.
2677 4328 2814 4396 Quid
2839 4327 2998 4399 igitur
3018 4326 3062 4381 si
3087 4339 3190 4379 non
3221 4323 3600 4392 obtemperet?
3621 4322 3702 4378 Tu
3733 4323 3879 4394 quod

2279 4437 2426 4482 tuum
2459 4431 2542 4479 est
2571 4421 2767 4488 facito,
2802 4435 2900 4475 nec
2930 4420 3150 4488 ignavus
3186 4417 3282 4472 sis.
3315 4415 3478 4471 Vides
3506 4431 3628 4471 eum
3668 4415 3721 4470 in
3754 4417 3879 4470 vin-

2278 4519 2413 4573 culis
2441 4514 2706 4570 detineri?
2736 4514 2753 4583 (
2779 4528 2899 4566 nam
2926 4510 3167 4581 pecunia:
3194 4525 3320 4565 vere
3348 4508 3558 4563 vincula
3590 4516 3715 4562 sunt
3741 4508 3781 4578 ).
3809 4508 3879 4563 11-

2278 4611 2387 4665 lnm
2415 4611 2520 4674 adi,
2547 4607 2742 4673 invise,
2766 4604 3071 4667 consolare,
3102 4617 3131 4655 a
3161 4600 3390 4655 vinculis
3413 4601 3619 4668 eripere
3651 4613 3878 4655 conare.

2280 4706 2334 4762 Si
2377 4706 2544 4766 nolit,
2588 4715 2752 4773 penes
2793 4701 2940 4753 illum
2980 4696 3137 4765 culpa
3174 4695 3297 4750 erit.
3345 4692 3537 4747 Vidisti
3589 4692 3796 4747 nudum
3826 4702 3880 4747 et

2280 4797 2621 4869 peregrinum
2643 4795 2664 4845 ?
2697 4791 2896 4864 (nudus
2914 4789 3058 4844 enim
3077 4801 3204 4841 vere
3226 4793 3280 4841 et
3304 4783 3620 4854 peregrinus
3651 4785 3705 4838 in
3727 4785 3885 4839 ezelis

2282 4899 2385 4956 est,
2420 4888 2507 4958 qui
2537 4895 2738 4943 rectam
2765 4885 2904 4938 viam
2939 4895 3043 4934 non
3079 4879 3276 4958 curat).
3311 4877 3514 4947 Recipe
3541 4876 3595 4930 in
3635 4875 3885 4931 diverso—

2287 4977 2424 5036 rium
2453 4990 2597 5033 tuum
2620 5020 2636 5046 ,
2667 4973 3005 5031 vestimentis
3039 4957 3253 5025 virtutis
3282 4968 3442 5024 indue
3473 4968 3620 5023 illum
3649 5007 3662 5029 ,
3710 4967 3779 5022 da
3809 4969 3883 5022 illi

2287 5074 2552 5129 civitatem
2585 5071 2638 5126 in
2678 5069 2830 5124 ezelo.
2863 5065 3000 5133 Quid
3037 5079 3192 5135 ergo,
3227 5063 3270 5118 si
3306 5072 3358 5118 et
3387 5075 3489 5131 ego
3524 5060 3704 5115 nudus
3738 5063 3841 5116 sim
3871 5103 3882 5126 ,

2289 5163 2535 5235 inquies?
2564 5161 2816 5232 Teipsum
2854 5159 3012 5214 indue
3035 5157 3265 5227 primum
3295 5172 3306 5208 :
3341 5155 3385 5208 si
3421 5151 3564 5208 nosti
3590 5160 3641 5207 te
3679 5152 3884 5206 nudum

2289 5275 2408 5315 esse
2432 5301 2446 5325 ,
2479 5258 2636 5328 plane
2664 5254 2769 5311 scis
2798 5264 2848 5309 te
2872 5251 3020 5310 indui
3051 5259 3321 5320 oportere.
3349 5247 3404 5302 Si
3434 5245 3693 5300 nuditatis
3724 5246 3884 5316 hujus

2290 5352 2503 5408 modum
2536 5349 2696 5413 nosti,
2723 5363 2882 5404 nosse
2910 5346 3132 5417 poteris,
3159 5358 3266 5416 quo
3283 5358 3416 5412 opus
3441 5342 3512 5397 sit
3533 5341 3881 5396 vestimento.

2291 5448 2427 5515 Quot
2449 5447 2703 5502 mulieres
2731 5444 2901 5499 serica
2938 5441 3253 5496 vestimenta
3286 5444 3526 5508 gestant,
3557 5435 3886 5504 virtutisque

2292 5542 2527 5595 vestibus
2570 5553 2788 5610 prorsus
2835 5536 2988 5590 nuda:
3024 5535 3193 5589 sunt?
3227 5533 3317 5587 llis
3363 5531 3482 5586 illas
3515 5530 3744 5584 vestiant
3787 5529 3884 5582 viri

2292 5633 2392 5688 Sui.
2429 5631 2625 5686 Verum
2660 5646 2764 5685 non
2795 5627 3082 5683 admittunt
3109 5626 3228 5680 illas
3271 5633 3448 5679 vestes
3474 5663 3489 5684 ,
3524 5621 3620 5675 has
3651 5621 3888 5675 volunt?

2295 5724 2407 5780 Hoc
2450 5724 2680 5794 primum
2728 5722 2925 5776 facito:
2967 5721 3177 5775 illarum
3222 5716 3447 5771 vestium
3496 5712 3886 5780 concupiscen-

2296 5828 2418 5882 tiam
2447 5823 2551 5878 illis
2580 5818 2790 5876 insinua
2818 5831 2831 5881 ;
2861 5811 3085 5869 ostende
3118 5809 3220 5867 illis
3249 5809 3391 5879 ipsas
3423 5822 3541 5864 esse
3586 5805 3756 5860 nudas
3781 5847 3794 5871 ,
3822 5804 3891 5859 do
