4034 6438
193 452 302 506 19f;
1267 447 1332 503 IN
1373 449 1551 504 ACTA
1590 439 2139 500 APOSTOLORUM.
2191 438 2430 495 IIOMIL.
2469 439 2637 495 XXV.

267 577 336 635 γ’.
374 569 482 622 Καὶ
509 568 632 636 ὅρα,
684 569 768 620 ὅτι
796 570 854 622 ὲν
894 567 994 638 μὲν
1026 569 1136 630 τοῖς
1162 567 1483 628 ἀποστόλοις
1512 566 1689 633 ἕτεροι
1719 559 1878 614 τοῦτο

185 656 598 727 ἐπιτρέπονται·
655 656 889 709 ἐνταῦθα
935 655 992 709 δὲ
1044 653 1257 717 Παῦλος
1285 653 1383 708 καὶ
1435 650 1745 721 Βαρνάϐας.
1801 649 1876 701 Οὐ

186 737 370 809 μικρὰ
419 738 476 792 δὲ
530 738 812 792 καὶτοῦτο
848 737 1133 807 οἰκονομία
1163 731 1233 808 ἦν
1281 735 1460 798 ἄλλως
1500 734 1556 787 δὲ
1593 731 1690 786 καὶ
1731 730 1878 802 ἀρχὴ

180 821 278 896 ἦν,
307 826 402 879 καὶ
430 824 568 891 τέως
601 827 705 880 οὐκ
732 825 841 880 ἔδει
887 824 1365 895 σκανδαλισθῆναι.
1437 821 1597 875 Ἀλλά
1626 819 1723 873 νῦν
1782 820 1879 872 οὐ·

182 913 298 978 651;
329 913 489 968 τοῦτο
526 915 690 976 ποιεῖ,
727 913 905 967 καίτοι
941 911 1098 982 λιμός
1154 913 1270 965 ἐστι
1299 909 1684 982 χαλεπώτερος
1733 907 1880 962 ἐκεί-

183 1019 298 1055 νου.
338 1001 414 1054 Οὐ
468 1001 579 1073 γάρ
635 1002 783 1054 ἐστιν
832 1001 946 1054 ἴσον
981 1003 1136 1072 κοινῇ
1189 1001 1376 1070 φέρειν
1402 999 1504 1070 τὴν
1564 996 1878 1068 συμφορὰν,

183 1090 282 1144 καὶ
310 1090 530 1143 πάντων
558 1091 616 1142 ἐν
649 1087 886 1160 ἀφθονία
933 1087 1126 1152 ὄντων,
1162 1088 1290 1150 τοὺς
1325 1085 1691 1157 πενεστέρους
1738 1081 1879 1138 εἶναι

183 1177 246 1228 ἐν
276 1175 445 1246 λιμῷ.
482 1176 618 1229 Τότε
660 1175 822 1246 μόνον
871 1173 1030 1244 λιμὸς
1082 1169 1174 1246 ἦν,
1210 1173 1301 1228 καὶ
1330 1176 1378 1227 οί
1430 1171 1725 1235 δεδωκότες
1779 1170 1879 1223 πέ-

183 1279 348 1334 νητες
378 1263 610 1334 (Καθὼς
646 1261 967 1332 ηὐπορεῖτο
1005 1263 1120 1333 γάρ
1168 1279 1260 1329 τις
1310 1262 1513 1326 αὐτῶν,
1568 1259 1746 1331 φησί)·
1783 1257 1880 1312 νῦν

183 1349 239 1403 δὲ
265 1350 422 1420 λιμὸς
447 1349 694 1417 διπλοῦς,
739 1349 995 1420 καθάπερ
1030 1351 1062 1420 ἡ
1098 1348 1331 1417 ἀφθονία
1360 1347 1546 1417 διπλῆ,
1581 1346 1743 1416 λιμὸς
1787 1361 1882 1416 χα-

184 1437 374 1502 λεπὸς,
405 1438 567 1510 λιμὸς
600 1438 664 1491 οὐ
697 1437 792 1491 τοῦ
826 1438 985 1506 λόγον
1015 1437 1250 1490 ἀκοῦσαι
1305 1437 1536 1508 Κυρίου,
1597 1433 1734 1486 ἀλλὰ
1783 1433 1877 1486 τοῦ

183 1525 462 1596 τραφῆναι
515 1526 583 1578 δι’
635 1525 1027 1596 ἐλεημοσύνης.
1092 1525 1228 1578 Τότε
1277 1524 1374 1577 καὶ
1429 1525 1476 1576 οἱ
1533 1524 1591 1574 ἐν
1644 1520 1879 1591 Ἰουδαίᾳ

184 1613 420 1684 πένητες
463 1613 802 1678 ἀπέλαυσαν,
859 1613 952 1667 καὶ
1002 1615 1050 1666 οί
1082 1614 1140 1666 ἐν
1211 1609 1516 1681 Ἀντιοχείᾳ
1569 1609 1753 1672 εόντες
1810 1608 1879 1662 τὰ

167 1703 444 1772 ,χρήματα
481 1740 497 1766 ,
563 1702 656 1755 καὶ
720 1695 863 1754 οὗτοι
933 1700 1135 1772 μᾶλλον
1192 1699 1441 1754 ἐκείνων·
1508 1698 1626 1750 νυνὶ
1676 1695 1732 1750 δὲ
1787 1696 1880 1749 καὶ

184 1791 349 1861 ἡμεῖς
392 1790 488 1844 καὶ
526 1791 574 1844 οί
625 1789 858 1860 πένητες
903 1792 960 1843 ἐν
993 1788 1157 1861 λιμῷ·
1194 1789 1244 1842 οί
1281 1788 1379 1860 μὲν
1425 1786 1528 1857 τῆς
1571 1784 1881 1854 ἀναγκαίας

183 1879 520 1950 ἀποροῦντες
551 1879 781 1950 τροφῆς,
811 1881 972 1950 ἡμεῖς
994 1879 1051 1932 δὲ
1072 1881 1132 1932 ἐν
1160 1879 1356 1933 σπάνει
1383 1875 1478 1930 τοῦ
1513 1875 1698 1936 ἐλέους
1726 1874 1880 1936 ὄντες

182 1967 278 2020 τοῦ
307 1967 466 2020 Θεοῦ.
519 1966 736 2037 Ταύτης
765 1966 823 2019 δὲ
867 1967 966 2036 τῆς
1007 1967 1216 2038 τροφῆς
1249 1966 1403 2020 οὐδὲν
1448 1964 1878 2034 ἀναγκαιότερον

181 2053 378 2122 γένοιτ’
405 2053 492 2108 ἀν.
529 2054 644 2108 Οὐκ
675 2055 822 2107 ἔστιν
855 2053 1158 2125 ὑποστῆναι
1202 2054 1271 2107 τὰ
1300 2053 1409 2108 ἀπὸ
1432 2053 1532 2125 τῆς
1557 2049 1879 2121 πλησμονῆς

182 2142 350 2196 κακά·
385 2143 486 2196 οὐκ
510 2142 658 2196 ἐστιν
691 2143 772 2206 είς
825 2141 1116 2213 ἀφεδρῶνα
1167 2142 1525 2215 προχωρῆσαι
1567 2139 1630 2192 τὸ
1660 2138 1825 2192 πλέον
1850 2150 1876 2180 ει

180 2230 391 2301 ταύτης
417 2231 515 2301 τῆς
551 2231 774 2302 τροφῆς.
813 2230 980 2286 Οὐδὲν
1007 2230 1363 2302 ὼραιότερον,
1393 2228 1548 2282 οὐδὲν
1582 2227 1876 2296 ὑγιεινότε-

182 2336 278 2391 ρον
326 2320 509 2391 ψυχῆς
562 2319 708 2372 οὕτω
753 2318 1118 2390 τρεφομένης·
1157 2318 1342 2388 πάσης
1385 2317 1637 2386 ἀνωτέρα
1673 2316 1875 2386 ἕστηκε

179 2409 364 2472 νόσου,
399 2409 600 2472 παντὸς
629 2408 809 2479 λιμοῦ,
843 2411 1024 2480 πάσης
1049 2408 1368 2478 ἀνωμαλίας
1397 2408 1491 2461 καὶ
1517 2406 1874 2478 δυσκρασίας·

177 2496 356 2561 οὐδεὶς
378 2497 548 2567 αὐτὴν
570 2485 858 2568 δυνήσεται
881 2497 1044 2550 ἐλεῖν·
1070 2495 1208 2549 ἀλλά
1232 2495 1483 2566 καθάπερ
1510 2484 1877 2564 ἀδαμάντινον

181 2584 347 2654 σῶμα
379 2584 440 2638 οὐ
483 2584 702 2655 σίδηρος
741 2583 945 2654 πλῆξαι
975 2582 1216 2647 δύναται,
1248 2582 1348 2635 οὐκ
1376 2581 1504 2634 ἄλλο
1532 2581 1702 2644 οὐδὲν,
1733 2580 1878 2635 οὕτω

179 2674 278 2727 καὶ
311 2672 491 2744 ψυχὴν
542 2671 652 2726 ἀπὸ
685 2671 1058 2743 ἐλεημοσύνης
1087 2672 1511 2742 συμπεπηγυῖαν
1550 2670 1706 2724 οὐδὲν
1738 2670 1878 2735 ὅλως

177 2762 474 2832 δυνήσεται
507 2761 665 2814 ἐλεῖν.
707 2759 772 2812 Τί
814 2760 945 2830 γάρ,
974 2761 1096 2812 είπέ
1157 2776 1271 2829 μοι,
1312 2759 1516 2829 ταύτην
1549 2759 1878 2830 χειρώσεταί

179 2866 350 2914 ποτε;
396 2849 591 2914 πενία;
638 2850 751 2902 Οὐκ
798 2847 964 2901 ἐστιν·
1003 2849 1060 2902 ἐν
1091 2847 1200 2918 γὰρ
1238 2850 1352 2912 τοῖς
1400 2847 1702 2918 βασιλικοῖς
1736 2848 1878 2902 ἀπό-

178 2955 364 2993 κειται
413 2939 682 3008 ταμείοις.
737 2937 896 2991 Ἀλλὰ
929 2935 1132 3012 λῃστὴς
1183 2938 1279 2990 καὶ
1316 2937 1686 3008 τοιχωρύχος;
1736 2936 1878 2990 Ἀλλ’

178 3028 428 3090 ἐκείνους
459 3025 634 3089 οὐδεὶς
684 3025 928 3096 διορύξαι
982 3025 1110 3088 τοὺς
1145 3026 1358 3096 τοίχους
1405 3020 1516 3089 οἶός
1571 3043 1654 3078 τε.
1716 3025 1878 3080 Ἀλλὰ

179 3112 434 3184 σκώληξς
473 3113 636 3167 Ἀλλά
667 3113 761 3166 καὶ
789 3113 996 3184 ταύτης
1018 3110 1292 3184 ἀνώτερος
1328 3114 1429 3178 τῆς
1461 3113 1641 3185 λύμης
1670 3108 1824 3178 οὗτος
1850 3116 1879 3167 6

179 3201 480 3274 θησαυρός.
521 3200 678 3254 Ἀλλὰ
708 3200 978 3271 βασκανία
1009 3200 1104 3254 καὶ
1135 3201 1361 3270 φθόνος;
1409 3190 1568 3255 Ἀλλ”
1590 3202 1712 3255 οὐδὲ
1753 3202 1877 3256 τού-

178 3308 298 3355 τοις
329 3292 637 3347 ἁλίσκεται.
684 3291 846 3346 Ἀλλά
873 3291 1234 3360 συκοφαντίαι
1263 3293 1358 3344 καὶ
1388 3290 1711 3358 ἐπιϐουλαί;
1740 3292 1879 3345 Οὐδέ

178 3380 366 3433 τοῦτο·
399 3379 597 3444 ἄσυλος
627 3379 738 3452 γὰρ
767 3383 795 3434 6
822 3379 1116 3452 θησαυρός.
1169 3379 1308 3433 Ἀλλ’
1349 3379 1575 3452 αἰσχρὸν
1605 3381 1655 3432 εί
1704 3379 1878 3434 ταῦτα

181 3466 439 3532 ἐπιδείξω
501 3468 638 3539 μόνα
677 3470 744 3540 τῇ
801 3468 1143 3541 ἐλεημοσύνη
1173 3467 1469 3538 προσόντα,
1509 3467 1633 3537 οὐχὶ
1680 3467 1736 3520 δὲ
1784 3468 1880 3520 καὶ

181 3555 467 3611 τάναντία.
521 3556 596 3609 Οὐ
653 3557 761 3628 γάρ
810 3555 874 3628 δὴ
931 3555 1232 3624 βασκανίας
1290 3556 1637 3627 ἀπήλλακται
1691 3555 1874 3627 μόνον,

179 3643 322 3698 ἀλλά
353 3645 450 3697 καὶ
482 3643 732 3712 εὐλογίας
755 3642 1021 3698 ἀπολαύει
1049 3642 1253 3714 πολλῆς
1286 3643 1380 3696 καὶ
1430 3642 1582 3713 παρὰ
1609 3641 1719 3694 τῶν
1777 3643 1880 3696 οὐκ

179 3727 244 3787 εὖ
269 3731 672 3784 πεπονθόντων.
726 3731 943 3804 Ὥσπερ
971 3732 1082 3803 γάρ
1128 3732 1179 3783 οί
1207 3730 1352 3801 ὠμοὶ
1400 3731 1496 3784 καὶ
1545 3729 1772 3800 ἀπηνεῖς
1813 3731 1876 3783 οὐ

178 3820 315 3882 τοὺς
343 3819 709 3890 ἠδικημένους
737 3819 955 3890 ἔχουσιν
986 3818 1219 3890 ἐχθροὺς
1251 3819 1439 3889 μόνον,
1471 3817 1609 3872 ἀλλά
1639 3818 1879 3880 καὶτοὺς

179 3909 338 3963 οὐδὲν
365 3908 641 3973 παθόντας
662 3908 1064 3977 συναλγοῦντας
1082 3908 1266 3971 αὐτοῖς
1287 3908 1382 3961 καὶ
1407 3905 1873 3978 κατηγοροῦντας·

180 3996 360 4060 οὓτως
383 3997 433 4050 οί
460 3996 674 4067 μεγάλα
705 3995 1075 4068 ἐργασάμενοι
1109 3993 1251 4048 καλά
1278 3995 1400 4065 οὐχὶ
1430 3996 1558 4058 τοὺς
1588 3990 1646 4048 εὖ
1672 4011 1878 4048 πεπον-

181 4082 349 4148 θύτας
379 4085 560 4155 μόνον,
591 4084 726 4138 ἀλλὰ
771 4085 866 4138 καὶ
900 4085 1024 4146 τοὺς
1054 4081 1208 4136 οὐδὲν
1246 4082 1521 4146 παθόντας
1543 4081 1697 4156 [205]
1725 4083 1879 4154 έχου-

183 4189 272 4227 σιν
315 4173 628 4236 ἐπαινέτας.
685 4173 751 4224 Τί
794 4172 938 4240 λέγω
985 4171 1314 4241 βασκανίας,
1345 4171 1458 4224 Καὶ
1503 4171 1882 4241 ἐπιϐουλευόν;

179 4278 295 4316 των
315 4261 667 4325 ἀπήλλακται
687 4261 716 4301 1⁵
741 4261 836 4314 καὶ
863 4259 1076 4333 λῃστῶν
1095 4260 1190 4314 καὶ
1223 4259 1593 4332 τοιχωρύχων.
1620 4262 1694 4314 Οὐ
1721 4261 1882 4314 τοῦτο

180 4345 300 4417 ἔχει
331 4345 492 4417 μόνον
519 4346 580 4399 16
606 4343 794 4408 καλὸν,
831 4343 947 4398 ἀλλ’
1001 4346 1081 4398 ἐτι
1121 4344 1259 4415 πρὸς
1291 4344 1366 4415 τῷ
1392 4344 1467 4416 μὴ
1521 4343 1882 4398 ἐλαττοῦσθαι

180 4436 280 4490 καὶ
301 4433 526 4499 αῦξεται
559 4435 657 4488 καὶ
693 4434 774 4497 είς
808 4432 1016 4504 πλῆθος
1077 4433 1376 4488 ἐπιδίδωσι.
1411 4431 1477 4485 Τί
1515 4433 1611 4486 τοῦ
1670 4433 1886 4487 Ναϐου-

179 4518 473 4595 χοδονόσορ
494 4521 720 4592 γέγονεν
743 4521 1133 4595 αίσχρότερον;
1164 4521 1216 4574 τί
1235 4520 1672 4591 δυσειδέστερον;
1700 4521 1751 4574 τί
1775 4539 1881 4574 πα-

185 4609 570 4682 ρτνομώτερον
593 4627 608 4676 ;
650 4607 881 4680 Ἀσεϐὴς
906 4611 934 4662 6
959 4607 1246 4680 ἄνθρωπος
1278 4603 1368 4679 ἦν,
1407 4609 1578 4680 μυρία
1604 4610 1883 4680 τεκμήρια

181 4699 278 4754 καὶ
315 4701 518 4769 σημεῖα
568 4694 700 4758 εἶδε.
740 4697 836 4750 καὶ
873 4697 976 4750 οὐκ
1013 4696 1282 4767 ἠθέλησεν
1346 4698 1686 4767 ἀνενεγκεῖν,
1742 4697 1884 4752 ἀλλὰ

179 4790 311 4853 τοὺς
342 4788 437 4842 τοῦ
472 4786 609 4841 Θεοῦ
667 4786 888 4852 δούλους
947 4789 1026 4850 είς
1083 4786 1313 4856 κάμινον
1348 4786 1624 4851 ἐνέϐαλεν,
1691 4788 1739 4840 εί
1788 4788 1883 4841 καὶ

186 4880 330 4952 μετά
351 4879 529 4935 ταῦτα
552 4879 955 4952 προσεκύνησε.
978 4879 1044 4933 Τί
1065 4874 1159 4934 οὖν
1181 4881 1210 4933 6
1233 4881 1521 4952 προφήτης
1543 4897 1556 4946 ;
1591 4883 1879 4947 Βασιλεῦ.

181 4971 224 5040 ἡ
269 4968 480 5036 ,βουλή
524 4985 646 5039 μου
675 4969 950 5038 ἁρεσάτω
1004 4983 1125 5023 σοι·
1168 4969 1277 5035 τὰς
1316 4969 1611 5038 ἁμαρτίας
1655 4985 1775 5024 σου
1813 4971 1884 5024 ἐν

181 5059 634 5128 ἐλεημοσύναις
661 5060 1000 5126 λύτρωσον,
1035 5058 1136 5112 καί
1194 5058 1301 5124 τὰς
1355 5058 1612 5128 ἀνομίας
1663 5072 1783 5112 σου
1813 5058 1882 5112 ἐν

183 5147 518 5218 οίκτιρμοῒς
543 5145 840 5213 πενήτων·
876 5146 1024 5213 ἴσως
1057 5144 1231 5200 ἔσται
1263 5146 1590 5217 συγγνώμη
1624 5146 1750 5214 τοῖς
1771 5162 1884 5200 πα-

179 5236 544 5308 ρααττώμασί
569 5250 708 5290 σου.
739 5232 912 5288 Τοῦτο
959 5234 1134 5299 οὕτως
1167 5230 1344 5299 εἶπεν,
1382 5235 1482 5290 οὐκ
1517 5235 1884 5306 ἁμφιϐάλλων

185 5327 422 5398 (σφόδρα
453 5324 564 5397 γὰρ
591 5318 661 5394 ἦν
707 5323 1126 5394 πεπεισμένος),
1157 5324 1295 5378 ἀλλά
1348 5323 1676 5395 βουλόμενος
1716 5324 1884 5379 αὐτὸν

183 5419 265 5481 είς
300 5416 526 5486 μείζονα
559 5412 822 5484 ἐμϐαλεῖν
860 5413 1048 5483 φόϐον,
1084 5415 1180 5467 καὶ
1230 5413 1457 5466 πλείονα
1487 5412 1739 5482 ἀνάγκην
1787 5412 1884 5466 τοῦ

184 5503 365 5559 ταῦτα
405 5501 653 5572 ποιῆσαι.
683 5503 747 5555 Et
782 5501 894 5574 γὰρ
925 5498 1080 5555 εἶπεν
1112 5500 1585 5571 ὡμολογημένως,
1615 5499 1887 5553 ὐπτιώτεο

187 5612 282 5668 ρος
308 5593 376 5648 ἂν
404 5593 624 5661 ἐγένετο
649 5593 879 5655 ἐκεῖνος.
912 5589 1069 5646 Οὕτω
1119 5591 1216 5644 καὶ
1249 5591 1413 5660 ἡμεῖς
1463 5589 1587 5642 τότε
1644 5589 1887 5659 μάλιστα

184 5681 439 5753 ὠθοῦμέν
469 5697 644 5744 τινας,
671 5680 800 5733 ὅταν
832 5677 1104 5749 λέγωμεν·
1155 5676 1547 5747 Παρακάλεσον
1576 5675 1668 5730 τὸν
1713 5675 1889 5738 δεῖνα,

185 5771 283 5825 καὶ
326 5769 401 5841 μὴ
435 5767 833 5837 ἐπαγάγωμεν,
876 5768 958 5821 ὅτι
989 5767 1209 5829 πάντως
1259 5764 1578 5830 ἀκούσεται,
1609 5763 1750 5829 ἀλλ’,
1805 5765 1889 5817 ὅτι

187 5861 323 5923 ῐσως
350 5856 667 5913 ἀκούσεται·
693 5855 800 5912 ὑπὸ
822 5854 932 5928 γὰρ
954 5855 1055 5926 τῆς
1101 5852 1572 5924 ἀμφισϐητήσεως
1621 5850 1828 5921 μείζων
1859 5853 1888 5906 6

187 5948 354 6020 φόϐος
407 5945 723 6017 γενόμενος,
766 5944 969 6016 μᾶλλον
1002 5943 1165 5999 αὐτὸν
1213 5943 1363 5997 ὠθεῖ.
1393 5941 1491 5996 Διά
1539 5940 1702 5995 τοῦτο
1725 5941 1887 6011 δῆλον

255 6096 282 6125 ⁸
328 6093 536 6154 Quidam
573 6093 822 6156 ἀφεδρῶνα
856 6094 1139 6152 τελευτῆσαι
1166 6092 1221 6140 τὸ
1241 6093 1400 6142 πλέον.
1469 6091 1497 6132 ὶι
1518 6089 1662 6143 Alius
1701 6091 1885 6140 ἐπαινέ-

189 6175 290 6214 τας.
324 6158 476 6205 ΙΙάλιν
508 6158 604 6203 τῶν
635 6156 1036 6204 ἐπιϐουλευόντων
1065 6156 1386 6212 ἀπήλλακται.

3571 442 3682 496 196

1987 557 2119 610 αὐτό
2137 557 2238 609 οὐκ
2259 557 2508 626 ἐποίησε.
2531 556 2597 609 Τί
2620 555 2801 624 λέγεις
2826 572 2839 621 ;
2865 555 3142 618 τοσούτοις
3162 553 3509 626 ἀσεϐήμασιν
3533 554 3688 610 ἔσται

1991 646 2293 716 συγγνώμη
2319 663 2333 711 ;
2363 645 2490 701 Ναί.

2059 736 2176 788 Οὐκ
2202 735 2350 789 ἐστιν
2378 734 2602 807 ἀμάρτη
2612 751 2711 804 μα,
2736 734 2766 787 6
2791 731 2868 805 μὴ
2893 731 3119 786 δύναται
3140 731 3441 804 καθαρίσαι
3464 732 3692 804 ἐλεημο-

1988 821 2144 894 σύνη,
2198 824 2227 876 6
2289 823 2364 894 μὴ
2404 822 2630 878 δύναται
2663 823 2876 876 σϐέσαι·
2913 822 3064 875 πᾶσα
3112 820 3359 893 ἁμαρτία
3400 822 3690 896 κατωτέρα

1992 909 2189 981 ταύτης
2225 912 2449 983 ἕστηκε·
2502 911 2797 984 φάρμακόν
2830 911 2948 963 ἐστι
2981 908 3120 982 πρὸς
3154 911 3264 964 πᾶν
3292 909 3516 982 τραῦμα
3569 912 3690 964 ἐπι-

1983 1000 2217 1068 τήδειον.
2257 1001 2323 1054 Τί
2354 1001 2591 1056 τελώνου
2625 1003 2846 1072 χεῖρον;
2894 999 3086 1070 Πάσης
3117 998 3335 1063 ἀδικίας
3364 1000 3514 1054 ἐστὶν
3565 999 3692 1053 6116-

1985 1088 2156 1152 θεσις·
2193 1088 2331 1143 ἀλλὰ
2356 1087 2566 1161 ταύτην
2593 1091 2775 1144 πᾶσαν
2826 1086 3134 1158 ἀπενίψατο
3163 1087 3192 1140 6
3226 1089 3518 1158 Ζακχαῖος.
3547 1088 3691 1158 Ὅρα

1984 1175 2105 1241 πῶς
2149 1178 2245 1231 καὶ
2296 1179 2325 1231 6
2372 1177 2612 1249 Χριστὸς
2669 1176 2830 1230 τοῦτο
2862 1176 3125 1238 δείκνυσι,
3162 1175 3230 1228 δι’
3261 1168 3340 1229 ῶν
3383 1173 3690 1228 ἐσπούδασε

1984 1263 2375 1335 γλωσσόκομον
2403 1263 2570 1334 ἔχειν,
2600 1263 2697 1316 καὶ
2725 1262 2796 1316 τὰ
2858 1261 3169 1334 βαλλόμενα
3217 1261 3532 1331 βαστάζειν.
3579 1262 3691 1314 Καὶ

1986 1349 2201 1414 Παῦλος
2232 1351 2290 1404 δέ
2318 1365 2472 1421 φησι·
2505 1353 2714 1405 Μόνον
2741 1349 2861 1404 τῶν
2890 1349 3149 1420 πτωχῶν
3177 1351 3281 1405 Ira
3305 1351 3692 1420 μνημονεύω-

1978 1455 2115 1506 μεν·
2155 1439 2250 1492 καὶ
2278 1437 2448 1502 πολὺς
2484 1437 2764 1508 πανταχοῦ
2796 1437 2906 1491 τῶν
2927 1436 3163 1509 Γραφῶν
3201 1438 3344 1510 ὑπὲρ
3393 1438 3489 1492 τοῦ
3540 1438 3688 1511 πρά-

1983 1541 2197 1596 γματος
2233 1526 2426 1580 τούτου
2453 1529 2480 1579 6
2504 1527 2682 1592 λόγος.
2720 1527 2958 1594 Λύτρον
2988 1525 3200 1597 ψυχῆς
3226 1525 3468 1594 ἀνδρὸς,
3499 1529 3690 1598 φησὶν,

1981 1620 2016 1676 ,ό
2040 1616 2196 1682 ἴδιος
2226 1615 2513 1683 πλοῦτος·
2545 1618 2639 1670 καὶ
2665 1619 2691 1669 6
2719 1615 2980 1688 Χριστός·
3002 1617 3072 1670 El
3119 1615 3321 1681 θέλεις
3359 1615 3592 1684 τέλειος
3611 1612 3694 1670 εἷ-

1982 1721 2104 1768 ναι,
2132 1703 2428 1772 πώλησόν
2457 1721 2577 1760 σου
2609 1723 2682 1759 τα
2714 1704 3094 1774 ὑπάρχοντα,
3127 1703 3230 1757 καί
3259 1704 3368 1770 δὸς
3403 1703 3687 1774 πτωχοῖς,

1983 1791 2080 1845 καὶ
2105 1791 2306 1861 δεῦρο,
2333 1793 2658 1848 ἀκολούθει
2683 1810 2807 1863 μοι.
2845 1793 3019 1846 Τοῦτο
3053 1792 3338 1864 τελειότης
3368 1793 3599 1856 εἰκότως
3638 1803 3689 1848 ο.

1996 1875 2371 1948 Ἐλεημοσύνη
2403 1876 2461 1930 δὲ
2494 1877 2598 1932 οὐκ
2621 1879 2681 1932 ἐν
2711 1879 2961 1949 χρήμασι
2979 1877 3194 1946 γίνεται
3219 1877 3402 1948 μόνον,
3429 1876 3568 1931 άλλά
3593 1877 3691 1931 καὶ

1981 1966 2040 2017 ἐν
2070 1965 2415 2036 πράγμασιν.
2450 1963 2578 2019 Οἷόν
2609 1983 2660 2018 τι
2685 1965 2852 2034 λέγω·
2888 1964 3046 2019 Ἐστι
3076 1965 3173 2019 καὶ
3212 1965 3538 2037 προστῆναι,
3572 1966 3691 2019 ἐστι

1982 2046 2085 2106 καῖ
2096 2053 2257 2124 χεῖρα
2284 2052 2494 2124 ὀρέξαι·
2530 2052 2798 2118 πολλάκις
2817 2052 2915 2108 καὶ
2935 2053 3241 2127 χρημάτων
3266 2052 3534 2126 μειζόνως
3557 2054 3692 2110 ἔσω·

1982 2157 2075 2193 σεν
2109 2142 2141 2211 ή
2166 2139 2254 2193 διὰ
2281 2140 2634 2212 πραγμάτων
2659 2141 2998 2214 προστασία.

2055 2228 2116 2283 δ’.
2146 2228 2359 2283 Οὐκοῦν
2378 2230 2515 2302 φέρε
2539 2230 2720 2285 πάντα
2749 2230 3068 2302 κινήσωμεν
3091 2229 3184 2284 ἐπὶ
3207 2228 3303 2284 τοῦ
3332 2229 3604 2301 παρόντος
3619 2232 3690 2286 τά

1979 2318 2080 2386 τῆς
2140 2317 2516 2390 ἐλεημοσύνης
2565 2318 2704 2391 εἴδη.
2763 2318 3006 2373 Δύνασαι
3065 2316 3158 2371 διὰ
3204 2317 3552 2389 χρημάτωνς
3595 2318 3689 2390 Μὴ

1978 2406 2148 2460 ὄκνει.
2177 2405 2418 2458 Δύνασαι
2438 2405 2527 2459 διὰ
2566 2407 2945 2477 προστασίας;
2995 2406 3090 2477 Μὴ
3120 2406 3305 2479 εἴπῃς,
3330 2405 3523 2477 ἐπειδὴ
3553 2407 3691 2480 χρή.

1985 2510 2131 2564 ματα
2155 2493 2255 2547 οὐκ
2285 2492 2428 2558 ἐστι,
2461 2493 2624 2548 τοῦτο
2655 2495 2811 2549 οὐδέν
2835 2497 2973 2549 ἐστι.
3007 2494 3226 2567 Σφόδρα
3254 2494 3350 2548 καὶ
3398 2493 3562 2548 τοῦτο
3601 2495 3692 2566 μέ-

1980 2598 2073 2650 γα·
2113 2581 2303 2655 ὥσπερ
2353 2583 2578 2653 χρυσίον
2627 2582 2898 2647 δεδωκὼς,
2947 2582 3094 2637 οὕτω
3145 2582 3411 2637 διάκεισο.
3448 2583 3688 2640 Δύνασαι

1979 2669 2069 2724 διὰ
2092 2670 2426 2743 θεραπείας;
2464 2671 2576 2725 Καὶ
2603 2671 2763 2725 τοῦτο
2788 2671 3040 2742 ποίησον.
3078 2665 3230 2737 Οἷον,
3291 2671 3476 2744 ίατρδς
3514 2667 3568 2725 εἷ
3589 2672 3690 2742 τὴν

1982 2761 2345 2831 ὲπιστήμην;
2420 2759 2817 2830 Ἐπιμελήθητι
2861 2758 3319 2832 ἀρρωστούντων·
3377 2759 3474 2813 καὶ
3528 2758 3691 2814 τοῦτο

1985 2851 2150 2922 μέγα.
2201 2850 2440 2903 Δύνασαι
2488 2849 2579 2902 διὰ
2614 2849 2966 2922 συμϐουλῆς;
3023 2847 3214 2919 Πολλῷ
3261 2847 3421 2902 τοῦτο
3467 2849 3690 2902 πάντων

1985 2942 2194 3011 μεῖζον·
2224 2940 2364 3009 αῦτη
2397 2939 2627 3011 βελτίων
2659 2939 2903 3002 πάντων,
2941 2939 2975 3010 ἢ
3010 2940 3104 2993 καὶ
3151 2937 3376 3002 πλείων,
3435 2938 3548 3008 ὅσῳ
3595 2939 3692 2992 καὶ

1984 3029 2174 3098 μεῖζον
2201 3027 2316 3098 ἔχει
2348 3027 2408 3081 τὸ
2438 3027 2652 3101 κέρδος·
2689 3027 2751 3080 οὐ
2790 3026 2900 3099 γὰρ
2947 3026 3110 3097 λιμὸν
3144 3025 3316 3092 λύεις,
3353 3024 3492 3079 ἀλλὰ
3521 3025 3690 3080 θάνα-

1981 3136 2074 3172 τον
2109 3119 2370 3189 χαλεπόν.
2408 3118 2685 3188 ’Τοιαύτης
2717 3117 2813 3173 καὶ
2838 3119 2886 3170 οί
2916 3116 3211 3171 ἀπόστολοι
3242 3119 3308 3170 ἐκ
3363 3116 3693 3188 περιουσίας

1981 3202 2124 3278 ἦσαν
2149 3205 2629 3278 ἐμπεπλησμένοι·
2668 3206 2757 3260 διὰ
2801 3205 2962 3259 τοῦτο
2985 3205 3086 3277 τὴν
3106 3205 3216 3259 τῶν
3253 3206 3557 3277 χρημάτων
3577 3205 3694 3261 δια-

1982 3295 2156 3366 νομὴν
2183 3298 2295 3356 τοῖς
2333 3297 2451 3364 μετ’
2488 3295 2690 3357 αὐτοὺς
2720 3295 3096 3364 ἐνεχείρισαν,
3143 3293 3302 3346 αὐτοὶ
3328 3292 3427 3364 τὴν
3459 3293 3549 3347 διὰ
3579 3295 3693 3347 τῶν

1981 3381 2157 3451 λόγων
2205 3382 2361 3456 L206].
2413 3382 2883 3452 ἐπιδεικνύμενοι.
2945 3382 3016 3434 ’Ἡ
3071 3381 3280 3453 μικράν
3317 3380 3694 3452 ἐλεημοσύνην

1982 3468 2084 3523 οἴει
2117 3465 2278 3532 εἶναι,
2305 3469 2485 3538 ψυχὴν
2533 3467 2924 3539 ἀπορουμένην
2975 3466 3028 3534 ἀ,
3082 3466 3512 3522 κινδυνεύουσαν
3561 3469 3696 3540 περὶ

1981 3556 2093 3610 τῶν
2139 3557 2408 3626 ἐσχάτων,
2444 3554 2551 3608 ὐπὸ
2603 3553 2908 3626 πυρώσεως
2940 3555 3338 3625 συνεχομένην,
3397 3554 3696 3626 δυνηθῆναι

1983 3645 2295 3711 ἀπαλλάξαι
2317 3645 2418 3715 τῆς
2449 3643 2606 3697 νόσου
2635 3660 2649 3709 ;
2673 3637 2820 3704 Οἷον,
2847 3643 2982 3714 ὁρᾷς
3009 3641 3167 3710 φίλον
3195 3641 3302 3695 ὑπὸ
3327 3641 3698 3714 φιλαργυρίας

1985 3734 2386 3805 κατεχόμενονς
2435 3732 2691 3800 Ἐλέησον
2747 3731 2842 3783 τὸν
2883 3731 3196 3803 ἄνθρωπον.
3253 3731 3694 3800 ’Λποπνίγεταις

1985 3820 2190 3874 Σϐέσον
2215 3819 2383 3874 αὐτοῦ
2416 3819 2477 3872 16
2508 3817 2642 3889 πῦρ.
2680 3817 2745 3871 Τί
2776 3814 2892 3880 οὖν,
2934 3817 3000 3871 ἂν
3029 3818 3104 3890 μὴ
3165 3818 3454 3889 πείθηται;
3511 3819 3585 3872 Σὺ
3634 3819 3700 3872 16

1986 3909 2186 3963 σαυτοῦ
2234 3908 2484 3977 ποίησον,
2537 3909 2634 3960 καὶ
2667 3907 2742 3978 μὴ
2791 3908 3168 3979 κατοκνὴσῃς.
3227 3902 3384 3971 Εἶδες
3432 3907 3596 3961 αὐτὸν
3638 3909 3700 3961 ἐν

1982 3998 2205 4068 δεσμοῖς
2259 3995 2666 4068 κατεχόμενονξ
2701 3995 2898 4066 (δεσμὰ
2929 3997 3041 4067 γὰρ
3090 3995 3264 4060 ὅντως
3286 3995 3354 4049 τὰ
3382 3997 3696 4068 χρήματα.)

1987 4085 2226 4140 νΛπελθε
2257 4087 2394 4156 πρὸς
2439 4086 2622 4149 αὐτὸν,
2670 4084 2972 4154 ἐπίσκεψαι
3012 4084 3200 4148 αὐτὸν,
3262 4085 3697 4157 παραμύθησαι,

1984 4178 2280 4248 πειράθητι
2327 4175 2437 4229 τῶν
2495 4175 2713 4245 δεσμῶν
2755 4174 3049 4229 ἀπολῦσαι.
3121 4175 3220 4227 Ἂν
3276 4175 3354 4246 μὴ
3408 4173 3694 4245 βούληται,

1983 4267 2083 4335 τὴν
2114 4265 2296 4318 αἰτίαν
2331 4263 2496 4328 αὐτὸς
2547 4263 2832 4333 ὑπομενεῖ.
2893 4260 3050 4326 Εἶδες
3078 4262 3288 4335 γυμνὸν
3338 4264 3434 4316 καὶ
3487 4262 3643 4329 ξένον
3677 4280 3696 4330 ;

1986 4355 2215 4425 (γυμνὸς
2269 4354 2380 4425 γάρ
2440 4352 2611 4416 ὅντως
2672 4353 2765 4405 καὶ
2801 4351 2953 4418 ξένος
3020 4353 3140 4406 ἐστὶ⁵
3191 4353 3300 4406 τῶν
3359 4353 3608 4425 οὐρανῶν
3666 4355 3697 4406 6

1986 4443 2103 4513 βίου
2160 4442 2326 4514 ὀρθοῦ
2385 4442 2462 4513 μὴ
2507 4440 2992 4513 ἐπιμελούμενος.)
3023 4443 3172 4496 Λάϐε
3231 4444 3313 4508 είς
3336 4443 3398 4497 16
3438 4443 3697 4514 καταγὼς

1985 4550 2103 4602 γιον
2135 4533 2194 4586 16
2221 4533 2336 4597 σὺν,
2375 4532 2640 4603 περίϐαλε
2687 4532 2885 4601 ἱμάτια
2913 4532 2983 4586 τά
3013 4533 3112 4604 τῆς
3157 4534 3386 4604 ἀρετῆς,
3409 4533 3497 4592 66:
3538 4534 3699 4589 πόλιν

1983 4624 2085 4698 τὴν
2107 4625 2166 4678 ἐν
2182 4622 2418 4695 οὐρανῷ.
2438 4622 2504 4676 Τί
2519 4618 2634 4687 οὖν,
2661 4622 2729 4676 ἂν
2749 4622 2859 4688 ἐγὼ
2872 4623 3081 4692 γυμνὸς
3096 4615 3162 4686 ὦ,
3182 4623 3317 4694 φησί
3339 4624 3479 4688 ﬂia!
3498 4623 3697 4677 σαυτὸν

1987 4717 2208 4770 ἕνδυσον
2257 4715 2498 4786 πρῶτον·
2532 4715 2582 4766 εί
2614 4709 2764 4776 οἶδας
2797 4713 2881 4767 ὅτι
2916 4714 3126 4784 γυμνὸς
3183 4708 3255 4778 εἴ,
3321 4713 3543 4777 πάντως
3600 4715 3698 4770 καὶ

1987 4805 2069 4858 ὃτι
2105 4801 2391 4874 ἐνδυθῆναι
2436 4800 2677 4870 ὀφείλεις
2725 4798 2894 4863 οἶδας.
2926 4801 2992 4856 Εἰ
3018 4799 3226 4870 ταύτης
3281 4799 3443 4872 μόνον
3469 4800 3567 4870 τῆς
3595 4817 3696 4867 γυ-

1991 4893 2256 4964 μνότητος
2307 4889 2604 4944 ἐπίστασαι
2652 4888 2743 4942 τὸν
2771 4888 2997 4959 τρόπον,
3027 4888 3237 4961 δυνήσῃ
3259 4888 3465 4957 γνῶναι
3493 4888 3697 4960 ῥαδίως

1987 4981 2083 5035 καὶ
2137 4980 2239 5053 τὴν
2297 4979 2466 5049 αὐτῆς
2523 4976 2893 5047 καταστολήν.
2947 4976 3124 5032 Πόσαι
3180 4978 3444 5046 γυναῖκες
3487 4975 3698 5048 σηρικὰ

1990 5070 2185 5141 ίμάτια
2234 5067 2486 5139 φοροῦσι,
2515 5067 2724 5139 γυμναὶ
2750 5066 2808 5120 δὲ
2843 5066 3016 5130 ὅντως
3045 5067 3154 5120 είσὶ
3203 5066 3314 5122 τῶν
3355 5067 3462 5146 τῆς
3489 5066 3696 5137 ἀρετῆς

1989 5157 2508 5230 ίματίων;Ταύτας
2540 5158 2590 5210 οἱ
2647 5156 2844 5228 ἄνδρες
2899 5154 3376 5226 περιϐαλέτωσαν.
3432 5153 3576 5208 Ἀλλ’
3632 5154 3695 5208 οὐ

1987 5248 2304 5320 προσίενται
2361 5246 2429 5300 τὰ
2478 5245 2672 5316 ἱμάτια
2712 5246 2921 5307 ἐκεῖνα,
2953 5241 3091 5297 ἀλλά
3143 5241 3320 5296 ταῦτα
3373 5240 3697 5312 βούλονται;

1989 5336 2163 5392 Τοῦτο
2215 5336 2437 5410 πρῶτον
2473 5334 2721 5406 ποίησον·
2759 5336 2841 5397 εἰς
2878 5333 2978 5404 τὴν
3028 5331 3329 5403 ἐπιθυμίαν
3383 5331 3555 5396 αὐτὰς
3588 5331 3698 5384 τῶν

1991 5426 2228 5498 ἱματίων
2276 5423 2513 5477 ἐκείνων
2542 5423 2914 5492 κατάστησον,
2944 5420 3120 5486 δεῖξον
3157 5421 3238 5474 ὅτι
3297 5419 3507 5491 γυμναί
3563 5420 3697 5483 είσι,

1992 5513 2302 5584 διαλέχθητι
2331 5513 2462 5583 περὶ
2491 5512 2592 5581 τῆς
2629 5509 2867 5582 κρίσεως
2897 5510 2997 5580 τῆς
3031 5507 3366 5580 μελλούσης·
3397 5508 3542 5562 εἰπὲ·
3569 5509 3701 5562 ’Δλ-

1990 5602 2098 5656 λων
2128 5603 2262 5674 ήμῖν
2295 5604 2416 5655 ἐκεῖ
2444 5599 2545 5663 δεῖ,
2579 5599 2640 5652 οὐ
2663 5599 2894 5652 τούτων.
2934 5598 3000 5653 El
3027 5598 3086 5652 δὲ
3114 5595 3401 5668 ἀνέχοισθέ
3437 5613 3562 5666 μου,
3601 5599 3700 5650 καὶ

1991 5687 2103 5758 ἐγὼ
2123 5689 2222 5757 τὴν
2247 5685 2568 5756 γυμνότητα
2588 5683 2768 5749 δείξω.
2807 5683 2865 5736 ὐ
2891 5681 3120 5754 γυμνὸς,
3144 5680 3352 5751 ψύχους
3387 5681 3490 5751 μὲν
3520 5681 3697 5746 ὄντος,

1992 5777 2211 5847 πέπηγε
2246 5775 2343 5829 καὶ
2364 5773 2580 5845 τρέμει,
2605 5773 2703 5826 καὶ
2737 5770 3175 5840 συνεσταλμένος
3204 5769 3430 5836 ἕστηκε,
3459 5785 3698 5836 συναγα-

1992 5865 2106 5937 γὼν
2141 5865 2270 5928 τοὺς
2298 5864 2614 5936 βραχίονας·
2648 5859 2846 5932 θέρους
2873 5861 2931 5916 δὲ
2954 5859 3131 5924 ὄντος,
3171 5859 3274 5913 οὐκ
3326 5857 3432 5913 ἔτι.
3467 5859 3565 5912 Ἂν
3595 5856 3703 5910 τοί-

1993 5972 2088 6009 νυν
2131 5954 2289 6022 δείξω
2346 5952 2441 6008 καὶ
2489 5952 2618 6016 τοὺς
2677 5949 3044 6013 πλουτοῦντας
3076 5947 3299 6012 καὶτὰς
3359 5947 3700 6010 πλουτούσας

2058 6158 2079 6186 ο
2108 6153 2243 6204 Idem
2269 6149 2413 6202 τοῦτο
2437 6149 2756 6208 τελειότητος.
2825 6147 2853 6188 ἀ
2889 6147 2980 6198 Alii
3003 6147 3375 6210 άπεβριμμένην.
