4034 6448
219 499 240 552 1
251 498 322 553 97

208 609 417 680 judicio
437 607 617 662 futuro
641 606 849 663 dissere
875 623 891 670 ;
917 603 1006 658 die
1039 618 1053 656 :
1089 601 1225 656 Aliis
1242 598 1398 654 nobis
1424 597 1534 652 illic
1559 611 1694 665 opus
1716 604 1821 658 est,

211 717 325 755 non
359 701 534 755 hisce.
577 699 634 755 Si
665 713 753 754 me
796 697 1015 758 feratis,
1045 708 1146 763 ego
1191 691 1486 746 nuditatem
1517 685 1820 741 ostendam.

207 795 406 850 Nudus
435 794 654 864 frigoris
699 803 942 860 tempore
984 789 1122 858 riget
1161 798 1215 841 ct
1262 784 1482 846 tremit,
1517 787 1826 836 contractus

206 897 356 954 stat,
403 887 642 943 reductis
669 885 943 940 brachiis:
980 883 1031 936 in
1061 890 1251 936 (estate
1282 892 1409 932 vero
1438 891 1544 929 non
1581 875 1730 930 item.
1766 872 1823 927 Si

206 983 374 1052 igitur
403 979 692 1036 ostendero
708 977 902 1032 divites
937 976 1081 1030 viros
1099 983 1152 1029 et
1177 972 1432 1026 mulieres
1448 985 1514 1024 eo
1536 968 1705 1038 magis
1727 983 1824 1020 nu-

203 1074 308 1128 dos
337 1088 478 1137 esse,
500 1086 607 1142 quo
634 1071 802 1140 magis
818 1066 1160 1132 suntvestiti,
1181 1080 1248 1119 ne
1279 1079 1420 1132 a-gre
1451 1061 1656 1116 feratis.
1680 1059 1820 1127 Quid

202 1183 361 1238 ergo,
390 1179 720 1235 qumso,eum
745 1163 813 1218 de
841 1162 1084 1232 gehenna
1114 1159 1276 1214 verba
1315 1156 1575 1212 faciemus
1599 1195 1614 1220 ,
1645 1155 1822 1223 doque

206 1255 497 1312 tormentis
529 1255 640 1308 illis
674 1273 685 1307 :
720 1269 898 1308 annon
929 1253 1101 1320 magis
1131 1249 1207 1304 illi
1252 1249 1426 1320 rigent
1453 1263 1516 1301 ac
1545 1256 1777 1302 tremunt
1803 1288 1816 1310 ,

204 1363 368 1418 quam
400 1347 529 1401 nudi
577 1347 694 1400 illi?
743 1360 922 1398 annon
953 1345 1147 1397 acerbe
1194 1342 1583 1412 ingemiscuut,
1616 1348 1670 1394 et
1700 1353 1822 1393 sese

203 1439 464 1493 danmaut
489 1438 514 1490 ?
545 1437 684 1505 Quid
709 1451 838 1506 ergo
864 1475 879 1500 ,
913 1433 1133 1504 quando
1161 1434 1395 1503 aliquem
1427 1431 1630 1486 adeunt
1658 1439 1711 1483 et
1741 1430 1822 1483 di-

201 1540 336 1586 cunt
359 1571 375 1598 ,
427 1530 535 1584 Ora
577 1544 675 1598 pro
705 1543 828 1582 me:
861 1541 1041 1580 annon
1083 1524 1273 1580 eadem
1300 1567 1315 1590 ,
1347 1539 1468 1593 quis:
1500 1522 1610 1586 illi,
1655 1522 1819 1576 verba

200 1622 532 1693 proferunt?
563 1624 632 1676 At
660 1635 801 1674 nunc
822 1662 834 1683 ,
871 1619 998 1673 licet
1029 1616 1195 1672 multa
1226 1615 1546 1679 dixerimus,
1579 1614 1816 1667 nondum

199 1715 487 1770 manifesta
515 1723 598 1768 est
629 1712 842 1766 auditas
868 1729 880 1763 :
917 1711 1025 1765 illic
1054 1724 1182 1764 vero
1210 1707 1492 1762 manifesta
1520 1707 1644 1760 erit.
1674 1707 1820 1776 Quo-

199 1809 364 1863 modo
411 1817 468 1863 et
505 1823 611 1878 qua
655 1803 904 1860 ratione?
933 1804 1069 1858 Cum
1113 1802 1303 1858 sericis
1350 1801 1457 1856 illis
1489 1800 1726 1855 vestibus
1766 1809 1819 1854 et

196 1902 431 1972 gemmis
474 1900 690 1954 amissis
715 1941 730 1964 ,
778 1898 911 1952 solis
943 1897 1030 1953 vel
1061 1896 1276 1951 virtutis
1305 1894 1391 1950 vel
1431 1894 1545 1949 vitii
1578 1893 1819 1948 vestibus

195 1993 382 2048 amicti
412 2006 606 2047 omnes
630 1999 924 2046 cernentur
951 2007 964 2055 ;
989 2004 1113 2044 cum
1146 2001 1412 2058 pauperes
1436 1986 1605 2057 gloria
1636 1986 1817 2040 amicti

195 2087 366 2141 multa
412 2083 828 2155 comparebunt,
870 2083 1065 2138 divites
1095 2096 1226 2137 vero
1264 2080 1394 2136 nudi
1436 2095 1501 2135 ac
1534 2090 1717 2150 turpes
1751 2079 1816 2133 ad

192 2178 462 2249 supplicia
497 2177 801 2232 trahentur.
832 2174 979 2244 Quid
1015 2174 1298 2229 delicatius
1334 2182 1451 2228 erat
1486 2171 1582 2226 illo
1607 2171 1775 2225 divite
1799 2212 1814 2236 ,

189 2272 287 2342 qui
316 2269 643 2325 induebatur
665 2268 942 2338 purpura?
961 2265 1089 2337 quid
1114 2266 1401 2336 pauperius
1429 2263 1673 2319 Lazaro?
1697 2273 1815 2318 uter

190 2377 328 2432 ergo
373 2361 748 2416 meudicorum
796 2358 1105 2429 proferebat
1149 2357 1360 2413 verba?
1407 2368 1528 2412 uter
1569 2356 1721 2427 quasi
1761 2356 1816 2410 in

187 2452 528 2506 abundantia
572 2451 856 2523 degebat?
887 2449 942 2506 Si
988 2450 1109 2520 quis
1154 2449 1375 2504 domum
1422 2448 1606 2504 multis
1652 2457 1810 2503 ornet

184 2543 400 2607 aiilzeis,
433 2544 549 2613 ipse
578 2557 708 2596 vero
741 2541 885 2597 intus
915 2541 1089 2596 nudus
1129 2543 1219 2605 sit,
1254 2539 1398 2610 quod
1433 2539 1642 2594 lucrum
1669 2540 1691 2592 ?
1718 2539 1809 2595 Sic

186 2645 244 2690 et
279 2635 598 2690 mulieribus
617 2633 815 2689 accidit
847 2652 859 2684 :
895 2633 1116 2688 domum
1143 2632 1345 2701 quippe
1369 2632 1586 2695 animrc,
1617 2645 1816 2700 corpus

185 2728 339 2795 dico,
373 2728 557 2783 multis
579 2728 840 2784 decorant
858 2727 1192 2782 ornamentis
1215 2743 1227 2792 ;
1256 2725 1662 2781 materfamilias
1685 2739 1813 2780 vero

1157 483 1224 542 ΙΝ
1261 483 1442 540 ACTA
1488 476 2025 536 AI‘OSTOLOllUM.
2073 477 2304 534 1103111..
2350 476 2536 533 XXVI.

3458 481 3558 534 198

1946 595 2090 649 intus
2121 594 2277 651 sedet
2305 597 2469 650 nuda.
2494 593 2849 650 Couimodate
2879 593 3008 649 mihi
3039 594 3234 649 auimze
3263 597 3472 664 oculos,
3501 610 3558 653 et

1939 688 2221 743 ostendam
2250 687 2404 741 vobis
2425 687 2619 740 anima:
2649 686 2972 742 nuditatem.
2999 687 3129 753 Qua:
3157 688 3300 742 enim
3324 698 3407 742 est
3433 690 3555 742 ani-

1938 797 2041 836 ma:
2070 781 2274 837 vestis?
2301 781 2484 835 Virtus
2509 789 2678 836 certe.
2711 780 2842 850 Quae
2860 781 3077 836 nuditas
3098 780 3125 836 ?
3153 781 3374 836 Malitia.
3405 782 3558 838 Sicut

1937 875 2081 928 enim
2131 874 2176 927 si
2209 874 2328 941 quis
2371 873 2603 928 liberum
2646 875 2957 943 quempiam
3011 882 3194 937 exuat,
3232 874 3554 939 erubescit,

1935 965 2276 1021 contrahitur
2300 977 2352 1020 et
2383 964 2517 1034 fugit.
2547 981 2561 1019 ;
2592 965 2670 1019 sic
2707 966 2751 1020 si
2787 964 3024 1018 animam
3058 964 3142 1019 his
3173 965 3416 1020 vestibus
3447 981 3554 1021 non

1935 1059 2176 1112 indutam
2215 1058 2406 1112 intueri
2435 1057 2662 1111 velimus
2690 1098 2704 1123 ,
2747 1057 3024 1112 erubescit
3066 1057 3179 1111 illa.
3213 1055 3354 1122 Quot
3397 1068 3554 1127 pttlns

1934 1165 2077 1205 nunc
2108 1149 2314 1219 pudore
2338 1148 2500 1212 afﬁci,
2531 1159 2585 1203 et
2626 1149 2681 1203 in
2713 1147 3042 1219 profuudmn
3084 1148 3423 1204 descendere
3449 1191 3463 1213 ,
3499 1161 3556 1204 ut

1933 1244 2084 1312 quasi
2115 1241 2402 1313 quodpiam
2438 1241 2802 1297 velamentum
2830 1249 3185 1312 quiercntes,‘
3205 1249 3265 1296 ut
3296 1257 3362 1297 ne
3387 1243 3551 1297 verba

1935 1335 2024 1389 illa
2059 1334 2324 1388 audiant?
2352 1333 2484 1401 Qua:
2510 1348 2642 1388 vero
2673 1333 2817 1387 illius
2861 1334 2964 1388 sibi
3013 1332 3140 1388 mali
3169 1334 3403 1389 conscia:
3444 1350 3552 1388 non

1930 1436 2079 1488 sunt,
2107 1425 2654 1506 lmlanturngaudcnt,
2689 1424 3049 1492 delectantur,
3086 1434 3141 1479 et
3168 1425 3236 1481 de
3263 1425 3422 1479 dictis
3449 1423 3552 1478 hu-

1927 1518 2164 1588 jusmodi
2213 1518 2534 1588 gloriantur.
2586 1517 2726 1571 Audi
2763 1516 2832 1571 de
2876 1517 3032 1571 beata
3080 1517 3301 1572 Thecla.
3351 1517 3446 1572 Illa
3497 1530 3553 1572 ut

1935 1613 2160 1668 Paulum
2192 1613 2436 1678 videret,
2473 1627 2665 1668 aurum
2693 1628 2849 1667 suum
2877 1611 3025 1666 dedit
3059 1629 3072 1662 :
3105 1621 3157 1665 tu
3184 1622 3247 1665 ut
3275 1612 3550 1667 Christum

1931 1705 2118 1760 videas
2142 1746 2154 1767 ,
2196 1719 2371 1775 neque
2401 1703 2620 1759 obolum
2649 1703 2868 1759 dederis
2897 1720 2911 1768 ;
2945 1703 3039 1757 sed
3088 1705 3304 1758 miraris
3331 1706 3549 1775 quidem

1933 1797 2076 1852 illius
2102 1807 2275 1867 gesta,
2313 1811 2413 1850 nec
2442 1797 2687 1850 imitaris.
2725 1795 2842 1850 Non
2873 1796 3028 1849 audis
3053 1837 3068 1860 ,
3100 1812 3259 1866 quam
3293 1797 3432 1852 beati
3465 1799 3549 1852 di-

1927 1901 2121 1945 cantur
2148 1889 2572 1947 misericordes?
2597 1887 2744 1943 Beati
2771 1889 3142 1954 misericordes,
3182 1891 3389 1960 inquit,
3413 1908 3544 1958 quo-

1929 1985 2068 2036 niam
2118 1984 2219 2052 ipsi
2259 1983 2666 2038 misericordiam
2717 1991 3091 2052 consequentur
3132 1982 3347 2054 (Matth.
3379 1984 3432 2039 5.
3461 1976 3539 2053 7).

1928 2077 2081 2147 Quod
2110 2077 2318 2132 lucrum
2349 2092 2377 2132 a
2405 2078 2660 2149 pretiosis
2689 2077 2979 2132 vestibus?
3005 2078 3265 2147 quamdiu
3301 2079 3367 2133 ait
3405 2080 3547 2133 hunc

1926 2173 2180 2228 amictum
2211 2172 2584 2226 inhiahimus‘?
2613 2171 2950 2226 Amiciamur
2974 2172 3148 2242 gloria
3187 2170 3385 2227 Christi
3412 2217 3428 2241 ,
3461 2175 3548 2229 illa

1927 2267 2328 2337 pulchritudine
2354 2267 2791 2332 circumdemur,
2824 2276 2881 2320 ut
2907 2275 2961 2322 et
2991 2266 3079 2321 hic
3121 2265 3406 2321 laudemur
3431 2309 3445 2334 ,
3496 2278 3551 2322 et

1931 2361 2042 2415 illic
2069 2370 2289 2417 mtcrua
2309 2357 2710 2433 consequamur
2742 2360 2907 2423 bona,
2937 2360 3108 2431 gratia
3133 2368 3187 2413 et
3220 2359 3551 2430 benignitate

1928 2454 2142 2510 Domini
2175 2453 2345 2509 nostri
2373 2452 2501 2508 Jcsu
2531 2451 2758 2515 Christi,
2787 2453 3006 2522 quicum
3040 2451 3186 2505 Patri
3233 2461 3286 2506 et
3323 2452 3546 2522 Spiritui

1927 2557 2118 2603 sancto
2148 2547 2343 2617 gloria,
2377 2547 2687 2614 imperium,
2723 2544 2923 2614 honor,
2951 2559 3097 2600 nunc
3118 2552 3174 2600 et
3200 2559 3420 2615 semper
3445 2586 3460 2612 ,
3494 2553 3550 2600 et

1929 2640 1980 2694 iu
2011 2640 2208 2696 smcula
2230 2639 2577 2695 seculorum.
2613 2640 2809 2694 Amen.

1558 2937 1913 3000 HOMILIA
1957 2935 2201 2996 XXVI.

183 3089 322 3144 Car.
359 3085 446 3142 12.
482 3088 531 3141 l.
575 3085 679 3141 Illo
713 3095 882 3140 autem
910 3097 1134 3156 tempore
1154 3085 1292 3139 misit
1326 3084 1554 3139 Herodes
1582 3101 1674 3138 rea:
1697 3064 1816 3138 nia-

263 3198 384 3246 nus,
428 3191 483 3234 ut
531 3181 774 3252 aﬁligcret
821 3180 1072 3249 quosdam
1120 3179 1184 3231 de
1224 3175 1472 3232 Ecclesia.
1514 3176 1570 3230 2.
1608 3175 1807 3230 Occidit

260 3283 436 3326 autem
479 3271 734 3325 Jacobum
765 3274 979 3342 fratrem
1019 3268 1241 3323 Joannis
1279 3269 1474 3338 gladio.
1521 3269 1575 3324 5.
1623 3267 1808 3323 Videtis

259 3374 434 3418 (uitem
455 3364 579 3434 quia
602 3363 820 3431 placeret
845 3360 1067 3428 luditis,
1098 3361 1336 3431 apposuit
1369 3369 1421 3413 ut
1451 3358 1805 3430 apprehende-

258 3466 335 3510 ret
358 3467 402 3509 et
439 3453 673 3508 Petrum.
706 3452 873 3507 Erant
893 3461 1063 3506 autem
1089 3451 1199 3505 dies
1230 3454 1562 3523 Azymorum.

262 3548 314 3601 l.
360 3546 516 3613 Quod
549 3544 680 3599 il!ud
707 3544 839 3598 dicit
871 3543 1126 3612 tempus?
1156 3543 1309 3610 Quod
1323 3558 1462 3611 ~mox
1482 3541 1807 3613 sequebatur

185 3639 397 3707 utique.
432 3636 538 3693 Sed
574 3635 660 3690 hic
685 3635 904 3706 quidem
941 3635 1044 3689 hoc
1081 3645 1260 3705 pacto,
1313 3635 1440 3689 alibi
1464 3650 1595 3689 vero
1625 3650 1828 3714 secus.‘

183 3731 323 3785 Cum
349 3729 494 3782 enim
524 3728 807 3782 Matthmus
837 3727 1006 3793 dicit,
1040 3726 1108 3781 In
1138 3727 1316 3780 diebus
1346 3728 1450 3781 illis
1479 3729 1609 3781 renit
1633 3727 1804 3782 Joan-

183 3841 277 3878 nes
304 3823 590 3891 prtcdicans
632 3820 650 3893 (
677 3820 730 3873 Μ
738 3823 869 3877 attlt.
902 3823 954 3878 5.
989 3823 1010 3876 l
1040 3821 1098 3892 );
1131 3838 1236 3876 nou
1269 3833 1559 3891 sequentes
1587 3824 1704 3879 dies
1732 3825 1806 3879 si-

182 3914 428 3982 gniﬁcat,
479 3912 574 3967 sed
618 3913 759 3978 illos,
793 3913 846 3968 in
875 3913 1071 3984 quibus
1117 3912 1230 3967 fieri
1277 3914 1504 3985 contigit
1555 3913 1607 3968 id
1659 3914 1804 3985 quod

183 4005 466 4060 narrabat.
518 4005 630 4059 lloc
675 4006 875 4075 quippe
925 4020 1080 4059 more
1129 4004 1299 4058 utitur
1345 4005 1624 4075 Scriptura
1660 4005 1804 4060 :ali-

183 4097 410 4168 quando
449 4113 569 4166 qua:
597 4096 928 4166 subsequ—uta
974 4106 1102 4151 sunt
1134 4107 1353 4165 narrat;
1383 4097 1672 4168 aliquando
1703 4115 1803 4153 au-

184 4200 297 4245 teni
328 4205 448 4259 qua:
477 4199 662 4258 postea
691 4190 1052 4259 contigerunt,
1079 4203 1144 4243 ac
1180 4191 1226 4244 si
1255 4206 1376 4244 mox
1407 4200 1766 4262 sequerentur
1786 4231 1800 4255 ,

184 4294 457 4340 recenset.
497 4283 640 4340 lleuc
680 4296 858 4340 autem
904 4286 1053 4352 dicit,
1106 4285 1337 4341 Herodes
1382 4306 1473 4342 rea:
1501 4304 1518 4342 :
1547 4287 1633 4345 hic
1659 4289 1802 4343 enim

184 4395 297 4434 non
331 4389 445 4433 erat
472 4379 535 4444 is,
585 4379 826 4448 quicum
870 4379 1087 4435 Christo
1126 4393 1479 4436 memoratur.
1514 4381 1655 4437 Ecce
1700 4384 1802 4436 alia

185 4473 439 4526 tentatio.
471 4469 539 4524 Et
563 4471 703 4538 vide,
736 4472 877 4542 quod
907 4473 1060 4528 initio
1093 4473 1362 4538 dicebam,
1397 4475 1672 4544 quomodo
1716 4490 1804 4531 res

184 4573 498 4630 nectuntur,
551 4565 823 4634 quomodo
871 4581 966 4634 per
1008 4567 1242 4636 quietem
1296 4577 1351 4622 et
1397 4583 1493 4637 per
1534 4583 1804 4622 (erumnas

182 4659 369 4713 omnia
399 4666 779 4713 eoutexautur.
806 4657 920 4713 Non
959 4658 1070 4728 jam
1095 4659 1266 4714 Judaei
1289 4701 1304 4726 ,
1336 4675 1441 4715 non
1468 4661 1759 4716 concilium
1786 4679 1800 4727 ;

183 4750 283 4805 sed
306 4764 404 4804 rex
434 4749 676 4804 immittit
719 4764 933 4815 manus,
970 4759 1027 4805 ut
1054 4750 1276 4823 affligat.
1328 4752 1500 4822 Major
1540 4762 1800 4823 potestas,

183 4844 404 4915 gravius
426 4835 646 4910 lnllu'm,
681 4845 913 4899 maxime
939 4846 1061 4915 quia
1097 4845 1164 4900 ad
1191 4847 1417 4917 gratiam
1467 4847 1800 4903 ludit-orum.

187 4937 394 4992 Occidit
420 4948 592 4992 autent
628 4937 880 4993 Jacobum
933 4940 1147 5009 fratrem
1188 4941 1409 4995 Joannis
1447 4943 1641 5012 gladio.
1673 4941 1803 4998 Sinc

183 5045 348 5086 causa
377 5039 430 5084 et
460 5039 517 5084 ut
545 5045 672 5086 casu
699 5031 944 5102 contigit.
981 5033 1036 5086 Si
1064 5033 1184 5102 quis
1213 5047 1342 5087 vero
1373 5041 1597 5108 qurerat,
1634 5048 1730 5088 cur
1749 5034 1800 5087 id

184 5123 501 5193 permiserit
571 5122 749 5188 Deus,
803 5124 1258 5193 respondebimus
1307 5129 1422 5195 pro
1458 5125 1564 5194 illis
1624 5125 1799 5195 ipsis:

186 5219 364 5288 primo
399 5215 638 5287 quidem,
677 5227 734 5271 ut
777 5220 1122 5287 persuaderet
1181 5219 1332 5289 ipsis,
1368 5235 1427 5276 se
1468 5221 1550 5274 vel
1591 5222 1802 5276 occisos

186 5311 508 5380 praevalere,
541 5319 596 5363 ut
630 5319 684 5366 et
727 5311 779 5365 in
819 5313 1098 5382 Stephano
1138 5314 1401 5384 contigit;
1454 5317 1713 5381 secundo,
1745 5327 1804 5372 ut

182 5402 341 5456 daret
367 5400 573 5456 Judaiis
614 5402 790 5456 locum
815 5445 827 5466 ,
861 5413 1146 5475 postquam
1181 5407 1416 5461 furorem
1464 5422 1620 5462 suum
1645 5424 1801 5464 exsa-

185 5497 470 5558 tiaverant,
502 5492 850 5564 resipiscendi
879 5499 946 5552 ab
973 5499 1213 5561 insania;
1243 5503 1424 5568 tertio,
1459 5511 1518 5555 ut
1547 5503 1802 5558 ostende-

185 5599 268 5654 ret
297 5602 367 5643 ex
389 5589 748 5657 permissuone
783 5605 877 5645 sua
913 5591 961 5645 id
995 5591 1195 5647 factum
1226 5609 1366 5649 esse.
1413 5593 1602 5649 Videas
1629 5607 1799 5651 autem

183 5681 308 5750 quia
329 5682 549 5750 placeret
570 5682 790 5747 Judceis,
820 5688 1062 5755 apposuit
1092 5699 1143 5740 ut
1179 5690 1587 5758 apprcltenderet
1613 5701 1660 5744 et
1693 5689 1795 5744 Pe-

185 5783 338 5826 trum.
369 5771 416 5828 Ο
442 5776 850 5842 perversitatem
886 5780 1190 5848 ingentem!
1223 5783 1336 5847 Qua
1361 5782 1412 5837 in
1439 5798 1497 5838 re
1528 5783 1800 5852 gratiﬁca-

186 5865 345 5918 batur
367 5865 517 5935 ipsis,
541 5866 719 5923 c:edes
748 5871 916 5939 gratis
944 5881 998 5925 et
1031 5883 1238 5930 temere
1277 5875 1634 5945 perpetrans?
1664 5873 1796 5930 Erat

187 5967 352 6011 autem
391 5959 497 6015 dics
547 5959 878 6032 Azymorum.
928 5964 1125 6022 lterum
1171 5966 1442 6039 superﬂua
1477 5967 1796 6027 Judacorum

1920 3084 2193 3138 aceuratio
2226 3101 2237 3135 :
2265 3081 2516 3138 occidere
2536 3095 2642 3136 non
2666 3080 3044 3151 prohibebant,
3074 3080 3167 3136 sed
3190 3081 3278 3134 tali
3303 3089 3548 3151 tempore

1920 3177 2045 3231 talia
2076 3176 2378 3246 patrabant.
2414 3176 2468 3230 4.
2506 3175 2670 3241 Quem
2710 3192 2826 3229 cum
2857 3176 3305 3246 apprehendisset,
3337 3175 3472 3230 misit
3492 3175 3547 3229 in

1914 3285 2191 3335 carcerem,
2218 3269 2424 3322 tradens
2451 3279 2677 3341 quatuor
2699 3268 3120 3339 qualernionibus
3144 3269 3382 3322 militum.
3418 3267 3546 3324 llzcc

1913 3375 1980 3417 ex
2037 3360 2218 3416 furore
2256 3370 2311 3416 et
2365 3371 2512 3416 metu
2558 3360 2719 3416 facta.
2771 3360 2994 3425 Occidit,
3045 3361 3240 3431 inquit,
3286 3360 3542 3416 Jacobum

1899 3458 2126 3525 'fratrcm
2151 3453 2372 3508 Joannis
2395 3453 2591 3524 gladio.
2617 3454 2863 3508 Vidistin‘
2892 3454 3108 3507 illorum
3130 3452 3499 3510 fortitudinem
3522 3455 3546 3508 ?

1913 3544 1995 3599 Ne
2040 3547 2162 3614 quis
2213 3547 2359 3600 enim
2389 3545 2617 3610 diceret,
2655 3545 2776 3600 ideo
2821 3547 2966 3614 ipsos
3019 3545 3138 3600 sine
3189 3546 3432 3613 periculo
3485 3557 3543 3602 et

1915 3645 2065 3691 metu
2097 3650 2325 3692 mortem
2359 3637 2544 3702 adire,
2576 3637 2700 3707 quia
2752 3638 2894 3693 Deus
2932 3638 3157 3694 eruebat
3202 3641 3369 3709 ipsos,
3423 3641 3544 3696 ideo

1914 3729 2161 3798 permisit
2195 3740 2251 3784 ut
2279 3729 2662 3784 occiderentur
2685 3771 2698 3794 ,
2733 3729 3075 3800 maximeque
3125 3732 3402 3802 corypha'i
3431 3775 3445 3798 ,
3488 3743 3545 3788 ut

1914 3823 2202 3878 bomicidis
2245 3824 2582 3890 ostenderet,
2617 3824 2764 3894 ipsos
2799 3840 2974 3895 neque
3008 3826 3088 3880 sic
3135 3825 3405 3882 desistere
3444 3844 3542 3884 nc-

1912 3931 2018 3984 que
2043 3914 2336 3984 prohiberi.
2372 3916 2424 3970 5.
2458 3914 2648 3970 Petrus
2676 3918 2848 3987 itaque
2891 3918 3188 3971 servabatur
3209 3920 3260 3972 in
3294 3936 3496 3973 carcere
3525 3938 3540 3974 :

1913 4007 2079 4059 oratio
2128 4017 2298 4059 autem
2343 4007 2496 4074 ﬁebat
2535 4009 2645 4060 sine
2669 4009 3054 4063 intermissione
3095 4010 3158 4063 ab
3196 4010 3430 4065 Ecclesia
3474 4013 3537 4064 ad

1914 4099 2079 4154 Deum
2108 4117 2200 4170 pro
2230 4118 2310 4156 eo.
2355 4101 2484 4154 Erat
2533 4110 2659 4156 tunc
2705 4101 2772 4156 de
2817 4103 2995 4172 capite
3041 4113 3340 4158 certamen.
3386 4103 3541 4173 Quod

1913 4195 2002 4250 ille
2033 4197 2246 4249 occisus
2274 4207 2441 4260 esset,
2470 4195 2522 4251 id
2547 4196 2795 4250 timorem
2822 4196 2926 4250 illis
2951 4197 3266 4259 incutiebat,
3302 4198 3543 4268 itemque

1911 4285 2055 4355 quod
2089 4285 2175 4340 hic
2206 4286 2259 4339 in
2288 4300 2566 4341 carcerem
2594 4287 2877 4358 conjectus
2907 4300 3077 4343 esset.
3110 4290 3164 4344 6.
3190 4289 3316 4344 Cum
3365 4303 3541 4347 autem

1914 4377 2260 4447 producturus
2290 4395 2404 4432 eum
2431 4390 2558 4434 esset
2589 4379 2846 4446 Herodes,
2880 4393 3028 4436 nocte
3055 4383 3147 4436 illa
3185 4382 3372 4437 Petrus
3419 4387 3542 4437 dor-

1911 4470 2097 4524 miebat
2139 4472 2274 4525 inter
2317 4472 2448 4526 duos
2492 4474 2700 4536 milites,
2745 4475 2944 4528 vinctus
2992 4477 3183 4528 catenis
3224 4477 3462 4530 duabus:
3492 4487 3540 4531 et

1912 4566 2145 4620 custodes
2170 4577 2290 4620 ante
2321 4567 2507 4620 ostium
2547 4568 2897 4622 custodiebant
2929 4586 3211 4622 carcerem.
3248 4571 3300 4624 7.
3335 4568 3401 4622 Et
3427 4587 3540 4624 ecce

1911 4661 2124 4730 angelus
2157 4658 2371 4714 Domini
2398 4660 2615 4724 adstitit,
2641 4671 2686 4714 et
2715 4661 2888 4714 lumen
2915 4662 3118 4729 refulsit
3142 4663 3192 4715 in
3216 4662 3537 4726 habitacula;

1913 4767 2251 4821 percussaque
2277 4752 2436 4804 latere
2460 4751 2618 4817 Petri,
2650 4753 2887 4805 excitavit
2915 4754 3087 4818 illum,
3119 4755 3292 4809 dicens
3325 4771 3341 4808 :
3366 4755 3538 4827 Surge

1911 4845 2170 4898 velociter.
2204 4845 2266 4898 Et
2291 4847 2580 4901 ceciderunt
2613 4858 2808 4901 catena:
2839 4849 2976 4902 illius
2995 4849 3059 4901 de
3087 4848 3339 4903 manibus.
3374 4849 3530 4913 Vide,

1909 4939 2000 5011 illa
2037 4949 2195 4994 nocte
2227 4939 2401 5009 ipsum
2440 4941 2660 5010 eripuit.
2698 4940 2765 4994 Et
2799 4942 2969 4994 lumen
2996 4942 3198 5011 refulsit
3240 4943 3292 4996 in
3337 4944 3537 4997 habita-

1912 5017 2048 5097 cula,
2082 5048 2148 5086 ne
2196 5042 2409 5101 putaret
2454 5048 2576 5086 esse
2623 5042 2898 5101 speetrum
2934 5052 2946 5087 :
2979 5034 3156 5088 lucem
3203 5049 3332 5089 vero
3375 5050 3536 5090 nemo

1914 5125 2047 5178 vidit
2078 5135 2276 5194 printer
2307 5125 2480 5179 illum.
2519 5125 2744 5179 Etiamsi
2776 5126 2920 5179 enim
2954 5125 3057 5180 hoc
3085 5125 3156 5179 ita
3191 5125 3389 5181 factum
3416 5126 3536 5182 fue-

1911 5219 2013 5284 rit,
2045 5219 2094 5272 id
2131 5230 2306 5273 tamen
2339 5220 2427 5274 ille
2458 5220 2794 5289 phantasiam
2829 5235 2950 5275 esse
2983 5222 3240 5291 putabat,
3268 5221 3410 5292 quod
3447 5238 3534 5278 res

1913 5311 2280 5379 inexspectata
2332 5324 2510 5377 esset;
2573 5313 2672 5365 nisi
2730 5313 2800 5366 ita
2859 5311 3055 5368 laetum
3101 5313 3312 5381 fuisset,
3363 5317 3533 5368 multo

1912 5404 2084 5471 magis
2127 5404 2497 5473 su5pieaturus
2535 5414 2649 5458 erat
2681 5421 2694 5457 :
2729 5405 2797 5458 ita
2845 5417 3036 5459 contra
3080 5416 3313 5460 mortem
3357 5407 3531 5460 aciem

1912 5496 2277 5561 instruxerat;
2306 5497 2466 5566 idque
2486 5498 2610 5567 quia
2635 5506 2920 5567 postquam
2947 5499 3131 5553 multis
3147 5500 3342 5555 diebus
3372 5500 3532 5554 isthic

1912 5600 2201 5652 manserat,
2236 5591 2472 5645 nondum
2501 5602 2718 5662 ereptus
2766 5590 2973 5646 fuisset.
3001 5592 3070 5647 Et
3100 5607 3233 5658 cur,
3286 5594 3523 5662 inquies,

1912 5698 2017 5737 non
2048 5685 2292 5752 permisit
2338 5685 2478 5739 Deus
2519 5695 2576 5738 ut
2623 5684 2674 5738 in
2721 5701 2914 5739 manus
2947 5687 3216 5740 incideret
3267 5686 3523 5749 llcrodls,

1908 5786 1964 5832 et
1994 5787 2122 5832 tunc
2144 5778 2378 5846 eripuit?
2407 5777 2543 5844 Quia
2583 5779 2714 5833 illud
2764 5779 2815 5832 in
2845 5790 3130 5850 stuporem
3153 5775 3480 5849 conjecisse:
3513 5796 3528 5846 ;

1910 5869 2013 5926 hoe
2040 5881 2221 5926 autem
2253 5887 2349 5941 pro
2373 5872 2478 5926 illis
2507 5871 2688 5927 (iebat.
2718 5873 2904 5944 Neque
2932 5875 3078 5929 enim
3114 5883 3355 5944 putatum
3396 5871 3529 5927 fuis-

1909 5979 1992 6025 set
2020 5966 2169 6041 ipsos
2193 5983 2332 6025 esse
2366 5968 2635 6037 homines,
2669 5969 2714 6023 si
2761 5969 2943 6024 omnia
2987 5969 3243 6025 divinitus
3279 5969 3542 6024 fecisses
