4034 6408
563 427 660 480 199

556 546 709 600 Circa
733 538 1058 609 Stephanum
1075 542 1268 588 “autem
1299 531 1422 601 quid
1454 544 1556 583 non
1588 525 1757 580 fecit?
1784 538 1961 578 nonne
1993 531 2130 573 taut-

559 649 714 706 quam
744 628 918 697 angeli
945 627 1146 681 vultum
1175 624 1253 678 eis
1282 617 1562 676 exhibuit?
1588 616 1721 682 Quid
1750 620 2026 706 autem-et
2054 610 2139 664 hic

559 703 702 781 retro
747 721 992 777 relictum
1023 716 1145 772 est?
1185 715 1239 770 8.
1270 711 1414 766 Dixit
1443 717 1606 762 autem
1635 705 1842 777 angelus
1885 703 1953 756 ad
1979 717 2093 755 eum
2119 718 2138 756 .-

558 813 823 884 Prtzsinge
846 820 911 874 te,
944 819 991 864 et
1020 808 1188 862 calcea
1218 815 1264 858 te
1282 803 1473 873 caligas
1494 811 1625 853 tuas.
1646 798 1742 851 llic
1771 796 1930 850 etiam
1960 802 2140 846 naten-

557 906 636 960 dit
661 918 773 958 rem
803 917 905 956 non
932 914 999 954 ex
1025 898 1150 953 dolo
1185 895 1375 950 factmn
1412 891 1577 944 fuisse
1610 905 1623 941 :
1653 901 1811 941 nemo
1834 885 1976 940 enim
2001 924 2016 949 ,
2048 898 2136 952 qui

560 997 782 1052 festinus
814 992 992 1047 fodere
1019 990 1166 1055 velit,
1202 997 1400 1041 tantam
1428 983 1646 1039 adhibet
1662 995 1866 1043 curam,
1898 985 1957 1032 ut
1977 976 2136 1032 etiam

558 1088 751 1156 caligas
781 1082 1039 1151 accipiat,
1071 1088 1124 1134 et
1153 1094 1212 1132 se
1246 1077 1552 1146 prmcingat.
1584 1072 1725 1126 Fecit
1751 1081 1918 1123 autem
1947 1069 2038 1122 sic.
2072 1065 2139 1120 Et

559 1179 688 1232 dixit
716 1176 793 1229 illi
815 1189 835 1228 :
862 1170 1133 1227 Circuntda
1161 1170 1247 1222 tibi
1276 1169 1619 1222 vestimentum
1665 1173 1826 1227 tuum,
1873 1170 1917 1213 ct
1940 1175 2142 1227 sequere

562 1287 658 1324 me.
689 1269 742 1325 9.
777 1267 843 1322 Et
884 1280 1111 1336 egressus
1152 1261 1446 1332 sequi-batur
1479 1272 1629 1312 eum:
1656 1267 1702 1308 et
1741 1253 1984 1309 nesciebat
2023 1251 2140 1323 quia

565 1376 731 1414 verum
758 1367 862 1423 est,
890 1356 1024 1427 quod
1065 1354 1211 1422 ﬁebat
1234 1367 1322 1422 per
1343 1350 1612 1420 angelum;
1639 1343 1950 1400 existimabat
1973 1352 2140 1395 autent

559 1467 611 1502 se
632 1451 785 1502 visunt
815 1449 998 1500 videre.
1032 1444 1114 1500 10.
1145 1442 1486 1496 Transeuntes
1530 1447 1694 1490 autem
1742 1436 1956 1506 primunt
1984 1443 2029 1486 et
2054 1448 2138 1486 se-

558 1541 773 1594 cundum
796 1538 1098 1600 custodiam,
1136 1542 1373 1588 venerunt
1413 1531 1479 1584 ad
1518 1539 1717 1598 portam
1746 1530 1998 1597 ferream,
2029 1538 2142 1594 qua:

559 1632 693 1684 ducit
717 1631 784 1683 ad
802 1630 1070 1690 civitatem,
1087 1641 1198 1696 qua:
1218 1606 1349 1678 ultro
1379 1632 1554 1690 aperta
1574 1630 1645 1673 est
1673 1619 1759 1672 eis.
1790 1617 1924 1671 Ecce
1950 1630 2141 1669 secun-

560 1723 685 1777 dum
713 1722 945 1791 signum.
974 1702 1106 1773 Cum
1145 1716 1392 1771 discessit
1420 1712 1663 1783 angelus,
1712 1719 1838 1764 tunc
1880 1707 2142 1762 intellexit

561 1815 770 1869 Petrus.
803 1812 869 1866 Et
889 1820 1123 1866 exeuntes
1152 1817 1493 1878 processerunt
1511 1809 1671 1859 vicum
1700 1820 1874 1868 unum,
1907 1812 1953 1855 et
1977 1802 2139 1855 conti-

561 1925 661 1962 nuo
691 1908 914 1961 discessit
942 1905 1150 1976 angelus
1179 1903 1239 1955 ab
1267 1918 1344 1954 eo.
1380 1901 1465 1955 ll.
1501 1899 1564 1952 Et
1595 1897 1774 1951 Petrus
1803 1895 1868 1948 ad
1889 1912 1942 1948 se
1974 1909 2141 1946 rever-

559 2017 664 2064 sus,
689 1999 816 2052 dixit
844 2011 864 2052 :
895 1995 1047 2049 Nunc
1072 1997 1198 2061 scio,
1219 1995 1334 2064 quia
1357 2009 1466 2045 vere
1487 1989 1880 2044 misitDontinus
1904 1986 2141 2055 angelum

560 2109 724 2155 suum,
753 2100 799 2145 et
829 2089 1008 2158 eripuit
1026 2105 1102 2142 me
1121 2090 1182 2141 de
1207 2104 1355 2140 manu
1387 2084 1625 2150 Herodis,
1650 2091 1695 2136 et
1718 2082 1778 2136 de
1799 2081 1935 2135 onmi
1965 2094 2138 2148 exspe-

561 2187 774 2238 ctatione
794 2183 954 2254 plebis
980 2181 1298 2236 Judazorant.
1329 2177 1382 2232 Ν
1388 2195 1480 2231 unc
1505 2178 1627 2242 scio,
1656 2173 1845 2244 inquit,
1867 2187 1972 2226 non
1995 2182 2137 2225 tunc.

561 2275 669 2329 Cur
697 2290 784 2330 res
813 2275 885 2328 ita
916 2273 1088 2343 agitur
1110 2313 1124 2336 ,
1173 2285 1271 2325 nec
1312 2271 1497 2324 Petrus
1546 2268 1596 2321 in
1643 2265 1717 2320 rei
1744 2273 1906 2335 gesta:
1928 2277 2141 2317 sensum

564 2366 730 2435 venit,
762 2365 861 2420 etsi
887 2363 976 2418 tali
1020 2361 1286 2417 frueretur
1322 2359 1636 2415 liberatione
1661 2398 1676 2423 ,
1707 2355 1919 2426 quando
1957 2366 2144 2407 omnes

563 2457 723 2510 soluti
749 2455 940 2511 erant?
964 2453 1258 2510 Confestim
1289 2451 1400 2505 vult
1427 2451 1573 2504 illum
1604 2447 1841 2511 liberari,
1875 2455 1928 2500 et
1954 2455 2139 2516 postca

563 2549 616 2603 in
640 2550 713 2603 rei
737 2562 950 2602 sensum
985 2547 1187 2600 venire.
1216 2543 1366 2612 Quod
1402 2557 1528 2597 vero
1557 2551 1760 2596 catena:
1791 2539 1858 2593 de
1900 2535 2144 2591 manibus

563 2639 678 2708 ejus
702 2638 1013 2702 ceciderint,
1045 2650 1292 2704 magnum
1315 2643 1428 2688 erat
1451 2632 1660 2702 signum
1691 2628 1831 2699 quod
1856 2643 1959 2682 non
1989 2625 2144 2696 fuge-

565 2740 665 2786 ret.
697 2730 780 2785 l2.
811 2729 1241 2796 Consideransque
1265 2727 1397 2778 venit
1439 2723 1507 2776 ad
1533 2731 1735 2775 domum
1765 2719 1947 2773 Maria:
1972 2718 2146 2772 matris

565 2822 801 2888 Joannis,
850 2821 934 2888 qui
977 2817 1427 2889 cognominabatur
1453 2813 1689 2878 Marcus,
1718 2811 1802 2865 ubi
1830 2821 1969 2864 erant
2004 2810 2148 2863 multi

567 2890 854 2983 congregati
879 2920 924 2962 et
947 2918 1167 2963 orantes.
1196 2909 1281 2963 l3.
1313 2906 1560 2960 Pulsante
1585 2914 1749 2958 autem
1771 2902 1924 2958 Petro
1967 2903 2149 2956 ostium

565 3005 755 3076 ianum,
791 3003 1028 3070 processit
1052 3000 1221 3070 puella
1256 3000 1323 3051 ad
1349 2998 1680 3062 audiendum,
1718 2995 1918 3048 nomine
1945 2993 2142 3048 Rhode.

569 3094 654 3148 M.
688 3091 754 3145 Et
777 3100 826 3143 ut
848 3090 1074 3162 cognovit
1096 3105 1261 3142 vocem
1289 3087 1451 3153 Petri,
1470 3103 1577 3158 pra:
1601 3086 1786 3155 gaudio
1818 3101 1918 3138 non
1951 3084 2149 3154 aperuit

567 3185 799 3255 ianuam.
839 3181 1115 3251 Perpende
1145 3181 1360 3235 Petrum
1390 3195 1495 3234 non
1527 3180 1705 3233 statim
1736 3175 2012 3241 accedere,
2054 3176 2149 3229 sed

569 3274 717 3345 prius
769 3275 888 3328 laeta
931 3274 1050 3328 suis
1082 3273 1348 3327 nuntiare.
1390 3272 1672 3326 Accurrens
1703 3280 1870 3322 autent
1909 3269 2152 3322 nuntiavit

571 3379 708 3422 stare
735 3364 941 3419 Petrum
967 3374 1080 3418 ante
1111 3365 1348 3435 jauuam.
1377 3364 1461 3418 l5.
1491 3361 1585 3415 Illi
1617 3371 1784 3414 autent
1823 3361 2055 3414 dixerunt
2085 3359 2152 3412 ad

575 3473 683 3511 eam
702 3468 726 3511 .'
747 3456 970 3510 Insanis.
997 3454 1102 3509 Illa
1125 3465 1294 3508 autem
1313 3454 1592 3524 afﬁrmabat
1614 3454 1686 3506 sic
1712 3470 1766 3507 se
1785 3453 1984 3506 habere.

641 3547 696 3601 2.
741 3546 872 3602 Vide
900 3556 954 3600 et
982 3546 1200 3600 ancillas
1230 3546 1421 3614 pietate
1453 3545 1653 3613 plenas.
1686 3544 1801 3598 Pro:
1830 3543 2021 3613 gaudio
2047 3559 2152 3596 non

575 3638 782 3707 aperuit
811 3638 1003 3691 ostium
1033 3651 1047 3701 ;
1079 3635 1151 3688 illi
1181 3651 1308 3690 vero
1339 3650 1397 3688 re
1428 3636 1497 3687 ita
1527 3646 1679 3705 gesta
1709 3633 2025 3688 renuebant.
2049 3633 2155 3687 Illa

571 3727 847 3800 ajﬁrmabat
884 3727 955 3780 sic
981 3742 1034 3780 se
1065 3724 1263 3779 habere.
1312 3724 1406 3778 Illi
1433 3736 1598 3779 autem
1628 3723 1889 3787 dicebant,
1933 3724 2154 3795 Angelus

572 3820 681 3888 ejus
709 3827 800 3872 est.
854 3818 940 3872 16.
986 3815 1168 3870 Petrus
1208 3831 1323 3870 vero
1366 3816 1707 3885 perseuerabat
1750 3814 1980 3885 pulsans.
2027 3812 2155 3868 Cum

573 3920 736 3964 autem
765 3911 1075 3978 aperuissent
1100 3948 1114 3971 ,
1147 3907 1375 3961 viderunt
1405 3923 1514 3961 eum
1538 3948 1550 3970 ,
1582 3915 1630 3960 et
1661 3906 2040 3976 obstupuerunt.
2066 3905 2153 3958 17.

575 4003 814 4058 Annaeus
846 4013 1012 4057 autem
1043 4002 1115 4053 eis
1144 4016 1296 4053 manu
1324 4008 1379 4052 ut
1409 4007 1625 4052 tacerent
1651 4040 1664 4065 ,
1697 4000 1920 4051 narravit
1944 3999 2015 4050 eis
2036 4013 2158 4065 quo-

577 4094 727 4147 modo
774 4092 909 4147 Deus
939 4091 1192 4146 eduxisset
1222 4107 1333 4145 eum
1363 4091 1425 4143 de
1456 4107 1675 4156 carcere,
1709 4090 1933 4156 dixitque
1955 4104 1974 4142 :
2003 4087 2156 4141 Nun-

578 4188 697 4239 tiate
720 4185 910 4239 Jacobo
934 4195 979 4238 et
1008 4181 1250 4255 fratribus
1277 4182 1404 4236 haec.
1434 4182 1506 4247 Et.
1528 4199 1753 4252 egressus
1777 4182 1899 4235 abiit
1928 4182 1975 4233 in
2002 4181 2159 4234 alium

579 4278 760 4332 locant.
806 4277 1127 4346 chetamns
1157 4276 1314 4344 igitur
1343 4276 1534 4328 seriem
1563 4273 1899 4328 narrationis.
1932 4271 2033 4326 Illo
2063 4288 2158 4325 au-

582 4379 680 4422 tent
731 4379 985 4438 tempore,
1035 4367 1231 4437 inquit,
1280 4367 1414 4420 misit
1458 4365 1684 4419 Herodes
1719 4382 1807 4419 rea:
1842 4380 2022 4417 manus
2051 4405 2066 4430 ,
2107 4371 2160 4416 ut

582 4460 814 4531 afﬂigeret
845 4457 1085 4529 quosdam
1122 4459 1184 4510 tte
1216 4457 1462 4510 Ecclesia.
1508 4456 1667 4522 Quasi
1709 4456 1818 4510 fera
1865 4463 2066 4509 temere
2108 4463 2163 4508 et

583 4552 702 4605 sine
747 4565 904 4603 causa
948 4563 1133 4603 omnes
1176 4548 1394 4602 invadit.
1444 4546 1557 4600 lloe
1603 4555 1718 4610 est,
1769 4545 1910 4616 quod
1954 4544 2160 4599 dicebat

581 4641 827 4696 Christus
855 4658 869 4695 :
904 4641 1122 4696 Calicem
1145 4682 1158 4704 ,
1195 4657 1340 4711 quem
1372 4656 1462 4708 ego
1492 4639 1734 4694 bibiturus
1772 4655 1919 4704 sum,
1951 4637 2122 4692 bibetis
2145 4654 2164 4692 :

583 4735 630 4779 et
652 4727 899 4796 baptismo
917 4767 931 4790 ,
956 4741 1054 4795 quo
1075 4741 1165 4796 ego
1180 4725 1425 4794 baptizor,
1462 4724 1834 4794 baptizabimini
1862 4722 2049 4793 (Marc.
2076 4723 2163 4777 10.

586 4817 696 4884 59).
747 4815 942 4870 Occidit
967 4823 1132 4870 autem
1152 4856 1167 4884 ,
1197 4815 1400 4885 inquit,
1429 4814 1676 4867 Jacobunt
1716 4817 1922 4883 fratrem
1952 4812 2167 4867 Joannis

587 4909 775 4977 gladio.
809 4908 875 4962 Et
900 4924 1034 4975 cur,
1069 4909 1305 4978 inquies,
1340 4923 1443 4962 non
1476 4907 1652 4960 statim
1688 4906 1901 4959 Petrum
1931 4906 2167 4960 occidit?

588 4998 812 5052 Causam
855 5001 1083 5068 scriptor
1122 4999 1275 5054 allert
1316 5016 1328 5052 :
1384 4998 1543 5051 Erant
1587 4999 1719 5051 enim
1749 5038 1762 5064 ,
1810 4997 2011 5066 inquit,
2061 4997 2168 5050 dies

589 5091 892 5159 Azyntorum
916 5105 935 5143 :
972 5098 1027 5144 et
1056 5089 1170 5158 ejus
1197 5105 1379 5143 necem
1410 5090 1619 5142 volebat
1650 5105 1768 5143 cum
1802 5088 1986 5154 majori
2017 5089 2168 5142 cele-

592 5181 785 5236 britate
819 5179 956 5234 ﬁeri.
999 5180 1077 5235 Illi
1122 5181 1279 5249 igitur
1309 5180 1378 5234 ob
1417 5180 1830 5234 admonitionem
1860 5180 2169 5235 Gamalielis

587 5271 694 5339 jam
748 5287 775 5324 a
826 5271 1064 5327 caedibus
1111 5271 1485 5335 abstinebant;
1538 5271 1773 5341 alioquin
1824 5286 1949 5325 vero
1998 5286 2170 5341 neque

597 5376 788 5417 causas
818 5361 1155 5417 inveniebant
1181 5378 1198 5424 ς
1230 5361 1325 5418 sed
1360 5377 1452 5429 per
1478 5360 1610 5415 alios
1638 5376 1698 5414 ea
1743 5361 1853 5430 ipsa
1894 5362 2169 5416 machina-

595 5452 806 5507 bantur.
849 5453 984 5519 Ouia
1015 5468 1140 5507 vero
1166 5454 1299 5508 alius
1328 5463 1441 5507 erat
1470 5453 1718 5516 Iacobus,
1749 5454 1911 5509 Frater
1938 5456 2168 5519 Domini,

595 5542 716 5596 ideo
745 5547 1037 5614 designavit
1064 5545 1250 5600 dicens
1275 5587 1289 5610 ,
1328 5543 1563 5599 Fratrem
1594 5543 1831 5617 Joannis.
1874 5547 2060 5601 Videu’
2089 5562 2172 5602 re-

595 5651 715 5690 rum
745 5652 1005 5692 summam
1053 5653 1216 5708 penes
1247 5637 1345 5692 hos
1387 5647 1495 5692 tres
1543 5636 1738 5703 fuisse,
1771 5640 2000 5694 maxime
2045 5653 2172 5694 vero

597 5743 762 5797 penes
794 5730 1006 5784 Petrum
1041 5741 1095 5786 et
1122 5729 1422 5786 Iacobum?
1453 5729 1565 5783 lloc
1593 5730 1822 5785 maxime
1852 5733 2171 5787 condemna-

600 5818 673 5871 tio
719 5818 924 5873 illorum
967 5829 1098 5876 erat.
1128 5820 1245 5876 Non
1275 5820 1415 5876 enim
1455 5819 1562 5890 jam
1593 5818 1822 5875 humana
1865 5823 2167 5892 praedicatio

1345 413 1400 468 S.
1440 407 1714 467 JOANNIS
1750 405 2224 466 CllRYSOSTOMI
2265 397 2582 455 ARCHIEP.
2623 394 3151 452 CONSTANTINOP.

3741 395 3847 446 20G

2243 513 2644 577 ostendebatur,
2673 520 2727 565 et
2760 527 2887 568 vere
2914 510 3238 581 implebatur
3264 508 3389 563 illud
3410 549 3423 571 ,
3457 508 3736 563 zEstimati
3763 529 3849 563 stt-

2246 624 2357 660 mus
2383 607 2510 660 sicut
2536 621 2648 658 oues
2674 604 2937 658 occisionis
2957 605 2974 673 (
2991 603 3140 658 Psal.
3164 603 3252 658 43.
3274 601 3398 671 22).
3433 602 3623 656 Videas
3651 613 3850 663 autem,

2245 696 2415 750 inquit
2439 736 2454 759 ,
2497 695 2618 763 quia
2649 694 2870 748 placeret
2899 693 3133 760 Judaris,
3173 692 3409 764 apposuit
3451 702 3505 745 ut
3545 693 3846 763 apprehen-

2244 789 2380 840 derct
2432 802 2477 839 et
2524 790 2756 838 t’etrum.
2804 785 3054 839 Placebat
3095 785 3305 852 cmdes,
3336 795 3390 840 et
3418 784 3597 839 cmdes
3639 786 3841 855 iniqua.

2243 876 2424 946 Magna
2454 875 2680 930 llerodis
2711 875 2948 938 insania;
2973 877 3218 931 absurdis
3239 892 3424 932 eorum
3457 877 3846 949 cupiditatibus

2244 966 2528 1021 serviebat.
2571 967 2705 1019 Cum
2749 966 3079 1034 oportuisset
3104 968 3246 1021 enint
3274 969 3600 1022 contrarium
3631 967 3842 1033 facere,

2246 1066 2301 1110 et
2340 1056 2554 1110 illorum
2601 1057 2858 1125 impetum
2899 1071 3191 1121 coercere,
3236 1057 3322 1112 ille
3365 1068 3553 1112 contra
3584 1059 3846 1113 incitabat

2246 1149 2397 1217 quasi
2439 1147 2679 1202 carnifex
2721 1148 2939 1218 quidam
2976 1149 3383 1219 mgrotantium,
3425 1165 3533 1204 non
3569 1167 3696 1205 vero
3727 1167 3847 1205 me—

2246 1239 2399 1292 dicus
2421 1279 2436 1304 ,
2467 1239 2675 1293 etiamsi
2707 1239 2870 1292 millia
2902 1240 3143 1308 exempla
3177 1238 3435 1306 haberet,
3465 1250 3516 1295 et
3544 1242 3630 1296 avi
3657 1252 3710 1295 et
3745 1254 3845 1309 pa-

2246 1331 2342 1385 tris
2381 1330 2651 1395 llerodis;
2696 1339 2750 1384 et
2792 1330 3062 1400 quomodo
3101 1331 3192 1385 ille
3229 1330 3446 1400 quidem
3490 1342 3714 1403 prepter
3741 1348 3848 1388 caa-

2242 1421 2364 1475 dem
2423 1421 2702 1476 infantium
2764 1438 2953 1493 magna
3009 1423 3234 1478 subierit
3287 1424 3466 1490 mala;
3529 1424 3616 1480 hic
3667 1441 3845 1491 vero,

2241 1512 2448 1568 Joanne
2484 1528 2628 1585 czeso
2653 1555 2668 1580 ,
2699 1529 2862 1582 grave
2892 1515 3088 1569 bellum
3135 1514 3466 1570 excitaverit.
3526 1516 3690 1583 Quem
3728 1533 3848 1571 cum

2243 1608 2703 1677 apprehendisset,
2739 1606 2909 1677 inquit
2936 1647 2951 1672 ,
2989 1607 3120 1662 misit
3150 1607 3203 1661 in
3229 1624 3499 1662 carcerem.
3530 1608 3803 1665 Metuebat
3829 1650 3846 1677 ,

2247 1715 2314 1753 ne
2345 1709 2562 1769 propter
2591 1700 2839 1755 timorem
2870 1715 2936 1754 ex
2970 1710 3142 1755 morte
3172 1699 3357 1755 Jacobi
3388 1714 3710 1773 conceptum
3753 1717 3851 1757 se-

2245 1794 2463 1849 cederet
2509 1794 2699 1849 Petrns
2726 1812 2738 1848 :
2770 1804 2822 1848 et
2854 1803 2909 1848 nt
2941 1796 2991 1848 in
3025 1804 3139 1848 tuto
3168 1805 3420 1865 poneret,
3452 1797 3599 1851 misit
3639 1797 3691 1851 in
3719 1812 3851 1851 car-

2246 1898 2450 1939 cerem.
2494 1887 2611 1951 Quo
2637 1886 2938 1939 accuratior
2962 1885 3200 1940 custodia
3222 1927 3236 1950 ,
3269 1902 3334 1941 eo
3375 1887 3669 1942 mirabilius
3715 1903 3848 1957 spe-

2245 1974 2532 2028 ctaculum.
2567 1973 2682 2030 Hoc
2724 1985 2904 2029 autem
2934 1975 3099 2031 Petro
3147 1977 3485 2032 conducebat
3516 2019 3532 2045 ,
3582 1979 3672 2049 qui
3719 1979 3852 2035 hinc

2248 2064 2522 2131 probatior
2559 2064 2782 2120 effectus
2825 2075 2946 2133 est,
2994 2075 3048 2121 et
3090 2066 3459 2124 fortitudinem
3501 2087 3652 2125 suam
3692 2072 3854 2127 exbi-

2247 2153 2381 2208 buit.
2418 2154 2596 2210 Oratio
2622 2168 2818 2220 autem,
2862 2156 3064 2227 inquit,
3109 2160 3260 2228 ﬁebat
3301 2160 3410 2215 sine
3451 2162 3850 2218 intermissione.

2248 2245 2462 2300 Amoris
2495 2245 2753 2301 indicium
2786 2256 2902 2302 erat
2938 2249 3128 2303 oratio.
3176 2249 3387 2305 Patrem
3418 2266 3606 2308 omnes
3630 2268 3852 2324 qner-

2247 2336 2408 2402 bant,
2442 2349 2642 2406 patrem
2677 2347 3035 2394 mansuetum.
3064 2341 3189 2396 Sine
3216 2343 3619 2411 intermissione,
3649 2345 3850 2414 inquit,

2249 2428 2411 2481 oratio
2440 2446 2532 2499 pro
2570 2429 2659 2483 illo
2685 2430 2854 2498 ﬁebat.
2881 2431 3074 2488 Audite
3093 2475 3108 2500 ,
3141 2449 3248 2504 quo
3279 2445 3458 2489 essent
3486 2434 3680 2491 all‘ectu
3719 2452 3854 2509 erga

2248 2516 2496 2574 doctores
2523 2533 2669 2576 suos.
2715 2520 2832 2576 Non
2885 2525 3376 2590 tumultuabantur,
3420 2542 3524 2582 non
3559 2528 3858 2584 turbaban-

2250 2617 2372 2675 tur;
2417 2612 2511 2665 sed
2543 2611 2609 2665 ad
2645 2614 2943 2669 orationem
2986 2618 3126 2671 versi
3168 2630 3324 2686 sunt,
3364 2635 3547 2674 verum
3590 2631 3642 2677 et
3687 2622 3854 2678 inex-

2259 2703 2545 2770 pugnabile
2567 2707 2935 2761 commilitium
2965 2726 2978 2761 :
3009 2709 3075 2763 ad
3115 2710 3258 2764 illam
3300 2712 3690 2783 confugiebant.
3732 2715 3856 2771 Non

2251 2792 2504 2850 dicebant
2533 2815 2546 2848 :
2594 2796 2824 2853 llumilis
2852 2816 2950 2870 ego
2982 2810 3037 2856 et
3075 2804 3272 2859 nullius
3302 2807 3454 2875 pretii
3483 2822 3579 2877 pro
3610 2808 3702 2862 illo
3731 2825 3860 2866 ora-

2252 2899 2364 2938 rem
2396 2886 2408 2938 !
2435 2886 2568 2953 Quia
2593 2889 2734 2942 enim
2767 2906 2831 2944 ex
2860 2894 3081 2947 caritate
3103 2895 3362 2966 agebant,
3386 2897 3519 2953 nihil
3543 2898 3860 2970 bnjusmodi

2250 2976 2578 3044 cogitabant.
2627 2977 2716 3031 Vis
2756 2979 2967 3036 discere
3010 2994 3208 3052 quanta
3258 2988 3338 3041 vel
3392 2988 3543 3043 inviti
3579 2990 3861 3050 feCerint?

2252 3061 2374 3118 illus
2405 3066 2739 3134 probatiores
2766 3069 3124 3128 exhibuerunt
3143 3115 3157 3140 ,
3187 3073 3289 3132 bos
3316 3077 3683 3149 diligentiores
3712 3083 3865 3140 fece-

2253 3168 2397 3213 rnnt.
2432 3160 2497 3214 Et
2529 3161 2649 3217 vide
2683 3165 3010 3222 tentationes
3039 3168 3092 3222 in
3122 3168 3258 3224 festo
3282 3171 3369 3227 die
3397 3173 3663 3244 inductas,
3695 3188 3753 3233 ut
3781 3179 3863 3236 illi

2256 3251 2514 3306 clariores
2557 3263 2761 3308 essent.
2811 3255 2936 3311 Cum
2976 3270 3144 3313 autem
3185 3264 3526 3333 producturus
3563 3285 3677 3323 cum
3729 3284 3864 3327 esset

2258 3339 2522 3409 Herodes,
2572 3344 2780 3414 inquit,
2826 3360 2972 3404 nocte
3015 3351 3107 3404 illa
3159 3350 3338 3408 Petrus
3382 3357 3676 3415 dormiebat.
3726 3362 3863 3419 Vide

2256 3433 2474 3489 Petrum
2516 3435 2872 3493 dormientem
2901 3481 2916 3507 ,
2961 3457 3060 3497 nec
3103 3451 3312 3503 terrore
3351 3448 3434 3502 vel
3476 3459 3621 3506 metu
3665 3453 3864 3510 deten-

2259 3535 2388 3578 tum.
2423 3525 2497 3580 Ea
2527 3527 2639 3596 ipsa
2673 3538 2859 3597 nocte,
2905 3547 3006 3601 qua
3041 3534 3414 3601 producendus
3442 3551 3589 3606 erat,
3621 3544 3864 3601 dormie-

2261 3617 2382 3683 bat,
2419 3621 2598 3673 omnia
2630 3621 2680 3675 in
2714 3622 2879 3677 Deum
2913 3626 3183 3694 rejieiens.
3223 3628 3332 3685 Nec
3374 3633 3692 3702 simpliciter
3734 3637 3866 3694 dor-

2259 3711 2476 3777 miebat,
2504 3711 2620 3780 sed,
2643 3712 2784 3768 Inter
2802 3715 2929 3770 duos
2957 3718 3165 3786 milites,
3185 3722 3377 3777 uinctus
3408 3730 3597 3781 catenis
3637 3728 3862 3786 duabus.

2258 3799 2404 3856 Inter
2427 3803 2556 3858 duos
2583 3805 2724 3859 enim
2744 3848 2757 3871 ,
2790 3807 2996 3877 inquit,
3021 3810 3203 3866 milites
3234 3825 3342 3869 erat
3369 3817 3643 3886 dormiens,
3665 3822 3865 3878 cinctus

2261 3896 2459 3953 duabus
2485 3901 2697 3954 catenis.
2747 3901 2934 3958 Viden’
2975 3922 3134 3975 quam
3176 3920 3423 3966 accurata
3466 3916 3748 3971 custodia?
3793 3919 3864 3973 Et

2261 4004 2374 4082 ecce
2408 3988 2619 4060 angelus
2663 3991 2903 4060 Domini,
2939 3995 3140 4067 inquit,
3172 3999 3405 4070 adstitit,
3447 4005 3649 4074 dicens,
3694 4008 3866 4082 Surge

2262 4079 2516 4135 velociter.
2548 4083 2895 4141 Dormiebant
2927 4089 3083 4143 simul
3114 4094 3365 4148 custodes
3392 4113 3402 4148 :
3440 4096 3562 4152 ideo
3601 4099 3733 4155 nihil
3781 4079 3866 4173 ge-

2262 4181 2466 4228 storum
2496 4189 2801 4233 senserunt.
2834 4179 3038 4236 Lumen
3073 4198 3202 4239 vero
3240 4186 3470 4257 refulsit,
3491 4199 3551 4244 ut
3575 4199 3632 4246 et
3659 4193 3866 4250 videret

2264 4272 2316 4318 ct
2344 4266 2554 4322 audiret
2583 4267 2773 4324 Petrus
2793 4312 2808 4338 ,
2843 4288 2943 4328 nec
2971 4283 3182 4344 putaret
3211 4277 3545 4346 phantasiam
3597 4299 3740 4344 esse.
3786 4288 3868 4345 Ne

2267 4369 2392 4409 vero
2422 4359 2656 4426 segniter
2676 4371 2894 4431 ageret,
2921 4363 3058 4419 latus
3084 4366 3201 4434 ejus
3225 4372 3473 4438 percutit.
3493 4372 3680 4446 Neque
3703 4380 3868 4435 modo

2267 4446 2445 4511 audit,
2474 4447 2678 4519 Surge;
2704 4451 2798 4506 sed
2821 4455 2980 4507 etiam
3003 4455 3242 4524 additur,
3280 4457 3523 4516 Velocitcr
3545 4481 3564 4518 :
3589 4479 3693 4520 tam
3718 4482 3870 4527 arcte

2269 4539 2587 4595 dormiebat.
2613 4542 2954 4602 Existintabat
2979 4558 3145 4603 autem
3172 4566 3227 4603 se
3252 4553 3409 4606 visum
3435 4556 3602 4610 videre
3620 4600 3635 4623 ,
3671 4561 3867 4627 inquit.

2274 4627 2613 4684 Pet-transivit
2635 4643 2804 4688 autem
2834 4636 3049 4703 primam
3070 4649 3116 4692 et
3137 4643 3406 4696 secundum
3434 4649 3740 4703 custodiam.
3766 4651 3869 4708 Ubi

2272 4735 2413 4776 nunc
2453 4732 2576 4777 sunt
2618 4723 2901 4781 lueretici?
2948 4727 3230 4797 Quomodo
3273 4738 3648 4804 pertransicrit
3687 4743 3872 4800 dicant

2273 4813 2465 4865 nobis:
2514 4814 2606 4868 sed
2634 4831 2738 4869 non
2773 4828 3048 4887 poterunt.
3098 4821 3256 4892 Atqui
3302 4835 3521 4896 propter
3565 4828 3672 4887 hoc
3717 4835 3869 4891 illum

2273 4904 2474 4993 accingi
2503 4905 2656 4974 jubet
2683 4917 2739 4962 et
2766 4908 2997 4965 calceari
3019 4953 3034 4977 ,
3068 4921 3126 4966 ut
3154 4924 3208 4967 et
3237 4913 3361 4969 hinc
3387 4917 3460 4971 illi
3500 4925 3867 4993 persuadeat,

2277 4992 2377 5047 hoc
2405 5010 2508 5049 non
2536 5012 2655 5052 esse
2683 4999 3033 5068 phantasma;
3082 5014 3246 5073 utque
3274 5019 3519 5067 somnum
3548 4992 3868 5085 excuteret,

2274 5090 2540 5159 sciretque
2567 5108 2680 5147 rem
2710 5108 2831 5148 esse
2863 5109 3063 5150 veram.
3095 5097 3218 5153 Ideo
3244 5101 3422 5156 statim
3452 5105 3769 5164 ceciderunt
3791 5127 3871 5165 ca-

2278 5189 2411 5234 tenre
2445 5183 2513 5236 de
2558 5185 2802 5240 manibus
2832 5187 2982 5256 ejus,
3019 5200 3074 5246 et
3116 5192 3350 5258 audivit,
3395 5195 3566 5268 Surge
3608 5201 3866 5260 velociter.

2277 5272 2388 5328 Hoc
2415 5289 2544 5329 vero
2571 5292 2677 5330 non
2706 5281 3067 5346 perturbantis
3093 5293 3207 5348 est,
3237 5286 3333 5340 sed
3364 5293 3638 5344 monentis
3670 5309 3739 5347 ne
3769 5296 3870 5349 dif-

2275 5360 2456 5419 ferret.
2490 5366 2558 5420 Et
2588 5370 2871 5437 nesciebat,
2917 5373 3123 5444 inquit,
3153 5381 3270 5447 quia
3301 5395 3471 5434 verum
3503 5393 3573 5436 est
3604 5385 3658 5435 id
3679 5427 3695 5452 ,
3733 5390 3870 5456 quod

2277 5457 2428 5524 ﬁebat
2457 5476 2546 5526 per
2571 5463 2849 5532 angelum:
2878 5467 3192 5523 existimabat
3218 5483 3383 5525 autem
3413 5491 3468 5528 se
3493 5477 3652 5529 visum
3682 5481 3867 5535 videre.

2277 5545 2405 5603 Jure
2426 5589 2439 5607 .
2472 5553 2542 5602 ob
2569 5567 2746 5605 rerum
2775 5564 3043 5623 gestarum
3076 5560 3477 5617 sublimitatem.

2351 5643 2404 5695 5.
2450 5640 2656 5710 Viden‘,
2687 5655 2883 5713 quanta
2911 5648 2981 5703 sit
3005 5651 3140 5721 signi
3169 5654 3520 5724 magnitudo?
3558 5673 3713 5727 quam
3741 5676 3867 5729 per-

2279 5732 2439 5787 cellat
2477 5733 2784 5790 videntem?
2829 5755 2988 5808 quam
3038 5745 3354 5801 Incredibile
3400 5749 3527 5803 illud
3579 5754 3869 5810 videatur?

2281 5821 2413 5880 Nam
2444 5826 2488 5882 si
2525 5827 2715 5884 Petrus
2747 5838 2894 5886 tanto
2925 5841 3165 5906 tempore
3191 5853 3248 5894 se
3273 5839 3444 5895 visum
3471 5841 3652 5900 videre
3677 5845 3863 5903 existi.
