4034 6498
171 555 257 610 9m
1115 535 1180 592 IN
1221 533 1398 589 ACTA
1442 520 1972 583 Aposromnuu.
2018 519 2247 576 ttoutL.
2294 516 2485 574 xxvt.

171 672 366 732 nubat,
396 664 496 720 etsi
528 661 850 732 prtecinetus
880 662 935 710 et
961 653 1232 708 calceatus
1257 665 1270 700 :
1319 644 1444 714 quid
1475 644 1614 696 alius
1642 655 1748 692 non

171 776 344 832 passus
383 765 528 813 esi-set
550 756 575 808 τ
600 753 983 812 Transeuntes,
1015 743 1217 813 inquit,
1252 741 1468 810 primam
1502 747 1548 789 et
1573 750 1758 788 secun-

168 869 274 906 aattt
328 851 647 912 custodiam,
700 850 941 899 uenerunt
992 838 1071 907 ad
1120 845 1318 904 portam
1380 836 1596 901 ferream
1641 841 1658 879 :
1710 835 1758 877 ct

167 957 390 1002 creantes
426 948 775 1012 processerunt
808 936 972 988 vicum
1007 946 1164 983 unum
1194 938 1238 981 et
1265 925 1502 979 continuo
1527 917 1758 972 discessit

172 1041 370 1109 angelus
391 1037 453 1089 ab
476 1051 550 1089 eo.
575 1032 706 1100 Qua:
727 1031 869 1083 intus
892 1027 1029 1080 facta
1053 1032 1196 1082 sunt,
1223 1018 1548 1074 mirabiliora
1565 1021 1754 1074 erant;

175 1101 268 1185 hoc
295 1145 424 1182 vero
450 1127 704 1192 deinceps
735 1118 1038 1174 humanius.
1070 1115 1201 1168 Cum
1234 1110 1363 1165 nihil
1388 1118 1504 1162 erat
1528 1101 1758 1174 impedi-

172 1222 321 1275 menti
348 1262 364 1287 ,
397 1217 648 1275 discessit
680 1213 922 1283 angelus.
969 1209 1152 1277 Neque
1178 1205 1322 1259 enim
1369 1197 1757 1268 pet-transisset

172 1318 347 1369 I'etrus
366 1355 382 1380 ,
414 1327 536 1366 cum
571 1319 644 1362 tot
676 1315 866 1362 essent
896 1305 1076 1358 obices
1104 1319 1117 1354 :
1146 1314 1274 1354 vere
1303 1309 1535 1362 namque
1568 1302 1756 1358 stupor

165 1409 359 1460 aderat.
411 1402 564 1456 Nunc
594 1402 729 1457 scio,
777 1398 983 1466 inquit,
1017 1393 1134 1463 quia
1177 1406 1288 1444 vere
1316 1389 1453 1440 misit
1506 1383 1756 1438 Dominus

164 1499 386 1569 angelum
431 1513 617 1559 suunt,
674 1502 719 1547 et
759 1491 945 1553 eripuit
990 1504 1069 1540 me
1107 1487 1170 1539 de
1207 1500 1362 1536 manu
1405 1477 1662 1540 Herodis,
1714 1483 1759 1526 et

163 1593 221 1644 de
248 1589 380 1642 omni
417 1584 792 1656 exspectatione
838 1579 998 1650 plebis
1039 1577 1361 1631 Judworum.
1411 1569 1603 1624 Nunc:
1650 1579 1756 1619 non

165 1693 310 1743 tunc,
345 1676 561 1746 quando
593 1675 642 1728 in
672 1671 900 1726 vinculis
929 1684 1102 1723 erant.
1127 1664 1590 1729 -Consideransque
1627 1656 1760 1709 venit

163 1775 210 1824 in
240 1773 444 1833 «tantum
488 1765 672 1820 Mante
701 1763 875 1815 matris
918 1759 1158 1813 Joannis.
1207 1753 1345 1822 Quid
1393 1752 1496 1806 sibi
1535 1748 1648 1801 vult
1696 1747 1754 1799 il-

165 1863 247 1916 lud
269 1904 283 1927 ,
311 1857 697 1916 Considamus?
722 1854 974 1924 Cogitans
1010 1851 1098 1904 ubi
1130 1856 1296 1904 esset.
1339 1845 1434 1897 Vel
1470 1844 1571 1896 hoc
1599 1841 1760 1909 igitur

161 1951 545 2012 consideravit;
577 1947 661 2002 vel
685 1946 826 2014 qttod
852 1959 956 1997 non
982 1949 1259 2010 oporteret
1279 1948 1564 2002 utcumque
1586 1933 1755 1996 abire,

163 2044 252 2096 scd
299 2040 622 2096 benefactori
659 2038 828 2093 vicem
863 2034 1192 2104 rependere:
1224 2029 1364 2101 quod
1399 2028 1487 2081 iile
1514 2023 1760 2079 conside-

162 2151 282 2189 rans
303 2176 317 2198 ,
346 2136 495 2188 venit
525 2133 576 2185 in
605 2131 824 2186 domum
855 2129 1051 2183 Mariae.
1097 2126 1226 2190 Quis
1257 2134 1339 2178 est
1368 2121 1454 2174 hic
1479 2115 1759 2174 Joauncs?

162 2227 317 2281 Forte
350 2227 393 2279 is
418 2266 433 2291 ,
465 2225 554 2293 qui
585 2236 801 2291 semper
823 2237 944 2274 cum
975 2218 1082 2272 illis
1112 2226 1265 2279 erat;
1303 2213 1533 2281 ideoque
1561 2223 1761 2278 Cogno-

161 2333 279 2372 men
309 2317 469 2370 etiam
499 2313 615 2384 ejus
646 2313 848 2382 posuit.

232 2409 482 2480 Magnum
513 2409 699 2460 bonum
728 2404 951 2474 afflictio.
982 2431 1052 2441 —
1085 2399 1218 2454 Vide
1254 2407 1510 2468 quantum
1556 2396 1626 2450 sit
1664 2395 1760 2448 bo-

160 2521 284 2557 num
316 2500 567 2564 afﬂictio,
603 2507 861 2568 quantum
895 2506 1052 2550 noctu
1086 2503 1366 2564 precantes
1396 2491 1718 2560 proficerent
1740 2530 1756 2552 ,

154 2609 316 2664 quam
362 2591 552 2662 vigiles
597 2590 722 2643 hinc
753 2587 1120 2642 efficerentur.
1169 2583 1454 2645 Vidistin',
1500 2590 1759 2652 quantum

157 2689 363 2740 lucrum
406 2699 470 2737 ex
502 2681 650 2737 Caede
697 2679 995 2749 Stephani?
1043 2667 1278 2732 vidistin'
1309 2685 1502 2745 quanta
1548 2690 1614 2729 ex
1659 2673 1760 2726 hoc

153 2792 376 2831 carcere
423 2775 671 2829 utilitas?
716 2772 831 2828 Non
877 2774 1019 2828 enim
1069 2771 1331 2826 ulciscens
1377 2769 1517 2824 Deus
1565 2768 1760 2835 injuste

155 2869 417 2924 hedentes
447 2909 462 2932 ,
495 2868 572 2921 sic
601 2881 854 2937 magnum
886 2863 1124 2919 ostendit
1151 2861 1487 2931 evangelium
1516 2876 1531 2923 ;
1578 2859 1672 2912 sed
1707 2860 1758 2911 in

155 2965 290 3034 ipsis
345 2961 664 3017 laedentibus
716 2959 850 3014 nihil
903 2959 1030 3013 mali
1087 2957 1414 3026 patientibus
1469 2956 1611 3024 ipsas
1668 2954 1760 3006 tri-

155 3057 464 3112 bulationes
505 3071 602 3125 per
643 3069 703 3108 se
747 3068 1000 3123 magnum
1046 3050 1173 3121 quid
1217 3064 1340 3104 esse
1375 3046 1644 3108 ostendit,
1693 3060 1760 3098 ne

153 3149 239 3203 vel
265 3149 334 3200 ab
361 3148 466 3202 illis
488 3147 624 3217 eripi
653 3186 671 3211 ,
699 3145 782 3200 vel
811 3145 1072 3198 ultionem
1101 3141 1240 3196 sumi
1267 3154 1594 3211 quarratuus.
1641 3138 1762 3191 Per-

154 3241 334 3311 pende
364 3279 380 3306 ,
413 3238 686 3309 quomodo
737 3238 948 3292 ancilla:
993 3234 1131 3306 apud
1181 3250 1275 3289 eos
1320 3234 1372 3287 in
1423 3236 1535 3302 pari
1589 3230 1761 3298 pretio

151 3341 357 3388 essent.
395 3331 517 3385 Prw
543 3331 734 3402 gaudio
756 3371 773 3395 ,
806 3328 1012 3398 inquit,
1045 3344 1144 3381 non
1173 3327 1391 3397 aperuit.
1432 3326 1472 3379 E
1501 3340 1558 3379 re
1581 3333 1758 3377 autem

153 3428 226 3478 ita
259 3425 457 3477 factum
489 3431 599 3488 est,
632 3437 702 3476 ne
731 3431 785 3476 ct
816 3421 892 3473 illi
921 3420 1102 3474 statim
1133 3419 1383 3472 videntes
1414 3417 1759 3483 obstupesce-

153 3529 315 3581 rent,
354 3525 408 3570 et
437 3530 540 3569 nou
571 3515 892 3578 crederent,
923 3513 1016 3568 sed
1051 3529 1203 3566 mens
1240 3513 1450 3573 illorum
1481 3527 1761 3566 exercere-

152 3622 264 3662 tur.
287 3609 353 3663 Et
375 3607 518 3678 quod
547 3621 647 3661 nos
668 3605 846 3662 facere
863 3605 1122 3668 solemus,
1143 3605 1336 3657 ancilla
1356 3618 1572 3673 quoque
1588 3603 1762 3657 fat-ere

148 3701 494 3771 deprehensa
522 3709 607 3756 est
630 3717 643 3752 :
675 3699 762 3754 illa
791 3714 1020 3767 namque
1042 3697 1263 3750 curabat
1284 3712 1398 3749 rem
1425 3697 1603 3749 la—Jam
1630 3711 1763 3746 nuu-

151 3798 292 3848 tiare
320 3811 334 3858 ;
370 3794 487 3847 lzeta
519 3791 718 3863 quippe
747 3806 836 3845 res
865 3799 1002 3844 erat.
1035 3787 1128 3841 Illi
1157 3805 1270 3840 vero
1299 3788 1530 3840 dicebant
1560 3787 1605 3837 ei
1624 3828 1639 3844 ,
1672 3783 1762 3838 ln-

146 3887 320 3940 snnis.
357 3883 466 3936 Illa
496 3894 665 3936 autent
710 3881 992 3952 afﬁrmabat
1035 3881 1106 3933 sic
1151 3895 1202 3931 se
1234 3877 1416 3930 habere
1446 3893 1463 3929 :
1489 3876 1567 3928 illi
1598 3889 1764 3927 autem

146 3980 438 4034 dicebant:
487 3977 708 4048 Angelus
754 3977 864 4046 ejus
912 3983 1006 4048 est.
1071 3973 1206 4026 Hinc
1245 3987 1428 4024 verum
1482 3969 1760 4040 probatur,

147 4047 598 4142 unumquemque
652 4047 1190 4135 nostrum‘angelum
1233 4063 1454 4117 habere.
1511 4062 1576 4116 Et
1623 4060 1766 4114 unde

145 4169 202 4221 iu
257 4173 496 4218 mentem
535 4160 697 4214 Subiit
742 4159 846 4214 illis
894 4158 1143 4226 angelum
1195 4153 1365 4208 esse?
1423 4154 1467 4206 A
1521 4159 1766 4219 tempore

147 4256 290 4310 illud
343 4253 775 4322 su5pieabantur.
828 4247 897 4302 Ut
929 4259 1099 4300 autem
1133 4244 1481 4315 perseverabat
1510 4244 1721 4310 pulsans
1747 4284 1761 4306 ,

147 4349 374 4420 inquit.
424 4363 537 4398 cum
591 4343 948 4410 aperuissent,
1012 4341 1245 4393 viderunt
1289 4355 1445 4403 eum,
1490 4346 1535 4390 et
1592 4336 1766 4390 obstu-

145 4447 404 4510 puerunt.
438 4436 538 4488 Ille
566 4451 680 4486 vero
710 4449 940 4484 annuens
969 4448 1124 4483 manu
1144 4470 1160 4494 ,
1200 4430 1473 4485 silentium
1516 4443 1763 4498 magnum

145 4535 282 4588 fecit
309 4574 326 4598 ,
364 4539 419 4583 ιιι
449 4529 750 4583 audiretur.
776 4526 1019 4594 Optatior
1047 4525 1303 4595 deinceps
1324 4523 1599 4590 discipulis
1625 4533 1763 4587 erat,

144 4644 261 4680 non
301 4624 467 4678 modo
505 4623 645 4690 quod
685 4631 927 4673 servatus
957 4627 1135 4680 esset,
1167 4618 1259 4670 sed
1291 4618 1452 4670 etiam
1490 4615 1632 4685 quod
1672 4615 1768 4668 ad-

143 4728 304 4771 esset
324 4726 380 4769 et
401 4714 700 4767 accederet.
719 4713 937 4765 Discant
957 4707 1238 4763 manifeste
1255 4708 1434 4762 omnia
1455 4707 1764 4766 familiares,

145 4813 379 4863 discunt
409 4815 464 4859 et
492 4806 650 4859 alieni
675 4846 689 4867 ,
737 4805 779 4857 si
813 4803 1037 4858 credere
1065 4802 1270 4861 velint;
1315 4801 1410 4855 sed
1453 4802 1762 4855 noluerttut.

151 4904 276 4955 Iloc
322 4900 490 4953 ctiam
525 4899 576 4950 in
603 4896 821 4950 Christo
849 4893 1045 4947 factum
1075 4904 1179 4947 est.
1230 4893 1513 4954 Nuntiate,
1552 4893 1721 4961 inquit
1748 4934 1762 4957 ,

145 4995 358 5048 Jacobo
383 5007 430 5046 et
453 4991 695 5061 fratribus
718 4989 840 5041 lure.
873 4987 1003 5043 Vide
1025 4986 1294 5056 quomodo
1323 5001 1513 5038 vanam
1541 4985 1764 5054 gloriam

151 5103 268 5142 non
300 5095 534 5155 quaerat.
563 5081 678 5136 Non
707 5081 851 5133 enim
885 5080 1018 5132 dixit
1039 5121 1053 5141 ,
1097 5078 1343 5146 Undique
1376 5077 1491 5131 lucc
1517 5076 1768 5130 omnibus

152 5184 411 5235 nuntiate
436 5197 452 5240 ς
479 5177 573 5231 scd
601 5218 614 5238 ,
649 5173 935 5228 Fratribus.
969 5172 1034 5224 Et
1058 5171 1294 5225 abscessit
1315 5173 1366 5224 in
1394 5171 1553 5223 alium
1579 5172 1764 5222 locum.

155 5275 353 5343 Neque
378 5270 522 5325 enim
547 5268 784 5322 tentabat
806 5268 968 5320 Deum
987 5307 1000 5327 ,
1027 5279 1200 5331 neque
1227 5278 1346 5318 sese
1369 5263 1418 5315 in
1447 5262 1769 5316 tentatimtcs

154 5363 447 5433 iujiciebat
473 5379 484 5414 :
510 5359 641 5413 illud
664 5360 806 5412 enim
826 5357 959 5425 jussi
986 5365 1187 5410 tantum
1208 5354 1495 5408 faciebant.
1518 5351 1766 5422 Ingressi,

155 5460 341 5526 inquit
362 5500 377 5521 ,
423 5456 476 5508 in
509 5455 787 5523 templum,
822 5451 1084 5514 loquimini
1116 5447 1307 5519 populo
1351 5446 1371 5517 (
1398 5447 1512 5500 Act.
1545 5447 1600 5501 5.
1631 5444 1703 5499 ’ΞΟ
1725 5445 1767 5514 ).

157 5550 477 5602 Audieruut
515 5557 568 5599 ct
610 5545 794 5597 statim
835 5542 1114 5611 obsequuti
1152 5550 1298 5595 sunt.
1348 5539 1460 5593 Hoc
1506 5553 1635 5593 vero
1659 5535 1770 5605 jam

159 5659 275 5693 non
309 5640 443 5694 dicit
467 5639 714 5705 angelus,
740 5635 830 5689 sed
854 5635 994 5704 quod
1023 5635 1247 5687 silentcr
1272 5631 1513 5686 abscedit
1536 5641 1590 5683 et
1613 5639 1771 5684 noctu

155 5734 389 5796 eduxit,
410 5731 553 5785 dedit
577 5729 881 5783 facultatem
907 5726 1211 5781 secedendi.
1233 5725 1346 5779 lIoc
1365 5735 1544 5778 autem
1574 5723 1771 5777 factum

156 5837 251 5877 est
283 5864 297 5884 ,
350 5829 410 5874 ut
452 5819 724 5874 discamus
768 5818 933 5871 multa
982 5818 1216 5870 humano
1264 5831 1416 5870 more
1465 5814 1774 5883 dispensata

159 5915 376 5975 fuisse,
435 5923 493 5967 ut
539 5928 605 5966 ne
654 5913 744 5964 ille
789 5910 983 5964 iterum
1037 5909 1447 5979 periclitaretur.
1508 5907 1584 5961 Nc
1631 5907 1773 5959 etiim

163 6020 292 6073 post
324 6009 617 6060 .,Iisccssttut
661 6005 775 6072 ejus
813 6003 1054 6057 dicereut
1081 6003 1328 6071 angelum
1356 6002 1470 6070 ejus
1502 6015 1638 6068 esse,
1676 6003 1772 6054 hoc

3359 509 3466 565 202

1866 636 2013 704 prius
2042 635 2327 699 dixerunt,
2376 641 2433 687 et
2476 639 2661 700 postea
2706 630 2860 685 illum
2888 629 3173 691 viderunt,
3206 631 3295 697 qui
3330 631 3464 684 lianc

1862 729 2171 796 Opinionem
2204 725 2439 780 sustulit.
2473 725 2527 779 Si
2558 726 2779 793 angelus
2807 724 2992 778 fuisset
3017 763 3030 785 ,
3065 739 3169 776 non
3203 725 3467 790 pulsassct

1864 821 2029 885 fores,
2049 836 2150 876 nec
2171 819 2487 874 secessisset
2511 819 2562 872 in
2585 817 2751 872 alium
2777 818 2972 872 locum.
2988 817 3284 871 Confirmat
3304 817 3466 871 etiam

1865 913 2006 976 illos,
2037 912 2180 981 quod
2214 929 2318 964 non
2353 913 2402 964 in
2433 912 2518 965 die
2551 910 2744 965 factum
2773 910 2861 964 sit.
2893 910 2956 963 Ili
2983 910 3142 964 soluti
3173 911 3469 980 precaban-

1864 1016 1983 1068 tur,
2028 1006 2116 1060 ille
2156 1009 2368 1060 vinctus
2398 1004 2723 1061 dormiebat.
2775 1003 2831 1060 Si
2876 1013 3118 1073 putasset
3161 1019 3276 1057 rem
3304 1046 3319 1068 ,
3350 1019 3468 1072 qua:

1861 1096 2140 1166 agebatur,
2170 1111 2350 1150 veram
2379 1111 2525 1160 csse,
2543 1096 2859 1165 perterritus
2882 1095 3105 1158 fuisset,
3131 1112 3232 1151 nec
3260 1112 3469 1152 memor

1861 1196 2138 1258 gestorum
2167 1206 2181 1242 :
2216 1203 2360 1244 nunc
2388 1198 2570 1243 autem
2608 1190 2762 1258 quasi
2793 1191 2843 1241 in
2872 1204 3066 1244 somno
3094 1189 3284 1244 videns
3304 1230 3319 1254 ,
3350 1191 3469 1246 sino

1862 1279 2266 1349 perturbatione
2282 1290 2418 1336 erat.
2432 1280 2711 1347 Venerunt,
2732 1282 2922 1350 inquit,
2936 1283 3004 1336 ad
3017 1292 3213 1352 portam
3228 1287 3465 1354 ferream.

1863 1373 1998 1431 Vide
2023 1390 2184 1443 quam
2214 1373 2368 1428 ﬁrma
2398 1385 2559 1430 esset.
2592 1373 2936 1430 Transeuntes
2962 1417 2974 1436 ,
3008 1377 3180 1442 inquit
3205 1420 3219 1441 ,
3249 1378 3468 1447 primam

1861 1477 1908 1520 et
1939 1469 2217 1522 secundum
2242 1468 2528 1521 custodiam
2551 1507 2566 1531 ,
2600 1481 2839 1523 venerunt
2881 1471 2950 1521 ad
2996 1481 3196 1540 portam
3229 1475 3466 1541 ferream.

1865 1561 1928 1614 Et
1958 1576 2055 1615 cur
2077 1602 2092 1624 ,
2126 1562 2334 1631 inquies
2354 1605 2369 1624 ,
2402 1578 2507 1616 non
2538 1579 2632 1630 per
2657 1565 2865 1631 seipsos
2895 1564 2996 1618 hoc
3026 1566 3268 1618 faciunt?
3315 1565 3469 1620 Cur?

1862 1653 1998 1718 Quia
2031 1655 2130 1707 hac
2157 1655 2208 1707 in
2235 1667 2297 1709 re
2326 1654 2466 1709 Deus
2495 1655 2620 1708 illos
2650 1657 2919 1723 honorat,
2951 1656 3091 1725 quod
3124 1673 3218 1725 per
3244 1661 3466 1728 angelus

1861 1755 2014 1798 cruat
2047 1745 2212 1813 ipsos.
2259 1745 2398 1811 Quid
2426 1746 2599 1817 ergo?
2627 1764 2724 1801 cur
2751 1765 2855 1801 non
2885 1748 2964 1804 sic
2992 1751 3041 1801 in
3076 1750 3239 1803 Paulo
3269 1752 3467 1808 factum

1859 1844 1946 1888 est
1968 1835 1994 1888 ?
2035 1836 2146 1891 Illic
2173 1853 2204 1891 e
2233 1853 2293 1892 re
2324 1837 2418 1891 fttit
2446 1879 2462 1903 ,
2505 1840 2626 1908 quia
2660 1840 2937 1894 custodem
2971 1845 3205 1896 careeris
3250 1845 3470 1908 credere

1862 1929 2148 1997 Oportebat
2176 1947 2189 1994 ;
2224 1930 2312 1984 hic
2339 1946 2468 1986 vero
2495 1931 2667 1985 solum
2701 1947 2836 2003 opus
2861 1943 2979 1987 erat
3005 1935 3306 2002 apostolum
3338 1935 3471 1991 Iibe-

1864 2021 2012 2075 rari:
2061 2022 2301 2090 alioquin
2349 2037 2479 2077 vero
2525 2023 2662 2076 Deus
2704 2024 2917 2079 diverse
2946 2027 3125 2079 omnia
3167 2026 3465 2096 dispensat.

1863 2115 1977 2170 Illic
2003 2116 2198 2184 Paulus
2231 2116 2457 2187 hymnos
2484 2119 2712 2172 canebat
2745 2118 2881 2191 (Act.
2917 2121 2995 2177 l6.
3026 2121 3141 2194 25),
3171 2124 3256 2179 hic
3279 2125 3469 2180 Petrus

1861 2208 2185 2264 dormiebat.
2214 2210 2293 2264 Ne
2323 2226 2452 2281 ergo
2482 2214 2816 2269 occultemus
2845 2217 3104 2271 miracula
3140 2219 3254 2286 Dei,
3284 2222 3378 2275 sed
3401 2223 3467 2275 ad

1862 2301 2145 2356 utilitatem
2196 2311 2438 2357 nostram
2485 2305 2600 2360 lucc
2646 2304 2908 2377 divulgari
2957 2325 3251 2376 curemus,
3301 2323 3354 2367 et
3401 2315 3467 2368 ad

1861 2392 2093 2446 aliorum
2125 2392 2564 2450 ardilicationem.
2597 2395 2669 2453 Ut
2696 2399 2840 2454 enim
2871 2400 3206 2456 admirabilis
3237 2405 3353 2468 fttit,
3379 2409 3467 2476 qui

1861 2485 2014 2555 ligari
2048 2486 2216 2539 voluit
2241 2503 2254 2550 ;
2285 2487 2354 2540 ita
2384 2487 2754 2544 admirabilior
2781 2492 2870 2559 qui
2899 2507 3002 2545 non
3029 2495 3176 2563 prius
3198 2495 3468 2560 discessit,

1862 2591 2021 2645 quam
2047 2578 2158 2631 suis
2175 2580 2353 2633 omnia
2377 2584 2694 2635 nuntiasset.
2721 2582 2988 2653 Dixitque,
3013 2585 3260 2642 Nuntiate
3277 2589 3471 2644 Jacobo

1864 2680 1910 2723 et
1940 2670 2208 2741 fratribus.
2241 2671 2350 2727 Cur
2380 2674 2564 2729 dicere
2587 2676 2740 2742 jubet
2765 2677 2823 2729 ‘?
2854 2677 2920 2732 Ut
2954 2678 3029 2733 illi
3059 2682 3328 2750 gaudeant
3353 2725 3366 2742 ,
3415 2697 3470 2738 ιιι

1864 2778 1933 2818 ne
1964 2764 2181 2819 solliciti
2211 2766 2319 2820 sint
2340 2810 2354 2831 ,
2385 2777 2445 2820 ut
2475 2783 2570 2836 per
2599 2768 2695 2822 llos
2725 2770 2802 2824 illi
2833 2771 3080 2838 discant,
3113 2791 3217 2828 non
3249 2777 3347 2844 ipsi
3378 2793 3472 2846 per

1865 2857 1986 2911 illos
2010 2876 2022 2910 :
2049 2859 2126 2913 sic
2147 2859 2214 2914 de
2239 2859 2483 2915 infcriori
2513 2873 2664 2931 parte
2690 2878 2876 2916 curam
2906 2867 3144 2930 gerebat.
3176 2867 3318 2923 Nihil
3345 2886 3473 2937 ergo

1866 2950 2141 3005 moderata
2174 2948 2470 3006 afﬂictione
2519 2954 2731 3007 melius.
2783 2954 3007 3021 Qualem
3058 2966 3211 3026 putas
3254 2959 3470 3015 illorutu

1854 3055 1994 3099 tunc
2023 3042 2186 3098 fuisse
2215 3043 2498 3098 animam?
2526 3059 2718 3113 quanta
2749 3051 3022 3117 voluptate
3051 3052 3260 3119 plenam
3287 3056 3312 3107 Ἰ

1949 3135 2223 3207 Vigilantia
2271 3137 2756 3196 laudatum—Ubi
2809 3153 2934 3196 sunt
2981 3161 3122 3198 nunc
3173 3149 3468 3213 mulieres,

1864 3245 1982 3298 quae
2009 3240 2116 3284 tota
2138 3241 2297 3285 nocte
2318 3230 2589 3285 dormiunt
2615 3233 2637 3285 ?
2670 3234 2756 3287 ubi
2783 3236 2901 3300 viri,
2931 3238 3019 3304 qui
3050 3253 3225 3307 neque
3246 3241 3296 3293 in
3333 3241 3472 3295 IeCto

1865 3334 1924 3373 se
1953 3321 2210 3374 versant?
2237 3320 2428 3375 Viden'
2457 3323 2667 3391 vigilem
2701 3325 2981 3378 animam?
3020 3326 3155 3381 Cum
3191 3332 3469 3395 uxoribus,

1865 3413 2049 3483 pueris
2080 3425 2134 3468 et
2178 3413 2391 3468 ancillis
2424 3414 2591 3470 Deum
2621 3416 3005 3483 celebrabant,
3049 3436 3143 3488 per
3171 3421 3470 3476 tribulatio-

1867 3523 1988 3560 ucm
2020 3507 2263 3575 puriores
2293 3508 2427 3562 caelo
2457 3508 2654 3564 elTecti.
2686 3511 2838 3566 Nunc
2876 3528 3036 3577 vero,
3067 3515 3109 3567 si
3147 3532 3367 3584 parvum
3394 3521 3470 3572 vi—

1864 3599 2087 3654 deamus
2134 3602 2473 3670 periculum,
2505 3604 2858 3659 concidimus.
2907 3605 3049 3661 Nihil
3095 3607 3336 3666 Ecclesia
3389 3614 3472 3666 illi

1866 3691 2223 3759 splendidius.
2273 3691 2420 3762 Ipsos
2471 3695 2776 3760 imitemur,
2829 3698 3168 3754 :cmulemur.
3209 3701 3326 3755 Non
3357 3703 3476 3758 ideo

1868 3781 2004 3835 facta
2039 3793 2124 3836 est
2159 3800 2286 3849 nos,
2331 3793 2390 3838 ιιι
2435 3801 2533 3854 per
2575 3797 2738 3840 totum
2774 3787 3104 3844 dormiamus
3136 3802 3188 3846 et
3220 3795 3471 3848 etieutur.

1870 3874 1981 3928 IIoe
2016 3875 2372 3929 testiﬁcantur
2398 3877 2656 3942 artifices,
2694 3881 3080 3949 negotiatores,
3109 3894 3437 3939 mercatores
3462 3931 3474 3944 ,

1868 3967 2107 4021 Ecclesia
2134 3967 2228 4022 Dei
2249 3969 2423 4022 media
2451 3983 2679 4040 surgens
2701 3980 2878 4026 nocte.
2904 3972 3074 4042 Surge
3101 3986 3154 4028 et
3184 3984 3258 4037 tu,
3285 3987 3340 4030 et
3359 3980 3478 4032 vide

1868 4061 2147 4116 stellarum
2196 4063 2455 4126 chorum,
2505 4063 2829 4132 profundum
2882 4065 3194 4133 silentium,
3239 4073 3476 4140 quietem

1869 4153 2091 4206 multam
2116 4153 2473 4223 :obstupescc
2489 4154 2556 4208 de
2577 4155 2785 4210 Dontiui
2808 4159 2879 4211 tui
2905 4160 3258 4228 providentia.
3286 4163 3480 4218 Purior

1873 4259 1998 4302 tunc
2025 4259 2109 4302 cst
2130 4250 2332 4314 anima,
2363 4249 2548 4310 levior,
2580 4249 2848 4317 subtilior,
2883 4254 3153 4319 sublimis,
3184 4257 3433 4325 expedita
3463 4277 3476 4312 :

1872 4341 2110 4394 tenebras
2144 4340 2293 4407 ipsa),
2325 4340 2596 4395 silentium
2629 4343 2851 4396 multum
2874 4387 2888 4407 ,
2922 4345 2972 4398 in
3002 4351 3475 4416 compunctiouem

1872 4433 2128 4488 inducere
2178 4443 2422 4504 possunt.
2473 4434 2527 4489 Si
2581 4451 2711 4489 vero
2758 4439 2950 4491 Czt'ltlltl
3001 4442 3258 4509 reSpicias
3303 4445 3478 4499 stellis

1869 4527 2020 4594 (ωειςί
2052 4527 2348 4581 innumeris
2387 4526 2697 4581 distinctum
2729 4529 2921 4594 oculis,
2975 4533 3282 4588 omnimodo
3327 4538 3479 4590 volu—

1871 4629 2016 4688 ptatc
2040 4619 2233 4680 frueris
2252 4619 2562 4674 Creatorem
2587 4621 2766 4675 statim
2793 4633 2973 4677 mente
2997 4636 3271 4692 reputans.
3303 4628 3356 4682 Si
3387 4644 3480 4682 co-

1870 4712 2122 4781 gitaveris
2147 4727 2262 4776 eos,
2291 4713 2380 4781 qui
2406 4713 2641 4768 interdiu
2665 4718 2920 4781 clamant,
2951 4718 3145 4784 rident,
3179 4722 3476 4790 exsultant,

1870 4806 2102 4869 saliunt,
2157 4805 2352 4875 injuste
2398 4817 2597 4876 agunt,
2631 4810 2870 4863 avaritia:
2902 4814 3139 4877 student,
3177 4816 3472 4882 minantur,

1872 4897 2149 4951 innumera
2173 4899 2309 4951 mala
2337 4898 2592 4964 inferunt,
2620 4911 2742 4954 tunc
2765 4918 2791 4953 τι
2823 4906 3047 4960 mortuis
3073 4906 3200 4959 nihil
3230 4909 3471 4974 diﬂ‘o-rrc,

1874 4991 2162 5043 humanam
2211 5007 2426 5044 omnem
2486 4994 2846 5061 arrogantiam
2895 4996 3196 5053 damnabis.
3243 5001 3477 5059 Somnus

1873 5082 2120 5145 accessit,
2156 5093 2209 5136 et
2239 5096 2483 5135 naturam
2513 5088 2786 5153 superavit
2815 5104 2828 5141 :
2865 5088 3040 5156 imago
3079 5101 3161 5159 est
3206 5097 3394 5149 mortis
3425 5111 3480 5150 et

1873 5175 2371 5230 consummationis.
2396 5177 2449 5229 Si
2476 5178 2650 5230 vicum
2685 5184 3018 5248 respexeris,
3044 5185 3246 5240 nullam
3291 5206 3478 5246 vocent

1874 5265 2097 5331 audies;
2130 5267 2173 5319 si
2202 5266 2420 5320 domum
2443 5309 2455 5328 ,
2492 5284 2679 5323 omnes
2710 5273 2918 5326 videbis
2944 5277 3092 5343 quasi
3135 5277 3185 5329 in
3224 5283 3479 5351 sepulcro

1820 5394 1833 5411 ς
1873 5358 2134 5422 jacentes.
2168 5358 2291 5412 Haec
2321 5361 2500 5414 omnia
2535 5375 2757 5429 possunt
2783 5365 3017 5420 animam
3046 5369 3306 5438 excitare,
3333 5387 3385 5426 ct
3411 5377 3477 5430 ad

1876 5451 2252 5520 Cogitationem
2280 5455 2763 5508 eonsutnmatiouis
2801 5456 3079 5513 inducere.

1950 5548 2002 5598 4.
2041 5544 2136 5596 llic
2168 5559 2295 5597 vero
2325 5545 2452 5597 mihi
2483 5555 2537 5598 et
2562 5547 2627 5600 ad
2664 5548 2808 5602 viros
2835 5560 2890 5603 et
2923 5550 2988 5604 ad
3024 5555 3276 5608 mulieres
3301 5572 3480 5611 sermo

1879 5648 1978 5689 est.
2017 5634 2195 5690 Flecte
2234 5652 2430 5705 genua,
2471 5639 2788 5708 ingemisce,
2831 5643 2996 5697 Deum
3035 5660 3257 5714 precare
3301 5661 3357 5702 ut
3389 5653 3481 5706 tibi

1879 5734 1949 5784 sit
1979 5731 2238 5800 pr0pitius
2272 5749 2283 5783 :
2318 5734 2598 5787 nocturnis
2627 5733 2714 5787 ille
2745 5737 2996 5804 precibus
3024 5739 3194 5809 magis
3226 5743 3480 5806 ﬂectitur,

1880 5839 2000 5878 cum
2049 5823 2250 5893 requiei
2302 5835 2512 5894 tempus
2555 5826 2605 5880 in
2649 5826 2852 5882 luctum
2902 5831 3145 5885 verteris.
3176 5833 3482 5893 Recordare

1951 6013 1960 6034 ‘
2009 6007 2141 6064 limo,
2171 6022 2256 6056 cur
2286 6009 2818 6072 dirt'rctt'ttltctnlcsunt
2849 6013 2896 6061 iu
2923 6013 3213 6074 quibusdam
