4034 6504
642 476 751 528 2115

642 592 926 645 verborum
950 587 1088 659 regis
1116 586 1257 642 illius
1287 604 1300 639 :
1333 586 1579 641 Labor-aui
1603 588 1653 640 in
1678 586 1865 657 gemitu
1889 601 2019 648 meo,
2048 583 2229 637 tav..-bo

650 700 739 752 per
762 680 985 751 singulas
1005 690 1172 734 noctes
1194 678 1375 732 lectum
1398 696 1585 744 meum,
1611 678 1847 747 lacrymis
1865 678 1988 730 meis
2009 682 2221 727 stratum

648 751 811 825 meum
834 771 1007 841 rigabo
1028 768 1200 839 (Psal.
1232 768 1379 833 6.7).
1410 768 1753 836 Quauttnuvis
1780 766 1984 823 deliciis
2015 751 2220 829 alﬂitas,

643 881 746 917 non
773 863 943 932 magis
972 878 1130 931 quam
1162 862 1280 926 ille;
1312 861 1649 932 quantumvis
1675 860 1748 914 sis
1790 860 1939 914 dives
1962 902 1975 923 ,
2020 875 2123 911 non
2162 873 2222 912 es

640 955 801 1009 ditior
830 953 1047 1008 Daride.
1081 952 1377 1019 [torumque
1401 954 1475 1004 ait
1509 951 1598 1005 ille
1626 969 1639 1003 :
1668 949 1841 1003 Media
1881 958 2025 1003 nocte
2048 966 2219 1018 surge-

643 1049 755 1098 bant
805 1047 875 1099 ad
921 1046 1257 1113 conﬁtendum
1298 1045 1386 1097 tibi
1427 1061 1577 1113 super
1609 1044 1811 1114 judicia
1858 1044 2071 1113 justitite
2123 1054 2222 1096 tute

640 1138 657 1206 (
687 1135 831 1189 Psal.
866 1136 987 1191 118.
1019 1136 1087 1189 62
1103 1135 1143 1206 ).
1177 1134 1325 1188 Tunc
1357 1150 1493 1188 vana
1523 1135 1690 1205 gloria
1724 1151 1826 1187 non
1858 1144 1908 1189 te
1942 1135 2173 1203 exagitat
2201 1152 2216 1189 :

631 1227 901 1295 quomodo
931 1238 1108 1297 posset
1130 1229 1269 1281 enim
1298 1228 1545 1282 omnibus
1577 1227 1984 1291 dormientibus,
2013 1241 2112 1280 nec
2133 1227 2212 1279 vi-

635 1319 926 1374 dentibus?
950 1318 1099 1373 Tunc
1126 1335 1222 1373 nec
1252 1320 1459 1388 ignavia
1486 1334 1585 1374 nec
1604 1319 1881 1374 oscitantia
1915 1318 2168 1371 invadunt
2199 1337 2213 1371 :

630 1412 898 1480 quomodo
930 1421 1146 1480 possent
1193 1413 1357 1472 cuitu,
1411 1428 1531 1466 cum
1577 1420 1652 1465 tot
1692 1422 1941 1481 lautaque
1980 1413 2211 1464 animum

641 1502 917 1555 excitent?
942 1502 1067 1556 Post
1096 1503 1218 1556 talia
1260 1503 1533 1571 pervigilia
1571 1518 1788 1556 somnus
1816 1503 1996 1557 suavis
2024 1512 2123 1565 est,
2158 1512 2213 1557 et

636 1592 993 1647 revelationes
1039 1593 1329 1646 mirabiles.
1374 1593 1485 1647 Hoc
1527 1593 1609 1646 fac
1643 1602 1698 1647 et
1736 1602 1788 1646 tu
1830 1593 1931 1657 vir,
1965 1608 2068 1646 non
2097 1594 2210 1648 sola

631 1683 842 1737 mulier.
894 1682 1220 1737 Siti-celesia
1260 1683 1447 1736 domus
1476 1684 1605 1736 viris
1645 1694 1697 1737 et
1744 1683 2053 1738 mulieribus
2078 1700 2209 1737 eon-

628 1785 795 1827 stans.
816 1773 893 1828 Ne
911 1774 1031 1844 quia
1062 1783 1114 1826 tu
1136 1773 1278 1827 solus
1305 1773 1403 1834 vir,
1430 1775 1541 1843 ipsa
1571 1773 1682 1827 sola
1714 1774 1902 1828 mulier
1927 1785 2030 1835 est,
2057 1785 2211 1843 putes

628 1866 677 1918 id
702 1865 1083 1933 impedimento
1111 1878 1251 1919 esse.
1288 1863 1424 1916 Nam
1471 1865 1553 1917 ubi
1578 1865 1680 1917 duo
1708 1864 1895 1931 fuerint
1922 1865 2208 1934 congregati

624 1958 676 2009 in
722 1957 925 2010 nomine
969 1973 1113 2019 meo,
1166 1955 1367 2025 inquit,
1418 1956 1525 2009 illic
1578 1973 1690 2009 sum
1727 1957 1780 2009 in
1822 1956 1985 2009 medio
2037 1972 2207 2009 eorum

628 2047 854 2109 (Matth.
888 2047 975 2103 18.
1025 2046 1154 2118 20).
1206 2047 1301 2103 Ubi
1345 2046 1590 2101 Christus
1621 2047 1855 2109 medius,
1904 2047 1975 2100 ibi
2013 2063 2202 2117 magna

631 2137 910 2192 multitudo
934 2148 1015 2192 est
1049 2156 1062 2193 :
1095 2138 1180 2191 ubi
1221 2137 1483 2201 Christus,
1526 2152 1750 2191 necesse
1783 2148 1864 2190 est
1899 2146 1952 2191 et
1985 2138 2204 2207 angelos

623 2243 741 2283 esse
763 2238 815 2283 et
844 2227 1195 2298 archangelos
1216 2236 1269 2281 et
1288 2228 1419 2281 alias
1443 2235 1753 2296 potestates.
1780 2226 1891 2280 Non
1922 2228 2081 2297 igitur
2101 2230 2199 2281 ευΙί

620 2320 747 2372 estis
777 2320 1015 2373 onmium
1053 2319 1310 2374 habentes
1340 2318 1643 2372 Dominmu.
1680 2318 1886 2372 Rursus
1914 2317 2035 2371 audi
2080 2333 2203 2387 pro-

626 2408 838 2477 phetam
865 2410 1132 2465 dicentem
1157 2428 1172 2465 :
1204 2409 1389 2463 Melior
1421 2420 1495 2463 est
1524 2427 1652 2464 unus
1677 2412 1867 2481 faciens
1895 2411 2203 2463 voluntatem

622 2501 826 2555 Domini
846 2542 860 2565 ,
892 2518 1044 2569 quant
1072 2501 1211 2555 mille
1234 2501 1393 2569 iniqui
1412 2504 1428 2564 (
1454 2499 1614 2554 Eccli.
1640 2502 1726 2554 16.
1762 2502 1854 2569 5).
1882 2500 2019 2555 Nihil
2052 2501 2201 2554 infir-

618 2592 754 2646 mins
789 2591 969 2645 multis
999 2591 1213 2658 iniquis,
1242 2590 1370 2644 nihil
1399 2588 1589 2643 fortius
1618 2605 1745 2656 uno,
1783 2593 1872 2661 qui
1902 2591 2195 2645 secundum

621 2683 714 2738 Dei
748 2684 915 2752 legem
943 2684 1089 2737 vivit.
1113 2680 1167 2735 Si
1202 2683 1291 2736 tibi
1315 2683 1423 2736 sint
1448 2682 1631 2747 liberi,
1663 2683 1833 2736 excita
1866 2683 2020 2746 illos;
2048 2692 2100 2737 et
2128 2685 2198 2737 sit

614 2777 832 2830 omnino
863 2775 1034 2829 noctis
1062 2786 1301 2843 tempore
1337 2775 1527 2829 domus
1557 2775 1781 2828 ecclesia
1810 2792 1822 2827 ε
1856 2776 1899 2828 si
1937 2791 2065 2829 vero
2093 2777 2199 2829 sint

616 2869 817 2933 teneri,
849 2882 945 2922 nec
964 2868 1181 2937 vigilare
1202 2866 1407 2935 possint
1422 2908 1437 2932 ,
1462 2881 1618 2919 unam
1639 2867 1928 2921 alteramve
1953 2869 2198 2921 emittant

614 2960 909 3013 orationem
955 2967 1009 3011 et
1046 2956 1342 3026 quiescant.
1385 2956 1609 3009 Tantum
1649 2971 1827 3024 surge,
1875 2968 1928 3011 et
1971 2958 2097 3011 illud
2141 2959 2191 3011 in

609 3050 989 3105 consuetudine
1008 3064 1161 3118 pone.
1178 3046 1314 3102 Nihil
1333 3048 1431 3101 hoc
1446 3048 1810 3116 promptuario
1828 3048 2034 3111 melius,
2050 3050 2189 3118 quod

613 3143 747 3196 tales
774 3155 962 3210 preces
988 3141 1261 3207 suscipiet.
1295 3140 1432 3192 Audi
1458 3140 1769 3207 prophetam
1792 3140 2055 3194 dicentem
2085 3158 2101 3194 :
2130 3140 2192 3195 Si

608 3249 796 3287 memor
821 3232 897 3301 fni
924 3233 996 3284 tui
1019 3248 1171 3301 super
1192 3238 1402 3284 stratum
1433 3246 1593 3282 meum
1616 3271 1631 3297 ,
1663 3232 1714 3282 in
1748 3232 2005 3283 matutinis
2027 3234 2189 3285 medi-

608 3327 750 3379 tabar
770 3328 821 3378 in
852 3336 898 3380 te
927 3325 1101 3396 (Psat.
1126 3324 1214 3379 62.
1247 3324 1335 3393 7).
1361 3326 1427 3378 At
1454 3324 1601 3379 dices
1628 3342 1641 3376 :
1676 3325 1778 3378 Per
1802 3324 1942 3377 diem
1967 3326 2186 3379 multum

610 3418 879 3483 laboravi,
911 3431 1007 3470 nec
1038 3430 1273 3485 possum.
1306 3414 1428 3468 llaec
1458 3414 1705 3468 obtentus
1735 3423 1859 3467 sunt
1885 3425 1937 3467 et
1966 3416 2185 3469 cavilla-

608 3513 803 3565 tiones.
845 3508 1197 3578 Quantumvis
1228 3508 1370 3562 enim
1403 3506 1763 3573 laboraveris,
1798 3523 1901 3560 non
1930 3517 2183 3577 quantum

608 3604 754 3657 faber
782 3601 1023 3665 aerarius,
1061 3601 1147 3668 qui
1180 3609 1286 3652 tam
1315 3613 1531 3667 gravem
1576 3597 1829 3651 malleum
1873 3599 1940 3652 ab
1979 3599 2086 3651 alto
2120 3598 2185 3653 ad

610 3710 774 3766 usque
796 3710 993 3764 prunas
1009 3692 1258 3754 demittit,
1282 3702 1335 3743 et
1355 3689 1558 3743 fumum
1581 3698 1692 3743 toto
1711 3703 1936 3758 corpore
1955 3691 2184 3759 excipit:

605 3797 660 3841 et
684 3798 858 3840 tamen
888 3785 1171 3838 maximam
1210 3782 1380 3835 noctis
1404 3788 1605 3849 partem
1633 3794 1693 3834 ea
1726 3781 1779 3833 in
1812 3796 1871 3834 re
1890 3783 2180 3836 consumit.

603 3877 782 3933 Nostis
820 3877 1016 3939 etiam,
1050 3874 1334 3937 mulieres,
1382 3873 1426 3925 si
1472 3871 1685 3941 quando
1726 3871 1880 3925 nobis
1909 3872 1959 3925 in
1997 3888 2180 3942 agrum

604 3972 899 4025 concedere
919 3983 1053 4038 opus
1076 3965 1190 4031 fuit,
1214 3974 1304 4018 aut
1330 3964 1393 4017 ad
1422 3963 1775 4032 pervigilium,
1798 3966 2065 4028 quomodo
2088 3980 2182 4033 per

605 4074 766 4117 totam
814 4071 1023 4115 noctem
1071 4058 1143 4111 illi
1192 4056 1430 4126 vigilant.
1466 4054 1532 4108 Et
1575 4055 1669 4107 tibi
1700 4069 1828 4123 ergo
1858 4054 2069 4109 officina
2109 4058 2180 4113 sit

1337 471 1390 527 S.
1430 470 1705 527 JOANNIS
1742 468 2210 526 CiiRYSOSTUSII
2251 467 2568 524 AliCIIIEP.
2600 468 3135 527 CONSTANTINUP.

3824 468 3926 523 ΞΜ

2337 583 2662 649 Spiritualis,
2712 601 2818 639 non
2868 593 2925 638 ut
2953 583 3092 638 ollas
3135 590 3190 638 et
3228 581 3453 647 lebetes,
3478 580 3573 636 sed
3607 589 3667 634 ut
3692 581 3923 636 animam

2336 682 2476 728 tuam
2511 691 2687 743 pares,
2716 691 2837 745 qua:
2867 684 2921 729 et
2963 674 3156 729 aerario
3199 682 3253 729 et
3282 672 3501 728 aurifice
3530 674 3707 729 multo
3736 675 3926 729 melior

2332 774 2436 820 est.
2470 765 2716 819 Animam
2745 767 2980 834 peccatis
3004 768 3349 820 inveteratam
3380 766 3541 819 induc
3572 766 3625 818 in
3652 767 3921 820 ofﬁcinam

2328 855 2678 910 confessionis
2704 874 2717 908 :
2748 857 2999 911 malleum
3028 871 3055 907 a
3080 872 3291 909 summo
3312 856 3490 919 induc,
3516 855 3567 909 id
3591 866 3698 917 est,
3729 856 3921 910 verbo-

2330 963 2445 1000 rum
2486 946 2883 1001 damnationem
2915 964 2929 999 :
2964 948 3199 1001 accende
3252 947 3427 1016 ignem
3472 945 3731 1016 Spiritus.
3765 947 3923 1001 Multo

2328 1039 2755 1107 prmstantiorem
2781 1049 2951 1092 artem
2986 1038 3170 1091 babes.
3197 1038 3314 1092 Non
3346 1055 3506 1094 aurea
3540 1055 3671 1093 vasa
3706 1041 3922 1095 concin-

2327 1145 2453 1193 nas;
2486 1129 2577 1184 sed
2606 1145 2735 1183 auro
2765 1130 2912 1183 omni
2951 1129 3323 1196 pretiosiorem
3350 1130 3583 1183 animam
3616 1133 3761 1185 sicut
3792 1148 3922 1185 arra-

2325 1222 2435 1275 rius
2477 1231 2673 1276 tractas
2704 1239 2719 1275 :
2766 1238 2872 1275 non
2913 1238 3005 1277 vas
3035 1238 3352 1291 corporeum
3379 1237 3642 1291 apparas;
3679 1225 3777 1277 sed
3807 1226 3921 1277 ani-

2323 1331 2463 1367 mam
2504 1316 2572 1369 ab
2610 1314 2754 1368 omni
2795 1316 3037 1369 surculari
3078 1314 3353 1382 phantasia
3387 1315 3603 1370 liberas.
3637 1316 3800 1371 Adsit
3832 1318 3919 1369 tibi

2322 1406 2557 1470 lucerna,
2584 1423 2690 1461 non
2715 1407 2827 1460 lure
2849 1408 3066 1472 ardens,
3090 1408 3183 1460 sed
3212 1423 3369 1476 quam
3392 1418 3660 1461 memorat
3689 1410 3921 1477 prophe-

2322 1507 2370 1551 ta
2398 1516 2410 1550 :
2441 1497 2671 1551 Lucerna
2709 1498 2920 1566 pedibus
2966 1499 3088 1550 meis
3130 1498 3212 1551 lex
3250 1508 3336 1550 tua
3363 1501 3379 1568 (
3407 1497 3549 1551 Psal.
3589 1501 3717 1555 118.
3754 1502 3917 1571 105).

2320 1588 2569 1641 Acceude
2609 1587 2940 1640 orationibus
2982 1587 3210 1640 animum
3238 1606 3251 1640 :
3284 1588 3329 1641 si
3367 1588 3499 1641 Salis
3529 1589 3678 1642 illam
3716 1589 3917 1645 habere

2316 1680 2533 1744 videris,
2563 1679 2718 1744 edttc,
2748 1679 2966 1733 eﬂ‘orma
2999 1680 3139 1733 illam
3175 1690 3232 1733 ut
3261 1682 3360 1735 vis.

2390 1770 2567 1825 Oratio
2596 1782 2781 1842 purgat
2808 1772 3088 1842 rubiginem
3113 1774 3721 1841 pecmtoruun—Crede
3743 1774 3882 1831 mihi
3900 1820 3913 1838 .

2314 1878 2420 1917 nou
2448 1864 2524 1917 sic
2551 1864 2687 1931 ignis
2729 1864 3026 1931 rubiginem
3073 1873 3294 1933 purgat,
3345 1874 3402 1918 ut
3432 1874 3692 1920 nocturna
3739 1868 3918 1922 oratio

2314 1957 2613 2023 rubiginem
2657 1964 2997 2023 peccatorum
3045 1965 3372 2010 nostrorum.
3412 1956 3820 2027 Revereamur,
3869 1962 3914 2012 si

2314 2049 2583 2101 neminem
2613 2046 2817 2110 alium,
2860 2048 3051 2099 saltem
3091 2060 3383 2103 nocturnos
3421 2048 3693 2102 custodes.
3726 2049 3813 2103 Illi
3843 2053 3917 2103 ob

2313 2139 2598 2191 humanam
2634 2137 2807 2207 legem
2838 2139 3171 2191 circumeunt
3203 2140 3253 2191 in
3286 2139 3483 2209 frigore
3522 2140 3751 2194 multum
3797 2145 3915 2196 cla-

2310 2241 2537 2295 mautes,
2569 2240 2623 2284 et
2654 2232 2706 2284 in
2735 2232 2864 2285 vicis
2890 2230 3197 2301 gradientes
3218 2272 3234 2297 ,
3284 2246 3427 2300 sa'pe
3467 2233 3669 2286 madidi
3714 2234 3800 2285 Vel
3830 2235 3911 2286 ri-

2313 2333 2499 2390 gentes
2520 2363 2535 2385 ,
2569 2321 2729 2391 idque
2760 2333 2978 2391 prepter
3008 2333 3059 2376 te
3084 2332 3335 2391 tuamque
3362 2322 3621 2385 salutem.
3652 2339 3715 2378 ac
3742 2338 3915 2392 pecu-

2310 2413 2517 2466 niarum
2557 2423 2765 2467 tuarum
2810 2414 3127 2468 custodiant.
3172 2413 3263 2467 Ille
3298 2415 3643 2483 pecuniarum
3687 2424 3912 2470 tuarum

2308 2514 2507 2557 ttintam
2536 2520 2717 2558 curam
2741 2507 2915 2574 gerit;
2948 2515 3003 2559 tu
3024 2520 3156 2560 vero
3183 2520 3279 2558 nec
3302 2507 3530 2559 :mimam
3552 2516 3696 2560 tuam
3718 2522 3908 2561 curas.

2303 2595 2416 2650 Non
2452 2606 2503 2651 te
2531 2611 2694 2665 cogo,
2728 2604 2787 2649 ut
2812 2597 2913 2651 sub
2945 2596 3034 2649 dio
3059 2596 3357 2650 Circumeas
3381 2597 3519 2651 sicut
3560 2598 3651 2651 ille
3671 2640 3685 2660 ,
3722 2615 3911 2667 neque

2304 2699 2361 2742 ut
2389 2689 2555 2742 altum
2585 2690 2786 2742 clames
2811 2699 2866 2742 et
2902 2689 3255 2757 dirumparis;
3283 2688 3378 2743 sed
3411 2690 3462 2742 in
3495 2691 3610 2757 ipso
3640 2693 3910 2757 pennario

2306 2780 2385 2832 vel
2412 2780 2658 2833 cubiculo
2683 2778 2837 2833 ﬂecte
2858 2795 3027 2849 genua
3048 2819 3063 2843 ,
3091 2794 3309 2848 precare
3328 2780 3631 2833 Dominum.
3652 2780 3767 2833 Cur
3792 2786 3910 2851 ipse

2301 2871 2547 2926 Christus
2575 2873 2908 2940 pernoctavit
2936 2872 2985 2923 in
3013 2870 3232 2924 monte?
3254 2885 3428 2924 annon
3452 2879 3509 2923 ut
3532 2872 3688 2924 nobis
3714 2886 3910 2925 exem-

2300 2965 2390 3033 plo
2413 2965 2595 3018 esset?
2622 2964 2767 3016 Tune
2792 2964 3053 3031 respirant
3075 2963 3301 3031 pinnlw,
3328 2964 3377 3015 iu
3403 2974 3559 3015 nocte
3586 2963 3748 3017 dico:
3778 2977 3909 3018 tunc

2298 3056 2473 3108 anima
2512 3055 2632 3124 plus
2672 3071 2829 3123 quam
2866 3055 2968 3107 illa:
2999 3070 3173 3107 rorem
3204 3056 3422 3122 excipit.
3455 3057 3583 3119 Qtne
3613 3056 3665 3107 in
3696 3056 3789 3108 die
3822 3061 3905 3111 sol

2297 3147 2535 3211 adussit,
2568 3162 2629 3201 ea
2661 3156 2823 3201 noctu
2867 3148 3267 3213 refrigerantur.
3300 3147 3462 3216 Magis
3492 3164 3651 3216 quam
3683 3164 3777 3203 ros
3809 3168 3909 3201 no.

2297 3252 2499 3293 cturna:
2524 3240 2773 3310 lacrymze
2794 3250 2976 3292 contra
3000 3239 3462 3307 concupiscentias
3489 3250 3543 3294 et
3565 3250 3751 3293 contra
3779 3260 3906 3294 om-

2299 3345 2421 3385 nem
2470 3331 2716 3383 ardorem
2766 3338 3061 3396 testemque
3124 3329 3510 3393 demittuntur,
3561 3346 3664 3384 nec
3712 3334 3905 3385 sinunt

2296 3434 2459 3491 grave
2488 3420 2762 3489 quidpiam
2796 3420 2924 3488 pati.
2954 3419 3062 3474 Nisi
3086 3430 3262 3473 autem
3287 3435 3408 3474 rore
3435 3420 3523 3473 illo
3548 3422 3759 3473 fruatur
3783 3425 3903 3475 aui-

2296 3527 2414 3575 ma,
2452 3512 2679 3565 interdiu
2712 3512 2987 3566 aduretur.
3024 3510 3218 3564 Verum
3249 3510 3421 3575 absit,
3468 3520 3523 3564 ut
3557 3511 3756 3581 aliquis
3805 3531 3901 3568 ve-

2292 3614 2459 3656 snum
2490 3603 2557 3656 ab
2585 3603 2705 3672 igne
2730 3603 2819 3656 illo
2846 3612 3118 3656 exuratur.
3176 3601 3281 3656 Sed
3314 3603 3511 3655 utinam
3558 3618 3657 3657 nos
3702 3619 3901 3660 omnes

2294 3693 2589 3762 refrigerati
2616 3703 2669 3748 et
2694 3690 2867 3747 divina
2893 3694 3131 3747 fruentes
3150 3692 3457 3759 clementia,
3487 3710 3512 3745 a
3542 3707 3898 3763 peccatorum

2292 3788 2497 3840 sarcina
2529 3786 2820 3840 liberemur
2844 3826 2857 3849 ,
2905 3785 3071 3855 gratia
3105 3794 3159 3838 et
3190 3784 3516 3853 benignitate
3546 3786 3760 3841 Domini
3798 3805 3901 3842 no.

2291 3880 2385 3934 stri
2409 3879 2533 3933 Jesu
2559 3877 2756 3933 Christi
2780 3918 2795 3941 ,
2820 3878 3031 3946 quicum
3055 3875 3197 3929 Patri
3222 3884 3275 3929 et
3302 3876 3520 3945 Spiritui
3542 3888 3735 3932 sancto
3768 3879 3897 3948 glo-

2291 3971 2398 4033 ria,
2426 3971 2706 4038 imperium
2729 4010 2744 4033 ,
2772 3968 2961 4029 honor,
2996 3981 3137 4019 nunc
3166 3975 3221 4020 et
3249 3980 3483 4036 semper,
3516 3976 3572 4021 et
3601 3967 3657 4019 in
3686 3970 3896 4025 saecula

2291 4064 2628 4118 smeulorum.
2666 4065 2857 4117 Amen.

604 4168 3878 4192 MN”—

1946 4235 2283 4301 HOMILIA
2331 4240 2595 4300 XXVII.

601 4388 727 4441 (lar.
760 4386 845 4439 12.
878 4400 931 4436 γ.
966 4383 1049 4437 18.
1087 4380 1243 4435 Facta
1267 4389 1433 4432 autem
1469 4377 1582 4441 die,
1612 4386 1717 4430 erat
1751 4393 1851 4429 non
1884 4395 2039 4447 parra
2066 4389 2176 4431 tur—

675 4479 806 4531 batio
827 4478 957 4529 inter
977 4474 1177 4537 milites,
1195 4472 1436 4541 quidnam
1458 4474 1648 4539 factum
1666 4479 1790 4521 esset
1809 4470 1871 4521 de
1890 4467 2063 4522 Petro.
2096 4471 2177 4525 19.

679 4569 905 4633 Herodes
931 4578 1094 4619 autent
1126 4581 1239 4619 cum
1267 4563 1549 4631 requisisset
1582 4576 1695 4612 eum
1718 4601 1733 4625 ,
1765 4572 1809 4614 et
1836 4578 1935 4613 non
1966 4564 2179 4615 iuvenis-

672 4673 743 4717 εει
765 4705 779 4727 ,
806 4660 1128 4731 inquisitione
1157 4661 1289 4725 facta
1316 4655 1378 4706 dc
1405 4651 1713 4713 custodibus,
1737 4654 1889 4719 jussit
1912 4671 1994 4705 eos
2017 4656 2175 4709 abdu-

672 4756 717 4808 ci
747 4771 767 4806 :
794 4752 1188 4818 descendensque
1214 4747 1275 4799 de
1297 4744 1484 4797 Judrea
1511 4742 1791 4797 Casaream
1812 4785 1823 4805 ,
1852 4744 1920 4795 ibi
1954 4761 2174 4797 commo-

678 4856 815 4897 ratus
838 4855 927 4898 est.

681 4939 733 4991 1.
757 4936 901 4989 Multi
927 4934 1068 4987 dubii
1085 4940 1350 5001 qumrunl,
1370 4944 1466 4982 cur
1488 4928 1628 4982 Deus
1657 4928 1771 4981 illos
1790 4929 1917 4981 olim
1952 4928 2179 4985 infantes

610 5038 830 5098 propter
856 5043 912 5077 se
943 5025 1149 5076 occisos
1179 5021 1467 5089 neglexerit
1494 5022 1541 5085 ⁸,
1573 5029 1625 5071 et
1656 5034 1783 5072 num
1825 5034 2035 5071 rursum
2075 5020 2144 5072 mi

607 5121 729 5173 lites
776 5126 989 5185 pmplct‘
1029 5115 1240 5166 Petrum
1274 5110 1615 5171 interfectos,
1658 5111 1754 5161 etsi
1803 5110 2031 5177 poluerit
2060 5110 2179 5162 illes

601 5226 721 5266 eum
753 5210 907 5262 l’etro
937 5220 1167 5260 servare.
1202 5204 1306 5256 Sed
1338 5201 1379 5253 si
1412 5216 1530 5253 eum
1566 5201 1722 5252 Petro
1753 5201 1945 5253 milites
1966 5202 2176 5255 eduxis-

606 5314 686 5357 set
716 5301 966 5370 angelus,
1010 5298 1059 5351 id
1094 5314 1185 5365 pro
1214 5295 1330 5361 fuga
1366 5294 1601 5346 habitum
1643 5292 1847 5345 fuisset.
1879 5293 1983 5346 Cur
2013 5309 2171 5363 ergo,

607 5396 848 5465 inquies,
885 5409 987 5444 non
1028 5390 1183 5442 aiiler
1229 5385 1527 5454 disposuit?
1573 5400 1691 5437 nam
1740 5385 1895 5452 thule
1925 5384 2173 5437 damnum

611 5501 748 5540 nunc
768 5485 957 5537 factum
977 5483 1089 5537 est!
1128 5484 1178 5533 Si
1204 5479 1601 5533 consideremus
1618 5493 1732 5542 eos,
1768 5477 1853 5545 qui
1892 5476 2081 5543 injuste
2125 5485 2179 5528 et

608 5592 698 5645 per
724 5573 868 5627 nefas
894 5574 1027 5642 passi
1064 5581 1205 5630 sunt,
1241 5568 1367 5621 nihil
1395 5566 1573 5620 damni
1600 5567 1867 5635 accepisse
1890 5606 1904 5628 ,
1937 5580 2038 5617 non
2065 5565 2177 5619 hzcc

603 5680 927 5738 qumrentus.
971 5666 1077 5718 Cur
1130 5665 1267 5718 enim
1317 5678 1420 5714 non
1470 5661 1599 5714 (lit-is
1644 5660 1798 5713 etiam
1846 5660 1911 5712 de
1941 5658 2174 5723 Jacobo,

676 5826 685 5847 '
722 5822 915 5882 Quidam
958 5830 1062 5869 Mss.
1088 5822 1156 5869 sic
1179 5820 1414 5881 incipiunt
1439 5833 1448 5865 :
1483 5825 1593 5865 Sunt
1619 5819 1735 5877 forte
1760 5815 1841 5873 qui
1881 5814 2015 5883 dubii
2042 5825 2175 5875 qum-

615 5891 717 5935 runt
741 5900 823 5935 cur
850 5894 973 5934 Deus
1013 5884 1209 5932 athletas
1225 5888 1415 5941 propter
1440 5894 1487 5930 se
1505 5884 1680 5929 mersos
1706 5883 1983 5939 ll("_(jit.’.1't’l‘li.

2290 4404 2455 4457 quare
2506 4388 2653 4439 illum
2705 4401 2810 4438 non
2860 4381 3093 4451 eripuit?
3140 4380 3391 4449 Alioquin
3440 4394 3569 4432 vero
3613 4396 3725 4435 non
3771 4399 3846 4436 ei.

2289 4479 2465 4531 adhuc
2486 4477 2670 4544 judicii
2705 4486 2934 4544 tempus,
2960 4483 3014 4526 ut
3043 4472 3266 4540 singulis
3294 4486 3391 4540 pro
3421 4472 3612 4524 merito
3634 4472 3887 4528 daretur.

2288 4569 2393 4623 Sed
2425 4583 2597 4637 neque
2635 4568 2825 4621 Petrus
2857 4566 3035 4634 injecit
3071 4565 3187 4618 illos
3230 4565 3280 4616 in
3316 4578 3505 4616 manus
3531 4564 3669 4629 ejus.
3709 4566 3890 4620 llero-

2287 4661 2381 4716 des
2406 4676 2535 4731 ergo
2566 4676 2711 4729 aegre
2763 4659 2996 4721 ferebat,
3041 4656 3177 4727 quod
3229 4656 3450 4709 delusus
3499 4664 3679 4719 esset,
3739 4659 3891 4713 sicut

2285 4771 2416 4809 avus
2444 4770 2572 4808 suus
2600 4753 2816 4807 delusus
2860 4750 3031 4804 fuerat
3056 4767 3083 4800 ιι
3112 4748 3282 4818 magis
3312 4768 3325 4800 :
3357 4748 3479 4802 hinc
3504 4747 3889 4804 dissecabatur

2287 4856 2340 4901 et
2376 4847 2507 4899 risui
2548 4853 2663 4899 erat
2706 4845 3000 4911 expositus.
3036 4843 3077 4895 E
3110 4859 3166 4895 re
3192 4854 3371 4894 autem
3407 4840 3565 4894 fuerit
3593 4842 3889 4911 scriptoris

2284 4940 2469 4992 audire
2496 4937 2653 4991 verba
2680 4955 2692 4991 :
2728 4935 2889 4987 Facta
2915 4945 3082 4986 autem
3113 4934 3211 4993 die,
3248 4932 3435 5000 inquit,
3460 4941 3565 4983 erat
3592 4948 3696 4985 non
3721 4950 3889 4997 parm

2285 5032 2500 5083 turbatio
2531 5032 2657 5083 inter
2696 5030 2880 5081 milites
2902 5068 2914 5090 ,
2957 5023 3197 5087 quidnam
3229 5029 3414 5091 factum
3440 5034 3568 5076 esset
3597 5026 3662 5077 de
3693 5024 3883 5079 Petro.

2287 5123 2409 5176 Hert
2454 5125 2513 5176 'rs
2542 5134 2709 5176 autem
2735 5138 2849 5173 cum
2870 5118 3155 5188 requisisset
3180 5133 3293 5169 eum
3312 5157 3327 5180 ,
3363 5126 3408 5168 et
3445 5132 3543 5167 non
3574 5116 3885 5179 invenisset,

2285 5218 2417 5285 inqut
2470 5218 2600 5268 tione
2648 5216 2784 5282 facta
2834 5213 2896 5263 de
2947 5208 3252 5270 custodibus,
3306 5208 3463 5279 jussit
3510 5223 3598 5260 eos
3651 5208 3888 5269 abduci;

2284 5308 2489 5361 etiamsi
2522 5304 2919 5375 inquisitionem
2968 5302 3163 5354 faciens
3203 5300 3442 5353 audisset
3480 5300 3549 5350 ab
3577 5301 3658 5352 eis
3683 5340 3697 5361 ,
3732 5300 3887 5368 quod

2285 5402 2479 5455 relicta:
2511 5401 2733 5453 fuis<eut
2779 5406 3014 5459 calente,
3054 5393 3192 5463 quod
3219 5394 3428 5446 calceos
3458 5394 3795 5459 accepisset,
3822 5406 3889 5447 et

2284 5492 2421 5561 quod
2450 5506 2616 5555 usque
2644 5488 2708 5541 ad
2745 5487 2887 5540 illam
2916 5496 3124 5539 noctem
3158 5499 3340 5538 secum
3372 5482 3578 5535 fuisset.
3608 5484 3717 5537 Sed
3747 5485 3887 5552 quid

2286 5583 2653 5638 occultat-unt?
2693 5595 2789 5633 cur
2835 5594 2937 5631 non
2986 5594 3114 5646 ergo
3158 5585 3213 5628 et
3253 5574 3354 5643 ipsi
3388 5575 3680 5643 fugerunt?
3722 5578 3887 5644 Atqui

2285 5678 2515 5744 oportuit
2562 5675 2730 5741 ipsum
2777 5670 2876 5724 hoc
2913 5669 3093 5723 mirari
3124 5675 3175 5719 et
3201 5667 3605 5735 obstupescere.
3645 5668 3885 5723 Detnum

2285 5786 2348 5823 ex
2382 5770 2549 5822 illoru
2622 5780 2747 5818 ueee
2772 5762 3108 5816 manifestum
3134 5771 3214 5813 est
3236 5760 3483 5813 omnibus
3505 5770 3559 5813 et
3588 5760 3680 5813 Dei
3713 5761 3891 5815 mira-

2286 5864 2457 5915 culum
2486 5871 2533 5913 et
2572 5859 2707 5910 illius
2740 5856 2932 5910 scelus.
2966 5852 3071 5909 Sed
3096 5852 3233 5919 vide,
3263 5851 3533 5922 quomodo
3558 5853 3642 5907 hic
3672 5870 3734 5907 ea
3768 5870 3889 5911 non
