  <div class='ocr_page' id='page_1' title='image "/cluster/home/n/w/nwhite01/storage/ocr_20150623/60/ien.35556001660885/212.png"; bbox 0 0 4034 6440; ppageno 0'>
   <div class='ocr_carea' id='block_1_1' title="bbox 151 461 253 515">
    <p class='ocr_par' dir='ltr' id='par_1_1' title="bbox 151 461 253 515">
     <span class='ocr_line' id='line_1_1' title="bbox 151 461 253 515; baseline 0.029 -3"><span class='ocrx_word' id='word_1_1' title='bbox 151 461 253 515; x_wconf 69' lang='lat' dir='ltr'><strong><em>eos</em></strong></span> 
     </span>
    </p>
   </div>
   <div class='ocr_carea' id='block_1_2' title="bbox 149 571 1740 643">
    <p class='ocr_par' dir='ltr' id='par_1_2' title="bbox 149 571 1740 643">
     <span class='ocr_line' id='line_1_2' title="bbox 149 571 1740 643; baseline -0.006 -9"><span class='ocrx_word' id='word_1_2' title='bbox 149 578 410 643; x_wconf 77' lang='lat' dir='ltr'><strong><em>nccultet,</em></strong></span> <span class='ocrx_word' id='word_1_3' title='bbox 446 577 538 632; x_wconf 88' lang='lat' dir='ltr'><strong><em>sed</em></strong></span> <span class='ocrx_word' id='word_1_4' title='bbox 581 587 637 633; x_wconf 89' lang='lat' dir='ltr'><strong><em>et</em></strong></span> <span class='ocrx_word' id='word_1_5' title='bbox 667 577 903 630; x_wconf 59' lang='lat' dir='ltr'><strong><em>historia!</em></strong></span> <span class='ocrx_word' id='word_1_6' title='bbox 934 573 1274 637; x_wconf 86' lang='lat' dir='ltr'><strong><em>meminerit,</em></strong></span> <span class='ocrx_word' id='word_1_7' title='bbox 1318 581 1375 625; x_wconf 91' lang='lat' dir='ltr'><strong><em>ut</em></strong></span> <span class='ocrx_word' id='word_1_8' title='bbox 1404 571 1593 626; x_wconf 80' lang='lat' dir='ltr'><strong><em>doceat</em></strong></span> <span class='ocrx_word' id='word_1_9' title='bbox 1620 585 1740 624; x_wconf 88' lang='lat' dir='ltr'><strong><em>nos.</em></strong></span> 
     </span>
    </p>
   </div>
   <div class='ocr_carea' id='block_1_3' title="bbox 150 662 1744 737">
    <p class='ocr_par' dir='ltr' id='par_1_3' title="bbox 150 662 1744 737">
     <span class='ocr_line' id='line_1_3' title="bbox 150 662 1744 737; baseline -0.006 -14"><span class='ocrx_word' id='word_1_10' title='bbox 150 670 351 726; x_wconf 82' lang='lat' dir='ltr'><strong><em>Deinde</em></strong></span> <span class='ocrx_word' id='word_1_11' title='bbox 367 670 472 723; x_wconf 90' lang='lat' dir='ltr'><strong><em>ait:</em></strong></span> <span class='ocrx_word' id='word_1_12' title='bbox 499 668 909 737; x_wconf 81' lang='lat' dir='ltr'><strong><em>Descendensque</em></strong></span> <span class='ocrx_word' id='word_1_13' title='bbox 928 683 958 717; x_wconf 92' lang='lat' dir='ltr'><strong><em>a</em></strong></span> <span class='ocrx_word' id='word_1_14' title='bbox 977 663 1163 719; x_wconf 75' lang='lat' dir='ltr'><strong><em>Judtea</em></strong></span> <span class='ocrx_word' id='word_1_15' title='bbox 1186 663 1490 728; x_wconf 64' lang='lat' dir='ltr'><strong><em>(Ia-tuream,</em></strong></span> <span class='ocrx_word' id='word_1_16' title='bbox 1515 662 1585 715; x_wconf 92' lang='lat' dir='ltr'><strong><em>ibi</em></strong></span> <span class='ocrx_word' id='word_1_17' title='bbox 1613 677 1744 714; x_wconf 64' lang='lat' dir='ltr'><strong><em>como</em></strong></span> 
     </span>
    </p>
   </div>
   <div class='ocr_carea' id='block_1_4' title="bbox 146 755 1742 827">
    <p class='ocr_par' dir='ltr' id='par_1_4' title="bbox 146 755 1742 827">
     <span class='ocr_line' id='line_1_4' title="bbox 146 755 1742 827; baseline -0.003 -15"><span class='ocrx_word' id='word_1_18' title='bbox 146 775 371 816; x_wconf 85' lang='lat' dir='ltr'><strong><em>moratus</em></strong></span> <span class='ocrx_word' id='word_1_19' title='bbox 391 772 482 816; x_wconf 87' lang='lat' dir='ltr'><strong><em>est.</em></strong></span> <span class='ocrx_word' id='word_1_20' title='bbox 506 763 595 816; x_wconf 71' lang='lat'><strong><em>20.</em></strong></span> <span class='ocrx_word' id='word_1_21' title='bbox 614 760 740 814; x_wconf 82' lang='lat' dir='ltr'><strong><em>Erat</em></strong></span> <span class='ocrx_word' id='word_1_22' title='bbox 756 771 923 814; x_wconf 89' lang='lat' dir='ltr'><strong><em>autem</em></strong></span> <span class='ocrx_word' id='word_1_23' title='bbox 949 758 1186 814; x_wconf 79' lang='lat' dir='ltr'><strong><em>Herodes</em></strong></span> <span class='ocrx_word' id='word_1_24' title='bbox 1209 759 1367 810; x_wconf 86' lang='lat' dir='ltr'><strong><em>iratus</em></strong></span> <span class='ocrx_word' id='word_1_25' title='bbox 1387 756 1557 827; x_wconf 80' lang='lat' dir='ltr'><strong><em>Tyriis</em></strong></span> <span class='ocrx_word' id='word_1_26' title='bbox 1578 765 1626 809; x_wconf 89' lang='lat' dir='ltr'><strong><em>et</em></strong></span> <span class='ocrx_word' id='word_1_27' title='bbox 1656 755 1742 809; x_wconf 83' lang='lat' dir='ltr'><strong><em>Si-</em></strong></span> 
     </span>
    </p>
   </div>
   <div class='ocr_carea' id='block_1_5' title="bbox 143 847 1742 921">
    <p class='ocr_par' dir='ltr' id='par_1_5' title="bbox 143 847 1742 921">
     <span class='ocr_line' id='line_1_5' title="bbox 143 847 1742 921; baseline -0.004 -13"><span class='ocrx_word' id='word_1_28' title='bbox 143 857 330 910; x_wconf 88' lang='lat' dir='ltr'><strong><em>doniis.</em></strong></span> <span class='ocrx_word' id='word_1_29' title='bbox 349 859 413 910; x_wconf 79' lang='lat' dir='ltr'><strong><em>At</em></strong></span> <span class='ocrx_word' id='word_1_30' title='bbox 433 857 509 910; x_wconf 90' lang='lat' dir='ltr'><strong><em>illi</em></strong></span> <span class='ocrx_word' id='word_1_31' title='bbox 524 856 782 909; x_wconf 74' lang='lat' dir='ltr'><strong><em>unanimes</em></strong></span> <span class='ocrx_word' id='word_1_32' title='bbox 803 863 1041 908; x_wconf 87' lang='lat' dir='ltr'><strong><em>venerunt</em></strong></span> <span class='ocrx_word' id='word_1_33' title='bbox 1061 852 1130 905; x_wconf 88' lang='lat' dir='ltr'><strong><em>ad</em></strong></span> <span class='ocrx_word' id='word_1_34' title='bbox 1140 869 1274 915; x_wconf 85' lang='lat' dir='ltr'><strong><em>cum,</em></strong></span> <span class='ocrx_word' id='word_1_35' title='bbox 1294 862 1339 904; x_wconf 91' lang='lat' dir='ltr'><strong><em>et</em></strong></span> <span class='ocrx_word' id='word_1_36' title='bbox 1360 867 1600 921; x_wconf 81' lang='lat' dir='ltr'><strong><em>persuaso</em></strong></span> <span class='ocrx_word' id='word_1_37' title='bbox 1620 847 1742 902; x_wconf 81' lang='lat' dir='ltr'><strong><em>Bla-</em></strong></span> 
     </span>
    </p>
   </div>
   <div class='ocr_carea' id='block_1_6' title="bbox 142 945 1740 1019">
    <p class='ocr_par' dir='ltr' id='par_1_6' title="bbox 142 945 1740 1019">
     <span class='ocr_line' id='line_1_6' title="bbox 142 945 1740 1019; baseline -0.005 -16"><span class='ocrx_word' id='word_1_38' title='bbox 142 961 238 1013; x_wconf 84' lang='lat' dir='ltr'><strong><em>sto,</em></strong></span> <span class='ocrx_word' id='word_1_39' title='bbox 258 951 347 1019; x_wconf 86' lang='lat' dir='ltr'><strong><em>qui</em></strong></span> <span class='ocrx_word' id='word_1_40' title='bbox 364 960 474 1004; x_wconf 85' lang='lat' dir='ltr'><strong><em>erat</em></strong></span> <span class='ocrx_word' id='word_1_41' title='bbox 489 966 640 1017; x_wconf 88' lang='lat' dir='ltr'><strong><em>super</em></strong></span> <span class='ocrx_word' id='word_1_42' title='bbox 652 948 940 1002; x_wconf 74' lang='lat' dir='ltr'><strong><em>cubiculum</em></strong></span> <span class='ocrx_word' id='word_1_43' title='bbox 956 947 1107 1016; x_wconf 86' lang='lat' dir='ltr'><strong><em>regis,</em></strong></span> <span class='ocrx_word' id='word_1_44' title='bbox 1125 945 1449 1012; x_wconf 73' lang='lat' dir='ltr'><strong><em>postulabant</em></strong></span> <span class='ocrx_word' id='word_1_45' title='bbox 1465 959 1660 1010; x_wconf 87' lang='lat' dir='ltr'><strong><em>pacem,</em></strong></span> <span class='ocrx_word' id='word_1_46' title='bbox 1681 959 1740 995; x_wconf 86' lang='lat' dir='ltr'><strong><em>eo</em></strong></span> 
     </span>
    </p>
   </div>
   <div class='ocr_carea' id='block_1_7' title="bbox 141 1035 1734 1110">
    <p class='ocr_par' dir='ltr' id='par_1_7' title="bbox 141 1035 1734 1110">
     <span class='ocr_line' id='line_1_7' title="bbox 141 1035 1734 1110; baseline -0.003 -20"><span class='ocrx_word' id='word_1_47' title='bbox 141 1042 278 1105; x_wconf 80' lang='lat' dir='ltr'><strong><em>quod</em></strong></span> <span class='ocrx_word' id='word_1_48' title='bbox 303 1045 524 1094; x_wconf 77' lang='lat' dir='ltr'><strong><em>aleretur</em></strong></span> <span class='ocrx_word' id='word_1_49' title='bbox 548 1041 682 1110; x_wconf 82' lang='lat' dir='ltr'><strong><em>regio</em></strong></span> <span class='ocrx_word' id='word_1_50' title='bbox 698 1056 868 1092; x_wconf 88' lang='lat' dir='ltr'><strong><em>eorum</em></strong></span> <span class='ocrx_word' id='word_1_51' title='bbox 884 1038 945 1091; x_wconf 89' lang='lat' dir='ltr'><strong><em>ab</em></strong></span> <span class='ocrx_word' id='word_1_52' title='bbox 964 1039 1072 1091; x_wconf 91' lang='lat' dir='ltr'><strong><em>illo.</em></strong></span> <span class='ocrx_word' id='word_1_53' title='bbox 1105 1037 1195 1091; x_wconf 71' lang='grc'><strong><em>21.</em></strong></span> <span class='ocrx_word' id='word_1_54' title='bbox 1220 1035 1426 1090; x_wconf 86' lang='lat' dir='ltr'><strong><em>Statuto</em></strong></span> <span class='ocrx_word' id='word_1_55' title='bbox 1443 1047 1610 1088; x_wconf 91' lang='lat' dir='ltr'><strong><em>autem</em></strong></span> <span class='ocrx_word' id='word_1_56' title='bbox 1633 1035 1734 1097; x_wconf 85' lang='lat' dir='ltr'><strong><em>die,</em></strong></span> 
     </span>
    </p>
   </div>
   <div class='ocr_carea' id='block_1_8' title="bbox 146 1127 1740 1200">
    <p class='ocr_par' dir='ltr' id='par_1_8' title="bbox 146 1127 1740 1200">
     <span class='ocr_line' id='line_1_8' title="bbox 146 1127 1740 1200; baseline -0.004 -16"><span class='ocrx_word' id='word_1_57' title='bbox 146 1130 376 1186; x_wconf 81' lang='lat' dir='ltr'><strong><em>Herodes</em></strong></span> <span class='ocrx_word' id='word_1_58' title='bbox 407 1132 608 1185; x_wconf 86' lang='lat' dir='ltr'><strong><em>vestitus</em></strong></span> <span class='ocrx_word' id='word_1_59' title='bbox 634 1140 763 1184; x_wconf 79' lang='lat' dir='ltr'><strong><em>reste</em></strong></span> <span class='ocrx_word' id='word_1_60' title='bbox 786 1131 945 1200; x_wconf 80' lang='lat' dir='ltr'><strong><em>regia,</em></strong></span> <span class='ocrx_word' id='word_1_61' title='bbox 977 1129 1105 1182; x_wconf 86' lang='lat' dir='ltr'><strong><em>sedit</em></strong></span> <span class='ocrx_word' id='word_1_62' title='bbox 1127 1145 1219 1197; x_wconf 92' lang='lat' dir='ltr'><strong><em>pro</em></strong></span> <span class='ocrx_word' id='word_1_63' title='bbox 1241 1127 1516 1191; x_wconf 89' lang='lat' dir='ltr'><strong><em>tribunali,</em></strong></span> <span class='ocrx_word' id='word_1_64' title='bbox 1546 1137 1592 1180; x_wconf 90' lang='lat' dir='ltr'><strong><em>et</em></strong></span> <span class='ocrx_word' id='word_1_65' title='bbox 1616 1142 1740 1179; x_wconf 88' lang='lat' dir='ltr'><strong><em>con-</em></strong></span> 
     </span>
    </p>
   </div>
   <div class='ocr_carea' id='block_1_9' title="bbox 138 1218 1734 1292">
    <p class='ocr_par' dir='ltr' id='par_1_9' title="bbox 138 1218 1734 1292">
     <span class='ocr_line' id='line_1_9' title="bbox 138 1218 1734 1292; baseline -0.003 -16"><span class='ocrx_word' id='word_1_66' title='bbox 138 1226 437 1277; x_wconf 86' lang='lat' dir='ltr'><strong><em>cionabalur</em></strong></span> <span class='ocrx_word' id='word_1_67' title='bbox 461 1226 527 1276; x_wconf 89' lang='lat' dir='ltr'><strong><em>ad</em></strong></span> <span class='ocrx_word' id='word_1_68' title='bbox 552 1241 654 1278; x_wconf 87' lang='lat' dir='ltr'><strong><em>eos.</em></strong></span> <span class='ocrx_word' id='word_1_69' title='bbox 683 1223 774 1278; x_wconf 74' lang='lat'><strong><em>22.</em></strong></span> <span class='ocrx_word' id='word_1_70' title='bbox 803 1221 1038 1292; x_wconf 84' lang='lat' dir='ltr'><strong><em>Papulas</em></strong></span> <span class='ocrx_word' id='word_1_71' title='bbox 1070 1231 1238 1275; x_wconf 87' lang='lat' dir='ltr'><strong><em>autem</em></strong></span> <span class='ocrx_word' id='word_1_72' title='bbox 1263 1219 1602 1284; x_wconf 79' lang='lat' dir='ltr'><strong><em>acclttmabat,</em></strong></span> <span class='ocrx_word' id='word_1_73' title='bbox 1636 1218 1734 1272; x_wconf 85' lang='lat' dir='ltr'><strong><em>Dei</em></strong></span> 
     </span>
    </p>
   </div>
   <div class='ocr_carea' id='block_1_10' title="bbox 135 1312 1735 1384">
    <p class='ocr_par' dir='ltr' id='par_1_10' title="bbox 135 1312 1735 1384">
     <span class='ocr_line' id='line_1_10' title="bbox 135 1312 1735 1384; baseline -0.003 -17"><span class='ocrx_word' id='word_1_74' title='bbox 135 1331 234 1368; x_wconf 76' lang='lat' dir='ltr'><strong><em>eoa:</em></strong></span> <span class='ocrx_word' id='word_1_75' title='bbox 252 1357 268 1380; x_wconf 95' lang='lat'><strong><em>,</em></strong></span> <span class='ocrx_word' id='word_1_76' title='bbox 310 1331 412 1368; x_wconf 88' lang='lat' dir='ltr'><strong><em>non</em></strong></span> <span class='ocrx_word' id='word_1_77' title='bbox 445 1316 685 1369; x_wconf 92' lang='lat' dir='ltr'><strong><em>hominis.</em></strong></span> <span class='ocrx_word' id='word_1_78' title='bbox 712 1315 802 1368; x_wconf 74' lang='lat'><strong><em>25.</em></strong></span> <span class='ocrx_word' id='word_1_79' title='bbox 837 1314 1116 1384; x_wconf 78' lang='lat' dir='ltr'><strong><em>Confestim</em></strong></span> <span class='ocrx_word' id='word_1_80' title='bbox 1145 1321 1315 1366; x_wconf 89' lang='lat' dir='ltr'><strong><em>autem</em></strong></span> <span class='ocrx_word' id='word_1_81' title='bbox 1345 1312 1591 1380; x_wconf 84' lang='lat' dir='ltr'><strong><em>percussit</em></strong></span> <span class='ocrx_word' id='word_1_82' title='bbox 1620 1327 1735 1363; x_wconf 89' lang='lat' dir='ltr'><strong><em>eum</em></strong></span> 
     </span>
    </p>
   </div>
   <div class='ocr_carea' id='block_1_11' title="bbox 134 1403 1734 1477">
    <p class='ocr_par' dir='ltr' id='par_1_11' title="bbox 134 1403 1734 1477">
     <span class='ocr_line' id='line_1_11' title="bbox 134 1403 1734 1477; baseline -0.003 -18"><span class='ocrx_word' id='word_1_83' title='bbox 134 1409 349 1477; x_wconf 72' lang='lat' dir='ltr'><strong><em>angelus</em></strong></span> <span class='ocrx_word' id='word_1_84' title='bbox 375 1405 620 1471; x_wconf 88' lang='lat' dir='ltr'><strong><em>Domini,</em></strong></span> <span class='ocrx_word' id='word_1_85' title='bbox 653 1423 710 1460; x_wconf 88' lang='lat' dir='ltr'><strong><em>eo</em></strong></span> <span class='ocrx_word' id='word_1_86' title='bbox 729 1409 868 1477; x_wconf 80' lang='lat' dir='ltr'><strong><em>quod</em></strong></span> <span class='ocrx_word' id='word_1_87' title='bbox 894 1423 993 1460; x_wconf 89' lang='lat' dir='ltr'><strong><em>non</em></strong></span> <span class='ocrx_word' id='word_1_88' title='bbox 1018 1405 1237 1459; x_wconf 85' lang='lat' dir='ltr'><strong><em>dedisset</em></strong></span> <span class='ocrx_word' id='word_1_89' title='bbox 1265 1405 1484 1474; x_wconf 82' lang='lat' dir='ltr'><strong><em>gloriam</em></strong></span> <span class='ocrx_word' id='word_1_90' title='bbox 1516 1403 1622 1456; x_wconf 85' lang='lat' dir='ltr'><strong><em>Deo</em></strong></span> <span class='ocrx_word' id='word_1_91' title='bbox 1649 1421 1667 1457; x_wconf 92' lang='lat'><strong><em>:</em></strong></span> <span class='ocrx_word' id='word_1_92' title='bbox 1688 1414 1734 1456; x_wconf 86' lang='lat' dir='ltr'><strong><em>et</em></strong></span> 
     </span>
    </p>
   </div>
   <div class='ocr_carea' id='block_1_12' title="bbox 133 1495 1735 1569">
    <p class='ocr_par' dir='ltr' id='par_1_12' title="bbox 133 1495 1735 1569">
     <span class='ocr_line' id='line_1_12' title="bbox 133 1495 1735 1569; baseline -0.002 -18"><span class='ocrx_word' id='word_1_93' title='bbox 133 1510 464 1569; x_wconf 83' lang='lat' dir='ltr'><strong><em>consumptus</em></strong></span> <span class='ocrx_word' id='word_1_94' title='bbox 486 1516 517 1551; x_wconf 91' lang='lat' dir='ltr'><strong><em>a</em></strong></span> <span class='ocrx_word' id='word_1_95' title='bbox 533 1498 777 1552; x_wconf 73' lang='lat' dir='ltr'><strong><em>vermibus</em></strong></span> <span class='ocrx_word' id='word_1_96' title='bbox 793 1498 1085 1566; x_wconf 73' lang='lat' dir='ltr'><strong><em>exspiravit.</em></strong></span> <span class='ocrx_word' id='word_1_97' title='bbox 1103 1498 1194 1552; x_wconf 70' lang='grc'><strong><em>24.</em></strong></span> <span class='ocrx_word' id='word_1_98' title='bbox 1222 1496 1436 1552; x_wconf 79' lang='lat' dir='ltr'><strong><em>Verbum</em></strong></span> <span class='ocrx_word' id='word_1_99' title='bbox 1454 1507 1618 1549; x_wconf 84' lang='lat' dir='ltr'><strong><em>autent</em></strong></span> <span class='ocrx_word' id='word_1_100' title='bbox 1638 1495 1735 1549; x_wconf 86' lang='lat' dir='ltr'><strong><em>Dei</em></strong></span> 
     </span>
    </p>
   </div>
   <div class='ocr_carea' id='block_1_13' title="bbox 132 1588 1726 1659">
    <p class='ocr_par' dir='ltr' id='par_1_13' title="bbox 132 1588 1726 1659">
     <span class='ocr_line' id='line_1_13' title="bbox 132 1588 1726 1659; baseline 0.001 -18"><span class='ocrx_word' id='word_1_101' title='bbox 132 1591 386 1643; x_wconf 70' lang='lat' dir='ltr'><strong><em>crescebat</em></strong></span> <span class='ocrx_word' id='word_1_102' title='bbox 415 1600 465 1642; x_wconf 91' lang='lat' dir='ltr'><strong><em>et</em></strong></span> <span class='ocrx_word' id='word_1_103' title='bbox 513 1589 962 1659; x_wconf 85' lang='lat' dir='ltr'><strong><em>multiplicabatur.</em></strong></span> <span class='ocrx_word' id='word_1_104' title='bbox 1011 1588 1125 1643; x_wconf 82' lang='lat' dir='ltr'><strong><em>Non</em></strong></span> <span class='ocrx_word' id='word_1_105' title='bbox 1157 1604 1316 1659; x_wconf 88' lang='lat' dir='ltr'><strong><em>parva</em></strong></span> <span class='ocrx_word' id='word_1_106' title='bbox 1369 1604 1454 1643; x_wconf 87' lang='lat' dir='ltr'><strong><em>res</em></strong></span> <span class='ocrx_word' id='word_1_107' title='bbox 1485 1589 1602 1643; x_wconf 71' lang='lat' dir='ltr'><strong><em>haec</em></strong></span> <span class='ocrx_word' id='word_1_108' title='bbox 1625 1601 1726 1644; x_wconf 85' lang='lat' dir='ltr'><strong><em>est.</em></strong></span> 
     </span>
    </p>
   </div>
   <div class='ocr_carea' id='block_1_14' title="bbox 131 1681 1730 1752">
    <p class='ocr_par' dir='ltr' id='par_1_14' title="bbox 131 1681 1730 1752">
     <span class='ocr_line' id='line_1_14' title="bbox 131 1681 1730 1752; baseline -0.001 -15"><span class='ocrx_word' id='word_1_109' title='bbox 131 1681 326 1737; x_wconf 84' lang='lat' dir='ltr'><strong><em>Statim</em></strong></span> <span class='ocrx_word' id='word_1_110' title='bbox 359 1684 510 1737; x_wconf 90' lang='lat' dir='ltr'><strong><em>illum</em></strong></span> <span class='ocrx_word' id='word_1_111' title='bbox 544 1683 674 1738; x_wconf 85' lang='lat' dir='ltr'><strong><em>ultio</em></strong></span> <span class='ocrx_word' id='word_1_112' title='bbox 720 1683 914 1738; x_wconf 79' lang='lat' dir='ltr'><strong><em>invasit</em></strong></span> <span class='ocrx_word' id='word_1_113' title='bbox 943 1702 956 1736; x_wconf 88' lang='lat'><strong>:</strong></span> <span class='ocrx_word' id='word_1_114' title='bbox 987 1684 1087 1737; x_wconf 90' lang='lat' dir='ltr'><strong><em>etsi</em></strong></span> <span class='ocrx_word' id='word_1_115' title='bbox 1133 1699 1238 1737; x_wconf 90' lang='lat' dir='ltr'><strong><em>non</em></strong></span> <span class='ocrx_word' id='word_1_116' title='bbox 1271 1692 1488 1752; x_wconf 78' lang='lat' dir='ltr'><strong><em>propter</em></strong></span> <span class='ocrx_word' id='word_1_117' title='bbox 1515 1681 1730 1736; x_wconf 89' lang='lat' dir='ltr'><strong><em>Petrum</em></strong></span> 
     </span>
    </p>
   </div>
   <div class='ocr_carea' id='block_1_15' title="bbox 132 1774 1727 1846">
    <p class='ocr_par' dir='ltr' id='par_1_15' title="bbox 132 1774 1727 1846">
     <span class='ocr_line' id='line_1_15' title="bbox 132 1774 1727 1846; baseline 0.002 -20"><span class='ocrx_word' id='word_1_118' title='bbox 132 1774 457 1837; x_wconf 62' lang='lat' dir='ltr'><strong><em>invasisset,</em></strong></span> <span class='ocrx_word' id='word_1_119' title='bbox 505 1785 561 1828; x_wconf 89' lang='lat' dir='ltr'><strong><em>at</em></strong></span> <span class='ocrx_word' id='word_1_120' title='bbox 600 1785 817 1846; x_wconf 89' lang='lat' dir='ltr'><strong><em>propter</em></strong></span> <span class='ocrx_word' id='word_1_121' title='bbox 841 1784 1180 1845; x_wconf 80' lang='lat' dir='ltr'><strong><em>arrogantem</em></strong></span> <span class='ocrx_word' id='word_1_122' title='bbox 1223 1775 1364 1830; x_wconf 91' lang='lat' dir='ltr'><strong><em>illius</em></strong></span> <span class='ocrx_word' id='word_1_123' title='bbox 1390 1776 1727 1830; x_wconf 85' lang='lat' dir='ltr'><strong><em>concionem.</em></strong></span> 
     </span>
    </p>
   </div>
   <div class='ocr_carea' id='block_1_16' title="bbox 127 1848 1728 1938">
    <p class='ocr_par' dir='ltr' id='par_1_16' title="bbox 127 1848 1728 1938">
     <span class='ocr_line' id='line_1_16' title="bbox 127 1848 1728 1938; baseline 0 -18"><span class='ocrx_word' id='word_1_124' title='bbox 127 1868 294 1935; x_wconf 80' lang='lat' dir='ltr'><strong><em>Atqui</em></strong></span> <span class='ocrx_word' id='word_1_125' title='bbox 323 1867 424 1922; x_wconf 88' lang='lat' dir='ltr'><strong><em>etsi</em></strong></span> <span class='ocrx_word' id='word_1_126' title='bbox 454 1867 527 1921; x_wconf 87' lang='lat' dir='ltr'><strong><em>illi</em></strong></span> <span class='ocrx_word' id='word_1_127' title='bbox 557 1848 925 1923; x_wconf 81' lang='lat' dir='ltr'><strong><em>acclamarunt</em></strong></span> <span class='ocrx_word' id='word_1_128' title='bbox 945 1909 959 1930; x_wconf 90' lang='lat'><strong><em>,</em></strong></span> <span class='ocrx_word' id='word_1_129' title='bbox 995 1868 1236 1938; x_wconf 86' lang='lat' dir='ltr'><strong><em>inquies,</em></strong></span> <span class='ocrx_word' id='word_1_130' title='bbox 1277 1865 1406 1937; x_wconf 90' lang='lat' dir='ltr'><strong><em>quid</em></strong></span> <span class='ocrx_word' id='word_1_131' title='bbox 1434 1864 1538 1920; x_wconf 90' lang='lat' dir='ltr'><strong><em>hoc</em></strong></span> <span class='ocrx_word' id='word_1_132' title='bbox 1566 1865 1632 1919; x_wconf 87' lang='lat' dir='ltr'><strong><em>ad</em></strong></span> <span class='ocrx_word' id='word_1_133' title='bbox 1661 1865 1728 1920; x_wconf 86' lang='lat' dir='ltr'><strong><em>il-</em></strong></span> 
     </span>
    </p>
   </div>
   <div class='ocr_carea' id='block_1_17' title="bbox 128 1955 1728 2030">
    <p class='ocr_par' dir='ltr' id='par_1_17' title="bbox 128 1955 1728 2030">
     <span class='ocr_line' id='line_1_17' title="bbox 128 1955 1728 2030; baseline 0 -20"><span class='ocrx_word' id='word_1_134' title='bbox 128 1955 279 2010; x_wconf 84' lang='lat' dir='ltr'><strong><em>lum?</em></strong></span> <span class='ocrx_word' id='word_1_135' title='bbox 300 1958 562 2023; x_wconf 83' lang='lat' dir='ltr'><strong><em>Quoniam</em></strong></span> <span class='ocrx_word' id='word_1_136' title='bbox 584 1959 697 2028; x_wconf 85' lang='lat' dir='ltr'><strong><em>ipse</em></strong></span> <span class='ocrx_word' id='word_1_137' title='bbox 713 1973 898 2014; x_wconf 86' lang='lat' dir='ltr'><strong><em>vocem</em></strong></span> <span class='ocrx_word' id='word_1_138' title='bbox 919 1960 1148 2027; x_wconf 78' lang='lat' dir='ltr'><strong><em>excepit.</em></strong></span> <span class='ocrx_word' id='word_1_139' title='bbox 1162 1958 1415 2030; x_wconf 87' lang='lat' dir='ltr'><strong><em>quoniam</em></strong></span> <span class='ocrx_word' id='word_1_140' title='bbox 1433 1973 1493 2014; x_wconf 90' lang='lat' dir='ltr'><strong><em>se</em></strong></span> <span class='ocrx_word' id='word_1_141' title='bbox 1508 1958 1728 2026; x_wconf 86' lang='lat' dir='ltr'><strong><em>dignum</em></strong></span> 
     </span>
    </p>
   </div>
   <div class='ocr_carea' id='block_1_18' title="bbox 125 2037 1728 2117">
    <p class='ocr_par' dir='ltr' id='par_1_18' title="bbox 125 2037 1728 2117">
     <span class='ocr_line' id='line_1_18' title="bbox 125 2037 1728 2117; baseline 0.002 -16"><span class='ocrx_word' id='word_1_142' title='bbox 125 2049 344 2117; x_wconf 78' lang='lat' dir='ltr'><strong><em>putavit</em></strong></span> <span class='ocrx_word' id='word_1_143' title='bbox 390 2037 480 2102; x_wconf 84' lang='lat' dir='ltr'><strong><em>tali</em></strong></span> <span class='ocrx_word' id='word_1_144' title='bbox 528 2050 860 2105; x_wconf 82' lang='lat' dir='ltr'><strong><em>adulatione.</em></strong></span> <span class='ocrx_word' id='word_1_145' title='bbox 901 2050 1006 2106; x_wconf 89' lang='lat' dir='ltr'><strong><em>Per</em></strong></span> <span class='ocrx_word' id='word_1_146' title='bbox 1033 2050 1174 2106; x_wconf 89' lang='lat' dir='ltr'><strong><em>hanc</em></strong></span> <span class='ocrx_word' id='word_1_147' title='bbox 1204 2052 1436 2106; x_wconf 77' lang='lat' dir='ltr'><strong><em>maxime</em></strong></span> <span class='ocrx_word' id='word_1_148' title='bbox 1467 2051 1728 2105; x_wconf 90' lang='lat' dir='ltr'><strong><em>erudiun-</em></strong></span> 
     </span>
    </p>
   </div>
   <div class='ocr_carea' id='block_1_19' title="bbox 127 2141 1731 2213">
    <p class='ocr_par' dir='ltr' id='par_1_19' title="bbox 127 2141 1731 2213">
     <span class='ocr_line' id='line_1_19' title="bbox 127 2141 1731 2213; baseline 0.004 -22"><span class='ocrx_word' id='word_1_149' title='bbox 127 2151 239 2202; x_wconf 89' lang='lat' dir='ltr'><strong><em>tur,</em></strong></span> <span class='ocrx_word' id='word_1_150' title='bbox 271 2141 362 2207; x_wconf 92' lang='lat' dir='ltr'><strong><em>qui</em></strong></span> <span class='ocrx_word' id='word_1_151' title='bbox 400 2150 604 2196; x_wconf 86' lang='lat' dir='ltr'><strong><em>temere</em></strong></span> <span class='ocrx_word' id='word_1_152' title='bbox 630 2141 936 2196; x_wconf 80' lang='lat' dir='ltr'><strong><em>adulantur.</em></strong></span> <span class='ocrx_word' id='word_1_153' title='bbox 973 2142 1256 2213; x_wconf 85' lang='lat' dir='ltr'><strong><em>Perpende</em></strong></span> <span class='ocrx_word' id='word_1_154' title='bbox 1303 2143 1429 2198; x_wconf 90' lang='lat' dir='ltr'><strong><em>item</em></strong></span> <span class='ocrx_word' id='word_1_155' title='bbox 1475 2154 1731 2211; x_wconf 82' lang='lat' dir='ltr'><strong><em>utrosque</em></strong></span> 
     </span>
    </p>
   </div>
   <div class='ocr_carea' id='block_1_20' title="bbox 127 2232 1728 2304">
    <p class='ocr_par' dir='ltr' id='par_1_20' title="bbox 127 2232 1728 2304">
     <span class='ocr_line' id='line_1_20' title="bbox 127 2232 1728 2304; baseline 0.003 -20"><span class='ocrx_word' id='word_1_156' title='bbox 127 2232 397 2285; x_wconf 74' lang='lat' dir='ltr'><strong><em>meruisse</em></strong></span> <span class='ocrx_word' id='word_1_157' title='bbox 425 2246 648 2301; x_wconf 67' lang='lat' dir='ltr'><strong><em>pinnas;</em></strong></span> <span class='ocrx_word' id='word_1_158' title='bbox 680 2233 822 2288; x_wconf 91' lang='lat' dir='ltr'><strong><em>hunc</em></strong></span> <span class='ocrx_word' id='word_1_159' title='bbox 848 2243 1027 2289; x_wconf 90' lang='lat' dir='ltr'><strong><em>autem</em></strong></span> <span class='ocrx_word' id='word_1_160' title='bbox 1058 2235 1237 2304; x_wconf 88' lang='lat' dir='ltr'><strong><em>pleeti.</em></strong></span> <span class='ocrx_word' id='word_1_161' title='bbox 1269 2233 1386 2289; x_wconf 80' lang='lat' dir='ltr'><strong><em>Non</em></strong></span> <span class='ocrx_word' id='word_1_162' title='bbox 1414 2236 1557 2290; x_wconf 90' lang='lat' dir='ltr'><strong><em>enim</em></strong></span> <span class='ocrx_word' id='word_1_163' title='bbox 1579 2235 1728 2304; x_wconf 87' lang='lat' dir='ltr'><strong><em>judi-</em></strong></span> 
     </span>
    </p>
   </div>
   <div class='ocr_carea' id='block_1_21' title="bbox 124 2322 1729 2396">
    <p class='ocr_par' dir='ltr' id='par_1_21' title="bbox 124 2322 1729 2396">
     <span class='ocr_line' id='line_1_21' title="bbox 124 2322 1729 2396; baseline 0.004 -22"><span class='ocrx_word' id='word_1_164' title='bbox 124 2322 196 2375; x_wconf 90' lang='lat' dir='ltr'><strong><em>cii</em></strong></span> <span class='ocrx_word' id='word_1_165' title='bbox 243 2331 458 2392; x_wconf 87' lang='lat' dir='ltr'><strong><em>tempus</em></strong></span> <span class='ocrx_word' id='word_1_166' title='bbox 503 2338 645 2378; x_wconf 89' lang='lat' dir='ltr'><strong><em>nunc</em></strong></span> <span class='ocrx_word' id='word_1_167' title='bbox 674 2333 787 2391; x_wconf 88' lang='lat' dir='ltr'><strong><em>est,</em></strong></span> <span class='ocrx_word' id='word_1_168' title='bbox 838 2323 935 2382; x_wconf 86' lang='lat' dir='ltr'><strong><em>sed</em></strong></span> <span class='ocrx_word' id='word_1_169' title='bbox 981 2326 1150 2395; x_wconf 77' lang='lat' dir='ltr'><strong><em>magis</em></strong></span> <span class='ocrx_word' id='word_1_170' title='bbox 1198 2326 1418 2380; x_wconf 78' lang='lat' dir='ltr'><strong><em>noxium</em></strong></span> <span class='ocrx_word' id='word_1_171' title='bbox 1463 2327 1729 2396; x_wconf 90' lang='lat' dir='ltr'><strong><em>supplicio</em></strong></span> 
     </span>
    </p>
   </div>
   <div class='ocr_carea' id='block_1_22' title="bbox 124 2413 1728 2488">
    <p class='ocr_par' dir='ltr' id='par_1_22' title="bbox 124 2413 1728 2488">
     <span class='ocr_line' id='line_1_22' title="bbox 124 2413 1728 2488; baseline 0.002 -20"><span class='ocrx_word' id='word_1_172' title='bbox 124 2413 334 2479; x_wconf 78' lang='lat' dir='ltr'><strong><em>afﬁcit,</em></strong></span> <span class='ocrx_word' id='word_1_173' title='bbox 384 2415 490 2470; x_wconf 84' lang='lat' dir='ltr'><strong><em>illis</em></strong></span> <span class='ocrx_word' id='word_1_174' title='bbox 535 2415 809 2482; x_wconf 86' lang='lat' dir='ltr'><strong><em>dimissis,</em></strong></span> <span class='ocrx_word' id='word_1_175' title='bbox 857 2427 914 2471; x_wconf 92' lang='lat' dir='ltr'><strong><em>ut</em></strong></span> <span class='ocrx_word' id='word_1_176' title='bbox 941 2415 1067 2472; x_wconf 86' lang='lat' dir='ltr'><strong><em>hinc</em></strong></span> <span class='ocrx_word' id='word_1_177' title='bbox 1108 2419 1312 2473; x_wconf 88' lang='lat' dir='ltr'><strong><em>lucrum</em></strong></span> <span class='ocrx_word' id='word_1_178' title='bbox 1340 2420 1626 2488; x_wconf 89' lang='lat' dir='ltr'><strong><em>accipiant.</em></strong></span> <span class='ocrx_word' id='word_1_179' title='bbox 1663 2418 1728 2472; x_wconf 79' lang='lat' dir='ltr'><strong><em>Et</em></strong></span> 
     </span>
    </p>
   </div>
   <div class='ocr_carea' id='block_1_23' title="bbox 122 2507 1728 2584">
    <p class='ocr_par' dir='ltr' id='par_1_23' title="bbox 122 2507 1728 2584">
     <span class='ocr_line' id='line_1_23' title="bbox 122 2507 1728 2584; baseline 0.006 -24"><span class='ocrx_word' id='word_1_180' title='bbox 122 2508 333 2563; x_wconf 68' lang='lat' dir='ltr'><strong><em>verbum</em></strong></span> <span class='ocrx_word' id='word_1_181' title='bbox 363 2507 458 2563; x_wconf 86' lang='lat' dir='ltr'><strong><em>Dei</em></strong></span> <span class='ocrx_word' id='word_1_182' title='bbox 485 2511 769 2577; x_wconf 89' lang='lat' dir='ltr'><strong><em>crescebat,</em></strong></span> <span class='ocrx_word' id='word_1_183' title='bbox 804 2510 1009 2582; x_wconf 83' lang='lat' dir='ltr'><strong><em>inquit,</em></strong></span> <span class='ocrx_word' id='word_1_184' title='bbox 1040 2523 1089 2567; x_wconf 90' lang='lat' dir='ltr'><strong><em>et</em></strong></span> <span class='ocrx_word' id='word_1_185' title='bbox 1124 2513 1582 2584; x_wconf 83' lang='lat' dir='ltr'><strong><em>multiplicabatur.</em></strong></span> <span class='ocrx_word' id='word_1_186' title='bbox 1614 2514 1728 2570; x_wconf 82' lang='lat' dir='ltr'><strong><em>Hoc</em></strong></span> 
     </span>
    </p>
   </div>
   <div class='ocr_carea' id='block_1_24' title="bbox 120 2602 1722 2670">
    <p class='ocr_par' dir='ltr' id='par_1_24' title="bbox 120 2602 1722 2670">
     <span class='ocr_line' id='line_1_24' title="bbox 120 2602 1722 2670; baseline 0.004 -17"><span class='ocrx_word' id='word_1_187' title='bbox 120 2609 246 2666; x_wconf 87' lang='lat' dir='ltr'><strong><em>est,</em></strong></span> <span class='ocrx_word' id='word_1_188' title='bbox 298 2615 362 2655; x_wconf 88' lang='lat' dir='ltr'><strong><em>ea</em></strong></span> <span class='ocrx_word' id='word_1_189' title='bbox 409 2612 624 2670; x_wconf 88' lang='lat' dir='ltr'><strong><em>peracta</em></strong></span> <span class='ocrx_word' id='word_1_190' title='bbox 667 2618 749 2658; x_wconf 92' lang='lat' dir='ltr'><strong><em>re.</em></strong></span> <span class='ocrx_word' id='word_1_191' title='bbox 796 2602 1041 2658; x_wconf 86' lang='lat' dir='ltr'><strong><em>Vidistin‘</em></strong></span> <span class='ocrx_word' id='word_1_192' title='bbox 1072 2605 1163 2659; x_wconf 85' lang='lat' dir='ltr'><strong><em>Dei</em></strong></span> <span class='ocrx_word' id='word_1_193' title='bbox 1209 2608 1722 2663; x_wconf 72' lang='lat' dir='ltr'><strong><em>oeconomiam?25.</em></strong></span> 
     </span>
    </p>
   </div>
   <div class='ocr_carea' id='block_1_25' title="bbox 120 2691 1726 2770">
    <p class='ocr_par' dir='ltr' id='par_1_25' title="bbox 120 2691 1726 2770">
     <span class='ocr_line' id='line_1_25' title="bbox 120 2691 1726 2770; baseline 0.005 -24"><span class='ocrx_word' id='word_1_194' title='bbox 120 2691 394 2747; x_wconf 83' lang='lat' dir='ltr'><strong><em>Barnabas</em></strong></span> <span class='ocrx_word' id='word_1_195' title='bbox 419 2709 588 2748; x_wconf 88' lang='lat' dir='ltr'><strong><em>autem</em></strong></span> <span class='ocrx_word' id='word_1_196' title='bbox 617 2705 665 2749; x_wconf 92' lang='lat' dir='ltr'><strong><em>et</em></strong></span> <span class='ocrx_word' id='word_1_197' title='bbox 703 2695 898 2751; x_wconf 87' lang='lat' dir='ltr'><strong><em>Saulus</em></strong></span> <span class='ocrx_word' id='word_1_198' title='bbox 933 2699 1115 2751; x_wconf 81' lang='lat' dir='ltr'><strong><em>reversi</em></strong></span> <span class='ocrx_word' id='word_1_199' title='bbox 1142 2708 1260 2751; x_wconf 90' lang='lat' dir='ltr'><strong><em>sunt</em></strong></span> <span class='ocrx_word' id='word_1_200' title='bbox 1289 2699 1352 2752; x_wconf 91' lang='lat' dir='ltr'><strong><em>ab</em></strong></span> <span class='ocrx_word' id='word_1_201' title='bbox 1389 2697 1726 2770; x_wconf 80' lang='lat' dir='ltr'><strong><em>Jerosolymis</em></strong></span> 
     </span>
    </p>
   </div>
   <div class='ocr_carea' id='block_1_26' title="bbox 118 2785 1726 2863">
    <p class='ocr_par' dir='ltr' id='par_1_26' title="bbox 118 2785 1726 2863">
     <span class='ocr_line' id='line_1_26' title="bbox 118 2785 1726 2863; baseline 0.006 -26"><span class='ocrx_word' id='word_1_202' title='bbox 118 2785 326 2855; x_wconf 75' lang='lat' dir='ltr'><strong><em>expleto</em></strong></span> <span class='ocrx_word' id='word_1_203' title='bbox 369 2786 644 2840; x_wconf 88' lang='lat' dir='ltr'><strong><em>ntinisterio</em></strong></span> <span class='ocrx_word' id='word_1_204' title='bbox 664 2829 679 2854; x_wconf 95' lang='lat'><strong><em>,</em></strong></span> <span class='ocrx_word' id='word_1_205' title='bbox 702 2799 960 2856; x_wconf 88' lang='lat' dir='ltr'><strong><em>assumpto</em></strong></span> <span class='ocrx_word' id='word_1_206' title='bbox 987 2788 1210 2857; x_wconf 84' lang='lat' dir='ltr'><strong><em>Joanne,</em></strong></span> <span class='ocrx_word' id='word_1_207' title='bbox 1229 2792 1316 2861; x_wconf 87' lang='lat' dir='ltr'><strong><em>qui</em></strong></span> <span class='ocrx_word' id='word_1_208' title='bbox 1340 2795 1726 2863; x_wconf 85' lang='lat' dir='ltr'><strong><em>cognominatus</em></strong></span> 
     </span>
    </p>
   </div>
   <div class='ocr_carea' id='block_1_27' title="bbox 118 2879 1724 2953">
    <p class='ocr_par' dir='ltr' id='par_1_27' title="bbox 118 2879 1724 2953">
     <span class='ocr_line' id='line_1_27' title="bbox 118 2879 1724 2953; baseline 0.007 -23"><span class='ocrx_word' id='word_1_209' title='bbox 118 2888 196 2930; x_wconf 88' lang='lat' dir='ltr'><strong><em>est</em></strong></span> <span class='ocrx_word' id='word_1_210' title='bbox 252 2879 480 2932; x_wconf 76' lang='lat' dir='ltr'><strong><em>Marcus.</em></strong></span> <span class='ocrx_word' id='word_1_211' title='bbox 522 2879 672 2950; x_wconf 85' lang='lat' dir='ltr'><strong><em>(Cap.</em></strong></span> <span class='ocrx_word' id='word_1_212' title='bbox 705 2881 874 2952; x_wconf 79' lang='grc'><strong><em>15.)1.</em></strong></span> <span class='ocrx_word' id='word_1_213' title='bbox 912 2881 1078 2936; x_wconf 84' lang='lat' dir='ltr'><strong><em>Erant</em></strong></span> <span class='ocrx_word' id='word_1_214' title='bbox 1104 2895 1271 2938; x_wconf 89' lang='lat' dir='ltr'><strong><em>autent</em></strong></span> <span class='ocrx_word' id='word_1_215' title='bbox 1300 2886 1507 2953; x_wconf 88' lang='lat' dir='ltr'><strong><em>quidam</em></strong></span> <span class='ocrx_word' id='word_1_216' title='bbox 1533 2888 1586 2941; x_wconf 87' lang='lat' dir='ltr'><strong><em>in</em></strong></span> <span class='ocrx_word' id='word_1_217' title='bbox 1615 2887 1724 2940; x_wconf 84' lang='lat' dir='ltr'><strong><em>Ec-</em></strong></span> 
     </span>
    </p>
   </div>
   <div class='ocr_carea' id='block_1_28' title="bbox 117 2970 1725 3043">
    <p class='ocr_par' dir='ltr' id='par_1_28' title="bbox 117 2970 1725 3043">
     <span class='ocr_line' id='line_1_28' title="bbox 117 2970 1725 3043; baseline 0.006 -20"><span class='ocrx_word' id='word_1_218' title='bbox 117 2970 301 3036; x_wconf 82' lang='lat' dir='ltr'><strong><em>clesia,</em></strong></span> <span class='ocrx_word' id='word_1_219' title='bbox 330 2985 445 3040; x_wconf 72' lang='lat' dir='ltr'><strong><em>qua!</em></strong></span> <span class='ocrx_word' id='word_1_220' title='bbox 471 2983 579 3024; x_wconf 89' lang='lat' dir='ltr'><strong><em>erat</em></strong></span> <span class='ocrx_word' id='word_1_221' title='bbox 605 2973 907 3030; x_wconf 66' lang='lat' dir='ltr'><strong><em>Antiochus.</em></strong></span> <span class='ocrx_word' id='word_1_222' title='bbox 941 2980 1201 3043; x_wconf 75' lang='lat' dir='ltr'><strong><em>praphetw</em></strong></span> <span class='ocrx_word' id='word_1_223' title='bbox 1233 2987 1280 3030; x_wconf 92' lang='lat' dir='ltr'><strong><em>et</em></strong></span> <span class='ocrx_word' id='word_1_224' title='bbox 1319 2978 1570 3041; x_wconf 90' lang='lat' dir='ltr'><strong><em>doctores,</em></strong></span> <span class='ocrx_word' id='word_1_225' title='bbox 1597 2977 1725 3032; x_wconf 85' lang='lat' dir='ltr'><strong><em>Bar-</em></strong></span> 
     </span>
    </p>
   </div>
   <div class='ocr_carea' id='block_1_29' title="bbox 117 3061 1725 3138">
    <p class='ocr_par' dir='ltr' id='par_1_29' title="bbox 117 3061 1725 3138">
     <span class='ocr_line' id='line_1_29' title="bbox 117 3061 1725 3138; baseline 0.007 -25"><span class='ocrx_word' id='word_1_226' title='bbox 117 3062 305 3122; x_wconf 83' lang='lat' dir='ltr'><strong><em>nabas,</em></strong></span> <span class='ocrx_word' id='word_1_227' title='bbox 340 3071 391 3114; x_wconf 87' lang='lat' dir='ltr'><strong><em>et</em></strong></span> <span class='ocrx_word' id='word_1_228' title='bbox 441 3061 651 3117; x_wconf 88' lang='lat' dir='ltr'><strong><em>Simeon</em></strong></span> <span class='ocrx_word' id='word_1_229' title='bbox 740 3066 825 3130; x_wconf 87' lang='lat' dir='ltr'><strong><em>qui</em></strong></span> <span class='ocrx_word' id='word_1_230' title='bbox 870 3070 1144 3121; x_wconf 87' lang='lat' dir='ltr'><strong><em>vocabatur</em></strong></span> <span class='ocrx_word' id='word_1_231' title='bbox 1190 3067 1384 3138; x_wconf 86' lang='lat' dir='ltr'><strong><em>Niger,</em></strong></span> <span class='ocrx_word' id='word_1_232' title='bbox 1441 3079 1487 3123; x_wconf 88' lang='lat' dir='ltr'><strong><em>et</em></strong></span> <span class='ocrx_word' id='word_1_233' title='bbox 1534 3069 1725 3125; x_wconf 85' lang='lat' dir='ltr'><strong><em>Lucius</em></strong></span> 
     </span>
    </p>
   </div>
   <div class='ocr_carea' id='block_1_30' title="bbox 117 3155 1721 3228">
    <p class='ocr_par' dir='ltr' id='par_1_30' title="bbox 117 3155 1721 3228">
     <span class='ocr_line' id='line_1_30' title="bbox 117 3155 1721 3228; baseline 0.005 -20"><span class='ocrx_word' id='word_1_234' title='bbox 117 3156 446 3225; x_wconf 83' lang='lat' dir='ltr'><strong><em>Cyrenensis,</em></strong></span> <span class='ocrx_word' id='word_1_235' title='bbox 471 3167 516 3211; x_wconf 90' lang='lat' dir='ltr'><strong><em>et</em></strong></span> <span class='ocrx_word' id='word_1_236' title='bbox 539 3155 798 3211; x_wconf 69' lang='lat' dir='ltr'><strong><em>Manalten</em></strong></span> <span class='ocrx_word' id='word_1_237' title='bbox 827 3158 1044 3214; x_wconf 85' lang='lat' dir='ltr'><strong><em>Herodis</em></strong></span> <span class='ocrx_word' id='word_1_238' title='bbox 1066 3163 1332 3216; x_wconf 63' lang='lat' dir='ltr'><strong><em>tetrarchae</em></strong></span> <span class='ocrx_word' id='word_1_239' title='bbox 1358 3163 1721 3228; x_wconf 87' lang='lat' dir='ltr'><strong><em>collactaneus,</em></strong></span> 
     </span>
    </p>
   </div>
   <div class='ocr_carea' id='block_1_31' title="bbox 115 3248 1728 3324">
    <p class='ocr_par' dir='ltr' id='par_1_31' title="bbox 115 3248 1728 3324">
     <span class='ocr_line' id='line_1_31' title="bbox 115 3248 1728 3324; baseline 0.005 -20"><span class='ocrx_word' id='word_1_240' title='bbox 115 3259 168 3304; x_wconf 88' lang='lat' dir='ltr'><strong><em>et</em></strong></span> <span class='ocrx_word' id='word_1_241' title='bbox 198 3248 419 3302; x_wconf 78' lang='lat' dir='ltr'><strong><em>Saulus.</em></strong></span> <span class='ocrx_word' id='word_1_242' title='bbox 446 3250 639 3306; x_wconf 80' lang='lat' dir='ltr'><strong><em>Adhuc</em></strong></span> <span class='ocrx_word' id='word_1_243' title='bbox 665 3252 966 3308; x_wconf 88' lang='lat' dir='ltr'><strong><em>Barnabam</em></strong></span> <span class='ocrx_word' id='word_1_244' title='bbox 992 3256 1223 3324; x_wconf 90' lang='lat' dir='ltr'><strong><em>primum</em></strong></span> <span class='ocrx_word' id='word_1_245' title='bbox 1253 3268 1517 3312; x_wconf 83' lang='lat' dir='ltr'><strong><em>memorat</em></strong></span> <span class='ocrx_word' id='word_1_246' title='bbox 1543 3276 1554 3311; x_wconf 92' lang='lat'>:</span> <span class='ocrx_word' id='word_1_247' title='bbox 1591 3275 1728 3311; x_wconf 83' lang='lat' dir='ltr'><strong><em>mm-</em></strong></span> 
     </span>
    </p>
   </div>
   <div class='ocr_carea' id='block_1_32' title="bbox 113 3342 1723 3421">
    <p class='ocr_par' dir='ltr' id='par_1_32' title="bbox 113 3342 1723 3421">
     <span class='ocr_line' id='line_1_32' title="bbox 113 3342 1723 3421; baseline 0.006 -25"><span class='ocrx_word' id='word_1_248' title='bbox 113 3342 250 3397; x_wconf 90' lang='lat' dir='ltr'><strong><em>dum</em></strong></span> <span class='ocrx_word' id='word_1_249' title='bbox 273 3343 417 3396; x_wconf 91' lang='lat' dir='ltr'><strong><em>enim</em></strong></span> <span class='ocrx_word' id='word_1_250' title='bbox 439 3344 618 3398; x_wconf 88' lang='lat' dir='ltr'><strong><em>clarus</em></strong></span> <span class='ocrx_word' id='word_1_251' title='bbox 638 3355 752 3400; x_wconf 88' lang='lat' dir='ltr'><strong><em>erat</em></strong></span> <span class='ocrx_word' id='word_1_252' title='bbox 774 3345 990 3412; x_wconf 84' lang='lat' dir='ltr'><strong><em>Paulus,</em></strong></span> <span class='ocrx_word' id='word_1_253' title='bbox 1017 3349 1249 3403; x_wconf 90' lang='lat' dir='ltr'><strong><em>nondmn</em></strong></span> <span class='ocrx_word' id='word_1_254' title='bbox 1274 3351 1486 3421; x_wconf 82' lang='lat' dir='ltr'><strong><em>signum</em></strong></span> <span class='ocrx_word' id='word_1_255' title='bbox 1509 3352 1723 3420; x_wconf 77' lang='lat' dir='ltr'><strong><em>aliquod</em></strong></span> 
     </span>
    </p>
   </div>
   <div class='ocr_carea' id='block_1_33' title="bbox 117 3433 1724 3513">
    <p class='ocr_par' dir='ltr' id='par_1_33' title="bbox 117 3433 1724 3513">
     <span class='ocr_line' id='line_1_33' title="bbox 117 3433 1724 3513; baseline 0.005 -25"><span class='ocrx_word' id='word_1_256' title='bbox 117 3433 349 3490; x_wconf 79' lang='lat' dir='ltr'><strong><em>fecerat.</em></strong></span> <span class='ocrx_word' id='word_1_257' title='bbox 380 3434 436 3489; x_wconf 71' lang='grc'><strong>2.</strong></span> <span class='ocrx_word' id='word_1_258' title='bbox 471 3435 884 3493; x_wconf 73' lang='grc' dir='ltr'><strong><em>Μὶιιὶδιναηιὶὸηε</em></strong></span> <span class='ocrx_word' id='word_1_259' title='bbox 913 3450 1080 3494; x_wconf 90' lang='lat' dir='ltr'><strong><em>autem</em></strong></span> <span class='ocrx_word' id='word_1_260' title='bbox 1107 3441 1212 3494; x_wconf 85' lang='lat' dir='ltr'><strong><em>illis</em></strong></span> <span class='ocrx_word' id='word_1_261' title='bbox 1236 3440 1481 3508; x_wconf 89' lang='lat' dir='ltr'><strong><em>Domino,</em></strong></span> <span class='ocrx_word' id='word_1_262' title='bbox 1512 3454 1556 3496; x_wconf 88' lang='lat' dir='ltr'><strong><em>et</em></strong></span> <span class='ocrx_word' id='word_1_263' title='bbox 1577 3445 1724 3513; x_wconf 87' lang='lat' dir='ltr'><strong><em>jeju-</em></strong></span> 
     </span>
    </p>
   </div>
   <div class='ocr_carea' id='block_1_34' title="bbox 117 3530 1724 3606">
    <p class='ocr_par' dir='ltr' id='par_1_34' title="bbox 117 3530 1724 3606">
     <span class='ocr_line' id='line_1_34' title="bbox 117 3530 1724 3606; baseline 0.006 -25"><span class='ocrx_word' id='word_1_264' title='bbox 117 3530 366 3582; x_wconf 84' lang='lat' dir='ltr'><strong><em>nantibus</em></strong></span> <span class='ocrx_word' id='word_1_265' title='bbox 388 3571 404 3594; x_wconf 96' lang='lat'><strong><em>,</em></strong></span> <span class='ocrx_word' id='word_1_266' title='bbox 429 3531 558 3584; x_wconf 72' lang='lat' dir='ltr'><strong><em>dixit</em></strong></span> <span class='ocrx_word' id='word_1_267' title='bbox 585 3530 814 3600; x_wconf 79' lang='lat' dir='ltr'><strong><em>Spiritus</em></strong></span> <span class='ocrx_word' id='word_1_268' title='bbox 838 3545 1042 3587; x_wconf 84' lang='lat' dir='ltr'><strong><em>sanctus</em></strong></span> <span class='ocrx_word' id='word_1_269' title='bbox 1073 3549 1092 3588; x_wconf 89' lang='lat'><strong><em>:</em></strong></span> <span class='ocrx_word' id='word_1_270' title='bbox 1121 3534 1398 3606; x_wconf 79' lang='lat' dir='ltr'><strong><em>Segregate</em></strong></span> <span class='ocrx_word' id='word_1_271' title='bbox 1434 3537 1558 3590; x_wconf 90' lang='lat' dir='ltr'><strong><em>mihi</em></strong></span> <span class='ocrx_word' id='word_1_272' title='bbox 1587 3535 1724 3590; x_wconf 84' lang='lat' dir='ltr'><strong><em>Bur-</em></strong></span> 
     </span>
    </p>
   </div>
   <div class='ocr_carea' id='block_1_35' title="bbox 123 3619 1727 3694">
    <p class='ocr_par' dir='ltr' id='par_1_35' title="bbox 123 3619 1727 3694">
     <span class='ocr_line' id='line_1_35' title="bbox 123 3619 1727 3694; baseline 0.006 -22"><span class='ocrx_word' id='word_1_273' title='bbox 123 3621 321 3673; x_wconf 86' lang='lat' dir='ltr'><strong><em>uabam</em></strong></span> <span class='ocrx_word' id='word_1_274' title='bbox 351 3631 400 3672; x_wconf 86' lang='lat' dir='ltr'><strong><em>et</em></strong></span> <span class='ocrx_word' id='word_1_275' title='bbox 421 3619 638 3675; x_wconf 90' lang='lat' dir='ltr'><strong><em>Saulum</em></strong></span> <span class='ocrx_word' id='word_1_276' title='bbox 662 3623 716 3675; x_wconf 91' lang='lat' dir='ltr'><strong><em>in</em></strong></span> <span class='ocrx_word' id='word_1_277' title='bbox 737 3640 885 3691; x_wconf 89' lang='lat' dir='ltr'><strong><em>opus,</em></strong></span> <span class='ocrx_word' id='word_1_278' title='bbox 911 3625 980 3677; x_wconf 92' lang='lat' dir='ltr'><strong><em>ad</em></strong></span> <span class='ocrx_word' id='word_1_279' title='bbox 1007 3625 1145 3694; x_wconf 87' lang='lat' dir='ltr'><strong><em>quod</em></strong></span> <span class='ocrx_word' id='word_1_280' title='bbox 1172 3628 1342 3680; x_wconf 87' lang='lat' dir='ltr'><strong><em>vocavi</em></strong></span> <span class='ocrx_word' id='word_1_281' title='bbox 1367 3644 1470 3680; x_wconf 88' lang='lat' dir='ltr'><strong><em>eos.</em></strong></span> <span class='ocrx_word' id='word_1_282' title='bbox 1498 3628 1550 3681; x_wconf 84' lang='lat'><strong><em>5.</em></strong></span> <span class='ocrx_word' id='word_1_283' title='bbox 1581 3627 1727 3682; x_wconf 88' lang='lat' dir='ltr'><strong><em>Tunc</em></strong></span> 
     </span>
    </p>
   </div>
   <div class='ocr_carea' id='block_1_36' title="bbox 116 3714 1727 3787">
    <p class='ocr_par' dir='ltr' id='par_1_36' title="bbox 116 3714 1727 3787">
     <span class='ocr_line' id='line_1_36' title="bbox 116 3714 1727 3787; baseline 0.004 -21"><span class='ocrx_word' id='word_1_284' title='bbox 116 3714 419 3784; x_wconf 82' lang='lat' dir='ltr'><strong><em>jejunantes</em></strong></span> <span class='ocrx_word' id='word_1_285' title='bbox 445 3723 491 3766; x_wconf 89' lang='lat' dir='ltr'><strong><em>et</em></strong></span> <span class='ocrx_word' id='word_1_286' title='bbox 518 3725 720 3769; x_wconf 84' lang='lat' dir='ltr'><strong><em>orantes</em></strong></span> <span class='ocrx_word' id='word_1_287' title='bbox 746 3716 1158 3787; x_wconf 86' lang='lat' dir='ltr'><strong><em>imponentesque</em></strong></span> <span class='ocrx_word' id='word_1_288' title='bbox 1186 3720 1259 3772; x_wconf 91' lang='lat' dir='ltr'><strong><em>eis</em></strong></span> <span class='ocrx_word' id='word_1_289' title='bbox 1287 3736 1486 3784; x_wconf 89' lang='lat' dir='ltr'><strong><em>manus,</em></strong></span> <span class='ocrx_word' id='word_1_290' title='bbox 1521 3721 1727 3773; x_wconf 83' lang='lat' dir='ltr'><strong><em>dimise-</em></strong></span> 
     </span>
    </p>
   </div>
   <div class='ocr_carea' id='block_1_37' title="bbox 118 3805 1721 3874">
    <p class='ocr_par' dir='ltr' id='par_1_37' title="bbox 118 3805 1721 3874">
     <span class='ocr_line' id='line_1_37' title="bbox 118 3805 1721 3874; baseline 0.006 -17"><span class='ocrx_word' id='word_1_291' title='bbox 118 3815 248 3857; x_wconf 89' lang='lat' dir='ltr'><strong><em>runt</em></strong></span> <span class='ocrx_word' id='word_1_292' title='bbox 285 3805 424 3859; x_wconf 86' lang='lat' dir='ltr'><strong><em>illos.</em></strong></span> <span class='ocrx_word' id='word_1_293' title='bbox 468 3805 604 3871; x_wconf 89' lang='lat' dir='ltr'><strong><em>Quid</em></strong></span> <span class='ocrx_word' id='word_1_294' title='bbox 632 3817 750 3874; x_wconf 89' lang='lat' dir='ltr'><strong><em>est,</em></strong></span> <span class='ocrx_word' id='word_1_295' title='bbox 803 3807 1251 3865; x_wconf 78' lang='lat' dir='ltr'><strong><em>Ministrantibus?</em></strong></span> <span class='ocrx_word' id='word_1_296' title='bbox 1278 3811 1721 3868; x_wconf 75' lang='lat' dir='ltr'><strong><em>Prtedicantihus.</em></strong></span> 
     </span>
    </p>
   </div>
   <div class='ocr_carea' id='block_1_38' title="bbox 120 3896 1723 3970">
    <p class='ocr_par' dir='ltr' id='par_1_38' title="bbox 120 3896 1723 3970">
     <span class='ocr_line' id='line_1_38' title="bbox 120 3896 1723 3970; baseline 0.006 -20"><span class='ocrx_word' id='word_1_297' title='bbox 120 3896 408 3967; x_wconf 82' lang='lat' dir='ltr'><strong><em>Segregate</em></strong></span> <span class='ocrx_word' id='word_1_298' title='bbox 453 3898 608 3963; x_wconf 87' lang='lat' dir='ltr'><strong><em>mihi,</em></strong></span> <span class='ocrx_word' id='word_1_299' title='bbox 643 3899 845 3970; x_wconf 88' lang='lat' dir='ltr'><strong><em>inquit,</em></strong></span> <span class='ocrx_word' id='word_1_300' title='bbox 875 3898 1171 3954; x_wconf 87' lang='lat' dir='ltr'><strong><em>Barnabam</em></strong></span> <span class='ocrx_word' id='word_1_301' title='bbox 1213 3913 1259 3955; x_wconf 90' lang='lat' dir='ltr'><strong><em>et</em></strong></span> <span class='ocrx_word' id='word_1_302' title='bbox 1303 3901 1545 3958; x_wconf 84' lang='lat' dir='ltr'><strong><em>Saulum.</em></strong></span> <span class='ocrx_word' id='word_1_303' title='bbox 1586 3905 1723 3970; x_wconf 88' lang='lat' dir='ltr'><strong><em>Quid</em></strong></span> 
     </span>
    </p>
   </div>
   <div class='ocr_carea' id='block_1_39' title="bbox 119 3989 1722 4066">
    <p class='ocr_par' dir='ltr' id='par_1_39' title="bbox 119 3989 1722 4066">
     <span class='ocr_line' id='line_1_39' title="bbox 119 3989 1722 4066; baseline 0.007 -24"><span class='ocrx_word' id='word_1_304' title='bbox 119 3991 225 4042; x_wconf 87' lang='lat' dir='ltr'><strong><em>sibi</em></strong></span> <span class='ocrx_word' id='word_1_305' title='bbox 261 3991 405 4053; x_wconf 79' lang='lat' dir='ltr'><strong><em>vult,</em></strong></span> <span class='ocrx_word' id='word_1_306' title='bbox 437 3989 713 4061; x_wconf 84' lang='lat' dir='ltr'><strong><em>Segregate</em></strong></span> <span class='ocrx_word' id='word_1_307' title='bbox 751 3993 920 4046; x_wconf 80' lang='lat' dir='ltr'><strong><em>mihi?</em></strong></span> <span class='ocrx_word' id='word_1_308' title='bbox 945 3993 1026 4048; x_wconf 80' lang='lat' dir='ltr'><strong><em>Ad</em></strong></span> <span class='ocrx_word' id='word_1_309' title='bbox 1060 4011 1215 4063; x_wconf 87' lang='lat' dir='ltr'><strong><em>opus,</em></strong></span> <span class='ocrx_word' id='word_1_310' title='bbox 1244 3997 1311 4050; x_wconf 91' lang='lat' dir='ltr'><strong><em>ad</em></strong></span> <span class='ocrx_word' id='word_1_311' title='bbox 1340 4001 1722 4066; x_wconf 86' lang='lat' dir='ltr'><strong><em>apostolatum.</em></strong></span> 
     </span>
    </p>
   </div>
   <div class='ocr_carea' id='block_1_40' title="bbox 125 4082 1726 4161">
    <p class='ocr_par' dir='ltr' id='par_1_40' title="bbox 125 4082 1726 4161">
     <span class='ocr_line' id='line_1_40' title="bbox 125 4082 1726 4161; baseline 0.006 -27"><span class='ocrx_word' id='word_1_312' title='bbox 125 4082 265 4134; x_wconf 84' lang='lat' dir='ltr'><strong><em>Vide</em></strong></span> <span class='ocrx_word' id='word_1_313' title='bbox 291 4098 528 4144; x_wconf 88' lang='lat' dir='ltr'><strong><em>rursum,</em></strong></span> <span class='ocrx_word' id='word_1_314' title='bbox 552 4098 580 4134; x_wconf 89' lang='lat' dir='ltr'><strong><em>a</em></strong></span> <span class='ocrx_word' id='word_1_315' title='bbox 605 4083 803 4152; x_wconf 84' lang='lat' dir='ltr'><strong><em>quibus</em></strong></span> <span class='ocrx_word' id='word_1_316' title='bbox 826 4085 1148 4140; x_wconf 88' lang='lat' dir='ltr'><strong><em>ordinentur</em></strong></span> <span class='ocrx_word' id='word_1_317' title='bbox 1171 4104 1185 4139; x_wconf 85' lang='lat'>:</span> <span class='ocrx_word' id='word_1_318' title='bbox 1214 4103 1242 4140; x_wconf 90' lang='lat' dir='ltr'><strong><em>a</em></strong></span> <span class='ocrx_word' id='word_1_319' title='bbox 1270 4087 1437 4141; x_wconf 85' lang='lat' dir='ltr'><strong><em>Lucio</em></strong></span> <span class='ocrx_word' id='word_1_320' title='bbox 1462 4089 1726 4161; x_wconf 68' lang='lat' dir='ltr'><strong><em>Cyl-enica</em></strong></span> 
     </span>
    </p>
   </div>
   <div class='ocr_carea' id='block_1_41' title="bbox 130 4175 1728 4252">
    <p class='ocr_par' dir='ltr' id='par_1_41' title="bbox 130 4175 1728 4252">
     <span class='ocr_line' id='line_1_41' title="bbox 130 4175 1728 4252; baseline 0.003 -21"><span class='ocrx_word' id='word_1_321' title='bbox 130 4185 187 4231; x_wconf 86' lang='lat' dir='ltr'><strong><em>et</em></strong></span> <span class='ocrx_word' id='word_1_322' title='bbox 217 4175 464 4240; x_wconf 83' lang='lat' dir='ltr'><strong><em>Manahe,</em></strong></span> <span class='ocrx_word' id='word_1_323' title='bbox 501 4177 607 4228; x_wconf 81' lang='lat' dir='ltr'><strong><em>into</em></strong></span> <span class='ocrx_word' id='word_1_324' title='bbox 636 4192 665 4229; x_wconf 88' lang='lat' dir='ltr'><strong><em>a</em></strong></span> <span class='ocrx_word' id='word_1_325' title='bbox 692 4176 918 4245; x_wconf 82' lang='lat' dir='ltr'><strong><em>Spiritu.</em></strong></span> <span class='ocrx_word' id='word_1_326' title='bbox 946 4177 1158 4246; x_wconf 88' lang='lat' dir='ltr'><strong><em>Quanto</em></strong></span> <span class='ocrx_word' id='word_1_327' title='bbox 1179 4181 1321 4234; x_wconf 88' lang='lat' dir='ltr'><strong><em>enim</em></strong></span> <span class='ocrx_word' id='word_1_328' title='bbox 1347 4182 1583 4236; x_wconf 87' lang='lat' dir='ltr'><strong><em>minores</em></strong></span> <span class='ocrx_word' id='word_1_329' title='bbox 1607 4199 1728 4252; x_wconf 86' lang='lat' dir='ltr'><strong><em>per-</em></strong></span> 
     </span>
    </p>
   </div>
   <div class='ocr_carea' id='block_1_42' title="bbox 118 4267 1726 4340">
    <p class='ocr_par' dir='ltr' id='par_1_42' title="bbox 118 4267 1726 4340">
     <span class='ocr_line' id='line_1_42' title="bbox 118 4267 1726 4340; baseline 0.005 -20"><span class='ocrx_word' id='word_1_330' title='bbox 118 4281 305 4331; x_wconf 79' lang='lat' dir='ltr'><strong><em>smue,</em></strong></span> <span class='ocrx_word' id='word_1_331' title='bbox 354 4274 503 4320; x_wconf 87' lang='lat' dir='ltr'><strong><em>tanto</em></strong></span> <span class='ocrx_word' id='word_1_332' title='bbox 542 4267 740 4321; x_wconf 89' lang='lat' dir='ltr'><strong><em>clarior</em></strong></span> <span class='ocrx_word' id='word_1_333' title='bbox 769 4278 996 4337; x_wconf 80' lang='lat' dir='ltr'><strong><em>apparet</em></strong></span> <span class='ocrx_word' id='word_1_334' title='bbox 1049 4269 1141 4325; x_wconf 86' lang='lat' dir='ltr'><strong><em>Dei</em></strong></span> <span class='ocrx_word' id='word_1_335' title='bbox 1193 4272 1384 4340; x_wconf 78' lang='lat' dir='ltr'><strong><em>gratia.</em></strong></span> <span class='ocrx_word' id='word_1_336' title='bbox 1433 4272 1726 4328; x_wconf 83' lang='lat' dir='ltr'><strong><em>Ordinatur</em></strong></span> 
     </span>
    </p>
   </div>
   <div class='ocr_carea' id='block_1_43' title="bbox 119 4358 1724 4434">
    <p class='ocr_par' dir='ltr' id='par_1_43' title="bbox 119 4358 1724 4434">
     <span class='ocr_line' id='line_1_43' title="bbox 119 4358 1724 4434; baseline 0.004 -22"><span class='ocrx_word' id='word_1_337' title='bbox 119 4358 343 4412; x_wconf 90' lang='lat' dir='ltr'><strong><em>demum</em></strong></span> <span class='ocrx_word' id='word_1_338' title='bbox 376 4358 428 4411; x_wconf 90' lang='lat' dir='ltr'><strong><em>in</em></strong></span> <span class='ocrx_word' id='word_1_339' title='bbox 460 4358 820 4428; x_wconf 87' lang='lat' dir='ltr'><strong><em>apostolatum</em></strong></span> <span class='ocrx_word' id='word_1_340' title='bbox 848 4400 862 4422; x_wconf 94' lang='lat'><strong><em>,</em></strong></span> <span class='ocrx_word' id='word_1_341' title='bbox 894 4370 952 4412; x_wconf 89' lang='lat' dir='ltr'><strong><em>ut</em></strong></span> <span class='ocrx_word' id='word_1_342' title='bbox 985 4376 1110 4415; x_wconf 91' lang='lat' dir='ltr'><strong><em>cum</em></strong></span> <span class='ocrx_word' id='word_1_343' title='bbox 1145 4374 1407 4430; x_wconf 85' lang='lat' dir='ltr'><strong><em>potestate</em></strong></span> <span class='ocrx_word' id='word_1_344' title='bbox 1449 4367 1724 4434; x_wconf 71' lang='lat' dir='ltr'><strong><em>prtedicet.</em></strong></span> 
     </span>
    </p>
   </div>
   <div class='ocr_carea' id='block_1_44' title="bbox 120 4449 1728 4529">
    <p class='ocr_par' dir='ltr' id='par_1_44' title="bbox 120 4449 1728 4529">
     <span class='ocr_line' id='line_1_44' title="bbox 120 4449 1728 4529; baseline 0.008 -28"><span class='ocrx_word' id='word_1_345' title='bbox 120 4449 410 4517; x_wconf 81' lang='lat' dir='ltr'><strong><em>Quomodo</em></strong></span> <span class='ocrx_word' id='word_1_346' title='bbox 434 4450 594 4520; x_wconf 76' lang='lat' dir='ltr'><strong><em>igitur</em></strong></span> <span class='ocrx_word' id='word_1_347' title='bbox 619 4450 734 4520; x_wconf 86' lang='lat' dir='ltr'><strong><em>ipse</em></strong></span> <span class='ocrx_word' id='word_1_348' title='bbox 758 4451 926 4504; x_wconf 83' lang='lat' dir='ltr'><strong><em>dicit?</em></strong></span> <span class='ocrx_word' id='word_1_349' title='bbox 956 4449 1078 4505; x_wconf 79' lang='lat' dir='ltr'><strong><em>Non</em></strong></span> <span class='ocrx_word' id='word_1_350' title='bbox 1099 4453 1163 4506; x_wconf 92' lang='lat' dir='ltr'><strong><em>ab</em></strong></span> <span class='ocrx_word' id='word_1_351' title='bbox 1184 4455 1492 4522; x_wconf 84' lang='lat' dir='ltr'><strong><em>hominibus,</em></strong></span> <span class='ocrx_word' id='word_1_352' title='bbox 1523 4475 1616 4512; x_wconf 88' lang='lat' dir='ltr'><strong><em>nec</em></strong></span> <span class='ocrx_word' id='word_1_353' title='bbox 1638 4478 1728 4529; x_wconf 73' lang='lat' dir='ltr'><strong><em>per</em></strong></span> 
     </span>
    </p>
   </div>
   <div class='ocr_carea' id='block_1_45' title="bbox 122 4540 1728 4617">
    <p class='ocr_par' dir='ltr' id='par_1_45' title="bbox 122 4540 1728 4617">
     <span class='ocr_line' id='line_1_45' title="bbox 122 4540 1728 4617; baseline 0.007 -22"><span class='ocrx_word' id='word_1_354' title='bbox 122 4543 353 4616; x_wconf 77' lang='lat' dir='ltr'><strong><em>homines</em></strong></span> <span class='ocrx_word' id='word_1_355' title='bbox 397 4540 611 4611; x_wconf 76' lang='lat' dir='ltr'><strong><em>(Colat.</em></strong></span> <span class='ocrx_word' id='word_1_356' title='bbox 647 4543 695 4596; x_wconf 84' lang='grc'><strong>1.</strong></span> <span class='ocrx_word' id='word_1_357' title='bbox 727 4543 752 4596; x_wconf 82' lang='grc'><strong><em>1</em></strong></span> <span class='ocrx_word' id='word_1_358' title='bbox 779 4543 839 4615; x_wconf 72' lang='lat' dir='ltr'><strong><em>)Z’</em></strong></span> <span class='ocrx_word' id='word_1_359' title='bbox 884 4542 1006 4598; x_wconf 84' lang='lat' dir='ltr'><strong><em>Non</em></strong></span> <span class='ocrx_word' id='word_1_360' title='bbox 1039 4544 1100 4596; x_wconf 90' lang='lat' dir='ltr'><strong><em>ab</em></strong></span> <span class='ocrx_word' id='word_1_361' title='bbox 1129 4546 1422 4601; x_wconf 88' lang='lat' dir='ltr'><strong><em>hominibus</em></strong></span> <span class='ocrx_word' id='word_1_362' title='bbox 1462 4549 1636 4617; x_wconf 81' lang='lat' dir='ltr'><strong><em>dixit,</em></strong></span> <span class='ocrx_word' id='word_1_363' title='bbox 1669 4563 1728 4607; x_wconf 90' lang='lat' dir='ltr'><strong><em>ut</em></strong></span> 
     </span>
    </p>
   </div>
   <div class='ocr_carea' id='block_1_46' title="bbox 119 4634 1726 4707">
    <p class='ocr_par' dir='ltr' id='par_1_46' title="bbox 119 4634 1726 4707">
     <span class='ocr_line' id='line_1_46' title="bbox 119 4634 1726 4707; baseline 0.004 -17"><span class='ocrx_word' id='word_1_364' title='bbox 119 4636 457 4698; x_wconf 83' lang='lat' dir='ltr'><strong><em>declararet,</em></strong></span> <span class='ocrx_word' id='word_1_365' title='bbox 507 4650 614 4689; x_wconf 91' lang='lat' dir='ltr'><strong><em>non</em></strong></span> <span class='ocrx_word' id='word_1_366' title='bbox 667 4634 944 4690; x_wconf 89' lang='lat' dir='ltr'><strong><em>hominem</em></strong></span> <span class='ocrx_word' id='word_1_367' title='bbox 998 4636 1172 4707; x_wconf 90' lang='lat' dir='ltr'><strong><em>ipsum</em></strong></span> <span class='ocrx_word' id='word_1_368' title='bbox 1219 4654 1443 4695; x_wconf 84' lang='lat' dir='ltr'><strong><em>vocasse</em></strong></span> <span class='ocrx_word' id='word_1_369' title='bbox 1488 4644 1572 4696; x_wconf 89' lang='lat' dir='ltr'><strong><em>vel</em></strong></span> <span class='ocrx_word' id='word_1_370' title='bbox 1627 4642 1726 4697; x_wconf 86' lang='lat' dir='ltr'><strong><em>ad-</em></strong></span> 
     </span>
    </p>
   </div>
   <div class='ocr_carea' id='block_1_47' title="bbox 121 4729 1724 4807">
    <p class='ocr_par' dir='ltr' id='par_1_47' title="bbox 121 4729 1724 4807">
     <span class='ocr_line' id='line_1_47' title="bbox 121 4729 1724 4807; baseline 0.006 -24"><span class='ocrx_word' id='word_1_371' title='bbox 121 4729 385 4784; x_wconf 75' lang='lat' dir='ltr'><strong><em>duxisse:</em></strong></span> <span class='ocrx_word' id='word_1_372' title='bbox 415 4745 573 4799; x_wconf 86' lang='lat' dir='ltr'><strong><em>neque</em></strong></span> <span class='ocrx_word' id='word_1_373' title='bbox 613 4747 703 4797; x_wconf 84' lang='lat' dir='ltr'><strong><em>per</em></strong></span> <span class='ocrx_word' id='word_1_374' title='bbox 728 4729 958 4785; x_wconf 80' lang='lat' dir='ltr'><strong><em>homines</em></strong></span> <span class='ocrx_word' id='word_1_375' title='bbox 980 4772 996 4797; x_wconf 92' lang='lat'><strong><em>,</em></strong></span> <span class='ocrx_word' id='word_1_376' title='bbox 1028 4733 1151 4801; x_wconf 88' lang='lat' dir='ltr'><strong><em>quia</em></strong></span> <span class='ocrx_word' id='word_1_377' title='bbox 1201 4750 1305 4788; x_wconf 92' lang='lat' dir='ltr'><strong><em>non</em></strong></span> <span class='ocrx_word' id='word_1_378' title='bbox 1337 4736 1405 4790; x_wconf 90' lang='lat' dir='ltr'><strong><em>ab</em></strong></span> <span class='ocrx_word' id='word_1_379' title='bbox 1431 4737 1539 4791; x_wconf 86' lang='lat' dir='ltr'><strong><em>alio</em></strong></span> <span class='ocrx_word' id='word_1_380' title='bbox 1564 4753 1724 4807; x_wconf 88' lang='lat' dir='ltr'><strong><em>quam</em></strong></span> 
     </span>
    </p>
   </div>
   <div class='ocr_carea' id='block_1_48' title="bbox 119 4822 1729 4901">
    <p class='ocr_par' dir='ltr' id='par_1_48' title="bbox 119 4822 1729 4901">
     <span class='ocr_line' id='line_1_48' title="bbox 119 4822 1729 4901; baseline 0.007 -27"><span class='ocrx_word' id='word_1_381' title='bbox 119 4839 149 4874; x_wconf 87' lang='lat' dir='ltr'><strong><em>a</em></strong></span> <span class='ocrx_word' id='word_1_382' title='bbox 180 4822 385 4889; x_wconf 79' lang='lat' dir='ltr'><strong><em>Spiritu</em></strong></span> <span class='ocrx_word' id='word_1_383' title='bbox 414 4822 609 4874; x_wconf 86' lang='lat' dir='ltr'><strong><em>missus</em></strong></span> <span class='ocrx_word' id='word_1_384' title='bbox 645 4829 750 4877; x_wconf 84' lang='lat' dir='ltr'><strong><em>est.</em></strong></span> <span class='ocrx_word' id='word_1_385' title='bbox 795 4822 921 4877; x_wconf 89' lang='lat' dir='ltr'><strong><em>ldeo</em></strong></span> <span class='ocrx_word' id='word_1_386' title='bbox 951 4825 1028 4877; x_wconf 89' lang='lat' dir='ltr'><strong><em>sic</em></strong></span> <span class='ocrx_word' id='word_1_387' title='bbox 1065 4826 1270 4879; x_wconf 83' lang='lat' dir='ltr'><strong><em>addidit</em></strong></span> <span class='ocrx_word' id='word_1_388' title='bbox 1302 4845 1314 4879; x_wconf 92' lang='lat'>:</span> <span class='ocrx_word' id='word_1_389' title='bbox 1346 4828 1399 4882; x_wconf 73' lang='grc'><strong>4.</strong></span> <span class='ocrx_word' id='word_1_390' title='bbox 1449 4827 1522 4882; x_wconf 84' lang='lat' dir='ltr'><strong><em>Hi</em></strong></span> <span class='ocrx_word' id='word_1_391' title='bbox 1557 4841 1729 4901; x_wconf 78' lang='lat' dir='ltr'><strong><em>itaque</em></strong></span> 
     </span>
    </p>
   </div>
   <div class='ocr_carea' id='block_1_49' title="bbox 121 4910 1727 4992">
    <p class='ocr_par' dir='ltr' id='par_1_49' title="bbox 121 4910 1727 4992">
     <span class='ocr_line' id='line_1_49' title="bbox 121 4910 1727 4992; baseline 0.009 -30"><span class='ocrx_word' id='word_1_392' title='bbox 121 4913 269 4965; x_wconf 80' lang='lat' dir='ltr'><strong><em>missi</em></strong></span> <span class='ocrx_word' id='word_1_393' title='bbox 295 4928 327 4963; x_wconf 89' lang='lat' dir='ltr'><strong><em>a</em></strong></span> <span class='ocrx_word' id='word_1_394' title='bbox 357 4910 590 4980; x_wconf 83' lang='lat' dir='ltr'><strong><em>Spiritu,</em></strong></span> <span class='ocrx_word' id='word_1_395' title='bbox 623 4913 985 4967; x_wconf 84' lang='lat' dir='ltr'><strong><em>descenderunt</em></strong></span> <span class='ocrx_word' id='word_1_396' title='bbox 1013 4915 1342 4973; x_wconf 85' lang='lat' dir='ltr'><strong><em>Seleuciam:</em></strong></span> <span class='ocrx_word' id='word_1_397' title='bbox 1371 4919 1488 4974; x_wconf 87' lang='lat' dir='ltr'><strong><em>inde</em></strong></span> <span class='ocrx_word' id='word_1_398' title='bbox 1517 4923 1727 4992; x_wconf 86' lang='lat' dir='ltr'><strong><em>naviga-</em></strong></span> 
     </span>
    </p>
   </div>
   <div class='ocr_carea' id='block_1_50' title="bbox 123 5002 1723 5083">
    <p class='ocr_par' dir='ltr' id='par_1_50' title="bbox 123 5002 1723 5083">
     <span class='ocr_line' id='line_1_50' title="bbox 123 5002 1723 5083; baseline 0.008 -27"><span class='ocrx_word' id='word_1_399' title='bbox 123 5014 299 5056; x_wconf 82' lang='lat' dir='ltr'><strong><em>verunt</em></strong></span> <span class='ocrx_word' id='word_1_400' title='bbox 346 5004 399 5056; x_wconf 88' lang='lat' dir='ltr'><strong><em>in</em></strong></span> <span class='ocrx_word' id='word_1_401' title='bbox 444 5002 688 5073; x_wconf 80' lang='lat' dir='ltr'><strong><em>Cyprum.</em></strong></span> <span class='ocrx_word' id='word_1_402' title='bbox 742 5005 846 5060; x_wconf 88' lang='lat' dir='ltr'><strong><em>Sed</em></strong></span> <span class='ocrx_word' id='word_1_403' title='bbox 892 5009 1141 5077; x_wconf 79' lang='lat' dir='ltr'><strong><em>superius</em></strong></span> <span class='ocrx_word' id='word_1_404' title='bbox 1187 5009 1328 5065; x_wconf 90' lang='lat' dir='ltr'><strong><em>dicta</em></strong></span> <span class='ocrx_word' id='word_1_405' title='bbox 1360 5014 1723 5083; x_wconf 78' lang='lat' dir='ltr'><strong><em>exploremus.</em></strong></span> 
     </span>
    </p>
   </div>
   <div class='ocr_carea' id='block_1_51' title="bbox 125 5094 1724 5172">
    <p class='ocr_par' dir='ltr' id='par_1_51' title="bbox 125 5094 1724 5172">
     <span class='ocr_line' id='line_1_51' title="bbox 125 5094 1724 5172; baseline 0.007 -24"><span class='ocrx_word' id='word_1_406' title='bbox 125 5094 294 5148; x_wconf 83' lang='lat' dir='ltr'><strong><em>Facta</em></strong></span> <span class='ocrx_word' id='word_1_407' title='bbox 332 5103 501 5147; x_wconf 87' lang='lat' dir='ltr'><strong><em>autem</em></strong></span> <span class='ocrx_word' id='word_1_408' title='bbox 528 5094 610 5146; x_wconf 83' lang='lat' dir='ltr'><strong><em>die</em></strong></span> <span class='ocrx_word' id='word_1_409' title='bbox 631 5136 645 5156; x_wconf 87' lang='lat'><strong><em>,</em></strong></span> <span class='ocrx_word' id='word_1_410' title='bbox 686 5106 793 5149; x_wconf 89' lang='lat' dir='ltr'><strong><em>erat</em></strong></span> <span class='ocrx_word' id='word_1_411' title='bbox 824 5097 1042 5152; x_wconf 86' lang='lat' dir='ltr'><strong><em>turbatio</em></strong></span> <span class='ocrx_word' id='word_1_412' title='bbox 1073 5117 1174 5152; x_wconf 89' lang='lat' dir='ltr'><strong><em>non</em></strong></span> <span class='ocrx_word' id='word_1_413' title='bbox 1205 5117 1362 5169; x_wconf 85' lang='lat' dir='ltr'><strong><em>parva</em></strong></span> <span class='ocrx_word' id='word_1_414' title='bbox 1384 5116 1591 5172; x_wconf 86' lang='lat' dir='ltr'><strong><em>propter</em></strong></span> <span class='ocrx_word' id='word_1_415' title='bbox 1618 5104 1724 5159; x_wconf 86' lang='lat' dir='ltr'><strong><em>Pe-</em></strong></span> 
     </span>
    </p>
   </div>
   <div class='ocr_carea' id='block_1_52' title="bbox 123 5185 1722 5262">
    <p class='ocr_par' dir='ltr' id='par_1_52' title="bbox 123 5185 1722 5262">
     <span class='ocr_line' id='line_1_52' title="bbox 123 5185 1722 5262; baseline 0.006 -23"><span class='ocrx_word' id='word_1_416' title='bbox 123 5199 280 5239; x_wconf 84' lang='lat' dir='ltr'><strong><em>trum.</em></strong></span> <span class='ocrx_word' id='word_1_417' title='bbox 316 5185 381 5238; x_wconf 76' lang='lat' dir='ltr'><strong><em>Et</em></strong></span> <span class='ocrx_word' id='word_1_418' title='bbox 403 5187 728 5256; x_wconf 79' lang='lat' dir='ltr'><strong><em>inquisitione</em></strong></span> <span class='ocrx_word' id='word_1_419' title='bbox 749 5190 886 5258; x_wconf 79' lang='lat' dir='ltr'><strong><em>facta</em></strong></span> <span class='ocrx_word' id='word_1_420' title='bbox 912 5189 977 5243; x_wconf 89' lang='lat' dir='ltr'><strong><em>de</em></strong></span> <span class='ocrx_word' id='word_1_421' title='bbox 999 5193 1310 5257; x_wconf 74' lang='lat' dir='ltr'><strong><em>custodibus,</em></strong></span> <span class='ocrx_word' id='word_1_422' title='bbox 1337 5195 1497 5262; x_wconf 71' lang='lat' dir='ltr'><strong><em>jussit</em></strong></span> <span class='ocrx_word' id='word_1_423' title='bbox 1520 5195 1722 5249; x_wconf 82' lang='lat' dir='ltr'><strong><em>abduci.</em></strong></span> 
     </span>
    </p>
   </div>
   <div class='ocr_carea' id='block_1_53' title="bbox 127 5280 1727 5360">
    <p class='ocr_par' dir='ltr' id='par_1_53' title="bbox 127 5280 1727 5360">
     <span class='ocr_line' id='line_1_53' title="bbox 127 5280 1727 5360; baseline 0.004 -26"><span class='ocrx_word' id='word_1_424' title='bbox 127 5281 202 5334; x_wconf 83' lang='lat' dir='ltr'><strong><em>ita</em></strong></span> <span class='ocrx_word' id='word_1_425' title='bbox 227 5295 390 5346; x_wconf 78' lang='lat' dir='ltr'><strong><em>sensu</em></strong></span> <span class='ocrx_word' id='word_1_426' title='bbox 422 5281 713 5335; x_wconf 84' lang='lat' dir='ltr'><strong><em>destitutus</em></strong></span> <span class='ocrx_word' id='word_1_427' title='bbox 740 5280 840 5335; x_wconf 80' lang='lat' dir='ltr'><strong><em>fuit</em></strong></span> <span class='ocrx_word' id='word_1_428' title='bbox 861 5324 877 5348; x_wconf 94' lang='lat'><strong><em>,</em></strong></span> <span class='ocrx_word' id='word_1_429' title='bbox 907 5293 964 5337; x_wconf 91' lang='lat' dir='ltr'><strong><em>ut</em></strong></span> <span class='ocrx_word' id='word_1_430' title='bbox 992 5284 1155 5337; x_wconf 89' lang='lat' dir='ltr'><strong><em>etiam</em></strong></span> <span class='ocrx_word' id='word_1_431' title='bbox 1189 5286 1387 5352; x_wconf 85' lang='lat' dir='ltr'><strong><em>injuste</em></strong></span> <span class='ocrx_word' id='word_1_432' title='bbox 1416 5289 1604 5355; x_wconf 82' lang='lat' dir='ltr'><strong><em>puitire</em></strong></span> <span class='ocrx_word' id='word_1_433' title='bbox 1631 5305 1727 5360; x_wconf 84' lang='lat' dir='ltr'><strong><em>ag-</em></strong></span> 
     </span>
    </p>
   </div>
   <div class='ocr_carea' id='block_1_54' title="bbox 122 5373 1725 5446">
    <p class='ocr_par' dir='ltr' id='par_1_54' title="bbox 122 5373 1725 5446">
     <span class='ocr_line' id='line_1_54' title="bbox 122 5373 1725 5446; baseline 0.006 -18"><span class='ocrx_word' id='word_1_434' title='bbox 122 5375 462 5446; x_wconf 79' lang='lat' dir='ltr'><strong><em>grederetur.</em></strong></span> <span class='ocrx_word' id='word_1_435' title='bbox 510 5373 651 5428; x_wconf 83' lang='lat' dir='ltr'><strong><em>Ecce</em></strong></span> <span class='ocrx_word' id='word_1_436' title='bbox 691 5390 908 5430; x_wconf 87' lang='lat' dir='ltr'><strong><em>causam</em></strong></span> <span class='ocrx_word' id='word_1_437' title='bbox 955 5377 1169 5430; x_wconf 90' lang='lat' dir='ltr'><strong><em>illorum</em></strong></span> <span class='ocrx_word' id='word_1_438' title='bbox 1213 5378 1465 5433; x_wconf 78' lang='lat' dir='ltr'><strong><em>defendo.</em></strong></span> <span class='ocrx_word' id='word_1_439' title='bbox 1505 5381 1725 5437; x_wconf 83' lang='lat' dir='ltr'><strong><em>Vincula</em></strong></span> 
     </span>
    </p>
   </div>
   <div class='ocr_carea' id='block_1_55' title="bbox 122 5467 1726 5541">
    <p class='ocr_par' dir='ltr' id='par_1_55' title="bbox 122 5467 1726 5541">
     <span class='ocr_line' id='line_1_55' title="bbox 122 5467 1726 5541; baseline 0.004 -18"><span class='ocrx_word' id='word_1_440' title='bbox 122 5479 283 5523; x_wconf 89' lang='lat' dir='ltr'><strong><em>erant</em></strong></span> <span class='ocrx_word' id='word_1_441' title='bbox 307 5509 319 5527; x_wconf 89' lang='lat'><strong><em>,</em></strong></span> <span class='ocrx_word' id='word_1_442' title='bbox 346 5467 596 5522; x_wconf 87' lang='lat' dir='ltr'><strong><em>custodes</em></strong></span> <span class='ocrx_word' id='word_1_443' title='bbox 625 5468 790 5532; x_wconf 85' lang='lat' dir='ltr'><strong><em>intus,</em></strong></span> <span class='ocrx_word' id='word_1_444' title='bbox 814 5485 999 5523; x_wconf 89' lang='lat' dir='ltr'><strong><em>carcer</em></strong></span> <span class='ocrx_word' id='word_1_445' title='bbox 1027 5471 1241 5524; x_wconf 88' lang='lat' dir='ltr'><strong><em>clausus</em></strong></span> <span class='ocrx_word' id='word_1_446' title='bbox 1260 5513 1275 5534; x_wconf 94' lang='lat'><strong><em>,</em></strong></span> <span class='ocrx_word' id='word_1_447' title='bbox 1306 5488 1568 5540; x_wconf 86' lang='lat' dir='ltr'><strong><em>nusquam</em></strong></span> <span class='ocrx_word' id='word_1_448' title='bbox 1605 5491 1726 5541; x_wconf 84' lang='lat' dir='ltr'><strong><em>per-</em></strong></span> 
     </span>
    </p>
   </div>
   <div class='ocr_carea' id='block_1_56' title="bbox 122 5563 1726 5630">
    <p class='ocr_par' dir='ltr' id='par_1_56' title="bbox 122 5563 1726 5630">
     <span class='ocr_line' id='line_1_56' title="bbox 122 5563 1726 5630; baseline 0.003 -12"><span class='ocrx_word' id='word_1_449' title='bbox 122 5564 310 5618; x_wconf 81' lang='lat' dir='ltr'><strong><em>fossus</em></strong></span> <span class='ocrx_word' id='word_1_450' title='bbox 360 5563 577 5630; x_wconf 87' lang='lat' dir='ltr'><strong><em>paries,</em></strong></span> <span class='ocrx_word' id='word_1_451' title='bbox 631 5578 821 5617; x_wconf 86' lang='lat' dir='ltr'><strong><em>onmes</em></strong></span> <span class='ocrx_word' id='word_1_452' title='bbox 867 5563 1055 5617; x_wconf 84' lang='lat' dir='ltr'><strong><em>eadem</em></strong></span> <span class='ocrx_word' id='word_1_453' title='bbox 1100 5564 1382 5630; x_wconf 82' lang='lat' dir='ltr'><strong><em>dicebant,</em></strong></span> <span class='ocrx_word' id='word_1_454' title='bbox 1434 5567 1606 5621; x_wconf 86' lang='lat' dir='ltr'><strong><em>Homo</em></strong></span> <span class='ocrx_word' id='word_1_455' title='bbox 1637 5570 1726 5623; x_wconf 87' lang='lat' dir='ltr'><strong><em>ille</em></strong></span> 
     </span>
    </p>
   </div>
   <div class='ocr_carea' id='block_1_57' title="bbox 123 5653 1724 5724">
    <p class='ocr_par' dir='ltr' id='par_1_57' title="bbox 123 5653 1724 5724">
     <span class='ocr_line' id='line_1_57' title="bbox 123 5653 1724 5724; baseline 0.001 -16"><span class='ocrx_word' id='word_1_456' title='bbox 123 5665 311 5724; x_wconf 86' lang='lat' dir='ltr'><strong><em>raptus</em></strong></span> <span class='ocrx_word' id='word_1_457' title='bbox 339 5670 444 5707; x_wconf 87' lang='lat' dir='ltr'><strong><em>non</em></strong></span> <span class='ocrx_word' id='word_1_458' title='bbox 471 5665 586 5720; x_wconf 86' lang='lat' dir='ltr'><strong><em>est,</em></strong></span> <span class='ocrx_word' id='word_1_459' title='bbox 621 5669 716 5708; x_wconf 90' lang='lat' dir='ltr'><strong><em>enr</em></strong></span> <span class='ocrx_word' id='word_1_460' title='bbox 745 5653 861 5706; x_wconf 88' lang='lat' dir='ltr'><strong><em>illos</em></strong></span> <span class='ocrx_word' id='word_1_461' title='bbox 887 5656 1263 5711; x_wconf 86' lang='lat' dir='ltr'><strong><em>condemnas?</em></strong></span> <span class='ocrx_word' id='word_1_462' title='bbox 1305 5658 1349 5712; x_wconf 91' lang='lat' dir='ltr'><strong><em>si</em></strong></span> <span class='ocrx_word' id='word_1_463' title='bbox 1379 5659 1596 5715; x_wconf 86' lang='lat' dir='ltr'><strong><em>solvere</em></strong></span> <span class='ocrx_word' id='word_1_464' title='bbox 1623 5677 1724 5713; x_wconf 79' lang='lat' dir='ltr'><strong><em>Vo-</em></strong></span> 
     </span>
    </p>
   </div>
   <div class='ocr_carea' id='block_1_58' title="bbox 123 5747 1722 5812">
    <p class='ocr_par' dir='ltr' id='par_1_58' title="bbox 123 5747 1722 5812">
     <span class='ocr_line' id='line_1_58' title="bbox 123 5747 1722 5812; baseline 0.004 -11"><span class='ocrx_word' id='word_1_465' title='bbox 123 5747 386 5808; x_wconf 84' lang='lat' dir='ltr'><strong><em>luissent,</em></strong></span> <span class='ocrx_word' id='word_1_466' title='bbox 416 5747 497 5799; x_wconf 87' lang='lat' dir='ltr'><strong><em>vel</em></strong></span> <span class='ocrx_word' id='word_1_467' title='bbox 523 5758 647 5799; x_wconf 89' lang='lat' dir='ltr'><strong><em>ante</em></strong></span> <span class='ocrx_word' id='word_1_468' title='bbox 673 5747 997 5812; x_wconf 86' lang='lat' dir='ltr'><strong><em>solvissent,</em></strong></span> <span class='ocrx_word' id='word_1_469' title='bbox 1024 5747 1111 5804; x_wconf 88' lang='lat' dir='ltr'><strong><em>vel</em></strong></span> <span class='ocrx_word' id='word_1_470' title='bbox 1141 5750 1302 5804; x_wconf 89' lang='lat' dir='ltr'><strong><em>simul</em></strong></span> <span class='ocrx_word' id='word_1_471' title='bbox 1327 5753 1585 5806; x_wconf 80' lang='lat' dir='ltr'><strong><em>exissent.</em></strong></span> <span class='ocrx_word' id='word_1_472' title='bbox 1616 5753 1722 5808; x_wconf 89' lang='lat' dir='ltr'><strong><em>Sed</em></strong></span> 
     </span>
    </p>
   </div>
   <div class='ocr_carea' id='block_1_59' title="bbox 123 5837 1724 5912">
    <p class='ocr_par' dir='ltr' id='par_1_59' title="bbox 123 5837 1724 5912">
     <span class='ocr_line' id='line_1_59' title="bbox 123 5837 1724 5912; baseline 0.005 -21"><span class='ocrx_word' id='word_1_473' title='bbox 123 5837 382 5907; x_wconf 80' lang='lat' dir='ltr'><strong><em>pecunias</em></strong></span> <span class='ocrx_word' id='word_1_474' title='bbox 400 5840 747 5907; x_wconf 85' lang='lat' dir='ltr'><strong><em>acceperunt?</em></strong></span> <span class='ocrx_word' id='word_1_475' title='bbox 762 5837 1042 5909; x_wconf 83' lang='lat' dir='ltr'><strong><em>Quomodo</em></strong></span> <span class='ocrx_word' id='word_1_476' title='bbox 1057 5842 1147 5911; x_wconf 89' lang='lat' dir='ltr'><strong><em>qui</em></strong></span> <span class='ocrx_word' id='word_1_477' title='bbox 1165 5856 1338 5911; x_wconf 89' lang='lat' dir='ltr'><strong><em>neque</em></strong></span> <span class='ocrx_word' id='word_1_478' title='bbox 1357 5845 1577 5912; x_wconf 88' lang='lat' dir='ltr'><strong><em>pauperi</em></strong></span> <span class='ocrx_word' id='word_1_479' title='bbox 1597 5860 1724 5899; x_wconf 84' lang='lat' dir='ltr'><strong><em>ero-</em></strong></span> 
     </span>
    </p>
   </div>
   <div class='ocr_carea' id='block_1_60' title="bbox 121 5931 1719 6005">
    <p class='ocr_par' dir='ltr' id='par_1_60' title="bbox 121 5931 1719 6005">
     <span class='ocr_line' id='line_1_60' title="bbox 121 5931 1719 6005; baseline 0.006 -21"><span class='ocrx_word' id='word_1_480' title='bbox 121 5947 249 6000; x_wconf 64' lang='lat' dir='ltr'><strong><em>gare</em></strong></span> <span class='ocrx_word' id='word_1_481' title='bbox 271 5936 515 6003; x_wconf 78' lang='lat' dir='ltr'><strong><em>poterut,‘</em></strong></span> <span class='ocrx_word' id='word_1_482' title='bbox 535 5931 620 5988; x_wconf 73' lang='lat' dir='ltr'><strong><em>liis</em></strong></span> <span class='ocrx_word' id='word_1_483' title='bbox 638 5933 913 5990; x_wconf 74' lang='lat' dir='ltr'><strong><em>dedisset?</em></strong></span> <span class='ocrx_word' id='word_1_484' title='bbox 935 5935 1118 6005; x_wconf 71' lang='lat' dir='ltr'><strong><em>Neque</em></strong></span> <span class='ocrx_word' id='word_1_485' title='bbox 1140 5936 1281 5991; x_wconf 89' lang='lat' dir='ltr'><strong><em>enim</em></strong></span> <span class='ocrx_word' id='word_1_486' title='bbox 1311 5935 1493 5991; x_wconf 71' lang='lat' dir='ltr'><strong><em>fracta!</em></strong></span> <span class='ocrx_word' id='word_1_487' title='bbox 1515 5949 1719 5994; x_wconf 76' lang='lat' dir='ltr'><strong><em>catena:</em></strong></span> 
     </span>
    </p>
   </div>
   <div class='ocr_carea' id='block_1_61' title="bbox 1085 451 2470 513">
    <p class='ocr_par' dir='ltr' id='par_1_61' title="bbox 1085 451 2470 513">
     <span class='ocr_line' id='line_1_61' title="bbox 1085 451 2470 513; baseline -0.006 -1"><span class='ocrx_word' id='word_1_488' title='bbox 1085 456 1148 512; x_wconf 80' lang='lat' dir='ltr'><strong><em>IN</em></strong></span> <span class='ocrx_word' id='word_1_489' title='bbox 1188 457 1367 513; x_wconf 73' lang='lat' dir='ltr'><strong><em>ACTA</em></strong></span> <span class='ocrx_word' id='word_1_490' title='bbox 1410 453 1939 512; x_wconf 71' lang='lat' dir='ltr'><strong><em>APOSTOLORUM.</em></strong></span> <span class='ocrx_word' id='word_1_491' title='bbox 1985 451 2211 508; x_wconf 65' lang='grc'><strong>1101111..</strong></span> <span class='ocrx_word' id='word_1_492' title='bbox 2257 451 2470 507; x_wconf 66' lang='lat' dir='ltr'><strong><em>XXVII.</em></strong></span> 
     </span>
    </p>
   </div>
   <div class='ocr_carea' id='block_1_62' title="bbox 3350 459 3455 516">
    <p class='ocr_par' dir='ltr' id='par_1_62' title="bbox 3350 459 3455 516">
     <span class='ocr_line' id='line_1_62' title="bbox 3350 459 3455 516; baseline -0.019 -2"><span class='ocrx_word' id='word_1_493' title='bbox 3350 459 3455 516; x_wconf 72' lang='lat' dir='ltr'><strong><em>90F.</em></strong></span> 
     </span>
    </p>
   </div>
   <div class='ocr_carea' id='block_1_63' title="bbox 1854 568 3456 640">
    <p class='ocr_par' dir='ltr' id='par_1_63' title="bbox 1854 568 3456 640">
     <span class='ocr_line' id='line_1_63' title="bbox 1854 568 3456 640; baseline 0.005 -18"><span class='ocrx_word' id='word_1_494' title='bbox 1854 583 2029 639; x_wconf 91' lang='lat' dir='ltr'><strong><em>neque</em></strong></span> <span class='ocrx_word' id='word_1_495' title='bbox 2059 571 2248 622; x_wconf 66' lang='lat' dir='ltr'><strong><em>solutas</em></strong></span> <span class='ocrx_word' id='word_1_496' title='bbox 2283 580 2430 624; x_wconf 85' lang='lat' dir='ltr'><strong><em>sunt.</em></strong></span> <span class='ocrx_word' id='word_1_497' title='bbox 2465 568 2758 640; x_wconf 83' lang='lat' dir='ltr'><strong><em>Oportebat</em></strong></span> <span class='ocrx_word' id='word_1_498' title='bbox 2794 571 2977 628; x_wconf 88' lang='lat' dir='ltr'><strong><em>videre</em></strong></span> <span class='ocrx_word' id='word_1_499' title='bbox 3019 587 3130 628; x_wconf 89' lang='lat' dir='ltr'><strong><em>rem</em></strong></span> <span class='ocrx_word' id='word_1_500' title='bbox 3171 589 3293 630; x_wconf 90' lang='lat' dir='ltr'><strong><em>esse</em></strong></span> <span class='ocrx_word' id='word_1_501' title='bbox 3318 577 3456 631; x_wconf 79' lang='lat' dir='ltr'><strong><em>divi-</em></strong></span> 
     </span>
    </p>
   </div>
   <div class='ocr_carea' id='block_1_64' title="bbox 1851 661 3452 734">
    <p class='ocr_par' dir='ltr' id='par_1_64' title="bbox 1851 661 3452 734">
     <span class='ocr_line' id='line_1_64' title="bbox 1851 661 3452 734; baseline 0.007 -22"><span class='ocrx_word' id='word_1_502' title='bbox 1851 675 2009 723; x_wconf 90' lang='lat' dir='ltr'><strong><em>nam,</em></strong></span> <span class='ocrx_word' id='word_1_503' title='bbox 2033 676 2139 714; x_wconf 91' lang='lat' dir='ltr'><strong><em>non</em></strong></span> <span class='ocrx_word' id='word_1_504' title='bbox 2169 661 2479 715; x_wconf 82' lang='lat' dir='ltr'><strong><em>humanam.</em></strong></span> <span class='ocrx_word' id='word_1_505' title='bbox 2511 661 2714 718; x_wconf 88' lang='lat' dir='ltr'><strong><em>Deinde</em></strong></span> <span class='ocrx_word' id='word_1_506' title='bbox 2735 705 2751 732; x_wconf 60' lang='grc' dir='ltr'><strong>ρ</strong></span> <span class='ocrx_word' id='word_1_507' title='bbox 2781 664 2903 734; x_wconf 89' lang='lat' dir='ltr'><strong><em>quia</em></strong></span> <span class='ocrx_word' id='word_1_508' title='bbox 2937 664 3215 720; x_wconf 78' lang='lat' dir='ltr'><strong><em>historiam</em></strong></span> <span class='ocrx_word' id='word_1_509' title='bbox 3242 683 3452 723; x_wconf 86' lang='lat' dir='ltr'><strong><em>memo-</em></strong></span> 
     </span>
    </p>
   </div>
   <div class='ocr_carea' id='block_1_65' title="bbox 1849 755 3456 830">
    <p class='ocr_par' dir='ltr' id='par_1_65' title="bbox 1849 755 3456 830">
     <span class='ocr_line' id='line_1_65' title="bbox 1849 755 3456 830; baseline 0.007 -25"><span class='ocrx_word' id='word_1_510' title='bbox 1849 765 2066 807; x_wconf 88' lang='lat' dir='ltr'><strong><em>raturus</em></strong></span> <span class='ocrx_word' id='word_1_511' title='bbox 2093 763 2246 820; x_wconf 88' lang='lat' dir='ltr'><strong><em>erat,</em></strong></span> <span class='ocrx_word' id='word_1_512' title='bbox 2297 755 2417 810; x_wconf 89' lang='lat' dir='ltr'><strong><em>ideo</em></strong></span> <span class='ocrx_word' id='word_1_513' title='bbox 2441 756 2603 810; x_wconf 80' lang='lat' dir='ltr'><strong><em>etiam</em></strong></span> <span class='ocrx_word' id='word_1_514' title='bbox 2635 757 2856 811; x_wconf 89' lang='lat' dir='ltr'><strong><em>nomina</em></strong></span> <span class='ocrx_word' id='word_1_515' title='bbox 2891 757 3074 828; x_wconf 85' lang='lat' dir='ltr'><strong><em>ponit,</em></strong></span> <span class='ocrx_word' id='word_1_516' title='bbox 3107 769 3164 814; x_wconf 92' lang='lat' dir='ltr'><strong><em>ut</em></strong></span> <span class='ocrx_word' id='word_1_517' title='bbox 3197 761 3456 830; x_wconf 88' lang='lat' dir='ltr'><strong><em>probetur</em></strong></span> 
     </span>
    </p>
   </div>
   <div class='ocr_carea' id='block_1_66' title="bbox 1847 847 3454 924">
    <p class='ocr_par' dir='ltr' id='par_1_66' title="bbox 1847 847 3454 924">
     <span class='ocr_line' id='line_1_66' title="bbox 1847 847 3454 924; baseline 0.004 -25"><span class='ocrx_word' id='word_1_518' title='bbox 1847 847 2030 899; x_wconf 88' lang='lat' dir='ltr'><strong><em>omnia</em></strong></span> <span class='ocrx_word' id='word_1_519' title='bbox 2059 862 2187 901; x_wconf 78' lang='lat' dir='ltr'><strong><em>vere</em></strong></span> <span class='ocrx_word' id='word_1_520' title='bbox 2207 847 2332 902; x_wconf 85' lang='lat' dir='ltr'><strong><em>dici.</em></strong></span> <span class='ocrx_word' id='word_1_521' title='bbox 2366 847 2432 900; x_wconf 85' lang='lat' dir='ltr'><strong><em>Et</em></strong></span> <span class='ocrx_word' id='word_1_522' title='bbox 2455 866 2698 912; x_wconf 79' lang='lat' dir='ltr'><strong><em>persuaso</em></strong></span> <span class='ocrx_word' id='word_1_523' title='bbox 2718 891 2732 914; x_wconf 88' lang='lat'><strong><em>,</em></strong></span> <span class='ocrx_word' id='word_1_524' title='bbox 2769 849 2968 922; x_wconf 85' lang='lat' dir='ltr'><strong><em>inquit,</em></strong></span> <span class='ocrx_word' id='word_1_525' title='bbox 3000 850 3208 918; x_wconf 91' lang='lat' dir='ltr'><strong><em>Blasto,</em></strong></span> <span class='ocrx_word' id='word_1_526' title='bbox 3237 855 3324 924; x_wconf 90' lang='lat' dir='ltr'><strong><em>qui</em></strong></span> <span class='ocrx_word' id='word_1_527' title='bbox 3345 867 3454 908; x_wconf 84' lang='lat' dir='ltr'><strong><em>erat</em></strong></span> 
     </span>
    </p>
   </div>
   <div class='ocr_carea' id='block_1_67' title="bbox 1846 937 3450 1011">
    <p class='ocr_par' dir='ltr' id='par_1_67' title="bbox 1846 937 3450 1011">
     <span class='ocr_line' id='line_1_67' title="bbox 1846 937 3450 1011; baseline 0.006 -22"><span class='ocrx_word' id='word_1_528' title='bbox 1846 953 1999 1004; x_wconf 76' lang='lat' dir='ltr'><strong><em>super</em></strong></span> <span class='ocrx_word' id='word_1_529' title='bbox 2022 937 2309 991; x_wconf 85' lang='lat' dir='ltr'><strong><em>cubiculum</em></strong></span> <span class='ocrx_word' id='word_1_530' title='bbox 2331 941 2484 1010; x_wconf 81' lang='lat' dir='ltr'><strong><em>regis,</em></strong></span> <span class='ocrx_word' id='word_1_531' title='bbox 2512 942 2838 1004; x_wconf 85' lang='lat' dir='ltr'><strong><em>postulabant</em></strong></span> <span class='ocrx_word' id='word_1_532' title='bbox 2865 959 3058 1011; x_wconf 88' lang='lat' dir='ltr'><strong><em>pacem.</em></strong></span> <span class='ocrx_word' id='word_1_533' title='bbox 3085 943 3197 998; x_wconf 89' lang='lat' dir='ltr'><strong><em>Iloc</em></strong></span> <span class='ocrx_word' id='word_1_534' title='bbox 3217 943 3412 998; x_wconf 89' lang='lat' dir='ltr'><strong><em>lacinnl</em></strong></span> <span class='ocrx_word' id='word_1_535' title='bbox 3437 988 3450 1005; x_wconf 83' lang='lat'><strong><em>,</em></strong></span> 
     </span>
    </p>
   </div>
   <div class='ocr_carea' id='block_1_68' title="bbox 1844 1029 3452 1107">
    <p class='ocr_par' dir='ltr' id='par_1_68' title="bbox 1844 1029 3452 1107">
     <span class='ocr_line' id='line_1_68' title="bbox 1844 1029 3452 1107; baseline 0.007 -28"><span class='ocrx_word' id='word_1_536' title='bbox 1844 1030 1968 1098; x_wconf 90' lang='lat' dir='ltr'><strong><em>quia</em></strong></span> <span class='ocrx_word' id='word_1_537' title='bbox 1999 1029 2167 1085; x_wconf 86' lang='lat' dir='ltr'><strong><em>laines</em></strong></span> <span class='ocrx_word' id='word_1_538' title='bbox 2191 1041 2324 1085; x_wconf 88' lang='lat' dir='ltr'><strong><em>erat.</em></strong></span> <span class='ocrx_word' id='word_1_539' title='bbox 2353 1033 2560 1085; x_wconf 77' lang='lat' dir='ltr'><strong><em>Statum</em></strong></span> <span class='ocrx_word' id='word_1_540' title='bbox 2584 1045 2753 1086; x_wconf 84' lang='lat' dir='ltr'><strong><em>autem</em></strong></span> <span class='ocrx_word' id='word_1_541' title='bbox 2775 1035 2876 1099; x_wconf 83' lang='lat' dir='ltr'><strong><em>die,</em></strong></span> <span class='ocrx_word' id='word_1_542' title='bbox 2901 1038 3081 1091; x_wconf 83' lang='lat' dir='ltr'><strong><em>sedens</em></strong></span> <span class='ocrx_word' id='word_1_543' title='bbox 3104 1035 3335 1090; x_wconf 81' lang='lat' dir='ltr'><strong><em>Herodes</em></strong></span> <span class='ocrx_word' id='word_1_544' title='bbox 3360 1056 3452 1107; x_wconf 83' lang='lat' dir='ltr'><strong><em>pro</em></strong></span> 
     </span>
    </p>
   </div>
   <div class='ocr_carea' id='block_1_69' title="bbox 1844 1122 3447 1201">
    <p class='ocr_par' dir='ltr' id='par_1_69' title="bbox 1844 1122 3447 1201">
     <span class='ocr_line' id='line_1_69' title="bbox 1844 1122 3447 1201; baseline 0.007 -29"><span class='ocrx_word' id='word_1_545' title='bbox 1844 1122 2118 1187; x_wconf 84' lang='lat' dir='ltr'><strong><em>tribunali,</em></strong></span> <span class='ocrx_word' id='word_1_546' title='bbox 2152 1125 2521 1193; x_wconf 86' lang='lat' dir='ltr'><strong><em>concionatur,</em></strong></span> <span class='ocrx_word' id='word_1_547' title='bbox 2573 1126 2767 1196; x_wconf 84' lang='lat' dir='ltr'><strong><em>inquit.</em></strong></span> <span class='ocrx_word' id='word_1_548' title='bbox 2800 1126 3079 1199; x_wconf 79' lang='lat' dir='ltr'><strong><em>Confestim</em></strong></span> <span class='ocrx_word' id='word_1_549' title='bbox 3120 1142 3287 1184; x_wconf 87' lang='lat' dir='ltr'><strong><em>autem</em></strong></span> <span class='ocrx_word' id='word_1_550' title='bbox 3329 1148 3447 1201; x_wconf 82' lang='lat' dir='ltr'><strong><em>per-</em></strong></span> 
     </span>
    </p>
   </div>
   <div class='ocr_carea' id='block_1_70' title="bbox 1844 1213 3448 1288">
    <p class='ocr_par' dir='ltr' id='par_1_70' title="bbox 1844 1213 3448 1288">
     <span class='ocr_line' id='line_1_70' title="bbox 1844 1213 3448 1288; baseline 0.009 -25"><span class='ocrx_word' id='word_1_551' title='bbox 1844 1213 2000 1264; x_wconf 82' lang='lat' dir='ltr'><strong><em>cussit</em></strong></span> <span class='ocrx_word' id='word_1_552' title='bbox 2037 1229 2152 1266; x_wconf 86' lang='lat' dir='ltr'><strong><em>eum</em></strong></span> <span class='ocrx_word' id='word_1_553' title='bbox 2181 1216 2392 1285; x_wconf 87' lang='lat' dir='ltr'><strong><em>angelus</em></strong></span> <span class='ocrx_word' id='word_1_554' title='bbox 2429 1214 2638 1271; x_wconf 87' lang='lat' dir='ltr'><strong><em>Domini</em></strong></span> <span class='ocrx_word' id='word_1_555' title='bbox 2661 1233 2680 1271; x_wconf 89' lang='lat'><strong><em>:</em></strong></span> <span class='ocrx_word' id='word_1_556' title='bbox 2709 1229 2756 1272; x_wconf 88' lang='lat' dir='ltr'><strong><em>et</em></strong></span> <span class='ocrx_word' id='word_1_557' title='bbox 2784 1231 3112 1288; x_wconf 88' lang='lat' dir='ltr'><strong><em>consumptus</em></strong></span> <span class='ocrx_word' id='word_1_558' title='bbox 3141 1241 3174 1275; x_wconf 89' lang='lat' dir='ltr'><strong><em>a</em></strong></span> <span class='ocrx_word' id='word_1_559' title='bbox 3199 1225 3448 1277; x_wconf 74' lang='lat' dir='ltr'><strong><em>vermibus</em></strong></span> 
     </span>
    </p>
   </div>
   <div class='ocr_carea' id='block_1_71' title="bbox 1841 1306 2134 1375">
    <p class='ocr_par' dir='ltr' id='par_1_71' title="bbox 1841 1306 2134 1375">
     <span class='ocr_line' id='line_1_71' title="bbox 1841 1306 2134 1375; baseline 0.007 -18"><span class='ocrx_word' id='word_1_560' title='bbox 1841 1306 2134 1375; x_wconf 70' lang='lat' dir='ltr'><strong><em>exspiravit.</em></strong></span> 
     </span>
    </p>
   </div>
   <div class='ocr_carea' id='block_1_72' title="bbox 1911 1396 3446 1478">
    <p class='ocr_par' dir='ltr' id='par_1_72' title="bbox 1911 1396 3446 1478">
     <span class='ocr_line' id='line_1_72' title="bbox 1911 1396 3446 1478; baseline 0.01 -28"><span class='ocrx_word' id='word_1_561' title='bbox 1911 1396 1965 1450; x_wconf 74' lang='lat'><strong><em>2.</em></strong></span> <span class='ocrx_word' id='word_1_562' title='bbox 2000 1397 2113 1452; x_wconf 81' lang='lat' dir='ltr'><strong><em>Hoc</em></strong></span> <span class='ocrx_word' id='word_1_563' title='bbox 2138 1407 2192 1453; x_wconf 90' lang='lat' dir='ltr'><strong><em>et</em></strong></span> <span class='ocrx_word' id='word_1_564' title='bbox 2221 1398 2488 1471; x_wconf 83' lang='lat' dir='ltr'><strong><em>Josephus</em></strong></span> <span class='ocrx_word' id='word_1_565' title='bbox 2511 1402 2640 1458; x_wconf 89' lang='lat' dir='ltr'><strong><em>dicit</em></strong></span> <span class='ocrx_word' id='word_1_566' title='bbox 2671 1403 2770 1474; x_wconf 87' lang='lat' dir='ltr'><strong><em>(a),</em></strong></span> <span class='ocrx_word' id='word_1_567' title='bbox 2802 1405 2944 1474; x_wconf 87' lang='lat' dir='ltr'><strong><em>quod</em></strong></span> <span class='ocrx_word' id='word_1_568' title='bbox 2976 1407 3027 1461; x_wconf 94' lang='lat' dir='ltr'><strong><em>in</em></strong></span> <span class='ocrx_word' id='word_1_569' title='bbox 3054 1407 3275 1478; x_wconf 77' lang='lat' dir='ltr'><strong><em>longum</em></strong></span> <span class='ocrx_word' id='word_1_570' title='bbox 3299 1424 3446 1464; x_wconf 85' lang='lat' dir='ltr'><strong><em>mor-</em></strong></span> 
     </span>
    </p>
   </div>
   <div class='ocr_carea' id='block_1_73' title="bbox 1841 1486 3442 1568">
    <p class='ocr_par' dir='ltr' id='par_1_73' title="bbox 1841 1486 3442 1568">
     <span class='ocr_line' id='line_1_73' title="bbox 1841 1486 3442 1568; baseline 0.007 -26"><span class='ocrx_word' id='word_1_571' title='bbox 1841 1486 1963 1542; x_wconf 89' lang='lat' dir='ltr'><strong><em>bum</em></strong></span> <span class='ocrx_word' id='word_1_572' title='bbox 1997 1489 2262 1544; x_wconf 90' lang='lat' dir='ltr'><strong><em>inciderit.</em></strong></span> <span class='ocrx_word' id='word_1_573' title='bbox 2291 1492 2439 1546; x_wconf 85' lang='lat' dir='ltr'><strong><em>Multi</em></strong></span> <span class='ocrx_word' id='word_1_574' title='bbox 2471 1495 2649 1564; x_wconf 87' lang='lat' dir='ltr'><strong><em>itaque</em></strong></span> <span class='ocrx_word' id='word_1_575' title='bbox 2681 1497 2784 1551; x_wconf 89' lang='lat' dir='ltr'><strong><em>hoc</em></strong></span> <span class='ocrx_word' id='word_1_576' title='bbox 2815 1499 3128 1552; x_wconf 81' lang='lat' dir='ltr'><strong><em>nesciebant</em></strong></span> <span class='ocrx_word' id='word_1_577' title='bbox 3156 1518 3170 1560; x_wconf 86' lang='lat'><strong>;</strong></span> <span class='ocrx_word' id='word_1_578' title='bbox 3219 1511 3442 1568; x_wconf 87' lang='lat' dir='ltr'><strong><em>aposto-</em></strong></span> 
     </span>
    </p>
   </div>
   <div class='ocr_carea' id='block_1_74' title="bbox 1841 1578 3444 1660">
    <p class='ocr_par' dir='ltr' id='par_1_74' title="bbox 1841 1578 3444 1660">
     <span class='ocr_line' id='line_1_74' title="bbox 1841 1578 3444 1660; baseline 0.008 -27"><span class='ocrx_word' id='word_1_579' title='bbox 1841 1578 1925 1634; x_wconf 88' lang='lat' dir='ltr'><strong><em>lus</em></strong></span> <span class='ocrx_word' id='word_1_580' title='bbox 1949 1597 2076 1636; x_wconf 85' lang='lat' dir='ltr'><strong><em>vero</em></strong></span> <span class='ocrx_word' id='word_1_581' title='bbox 2101 1593 2301 1640; x_wconf 91' lang='lat' dir='ltr'><strong><em>narrat.</em></strong></span> <span class='ocrx_word' id='word_1_582' title='bbox 2332 1585 2526 1640; x_wconf 83' lang='lat' dir='ltr'><strong><em>Verum</em></strong></span> <span class='ocrx_word' id='word_1_583' title='bbox 2559 1588 2854 1657; x_wconf 83' lang='lat' dir='ltr'><strong><em>ignorantia</em></strong></span> <span class='ocrx_word' id='word_1_584' title='bbox 2885 1590 2985 1642; x_wconf 85' lang='lat' dir='ltr'><strong><em>illis</em></strong></span> <span class='ocrx_word' id='word_1_585' title='bbox 3019 1593 3290 1660; x_wconf 84' lang='lat' dir='ltr'><strong><em>proderat.</em></strong></span> <span class='ocrx_word' id='word_1_586' title='bbox 3314 1592 3444 1647; x_wconf 90' lang='lat' dir='ltr'><strong><em>dum</em></strong></span> 
     </span>
    </p>
   </div>
   <div class='ocr_carea' id='block_1_75' title="bbox 1841 1670 3446 1752">
    <p class='ocr_par' dir='ltr' id='par_1_75' title="bbox 1841 1670 3446 1752">
     <span class='ocr_line' id='line_1_75' title="bbox 1841 1670 3446 1752; baseline 0.007 -26"><span class='ocrx_word' id='word_1_587' title='bbox 1841 1670 2071 1727; x_wconf 83' lang='lat' dir='ltr'><strong><em>Herodis</em></strong></span> <span class='ocrx_word' id='word_1_588' title='bbox 2097 1689 2282 1729; x_wconf 85' lang='lat' dir='ltr'><strong><em>casum</em></strong></span> <span class='ocrx_word' id='word_1_589' title='bbox 2315 1679 2472 1731; x_wconf 87' lang='lat' dir='ltr'><strong><em>morti</em></strong></span> <span class='ocrx_word' id='word_1_590' title='bbox 2499 1677 2686 1734; x_wconf 80' lang='lat' dir='ltr'><strong><em>Jacobi</em></strong></span> <span class='ocrx_word' id='word_1_591' title='bbox 2715 1689 2770 1734; x_wconf 85' lang='lat' dir='ltr'><strong><em>ct</em></strong></span> <span class='ocrx_word' id='word_1_592' title='bbox 2796 1681 3025 1736; x_wconf 86' lang='lat' dir='ltr'><strong><em>militum</em></strong></span> <span class='ocrx_word' id='word_1_593' title='bbox 3049 1683 3180 1737; x_wconf 67' lang='lat' dir='ltr'><strong><em>caedi</em></strong></span> <span class='ocrx_word' id='word_1_594' title='bbox 3211 1685 3446 1752; x_wconf 87' lang='lat' dir='ltr'><strong><em>imputa-</em></strong></span> 
     </span>
    </p>
   </div>
   <div class='ocr_carea' id='block_1_76' title="bbox 1838 1765 3447 1841">
    <p class='ocr_par' dir='ltr' id='par_1_76' title="bbox 1838 1765 3447 1841">
     <span class='ocr_line' id='line_1_76' title="bbox 1838 1765 3447 1841; baseline 0.008 -23"><span class='ocrx_word' id='word_1_595' title='bbox 1838 1774 1978 1818; x_wconf 90' lang='lat' dir='ltr'><strong><em>rent.</em></strong></span> <span class='ocrx_word' id='word_1_596' title='bbox 2006 1765 2306 1836; x_wconf 77' lang='lat' dir='ltr'><strong><em>Perpende,</em></strong></span> <span class='ocrx_word' id='word_1_597' title='bbox 2349 1771 2565 1839; x_wconf 88' lang='lat' dir='ltr'><strong><em>quando</em></strong></span> <span class='ocrx_word' id='word_1_598' title='bbox 2590 1772 2894 1841; x_wconf 85' lang='lat' dir='ltr'><strong><em>apostolum</em></strong></span> <span class='ocrx_word' id='word_1_599' title='bbox 2925 1775 3143 1840; x_wconf 89' lang='lat' dir='ltr'><strong><em>oceidit,</em></strong></span> <span class='ocrx_word' id='word_1_600' title='bbox 3175 1777 3310 1830; x_wconf 85' lang='lat' dir='ltr'><strong><em>nihil</em></strong></span> <span class='ocrx_word' id='word_1_601' title='bbox 3340 1779 3447 1831; x_wconf 86' lang='lat' dir='ltr'><strong><em>tale</em></strong></span> 
     </span>
    </p>
   </div>
   <div class='ocr_carea' id='block_1_77' title="bbox 1839 1854 3446 1939">
    <p class='ocr_par' dir='ltr' id='par_1_77' title="bbox 1839 1854 3446 1939">
     <span class='ocr_line' id='line_1_77' title="bbox 1839 1854 3446 1939; baseline 0.009 -29"><span class='ocrx_word' id='word_1_602' title='bbox 1839 1854 1966 1912; x_wconf 76' lang='lat' dir='ltr'><strong><em>fecit</em></strong></span> <span class='ocrx_word' id='word_1_603' title='bbox 1996 1875 2009 1912; x_wconf 90' lang='lat'><strong>:</strong></span> <span class='ocrx_word' id='word_1_604' title='bbox 2040 1860 2255 1927; x_wconf 90' lang='lat' dir='ltr'><strong><em>quando</em></strong></span> <span class='ocrx_word' id='word_1_605' title='bbox 2282 1861 2422 1925; x_wconf 89' lang='lat' dir='ltr'><strong><em>illos,</em></strong></span> <span class='ocrx_word' id='word_1_606' title='bbox 2450 1863 2580 1919; x_wconf 90' lang='lat' dir='ltr'><strong><em>nihil</em></strong></span> <span class='ocrx_word' id='word_1_607' title='bbox 2610 1863 2844 1920; x_wconf 86' lang='lat' dir='ltr'><strong><em>dicebat.</em></strong></span> <span class='ocrx_word' id='word_1_608' title='bbox 2877 1865 3073 1934; x_wconf 86' lang='lat' dir='ltr'><strong><em>Utpote</em></strong></span> <span class='ocrx_word' id='word_1_609' title='bbox 3098 1867 3294 1923; x_wconf 83' lang='lat' dir='ltr'><strong><em>dubius</em></strong></span> <span class='ocrx_word' id='word_1_610' title='bbox 3316 1885 3446 1939; x_wconf 84' lang='lat' dir='ltr'><strong><em>ergo</em></strong></span> 
     </span>
    </p>
   </div>
   <div class='ocr_carea' id='block_1_78' title="bbox 1838 1951 3442 2026">
    <p class='ocr_par' dir='ltr' id='par_1_78' title="bbox 1838 1951 3442 2026">
     <span class='ocr_line' id='line_1_78' title="bbox 1838 1951 3442 2026; baseline 0.007 -22"><span class='ocrx_word' id='word_1_611' title='bbox 1838 1961 1892 2005; x_wconf 89' lang='lat' dir='ltr'><strong><em>et</em></strong></span> <span class='ocrx_word' id='word_1_612' title='bbox 1920 1951 2178 2006; x_wconf 81' lang='lat' dir='ltr'><strong><em>confusus</em></strong></span> <span class='ocrx_word' id='word_1_613' title='bbox 2209 1971 2276 2009; x_wconf 82' lang='lat' dir='ltr'><strong><em>ex</em></strong></span> <span class='ocrx_word' id='word_1_614' title='bbox 2301 1953 2484 2010; x_wconf 66' lang='lat' dir='ltr'><strong><em>ludam</em></strong></span> <span class='ocrx_word' id='word_1_615' title='bbox 2515 1957 2819 2014; x_wconf 69' lang='lat' dir='ltr'><strong><em>Cmsareani</em></strong></span> <span class='ocrx_word' id='word_1_616' title='bbox 2854 1961 3016 2014; x_wconf 87' lang='lat' dir='ltr'><strong><em>venit.</em></strong></span> <span class='ocrx_word' id='word_1_617' title='bbox 3055 1961 3180 2015; x_wconf 79' lang='lat' dir='ltr'><strong><em>Mihi</em></strong></span> <span class='ocrx_word' id='word_1_618' title='bbox 3211 1962 3442 2026; x_wconf 80' lang='lat' dir='ltr'><strong><em>videtur,</em></strong></span> 
     </span>
    </p>
   </div>
   <div class='ocr_carea' id='block_1_79' title="bbox 1837 2043 3446 2117">
    <p class='ocr_par' dir='ltr' id='par_1_79' title="bbox 1837 2043 3446 2117">
     <span class='ocr_line' id='line_1_79' title="bbox 1837 2043 3446 2117; baseline 0.008 -22"><span class='ocrx_word' id='word_1_619' title='bbox 1837 2056 1958 2095; x_wconf 84' lang='lat' dir='ltr'><strong><em>eum</em></strong></span> <span class='ocrx_word' id='word_1_620' title='bbox 2003 2043 2128 2098; x_wconf 88' lang='lat' dir='ltr'><strong><em>illos</em></strong></span> <span class='ocrx_word' id='word_1_621' title='bbox 2159 2045 2428 2100; x_wconf 86' lang='lat' dir='ltr'><strong><em>abducere</em></strong></span> <span class='ocrx_word' id='word_1_622' title='bbox 2460 2048 2660 2114; x_wconf 84' lang='lat' dir='ltr'><strong><em>vellet,</em></strong></span> <span class='ocrx_word' id='word_1_623' title='bbox 2694 2049 2760 2103; x_wconf 88' lang='lat' dir='ltr'><strong><em>ad</em></strong></span> <span class='ocrx_word' id='word_1_624' title='bbox 2796 2049 2894 2104; x_wconf 90' lang='lat' dir='ltr'><strong><em>hos</em></strong></span> <span class='ocrx_word' id='word_1_625' title='bbox 2938 2051 3151 2106; x_wconf 81' lang='lat' dir='ltr'><strong><em>venisse</em></strong></span> <span class='ocrx_word' id='word_1_626' title='bbox 3172 2093 3186 2117; x_wconf 93' lang='lat'><strong><em>,</em></strong></span> <span class='ocrx_word' id='word_1_627' title='bbox 3219 2064 3274 2105; x_wconf 88' lang='lat' dir='ltr'><strong><em>ut</em></strong></span> <span class='ocrx_word' id='word_1_628' title='bbox 3323 2069 3446 2108; x_wconf 86' lang='lat' dir='ltr'><strong><em>sese</em></strong></span> 
     </span>
    </p>
   </div>
   <div class='ocr_carea' id='block_1_80' title="bbox 1838 2137 3444 2215">
    <p class='ocr_par' dir='ltr' id='par_1_80' title="bbox 1838 2137 3444 2215">
     <span class='ocr_line' id='line_1_80' title="bbox 1838 2137 3444 2215; baseline 0.009 -30"><span class='ocrx_word' id='word_1_629' title='bbox 1838 2145 2090 2205; x_wconf 74' lang='lat' dir='ltr'><strong><em>purgaret</em></strong></span> <span class='ocrx_word' id='word_1_630' title='bbox 2120 2153 2135 2200; x_wconf 91' lang='lat'><strong>;</strong></span> <span class='ocrx_word' id='word_1_631' title='bbox 2169 2137 2502 2192; x_wconf 87' lang='lat' dir='ltr'><strong><em>irascebatur</em></strong></span> <span class='ocrx_word' id='word_1_632' title='bbox 2529 2141 2674 2194; x_wconf 91' lang='lat' dir='ltr'><strong><em>enim</em></strong></span> <span class='ocrx_word' id='word_1_633' title='bbox 2722 2142 2851 2206; x_wconf 90' lang='lat' dir='ltr'><strong><em>illis,</em></strong></span> <span class='ocrx_word' id='word_1_634' title='bbox 2883 2143 3009 2197; x_wconf 90' lang='lat' dir='ltr'><strong><em>dum</em></strong></span> <span class='ocrx_word' id='word_1_635' title='bbox 3041 2144 3123 2198; x_wconf 88' lang='lat' dir='ltr'><strong><em>his</em></strong></span> <span class='ocrx_word' id='word_1_636' title='bbox 3159 2145 3237 2198; x_wconf 88' lang='lat' dir='ltr'><strong><em>sic</em></strong></span> <span class='ocrx_word' id='word_1_637' title='bbox 3274 2146 3444 2215; x_wconf 76' lang='lat' dir='ltr'><strong><em>grati-</em></strong></span> 
     </span>
    </p>
   </div>
   <div class='ocr_carea' id='block_1_81' title="bbox 1837 2218 3447 2305">
    <p class='ocr_par' dir='ltr' id='par_1_81' title="bbox 1837 2218 3447 2305">
     <span class='ocr_line' id='line_1_81' title="bbox 1837 2218 3447 2305; baseline 0.007 -25"><span class='ocrx_word' id='word_1_638' title='bbox 1837 2225 2111 2284; x_wconf 82' lang='lat' dir='ltr'><strong><em>ﬁcaretur.</em></strong></span> <span class='ocrx_word' id='word_1_639' title='bbox 2143 2228 2274 2282; x_wconf 83' lang='lat' dir='ltr'><strong><em>Vide</em></strong></span> <span class='ocrx_word' id='word_1_640' title='bbox 2302 2246 2462 2302; x_wconf 79' lang='lat' dir='ltr'><strong><em>qnam</em></strong></span> <span class='ocrx_word' id='word_1_641' title='bbox 2494 2218 2645 2286; x_wconf 65' lang='lat' dir='ltr'><strong><em>vanae</em></strong></span> <span class='ocrx_word' id='word_1_642' title='bbox 2673 2232 2860 2304; x_wconf 74' lang='lat' dir='ltr'><strong><em>gloria:</em></strong></span> <span class='ocrx_word' id='word_1_643' title='bbox 2907 2234 3136 2305; x_wconf 91' lang='lat' dir='ltr'><strong><em>cupidus</em></strong></span> <span class='ocrx_word' id='word_1_644' title='bbox 3163 2231 3324 2289; x_wconf 85' lang='lat' dir='ltr'><strong><em>homo</em></strong></span> <span class='ocrx_word' id='word_1_645' title='bbox 3359 2251 3447 2292; x_wconf 42' lang='lat' dir='ltr'><strong><em>es-</em></strong></span> 
     </span>
    </p>
   </div>
   <div class='ocr_carea' id='block_1_82' title="bbox 1835 2320 3445 2397">
    <p class='ocr_par' dir='ltr' id='par_1_82' title="bbox 1835 2320 3445 2397">
     <span class='ocr_line' id='line_1_82' title="bbox 1835 2320 3445 2397; baseline 0.004 -21"><span class='ocrx_word' id='word_1_646' title='bbox 1835 2331 1936 2376; x_wconf 87' lang='lat' dir='ltr'><strong><em>set.</em></strong></span> <span class='ocrx_word' id='word_1_647' title='bbox 1972 2320 2209 2377; x_wconf 82' lang='lat' dir='ltr'><strong><em>Gratiam</em></strong></span> <span class='ocrx_word' id='word_1_648' title='bbox 2256 2323 2357 2378; x_wconf 91' lang='lat' dir='ltr'><strong><em>illis</em></strong></span> <span class='ocrx_word' id='word_1_649' title='bbox 2385 2324 2609 2379; x_wconf 83' lang='lat' dir='ltr'><strong><em>daturus</em></strong></span> <span class='ocrx_word' id='word_1_650' title='bbox 2638 2326 2996 2381; x_wconf 83' lang='lat' dir='ltr'><strong><em>concionatus</em></strong></span> <span class='ocrx_word' id='word_1_651' title='bbox 3024 2336 3129 2382; x_wconf 91' lang='lat' dir='ltr'><strong><em>est.</em></strong></span> <span class='ocrx_word' id='word_1_652' title='bbox 3170 2326 3445 2397; x_wconf 69' lang='lat' dir='ltr'><strong><em>Iosephus</em></strong></span> 
     </span>
    </p>
   </div>
   <div class='ocr_carea' id='block_1_83' title="bbox 1836 2409 3444 2491">
    <p class='ocr_par' dir='ltr' id='par_1_83' title="bbox 1836 2409 3444 2491">
     <span class='ocr_line' id='line_1_83' title="bbox 1836 2409 3444 2491; baseline 0.007 -27"><span class='ocrx_word' id='word_1_653' title='bbox 1836 2409 1965 2467; x_wconf 82' lang='lat' dir='ltr'><strong><em>vero</em></strong></span> <span class='ocrx_word' id='word_1_654' title='bbox 2012 2414 2106 2478; x_wconf 89' lang='lat' dir='ltr'><strong><em>ait,</em></strong></span> <span class='ocrx_word' id='word_1_655' title='bbox 2139 2416 2492 2490; x_wconf 55' lang='lat' dir='ltr'><strong><em>ipsnmyeste</em></strong></span> <span class='ocrx_word' id='word_1_656' title='bbox 2544 2418 2827 2487; x_wconf 87' lang='lat' dir='ltr'><strong><em>splendida</em></strong></span> <span class='ocrx_word' id='word_1_657' title='bbox 2857 2430 2912 2475; x_wconf 86' lang='lat' dir='ltr'><strong><em>et</em></strong></span> <span class='ocrx_word' id='word_1_658' title='bbox 2961 2429 3186 2491; x_wconf 80' lang='lat' dir='ltr'><strong><em>argento</em></strong></span> <span class='ocrx_word' id='word_1_659' title='bbox 3235 2422 3444 2477; x_wconf 75' lang='lat' dir='ltr'><strong><em>intexta</em></strong></span> 
     </span>
    </p>
   </div>
   <div class='ocr_carea' id='block_1_84' title="bbox 1834 2504 3446 2580">
    <p class='ocr_par' dir='ltr' id='par_1_84' title="bbox 1834 2504 3446 2580">
     <span class='ocr_line' id='line_1_84' title="bbox 1834 2504 3446 2580; baseline 0.005 -23"><span class='ocrx_word' id='word_1_660' title='bbox 1834 2505 2090 2559; x_wconf 86' lang='lat' dir='ltr'><strong><em>amictum</em></strong></span> <span class='ocrx_word' id='word_1_661' title='bbox 2123 2504 2310 2561; x_wconf 68' lang='lat' dir='ltr'><strong><em>fuisse.</em></strong></span> <span class='ocrx_word' id='word_1_662' title='bbox 2341 2507 2476 2562; x_wconf 83' lang='lat' dir='ltr'><strong><em>Vide</em></strong></span> <span class='ocrx_word' id='word_1_663' title='bbox 2503 2509 2668 2565; x_wconf 81' lang='lat' dir='ltr'><strong><em>etiam</em></strong></span> <span class='ocrx_word' id='word_1_664' title='bbox 2709 2526 2870 2580; x_wconf 89' lang='lat' dir='ltr'><strong><em>quam</em></strong></span> <span class='ocrx_word' id='word_1_665' title='bbox 2905 2510 3215 2567; x_wconf 86' lang='lat' dir='ltr'><strong><em>adulatores</em></strong></span> <span class='ocrx_word' id='word_1_666' title='bbox 3262 2522 3446 2569; x_wconf 86' lang='lat' dir='ltr'><strong><em>essent</em></strong></span> 
     </span>
    </p>
   </div>
   <div class='ocr_carea' id='block_1_85' title="bbox 1834 2596 3442 2674">
    <p class='ocr_par' dir='ltr' id='par_1_85' title="bbox 1834 2596 3442 2674">
     <span class='ocr_line' id='line_1_85' title="bbox 1834 2596 3442 2674; baseline 0.007 -25"><span class='ocrx_word' id='word_1_667' title='bbox 1834 2596 1949 2660; x_wconf 84' lang='lat' dir='ltr'><strong><em>illi,</em></strong></span> <span class='ocrx_word' id='word_1_668' title='bbox 1995 2607 2047 2651; x_wconf 88' lang='lat' dir='ltr'><strong><em>et</em></strong></span> <span class='ocrx_word' id='word_1_669' title='bbox 2075 2599 2440 2668; x_wconf 87' lang='lat' dir='ltr'><strong><em>apostolorum</em></strong></span> <span class='ocrx_word' id='word_1_670' title='bbox 2483 2607 2723 2656; x_wconf 86' lang='lat' dir='ltr'><strong><em>sensum.</em></strong></span> <span class='ocrx_word' id='word_1_671' title='bbox 2756 2603 2925 2669; x_wconf 80' lang='lat' dir='ltr'><strong><em>Quem</em></strong></span> <span class='ocrx_word' id='word_1_672' title='bbox 2969 2604 3113 2658; x_wconf 91' lang='lat' dir='ltr'><strong><em>enim</em></strong></span> <span class='ocrx_word' id='word_1_673' title='bbox 3153 2619 3289 2674; x_wconf 78' lang='lat' dir='ltr'><strong><em>gens</em></strong></span> <span class='ocrx_word' id='word_1_674' title='bbox 3332 2615 3442 2660; x_wconf 86' lang='lat' dir='ltr'><strong><em>tota</em></strong></span> 
     </span>
    </p>
   </div>
   <div class='ocr_carea' id='block_1_86' title="bbox 1833 2692 3437 2764">
    <p class='ocr_par' dir='ltr' id='par_1_86' title="bbox 1833 2692 3437 2764">
     <span class='ocr_line' id='line_1_86' title="bbox 1833 2692 3437 2764; baseline 0.004 -20"><span class='ocrx_word' id='word_1_675' title='bbox 1833 2692 2067 2758; x_wconf 86' lang='lat' dir='ltr'><strong><em>eolcbat,</em></strong></span> <span class='ocrx_word' id='word_1_676' title='bbox 2101 2692 2252 2748; x_wconf 87' lang='lat' dir='ltr'><strong><em>hunc</em></strong></span> <span class='ocrx_word' id='word_1_677' title='bbox 2276 2695 2350 2748; x_wconf 94' lang='lat' dir='ltr'><strong><em>illi</em></strong></span> <span class='ocrx_word' id='word_1_678' title='bbox 2383 2695 2733 2764; x_wconf 86' lang='lat' dir='ltr'><strong><em>respuebant.</em></strong></span> <span class='ocrx_word' id='word_1_679' title='bbox 2766 2695 2917 2751; x_wconf 82' lang='lat' dir='ltr'><strong><em>Tunc</em></strong></span> <span class='ocrx_word' id='word_1_680' title='bbox 2968 2697 3072 2750; x_wconf 84' lang='lat' dir='ltr'><strong><em>illis</em></strong></span> <span class='ocrx_word' id='word_1_681' title='bbox 3113 2697 3298 2752; x_wconf 85' lang='lat' dir='ltr'><strong><em>datum</em></strong></span> <span class='ocrx_word' id='word_1_682' title='bbox 3335 2709 3437 2762; x_wconf 90' lang='lat' dir='ltr'><strong><em>est,</em></strong></span> 
     </span>
    </p>
   </div>
   <div class='ocr_carea' id='block_1_87' title="bbox 1836 2787 3441 2858">
    <p class='ocr_par' dir='ltr' id='par_1_87' title="bbox 1836 2787 3441 2858">
     <span class='ocr_line' id='line_1_87' title="bbox 1836 2787 3441 2858; baseline 0.002 -20"><span class='ocrx_word' id='word_1_683' title='bbox 1836 2795 1892 2838; x_wconf 82' lang='lat' dir='ltr'><strong><em>tit</em></strong></span> <span class='ocrx_word' id='word_1_684' title='bbox 1924 2787 2272 2854; x_wconf 88' lang='lat' dir='ltr'><strong><em>respirarent,</em></strong></span> <span class='ocrx_word' id='word_1_685' title='bbox 2309 2796 2363 2841; x_wconf 87' lang='lat' dir='ltr'><strong><em>et</em></strong></span> <span class='ocrx_word' id='word_1_686' title='bbox 2392 2788 2558 2841; x_wconf 90' lang='lat' dir='ltr'><strong><em>multa</em></strong></span> <span class='ocrx_word' id='word_1_687' title='bbox 2587 2796 2737 2858; x_wconf 86' lang='lat' dir='ltr'><strong><em>parta</em></strong></span> <span class='ocrx_word' id='word_1_688' title='bbox 2765 2798 2891 2842; x_wconf 89' lang='lat' dir='ltr'><strong><em>sunt</em></strong></span> <span class='ocrx_word' id='word_1_689' title='bbox 2919 2790 3056 2842; x_wconf 86' lang='lat' dir='ltr'><strong><em>bona</em></strong></span> <span class='ocrx_word' id='word_1_690' title='bbox 3081 2803 3148 2843; x_wconf 85' lang='lat' dir='ltr'><strong><em>ex</em></strong></span> <span class='ocrx_word' id='word_1_691' title='bbox 3180 2789 3323 2843; x_wconf 85' lang='lat' dir='ltr'><strong><em>illius</em></strong></span> <span class='ocrx_word' id='word_1_692' title='bbox 3360 2790 3441 2844; x_wconf 89' lang='lat' dir='ltr'><strong><em>ul-</em></strong></span> 
     </span>
    </p>
   </div>
   <div class='ocr_carea' id='block_1_88' title="bbox 1835 2877 3437 2947">
    <p class='ocr_par' dir='ltr' id='par_1_88' title="bbox 1835 2877 3437 2947">
     <span class='ocr_line' id='line_1_88' title="bbox 1835 2877 3437 2947; baseline 0.004 -17"><span class='ocrx_word' id='word_1_693' title='bbox 1835 2877 2000 2932; x_wconf 87' lang='lat' dir='ltr'><strong><em>tione.</em></strong></span> <span class='ocrx_word' id='word_1_694' title='bbox 2030 2878 2182 2944; x_wconf 79' lang='lat' dir='ltr'><strong><em>Quod</em></strong></span> <span class='ocrx_word' id='word_1_695' title='bbox 2205 2879 2249 2932; x_wconf 92' lang='lat' dir='ltr'><strong><em>si</em></strong></span> <span class='ocrx_word' id='word_1_696' title='bbox 2283 2881 2370 2934; x_wconf 86' lang='lat' dir='ltr'><strong><em>ille</em></strong></span> <span class='ocrx_word' id='word_1_697' title='bbox 2400 2880 2502 2934; x_wconf 90' lang='lat' dir='ltr'><strong><em>hoc</em></strong></span> <span class='ocrx_word' id='word_1_698' title='bbox 2527 2880 2733 2945; x_wconf 91' lang='lat' dir='ltr'><strong><em>audito,</em></strong></span> <span class='ocrx_word' id='word_1_699' title='bbox 2779 2879 2890 2936; x_wconf 77' lang='lat' dir='ltr'><strong><em>Vox</em></strong></span> <span class='ocrx_word' id='word_1_700' title='bbox 2912 2880 3036 2947; x_wconf 88' lang='lat' dir='ltr'><strong><em>Dei,</em></strong></span> <span class='ocrx_word' id='word_1_701' title='bbox 3064 2898 3166 2936; x_wconf 92' lang='lat' dir='ltr'><strong><em>non</em></strong></span> <span class='ocrx_word' id='word_1_702' title='bbox 3197 2883 3437 2946; x_wconf 87' lang='lat' dir='ltr'><strong><em>hominis,</em></strong></span> 
     </span>
    </p>
   </div>
   <div class='ocr_carea' id='block_1_89' title="bbox 1833 2969 3440 3044">
    <p class='ocr_par' dir='ltr' id='par_1_89' title="bbox 1833 2969 3440 3044">
     <span class='ocr_line' id='line_1_89' title="bbox 1833 2969 3440 3044; baseline 0.004 -22"><span class='ocrx_word' id='word_1_703' title='bbox 1833 2969 1956 3024; x_wconf 84' lang='lat' dir='ltr'><strong><em>licet</em></strong></span> <span class='ocrx_word' id='word_1_704' title='bbox 1985 2970 2114 3024; x_wconf 91' lang='lat' dir='ltr'><strong><em>nihil</em></strong></span> <span class='ocrx_word' id='word_1_705' title='bbox 2167 2973 2404 3036; x_wconf 77' lang='lat' dir='ltr'><strong><em>dixerit,</em></strong></span> <span class='ocrx_word' id='word_1_706' title='bbox 2440 2973 2563 3027; x_wconf 83' lang='lat' dir='ltr'><strong><em>talia</em></strong></span> <span class='ocrx_word' id='word_1_707' title='bbox 2616 2988 2805 3042; x_wconf 87' lang='lat' dir='ltr'><strong><em>passus</em></strong></span> <span class='ocrx_word' id='word_1_708' title='bbox 2851 2984 2975 3028; x_wconf 82' lang='lat' dir='ltr'><strong><em>est:</em></strong></span> <span class='ocrx_word' id='word_1_709' title='bbox 3016 2975 3188 3029; x_wconf 90' lang='lat' dir='ltr'><strong><em>multo</em></strong></span> <span class='ocrx_word' id='word_1_710' title='bbox 3235 2974 3440 3044; x_wconf 85' lang='lat' dir='ltr'><strong><em>majora</em></strong></span> 
     </span>
    </p>
   </div>
   <div class='ocr_carea' id='block_1_90' title="bbox 1831 3062 3440 3135">
    <p class='ocr_par' dir='ltr' id='par_1_90' title="bbox 1831 3062 3440 3135">
     <span class='ocr_line' id='line_1_90' title="bbox 1831 3062 3440 3135; baseline 0 -17"><span class='ocrx_word' id='word_1_711' title='bbox 1831 3062 2101 3128; x_wconf 88' lang='lat' dir='ltr'><strong><em>Christus,</em></strong></span> <span class='ocrx_word' id='word_1_712' title='bbox 2131 3064 2175 3118; x_wconf 87' lang='lat' dir='ltr'><strong><em>si</em></strong></span> <span class='ocrx_word' id='word_1_713' title='bbox 2204 3064 2345 3117; x_wconf 86' lang='lat' dir='ltr'><strong><em>Deus</em></strong></span> <span class='ocrx_word' id='word_1_714' title='bbox 2373 3080 2478 3117; x_wconf 93' lang='lat' dir='ltr'><strong><em>non</em></strong></span> <span class='ocrx_word' id='word_1_715' title='bbox 2509 3063 2701 3119; x_wconf 79' lang='lat' dir='ltr'><strong><em>luisset</em></strong></span> <span class='ocrx_word' id='word_1_716' title='bbox 2721 3106 2735 3128; x_wconf 89' lang='lat'><strong><em>,</em></strong></span> <span class='ocrx_word' id='word_1_717' title='bbox 2762 3080 2952 3134; x_wconf 85' lang='lat' dir='ltr'><strong><em>passus</em></strong></span> <span class='ocrx_word' id='word_1_718' title='bbox 2979 3075 3144 3128; x_wconf 55' lang='lat' dir='ltr'><strong><em>esset,</em></strong></span> <span class='ocrx_word' id='word_1_719' title='bbox 3179 3066 3266 3135; x_wconf 91' lang='lat' dir='ltr'><strong><em>qui</em></strong></span> <span class='ocrx_word' id='word_1_720' title='bbox 3294 3080 3440 3120; x_wconf 88' lang='lat' dir='ltr'><strong><em>sem-</em></strong></span> 
     </span>
    </p>
   </div>
   <div class='ocr_carea' id='block_1_91' title="bbox 1835 3155 3442 3224">
    <p class='ocr_par' dir='ltr' id='par_1_91' title="bbox 1835 3155 3442 3224">
     <span class='ocr_line' id='line_1_91' title="bbox 1835 3155 3442 3224; baseline 0.001 -15"><span class='ocrx_word' id='word_1_721' title='bbox 1835 3173 1930 3224; x_wconf 87' lang='lat' dir='ltr'><strong><em>per</em></strong></span> <span class='ocrx_word' id='word_1_722' title='bbox 1953 3157 2191 3220; x_wconf 88' lang='lat' dir='ltr'><strong><em>dicebat,</em></strong></span> <span class='ocrx_word' id='word_1_723' title='bbox 2234 3155 2393 3211; x_wconf 79' lang='lat' dir='ltr'><strong><em>Verba</em></strong></span> <span class='ocrx_word' id='word_1_724' title='bbox 2423 3175 2533 3210; x_wconf 88' lang='lat' dir='ltr'><strong><em>mea</em></strong></span> <span class='ocrx_word' id='word_1_725' title='bbox 2559 3173 2662 3211; x_wconf 91' lang='lat' dir='ltr'><strong><em>non</em></strong></span> <span class='ocrx_word' id='word_1_726' title='bbox 2690 3175 2798 3212; x_wconf 81' lang='lat' dir='ltr'><strong><em>mea</em></strong></span> <span class='ocrx_word' id='word_1_727' title='bbox 2826 3168 2964 3220; x_wconf 87' lang='lat' dir='ltr'><strong><em>sunt,</em></strong></span> <span class='ocrx_word' id='word_1_728' title='bbox 2988 3169 3064 3223; x_wconf 92' lang='lat' dir='ltr'><strong><em>et,</em></strong></span> <span class='ocrx_word' id='word_1_729' title='bbox 3095 3158 3321 3212; x_wconf 76' lang='lat' dir='ltr'><strong><em>Miuistri</em></strong></span> <span class='ocrx_word' id='word_1_730' title='bbox 3343 3159 3442 3212; x_wconf 82' lang='lat' dir='ltr'><strong><em>mei</em></strong></span> 
     </span>
    </p>
   </div>
   <div class='ocr_carea' id='block_1_92' title="bbox 1832 3247 3441 3322">
    <p class='ocr_par' dir='ltr' id='par_1_92' title="bbox 1832 3247 3441 3322">
     <span class='ocr_line' id='line_1_92' title="bbox 1832 3247 3441 3322; baseline 0.003 -23"><span class='ocrx_word' id='word_1_731' title='bbox 1832 3247 2004 3319; x_wconf 88' lang='lat' dir='ltr'><strong><em>utique</em></strong></span> <span class='ocrx_word' id='word_1_732' title='bbox 2034 3249 2344 3302; x_wconf 87' lang='lat' dir='ltr'><strong><em>decertarent</em></strong></span> <span class='ocrx_word' id='word_1_733' title='bbox 2395 3248 2587 3322; x_wconf 85' lang='lat' dir='ltr'><strong><em>(Joan.</em></strong></span> <span class='ocrx_word' id='word_1_734' title='bbox 2632 3252 2723 3304; x_wconf 77' lang='grc'><strong>14.</strong></span> <span class='ocrx_word' id='word_1_735' title='bbox 2770 3249 2859 3304; x_wconf 80' lang='grc'><strong><em>10.</em></strong></span> <span class='ocrx_word' id='word_1_736' title='bbox 2904 3261 2951 3304; x_wconf 88' lang='lat' dir='ltr'><strong><em>et</em></strong></span> <span class='ocrx_word' id='word_1_737' title='bbox 2993 3251 3078 3306; x_wconf 77' lang='lat' dir='ltr'><strong><em>l8.</em></strong></span> <span class='ocrx_word' id='word_1_738' title='bbox 3112 3251 3242 3322; x_wconf 83' lang='lat'><strong><em>56),</em></strong></span> <span class='ocrx_word' id='word_1_739' title='bbox 3291 3251 3441 3304; x_wconf 66' lang='lat' dir='ltr'><strong><em>sitni-</em></strong></span> 
     </span>
    </p>
   </div>
   <div class='ocr_carea' id='block_1_93' title="bbox 1833 3339 3438 3409">
    <p class='ocr_par' dir='ltr' id='par_1_93' title="bbox 1833 3339 3438 3409">
     <span class='ocr_line' id='line_1_93' title="bbox 1833 3339 3438 3409; baseline 0.002 -16"><span class='ocrx_word' id='word_1_740' title='bbox 1833 3339 2028 3409; x_wconf 85' lang='lat' dir='ltr'><strong><em>liaque.</em></strong></span> <span class='ocrx_word' id='word_1_741' title='bbox 2057 3341 2148 3396; x_wconf 88' lang='lat' dir='ltr'><strong><em>Ille</em></strong></span> <span class='ocrx_word' id='word_1_742' title='bbox 2176 3358 2305 3396; x_wconf 80' lang='lat' dir='ltr'><strong><em>vero</em></strong></span> <span class='ocrx_word' id='word_1_743' title='bbox 2343 3342 2484 3398; x_wconf 65' lang='lat' dir='ltr'><strong><em>finde</em></strong></span> <span class='ocrx_word' id='word_1_744' title='bbox 2515 3354 2568 3398; x_wconf 86' lang='lat' dir='ltr'><strong><em>et</em></strong></span> <span class='ocrx_word' id='word_1_745' title='bbox 2596 3344 2974 3399; x_wconf 82' lang='lat' dir='ltr'><strong><em>miserabiliter</em></strong></span> <span class='ocrx_word' id='word_1_746' title='bbox 3007 3346 3167 3398; x_wconf 83' lang='lat' dir='ltr'><strong><em>vitam</em></strong></span> <span class='ocrx_word' id='word_1_747' title='bbox 3204 3345 3438 3408; x_wconf 86' lang='lat' dir='ltr'><strong><em>clausit;</em></strong></span> 
     </span>
    </p>
   </div>
   <div class='ocr_carea' id='block_1_94' title="bbox 1833 3434 3443 3510">
    <p class='ocr_par' dir='ltr' id='par_1_94' title="bbox 1833 3434 3443 3510">
     <span class='ocr_line' id='line_1_94' title="bbox 1833 3434 3443 3510; baseline 0.003 -25"><span class='ocrx_word' id='word_1_748' title='bbox 1833 3443 1887 3485; x_wconf 80' lang='lat' dir='ltr'><strong><em>et</em></strong></span> <span class='ocrx_word' id='word_1_749' title='bbox 1937 3434 2067 3488; x_wconf 89' lang='lat' dir='ltr'><strong><em>nihil</em></strong></span> <span class='ocrx_word' id='word_1_750' title='bbox 2117 3449 2184 3489; x_wconf 82' lang='lat' dir='ltr'><strong><em>ex</em></strong></span> <span class='ocrx_word' id='word_1_751' title='bbox 2232 3449 2298 3489; x_wconf 88' lang='lat' dir='ltr'><strong><em>eo</em></strong></span> <span class='ocrx_word' id='word_1_752' title='bbox 2320 3437 2609 3506; x_wconf 90' lang='lat' dir='ltr'><strong><em>reliquum.</em></strong></span> <span class='ocrx_word' id='word_1_753' title='bbox 2663 3437 2944 3507; x_wconf 84' lang='lat' dir='ltr'><strong><em>Perpende</em></strong></span> <span class='ocrx_word' id='word_1_754' title='bbox 2993 3439 3120 3493; x_wconf 90' lang='lat' dir='ltr'><strong><em>item</em></strong></span> <span class='ocrx_word' id='word_1_755' title='bbox 3169 3441 3443 3510; x_wconf 88' lang='lat' dir='ltr'><strong><em>quomodo</em></strong></span> 
     </span>
    </p>
   </div>
   <div class='ocr_carea' id='block_1_95' title="bbox 1835 3524 3443 3593">
    <p class='ocr_par' dir='ltr' id='par_1_95' title="bbox 1835 3524 3443 3593">
     <span class='ocr_line' id='line_1_95' title="bbox 1835 3524 3443 3593; baseline 0.006 -16"><span class='ocrx_word' id='word_1_756' title='bbox 1835 3524 2017 3578; x_wconf 82' lang='lat' dir='ltr'><strong><em>Blasto</em></strong></span> <span class='ocrx_word' id='word_1_757' title='bbox 2048 3527 2393 3592; x_wconf 72' lang='lat' dir='ltr'><strong><em>assentimur,</em></strong></span> <span class='ocrx_word' id='word_1_758' title='bbox 2439 3536 2494 3582; x_wconf 76' lang='lat' dir='ltr'><strong><em>et</em></strong></span> <span class='ocrx_word' id='word_1_759' title='bbox 2538 3543 2698 3593; x_wconf 80' lang='lat' dir='ltr'><strong><em>quam</em></strong></span> <span class='ocrx_word' id='word_1_760' title='bbox 2751 3527 2909 3584; x_wconf 83' lang='lat' dir='ltr'><strong><em>facile</em></strong></span> <span class='ocrx_word' id='word_1_761' title='bbox 2954 3529 3118 3584; x_wconf 78' lang='lat' dir='ltr'><strong><em>miser</em></strong></span> <span class='ocrx_word' id='word_1_762' title='bbox 3162 3531 3251 3585; x_wconf 89' lang='lat' dir='ltr'><strong><em>ille</em></strong></span> <span class='ocrx_word' id='word_1_763' title='bbox 3281 3530 3443 3586; x_wconf 89' lang='lat' dir='ltr'><strong><em>homo</em></strong></span> 
     </span>
    </p>
   </div>
   <div class='ocr_carea' id='block_1_96' title="bbox 1835 3616 3438 3692">
    <p class='ocr_par' dir='ltr' id='par_1_96' title="bbox 1835 3616 3438 3692">
     <span class='ocr_line' id='line_1_96' title="bbox 1835 3616 3438 3692; baseline 0.005 -23"><span class='ocrx_word' id='word_1_764' title='bbox 1835 3616 2120 3682; x_wconf 86' lang='lat' dir='ltr'><strong><em>irascatur,</em></strong></span> <span class='ocrx_word' id='word_1_765' title='bbox 2152 3626 2207 3672; x_wconf 90' lang='lat' dir='ltr'><strong><em>et</em></strong></span> <span class='ocrx_word' id='word_1_766' title='bbox 2238 3630 2420 3687; x_wconf 88' lang='lat' dir='ltr'><strong><em>postea</em></strong></span> <span class='ocrx_word' id='word_1_767' title='bbox 2455 3622 2750 3690; x_wconf 78' lang='lat' dir='ltr'><strong><em>mitigetur,</em></strong></span> <span class='ocrx_word' id='word_1_768' title='bbox 2783 3621 2984 3691; x_wconf 87' lang='lat' dir='ltr'><strong><em>ubique</em></strong></span> <span class='ocrx_word' id='word_1_769' title='bbox 3016 3623 3198 3692; x_wconf 64' lang='lat' dir='ltr'><strong><em>potinli</em></strong></span> <span class='ocrx_word' id='word_1_770' title='bbox 3228 3639 3438 3684; x_wconf 77' lang='lat' dir='ltr'><strong><em>servus.</em></strong></span> 
     </span>
    </p>
   </div>
   <div class='ocr_carea' id='block_1_97' title="bbox 1835 3709 3440 3778">
    <p class='ocr_par' dir='ltr' id='par_1_97' title="bbox 1835 3709 3440 3778">
     <span class='ocr_line' id='line_1_97' title="bbox 1835 3709 3440 3778; baseline 0.004 -19"><span class='ocrx_word' id='word_1_771' title='bbox 1835 3709 2078 3778; x_wconf 85' lang='lat' dir='ltr'><strong><em>nihilque</em></strong></span> <span class='ocrx_word' id='word_1_772' title='bbox 2121 3709 2348 3764; x_wconf 87' lang='lat' dir='ltr'><strong><em>liberum</em></strong></span> <span class='ocrx_word' id='word_1_773' title='bbox 2397 3711 2626 3765; x_wconf 85' lang='lat' dir='ltr'><strong><em>habens.</em></strong></span> <span class='ocrx_word' id='word_1_774' title='bbox 2659 3709 2952 3766; x_wconf 88' lang='lat' dir='ltr'><strong><em>Considera</em></strong></span> <span class='ocrx_word' id='word_1_775' title='bbox 2989 3713 3114 3766; x_wconf 87' lang='lat' dir='ltr'><strong><em>item</em></strong></span> <span class='ocrx_word' id='word_1_776' title='bbox 3146 3716 3440 3770; x_wconf 82' lang='lat' dir='ltr'><strong><em>auctorita-</em></strong></span> 
     </span>
    </p>
   </div>
   <div class='ocr_carea' id='block_1_98' title="bbox 1837 3804 3438 3874">
    <p class='ocr_par' dir='ltr' id='par_1_98' title="bbox 1837 3804 3438 3874">
     <span class='ocr_line' id='line_1_98' title="bbox 1837 3804 3438 3874; baseline 0.006 -20"><span class='ocrx_word' id='word_1_777' title='bbox 1837 3813 1942 3856; x_wconf 88' lang='lat' dir='ltr'><strong><em>tem</em></strong></span> <span class='ocrx_word' id='word_1_778' title='bbox 1962 3804 2195 3873; x_wconf 82' lang='lat' dir='ltr'><strong><em>Spiritus</em></strong></span> <span class='ocrx_word' id='word_1_779' title='bbox 2215 3805 2412 3860; x_wconf 84' lang='lat' dir='ltr'><strong><em>sancti.</em></strong></span> <span class='ocrx_word' id='word_1_780' title='bbox 2430 3804 2843 3861; x_wconf 77' lang='lat' dir='ltr'><strong><em>Ministrantibus</em></strong></span> <span class='ocrx_word' id='word_1_781' title='bbox 2871 3817 3038 3860; x_wconf 89' lang='lat' dir='ltr'><strong><em>autem</em></strong></span> <span class='ocrx_word' id='word_1_782' title='bbox 3065 3807 3169 3861; x_wconf 87' lang='lat' dir='ltr'><strong><em>illis</em></strong></span> <span class='ocrx_word' id='word_1_783' title='bbox 3200 3809 3438 3874; x_wconf 84' lang='lat' dir='ltr'><strong><em>Domino,</em></strong></span> 
     </span>
    </p>
   </div>
   <div class='ocr_carea' id='block_1_99' title="bbox 1836 3894 3445 3972">
    <p class='ocr_par' dir='ltr' id='par_1_99' title="bbox 1836 3894 3445 3972">
     <span class='ocr_line' id='line_1_99' title="bbox 1836 3894 3445 3972; baseline 0.006 -25"><span class='ocrx_word' id='word_1_784' title='bbox 1836 3894 2028 3964; x_wconf 90' lang='lat' dir='ltr'><strong><em>inquit,</em></strong></span> <span class='ocrx_word' id='word_1_785' title='bbox 2057 3904 2106 3948; x_wconf 90' lang='lat' dir='ltr'><strong><em>et</em></strong></span> <span class='ocrx_word' id='word_1_786' title='bbox 2140 3896 2519 3964; x_wconf 85' lang='lat' dir='ltr'><strong><em>jeiunantibus,</em></strong></span> <span class='ocrx_word' id='word_1_787' title='bbox 2552 3898 2682 3951; x_wconf 74' lang='lat' dir='ltr'><strong><em>dixit</em></strong></span> <span class='ocrx_word' id='word_1_788' title='bbox 2710 3898 2940 3966; x_wconf 81' lang='lat' dir='ltr'><strong><em>Spiritus</em></strong></span> <span class='ocrx_word' id='word_1_789' title='bbox 2987 3911 3190 3954; x_wconf 87' lang='lat' dir='ltr'><strong><em>sanctus</em></strong></span> <span class='ocrx_word' id='word_1_790' title='bbox 3209 3918 3227 3955; x_wconf 89' lang='lat'><strong><em>:</em></strong></span> <span class='ocrx_word' id='word_1_791' title='bbox 3257 3903 3445 3972; x_wconf 83' lang='lat' dir='ltr'><strong><em>Segre-</em></strong></span> 
     </span>
    </p>
   </div>
   <div class='ocr_carea' id='block_1_100' title="bbox 1834 3987 3437 4062">
    <p class='ocr_par' dir='ltr' id='par_1_100' title="bbox 1834 3987 3437 4062">
     <span class='ocr_line' id='line_1_100' title="bbox 1834 3987 3437 4062; baseline 0.007 -24"><span class='ocrx_word' id='word_1_792' title='bbox 1834 3997 1951 4056; x_wconf 88' lang='lat' dir='ltr'><strong><em>gate</em></strong></span> <span class='ocrx_word' id='word_1_793' title='bbox 1995 3988 2122 4041; x_wconf 86' lang='lat' dir='ltr'><strong><em>mihi</em></strong></span> <span class='ocrx_word' id='word_1_794' title='bbox 2165 3987 2457 4041; x_wconf 77' lang='lat' dir='ltr'><strong><em>llarnabam</em></strong></span> <span class='ocrx_word' id='word_1_795' title='bbox 2494 4000 2539 4044; x_wconf 92' lang='lat' dir='ltr'><strong><em>et</em></strong></span> <span class='ocrx_word' id='word_1_796' title='bbox 2583 3990 2826 4046; x_wconf 88' lang='lat' dir='ltr'><strong><em>Saulum.</em></strong></span> <span class='ocrx_word' id='word_1_797' title='bbox 2873 3992 3004 4062; x_wconf 86' lang='lat' dir='ltr'><strong><em>Quis</em></strong></span> <span class='ocrx_word' id='word_1_798' title='bbox 3055 4008 3219 4049; x_wconf 90' lang='lat' dir='ltr'><strong><em>ausus</em></strong></span> <span class='ocrx_word' id='word_1_799' title='bbox 3256 4007 3437 4059; x_wconf 81' lang='lat' dir='ltr'><strong><em>esset,</em></strong></span> 
     </span>
    </p>
   </div>
   <div class='ocr_carea' id='block_1_101' title="bbox 1835 4078 3440 4148">
    <p class='ocr_par' dir='ltr' id='par_1_101' title="bbox 1835 4078 3440 4148">
     <span class='ocr_line' id='line_1_101' title="bbox 1835 4078 3440 4148; baseline 0.007 -17"><span class='ocrx_word' id='word_1_800' title='bbox 1835 4078 1938 4132; x_wconf 90' lang='lat' dir='ltr'><strong><em>nisi</em></strong></span> <span class='ocrx_word' id='word_1_801' title='bbox 1967 4086 2116 4133; x_wconf 85' lang='lat' dir='ltr'><strong><em>tanta</em></strong></span> <span class='ocrx_word' id='word_1_802' title='bbox 2156 4089 2425 4148; x_wconf 86' lang='lat' dir='ltr'><strong><em>potestate</em></strong></span> <span class='ocrx_word' id='word_1_803' title='bbox 2457 4082 2618 4136; x_wconf 80' lang='lat' dir='ltr'><strong><em>fultus</em></strong></span> <span class='ocrx_word' id='word_1_804' title='bbox 2639 4125 2658 4148; x_wconf 88' lang='lat'><strong><em>,</em></strong></span> <span class='ocrx_word' id='word_1_805' title='bbox 2691 4083 2805 4139; x_wconf 72' lang='lat' dir='ltr'><strong><em>lucc</em></strong></span> <span class='ocrx_word' id='word_1_806' title='bbox 2846 4085 3073 4140; x_wconf 84' lang='lat' dir='ltr'><strong><em>dicere?</em></strong></span> <span class='ocrx_word' id='word_1_807' title='bbox 3120 4087 3232 4142; x_wconf 91' lang='lat' dir='ltr'><strong><em>lloc</em></strong></span> <span class='ocrx_word' id='word_1_808' title='bbox 3260 4098 3440 4142; x_wconf 89' lang='lat' dir='ltr'><strong><em>autem</em></strong></span> 
     </span>
    </p>
   </div>
   <div class='ocr_carea' id='block_1_102' title="bbox 1836 4170 3444 4250">
    <p class='ocr_par' dir='ltr' id='par_1_102' title="bbox 1836 4170 3444 4250">
     <span class='ocr_line' id='line_1_102' title="bbox 1836 4170 3444 4250; baseline 0.007 -28"><span class='ocrx_word' id='word_1_809' title='bbox 1836 4172 1915 4230; x_wconf 85' lang='lat' dir='ltr'><strong><em>tit.</em></strong></span> <span class='ocrx_word' id='word_1_810' title='bbox 1951 4181 2006 4224; x_wconf 91' lang='lat' dir='ltr'><strong><em>ut</em></strong></span> <span class='ocrx_word' id='word_1_811' title='bbox 2032 4185 2138 4224; x_wconf 92' lang='lat' dir='ltr'><strong><em>non</em></strong></span> <span class='ocrx_word' id='word_1_812' title='bbox 2166 4170 2326 4226; x_wconf 89' lang='lat' dir='ltr'><strong><em>simul</em></strong></span> <span class='ocrx_word' id='word_1_813' title='bbox 2375 4173 2474 4243; x_wconf 82' lang='lat' dir='ltr'><strong><em>ipsi</em></strong></span> <span class='ocrx_word' id='word_1_814' title='bbox 2519 4186 2792 4229; x_wconf 90' lang='lat' dir='ltr'><strong><em>maneant.</em></strong></span> <span class='ocrx_word' id='word_1_815' title='bbox 2831 4175 2974 4230; x_wconf 86' lang='lat' dir='ltr'><strong><em>Vidit</em></strong></span> <span class='ocrx_word' id='word_1_816' title='bbox 3024 4177 3142 4232; x_wconf 88' lang='lat' dir='ltr'><strong><em>illos</em></strong></span> <span class='ocrx_word' id='word_1_817' title='bbox 3185 4179 3444 4250; x_wconf 85' lang='lat' dir='ltr'><strong><em>majorem</em></strong></span> 
     </span>
    </p>
   </div>
   <div class='ocr_carea' id='block_1_103' title="bbox 1836 4261 3444 4338">
    <p class='ocr_par' dir='ltr' id='par_1_103' title="bbox 1836 4261 3444 4338">
     <span class='ocr_line' id='line_1_103' title="bbox 1836 4261 3444 4338; baseline 0.008 -26"><span class='ocrx_word' id='word_1_818' title='bbox 1836 4261 2035 4316; x_wconf 87' lang='lat' dir='ltr'><strong><em>habere</em></strong></span> <span class='ocrx_word' id='word_1_819' title='bbox 2053 4263 2322 4326; x_wconf 88' lang='lat' dir='ltr'><strong><em>virtutem,</em></strong></span> <span class='ocrx_word' id='word_1_820' title='bbox 2345 4274 2399 4318; x_wconf 87' lang='lat' dir='ltr'><strong><em>et</em></strong></span> <span class='ocrx_word' id='word_1_821' title='bbox 2421 4266 2666 4334; x_wconf 89' lang='lat' dir='ltr'><strong><em>pluribus</em></strong></span> <span class='ocrx_word' id='word_1_822' title='bbox 2690 4282 2848 4336; x_wconf 88' lang='lat' dir='ltr'><strong><em>posse</em></strong></span> <span class='ocrx_word' id='word_1_823' title='bbox 2868 4267 3136 4324; x_wconf 79' lang='lat' dir='ltr'><strong><em>sullicere.</em></strong></span> <span class='ocrx_word' id='word_1_824' title='bbox 3161 4270 3444 4338; x_wconf 83' lang='lat' dir='ltr'><strong><em>Qthtttodo</em></strong></span> 
     </span>
    </p>
   </div>
   <div class='ocr_carea' id='block_1_104' title="bbox 1835 4355 3445 4430">
    <p class='ocr_par' dir='ltr' id='par_1_104' title="bbox 1835 4355 3445 4430">
     <span class='ocr_line' id='line_1_104' title="bbox 1835 4355 3445 4430; baseline 0.004 -24"><span class='ocrx_word' id='word_1_825' title='bbox 1835 4363 2013 4408; x_wconf 86' lang='lat' dir='ltr'><strong><em>autem</em></strong></span> <span class='ocrx_word' id='word_1_826' title='bbox 2045 4355 2152 4409; x_wconf 87' lang='lat' dir='ltr'><strong><em>illis</em></strong></span> <span class='ocrx_word' id='word_1_827' title='bbox 2198 4357 2448 4426; x_wconf 87' lang='lat' dir='ltr'><strong><em>loquutus</em></strong></span> <span class='ocrx_word' id='word_1_828' title='bbox 2493 4357 2613 4412; x_wconf 81' lang='lat' dir='ltr'><strong><em>est?</em></strong></span> <span class='ocrx_word' id='word_1_829' title='bbox 2656 4357 2817 4413; x_wconf 86' lang='lat' dir='ltr'><strong><em>Forte</em></strong></span> <span class='ocrx_word' id='word_1_830' title='bbox 2848 4375 2944 4428; x_wconf 89' lang='lat' dir='ltr'><strong><em>per</em></strong></span> <span class='ocrx_word' id='word_1_831' title='bbox 2973 4362 3283 4430; x_wconf 85' lang='lat' dir='ltr'><strong><em>prophetas.</em></strong></span> <span class='ocrx_word' id='word_1_832' title='bbox 3321 4364 3445 4418; x_wconf 72' lang='lat' dir='ltr'><strong><em>&#39;dt&#39;ﬂ</em></strong></span> 
     </span>
    </p>
   </div>
   <div class='ocr_carea' id='block_1_105' title="bbox 1835 4447 3444 4524">
    <p class='ocr_par' dir='ltr' id='par_1_105' title="bbox 1835 4447 3444 4524">
     <span class='ocr_line' id='line_1_105' title="bbox 1835 4447 3444 4524; baseline 0.007 -25"><span class='ocrx_word' id='word_1_833' title='bbox 1835 4458 1962 4502; x_wconf 87' lang='lat' dir='ltr'><strong><em>ante</em></strong></span> <span class='ocrx_word' id='word_1_834' title='bbox 1989 4447 2145 4512; x_wconf 78' lang='lat' dir='ltr'><strong><em>dixit,</em></strong></span> <span class='ocrx_word' id='word_1_835' title='bbox 2176 4457 2231 4503; x_wconf 90' lang='lat' dir='ltr'><strong><em>et</em></strong></span> <span class='ocrx_word' id='word_1_836' title='bbox 2261 4449 2554 4518; x_wconf 85' lang='lat' dir='ltr'><strong><em>prephetas</em></strong></span> <span class='ocrx_word' id='word_1_837' title='bbox 2578 4449 2743 4507; x_wconf 83' lang='lat' dir='ltr'><strong><em>fuisse</em></strong></span> <span class='ocrx_word' id='word_1_838' title='bbox 2769 4463 2822 4506; x_wconf 91' lang='lat' dir='ltr'><strong><em>et</em></strong></span> <span class='ocrx_word' id='word_1_839' title='bbox 2845 4453 3122 4522; x_wconf 84' lang='lat' dir='ltr'><strong><em>jejunasse</em></strong></span> <span class='ocrx_word' id='word_1_840' title='bbox 3148 4465 3312 4524; x_wconf 87' lang='lat' dir='ltr'><strong><em>atque</em></strong></span> <span class='ocrx_word' id='word_1_841' title='bbox 3345 4459 3444 4511; x_wconf 77' lang='lat' dir='ltr'><strong><em>nii-</em></strong></span> 
     </span>
    </p>
   </div>
   <div class='ocr_carea' id='block_1_106' title="bbox 1835 4537 3438 4616">
    <p class='ocr_par' dir='ltr' id='par_1_106' title="bbox 1835 4537 3438 4616">
     <span class='ocr_line' id='line_1_106' title="bbox 1835 4537 3438 4616; baseline 0.006 -24"><span class='ocrx_word' id='word_1_842' title='bbox 1835 4537 2118 4605; x_wconf 88' lang='lat' dir='ltr'><strong><em>nistrasse,</em></strong></span> <span class='ocrx_word' id='word_1_843' title='bbox 2147 4549 2203 4616; x_wconf 83' lang='lat' dir='ltr'><strong><em>ut</em></strong></span> <span class='ocrx_word' id='word_1_844' title='bbox 2228 4540 2408 4596; x_wconf 77' lang='lat' dir='ltr'><strong><em>discas</em></strong></span> <span class='ocrx_word' id='word_1_845' title='bbox 2435 4544 2602 4597; x_wconf 89' lang='lat' dir='ltr'><strong><em>multa</em></strong></span> <span class='ocrx_word' id='word_1_846' title='bbox 2632 4543 2927 4599; x_wconf 87' lang='lat' dir='ltr'><strong><em>sobrietate</em></strong></span> <span class='ocrx_word' id='word_1_847' title='bbox 2953 4561 3088 4616; x_wconf 92' lang='lat' dir='ltr'><strong><em>opus</em></strong></span> <span class='ocrx_word' id='word_1_848' title='bbox 3115 4549 3299 4603; x_wconf 79' lang='lat' dir='ltr'><strong><em>fuisse.</em></strong></span> <span class='ocrx_word' id='word_1_849' title='bbox 3326 4552 3438 4602; x_wconf 86' lang='lat' dir='ltr'><strong><em>Au-</em></strong></span> 
     </span>
    </p>
   </div>
   <div class='ocr_carea' id='block_1_107' title="bbox 1836 4613 3444 4709">
    <p class='ocr_par' dir='ltr' id='par_1_107' title="bbox 1836 4613 3444 4709">
     <span class='ocr_line' id='line_1_107' title="bbox 1836 4613 3444 4709; baseline 0.008 -25"><span class='ocrx_word' id='word_1_850' title='bbox 1836 4631 2050 4686; x_wconf 72' lang='lat' dir='ltr'><strong><em>tiochia:</em></strong></span> <span class='ocrx_word' id='word_1_851' title='bbox 2079 4613 2380 4701; x_wconf 85' lang='lat' dir='ltr'><strong><em>ordinatur,</em></strong></span> <span class='ocrx_word' id='word_1_852' title='bbox 2437 4637 2524 4690; x_wconf 91' lang='lat' dir='ltr'><strong><em>ubi</em></strong></span> <span class='ocrx_word' id='word_1_853' title='bbox 2559 4637 2833 4705; x_wconf 65' lang='lat' dir='ltr'><strong><em>prwdieat.</em></strong></span> <span class='ocrx_word' id='word_1_854' title='bbox 2868 4613 3107 4695; x_wconf 35' lang='lat' dir='ltr'><strong><em>Cur—non</em></strong></span> <span class='ocrx_word' id='word_1_855' title='bbox 3135 4643 3304 4709; x_wconf 81' lang='lat' dir='ltr'><strong><em>dixit,</em></strong></span> <span class='ocrx_word' id='word_1_856' title='bbox 3342 4646 3444 4698; x_wconf 86' lang='lat' dir='ltr'><strong><em>Do-</em></strong></span> 
     </span>
    </p>
   </div>
   <div class='ocr_carea' id='block_1_108' title="bbox 1833 4725 3444 4796">
    <p class='ocr_par' dir='ltr' id='par_1_108' title="bbox 1833 4725 3444 4796">
     <span class='ocr_line' id='line_1_108' title="bbox 1833 4725 3444 4796; baseline 0.009 -17"><span class='ocrx_word' id='word_1_857' title='bbox 1833 4725 1982 4779; x_wconf 85' lang='lat' dir='ltr'><strong><em>mino</em></strong></span> <span class='ocrx_word' id='word_1_858' title='bbox 2037 4737 2347 4796; x_wconf 79' lang='lat' dir='ltr'><strong><em>segregate,</em></strong></span> <span class='ocrx_word' id='word_1_859' title='bbox 2407 4729 2542 4793; x_wconf 90' lang='lat' dir='ltr'><strong><em>sed,</em></strong></span> <span class='ocrx_word' id='word_1_860' title='bbox 2586 4728 2759 4784; x_wconf 77' lang='lat' dir='ltr'><strong><em>Mihi?</em></strong></span> <span class='ocrx_word' id='word_1_861' title='bbox 2811 4729 3061 4787; x_wconf 87' lang='lat' dir='ltr'><strong><em>Ostendit</em></strong></span> <span class='ocrx_word' id='word_1_862' title='bbox 3111 4750 3268 4788; x_wconf 90' lang='lat' dir='ltr'><strong><em>unam</em></strong></span> <span class='ocrx_word' id='word_1_863' title='bbox 3321 4753 3444 4792; x_wconf 88' lang='lat' dir='ltr'><strong><em>esse</em></strong></span> 
     </span>
    </p>
   </div>
   <div class='ocr_carea' id='block_1_109' title="bbox 1835 4819 2506 4888">
    <p class='ocr_par' dir='ltr' id='par_1_109' title="bbox 1835 4819 2506 4888">
     <span class='ocr_line' id='line_1_109' title="bbox 1835 4819 2506 4888; baseline 0.004 -18"><span class='ocrx_word' id='word_1_864' title='bbox 1835 4819 2128 4888; x_wconf 87' lang='lat' dir='ltr'><strong><em>potentiam</em></strong></span> <span class='ocrx_word' id='word_1_865' title='bbox 2151 4834 2207 4874; x_wconf 88' lang='lat' dir='ltr'><strong><em>et</em></strong></span> <span class='ocrx_word' id='word_1_866' title='bbox 2237 4820 2506 4876; x_wconf 79' lang='lat' dir='ltr'><strong><em>virtutem.</em></strong></span> 
     </span>
    </p>
   </div>
   <div class='ocr_carea' id='block_1_110' title="bbox 1909 4911 3444 4985">
    <p class='ocr_par' dir='ltr' id='par_1_110' title="bbox 1909 4911 3444 4985">
     <span class='ocr_line' id='line_1_110' title="bbox 1909 4911 3444 4985; baseline 0.009 -21"><span class='ocrx_word' id='word_1_867' title='bbox 1909 4911 2104 4982; x_wconf 77' lang='lat' dir='ltr'><strong><em>Magna</em></strong></span> <span class='ocrx_word' id='word_1_868' title='bbox 2144 4930 2225 4966; x_wconf 86' lang='lat' dir='ltr'><strong><em>res</em></strong></span> <span class='ocrx_word' id='word_1_869' title='bbox 2264 4915 2542 4985; x_wconf 66' lang='lat' dir='ltr'><strong><em>jejunium.</em></strong></span> <span class='ocrx_word' id='word_1_870' title='bbox 2586 4915 2808 4972; x_wconf 80' lang='lat' dir='ltr'><strong><em>Muliere</em></strong></span> <span class='ocrx_word' id='word_1_871' title='bbox 2852 4918 3049 4973; x_wconf 84' lang='lat' dir='ltr'><strong><em>deliciis</em></strong></span> <span class='ocrx_word' id='word_1_872' title='bbox 3101 4921 3273 4975; x_wconf 88' lang='lat' dir='ltr'><strong><em>dedita</em></strong></span> <span class='ocrx_word' id='word_1_873' title='bbox 3311 4923 3444 4978; x_wconf 87' lang='lat' dir='ltr'><strong><em>nihil</em></strong></span> 
     </span>
    </p>
   </div>
   <div class='ocr_carea' id='block_1_111' title="bbox 1836 5004 3441 5081">
    <p class='ocr_par' dir='ltr' id='par_1_111' title="bbox 1836 5004 3441 5081">
     <span class='ocr_line' id='line_1_111' title="bbox 1836 5004 3441 5081; baseline 0.011 -27"><span class='ocrx_word' id='word_1_874' title='bbox 1836 5008 2054 5072; x_wconf 83' lang='lat' dir='ltr'><strong><em>turpius.</em></strong></span> <span class='ocrx_word' id='word_1_875' title='bbox 2083 5034 2155 5043; x_wconf 88' lang='lat'><strong><em>—</em></strong></span> <span class='ocrx_word' id='word_1_876' title='bbox 2184 5004 2373 5059; x_wconf 87' lang='lat' dir='ltr'><strong><em>Viden’</em></strong></span> <span class='ocrx_word' id='word_1_877' title='bbox 2404 5018 2602 5076; x_wconf 87' lang='lat' dir='ltr'><strong><em>quanta</em></strong></span> <span class='ocrx_word' id='word_1_878' title='bbox 2635 5025 2721 5062; x_wconf 89' lang='lat' dir='ltr'><strong><em>res</em></strong></span> <span class='ocrx_word' id='word_1_879' title='bbox 2751 5011 2822 5063; x_wconf 88' lang='lat' dir='ltr'><strong><em>sit</em></strong></span> <span class='ocrx_word' id='word_1_880' title='bbox 2857 5011 3122 5081; x_wconf 87' lang='lat' dir='ltr'><strong><em>jejnnimn</em></strong></span> <span class='ocrx_word' id='word_1_881' title='bbox 3146 5015 3170 5068; x_wconf 90' lang='lat'><strong>?</strong></span> <span class='ocrx_word' id='word_1_882' title='bbox 3192 5014 3441 5071; x_wconf 86' lang='lat' dir='ltr'><strong><em>Ostendit</em></strong></span> 
     </span>
    </p>
   </div>
   <div class='ocr_carea' id='block_1_112' title="bbox 1835 5092 3442 5172">
    <p class='ocr_par' dir='ltr' id='par_1_112' title="bbox 1835 5092 3442 5172">
     <span class='ocr_line' id='line_1_112' title="bbox 1835 5092 3442 5172; baseline 0.011 -24"><span class='ocrx_word' id='word_1_883' title='bbox 1835 5092 2094 5163; x_wconf 86' lang='lat' dir='ltr'><strong><em>Spiritum</em></strong></span> <span class='ocrx_word' id='word_1_884' title='bbox 2118 5097 2298 5150; x_wconf 87' lang='lat' dir='ltr'><strong><em>omnia</em></strong></span> <span class='ocrx_word' id='word_1_885' title='bbox 2328 5099 2537 5153; x_wconf 77' lang='lat' dir='ltr'><strong><em>fecisse.</em></strong></span> <span class='ocrx_word' id='word_1_886' title='bbox 2559 5099 2806 5170; x_wconf 78' lang='lat' dir='ltr'><strong><em>Magnum</em></strong></span> <span class='ocrx_word' id='word_1_887' title='bbox 2836 5105 3332 5172; x_wconf 85' lang='lat' dir='ltr'><strong><em>qnoddam&#39;bonum</em></strong></span> <span class='ocrx_word' id='word_1_888' title='bbox 3359 5121 3442 5165; x_wconf 80' lang='lat' dir='ltr'><strong><em>est</em></strong></span> 
     </span>
    </p>
   </div>
   <div class='ocr_carea' id='block_1_113' title="bbox 1832 5184 3438 5258">
    <p class='ocr_par' dir='ltr' id='par_1_113' title="bbox 1832 5184 3438 5258">
     <span class='ocr_line' id='line_1_113' title="bbox 1832 5184 3438 5258; baseline 0.011 -19"><span class='ocrx_word' id='word_1_889' title='bbox 1832 5184 2093 5255; x_wconf 60' lang='lat' dir='ltr'><strong><em>jejunium</em></strong></span> <span class='ocrx_word' id='word_1_890' title='bbox 2123 5209 2135 5243; x_wconf 88' lang='lat'>:</span> <span class='ocrx_word' id='word_1_891' title='bbox 2170 5205 2274 5242; x_wconf 87' lang='lat' dir='ltr'><strong><em>non</em></strong></span> <span class='ocrx_word' id='word_1_892' title='bbox 2307 5190 2539 5245; x_wconf 84' lang='lat' dir='ltr'><strong><em>termino</em></strong></span> <span class='ocrx_word' id='word_1_893' title='bbox 2582 5193 3068 5251; x_wconf 80' lang='lat' dir='ltr'><strong><em>circumscribitur.</em></strong></span> <span class='ocrx_word' id='word_1_894' title='bbox 3102 5200 3236 5254; x_wconf 83' lang='lat' dir='ltr'><strong><em>Cum</em></strong></span> <span class='ocrx_word' id='word_1_895' title='bbox 3287 5204 3438 5258; x_wconf 85' lang='lat' dir='ltr'><strong><em>ordi-</em></strong></span> 
     </span>
    </p>
   </div>
   <div class='ocr_carea' id='block_1_114' title="bbox 1837 5281 3441 5359">
    <p class='ocr_par' dir='ltr' id='par_1_114' title="bbox 1837 5281 3441 5359">
     <span class='ocr_line' id='line_1_114' title="bbox 1837 5281 3441 5359; baseline 0.013 -30"><span class='ocrx_word' id='word_1_896' title='bbox 1837 5293 1965 5332; x_wconf 87' lang='lat' dir='ltr'><strong><em>nare</em></strong></span> <span class='ocrx_word' id='word_1_897' title='bbox 1999 5281 2311 5348; x_wconf 83' lang='lat' dir='ltr'><strong><em>oportebat.</em></strong></span> <span class='ocrx_word' id='word_1_898' title='bbox 2364 5292 2492 5337; x_wconf 90' lang='lat' dir='ltr'><strong><em>tunc</em></strong></span> <span class='ocrx_word' id='word_1_899' title='bbox 2531 5283 2780 5353; x_wconf 88' lang='lat' dir='ltr'><strong><em>jejunant</em></strong></span> <span class='ocrx_word' id='word_1_900' title='bbox 2807 5306 2820 5342; x_wconf 88' lang='lat'><strong>:</strong></span> <span class='ocrx_word' id='word_1_901' title='bbox 2851 5300 2904 5343; x_wconf 89' lang='lat' dir='ltr'><strong><em>et</em></strong></span> <span class='ocrx_word' id='word_1_902' title='bbox 2939 5289 3311 5359; x_wconf 83' lang='lat' dir='ltr'><strong><em>jejunantibus</em></strong></span> <span class='ocrx_word' id='word_1_903' title='bbox 3336 5297 3441 5350; x_wconf 87' lang='lat' dir='ltr'><strong><em>illis</em></strong></span> 
     </span>
    </p>
   </div>
   <div class='ocr_carea' id='block_1_115' title="bbox 1833 5369 3439 5454">
    <p class='ocr_par' dir='ltr' id='par_1_115' title="bbox 1833 5369 3439 5454">
     <span class='ocr_line' id='line_1_115' title="bbox 1833 5369 3439 5454; baseline 0.014 -30"><span class='ocrx_word' id='word_1_904' title='bbox 1833 5369 1969 5424; x_wconf 78' lang='lat' dir='ltr'><strong><em>dixit</em></strong></span> <span class='ocrx_word' id='word_1_905' title='bbox 1991 5369 2244 5440; x_wconf 84' lang='lat' dir='ltr'><strong><em>Spiritus.</em></strong></span> <span class='ocrx_word' id='word_1_906' title='bbox 2274 5374 2546 5445; x_wconf 83' lang='lat' dir='ltr'><strong><em>Jejuninm</em></strong></span> <span class='ocrx_word' id='word_1_907' title='bbox 2576 5393 2707 5432; x_wconf 88' lang='lat' dir='ltr'><strong><em>vero</em></strong></span> <span class='ocrx_word' id='word_1_908' title='bbox 2735 5397 2842 5434; x_wconf 89' lang='lat' dir='ltr'><strong><em>non</em></strong></span> <span class='ocrx_word' id='word_1_909' title='bbox 2871 5382 2974 5438; x_wconf 90' lang='lat' dir='ltr'><strong><em>hoc</em></strong></span> <span class='ocrx_word' id='word_1_910' title='bbox 3000 5386 3174 5441; x_wconf 87' lang='lat' dir='ltr'><strong><em>solmn</em></strong></span> <span class='ocrx_word' id='word_1_911' title='bbox 3198 5400 3315 5454; x_wconf 89' lang='lat' dir='ltr'><strong><em>est;</em></strong></span> <span class='ocrx_word' id='word_1_912' title='bbox 3343 5393 3439 5447; x_wconf 87' lang='lat' dir='ltr'><strong><em>sed</em></strong></span> 
     </span>
    </p>
   </div>
   <div class='ocr_carea' id='block_1_116' title="bbox 1834 5464 3439 5544">
    <p class='ocr_par' dir='ltr' id='par_1_116' title="bbox 1834 5464 3439 5544">
     <span class='ocr_line' id='line_1_116' title="bbox 1834 5464 3439 5544; baseline 0.014 -28"><span class='ocrx_word' id='word_1_913' title='bbox 1834 5464 1995 5516; x_wconf 88' lang='lat' dir='ltr'><strong><em>etiam</em></strong></span> <span class='ocrx_word' id='word_1_914' title='bbox 2028 5465 2301 5520; x_wconf 88' lang='lat' dir='ltr'><strong><em>abstinere</em></strong></span> <span class='ocrx_word' id='word_1_915' title='bbox 2343 5485 2374 5522; x_wconf 87' lang='lat' dir='ltr'><strong><em>a</em></strong></span> <span class='ocrx_word' id='word_1_916' title='bbox 2406 5469 2646 5535; x_wconf 86' lang='lat' dir='ltr'><strong><em>deliciis,</em></strong></span> <span class='ocrx_word' id='word_1_917' title='bbox 2697 5471 2887 5540; x_wconf 85' lang='lat' dir='ltr'><strong><em>jejuuit</em></strong></span> <span class='ocrx_word' id='word_1_918' title='bbox 2921 5479 3130 5544; x_wconf 79' lang='lat' dir='ltr'><strong><em>Species</em></strong></span> <span class='ocrx_word' id='word_1_919' title='bbox 3168 5491 3270 5536; x_wconf 86' lang='lat' dir='ltr'><strong><em>est.</em></strong></span> <span class='ocrx_word' id='word_1_920' title='bbox 3329 5483 3439 5539; x_wconf 86' lang='lat' dir='ltr'><strong><em>Hoc</em></strong></span> 
     </span>
    </p>
   </div>
   <div class='ocr_carea' id='block_1_117' title="bbox 1836 5563 3442 5636">
    <p class='ocr_par' dir='ltr' id='par_1_117' title="bbox 1836 5563 3442 5636">
     <span class='ocr_line' id='line_1_117' title="bbox 1836 5563 3442 5636; baseline 0.012 -23"><span class='ocrx_word' id='word_1_921' title='bbox 1836 5569 2041 5615; x_wconf 87' lang='lat' dir='ltr'><strong><em>tantum</em></strong></span> <span class='ocrx_word' id='word_1_922' title='bbox 2079 5575 2179 5629; x_wconf 83' lang='lat' dir='ltr'><strong><em>ego</em></strong></span> <span class='ocrx_word' id='word_1_923' title='bbox 2225 5563 2430 5630; x_wconf 87' lang='lat' dir='ltr'><strong><em>impero</em></strong></span> <span class='ocrx_word' id='word_1_924' title='bbox 2479 5580 2494 5614; x_wconf 85' lang='lat'><strong>:</strong></span> <span class='ocrx_word' id='word_1_925' title='bbox 2539 5579 2645 5618; x_wconf 90' lang='lat' dir='ltr'><strong><em>non</em></strong></span> <span class='ocrx_word' id='word_1_926' title='bbox 2688 5565 2964 5636; x_wconf 76' lang='lat' dir='ltr'><strong><em>jejunatc,</em></strong></span> <span class='ocrx_word' id='word_1_927' title='bbox 3005 5571 3100 5624; x_wconf 88' lang='lat' dir='ltr'><strong><em>sed</em></strong></span> <span class='ocrx_word' id='word_1_928' title='bbox 3151 5591 3179 5625; x_wconf 89' lang='lat' dir='ltr'><strong><em>a</em></strong></span> <span class='ocrx_word' id='word_1_929' title='bbox 3232 5574 3442 5632; x_wconf 78' lang='lat' dir='ltr'><strong><em>deliciis</em></strong></span> 
     </span>
    </p>
   </div>
   <div class='ocr_carea' id='block_1_118' title="bbox 1833 5654 3435 5735">
    <p class='ocr_par' dir='ltr' id='par_1_118' title="bbox 1833 5654 3435 5735">
     <span class='ocr_line' id='line_1_118' title="bbox 1833 5654 3435 5735; baseline 0.009 -31"><span class='ocrx_word' id='word_1_930' title='bbox 1833 5654 2117 5707; x_wconf 86' lang='lat' dir='ltr'><strong><em>abstinete.</em></strong></span> <span class='ocrx_word' id='word_1_931' title='bbox 2149 5654 2416 5708; x_wconf 83' lang='lat' dir='ltr'><strong><em>Alimenta</em></strong></span> <span class='ocrx_word' id='word_1_932' title='bbox 2467 5672 2804 5725; x_wconf 67' lang='lat' dir='ltr'><strong><em>quazranms.</em></strong></span> <span class='ocrx_word' id='word_1_933' title='bbox 2861 5675 2964 5714; x_wconf 92' lang='lat' dir='ltr'><strong><em>non</em></strong></span> <span class='ocrx_word' id='word_1_934' title='bbox 2997 5666 3435 5735; x_wconf 82' lang='lat' dir='ltr'><strong><em>corruptionem;</em></strong></span> 
     </span>
    </p>
   </div>
   <div class='ocr_carea' id='block_1_119' title="bbox 1833 5746 3435 5828">
    <p class='ocr_par' dir='ltr' id='par_1_119' title="bbox 1833 5746 3435 5828">
     <span class='ocr_line' id='line_1_119' title="bbox 1833 5746 3435 5828; baseline 0.009 -30"><span class='ocrx_word' id='word_1_935' title='bbox 1833 5746 2080 5801; x_wconf 85' lang='lat' dir='ltr'><strong><em>alimenta</em></strong></span> <span class='ocrx_word' id='word_1_936' title='bbox 2102 5762 2426 5816; x_wconf 67' lang='lat' dir='ltr'><strong><em>quaeramus,</em></strong></span> <span class='ocrx_word' id='word_1_937' title='bbox 2453 5764 2558 5802; x_wconf 92' lang='lat' dir='ltr'><strong><em>non</em></strong></span> <span class='ocrx_word' id='word_1_938' title='bbox 2577 5751 2888 5805; x_wconf 67' lang='lat' dir='ltr'><strong><em>nun-borum</em></strong></span> <span class='ocrx_word' id='word_1_939' title='bbox 2913 5757 3225 5811; x_wconf 77' lang='lat' dir='ltr'><strong><em>occasiones</em></strong></span> <span class='ocrx_word' id='word_1_940' title='bbox 3247 5768 3300 5812; x_wconf 87' lang='lat' dir='ltr'><strong><em>et</em></strong></span> <span class='ocrx_word' id='word_1_941' title='bbox 3321 5761 3435 5828; x_wconf 82' lang='lat' dir='ltr'><strong><em>spi-</em></strong></span> 
     </span>
    </p>
   </div>
   <div class='ocr_carea' id='block_1_120' title="bbox 1902 5946 2805 6014">
    <p class='ocr_par' dir='ltr' id='par_1_120' title="bbox 1902 5946 2805 6014">
     <span class='ocr_line' id='line_1_120' title="bbox 1902 5946 2805 6014; baseline 0.007 -17"><span class='ocrx_word' id='word_1_942' title='bbox 1902 5952 1977 6013; x_wconf 68' lang='grc' dir='ltr'><strong><em>(α)</em></strong></span> <span class='ocrx_word' id='word_1_943' title='bbox 2015 5946 2135 5999; x_wconf 77' lang='lat' dir='ltr'><strong><em>Vide</em></strong></span> <span class='ocrx_word' id='word_1_944' title='bbox 2161 5950 2451 6014; x_wconf 77' lang='lat' dir='ltr'><strong><em>.lnsephum,</em></strong></span> <span class='ocrx_word' id='word_1_945' title='bbox 2479 5951 2562 6001; x_wconf 84' lang='lat' dir='ltr'><strong><em>lib.</em></strong></span> <span class='ocrx_word' id='word_1_946' title='bbox 2596 5952 2805 6010; x_wconf 47' lang='grc' dir='ltr'><strong><em>ῶνα-’7.</em></strong></span> 
     </span>
    </p>
   </div>
  </div>
