4034 6442
614 468 718 528 εον

610 582 880 640 ritualium
925 592 982 635 et
1022 594 1438 651 eorporeorum;
1485 577 1795 631 alimentum
1845 585 2185 645 quaeramus,

607 666 749 743 quod
780 672 1107 742 voluptatem
1133 673 1347 741 quidem
1387 670 1613 733 habeat,
1658 684 1765 723 non
1809 681 1938 721 vero
1969 664 2191 719 delicias

610 762 847 818 molestia
878 763 1082 832 plenas.
1107 761 1243 817 illud
1270 775 1432 816 suave
1476 769 1581 827 est,
1636 758 1741 814 hoc
1790 757 2143 828 perniciosum
2168 798 2187 820 ,

608 853 739 909 illud
765 853 1008 924 voluptas
1037 863 1153 920 est,
1188 854 1288 908 hoc
1310 852 1498 916 labor;
1529 850 1659 906 illud
1692 848 1985 906 secundum
2030 858 2187 901 natu-

608 960 752 1008 ram,
799 943 901 999 hoc
929 956 1121 1014 pru'ter
1150 955 1412 999 naturam.
1467 943 1562 998 Dic
1592 942 1734 998 enim
1774 940 1904 994 mihi
1929 980 1945 1006 ,
1979 940 2024 993 si
2067 940 2189 1007 quis

604 1037 758 1093 daret
787 1037 881 1093 tibi
911 1040 1141 1092 toxicum
1166 1037 1234 1091 ad
1263 1046 1447 1107 potum
1468 1078 1482 1099 ,
1512 1051 1690 1091 nonne
1715 1034 1817 1088 hoc
1853 1043 2049 1102 prteter
2086 1047 2183 1085 na-

606 1139 777 1182 turam
808 1130 989 1183 esset?
1013 1130 1056 1183 si
1087 1130 1204 1197 quis
1230 1129 1372 1200 ligna
1400 1139 1454 1183 et
1478 1128 1681 1199 lapides
1700 1169 1713 1191 ,
1750 1141 1931 1181 nonne
1968 1140 2183 1180 aversa-

606 1219 761 1283 reris,
793 1230 847 1274 et
873 1218 1089 1289 quidem
1133 1219 1358 1275 merito?
1388 1220 1588 1274 Pneter
1628 1231 1868 1274 naturam
1899 1219 2040 1273 enim
2084 1217 2185 1271 hoc

604 1322 723 1377 est,
753 1321 811 1365 ut
844 1322 897 1366 et
937 1306 1164 1367 deliciae.
1188 1310 1321 1367 Nam
1354 1323 1411 1366 ut
1434 1312 1486 1366 in
1515 1311 1769 1378 civitate,
1809 1326 1927 1381 qua:
1972 1309 2184 1364 obside-

604 1416 707 1467 tur,
741 1420 926 1475 magna
958 1407 1288 1474 perturbatio
1317 1413 1372 1461 et
1395 1404 1652 1460 tumultus
1677 1415 1793 1469 est,
1834 1403 2059 1457 inimicis
2102 1402 2181 1455 in-

599 1493 750 1563 gredi
788 1496 1143 1551 conantibus:
1176 1496 1246 1550 ita
1276 1506 1331 1552 et
1359 1496 1412 1550 in
1453 1497 1630 1550 anima
1660 1497 1885 1559 accidit,
1926 1494 2053 1548 dum
2104 1494 2183 1546 vi-

600 1599 726 1637 num
753 1593 806 1638 et
824 1586 1029 1639 delicia:
1058 1588 1462 1656 superveniunt.
1491 1585 1586 1641 Cui
1610 1602 1686 1641 tua
1710 1628 1725 1653 ,
1780 1587 1861 1641 cui
1888 1586 2133 1639 tumultus
2160 1627 2176 1650 ,

597 1674 679 1728 cui
699 1675 940 1730 molestiis
962 1687 1011 1731 et
1037 1692 1214 1748 uaga,
1242 1678 1324 1730 cui
1339 1678 1632 1749 judicium?
1668 1695 1834 1732 nonne
1858 1679 1920 1732 iis
1939 1718 1953 1734 .
1984 1679 2072 1746 qui
2100 1678 2179 1731 vi-

599 1782 719 1819 num
738 1766 940 1821 assidue
965 1768 1178 1839 potant?
1204 1766 1365 1839 Cujus
1400 1769 1530 1838 lippi
1570 1780 1688 1822 sunt
1709 1770 1845 1823 oculi
1881 1768 2061 1838 (Prov.
2085 1768 2174 1824 25.

595 1856 686 1911 29.
711 1857 837 1928 50)?
867 1858 1061 1913 Verum
1093 1861 1347 1931 quidquid
1375 1861 1690 1927 dixerimus,
1722 1878 1826 1915 non
1875 1872 2180 1916 avertemus

595 1964 708 2013 eos,
733 1950 821 2018 qui
846 1949 1053 2004 deliciis
1075 1949 1205 2005 dant
1226 1966 1467 2021 cperam.
1500 1952 1599 2006 nisi
1623 1953 1784 2006 alium
1806 1953 2179 2021 aggrediamur

594 2042 756 2094 animi
774 2042 1038 2096 morbum.
1065 2042 1131 2098 Et
1156 2045 1382 2112 primum
1402 2055 1586 2099 contra
1612 2045 1863 2099 mulieres
1885 2046 1951 2098 sit
1976 2059 2175 2099 sermo.

594 2134 729 2188 Nihil
765 2137 969 2208 turpius
1019 2139 1241 2191 muliere
1281 2136 1491 2192 deliciis
1528 2136 1744 2202 dedita,
1794 2136 1925 2190 nihil
1976 2136 2179 2205 turpius

593 2231 801 2285 ebriosa
828 2250 843 2285 :
882 2232 1198 2286 obscuratur
1221 2233 1362 2287 enim
1394 2233 1493 2288 llos
1522 2235 1705 2289 vultus
1753 2235 1870 2304 ejus
1892 2276 1908 2301 ,
1938 2236 2179 2291 turbatur

592 2323 853 2379 serenitas
882 2332 937 2378 et
964 2325 1197 2379 suavitas
1232 2325 1510 2380 oculorum
1537 2367 1551 2390 ,
1585 2326 1734 2396 quasi
1776 2327 1914 2382 nube
1948 2327 2177 2397 quadam

592 2416 796 2471 salares
824 2417 1003 2472 radios
1028 2417 1307 2473 subeunte.
1328 2418 1432 2474 Res
1456 2428 1541 2473 est
1561 2418 1836 2474 illiberalis
1855 2430 1909 2475 et
1932 2420 2138 2475 servili..-
2158 2462 2174 2487 ,

589 2520 751 2577 atque
777 2511 1104 2581 ignobilitate
1128 2513 1299 2580 plena.
1325 2513 1495 2581 Quam
1518 2513 1752 2568 insuavis
1776 2524 1859 2569 est
1880 2515 2073 2570 mulier
2100 2517 2179 2570 vi-

593 2616 717 2653 num
748 2603 957 2671 spirans
978 2645 992 2666 ,
1022 2604 1163 2674 quod
1194 2605 1337 2659 oleat
1357 2614 1412 2661 et
1440 2618 1751 2676 corruptum
1778 2609 1848 2661 sit
1888 2608 2013 2663 dum
2053 2624 2175 2663 eru-

592 2699 701 2742 ctat
746 2694 986 2747 carnium
1029 2706 1399 2763 corruptarum
1438 2696 1755 2764 humorem,
1796 2709 2077 2768 aggravata
2121 2709 2177 2755 ut

592 2797 812 2851 surgere
838 2794 1089 2854 nequeat,
1120 2787 1415 2842 rubicunda
1443 2789 1562 2858 plus
1588 2804 1749 2859 quam
1782 2804 1879 2858 par
1900 2800 2003 2857 est,
2033 2792 2174 2847 osci-

594 2884 731 2938 tans,
754 2886 807 2930 et
834 2876 1276 2947 caligineoﬂ'usa?
1300 2881 1371 2934 At
1408 2895 1512 2935 non
1547 2882 1666 2935 talis
1712 2892 1797 2937 est
1839 2883 1957 2947 illa,
1998 2898 2116 2953 ane
2142 2900 2174 2940 a

591 2967 859 3037 voluptate
883 2968 1151 3035 abstinet;
1193 2970 1288 3026 sed
1329 2972 1587 3040 honesta,
1636 2983 1941 3042 temperans
1966 2986 2020 3031 et
2060 2973 2167 3031 for-

591 3072 739 3111 mosa
773 3075 787 3111 :
821 3074 943 3112 nam
971 3060 1136 3114 animi
1168 3062 1487 3131 compositio
1528 3065 1754 3120 multum
1782 3067 1991 3135 corpori
2020 3066 2174 3122 aﬁ'ert

589 3149 857 3204 decorem.
879 3149 957 3204 Ne
983 3161 1136 3219 putes
1157 3155 1299 3205 etum
1330 3170 1358 3205 a
1381 3155 1647 3224 corporali
1677 3156 1849 3211 solum
1876 3159 2053 3226 Specie
2074 3158 2176 3216 hoc

594 3241 727 3294 fieri.
762 3240 831 3293 Da
864 3240 1151 3296 formosam
1180 3243 1434 3311 puellam,
1465 3246 1844 3313 turbulentant,
1870 3249 2171 3318 loquacem,

592 3334 997 3399 eonviciantem,
1026 3336 1315 3402 ebriosam,
1338 3348 1706 3407 sumptuosam
1743 3357 1756 3393 :
1788 3356 1965 3397 nonne
1985 3346 2176 3412 quavis

594 3425 731 3481 [teda
771 3435 825 3479 et
855 3427 992 3495 turpi
1017 3426 1309 3481 deformior
1345 3429 1467 3483 est?
1508 3428 1564 3484 Si
1605 3445 1733 3485 vero
1776 3434 2038 3501 pudorem
2084 3435 2178 3489 ba-

594 3518 710 3573 beat
733 3560 749 3585 ,
776 3519 820 3572 si
848 3528 1053 3585 taceat,
1082 3521 1125 3573 si
1155 3521 1474 3574 erubescere
1509 3522 1791 3589 didii-erit,
1832 3539 1896 3579 ac
1935 3527 2175 3583 modeste

592 3611 770 3681 loqui,
815 3611 860 3667 si
900 3614 1182 3681 jejunare,
1212 3612 1407 3682 duplex
1458 3622 1540 3667 est
1577 3614 1916 3683 pulchritudo
1941 3659 1956 3680 ,
2005 3619 2176 3688 major

590 3702 799 3766 l‘orma,
844 3704 1044 3772 gratior
1082 3704 1292 3767 vultus,
1333 3705 1578 3761 castitate
1620 3715 1676 3761 ct
1722 3720 1913 3763 ornatu
1960 3710 2170 3781 plenus.

593 3797 686 3850 Vis
716 3796 819 3857 iam
848 3796 915 3851 de
943 3797 1074 3851 viris
1104 3798 1427 3867 loquamur?
1456 3798 1591 3865 Quid
1618 3800 1771 3855 ebrio
1801 3803 2048 3871 turpius?
2079 3805 2174 3859 lli-

592 3888 801 3942 diculus
833 3897 917 3942 est
955 3886 1166 3942 famulis
1188 3930 1202 3953 ,
1251 3888 1509 3943 ridiculus
1546 3890 1821 3959 hostibus,
1856 3894 2176 3951 miserabilis

592 3977 730 4046 apud
757 3977 991 4041 amicos,
1022 3979 1165 4032 omni
1196 3978 1540 4037 damnatione
1588 3980 1818 4049 dignus:
1852 3981 1963 4037 fera
2008 3986 2175 4057 magis

592 4082 749 4136 quam
778 4067 939 4122 homo
971 4086 985 4123 :
1017 4083 1138 4123 nam
1168 4070 1346 4124 multis
1373 4071 1685 4141 ingurgitari
1718 4072 1889 4141 pardi,
1926 4076 2095 4129 leonis
2122 4086 2175 4133 ct

596 4159 703 4214 ursi
733 4168 836 4214 est.
865 4160 934 4213 At
965 4159 1051 4214 illa
1082 4161 1159 4215 sic
1186 4161 1377 4215 merito
1404 4162 1602 4216 faciunt
1631 4180 1645 4215 :
1676 4178 1779 4217 non
1807 4164 2005 4221 habent
2034 4169 2173 4223 enim

594 4252 823 4305 animam
852 4252 1182 4309 rationalem.
1205 4253 1343 4320 Quin
1371 4263 1426 4307 et
1452 4252 1556 4308 illze
1577 4254 1622 4309 si
1651 4254 1788 4309 ultra
1813 4272 2115 4313 mensuram
2144 4276 2173 4315 a

596 4354 781 4397 natura
810 4342 1083 4399 deﬁnitam
1114 4344 1294 4411 edant,
1327 4353 1442 4400 toto
1463 4361 1691 4416 corpore
1710 4360 2130 4419 corrumpuntur
2160 4371 2174 4406 :

594 4443 795 4504 quanto
824 4436 992 4505 magis
1016 4437 1151 4490 nos?
1194 4435 1318 4493 Ideo
1346 4438 1498 4493 nobis
1527 4440 1667 4494 Deus
1716 4450 1998 4510 angustum
2052 4459 2177 4498 ven-

598 4537 731 4580 trem
762 4527 945 4591 dedit;
980 4527 1100 4582 ideo
1126 4544 1344 4598 parvam
1377 4531 1469 4584 tibi
1498 4548 1801 4588 mensuram
1829 4535 2091 4604 definivit,
2122 4547 2177 4591 ut

595 4618 812 4674 doceret
838 4621 1068 4675 animam
1098 4623 1273 4676 curari
1302 4633 1571 4691 Oportere.

669 4711 721 4764 5.
753 4710 1165 4765 Consideremus
1202 4713 1371 4781 ipsam
1413 4717 1853 4772 constitutionem
1900 4730 2137 4776 nostram
2160 4765 2175 4785 ,

598 4810 653 4854 et
679 4800 974 4857 videbimus
999 4818 1161 4856 unam
1194 4804 1504 4872 particulam
1533 4805 1584 4860 in
1629 4807 1782 4863 nobis
1812 4809 1948 4865 hanc
1979 4811 2177 4869 habere

596 4894 982 4961 operationem.
1015 4893 1089 4948 Os
1131 4897 1273 4949 enim
1306 4907 1545 4951 nostrum
1576 4906 1631 4952 et
1654 4899 1829 4970 lingua
1856 4903 1922 4955 ad
1952 4902 2180 4973 hymnos

596 4987 845 5054 deputata
875 4996 1029 5044 sunt.
1060 4986 1241 5041 fauces
1260 4986 1327 5041 ad
1352 5005 1559 5043 vocem.
1592 4990 1715 5045 Ideo
1745 4996 2035 5050 necessitas
2082 5016 2178 5050 ua-

598 5092 731 5133 turze
762 5095 859 5133 nos
886 5079 1094 5149 ligavit,
1126 5092 1181 5133 ut
1209 5096 1275 5134 ne
1304 5081 1451 5135 inviti
1477 5081 1688 5151 quidem
1714 5085 1763 5137 in
1792 5086 2006 5139 multam
2036 5087 2177 5141 difli-

597 5173 846 5227 cultatem
890 5172 1206 5228 incidamus.
1240 5173 1296 5227 Si
1339 5190 1569 5244 namque
1591 5177 1834 5246 voluptas
1877 5180 2092 5234 morbos
2123 5193 2177 5236 et

600 5264 937 5331 :rgritudines
968 5279 1072 5318 non
1100 5265 1338 5329 haberet,
1370 5267 1662 5323 tolerabilis
1695 5283 1779 5323 res
1818 5278 1960 5325 esset
1993 5287 2007 5325 :
2038 5288 2177 5327 nune

598 5366 777 5410 autem
826 5366 1029 5411 naturae
1081 5358 1171 5411 tibi
1216 5359 1474 5413 terminos
1520 5360 1729 5428 [)"S‘lii,
1777 5372 1834 5416 ut
1870 5377 1939 5417 ne
1987 5364 2173 5418 volens

595 5451 809 5519 quidem
838 5451 1263 5521 transgrediaris.
1309 5452 1496 5507 Nonne
1534 5454 1890 5524 voluptatem,
1941 5454 2135 5511 dilecte
2160 5500 2173 5519 ,

596 5541 835 5613 quieris?
874 5543 1018 5597 llauc
1044 5558 1072 5595 a
1103 5543 1401 5611 frugalitate
1434 5546 1643 5612 parabis
1668 5562 1681 5600 ε
1710 5561 1888 5601 nonne
1914 5546 2147 5601 valetudi

597 5634 758 5687 nem?
801 5633 867 5687 Et
896 5632 1033 5687 hanc
1056 5649 1305 5703 quoque:
1354 5650 1529 5689 nonne
1576 5638 1873 5692 libertatem
1915 5654 1943 5691 a
1990 5642 2176 5694 curis?

595 5724 741 5779 lianc
787 5724 1009 5779 itidem:
1044 5740 1218 5779 nonne
1278 5727 1612 5793 libertatem,
1667 5730 1828 5782 robur
1877 5744 1930 5785 et
1982 5724 2174 5787 bonam

595 5817 1031 5873 constitutionem
1059 5820 1318 5887 corporis,
1344 5821 1535 5873 animae
1562 5821 1924 5888 sobrietatem,
1955 5826 2173 5893 vigilan-

598 5908 763 5962 tinm’
792 5908 935 5964 Bona
960 5910 1137 5966 omnia
1163 5909 1246 5965 hic
1266 5920 1386 5965 sunt
1419 5930 1430 5963 :
1469 5913 1516 5966 in
1546 5916 1762 5983 crapula
1803 5932 1928 5971 vero
1954 5930 2169 5972 conua-

1319 466 1377 521 S.
1416 463 1528 520 ,1οΛ
1542 461 1690 518 ΣΝῑδ
1725 453 2198 517 CHRYSOSTOMI
2234 454 2550 511 AliClllEP.
2591 453 3124 511 CONSTANTINOP.

3783 454 3891 511 208

2302 586 2377 625 In
2406 612 2421 637 ,
2456 571 2765 636 insuavitas,
2801 571 2939 626 mala
2970 572 3237 639 valetudo,
3262 572 3499 638 morbus,
3529 573 3887 642 “liberalitas,

2294 674 2555 732 Sumptus.
2583 664 2734 720 Unde
2756 666 2937 736 igitur,
2962 668 3190 738 inquies,
3211 667 3277 722 ad
3303 668 3443 721 illam
3467 668 3741 723 currimus
3766 686 3890 721 ont-

2293 754 2432 809 nes?
2468 756 2547 810 Ab
2577 755 2907 812 infirmitate.
2941 758 3034 813 Dic
3061 760 3205 814 enim
3233 758 3359 814 mibi
3385 802 3399 827 ,
3432 776 3531 816 cur
3553 776 3700 831 aeger
3726 762 3887 817 noxia

2290 850 2515 918 quaerit?
2540 866 2719 904 annon
2770 849 2870 906 hoc
2915 853 3088 921 ipsum
3130 853 3340 923 signum
3386 864 3467 909 est
3513 854 3737 909 morbi?
3777 852 3889 909 Cur

2290 941 2511 997 claudus
2534 959 2641 998 non
2666 953 2812 999 recte
2843 944 3076 999 incedit?
3112 960 3291 1000 nonne
3320 962 3385 1001 ex
3415 948 3621 1017 ignavia
3655 957 3713 1002 et
3737 948 3883 1017 quod

2290 1034 2425 1087 nolit
2444 1034 2700 1090 accedere
2724 1035 2791 1090 ad
2820 1035 3126 1090 medicum?
3153 1037 3259 1092 Res
3286 1039 3427 1092 enim
3453 1038 3573 1092 alia:
3605 1048 3887 1107 tempOra-

2290 1142 2444 1180 neam
2477 1126 2675 1182 habent
2701 1128 3026 1197 voluptatem
3059 1140 3482 1199 perpetuumque
3520 1132 3883 1200 supplicium;

2286 1217 2409 1270 alia:
2441 1233 2473 1273 e
2510 1220 2783 1274 contrario
2808 1228 3207 1289 temporaneam
3238 1224 3547 1297 patientiam
3588 1235 3642 1277 et
3682 1240 3885 1294 perpe-

2291 1316 2438 1361 tuum
2463 1307 2735 1378 gaudium.
2763 1309 2864 1375 Qui
2887 1310 3050 1381 igitur
3069 1313 3149 1367 sic
3176 1309 3349 1367 mellis
3372 1322 3427 1367 et
3448 1315 3671 1383 ignavus
3691 1324 3798 1379 est,
3830 1325 3888 1369 ut

2289 1416 2395 1453 non
2422 1408 2729 1455 contemnat
2770 1412 3066 1472 praesentes
3096 1403 3319 1460 delicias
3358 1420 3454 1472 pro
3483 1405 3677 1460 futuris
3699 1447 3715 1471 ,
3775 1408 3886 1461 cito

2286 1492 2512 1561 capitur.
2543 1492 2636 1548 ltic
2655 1494 2807 1560 mihi,
2835 1493 2975 1549 Esau
2999 1494 3138 1549 unde
3159 1505 3345 1563 captus
3365 1504 3483 1561 est;
3510 1495 3654 1551 unde
3680 1496 3881 1551 factum

2288 1597 2343 1639 ut
2369 1593 2684 1654 prmsentem
2713 1585 3034 1654 voluptatem
3085 1586 3261 1640 futuro
3306 1587 3497 1641 honori
3539 1587 3874 1658 praeferret?

2288 1674 2365 1729 Ex
2394 1675 2637 1731 mollitie.
2661 1676 2775 1733 Hoc
2800 1678 2970 1747 ipsum
2999 1693 3130 1734 vero
3149 1680 3309 1745 unde,
3340 1681 3586 1751 inquies?
3611 1686 3688 1735 ex
3723 1682 3882 1737 nobis
3914 1736 3917 1737 ,

2286 1769 2448 1837 ipsis;
2477 1769 2619 1838 quod
2649 1770 2771 1825 hinc
2803 1772 3144 1826 manifestum
3172 1785 3275 1828 εει.
3307 1773 3534 1839 Quando
3582 1776 3837 1830 Volumus
3860 1816 3876 1837 .

2285 1875 2383 1915 nos
2411 1862 2725 1925 excitamus,
2752 1873 2807 1916 et
2835 1864 3096 1930 patientes
3122 1863 3405 1919 efficimur.
3435 1864 3490 1921 Si
3520 1866 3684 1935 igitur
3703 1882 3882 1936 quan-

2283 1952 2459 2022 doque
2492 1953 2769 2009 advenerit
2800 1955 3092 2009 necessitas
3111 1997 3126 2021 ,
3173 1971 3317 2025 sa-pe
3343 1957 3723 2013 contendendo
3754 1969 3881 2012 ian-

2286 2051 2417 2107 tum,
2439 2044 2566 2112 quid
2600 2046 2734 2100 utile
2760 2046 2828 2099 sit
2857 2046 3240 2115 conspicimus.

2353 2134 2500 2189 Galae
2525 2137 2681 2190 mala.
2710 2166 2781 2176 —
2802 2135 2938 2192 Cum
2971 2152 3101 2207 ergo
3138 2138 3345 2192 deliciis
3386 2148 3438 2194 te
3465 2138 3743 2194 dedituros
3774 2157 3837 2195 es
3864 2183 3878 2206 ,

2284 2238 2681 2299 temporaneam
2719 2244 2839 2285 esse
2874 2230 3203 2300 voluptatem
3249 2232 3423 2302 cogita
3450 2274 3466 2297 ,
3507 2232 3881 2303 damnumque

2282 2320 2405 2375 hinc
2448 2322 2768 2390 proveniens
2806 2324 3100 2392 (damnum
3132 2324 3274 2379 enim
3310 2340 3432 2380 vere
3467 2333 3550 2379 est
3576 2368 3589 2391 ,
3624 2342 3745 2381 cum
3779 2343 3880 2382 sna

2281 2413 2515 2482 pernicie
2545 2421 2618 2466 tot
2649 2427 2779 2483 opes
2811 2413 3123 2484 insumere),
3158 2416 3394 2478 morbos,
3430 2416 3790 2481 infirmitates,
3823 2430 3882 2473 et

2280 2506 2603 2576 voluptatem
2630 2517 2931 2561 contemne.
2961 2508 3104 2573 Quot
3134 2510 3210 2561 vis
3252 2508 3344 2562 tibi
3376 2508 3619 2563 homines
3647 2527 3879 2565 enunie-

2280 2613 2392 2653 rem
2419 2598 2553 2651 mala
2587 2612 2770 2667 passos
2798 2613 2827 2651 a
2856 2598 3230 2653 deliciis?Noe
3262 2600 3552 2654 inebriatus
3577 2611 3657 2655 est
3685 2617 3749 2656 ac
3778 2618 3879 2654 itu-

2279 2689 2469 2755 datus;
2502 2702 2557 2745 et
2581 2691 2700 2745 vide
2731 2702 2861 2759 quot
2893 2693 3017 2747 hinc
3048 2693 3184 2745 mala
3213 2694 3492 2746 evenerint
3523 2713 3535 2747 :
3571 2710 3666 2763 per
3692 2696 3877 2764 gulam

2279 2781 2419 2836 Esau
2465 2783 2812 2852 primogenita
2854 2783 3123 2852 perdidit,
3156 2793 3211 2837 et
3245 2783 3311 2837 ad
3357 2784 3532 2838 fratris
3574 2785 3779 2840 caedem
3819 2803 3880 2839 se

2278 2872 2528 2926 accinxit.
2566 2872 2792 2943 Populus
2821 2872 2990 2927 Israel
3025 2876 3154 2927 sedit
3187 2877 3493 2929 manducare
3518 2886 3565 2930 et
3590 2877 3760 2931 bibere
3783 2919 3800 2943 ,
3832 2889 3880 2930 et

2278 2972 2600 3017 surrexerunt
2646 2964 2819 3017 ludere
2857 2964 2874 3030 (
2905 2962 3075 3018 Exod.
3111 2964 3199 3018 52.
3231 2966 3329 3034 6).
3392 2964 3515 3019 Ideo
3567 2968 3670 3031 ait,
3715 2967 3876 3023 Com-

2278 3055 2431 3109 edens
2458 3066 2507 3109 et
2533 3055 2702 3110 bibens
2726 3055 2993 3109 recordare
3018 3056 3227 3110 Domini
3254 3056 3349 3110 Dei
3376 3060 3448 3111 lui
3469 3057 3643 3125 (Deut.
3676 3060 3731 3115 6.
3762 3061 3878 3132 19.).

2280 3148 2337 3204 In
2368 3149 2715 3219 pnecipitium
2755 3149 2896 3205 enim
2928 3158 3187 3216 ruerunt,
3221 3152 3307 3221 qui
3340 3152 3391 3205 in
3420 3152 3640 3207 delicias
3673 3154 3882 3209 incide-

2280 3250 2423 3296 runt.
2464 3242 2651 3309 Vidua,
2684 3242 2875 3313 inquit,
2905 3258 3017 3313 qua:
3043 3243 3097 3295 in
3127 3243 3321 3297 deliciis
3352 3253 3443 3309 est,
3475 3245 3642 3298 vivens
3672 3258 3884 3301 mortua

2280 3345 2352 3389 est
2378 3334 2453 3407 (ι.
2482 3333 2618 3389 Tim.
2648 3336 2701 3390 5.
2732 3334 2822 3407 6);
2854 3350 2917 3391 ac
2947 3351 3180 3399 rursum,
3212 3334 3589 3407 hirpingualus,
3618 3339 3889 3393 incrassa-‘

2281 3438 2361 3480 tus
2384 3438 2477 3493 est,
2506 3438 2551 3481 et
2575 3428 2909 3483 recalcitravit
2930 3428 3141 3482 dilectus
3162 3427 3338 3499 (Deut.
3366 3430 3455 3484 32.
3485 3430 3601 3499 15);
3632 3445 3883 3485 rursum-

2281 3535 2384 3587 que
2402 3520 2684 3589 Apostolus
2708 3554 2723 3579 ,
2753 3519 2933 3574 Carnis
2962 3537 3138 3573 curam
3167 3536 3233 3573 ne
3267 3522 3481 3589 [amitis
3517 3522 3568 3574 in
3611 3521 3883 3576 desideriis

2282 3609 2473 3680 (Rom.
2509 3611 2594 3666 15.
2634 3611 2757 3679 14).
2797 3611 2911 3665 Non
2962 3612 3132 3682 legem
3179 3626 3320 3681 pono
3356 3611 3624 3681 jejunium
3654 3612 3672 3681 (
3703 3628 3884 3683 neque

2281 3704 2424 3757 enim
2453 3711 2537 3758 est
2560 3703 2650 3773 qui
2679 3703 2924 3770 audiat),
2958 3705 3051 3758 sed
3087 3704 3412 3772 voluptatem
3453 3706 3669 3759 nimiam
3702 3706 3838 3760 tollo
3863 3751 3879 3771 ,

2282 3795 2498 3850 delicias
2536 3796 2793 3851 esscindo
2833 3797 2897 3849 ad
2932 3796 3213 3850 utilitatem
3256 3807 3487 3850 vestram
3517 3816 3527 3849 :
3560 3798 3707 3851 velut
3732 3799 3881 3852 enim

2284 3897 2513 3951 torrens,
2537 3887 2617 3942 sic
2641 3888 2818 3941 omnia
2845 3889 3164 3942 subvertant
3188 3887 3393 3943 delicia:
3416 3907 3430 3954 ;
3464 3888 3595 3942 nihil
3625 3900 3708 3943 est
3733 3893 3882 3961 quin]

2284 3978 2541 4046 impediat
2579 3978 2729 4043 illas;
2770 3994 2800 4033 e
2842 3994 3006 4048 regno
3047 3980 3286 4048 ejiciunt.
3316 3979 3451 4045 Quid
3482 3981 3753 4051 amplius?
3792 3983 3886 4039 Vis

2283 4067 2557 4122 deliciari?
2591 4067 2671 4122 Da
2711 4069 3034 4137 pauperibus
3058 4110 3075 4131 ,
3105 4085 3235 4123 voca
3278 4066 3591 4134 Christum,
3632 4081 3689 4125 ut
3716 4074 3882 4126 etiam

2282 4159 2491 4213 sublata
2533 4174 2717 4214 mensa
2757 4160 3044 4215 delicieris.
3078 4160 3229 4216 Nunc
3257 4163 3401 4216 enim
3433 4178 3541 4217 non
3573 4163 3780 4229 habes;
3812 4167 3885 4219 ita

2284 4250 2540 4320 expedit:
2570 4265 2744 4320 neque
2789 4251 2931 4304 enim
2987 4260 3130 4305 stant
3177 4253 3460 4321 praesentia
3490 4272 3503 4307 :
3539 4264 3663 4309 tunc
3698 4267 3884 4311 autem

2287 4342 2530 4397 habebis.
2582 4341 2674 4396 Vis
2716 4343 3001 4397 deliciari?
3050 4344 3146 4399 Ale
3188 4347 3421 4401 animam
3452 4363 3469 4401 :
3496 4348 3561 4403 da
3609 4349 3687 4403 illi
3729 4350 3888 4406 cibos

2285 4436 2482 4506 quibus
2510 4435 2749 4488 assuevit
2776 4452 2790 4489 :
2820 4451 2886 4490 ne
2919 4436 3057 4490 fame
3088 4437 3301 4492 occidas
3332 4439 3497 4493 illam.
3531 4440 3769 4510 Tempus
3803 4457 3887 4496 εει

2287 4528 2410 4582 belli
2454 4537 2505 4582 et
2554 4542 2761 4598 pugnae,
2792 4536 2847 4583 tu
2878 4544 3000 4583 vero
3039 4529 3197 4585 sedes
3238 4531 3289 4584 in
3311 4531 3558 4586 deliciis?
3587 4532 3705 4587 Non
3730 4536 3887 4589 vides

2286 4634 2381 4674 eos
2409 4618 2499 4688 qui
2540 4629 2747 4688 sceptra
2780 4628 3003 4685 tenent,
3036 4621 3087 4673 in
3118 4622 3355 4675 exercitu
3398 4622 3671 4692 frugaliter
3701 4625 3891 4680 \iven—

2288 4720 2386 4764 tes.
2423 4708 2546 4763 Non
2582 4720 2653 4763 est
2681 4710 2825 4764 nobis
2857 4710 2990 4763 lucta
3016 4711 3256 4765 adversus
3283 4714 3578 4781 sanguinem
3607 4725 3651 4767 et
3676 4732 3888 4769 carnem

2288 4803 2305 4869 (
2334 4802 2524 4872 Epltes.
2567 4801 2619 4855 6.
2660 4802 2726 4855 12
2747 4799 2805 4871 );
2843 4812 2896 4855 ιιι
2927 4818 3058 4856 vero
3091 4812 3144 4855 te
3177 4803 3476 4874 impinguas
3504 4811 3885 4875 pugnaturus?

2291 4896 2547 4949 Dentibus
2590 4896 2824 4948 stridens
2866 4905 2975 4950 stat
3018 4896 3391 4962 adversarius;
3439 4907 3491 4952 tu
3523 4915 3649 4953 vero
3679 4900 3889 4956 effusus

2286 5005 2345 5042 es
2374 4996 2425 5040 et
2457 5002 2653 5042 mensa:
2682 4988 2945 5042 addictus.
2980 4988 3108 5043 Scio
3149 5004 3233 5045 me
3274 4988 3390 5045 haec
3433 4990 3627 5045 frustra
3656 4992 3846 5049 dicere
3871 5038 3883 5050 .

2286 5079 2381 5135 sed
2422 5095 2526 5134 non
2566 5082 2837 5136 omnibus.
2882 5079 2980 5147 Qui
3017 5081 3160 5134 habet
3194 5098 3343 5136 aures
3377 5085 3659 5149 audiendi,
3703 5088 3889 5139 audiat

2288 5174 2434 5243 (Luc.
2462 5179 2515 5231 8.
2545 5178 2619 5249 8).
2651 5175 2896 5229 Christus
2925 5176 3064 5229 fame
3094 5176 3350 5242 tabescit;
3374 5186 3428 5231 et
3454 5188 3505 5231 tu
3532 5194 3638 5246 pra:
3658 5184 3885 5248 crapula

2286 5267 2645 5337 dirumperis:
2673 5268 2780 5321 duo
2809 5267 2924 5320 sine
2952 5283 3199 5321 mensura
3229 5278 3372 5321 sunt.
3407 5269 3542 5334 Quid
3576 5270 3719 5323 enim
3756 5274 3884 5325 ntali

2288 5376 2393 5413 non
2414 5361 2622 5428 pariunt
2644 5359 2850 5413 delicia:
2873 5359 2989 5429 ?(u)
3012 5357 3148 5431 [Sibi
3170 5359 3297 5428 ipsis
3315 5360 3664 5414 adversantur
3686 5361 3725 5432 ε]
3742 5364 3887 5417 unde

2288 5455 2468 5507 nescio
2496 5452 2765 5521 quomodo
2802 5452 2901 5506 hoc
2936 5468 3129 5507 nomen
3158 5453 3361 5507 sortita:
3388 5455 3492 5508 sint
3516 5471 3530 5518 ;
3559 5455 3652 5509 sed
3683 5443 3880 5525 q‘ucnt-

2286 5547 2571 5601 admodum
2603 5556 2657 5601 et
2686 5546 2848 5616 gloria
2889 5564 3007 5616 qua:
3039 5557 3122 5601 est
3158 5548 3373 5603 infamia
3401 5591 3413 5611 ,
3446 5560 3500 5603 et
3528 5548 3729 5604 divitia:
3762 5568 3887 5617 qua:

2286 5651 2410 5693 sunt
2449 5647 2733 5708 paupertas
2756 5678 2771 5702 ,
2810 5638 2879 5691 ita
2916 5639 3074 5693 dictu:
3109 5649 3234 5693 sunt
3264 5659 3276 5695 :
3308 5641 3385 5695 sic
3418 5652 3470 5695 et
3511 5641 3719 5695 delicia:
3760 5660 3889 5711 qm:

2286 5742 2411 5786 sunt
2453 5729 2731 5783 molestia;
2763 5727 2901 5785 Num
2942 5730 3251 5783 immolandi
3290 5747 3475 5786 sumus
3500 5773 3513 5795 ,
3544 5734 3633 5801 qui
3671 5748 3770 5788 nos
3813 5737 3887 5791 ita

2349 5865 2421 5925 (a)
2446 5873 2557 5931 Qll‘d}
2592 5862 2780 5931 uncinis
2801 5861 3092 5914 clauduntur
3120 5878 3215 5914 neu
3252 5865 3370 5925 legit
3409 5867 3587 5927 uenti,
3619 5873 3885 5931 posuitque

2287 5929 2333 5976 in
2360 5922 2587 5987 margine
2611 5922 2824 5973 sat‘ilius.
