4034 6456
177 523 281 579 287

178 641 278 711 ράν
305 657 320 670 ·
343 635 551 707 τροφὰς
589 633 867 705 ζητῶμεν,
912 630 986 702 μὴ
1017 628 1188 682 νόσων
1223 625 1529 687 ὑποθέσεις,
1558 623 1731 711 νόσων
1765 617 1860 672 καί⁵

174 708 420 798 ψυχικῶν
452 727 548 778 καὶ
581 721 910 792 σωματικῶν
930 737 945 752 ο
966 717 1171 789 τροφὴν
1199 714 1452 785 ζητῶμεν
1479 711 1675 781 ἡδονὴν
1707 708 1860 778 έχου⁶

176 796 300 880 σαν,
334 813 409 886 μὴ
432 812 647 885 τρυφὴν
672 809 865 879 ἀηδίας
888 806 1168 877 γέμουσαν
1194 821 1206 833 ·
1236 802 1395 856 τοῦτο
1425 796 1608 870 τρυφὴ
1631 839 1646 863 ,
1681 797 1857 886 ἐκεῖνο

172 885 365 976 λύμη·
393 901 554 956 τοῦτο
591 899 774 972 ἡδονὴ,
807 897 986 949 έκεῖνο
1025 893 1227 956 πόνοςιι
1251 907 1264 919 ·
1290 889 1450 943 τοῦτο
1478 886 1618 940 κατά
1652 885 1818 976 φύσιν
1839 922 1854 944 ,

179 971 357 1048 έκεῖνο
381 989 534 1062 παρά
562 990 744 1058 φύσιν.
768 985 906 1039 Εἰπὲ
931 983 1041 1055 γάρ
1077 998 1189 1052 μοι,
1226 980 1281 1033 εί
1304 997 1388 1042 τις
1429 975 1597 1030 ἔδωκέ
1636 991 1726 1062 σοι⁸
1751 971 1860 1024 κὼ-

177 1098 322 1134 νειον
349 1060 514 1144 πιεῖν,
542 1075 662 1146 οὐχὶ
690 1073 842 1145 παρά
865 1072 1029 1141 φύσιν
1051 1066 1154 1141 ἧνς
1179 1069 1232 1122 εί
1249 1085 1333 1130 τις
1365 1065 1498 1130 ξύλα
1528 1063 1622 1116 καὶ
1650 1060 1853 1122 λίθους,

177 1169 280 1222 οὐκ
319 1169 388 1222 ἂν
432 1162 830 1234 ἀπεστράφηςς
880 1159 1119 1222 Εἰκότως
1141 1173 1156 1186 ·
1203 1155 1355 1225 παρά
1383 1151 1546 1223 φύσιν
1582 1149 1692 1218 γάρ
1719 1151 1856 1201 ἐστι.

178 1254 436 1308 Τοιοῦτον
466 1253 562 1306 καὶ
591 1253 624 1322 ἠ
659 1251 863 1323 τρυφή.
907 1246 1180 1316 Καθάπερ
1217 1243 1328 1314 γὰρ
1353 1244 1411 1295 ἐν
1443 1239 1598 1294 πόλει
1637 1237 1862 1323 πολιορ-

179 1345 308 1406 κίας
334 1342 637 1413 γενομένης
664 1322 833 1402 πολὺς
866 1334 1096 1407 θόρυϐος
1123 1333 1334 1402 γίνεται
1365 1328 1726 1402 καὶ-τάραχος
1749 1322 1860 1377 τῶν

178 1430 460 1500 πολεμίων
508 1427 969 1484 ἐπεισελθόντων·
996 1421 1170 1485 οὔτως
1212 1422 1270 1474 έν
1311 1421 1380 1491 τῇ
1429 1417 1575 1488 ψυχῇ
1609 1414 1820 1483 γίνεται
1843 1450 1859 1475 ,

153 1519 324 1572 ὀἴνου
353 1519 447 1571 καὶ
466 1515 681 1589 τρυφῆς
708 1510 1153 1581 ἐπεισελθούσης.
1184 1507 1314 1563 Τίνι
1343 1505 1500 1570 οὐαί,
1534 1503 1655 1557 τίνι
1689 1501 1862 1589 θόρο-

176 1608 292 1670 σοι,
325 1607 445 1659 τίνι
483 1588 689 1673 ἀηδίαι
736 1602 838 1656 καί
879 1599 1132 1668 λέσχαι,
1161 1597 1281 1649 τίνι
1304 1594 1536 1663 κρίσις;
1564 1589 1702 1658 οἰνχί
1736 1588 1863 1655 τοῖς

174 1691 636 1765 ἐγχρονίζουσιγν
657 1691 728 1745 ἐν
753 1689 972 1751 οῑνοις;
1007 1686 1177 1749 Τίνος
1209 1680 1506 1736 πελιδινοί
1543 1681 1598 1733 οί
1635 1680 1863 1747 ὀφθαλ-

172 1763 282 1851 μοί
298 1798 319 1846 ;
355 1781 519 1834 Ἀλλὰ
540 1763 670 1849 γάρ,
695 1779 796 1830 ὅσα
820 1775 888 1829 ἀν
918 1775 1189 1844 εἴπωμεν,
1210 1772 1312 1824 οὐκ
1329 1768 1712 1840 ἀποστήσομεν
1735 1765 1864 1828 τοὺς

177 1869 312 1940 περί⁵
338 1867 438 1939 τὴν
473 1866 688 1937 τρυφὴν
723 1861 1214 1934 ἀπησχολημένους
1239 1902 1255 1925 ,
1282 1859 1348 1913 ἂν
1380 1857 1457 1930 μὴ
1494 1857 1630 1928 πρὸς
1675 1855 1864 1924 ἕτερον

175 1957 596 2027 ἀντιστήσωμεν
618 1954 682 2006 τὸ
704 1950 896 2014 πάθος.
917 1951 1026 2005 Καὶ
1041 1947 1259 2020 πρῶτον
1295 1947 1393 2018 μὲν
1409 1946 1546 2018 πρὸς
1572 1943 1672 2006 τάς
1709 1940 1862 2016 [218]

174 2046 446 2112 γυναῖκας
477 2044 610 2112 ἡμῖν
640 2040 780 2094 ἔστω
810 2039 1030 2108 όλόγος.
1059 2036 1224 2091 Οὐδὲν
1239 2035 1591 2106 αἰσχρότερον
1606 2032 1864 2102 γυναικὸς

176 2129 498 2203 τρυφώσης,
547 2128 702 2182 οὐδὲν
746 2125 1103 2198 αἰσχρότερον
1155 2118 1865 2195 μεθυούσης·ἀμαυροῦται

178 2218 357 2288 αὐτῆς
385 2217 448 2271 :6
489 2217 592 2287 τῆς
625 2216 802 2285 ὅψεως
853 2213 1034 2278 ἄνθος,
1089 2211 1340 2275 θολοῦται
1390 2209 1454 2264 :6
1493 2208 1728 2280 γαληνὸν
1769 2207 1867 2260 καὶ

177 2305 393 2375 ἥμερον
439 2303 552 2357 τῶν
603 2301 920 2372 ὀφθαλμῶν,
970 2299 1135 2354 οἱονεὶ
1178 2300 1412 2370 νεφέλης
1457 2298 1603 2360 τινος
1642 2298 1868 2358 ἀκτῖνας

179 2391 612 2465 ὑποδραμούσης
660 2389 916 2462 ήλιακάς.
952 2387 1333 2460 Ἀνελεύθερον
1381 2387 1446 2440 :6
1484 2387 1721 2458 πρᾶγμα
1774 2383 1870 2437 καὶ

177 2481 453 2544 δουλικδν,
485 2481 579 2534 καὶ
614 2480 793 2550 πάσης
831 2477 1154 2546 δυσγενείας
1185 2477 1512 2547 ἀνάμεστον.
1561 2473 1688 2536 Πῶς
1721 2473 1869 2524 ἐστιν

179 2570 359 2639 ἀηδὴς
389 2569 537 2621 οίνου
584 2567 950 2622 ἀποπνέουσα.
986 2566 1126 2637 γυνὴ
1189 2564 1467 2627 ὀδωδότος,
1527 2560 1829 2629 σεσηπὸτος
1850 2573 1867 2589 ⁸

180 2657 528 2731 ἑρευγομένη
566 2655 743 2726 κρεῶν
768 2653 1129 2726 διεφθορότων
1153 2653 1352 2723 χυμὸν,
1385 2649 1737 2722 βεσαρημένη
1769 2649 1871 2701 καὶ

179 2746 543 2812 διαναστῆναι
593 2744 667 2815 μὴ
714 2742 992 2814 δυναμένη
1019 2782 1034 2806 ,
1070 2739 1276 2812 ἐρυθρά
1325 2734 1465 2792 οὖσα
1507 2736 1603 2791 τοῦ
1660 2737 1872 2798 δέοντος

183 2835 373 2900 πλέον,
411 2835 632 2904 χάσμης
675 2833 924 2902 γέμουσα
954 2830 1050 2884 καὶ
1087 2827 1287 2901 ἀχλύος
1322 2827 1553 2898 πολλῆςς
1593 2824 1731 2904 Ἀλλ’
1770 2825 1872 2877 οὐκ

181 2923 376 2991 ἐκείνη
472 2901 688 2992 τρυφῆς
725 2901 1043 2989 ἀπεχομένη
1078 2915 1306 2986 τοιαύτη
1347 2931 1361 2945 ·
1403 2913 1540 2968 άλλά
1571 2901 1744 2984 σεμνὴ
1780 2913 1873 2966 καὶ

183 3010 426 3081 σώφρων
459 3010 555 3062 καὶ
584 3005 861 3078 εὔμορφος
887 3005 937 3059 δ.
969 3006 1077 3058 Καὶ
1110 3004 1220 3074 γάρ
1257 3001 1335 3073 τῷ
1368 3000 1580 3072 σώματι
1611 3001 1747 3054 πολὺ
1780 3017 1876 3053 πε-

184 3098 434 3170 ριτίθησι
480 3095 678 3159 κάλλος
717 3095 819 3164 τῆς
856 3090 1037 3163 ψυχῆς
1066 3093 1100 3161 ἡ
1147 3091 1503 3153 κατάστασις.
1538 3090 1631 3160 Μὴ
1665 3088 1776 3159 γάρ
1808 3087 1874 3159 δὴ

182 3187 423 3258 νομίσῃς
445 3184 553 3238 ἀπὸ
573 3184 682 3236 τῶν
707 3180 1036 3251 σωματικῶν
1064 3179 1252 3233 τύπων
1291 3177 1451 3232 τοῦτο
1492 3176 1739 3247 γίνεσθαι
1782 3178 1880 3248 μό-

185 3293 304 3329 νον.
328 3274 426 3337 Δὸς
446 3270 721 3343 εὔμορφον
737 3270 928 3340 κόρην,
946 3266 1386 3338 τεταραγμένην,
1411 3265 1589 3322 λάλον.
1614 3265 1875 3336 λοίδορον,

190 3362 454 3432 μέθυσον,
485 3357 784 3427 πολυτελῆ,
821 3357 870 3408 εί
903 3354 980 3427 μὴ
1015 3354 1198 3425 πάσης
1227 3355 1462 3425 αἰσχρᾶς
1495 3353 1879 3424 δυσειδεστέρα

187 3449 536 3519 καθέστηκεν
562 3463 578 3512 ;
611 3446 674 3499 Εἰ
703 3445 760 3498 δὲ
791 3443 1103 3514 αἰσχύνοιτο
1121 3483 1137 3506 ,
1173 3444 1223 3495 εἰ
1258 3441 1315 3496 δέ
1342 3441 1515 3513 σιγῴη
1541 3482 1556 3506 ,
1585 3443 1633 3494 εἰ
1659 3442 1717 3494 δέ
1751 3443 1880 3512 ἐρυο

192 3541 356 3613 θριᾷν
400 3537 682 3609 μανθάνοι,
714 3535 764 3588 εί
788 3534 845 3587 δὲ
867 3532 1205 3602 φθέγγεσθαι
1233 3531 1588 3613 συμμέτρως,
1623 3533 1673 3584 εί
1697 3531 1755 3583 δὲ
1783 3548 1880 3602 νη-

193 3611 410 3690 στείαις
433 3624 784 3696 ἐσχολακέναι
807 3635 824 3651 ⁸
846 3620 1072 3675 διπλοῦν
1104 3620 1167 3674 τὺ
1200 3611 1439 3682 κάλλος,’
1458 3619 1658 3672 πλείων
1680 3622 1713 3689 ἡ
1738 3617 1878 3691 ῶρα,

191 3714 554 3785 ποθεινοτέρα
593 3714 628 3782 ἡ
662 3710 784 3780 ὄψις
806 3751 822 3774 ,
856 3708 1212 3781 σωφροσύνης
1247 3708 1494 3778 γέμουσα
1520 3707 1615 3760 καὶ
1651 3707 1882 3776 κοσμιόα

190 3820 384 3875 τητος.
411 3801 600 3854 Βούλει
619 3797 806 3852 λοιπὸν
835 3796 931 3850 καὶ
959 3797 1092 3867 περὶ
1121 3795 1333 3866 ἀνδρῶν
1360 3795 1641 3866 εἴπωμενς
1692 3795 1757 3849 Τί
1785 3794 1882 3848 τοῦ

199 3891 499 3963 μεθύοντος
535 3886 928 3957 αἰσχρότερον;
963 3883 1384 3951 Καταγέλαστος
1418 3883 1682 3947 οἰκέταις,
1723 3900 1885 3936 κατα-

194 3981 464 4050 γέλαστος
492 3975 729 4047 ἐχθροῖς,
758 3975 989 4036 ἐλεεινὸς
1016 3974 1167 4044 παρὰ
1202 3971 1408 4042 φίλοις,
1475 3972 1678 4042 μυρίας
1717 3989 1887 4025 κατα-

195 4067 459 4137 γνώσεως
483 4065 648 4128 ἀξιος,
681 4063 868 4132 θηρίον
899 4061 1015 4113 ἐστί
1045 4062 1246 4130 μᾶλλον
1270 4059 1303 4129 ἦ
1333 4059 1620 4130 ἄνθρωπος
1650 4077 1666 4092 ο
1696 4059 1758 4111 :6
1777 4063 1887 4129 γὰρ

199 4155 377 4210 πολλὰ
401 4150 669 4206 σιτεῖσθαι
693 4188 708 4212 ,
733 4148 1055 4218 παρδάλεως
1076 4188 1090 4210 ,
1132 4149 1227 4200 καὶ
1259 4147 1472 4208 λέοντος
1495 4187 1511 4208 ,
1546 4147 1643 4200 καὶ
1681 4147 1886 4216 ἄρκτου

198 4241 378 4299 ἐστίν.
419 4238 660 4301 Εἰκότως
691 4252 706 4268 ·
734 4237 796 4288 ού
825 4235 936 4308 γάρ
961 4234 1176 4304 ἔχουσιν
1209 4235 1396 4300 ἐκεῖνα
1425 4233 1602 4305 ψυχὴν
1634 4233 1886 4304 λογικήν.

201 4331 319 4385 Καὶ
342 4327 451 4400 μὴν
476 4327 704 4380 κάκεῖνα
732 4322 895 4376 πλέον
924 4321 1020 4375 τοῦ
1049 4323 1261 4384 δέοντος
1290 4322 1386 4375 καὶ
1423 4322 1519 4375 τοῦ
1562 4322 1762 4392 μέτρου
1793 4321 1887 4375 τοῦ

201 4416 362 4488 παρὰ
375 4415 474 4484 τῆς
491 4413 704 4483 φύσεως
731 4412 913 4472 αὐτοῖς
933 4409 1243 4480 ὡρισμένου
1269 4409 1594 4473 σιτισθέντα,
1612 4408 1889 4482 διέφθειρε

199 4506 268 4558 τδ
295 4504 407 4557 πᾶν
435 4501 595 4572 σῶμα
626 4518 640 4532 ·
674 4499 827 4569 πόσῳ
857 4493 951 4551 οὖν
994 4497 1195 4567 μᾶλλον
1226 4499 1427 4568 ἡμεῖς;
1455 4498 1556 4550 Διὰ
1575 4497 1736 4550 τοῦτο
1755 4500 1890 4570 ἡμῖν

203 4594 289 4654 είς
323 4590 523 4662 μικρὸν
565 4588 874 4644 συνέστειλε
916 4587 1018 4658 τὴν
1044 4586 1290 4658 γαστέρα
1334 4588 1362 4639 6
1405 4585 1539 4649 Θεός
1568 4602 1583 4617 ·
1612 4586 1702 4639 διὰ
1731 4587 1892 4641 τοῦτο

203 4679 390 4748 ὀλίγον
410 4747 422 4750 Α
441 4677 641 4750 μέτρον
666 4676 835 4749 ὥρισε
862 4675 1098 4746 τροφῆς,
1135 4675 1222 4729 ἵνα
1253 4673 1522 4746 παιδεύσῃ
1552 4674 1733 4744 ψυχῆς
1765 4677 1889 4727 ὲπι-

210 4747 528 4888 μξῗὶθέέα
537 4816 797 4888 μάθωμεν
812 4816 983 4890 αὐτὴν
1000 4818 1096 4888 τὴν
1112 4815 1459 4884 κατασκευὴν
1475 4814 1576 4885 τὴν
1594 4813 1891 4886 ἡμετέρανν

208 4908 308 4962 καὶ
347 4905 595 4976 ὀψόμεθα
631 4904 689 4958 ἓν
731 4904 918 4976 μόριον
952 4906 1010 4957 ἐν
1040 4907 1173 4976 ἡμῖν
1203 4903 1407 4973 ταύτην
1445 4901 1568 4973 ἔχον
1613 4903 1712 4973 τὴν
1745 4902 1895 4974 ἐνέρ-

208 5011 390 5064 γειαν.
421 4993 495 5047 T6
527 4993 705 5065 στόμα
741 4991 850 5064 γάρ
882 4993 1042 5063 ἡμῶν
1072 4993 1168 5046 καὶ
1197 4993 1231 5062 ὴ
1259 4991 1478 5059 γλῶττα
1517 4990 1654 5061 πρὸς
1689 4990 1895 5061 ὕμνους

208 5082 547 5153 ἀφώρισται,
582 5083 610 5133 6
636 5080 853 5152 φάρυγξ
883 5080 1020 5150 πρὸς
1041 5080 1244 5150 φωνήν.
1263 5079 1362 5132 Διά
1382 5077 1542 5132 τοῦτο
1565 5079 1658 5131 καὶ
1676 5079 1892 5150 ἀνάγκη

208 5171 312 5240 τῆς
342 5170 557 5238 φύσεως
587 5171 734 5239 ἡμᾶς
768 5168 1133 5238 ὲγκατέδησεν
1159 5178 1208 5231 ο,
1253 5169 1340 5220 ἵνα
1370 5167 1504 5238 μηδὲ
1539 5168 1765 5230 ἄκοντες
1793 5169 1894 5238 ἐμ·-

211 5259 509 5328 πίτιτωμεν
548 5262 628 5320 εἰς
677 5257 881 5327 πολλὴν
919 5257 1326 5327 πραγματείαν.
1364 5258 1452 5320 Ὠς
1483 5258 1621 5325 εἴγε
1652 5259 1685 5327 ἡ
1716 5257 1896 5329 τρυφὴ

214 5348 417 5409 πόνους
446 5345 522 5416 μὴ
549 5343 685 5416 εἶχε,
729 5345 864 5416 μηδὲ
887 5348 1076 5408 νόσους
1104 5344 1198 5396 καὶ
1227 5345 1538 5414 ἀρρωστίας
1559 5385 1574 5408 ,
1610 5345 1845 5415 φορητὸν
1877 5351 1894 5367 ³

211 5430 285 5506 ἦν
307 5450 325 5466 ’
352 5433 447 5488 νῦν
472 5434 530 5486 δέ
554 5450 637 5485 σοι
667 5432 914 5486 τέθεικεν
943 5433 1196 5502 ὀροθέσια
1228 5433 1330 5500 τῆς
1365 5432 1602 5501 φύσεως,
1633 5432 1719 5485 ἵνα
1763 5433 1898 5502 μηδὲ

217 5521 546 5591 βουλόμενος
574 5520 933 5592 ὑπερϐαίνῃς.
981 5521 1093 5589 υύχ
1122 5519 1316 5590 ἡδονὴν
1350 5521 1531 5589 ζητεῖς
1557 5561 1572 5583 ,
1606 5520 1894 5588 ἁγαπητέ;

214 5608 395 5662 Τοῦτο
424 5609 579 5677 παρά
608 5609 707 5679 τῆς
740 5608 1077 5679 αὐταρκείας
1106 5609 1377 5679 εὑρήσεις.
1408 5609 1519 5678 Οὐχ
1551 5608 1741 5673 ὑγείαν
1765 5625 1779 5673 ;
1804 5610 1899 5662 καὶ

213 5695 380 5750 τοῦτο
402 5711 416 5726 '
444 5697 564 5768 οὐχὶ
586 5698 959 5768 ἀμεριμνίαν;
1009 5698 1102 5749 καὶ
1153 5695 1312 5749 τοῦτο
1331 5714 1344 5727 ·
1373 5697 1494 5766 οὐχὶ
1542 5696 1857 5768 ἐλευθερίαν
1881 5714 1896 5763 ;

215 5785 341 5855 οὐχὶ
377 5785 544 5856 ρῶσιν
582 5785 834 5857 σώματος
861 5827 875 5848 ,
908 5786 1028 5855 οὐχὶ
1059 5785 1275 5850 εὐεξίαν
1295 5824 1309 5849 ,
1341 5786 1460 5854 οὐχί
1489 5785 1650 5857 νῆψιν
1672 5785 1856 5856 ψυχῆς
1881 5827 1896 5851 ,

219 5873 345 5942 οὐχὶ
396 5873 708 5944 διέγερσινς
761 5873 905 5926 οὕτω
965 5874 1144 5926 πάντα
1209 5872 1276 5926 τά
1335 5873 1476 5926 καλά
1541 5873 1812 5927 ἐνταῦθα’
1844 5876 1901 5926 ὲν

287 5962 312 5989 ³
342 5961 485 6009 Alius
504 5961 655 6008 έκεῖνο
682 5963 734 6010 δὲ
755 5961 898 6023 λύμη,
944 5963 1069 6009 alius
1090 5959 1242 6008 έκεῖνο
1277 5961 1328 6008 δὲ
1355 5961 1513 6016 πόνος.
1570 5946 1600 5986 ι’
1661 5963 1758 6010 Alii
1796 5964 1900 6010 ἀλλ’

220 6021 340 6082 εὐμο
405 6023 548 6086 οτέρα
598 6023 680 6070 καὶ
730 6021 1110 6085 σωρονεστέροι.
1171 6023 1263 6069 Καὶ
1304 6023 1365 6082 γοὶ
1398 6059 1409 6069 .
1522 6026 1544 6052 °
1591 6025 1730 6073 Aliuw
1773 6027 1899 6085 mai;

222 6037 503 6135 κατέἕῖσεν.
571 6084 692 6135 *εἰς
716 6041 866 6135 δεινῇ.
896 6092 945 6134 cl
970 6085 1138 6135 "mimi
1163 6083 1334 6135 cotId.;
1360 6038 1601 6135 Eommel.
1626 6093 1680 6135 ct
1703 6085 1873 6135 Moml‘.

222 6083 503 6147 κατέδησενζ
571 6084 692 6135 *εἰς
716 6083 866 6136 SavII.
896 6092 945 6134 cl
970 6083 1138 6147 nptimi
1163 6083 1334 6145 codd.;
1360 6083 1601 6136 Commel.
1626 6093 1680 6136 ct
1703 6083 1873 6137 Μοιίιΐ.

219 6146 432 6210 φρικτὰ-ι.
474 6144 608 6198 Enn.

1210 512 1276 568 IN
1311 509 1495 566 ACTA
1537 499 2083 564 APOSTULURUM.
2125 497 2362 554 ιιυδιιι..
2394 498 2609 555 XXVII.

3538 493 3650 550 208

1962 613 2147 686 ἐκείνῃ
2167 613 2223 668 δὲ
2243 616 2311 668 τά
2333 614 2572 680 ἐναντία,
2598 614 2781 683 ἀηδία,
2813 614 3064 684 καχεξία,
3077 613 3253 678 νόσος,
3276 614 3648 688 ἀνελευθερία,

1961 702 2199 773 δαπάνη.
2249 703 2421 756 Πόθεν
2453 701 2547 758 οὖν
2567 744 2582 768 ,
2608 704 2796 772 φησὶν,
2825 704 2920 756 ἐπί
2946 701 3153 774 ταύτην
3177 703 3449 772 τρέχομεν
3476 706 3653 758 ᾶπαν-

1964 808 2088 859 τες;
2126 792 2260 849 Ἀπὸ
2282 792 2460 845 νόσου.
2489 791 2625 845 Εἰπὲ
2653 792 2763 862 γάρ
2785 778 2787 780 ’
2806 809 2918 862 μοι,
2947 791 3036 844 διά
3060 791 3114 843 τί
3145 791 3208 843 :6
3242 789 3479 859 βλάπτον
3501 794 3530 844 ό
3560 809 3652 844 νο-

1962 878 2073 933 σῶν
2099 879 2384 950 ἐπιζητεί;
2419 881 2541 950 οὐχὶ
2579 880 2676 933 καὶ
2705 879 2841 932 αὐτὸ
2873 877 3033 932 τοῦτο
3072 879 3166 932 τοῦ
3211 882 3389 931 νοσεῖν
3424 879 3652 951 σημεῖόν

1959 968 2110 1035 ἐοτις
2143 970 2242 1022 Διὰ
2272 969 2325 1021 τί
2349 971 2376 1022 6
2397 968 2572 1039 χωλὸς
2599 969 2674 1038 μὴ
2698 969 2836 1041 ὀρθά
2867 967 3075 1036 βαδίζει
3099 984 3113 1028 ;
3137 967 3271 1021 αὐτὸ
3288 966 3345 1019 δὲ
3369 968 3529 1021 τοῦτο
3551 968 3653 1022 οὐκ

1959 1055 2070 1110 61:6
2112 1058 2388 1129 ῥᾳθυμίας
2425 1059 2520 1112 καὶ
2559 1055 2655 1111 τοῦ
2701 1056 2778 1128 μὴ
2824 1055 3113 1126 βούλεσθαι
3149 1056 3301 1127 παρὰ
3343 1055 3434 1108 τὸν
3470 1056 3653 1127 ἰατρὸν

1964 1145 2140 1210 ὶέναι;
2170 1146 2292 1197 Τῶν
2320 1146 2430 1217 γάρ
2463 1143 2810 1216 πραγμάτων
2842 1145 2912 1197 τά
2951 1145 3052 1214 μὲν
3080 1144 3418 1215 πρόσκαιρον
3455 1144 3653 1214 ἡδονὴν

1961 1231 2096 1303 ἔχει,
2128 1233 2352 1304 διηνεκῆ
2379 1220 2435 1286 δὲ
2464 1234 2557 1305 τὴν
2585 1233 2810 1287 κόλασιν
2833 1249 2849 1263 ο
2880 1232 2950 1285 τὰ
2975 1233 3031 1285 δὲ
3054 1233 3386 1291 τούναντίον,
3425 1235 3524 1301 τὴν
3554 1232 3654 1302 μὲν

1963 1321 2261 1393 καρτερίαν
2310 1322 2648 1394 πρόσκαιρον
2672 1364 2686 1385 ,
2739 1321 2962 1393 διηνεκῆ
2997 1321 3053 1374 δὲ
3085 1319 3184 1390 τὴν
3217 1319 3542 1374 ἀπόλαυσιν.
3590 1321 3653 1374 '0

1961 1409 2142 1462 τοίνυν
2162 1410 2306 1464 οὕτω
2331 1409 2533 1482 χαῦνος
2557 1411 2649 1463 καὶ
2685 1409 2950 1482 ῥᾴθυμος.
2975 1407 3116 1461 ὥστε
3145 1409 3220 1479 μὴ
3249 1409 3524 1480 ὑπεριδεῖν
3548 1409 3656 1461 τῶν

1965 1498 2252 1566 παρόντων
2292 1498 2466 1568 ἡδέων
2499 1499 2640 1568 ὑπὲρ
2671 1497 2781 1551 τῶν
2825 1497 3154 1566 μελλόντων,
3188 1496 3398 1565 ταχέως
3434 1495 3656 1548 ἁλίσκε-

1961 1602 2068 1639 ται.
2087 1584 2238 1658 [έέθ]
2264 1587 2395 1640 Εἰπέ
2417 1605 2529 1656 μοι,
2544 1585 2756 1639 όἫσαῦ
2772 1586 2936 1640 πόθεν
2952 1587 3095 1638 ἑάλω
3115 1583 3309 1648 ςπόθεν
3341 1586 3436 1654 την
3453 1584 3630 1654 παῳῦ
3647 1614 3658 1623 -

1966 1689 2066 1727 σαν
2115 1673 2308 1745 ἡδονὴν
2355 1677 2453 1745 τῆς
2495 1674 2797 1746 μελλούσης
2844 1675 3217 1744 προτετίμηκε
3264 1672 3472 1742 τιμῆς;
3523 1671 3658 1725 Ἀπὸ

1963 1765 2296 1833 χαυνότητος
2325 1765 2417 1816 καὶ
2456 1764 2750 1833 μαλακίας.
2782 1763 2954 1816 Τοῦτο
2982 1762 3040 1816 δὲ
3067 1763 3200 1815 αὐτὸ
3224 1761 3411 1820 πόθεν.
3451 1760 3656 1833 φησίν;

1976 1851 2070 1916 Ἐξ
2096 1852 2258 1922 ἡμῶν
2274 1852 2455 1906 αὐτῶν
2472 1869 2484 1883 ’
2510 1855 2603 1906 καὶ
2631 1853 2794 1923 δῆλον
2815 1851 3230 1905 ὲκεῖθεν.”οταν
3253 1847 3359 1920 γάρ
3381 1848 3656 1919 θέλωμεν,

1963 1940 2332 2010 διανιστῶμεν
2381 1943 2632 2004 ἑαυτοὺς,
2676 1942 2772 1994 καὶ
2823 1940 3149 2011 καρτερικοὶ
3201 1937 3467 2008 γινόμεθα
3530 1937 3659 1991 Ἐάν

1966 2029 2100 2100 γοῦν
2121 2029 2336 2102 ἀνάγκη
2369 2030 2502 2084 ποτέ
2533 2030 2775 2092 ἐπέλθοι.
2813 2029 3076 2092 πολλάκις
3110 2029 3166 2082 δὲ
3207 2029 3301 2080 καὶ
3348 2017 3661 2097 φιλονεικῆ-

1971 2135 2166 2182 σαντες
2190 2119 2377 2189 μόνον,
2404 2119 2466 2172 :6
2491 2120 2767 2190 χρήσιμον
2796 2118 3133 2188 συνείδομεν.

2044 2219 2212 2270 Ὅταν
2232 2218 2413 2271 τοίνυν
2441 2217 2643 2288 μέλλῃς
2677 2217 2908 2289 τρυφᾷν,
2941 2215 3197 2285 ἐννόησον
3236 2214 3296 2267 :6
3323 2213 3662 2284 πρόσκαιρον

1968 2305 2070 2376 τῆς
2097 2304 2313 2377 ἡδονῆς,
2358 2305 2458 2375 τὴν
2493 2303 2699 2375 ζημίαν
2755 2302 2955 2374 (ζημία
3003 2301 3115 2374 γὰρ
3144 2301 3314 2364 δντως
3348 2303 3465 2354 ἐστὶ
3523 2300 3662 2369 μετὶτ

1968 2395 2071 2464 τῆς
2097 2396 2306 2458 οίκείας
2335 2394 2514 2465 λύμης
2543 2393 2784 2448 τοσαῦτα
2822 2393 3082 2465 χρήματα
3103 2391 3398 2462 δαπανᾷν),
3437 2389 3537 2452 τὰς
3583 2390 3665 2442 νό-

1971 2499 2118 2546 σους,
2143 2482 2242 2546 τὰς
2266 2482 2602 2554 ἀρρωστίας,
2628 2481 2723 2534 καὶ
2744 2479 3162 2550 καταφρόνησον
3191 2479 3423 2549 τρυφῆς.
3454 2477 3665 2542 Πόσους

1973 2569 2058 2622 σοὶ
2089 2568 2270 2639 βούλει
2307 2568 2605 2640 ἀριθμήσω
2629 2569 2777 2621 κακά
2817 2568 3091 2629 παθόντας
3137 2567 3245 2619 ἀπὸ
3272 2567 3370 2634 τῆς
3412 2567 3662 2636 τρυφῆςς

1984 2657 2044 2712 Ὀ
2075 2657 2200 2710 Νῶε
2225 2656 2504 2727 ἐμεθύσθη
2528 2658 2626 2710 καὶ
2657 2655 2975 2725 ἐγυμνώθη,
3028 2655 3126 2708 καὶ
3163 2656 3265 2726 ὅρα
3293 2654 3439 2706 πόσα
3472 2655 3666 2722 γέγονε

1972 2747 2118 2799 κακά
2146 2746 2256 2799 ἀπὸ
2278 2745 2492 2798 τούτουο
2528 2745 2557 2797 6
2612 2744 2786 2798 Ἡσαῦ
2844 2743 2953 2796 ἀπὸ
2987 2740 3329 2814 λαιμαργίας
3386 2741 3667 2813 προέδωκε

1970 2835 2042 2889 τά
2090 2835 2460 2907 πρωτοτόκια,
2495 2835 2592 2888 καὶ
2644 2836 2727 2898 εἰς
2773 2833 3197 2903 ἀδελφοκτονίαν
3257 2831 3542 2904 ῶρμησεν.
3604 2831 3668 2884 ’0

1971 2924 2122 2990 λαὸς
2148 2927 2182 2978 ὁ
2216 2923 2325 2978 τοῦ
2369 2922 2609 2993 Ἰσραὴλ
2638 2922 2882 2976 ἐκάθισε
2938 2921 3154 2990 φαγεῖν
3206 2921 3308 2975 καί
3337 2921 3514 2976 πιεῖν.
3571 2920 3670 2976 καί

1973 3011 2328 3078 ἀνέστησαν
2352 3009 2600 3072 παίζειν.
2643 3009 2744 3062 Διά
2767 3008 2926 3062 τοῦτό
2971 3025 3127 3080 φησι,
3153 3007 3368 3078 Φαγὼν
3389 3008 3489 3063 καί
3517 3007 3674 3061 πιὼν

1971 3096 2277 3167 μνήσθητι
2332 3098 2558 3166 Κυρίου
2612 3097 2720 3151 τοῦ
2755 3097 2905 3152 Θεοῦ
2940 3112 3080 3151 σου.
3127 3097 3224 3160 Εἰς
3279 3097 3389 3165 γὰρ
3427 3097 3674 3167 κρημνὸν

1975 3184 2233 3238 ἐνέπεσον
2257 3187 2307 3238 οί
2328 3188 2410 3249 είς
2442 3185 2544 3240 τὴν
2593 3184 2807 3254 τρυφὴν
2841 3185 3199 3254 ἐμπεσόντες.
3242 3184 3310 3237 Ἦ
3358 3184 3538 3252 χήραν
3570 3169 3677 3252 φηᾲ

1977 3273 2087 3336 σὶν,
2101 3275 2138 3340 ἠ
2159 3271 2553 3336 σπαταλῶσα,
2570 3271 2728 3333 ζῶσα
2749 3271 3058 3340 τέθνηκεν·
3075 3273 3172 3326 καὶ
3188 3269 3374 3336 πάλιν,
3394 3271 3677 3325 Ἐλιπάν-

1977 3364 2072 3428 θη,
2092 3362 2427 3429 ἐπαχύνθη,
2451 3361 2548 3414 καὶ
2570 3360 2982 3414 ἀπελάλησεν·
2994 3363 3026 3413 ό
3038 3358 3448 3429 ἡγαπημένος·
3467 3360 3562 3412 καί
3575 3361 3680 3429 πέε-

1976 3426 2060 3502 λιν
2076 3449 2105 3501 6
2120 3426 2463 3512 ’Δπόστολος,
2486 3447 2606 3516 Τῆς
2622 3448 2854 3517 σαρκὸς
2872 3426 3165 3516 πρόνοιαν
3176 3426 3263 3516 μῆ
3288 3447 3561 3502 ποιεῖσθε
3591 3426 3680 3514 εἷς

1977 3537 2318 3605 ἐπιθυμίας.
2355 3535 2430 3588 Οὐ
2462 3535 2746 3605 νομοθετῶ
2775 3536 3033 3606 νηστείαν
3064 3534 3209 3604 (οὐδὲ
3253 3535 3364 3606 γὰρ
3401 3536 3429 3587 6
3463 3535 3680 3589 ἀκούων

1979 3625 2169 3694 ἐστίν),
2200 3623 2318 3677 ἀλλ’
2348 3623 2562 3694 άναιρῶ
2597 3611 2918 3694 σπατάλην,
2948 3622 3205 3676 ὲκκὸπτω
3235 3622 3470 3693 τρυφὴν,
3499 3624 3589 3676 διὰ
3619 3623 3681 3677 :6

1980 3712 2256 3783 χρήσιμον
2285 3710 2347 3763 :6
2375 3710 2665 3782 ὑμέτερον·
2699 3710 2956 3779 καθάπερ
2997 3710 3105 3780 γὰρ
3167 3711 3493 3782 χείμαρρος,
3537 3711 3680 3764 οῦτω

1982 3799 2160 3852 πάντα
2185 3798 2484 3870 ἀνατρέπει
2518 3799 2552 3869 ἡ
2580 3798 2786 3869 τρυφὴ⁶
2828 3798 2982 3850 οὐδὲν
3009 3797 3181 3868 αὐτὴν
3209 3798 3270 3850 :6
3306 3799 3514 3852 κωλύον
3541 3799 3676 3853 ἐστί·

1986 3887 2267 3958 βασιλείας
2298 3885 2572 3940 ἐκϐάλλει.
2612 3886 2677 3938 Τί
2708 3885 2770 3938 :6
2823 3885 3021 3950 πλέον;
3076 3885 3267 3938 Βούλει
3305 3887 3552 3957 τρυφᾷν;
3582 3887 3682 3950 A6;

1986 3964 2208 4044 πένησι,
2243 3971 2472 4026 κάλεσον
2492 3973 2584 4024 τὶν
2618 3970 2856 4042 Χριστὸν
2893 3971 2980 4024 ἵνα
3014 3973 3108 4025 καὶ
3163 3972 3302 4041 μετὰ
3326 3972 3386 4023 τὸ
3419 3973 3519 4044 τὴν
3550 3975 3686 4043 τρά-

1988 4061 2160 4126 πεζαν
2194 4062 2426 4133 ἀρθῆναι
2461 4061 2591 4134 ἔχῃς
2643 4061 2880 4132 τρυφᾷν.
2923 4059 3039 4112 Νῦν
3073 4059 3170 4128 μὲν
3207 4060 3317 4132 γάρ
3357 4062 3460 4114 οὐκ
3512 4061 3676 4130 ἔχεις.

1987 4149 2234 4211 εἰκότως·
2270 4148 2391 4201 οὐδὲ
2413 4147 2524 4218 γάρ
2563 4148 2764 4216 ἕστηκε
2811 4147 2887 4218 τά,
2911 4145 3166 4199 ἐνταῦθα·
3228 4147 3352 4199 τότε
3401 4147 3458 4200 δὲ
3513 4147 3675 4211 ἕξεις.

1988 4234 2178 4289 Βούλει
2197 4215 2513 4307 τρυφῆσαιξ
2569 4215 2780 4304 Θρέψον
2813 4215 2912 4303 τῆν
2938 4232 3144 4304 ψυχὴν,
3179 4235 3411 4304 μετάδος
3437 4235 3574 4305 αὐτῇ
3599 4253 3683 4287 σι-

1986 4321 2117 4374 τίων
2157 4314 2232 4376 ὧν
2288 4322 2407 4381 ἔθος
2455 4320 2591 4392 ἔχει·
2643 4321 2719 4392 μὴ
2769 4320 3171 4391 λιμοκτονήσῃς
3222 4323 3414 4390 αὑτήν.
3477 4323 3683 4392 Καιρὸς

1990 4409 2252 4481 πολέμου,
2275 4409 2468 4481 καιρὸς
2525 4407 2759 4478 ἀγῶνοςο
2796 4410 2860 4462 σὺ
2885 4407 2942 4460 δὲ
2989 4408 3235 4479 κάθησαι
3276 4407 3537 4479 τρυφῶν;
3572 4409 3681 4476 Οὐχ

1988 4497 2123 4568 ὁρᾷς
2160 4496 2411 4560 καὶτοὺς
2442 4497 2509 4551 τὰ
2567 4497 2826 4569 σκῆπτρα
2881 4497 3405 4567 ἐγκεχειρισμένους
3455 4497 3513 4548 ὲν
3562 4499 3684 4559 ταῖς

1989 4583 2096 4650 ἐξω
2137 4585 2453 4656 στρατείαις
2485 4584 2723 4648 εὐτελῶς
2763 4575 3008 4652 ζῶνταςς
3065 4586 3186 4638 Οὐκ
3251 4585 3421 4639 ἔστιν
3474 4584 3618 4652 ἡμῖν
3650 4585 3686 4655 ἡ

1991 4674 2158 4742 πάλη
2203 4675 2353 4740 πρὸς
2376 4668 2520 4742 αἷμα
2556 4672 2658 4725 καί
2689 4672 2911 4742 σάρκα·
2956 4673 3022 4726 σὺ
3062 4673 3118 4725 δὲ
3162 4671 3434 4735 λιπαίνεις
3488 4673 3686 4725 σαυτὲν

1996 4763 2206 4834 μέλλων
2237 4751 2521 4834 παλαίειῃ
2557 4763 2802 4833 Ἐστηκε
2823 4761 3027 4833 τρίζων
3060 4762 3188 4826 τοὺς
3213 4761 3434 4824 ὀδόντας
3460 4762 3626 4815 αὐτοῦ
3659 4765 3689 4816 6

1993 4830 2308 4917 ἀντίπαλος,
2348 4852 2412 4905 σὺ
2430 4830 2490 4905 δέ
2524 4830 2919 4923 διακεχυμένος
2950 4853 3265 4922 τυγχάνεις,
3322 4853 3413 4904 καὶ
3436 4849 3690 4924 τραπέζῃ

1995 4935 2480 5011 προσέχειςκοῖδα
2525 4941 2649 5012 είκῆ
2673 4940 2852 4994 ταῦτα
2911 4940 3107 5010 λέγων,
3163 4940 3277 4994 ἀλλ’
3309 4941 3407 5009 οὐχ
3456 4941 3686 4994 ἅπασιν.

2007 5031 2069 5084 ’0
2097 5032 2256 5098 ἔχων
2278 5026 2398 5085 ὦτα
2417 5031 2665 5084 ἀκούειν
2692 5029 2984 5085 ἀκουέτω.
3027 5030 3087 5084 '0
3130 5029 3364 5102 Χριστὸς
3394 5030 3500 5082 ὑπὸ
3527 5029 3688 5100 λιμοῦ

1996 5119 2246 5190 τήκεται,
2278 5118 2343 5172 σὺ
2365 5117 2420 5170 δὲ
2455 5117 2562 5170 ὑπὸ
2587 5119 3038 5190 γαστριμαργίας
3071 5119 3310 5188 διασπᾷς
3341 5118 3558 5170 σαυτόν·
3597 5117 3692 5171 δύο

1996 5207 2282 5278 ἀμετρίαι.
2312 5205 2378 5260 Τί
2401 5206 2512 5278 γὰρ
2539 5206 2600 5259 οὐ
2627 5207 2773 5260 ποιεῖ
2801 5205 2972 5260 κακὸν
2999 5208 3032 5278 ἡ
3060 5208 3280 5277 τρυφή,;
3314 5206 3457 5276 Πρὸς
3489 5207 3691 5271 ἑαυτὴν

1997 5296 2217 5349 ἐναντία
2249 5293 2398 5349 ἐστίν
2423 5299 2466 5324 ⁶⁶
2491 5293 2615 5348 ὅθεν
2646 5294 2748 5347 οὐκ
2777 5290 2916 5358 οἶδα,
2955 5293 3074 5357 πῶς
3123 5295 3218 5347 καὶ
3247 5294 3309 5346 τὸ
3337 5293 3508 5363 ὄνομα
3531 5293 3692 5350 τοῦτο

1999 5381 2135 5452 ἔχει·
2165 5381 2281 5435 ἀλλ’
2305 5381 2549 5452 ῶσπερὴ
2585 5379 2713 5446 δόξα
2751 5381 2949 5451 ἀτιμία
2971 5376 3127 5445 οὖσα,
3164 5380 3259 5434 καὶ
3285 5382 3313 5433 6
3339 5379 3571 5442 πλοῦτος
3594 5398 3693 5433 πε,

1998 5471 2089 5524 via
2119 5467 2216 5532 ὢν,
2251 5467 2412 5522 τοῦτο
2439 5468 2724 5535 κέκληταιο
2761 5468 2905 5522 οὕτω
2931 5469 3024 5522 καὶ
3053 5470 3087 5540 ἡ
3119 5469 3301 5540 τρυφὴ
3333 5467 3496 5538 ἀηδία
3530 5463 3692 5529 οὗσο,

1998 5561 2092 5631 Μὴ
2125 5558 2233 5630 γὰρ
2283 5557 2517 5627 τυθῆναι
2550 5556 2770 5628 ἔχομεν,
2815 5558 2896 5610 ὅτι
2942 5556 3264 5626 λιπαίνομεν
3311 5556 3572 5621 ἐαυτούς;
3627 5555 3695 5608 Τί

1999 5647 2262 5719 παρέχεις
2273 5644 2353 5718 τῷ
2374 5644 2620 5714 σκώληκι
2639 5644 2707 5697 λα
2715 5645 2904 5716 μπράν
2917 5647 3018 5716 τὴν
3036 5663 3065 5697 τ
3075 5645 3321 5715 ράπεζαν
3342 5667 3356 5710 ;
3373 5645 3425 5697 τί
3440 5645 3653 5698 πλείονα
3667 5665 3693 5710 ς

2000 5738 2178 5798 ποιεῖς
2198 5734 2326 5797 τοὺς
2370 5732 2606 5803 ἰχώρας;
2652 5734 2705 5787 τί
2736 5735 2922 5804 πηγὰς
2970 5733 3235 5804 ἱδρώτων,
3282 5735 3377 5786 καὶ
3426 5734 3694 5797 δυσωδίος

2001 5822 2416 5887 ὲναποτίθεσαι;
2445 5821 2499 5873 τί
2553 5820 2691 5890 πρὸς
2731 5821 2912 5875 πάντα
2948 5821 3175 5874 σεαυτὸν
3214 5820 3490 5893 ἄχρηστον
3521 5838 3693 5873 κατα-

2004 5911 2328 5976 σκευάζεις;
2354 5911 2544 5964 Βούλει
2576 5912 2834 5979 γενέσθαι
2870 5912 3092 5982 ἰσχυᾴλν
3142 5911 3234 5964 τὸν
3261 5911 3543 5981 ὀφθαλμόν
3569 5928 3583 5973 ;
3619 5911 3696 5963 Το

2005 5999 2165 6069 σῶμα
2197 6000 2424 6070 ποίησον
2446 5997 2685 6052 εὔτονον.
2713 6000 2823 6052 Καὶ
2858 5999 2966 6070 γάρ
2993 6002 3049 6053 έν
3102 6002 3223 6063 ταῖς
3257 5999 3476 6071 χορδαῖς
3527 6001 3559 6068 ἠ
3593 6016 3694 6068 μέν

2087 6087 2276 6155 ἥαίνίωο,
2302 6087 2419 6155 πρὸς
2453 6088 2629 6155 ἑαυτὴν
2638 6087 2833 6155 *ἐναντία
2859 6087 3006 6149 ἐστίν,
3035 6101 3061 6138 c
3091 6088 3250 6139 tribus
3274 6087 3414 6138 codd.
3447 6092 3500 6138 ιιι
3534 6101 3690 6151 marg,

2007 6149 2179 6201 Smilii
2205 6151 2434 6211 suppleLa
2451 6155 2585 6200 sum.
2611 6149 2748 6201 Ευιτ.
