4034 6452
446 475 553 531 209

443 592 645 658 παχεῖα
666 589 758 641 καὶ
780 586 1192 658 ἀδιακάθαρτος,
1233 587 1500 656 ἄχρηστος
1525 585 1660 655 πρὸς
1686 585 1784 647 τάς
1811 583 2096 654 μελῳδίας

444 679 479 746 ή
505 678 562 729 δὲ
589 675 849 729 πάντοθεν
871 674 1206 744 ἐπεξεσμένη
1261 673 1474 736 εῦτονός
1534 675 1649 725 ἐστι
1685 673 1780 726 καὶ
1818 672 2098 743 παναρμό-

444 780 571 826 νιος.
610 762 674 813 Τί
695 760 1097 831 καταχωννύεις
1124 762 1222 831 τὴν
1244 761 1423 829 ψυχήν
1446 776 1460 821 ;
1508 759 1559 812 τί
1585 762 1762 828 τοῖχον
1793 757 2097 828 παχύτερον

442 851 616 910 ποιεῖς
638 864 653 912 ;
681 849 733 900 τί
757 849 922 901 πολὺν
949 848 1040 900 τὸν
1062 847 1263 899 καπνὸν
1287 847 1382 899 καὶ
1401 846 1499 915 τὴν
1525 846 1770 913 νεφέλην,
1792 847 1919 898 ὅταν
1940 843 2094 916 [220]

441 935 602 1004 ἀτμοὶ
629 936 878 1005 καθάπερ
911 952 994 996 τις
1019 934 1183 1002 ἀχλὺς
1229 933 1489 985 πάντοθεν
1515 927 1646 986 ὦσιν
1694 931 2092 1000 ἀναδιδόμενοι;

437 1022 501 1073 El
538 1023 629 1073 καὶ
665 1021 848 1090 μηδεὶς
878 1021 1079 1088 ἕτερος,
1112 1022 1160 1072 of.
1194 1019 1422 1088 ἀθληταί
1451 1037 1508 1072 σε
1563 1018 1986 1083 παιδευέτωσαν,
2012 1019 2094 1071 ὅτι

433 1109 497 1160 τὸ
533 1108 834 1178 ἰσχνότερον
865 1107 1022 1176 σῶμα
1058 1107 1424 1177 ἰσχυρότερον.
1459 1106 1667 1158 Οὐκοῦν
1697 1106 1788 1158 καὶ
1815 1107 1848 1175 ή
1882 1106 2092 1173 φιλοσο-

434 1194 608 1258 φούσα
632 1195 774 1263 ψυχὴ
806 1193 1159 1262 εὐτονωτέρα·
1213 1193 1408 1264 ήνιόχῳ
1435 1191 1544 1262 γὰρ
1598 1193 1690 1244 καὶ
1721 1192 1870 1261 ἵππῳ
1923 1191 2086 1244 ἔοικε.

434 1281 542 1331 Καὶ
574 1280 777 1343 ἔξεστιν
801 1280 953 1349 όρᾷν,
985 1279 1232 1350 καθάπερ
1256 1278 1473 1330 ἐπὶτῶν
1502 1281 1678 1348 τρυφῇ
1713 1278 2086 1348 προσεχόντων

431 1363 731 1433 ἀνθρώπων
762 1366 853 1416 καὶ
877 1364 1302 1434 εύσαρκούντων,
1326 1361 1468 1415 οὕτω
1493 1363 1585 1414 καὶ
1612 1364 1735 1422 τοὺς
1756 1361 2088 1431 εύσαρκοῦν-

428 1466 528 1512 τας
547 1449 656 1502 τῶν
683 1451 865 1503 ἵππων
898 1450 1245 1520 δυσκινήτους
1288 1449 1465 1513 ὄντας,
1496 1450 1586 1501 καὶ
1642 1447 1808 1501 πολλά
1841 1447 1918 1518 τῷ
1938 1449 2084 1518 ήνιόο

427 1553 508 1606 χῳ
538 1546 564 1575 ι
592 1536 892 1606 πράγματα
917 1535 1274 1606 παρέχοντας.
1343 1535 1646 1604 Ἀγαπητδν
1677 1536 1889 1605 εὐήνιον
1920 1535 2085 1588 ἵππον

424 1622 618 1692 ἔχοντα
643 1624 733 1676 καὶ
756 1622 982 1691 εύσκελῆ
1012 1622 1303 1692 δυνηθῆναι
1332 1623 1391 1675 τὸ
1413 1621 1665 1692 βραϐεῖον
1686 1621 1890 1677 λαϐεῖν.
1917 1622 2081 1674 Ὅταν

491 1715 510 1738 ⁸
554 1716 725 1765 Morel.
759 1718 887 1765 male
924 1718 1020 1765 τῶν
1059 1718 1278 1780 ἡνιόχων.

1237 473 1294 528 8.
1336 469 1614 526 JOANNIS
1652 467 2135 524 CIlRYSOSTOMI
2173 468 2493 525 ABCIHEP.
2535 467 3080 526 CONSTANTINOP.

3764 476 3870 530 9J0

2197 585 2254 639 δέ
2277 583 2652 652 ἀναγκάζηται
2680 585 2709 636 ό
2738 585 2948 656 ἡνίοχος
2991 584 3168 637 ἕλκειν
3195 583 3378 648 αὑτὸν,
3413 587 3504 638 καὶ
3531 604 3673 641 κατα
3684 606 3747 641 πε
3758 591 3866 643 σόν-

2195 688 2264 724 τα
2287 670 2544 741 μυριάκις
2587 671 2793 724 νύττων
2824 673 2896 741 μὴ
2947 671 3242 740 διανιστᾷν,
3283 672 3386 725 κᾶν
3447 673 3642 746 ιφόδρα
3703 678 3865 738 αὐτὸς

2195 757 2456 827 ἔμπειρος
2483 753 2540 828 ᾖ,
2562 757 2662 826 τῆς
2686 757 2843 827 νίκης
2864 756 3389 827 ἀποστερηθήσεται.
3413 758 3505 828 Μὴ
3524 759 3588 830 δὴ
3616 762 3869 832 περιῖδου-

2199 859 2298 912 μεν
2326 841 2482 911 ήμῶν
2509 842 2608 912 τὴν
2633 843 2811 913 ψυχὴν
2839 843 3285 914 ἐπηρεαζομένην
3313 844 3403 896 διὰ
3437 845 3496 897 τὸ
3521 845 3704 915 σῶμα,
3731 848 3863 902 ἀλλὰ

2196 931 2290 982 καὶ
2346 928 2559 1000 ἐκείνην
2621 930 3072 1001 διορατικωτέραν
3111 929 3500 1001 ἐργασώμεθαο
3548 933 3609 984 τὸ
3665 933 3862 1003 πτερὸν

2201 1017 2335 1087 αὐτῇ
2371 1015 2573 1086 κοῦφον
2605 1019 2935 1087 ποιήσωμεν,
2970 1017 3273 1088 χαυνότερσ.
3319 1017 3387 1070 τὰ
3430 1018 3625 1088 δεσμά·
3686 1020 3859 1087 λόγοις

2197 1104 2368 1174 αὐτὴν
2403 1105 2713 1174 τρέφωμεν,
2757 1103 3075 1174 αὐταρκείᾳ,
3107 1104 3228 1157 ὅσον
3281 1105 3544 1172 ὑγιαίνειν
3585 1107 3748 1174 μόνον
3801 1105 3860 1156 τὺ

2197 1191 2374 1262 σῶμα,
2405 1194 2526 1246 ὅσον
2557 1191 2828 1262 εὔρωστον
2858 1187 3020 1252 εἶναι,
3052 1192 3174 1243 ὅσον
3194 1192 3405 1260 χαίρειν
3429 1194 3522 1245 καὶ
3545 1192 3620 1263 μὴ
3654 1194 3859 1259 ἀλγεῖνο

2194 1277 2282 1330 ἵνα
2302 1277 2444 1330 οὔτω
2469 1277 2536 1329 τά
2567 1277 2689 1329 καθ’
2743 1277 2968 1339 ἑαυτοὺς
3003 1272 3062 1330 εὖ
3089 1277 3365 1341 διαθέντες
3411 1279 3731 1348 δυνηθῶμεν
3759 1277 3860 1346 τῆς

2191 1361 2366 1433 ἀκρας
2417 1362 2620 1430 ἀρετῆς
2653 1362 3026 1425 ἐπιλαϐέσθαι,
3059 1365 3152 1416 καὶ
3197 1365 3307 1416 τῶν
3354 1363 3591 1417 αίωνίων
3637 1363 3860 1432 ἀγαθῶν

2192 1451 2487 1518 ἐπιτυχεῖν,
2537 1450 2720 1519 χάριτι
2745 1450 2840 1502 καὶ
2879 1449 3260 1522 φιλανθρωπίᾳ
3311 1450 3404 1504 τοῦ
3451 1451 3659 1520 Κυρίου
3705 1451 3860 1521 ήμῶν

2201 1534 2371 1605 Ἰησοῦ
2411 1535 2670 1605 Χριστοῦ,
2708 1534 2828 1605 μεθ’
2851 1532 2910 1590 οὗ
2931 1536 3008 1605 τῷ
3049 1537 3226 1606 Πατρὶ
3259 1536 3374 1606 ἅμα
3401 1537 3479 1607 τῷ
3510 1537 3654 1606 ἀγίῳ
3693 1537 3860 1589 Πνεύ-

2187 1638 2316 1690 ματι
2342 1620 2488 1687 δόξα,
2521 1621 2743 1691 κράτος,
2761 1624 2916 1694 τιμὴ,
2940 1622 3035 1676 νῦν
3062 1625 3155 1676 καὶ
3171 1623 3276 1689 ἀεὶ,
3297 1625 3390 1677 καὶ
3411 1627 3490 1686 είς
3511 1624 3640 1686 τοὺς
3656 1623 3858 1685 αἰῶνας

2182 1707 2290 1761 τῶν
2322 1708 2554 1762 αἰώνων.
2597 1709 2788 1780 Ἀμήν.

1896 1893 2142 1947 ΟΜΙΛΙΔ
2175 1892 2311 1946 KH'.

417 1984 596 2066 οὗτοι
627 1983 881 2066 ,κενοῦν
921 1983 1360 2066 ἐκπεμφθέντες
1397 1985 1528 2066 ὀπο
1556 1985 1688 2066 ,τοῦ
1737 1988 2079 2066 Πνεῦματος

489 2057 596 2110 τοῦ
653 2058 823 2124 άγίου
881 2055 1186 2123 κατῆλθον
1236 2059 1323 2118 εὶς
1387 2055 1762 2114 Σελεύκειαν,
1804 2055 2078 2109 κάκεῖθεν

485 2126 882 2204 ἀπέπλευσαν
930 2127 1018 2204 είς
1059 2125 1174 2204 τὴν
1217 2125 1623 2204 Κύπρονλιςαὶ
1656 2127 1965 2204 γεηόμενοι

487 2195 798 2264 Σαλαμῖνι,
847 2197 1247 2264 κατήγγειλαν
1304 2195 1411 2264 τὸν
1437 2195 1621 2261 λόγον
1655 2195 1777 2264 -τσῦ
1821 2195 1969 2264 Θεοῦ
2007 2196 2078 2246 ἐν

483 2266 610 2330 ταῖς
643 2260 1194 2332 συναγωγαῖςΓτῶν
1233 2260 1552 2317 Ἰουδαίων.
1605 2260 1790 2329 Εἶχον
1844 2263 1912 2316 δὲ
1976 2264 2076 2316 καὶ

496 2334 781 2400 Ἰωάννην
804 2333 1127 2403 ὑπηρέτην.

483 2439 553 2493 α’.
577 2439 724 2509 ’Δμα
740 2439 1199 2508 χειροτονηθέντες
1218 2437 1459 2505 ἐξῆλθον,
1485 2438 1577 2490 καὶ
1597 2440 1675 2500 είς
1696 2437 1918 2505 Κύπρον
1939 2438 2071 2490 ἀπέ-

409 2527 671 2589 πλευσαν,
706 2525 801 2579 am
840 2525 938 2577 οὐκ
967 2524 1132 2596 οὔσης
1157 2523 1451 2594 ἐπιϐουλῆς
1491 2526 1628 2589 ἐκεῖ,
1650 2526 1744 2578 καὶ
1770 2525 1863 2577 τοῦ
1911 2525 2068 2592 λόγου

414 2611 858 2682 κατασπαρέντος
891 2611 1012 2681 ήδη.
1066 2611 1154 2664 Ἐν
1202 2612 1501 2681 Ἀντιοχείᾳ
1531 2612 1627 2681 μὲν
1654 2613 1762 2682 γὰρ
1782 2609 1922 2684 ἦσαν
1953 2615 2072 2665 lxa-

403 2695 505 2747 νοί⁹
537 2694 629 2746 καὶ
657 2694 690 2762 ή
714 2692 933 2762 Φοινίκη
955 2693 1010 2745 δὲ
1035 2693 1256 2762 πλησίον
1290 2694 1388 2763 τῆς
1434 2693 1795 2765 Παλαιστίνης
1819 2691 1909 2766 ἦν,
1957 2695 2070 2749 Κύ-

406 2797 542 2852 προς
572 2781 627 2834 δὲ
650 2780 788 2850 οὐχί.
815 2781 1014 2834 Λοιπὸν
1066 2781 1139 2850 μή
1172 2781 1342 2850 ζήτει,
1373 2781 1464 2834 διά
1483 2782 1571 2846 τίς
1624 2784 1751 2834 ὅταν
1787 2783 2066 2853 Πνεύματι

403 2867 678 2920 κινῶνται·
714 2868 775 2919 οὐ
810 2867 918 2937 γὰρ
951 2867 1012 2936 δὴ
1046 2866 1531 2938 ἐχειροτονήθησαν
1567 2869 1842 2939 Πνεύματι
1881 2872 2060 2938 μόνον,

399 2953 539 3007 ἀλλά
577 2954 668 3006 καὶ
697 2952 1139 3023 ἐξεπέμφθησαν.
1197 2953 1303 3006 Kal
1343 2955 1648 3023 γενόμενοι
1677 2957 1748 3008 ἐν
1771 2957 2063 3026 Σαλαμῖνι

398 3039 816 3110 κατήγγελλον
847 3040 956 3094 τὸν
986 3041 1171 3109 λόγον
1202 3041 1308 3093 τοῦ
1345 3041 1491 3094 Θεοῦ
1519 3043 1589 3094 ἐν
1641 3043 1767 3108 ταῖς
1789 3060 2060 3113 συναγω-

401 3127 533 3198 γαῖς
563 3127 680 3182 τῶν
717 3127 1039 3182 Ἰουδαίων.
1084 3127 1246 3197 Ὁρᾷς
1301 3128 1478 3180 πᾶσαν
1525 3128 1757 3199 σπουδὴν
1809 3131 2062 3202 ποιουμέ-

400 3231 524 3278 νους
555 3215 750 3276 αὐτοὺς
781 3213 1008 3277 ἐκείνοις
1033 3213 1422 3282 καταγγέλλειν
1445 3217 1537 3268 τὸν
1596 3215 1751 3284 λόγον
1800 3219 2057 3288 πρώτοις,

399 3301 490 3354 ἴνα
524 3302 597 3372 μή
631 3301 1093 3372 φιλονεικοτέρους
1153 3303 1531 3373 ἐργάσωνταις
1595 3305 1703 3356 Καὶ
1735 3306 1930 3358 ἐκεῖνοι
1960 3305 2059 3359 οὐκ

399 3389 619 3441 ἐλάλουν
639 3400 664 3428 ⁸
692 3390 740 3440 εί
778 3389 854 3458 μὴ
892 3389 1163 3450 Ἰουδαίοις
1196 3391 1394 3460 μόνοις,
1431 3391 1526 3443 καὶ
1541 3385 1687 3444 οὗτοι
1704 3395 1781 3454 εἰς
1813 3391 1911 3455 τὰς
1934 3410 2057 3447 συν-

396 3475 618 3543 αγωγάς
673 3473 940 3544 ἀπῄεσαν.
973 3477 1316 3541 Διελθόντες
1377 3477 1446 3530 δὲ
1481 3478 1596 3545 τὴν
1647 3477 1848 3546 νῆσον
1902 3480 2056 3548 ὅλην

391 3562 532 3628 ἁχρι
558 3559 788 3627 Πάφου,
823 3556 1004 3628 εὖρον
1023 3560 1211 3630 ἄνδρα
1244 3563 1373 3617 τινὰ
1396 3563 1593 3633 μάγον
1641 3564 2056 3636 ψευδοπροφή-

390 3665 505 3712 την
541 3646 841 3710 Ἰουδαῖον,
877 3641 924 3713 ᾧ
947 3649 1134 3716 ὄνομα
1189 3649 1309 3717 Βὰρ
1347 3651 1605 3717 Ἰησοῦς,
1637 3652 1704 3718 ὃς
1730 3650 1809 3724 ἦν
1833 3654 1953 3707 σὺν
1975 3654 2055 3720 τῷ

389 3733 712 3801 ἀνθυπάτῳ
747 3737 968 3804 Σεργίῳ
1013 3739 1247 3801 Παύλῳ,
1282 3739 1452 3807 ἀνδρὶ
1479 3741 1734 3806 συνετῴ⁶
1771 3741 1839 3807 ὃς
1863 3757 2053 3811 προσ-

389 3821 800 3890 καλεσάμενος
867 3824 1175 3892 Βαρνάϐαν
1229 3825 1327 3878 καὶ
1376 3827 1633 3889 Σαῦλον,
1686 3827 2054 3896 ἐπεζήτησεν

385 3908 647 3962 ἀκοῦσαι
679 3911 784 3963 τὸν
816 3911 1001 3978 λόγον
1025 3912 1131 3965 τοῦ
1167 3914 1332 3967 Θεοῦ.
1382 3915 1727 3969 Ἀνθίστατο
1751 3915 1819 3968 δὲ
1847 3919 2052 3983 αὐτοῖς

405 3998 659 4065 Ἐλύμας
694 4001 726 4052 ό
757 3999 949 4067 μάγος
980 4001 1154 4068 (οὕτω
1181 4002 1289 4070 γὰρ
1311 4005 1803 4071 μεθερμηνεύεται
1831 4007 1896 4060 τὸ
1927 4008 2050 4061 ὄνοι

383 4100 467 4151 μα
504 4083 734 4148 αὑτοῦ),
765 4083 952 4151 ζἠτὼν
987 4086 1346 4156 διαστρέψαι
1396 4089 1502 4142 τὸν
1527 4092 1876 4145 ἀνθύπατον
1930 4095 2049 4148 ἀπὸ

386 4169 498 4237 τῆς
527 4171 801 4236 πίστεως.
836 4172 1005 4225 Πάλιν
1039 4175 1211 4244 μάγος
1263 4176 1532 4240 Ἰουδαῖος,
1563 4177 1813 4250 καθάπερ
1843 4181 2044 4250 Σίμων.

385 4258 497 4310 Καὶ
530 4259 630 4326 ὅρα
660 4259 867 4324 τοῦτον,
923 4261 1014 4313 ὅτε
1045 4262 1146 4331 μὲν
1192 4265 1302 4324 τοῖς
1333 4264 1509 4327 ἄλλοις
1545 4265 1694 4337 [ﬁl]
1730 4268 2044 4336 ἐκήρυττον,

383 4345 444 4396 οὐ
475 4344 677 4414 σφόδρα
708 4346 1135 4412 ἀγανακτοῦνταο
1156 4349 1340 4420 ἐπειδὴ
1366 4351 1426 4404 δὲ
1453 4350 1529 4420 τῷ
1554 4352 1848 4424 ἀνθυπάτῳ
1873 4373 2045 4426 προσ-

382 4431 573 4500 ῄεσαν,
620 4433 762 4485 τότε.
807 4434 878 4485 Τὸ
906 4434 961 4486 δέ
983 4434 1295 4505 θαυμαστὸν
1341 4439 1432 4491 τοῦ
1481 4440 1809 4503 ἀνθυπάτου,
1841 4444 1921 4496 ὅτι
1951 4446 2045 4498 καὶ

378 4517 926 4588 προκατειλημμένος
956 4523 1020 4590 τῇ
1055 4522 1254 4593 μαγεία
1315 4524 1546 4587 ἐκείνου,
1573 4527 1761 4596 ἢθελεν
1811 4528 2040 4583 ἀκοῦσαι

381 4605 489 4656 τῶν
515 4607 848 4660 ἀποστόλων.
882 4607 1036 4660 Οῦτω
1075 4610 1166 4660 καὶ
1190 4611 1238 4662 οί
1271 4610 1599 4680 Σαμαρεῖται
1631 4615 1912 4685 ἐποίησαν,
1949 4620 2042 4671 καὶ

380 4695 488 4746 ἀπὸ
512 4697 846 4764 συγκρίσεως
871 4699 903 4767 ή
935 4698 1056 4768 νίκη
1090 4699 1356 4766 φαίνεται,
1379 4701 1476 4770 τῆς
1504 4704 1734 4772 μαγείας
1758 4707 2043 4777 ἁλισκομέ-

378 4799 496 4850 νης.
526 4782 803 4854 Πανταχοῦ
841 4788 873 4854 ή
907 4785 1178 4850 κενοδοξία
1205 4790 1298 4840 καὶ
1324 4791 1356 4859 ή
1400 4790 1658 4859 φιλαρχία
1686 4797 1701 4813 ¹
1728 4794 1899 4846 αἴτιαι
1930 4796 2038 4850 τῶν

381 4867 585 4919 κακῶν.
614 4869 846 4935 Σαῦλος
871 4870 940 4923 δὲ
967 4876 1000 4924 ό
1058 4875 1154 4926 καὶ
1207 4874 1460 4941 Παῦλος,
1509 4879 1800 4944 πλησθεὶς
1851 4883 2037 4937 Πνεύ-

372 4971 562 5022 ματος
600 4955 791 5024 άγπίου,
818 4957 1100 5024 ἀτενίσας
1132 4963 1217 5026 εΙς
1266 4965 1451 5016 αὐτὸν
1478 4959 1665 5016 εἶπεν·
1706 4967 1772 5018 Ὤ
1798 4969 2035 5038 πλήρης

375 5041 598 5106 παντὸς
628 5042 811 5096 δόλου
835 5045 931 5097 καὶ
953 5044 1155 5114 πάσης
1173 5048 1576 5118 ῥᾳδιουργίας,
1604 5052 1694 5104 υιὲ
1727 5053 2030 5123 διαϐόλου,

372 5129 546 5195 ἐχθρέ
566 5129 766 5195 πάσης
793 5132 1204 5202 δικαιοσύνης,
1227 5138 1297 5190 οὐ
1315 5139 1521 5206 παύσῃ
1537 5139 1910 5209 διαστρέφων
1928 5146 2036 5212 τὰς

373 5215 554 5280 ὀδοὺς
580 5220 800 5284 Κυρίου
856 5219 963 5284 τὰς
992 5224 1263 5288 εὐθείας;
1292 5225 1399 5277 Kal
1447 5226 1562 5279 νῦν
1587 5226 1715 5281 ἰδοὺ
1763 5229 1889 5298 χεὶρ
1921 5235 2037 5286 Kv-

364 5302 504 5368 ρίου
532 5305 627 5355 ἐπὶ
657 5304 748 5367 σὲ,
779 5307 876 5358 καὶ
901 5308 1013 5373 έσῃ
1043 5312 1290 5377 τυφλὸς,
1337 5313 1422 5380 μὴ
1444 5313 1694 5376 βλέπων
1721 5315 1828 5369 τὸν
1852 5317 2034 5383 ἥλιον

369 5388 511 5455 ἄχρι
546 5391 769 5455 καιροῦ.
823 5393 1085 5446 Ἐνταῦθα
1116 5398 1174 5447 τὸ
1199 5397 1366 5468 ὄνομα
1393 5400 1553 5452 αὐτοῦ
1579 5402 1863 5470 ἀμείϐεται
1893 5407 2031 5474 μετὰ

369 5478 469 5538 τῆς
501 5479 845 5543 χειροτονίας,
878 5482 1015 5552 ὅπερ
1047 5484 1142 5536 καὶ
1187 5487 1279 5538 ἐπὶ
1321 5486 1416 5538 τοῦ
1455 5488 1665 5556 Πέτρου
1711 5493 2022 5560 γεγένηται.

368 5561 478 5652 Καὶ
501 5563 642 5652 ῌδρλα,
695 5565 792 5652 οὐχ
825 5566 978 5637 ὕϐρις
1009 5570 1070 5622 τὸ
1097 5573 1330 5642 πρᾶγμά
1363 5576 1526 5636 ἐστιν,
1559 5575 1696 5628 ἀλλά
1748 5579 2028 5652 κατάπλη-

367 5646 469 5710 ξις.
500 5647 638 5710 Τοὺς
668 5650 773 5720 γὰρ
804 5652 1025 5722 ἰταμοὺς
1057 5659 1151 5710 καὶ
1174 5659 1561 5729 ἀναισχύντους
1593 5662 1733 5716 οὕτω
1759 5665 1840 5717 δεῖ
1866 5685 2026 5721 κατα-

367 5733 716 5821 πλήττεσθαι.
789 5737 855 5789 Ὣ
889 5741 1127 5811 πλήρης
1177 5747 1403 5811 παντὸς
1455 5748 1662 5812 δόλου,
1718 5753 1870 5821 φησὶ,
1925 5756 2024 5807 καὶ

367 5819 566 5884 πάσης
586 5821 989 5892 ῥᾳδιουργίας.
1031 5830 1119 5882 υἱὲ
1145 5831 1449 5895 διαϐόλου,
1490 5835 1664 5902 ἐχθρὲ
1693 5819 1894 5906 πάσης
1941 5841 2026 5895 δι-

365 5909 712 5973 καιοσύνης.
768 5911 1027 5965 Ἐνταῦθα
1057 5917 1218 5969 αὐτοῦ
1251 5921 1621 5972 ἀποκαλύπτει
1648 5922 1712 5975 τὰ
1742 5927 1797 5976 ἐν
1823 5930 1884 5995 τῇ
1911 5928 2025 5982 δια-

411 5991 427 6012 ⁸
446 5995 546 6068 θ]ίί
574 5995 887 6068 ERNV-343231
910 6000 1118 6068 ἐλάλουν.
1147 6002 1271 6068 Infra
1298 6006 1422 6056 Eum
1449 6009 1687 6068 ἐζήτησεν,
1711 6025 1823 6060 mss.
1853 5991 2025 6066 amnes

360 6055 659 6113 ἐπεζήτησεν.
733 6061 750 6074 ⁹
789 6058 1257 6127 υυιι5,φιλαργυρξα.

2181 1983 2318 2054 vola.
2353 1985 2703 2056 προσχήματι
2732 1985 3008 2056 σωτηρίας
3060 1987 3347 2042 ἀπολλύντι
3383 1989 3474 2042 τὸν
3513 1989 3855 2050 ἀνθύπατον.

2179 2075 2263 2127 Οὐ
2306 2075 2535 2143 παύσῃ,
2593 2074 2744 2144 φησὶ,
2788 2073 3163 2144 διαστρέφων
3200 2077 3308 2143 τὰς
3350 2076 3531 2144 όδοὺς
3583 2077 3860 2148 Κυρίου;

2176 2159 2286 2212 Καὶ
2314 2161 2663 2225 ἀξιοπίστως,
2693 2163 2804 2232 Οὐχ
2824 2163 2956 2231 ἡμῖν
2983 2163 3261 2233 πολεμεῖς,
3295 2166 3484 2234 φησὶν,
3517 2167 3637 2220 ούδέ
3670 2169 3855 2241 μάχῃ,

2173 2246 2310 2298 ἀλλά
2331 2247 2430 2310 τὰς
2473 2247 2628 2311 ὀδοὺς
2674 2248 2878 2318 Κυρίου
2919 2249 3265 2319 διαστρέφεις
3314 2252 3415 2313 τάς
3467 2252 3705 2320 εύθείας,
3761 2259 3858 2309 καὶ

2175 2332 2294 2400 μετ’
2351 2334 2652 2404 ἐγκωμίου.
2705 2335 2815 2388 Kal
2857 2336 2974 2390 νῦν
3008 2337 3136 2390 ίδοὺ
3171 2338 3300 2406 χεὶρ
3351 2340 3574 2406 Κυρίου
3619 2341 3720 2393 ἐπὶ
3754 2343 3855 2404 σὲ,

2169 2419 2267 2470 καὶ
2301 2419 2418 2485 έσῃ
2453 2421 2701 2487 τυφλός·
2736 2415 2805 2491 ᾯ
2848 2423 3008 2484 αὐτὸς
3059 2425 3342 2495 προσήχθη
3401 2425 3632 2496 σημείῳ,
3675 2429 3858 2500 τούτῳ

2171 2502 2266 2553 καὶ
2290 2501 2478 2556 τοῦτον
2497 2502 2770 2574 ἠϐουλήθη
2816 2510 3208 2574 προσαγαγεῖν.
3247 2508 3354 2560 Καὶ
3373 2508 3453 2573 τὸ,
3490 2511 3661 2578 Ἄχρι
3719 2530 3856 2566 και-

2161 2586 2276 2654 ροῦ
2305 2587 2380 2652 δέ,
2410 2588 2470 2640 ού
2502 2589 2822 2654 κολάζοντος
2850 2587 2918 2662 ἦν
2947 2591 3008 2643 τὸ
3042 2595 3212 2663 ῥῆμα,
3255 2592 3370 2646 ἀλλ’
3396 2595 3853 2666 ἐπιστρέφοντος.

2169 2675 2231 2725 Εί
2262 2674 2369 2746 γάρ
2401 2675 2721 2740 κολάζοντος
2745 2673 2832 2747 ἦν,
2868 2679 3158 2742 διαπαντὸς
3183 2680 3249 2733 ἂν
3301 2682 3464 2734 αὑτὸν
3493 2685 3717 2754 ἐποίησε
3756 2704 3855 2738 τυ-

2168 2761 2321 2828 φλόν·
2353 2761 2446 2813 νῦν
2467 2763 2524 2815 δὲ
2555 2765 2617 2815 ού
2652 2762 2830 2828 τοῦτο,
2862 2765 2998 2818 ἀλλά
3021 2767 3156 2838 πρὸς
3207 2769 3419 2839 καιρὸν,
3452 2770 3540 2823 ἵνα
3562 2771 3654 2823 τὸν
3683 2773 3852 2826 ἀνθύ-

2165 2863 2335 2899 πατον
2358 2848 2615 2920 κερδάνῃ.
2651 2851 3020 2920 Παραχρνῆμα
3069 2853 3137 2906 δὲ
3184 2854 3484 2909 ἐπέπεσεν
3527 2857 3621 2910 ἐπ’
3658 2861 3855 2914 αὐτὸν

2160 2933 2357 3001 ἀχλὺς
2385 2934 2483 2988 καὶ
2533 2936 2776 3002 σκότος,
2829 2939 2927 2991 καὶ
2976 2940 3273 3010 περιάγων
3321 2940 3511 3007 ἐζήτει
3559 2961 3852 3015 χειραγω-

2161 3021 2324 3088 γούς.
2362 3023 2496 3074 Τότε
2521 3021 2662 3074 ἰδὼν
2691 3025 2724 3076 ό
2754 3025 3100 3092 ἀνθύπατος
3123 3027 3188 3081 τὸ
3242 3029 3512 3098 γεγονὸς,
3559 3032 3849 3088 ὲπίστευ·

2160 3121 2292 3170 σεν,
2341 3107 2827 3177 ἐκπληττόμενος
2884 3113 2982 3165 ἐπὶ
3039 3112 3114 3182 τῇ
3165 3113 3384 3184 διδαχῇ
3439 3117 3543 3171 τοῦ
3591 3121 3843 3186 Kvplov.

2162 3192 2400 3256 Εἰκότως
2429 3193 2478 3233 ιο·
2510 3197 2601 3248 τὸν
2623 3199 2732 3267 γὰρ
2761 3201 3306 3272 προκατειλημμένον
3329 3207 3394 3274 τῇ
3431 3207 3635 3278 μαγείᾳ
3661 3209 3848 3283 ταύτῃ

2159 3280 2227 3348 τῇ
2257 3280 2497 3368 τιμωρίᾳ
2526 3283 2813 3368 παιδεῦσαι
2856 3285 3040 3356 ἐχρῆν.
3077 3289 3234 3342 Οῦτω
3275 3291 3368 3343 καὶ
3397 3293 3447 3344 οἱ
3476 3295 3534 3345 ἐν
3575 3280 3847 3368 Αίγύπτῷ

2157 3365 2324 3432 μάγοι
2349 3366 2454 3419 ὑπὸ
2481 3367 2587 3420 τῶν
2617 3370 2919 3437 φλυκτίδων
2945 3374 3006 3425 τὸ
3041 3377 3170 3442 πρὶν
3202 3377 3563 3432 ἐπαιδεύοντο.
3604 3381 3749 3451 Ὅρα

2157 3454 2355 3516 αὐτοὺς
2387 3455 2488 3508 ούκ
2520 3457 2936 3528 ἐγχρονίζοντας
2995 3462 3204 3526 αὐτόθι,
3235 3465 3329 3518 an
3363 3467 3456 3519 τοῦ
3520 3469 3842 3527 ἀνθυπάτου

2155 3539 2343 3593 λοιπὸν
2375 3543 2787 3609 πιστεύσαντος,
2823 3548 2945 3600 οὐδὲ
2976 3549 3414 3618 μαλακισθέντας
3453 3556 3520 3624 τῇ
3567 3559 3844 3631 κολακεία

2154 3628 2247 3679 καὶ
2273 3632 2338 3699 τῇ
2371 3634 2524 3701 τιμῇ.
2549 3633 2663 3684 ἀλλ’
2694 3633 2898 3698 εύῆως
2923 3635 3016 3688 τοῦ
3039 3635 3203 3705 ἔργου
3251 3637 3568 3708 ἐχομένους,
3601 3645 3700 3695 καὶ
3754 3628 3843 3710 είς

2152 3715 2250 3782 τὴν
2278 3716 2576 3788 ἀντιπέραν
2606 3719 2790 3789 χώραν
2815 3722 3122 3792 ὁρμῶντας.
3173 3723 3552 3793 Ἀναχθέντες
3613 3729 3683 3782 δὲ
3710 3733 3840 3786 ἀπὸ

2151 3799 2261 3868 τῆς
2286 3805 2529 3873 Κύπρου
2550 3811 2604 3859 οί
2639 3808 2771 3875 περὶ
2800 3809 3069 3873 Παῦλον,
3109 3807 3300 3881 ἦλθον
3348 3815 3436 3879 είς
3460 3815 3700 3887 Πέργην
3721 3819 3841 3886 τῆς

2151 3887 2531 3954 Παμφυλίας.
2606 3891 2890 3957 Ἰωάννης
2932 3892 3002 3945 δὲ
3059 3894 3464 3965 ἀποχωρήσας
3497 3901 3599 3953 ἀπ’
3628 3903 3840 3956 αὐτῶν

2150 3975 2533 4046 ὑπέστρεψεν
2570 3981 2658 4045 είς
2699 3981 3108 4047 Ἰεροσόλυμα.
3157 3988 3337 4040 Αὐτοὶ
3365 3986 3435 4040 δὲ
3487 3989 3840 4059 διελθόντες

2148 4063 2265 4115 ἀπὸ
2301 4063 2407 4128 τῆς
2442 4063 2670 4134 Πέργης
2716 4068 3116 4137 παρεγένοντο
3153 4075 3241 4138 είς
3310 4075 3667 4145 Ἀντιόχειαν
3715 4077 3838 4147 τῆς

2147 4151 2422 4237 Πισιδίας
2479 4153 2578 4206 καὶ
2638 4157 3017 4223 εἰσελθόντες
3044 4161 3132 4226 είς
3179 4160 3296 4229 τὴν
3337 4164 3706 4235 συναγωγὴν
3752 4166 3834 4237 τῇ

2148 4235 2339 4303 ἡμέρᾳ
2366 4237 2482 4291 τῶν
2509 4240 2824 4294 σαϐϐάτων
2861 4243 3170 4300 ἐκάθισαν.
3214 4249 3385 4302 Πάλιν
3432 4251 3514 4313 είς
3547 4253 3646 4317 τάς
3700 4235 3837 4308 συνέ

2147 4328 2370 4394 αγωγάς
2405 4331 2461 4381 ἐν
2490 4331 2728 4399 σχήματι
2777 4331 3046 4386 Ἰουδαίων
3079 4337 3352 4408 εἰσῄεσαν,
3388 4339 3530 4394 ὥστε
3559 4343 3634 4413 μή
3661 4344 3836 4398 πολε-

2150 4413 2367 4482 μεῖσθαι
2396 4415 2531 4484 μηδέ
2564 4415 2905 4483 ἐλαύνεσθαι,
2929 4419 3024 4472 καὶ
3052 4420 3194 4475 οὕτω
3222 4423 3282 4476 τὸ
3319 4425 3428 4477 πᾶν
3477 4428 3831 4497 κατώρθουν.

2144 4502 2306 4587 μετὰ
2327 4499 2394 4552 δὲ
2432 4500 2546 4568 τὴν
2583 4503 2928 4572 ἀνάγνωσιν
2952 4506 3060 4560 τοῦ
3091 4510 3279 4578 νόμου
3310 4512 3407 4565 καί
3437 4512 3558 4566 τῶν
3589 4532 3835 4587 προφηο

2143 4584 2280 4648 τῶν,
2311 4587 2676 4643 ἀπέστειλαν
2703 4595 2757 4644 οι
2784 4593 3262 4666 ἀρχισυνάγωγοι
3296 4600 3448 4668 πρὸς
3472 4604 3696 4669 αὐτοὺς
3711 4584 3831 4660 λέ-

2141 4687 2367 4738 γοντεςο
2413 4674 2659 4742 Ἀνδρος
2698 4677 2970 4747 ἀδελφοὶ,
3032 4684 3084 4735 εὶ
3131 4683 3263 4736 ἐστι
3322 4687 3506 4753 λόγος
3550 4687 3618 4739 ἐν
3672 4691 3832 4759 ὑμῖν

2138 4761 2576 4829 παρακλήσεως
2597 4763 2748 4830 πρὸς
2770 4766 2879 4818 τὸν
2898 4767 3074 4831 λαὸν,
3113 4769 3340 4837 λέγετε.
3375 4771 3575 4825 Λοιπὸν
3631 4777 3830 4832 ἐντεῦ-

2137 4845 2230 4898 θεν
2284 4849 2352 4900 τὰ
2409 4851 2550 4902 κατὰ
2603 4851 2816 4904 Παῦλον
2848 4852 3214 4925 μανθάνομεν,
3262 4859 3325 4910 οὐ
3354 4860 3528 4932 μικρά
3551 4865 3682 4934 περῖ⁵
3719 4867 3825 4920 τοῦ

2137 4933 2344 5005 Πέτρου
2375 4937 2639 5004 μαθόντες
2668 4941 2726 4991 ἐν
2759 4941 2872 5002 τοῖς
2907 4939 3097 5012 πρῴην
3125 4944 3459 5015 εἰρημένοις.
3499 4948 3637 5001 Ἀλλ’
3694 4953 3826 5006 ἴδω-

2140 5039 2239 5090 μεν
2298 5023 2501 5078 ἀνωθεν
2529 5027 2596 5078 τά
2630 5026 2917 5096 είρημένα.
2971 5031 3082 5083 Kal
3142 5033 3469 5102 γενόμενοι,
3501 5039 3689 5106 φησὶν,
3746 5042 3826 5094 ἐν

2135 5109 2441 5178 Σαλαμῖνι,
2483 5112 2896 5182 κατήγγελλον
2932 5116 3040 5172 τὸν
3069 5120 3255 5188 λόγον
3280 5121 3387 5175 τοῦ
3419 5125 3568 5179 Θεοῦ
3602 5129 3669 5198 τῇ
3704 5148 3821 5202 μη-

2136 5199 2381 5266 τροπόλει
2410 5200 2508 5269 τῆς
2553 5200 2802 5270 Κύπρου.
2864 5204 3158 5274 Ἐποίησαν
3204 5209 3452 5263 ἐνιαυτὸν
3481 5215 3539 5265 ἐν
3607 5199 3823 5287 Ἀντιο-

2135 5283 2274 5353 χεία.
2334 5286 2479 5337 Ἔδει
2523 5288 2684 5339 κάκεῖ
2728 5287 2876 5362 [2‘22]
2932 5292 3210 5358 ἀπελθεῖν,
3269 5297 3365 5350 καὶ
3401 5298 3475 5370 μὴ
3510 5283 3819 5370 διαπαντὸς

2129 5371 2313 5423 ἐνθάδε
2376 5374 2666 5443 καθῆσθαι“
2727 5379 2833 5431 ἔδει
2894 5381 3159 5449 μειζόνων
3210 5385 3392 5452 αὐτοῖς
3447 5389 3815 5452 διδασκάλων.

2131 5456 2272 5528 Ὅρα
2299 5458 2416 5522 πῶς
2449 5461 2541 5513 καὶ
2573 5464 2631 5514 ἐν
2658 5464 2950 5539 Σελευκείᾳ
2976 5470 3036 5521 ού
3062 5470 3449 5542 διατρίϐουσιν,
3480 5478 3703 5543 εἰδότες,
3723 5483 3814 5537 ὅτι

2127 5543 2233 5605 ἀπὸ
2257 5547 2354 5617 τῆς
2383 5549 2620 5617 γείτονος
2673 5553 2879 5617 πόλεως
2921 5557 3318 5627 ἐκαρπώσαντο
3347 5563 3413 5616 ἂν
3468 5567 3668 5637 πολλὴν
3705 5572 3814 5641 τὴν

2126 5633 2412 5702 ὠφέλειαν,
2445 5637 2738 5709 ἀλλὰπρὸς
2794 5642 2864 5694 τά
2919 5647 3316 5715 κατεπείγοντα
3365 5633 3654 5707 σπεύδουσι
3709 5633 3812 5712 κάὶ

2125 5723 2442 5812 ἐκεῖαΠρδς
2489 5727 2596 5794 γάρ
2645 5729 2748 5799 τὴν
2797 5732 3128 5801 μητρόπολιν
3180 5737 3427 5801 ἐλθόντες
3459 5742 3557 5809 τῆς
3610 5745 3805 5812 νήσου,

2123 5807 2212 5858 τὸν
2269 5809 2578 5866 ἀνθύπατον
2625 5813 2882 5869 ἔσπευδον
2937 5818 3246 5889 διορθῶσαι.
3286 5826 3409 5876 Ὅτι
3439 5826 3493 5878 δὲ
3530 5830 3587 5879 οὐ
3636 5831 3808 5886 κολα-

2126 5896 2275 5958 κείας
2304 5893 2371 5965 ἦν
2402 5899 2459 5948 τὸ
2483 5898 2680 5968 λέγειν,
2715 5903 2917 5970 Σιινῆν
2960 5906 3040 5970 τῷ
3067 5909 3406 5974 ἀνθυπάτῳ,
3446 5915 3620 5981 ἀνδρὶ
3654 5935 3804 5971 συν-

2125 5982 2253 6046 ετῷ,
2287 5983 2395 6036 ἀπὸ
2428 5985 2519 6037 τοῦ
2549 5989 2871 6057 πράγματος
2900 5993 3156 6061 μάνθανε,
3198 5999 3310 6062 πῶς
3337 6002 3435 6053 οὐκ
3489 6001 3682 6074 ἐδεήθη
3713 6006 3802 6059 λό-

2190 6078 2215 6117 b
2256 6079 2467 6136 Εἰκότως
2512 6085 2558 6131 ω
2605 6083 2892 6140 quibusdam
2919 6087 3075 6137 deost.
