4034 6418
151 452 262 504 20‘.)

152 565 596 636 impingnamns?
618 567 728 623 Car
751 561 915 616 vermi
947 561 1144 615 lautam
1173 577 1329 632 paras
1355 558 1640 614 mensam?
1669 577 1763 615 cur

150 659 419 728 majorem
449 657 578 711 lacis
598 657 800 713 saniem
818 655 842 709 ?
862 669 958 708 cur
975 653 1162 709 fontes
1186 655 1438 708 sudorum
1462 664 1516 707 et
1544 653 1761 709 l‘mtorcs

149 750 424 818 deponis?
452 764 547 803 cur
587 757 638 802 te
668 747 733 801 ad
762 747 938 801 omnia
987 746 1228 799 inutilem
1273 744 1490 799 reddis?
1523 744 1613 799 Vis
1641 760 1760 800 esse

150 845 348 895 fortem
374 840 629 895 oculum?
649 837 855 907 Corpus
876 837 959 892 fac
979 838 1278 891 robustum.
1310 834 1440 889 Nam
1466 836 1516 888 in
1540 835 1760 889 chordis

147 951 273 1002 qllzl:
305 949 486 987 crassa
527 941 581 986 et
613 931 838 998 impura,
877 928 941 983 ad
965 928 1249 982 tnclodiam
1279 927 1478 980 inullis
1513 935 1614 989 est,
1639 942 1757 995 quae

150 1042 283 1080 vero
315 1025 550 1093 undique
579 1037 706 1092 pura
734 1031 790 1076 et
819 1029 968 1074 tensa
999 1062 1013 1084 ,
1043 1019 1110 1072 ad
1141 1033 1305 1072 sonos
1335 1019 1556 1070 munitio
1587 1017 1751 1071 utilis.

147 1116 258 1168 (Zur
285 1115 492 1170 deludis
519 1111 793 1167 animam?
821 1127 918 1166 cur
948 1111 1204 1180 parietem
1233 1109 1553 1162 crassiorem
1585 1108 1755 1162 lacis?

145 1222 247 1260 cur
278 1221 526 1276 magnum
555 1204 760 1258 fumum
786 1213 840 1256 et
866 1201 1104 1255 nubem?
1129 1198 1563 1270 quandoquidem
1593 1213 1756 1267 vapo-

144 1315 237 1354 res
267 1310 324 1352 nt
353 1299 541 1355 nebula
569 1299 813 1367 quasdam
841 1294 1075 1363 undique
1102 1293 1469 1348 ell'undnntnr.
1505 1293 1560 1346 Si
1595 1307 1754 1345 neuio

145 1391 327 1455 ahus,
356 1392 543 1445 saltem
590 1388 802 1442 athleta:
845 1388 1076 1441 doceant
1124 1395 1210 1450 te,
1258 1402 1454 1452 corpus
1499 1386 1752 1453 gracilius

143 1499 270 1538 esse
310 1482 600 1536 robustius.
631 1481 719 1536 Sic
759 1491 810 1534 et
852 1479 1026 1532 anima
1062 1477 1417 1546 philosophia:
1447 1477 1624 1530 dedita
1659 1478 1751 1528 lir-

146 1575 324 1638 mior;
356 1573 546 1626 similis
576 1588 804 1642 namque
839 1582 921 1624 est
958 1572 1156 1639 auriga:
1194 1578 1247 1621 et
1277 1585 1436 1637 equo.
1473 1570 1538 1621 Et
1568 1569 1750 1620 videre

146 1667 271 1722 licet
293 1708 308 1732 ,
336 1669 473 1721 sicut
499 1665 743 1718 homines
768 1664 978 1718 delicati
1009 1671 1060 1716 et
1089 1662 1367 1716 obesiores
1388 1702 1402 1722 ,
1433 1662 1509 1716 si:
1542 1671 1593 1713 et
1622 1662 1750 1714 ohe-

142 1760 318 1813 siores
351 1759 473 1828 equi
511 1757 776 1812 difficilius
815 1757 1118 1809 exciutntnr
1142 1794 1158 1820 ,
1187 1765 1240 1808 et
1283 1755 1509 1808 multum
1549 1756 1749 1823 auriga:

144 1851 343 1920 negotii
381 1849 672 1904 lacessunt.
715 1846 1016 1915 Optandum
1059 1854 1228 1912 certe,
1264 1855 1320 1899 ut
1360 1844 1746 1916 obsuquentem

1087 446 1154 501 IN
1192 447 1370 502 ACTA
1414 446 1939 505 APOSTULORURL
1983 451 2215 506 llOMlL.
2261 452 2502 508 XXVIII.

3371 458 3480 513 ⁴210

1865 573 1919 616 et
1969 565 2180 619 llrllllllll
2223 581 2420 636 equum
2470 566 2678 621 habens
2728 567 2897 636 possit
2946 566 3188 623 bravium
3239 573 3478 642 assequi.

1865 657 2093 722 Quando
2121 669 2299 713 autem
2330 661 2538 730 cogitur
2563 662 2745 730 auriga
2779 661 2994 717 trahere
3022 662 3194 732 ipsum
3220 704 3235 727 ,
3269 674 3324 717 et
3355 668 3477 718 mil-

1864 748 1961 804 lies
1991 750 2195 818 lapsum
2221 767 2288 805 ne
2315 751 2603 822 pungendo
2629 754 2843 820 quidem
2872 754 3032 824 erigit
3057 757 3296 811 :etiatnsi
3321 758 3478 810 valde

1863 840 1932 892 sit
1975 842 2176 908 peritus
2200 884 2214 907 ,
2248 857 2277 895 a
2306 843 2532 898 victoria
2572 844 2803 898 excidet.
2847 844 2923 898 Ne
2959 846 3326 912 dospiciamus
3356 853 3470 900 ani-

1863 945 2002 983 mam
2036 940 2295 997 nostram,
2327 947 2356 986 a
2386 949 2614 1003 corpore
2641 935 2859 999 la-sam;
2893 937 3002 988 itno
3031 936 3173 989 illam
3207 941 3477 1006 perspica-

1860 1023 2060 1076 ciorem
2091 1021 2397 1078 efficiamus
2427 1045 2438 1078 :
2469 1025 2605 1079 alam
2637 1027 2752 1094 ejus
2782 1027 2950 1081 levem
2985 1028 3309 1091 reddamus,
3343 1029 3476 1081 inol-

1860 1112 1991 1167 liora
2013 1116 2221 1168 vincula
2249 1133 2261 1168 :
2282 1117 2627 1170 sermonibus
2651 1120 2792 1171 illam
2819 1134 3121 1188 pascamus,
3146 1120 3471 1189 frugalitate.

1861 1215 1918 1259 ut
1961 1222 2150 1260 sanum
2183 1209 2253 1261 sit
2284 1224 2481 1278 corpus
2508 1250 2522 1274 ,
2565 1219 2620 1262 ut
2652 1209 2930 1264 robustum
2957 1252 2972 1276 ,
3020 1223 3074 1266 ut
3112 1213 3344 1282 gaudeat
3375 1229 3473 1265 nec

1858 1302 2077 1357 doleat:
2114 1313 2170 1356 ut
2218 1314 2400 1358 nostra
2444 1305 2524 1359 sic
2570 1315 2716 1360 recte
2765 1307 3159 1360 constituentes
3201 1307 3473 1376 possimus

1858 1410 2118 1448 summam
2152 1396 2403 1449 virtutem
2444 1396 2710 1466 attingere
2738 1440 2751 1459 ,
2789 1407 2950 1466 atque
2981 1410 3181 1451 aiterna
3213 1398 3470 1466 consequi

1805 1521 1834 1562 χ
1858 1494 2016 1547 bona,
2041 1488 2209 1555 gratia
2231 1499 2286 1540 et
2311 1487 2641 1558 benignitate
2669 1490 2876 1543 Domini
2907 1491 3074 1543 nostri
3096 1490 3222 1546 Jesn
3246 1490 3468 1549 Christi,

1855 1581 2068 1648 quicum
2121 1582 2262 1635 Patri
2307 1599 2521 1652 unaque
2566 1583 2788 1652 Spiritui
2829 1594 3019 1639 sancto
3047 1586 3217 1652 gloria
3243 1627 3257 1648 ,
3295 1587 3467 1653 impe-

1855 1673 2014 1730 rium,
2037 1673 2229 1736 honor,
2255 1689 2396 1728 nunc
2420 1683 2474 1726 ct
2500 1689 2735 1744 semper,
2756 1686 2809 1730 ct
2833 1675 2884 1729 in
2905 1676 3100 1730 saecula
3123 1675 3468 1730 smculornm.

1856 1766 2047 1816 Amen.

1443 2053 1788 2114 HOMIIJA
1836 2055 2129 2118 XXVIII.

136 2208 270 2263 CAP.
315 2208 401 2261 15.
435 2221 490 2260 v.
522 2207 574 2258 4.
608 2203 675 2258 Et
719 2202 819 2274 ipsi
864 2203 1063 2274 quidem
1111 2201 1251 2255 missi
1281 2218 1312 2253 a
1341 2199 1543 2267 Spiritu
1573 2209 1749 2251 sancto

210 2300 442 2352 abierunt
471 2296 799 2359 Seleuciam;
821 2306 867 2349 et
893 2295 1012 2348 inde
1034 2295 1397 2364 navigaverunt
1417 2295 1467 2344 in
1496 2288 1744 2362 Cyprum.

212 2393 265 2448 5.
299 2391 364 2445 lit
389 2409 501 2444 cum
534 2392 778 2443 venissent
807 2389 1147 2451 Salaminam,
1176 2387 1522 2455 pra’dicabant
1544 2386 1748 2438 verbum

211 2484 308 2538 Dei
329 2488 379 2536 in
400 2480 712 2554 synagogisl
721 2481 1002 2534 uda’orunt.
1033 2477 1298 2532 Habebunt
1319 2488 1488 2530 autem
1510 2487 1554 2531 et
1578 2476 1745 2528 Joan-

211 2593 326 2628 nem
353 2576 657 2628 ministrum.

212 2669 268 2726 1.
309 2666 550 2722 Ordinati
589 2665 746 2719 simul
777 2665 1023 2719 exierunt
1049 2705 1063 2728 ,
1094 2673 1149 2717 ct
1179 2663 1230 2716 in
1262 2663 1494 2734 Cyprum
1530 2661 1746 2729 naviga-

134 2773 298 2827 runt,
330 2777 396 2814 eo
434 2759 572 2828 quod
606 2759 710 2811 illic
753 2757 912 2812 null:e
948 2766 1127 2812 essent
1172 2755 1399 2816 insidiae,
1424 2763 1478 2808 et
1518 2755 1740 2807 verbum

135 2857 230 2909 Dei
282 2855 390 2925 jam
423 2854 828 2907 disseminatum
865 2863 1031 2906 esset.
1066 2850 1364 2906 Antiochia:
1392 2850 1605 2922 quidem
1633 2851 1738 2916 jam

134 2945 286 3001 inulti
319 2958 468 3001 erant
491 2965 501 2999 :
526 2945 796 3000 Pbmnicia
833 2959 997 3013 prope
1020 2942 1360 2998 Palaestinam
1383 2951 1515 3004 erat,
1533 2942 1741 3014 Cyprus

131 3057 242 3095 non
269 3042 417 3093 item.
442 3038 707 3093 Caeterum
732 3056 797 3092 ne
815 3052 1044 3108 (pueras,
1075 3052 1240 3105 quare
1261 3054 1273 3097 ;
1296 3035 1510 3103 quando
1531 3034 1733 3104 Spiritu

131 3143 463 3189 moventur:
495 3149 600 3187 non
648 3133 822 3186 Solum
863 3132 1005 3184 enim
1050 3131 1253 3200 Spirittt
1297 3141 1420 3182 sunt
1460 3129 1733 3194 ordinati,

129 3227 226 3281 sed
259 3226 418 3280 ctiam
455 3225 620 3277 missi.
657 3222 723 3277 Et
752 3241 865 3276 cum
892 3223 1138 3275 venissent
1167 3221 1520 3280 Salaminam,
1553 3221 1738 3288 pra'di-

130 3319 312 3372 cubant
346 3317 544 3370 rer-bum
570 3313 668 3370 Dei
691 3316 744 3367 in
775 3315 1044 3385 sgnagogis
1072 3313 1389 3368 Judtromm.
1429 3313 1587 3366 Vides
1617 3314 1738 3366 illos

128 3426 254 3463 cum
287 3408 434 3463 onmi
464 3407 738 3479 diligentia
769 3409 986 3460 verbum
1023 3410 1267 3459 nuntiare
1301 3407 1485 3474 primis
1515 3405 1639 3467 illis,
1670 3421 1736 3459 ne

130 3502 254 3555 illos
287 3499 734 3553 cnntcntiosim'es
771 3497 1092 3551 redderent?
1123 3497 1184 3550 Et
1209 3499 1279 3549 illi
1307 3498 1514 3549 nonnisi
1538 3497 1737 3556 lintris

127 3594 492 3662 loquebantur
519 3635 531 3653 ,
561 3601 615 3646 et
644 3592 694 3644 hi
723 3590 788 3644 ad
825 3605 1123 3662 synagogas
1153 3592 1418 3644 abierunt.
1445 3593 1495 3645 6.
1527 3590 1590 3644 Et
1619 3608 1736 3644 cum

126 3684 563 3756 perambulussent
574 3684 855 3736 universam
865 3683 1084 3735 insulam
1099 3698 1252 3752 usque
1270 3681 1525 3750 Pup/inm,
1543 3700 1736 3736 invene-

126 3785 248 3830 runt
267 3777 427 3828 virum
438 3773 704 3843 quemdam
726 3789 929 3842 magum
951 3774 1443 3842 pseudoprOplietam
1465 3774 1496 3826 J
1505 3775 1729 3838 autenm,

126 3868 211 3920 cui
246 3882 426 3920 nomen
458 3863 697 3936 Barjesu,
735 3866 786 3918 7.
810 3867 893 3935 qui
929 3875 1035 3918 erat
1069 3881 1183 3918 cum
1213 3868 1512 3929 proconsule
1549 3865 1732 3934 Sergio

131 3961 322 4022 Panto,
353 3961 457 4012 viro
487 3962 731 4027 prudente
758 3974 775 4011 :
801 3960 888 4027 qni
915 3961 1173 4012 accersitis
1201 3958 1436 4012 Burnuba
1463 3971 1510 4012 et
1541 3961 1727 4027 Saulo,

125 4050 444 4104 desiderabat
475 4051 653 4102 audire
677 4051 877 4104 verbum
906 4049 1020 4102 Dei.
1049 4051 1102 4104 8.
1141 4049 1411 4104 Resistcbat
1437 4063 1602 4104 autem
1628 4054 1730 4108 illis

129 4145 345 4215 Elymus
385 4160 560 4214 magus
589 4143 605 4211 (
630 4144 702 4196 sic
743 4144 878 4197 enim
918 4144 1274 4213 interpretatur
1316 4161 1496 4197 nomen
1541 4145 1726 4214 ejus),

124 4253 356 4305 qna‘rens
393 4245 615 4289 avertere
655 4236 1004 4305 proconsulem
1038 4253 1069 4288 α
1100 4236 1219 4302 ﬁde.
1267 4235 1496 4288 Rursum
1540 4244 1727 4307 magus

123 4330 345 4383 Jud:rns
375 4331 514 4382 sicut
552 4328 758 4383 Simon.
799 4330 863 4381 lit
891 4328 1175 4381 considera
1209 4329 1379 4396 ipsum
1409 4371 1422 4390 ,
1453 4329 1577 4382 dtnu
1607 4331 1727 4384 aliis

125 4421 509 4490 praedicabant,
536 4437 638 4474 non
667 4421 892 4475 multum
919 4419 1302 4489 indignantem,
1327 4422 1422 4475 sed
1451 4438 1570 4475 cmn
1602 4438 1725 4491 pro-

119 4517 398 4569 ciinsnlcnt
421 4513 698 4568 adiisscnt.
729 4512 882 4580 Quod
904 4521 1083 4566 autem
1109 4514 1160 4566 in
1185 4513 1504 4581 proconsule
1529 4514 1723 4568 mirum

121 4620 226 4674 est,
260 4607 402 4678 quod
432 4607 575 4660 illius
602 4607 770 4675 magia
803 4617 1224 4676 prmoccnpatus,
1258 4607 1485 4660 voluerit
1509 4617 1724 4676 aposto-

121 4704 200 4755 los
229 4701 435 4754 audire.
466 4700 554 4754 Sic
583 4709 636 4754 et
665 4698 984 4752 Samaritani
1017 4698 1291 4761 fecerunt;
1319 4709 1372 4752 et
1400 4714 1463 4752 ex
1498 4714 1720 4769 compa-

120 4795 330 4849 ratione
359 4792 578 4846 victoria
617 4802 877 4860 apparet,
917 4800 971 4843 et
1011 4790 1178 4859 magia
1222 4790 1476 4844 vincitur.
1514 4789 1720 4859 Ubique

119 4902 254 4938 vana
283 4885 446 4953 gloria
471 4893 526 4937 et
550 4900 700 4935 amor
729 4882 1055 4951 principatus
1082 4896 1255 4934 causae
1284 4881 1544 4934 tnalorum
1571 4893 1715 4934 sunt.

115 4980 169 5033 9.
199 4978 390 5032 Saulus
416 4988 604 5039 autem,
627 4979 712 5044 qui
738 4985 784 5027 et
816 4973 1028 5036 Paulus,
1055 4975 1273 5043 repletus
1301 4975 1497 5044 Spiritu
1517 4986 1714 5038 sancto,

116 5075 316 5125 intuens
355 5072 406 5122 in
445 5087 556 5121 enm
579 5111 592 5132 ,
629 5070 716 5123 10.
755 5070 883 5121 dixit
909 5085 926 5120 :
951 5067 994 5120 0
1021 5070 1167 5136 plene
1194 5070 1329 5120 omni
1360 5069 1478 5121 dolo
1504 5078 1551 5121 et
1581 5072 1717 5122 omni

114 5165 347 5234 fallacia,
378 5161 453 5228 ﬁli
482 5163 690 5215 diaboli.
722 5161 920 5212 inimice
946 5160 1108 5212 (mntis
1136 5160 1365 5225 iustitia},
1398 5177 1497 5211 non
1526 5160 1716 5214 desinis

112 5257 399 5308 subvertere
425 5256 528 5307 uias
561 5254 762 5306 Domini
795 5253 997 5307 rectas?
1023 5254 1111 5306 11.
1147 5251 1210 5304 Et
1236 5269 1371 5304 nunc
1395 5269 1506 5306 ecce
1535 5270 1714 5306 manus

117 5347 326 5400 Domini
357 5363 510 5414 super
537 5357 602 5407 te,
632 5355 679 5399 et
706 5346 803 5398 eris
825 5362 986 5398 cwcns
1006 5385 1021 5408 ,
1051 5360 1151 5396 non
1180 5344 1350 5396 videns
1377 5344 1532 5396 solem
1562 5361 1715 5413 usque

111 5443 178 5492 ml
205 5452 423 5504 tempus.
461 5439 555 5492 llic
587 5455 781 5492 noincn
823 5439 962 5492 illius
994 5448 1227 5489 mutatur
1274 5447 1390 5506 post
1421 5439 1711 5508 ordinatio-

113 5551 234 5587 llt'l"
257 5574 270 5593 ,
301 5532 350 5584 id
377 5531 517 5600 quod
550 5532 707 5583 ctiam
741 5531 898 5583 Petro
927 5529 1136 5581 accidit.
1173 5529 1239 5581 Et
1267 5529 1407 5594 vide,
1441 5545 1543 5581 non
1576 5544 1709 5582 cen-

113 5622 330 5676 tunielia
358 5634 460 5686 cst,
492 5623 583 5675 sed
615 5621 925 5690 increpatio.
959 5620 1264 5674 Petulantes
1288 5620 1430 5672 enim
1460 5631 1511 5672 et
1541 5620 1711 5687 impu-

110 5716 304 5770 dentes
325 5715 401 5768 sic
422 5727 635 5784 oportet
657 5715 953 5782 increpare.
978 5711 1021 5765 Ο
1041 5714 1184 5782 plene
1200 5714 1336 5765 omni
1355 5713 1492 5776 dolo,
1516 5714 1707 5781 inquit,

113 5827 156 5865 et
178 5812 320 5865 omni
343 5809 572 5880 fallacia,
597 5809 674 5877 fili
700 5807 886 5860 diaboli
910 5848 923 5871 ,
948 5806 1147 5858 inimice
1173 5807 1334 5859 ontnis
1352 5806 1585 5874 justitiw.
1614 5807 1709 5863 llic

117 5904 319 5958 revelat
361 5919 420 5957 ea
446 5945 461 5967 ,
493 5919 611 5970 (pne
653 5901 705 5956 in
736 5907 915 5955 mente
948 5898 1038 5952 ille
1070 5898 1330 5961 habebat,
1363 5899 1490 5954 dum
1522 5902 1706 5955 salutis

1857 2202 2077 2257 obtentu
2114 2206 2488 2272 proconsulem
2526 2207 2794 2275 perderet.
2831 2205 2952 2261 Non
2981 2207 3172 2261 desinis
3196 2247 3212 2272 ,
3248 2208 3418 2278 inquit
3447 2249 3463 2272 ,

1854 2294 2139 2348 subvertere
2165 2297 2272 2350 uias
2305 2285 2547 2352 Domini?
2568 2299 2632 2353 Et
2661 2314 2784 2353 cum
2829 2299 2933 2353 tide
2960 2342 2974 2364 ,
3004 2300 3120 2354 Non
3152 2312 3336 2354 contra
3368 2317 3466 2353 nos

1853 2386 2100 2440 decet-tas
2126 2399 2179 2441 et
2210 2403 2414 2458 pugnas
2434 2431 2450 2454 ,
2483 2391 2558 2443 ait
2578 2433 2591 2452 ,
2623 2391 2716 2446 sed
2743 2392 2856 2446 vias
2886 2393 3094 2446 Domini
3127 2403 3302 2447 ret-tas
3332 2394 3464 2445 suh-

1854 2479 2039 2543 vertis,
2066 2490 2120 2531 et
2150 2495 2271 2533 cum
2303 2482 2548 2535 cncomio
2573 2481 2687 2535 lnec
2713 2483 2860 2536 dicit.
2896 2481 2961 2535 Et
2987 2501 3122 2536 nunc
3149 2500 3262 2536 ecce
3281 2500 3464 2536 manus

1854 2569 2061 2623 Domini
2088 2588 2244 2637 super
2269 2581 2318 2625 te
2339 2613 2354 2636 ,
2381 2585 2429 2626 et
2456 2575 2554 2627 eris
2580 2591 2762 2627 ca'cus.
2797 2575 2913 2641 Quo
2949 2575 3062 2644 ipse
3097 2574 3351 2628 reductus
3380 2584 3464 2628 cst

1852 2664 2026 2732 signo,
2059 2663 2160 2718 hoc
2191 2673 2244 2718 et
2275 2665 2424 2718 illum
2453 2666 2564 2718 vult
2592 2664 2871 2720 reducere.
2904 2665 2971 2719 Et
3001 2665 3126 2719 illud
3149 2707 3162 2728 ,
3196 2663 3368 2732 Usque
3395 2668 3462 2716 ml

1852 2765 2050 2823 tempus
2074 2797 2089 2818 ,
2121 2771 2224 2810 non
2259 2757 2526 2824 punientis
2557 2756 2757 2811 dicttun
2790 2769 2871 2811 est
2895 2799 2909 2822 ,
2943 2757 3037 2812 sed
3069 2759 3456 2813 convertentis.

1851 2845 1982 2899 Nam
2013 2848 2056 2900 si
2093 2849 2362 2916 pnnientis
2403 2859 2545 2904 esset
2569 2891 2585 2914 ,
2619 2851 2766 2903 illtun
2797 2851 2848 2904 ili
2891 2860 3208 2919 perpetuum
3245 2850 3462 2905 fecisSct

1849 2955 2051 2994 caecum
2082 2959 2095 2993 :
2127 2957 2269 2995 nunc
2298 2958 2426 2994 vero
2459 2958 2562 2996 non
2591 2941 2694 2996 hoc
2720 2943 2858 3012 agit,
2894 2943 2987 2997 Sed
3015 2943 3079 2996 ad
3111 2952 3324 3012 tempus
3349 2984 3363 3005 ,
3400 2953 3456 2996 ut

1851 3033 2227 3100 praeonsulem
2259 3033 2514 3087 lucretur.
2549 3032 2616 3086 Et
2645 3035 2908 3105 confestim
2936 3035 3115 3088 cecidit
3144 3036 3194 3086 in
3225 3051 3340 3088 eum
3367 3052 3455 3087 ca-

1849 3124 1950 3193 ligo
1991 3134 2038 3178 et
2081 3127 2334 3189 tenebras,
2379 3135 2423 3178 et
2461 3126 2707 3178 circuiens
2745 3126 2995 3195 quwrebat
3034 3127 3122 3196 qui
3165 3127 3209 3179 ei
3251 3142 3458 3178 manum

1847 3220 2012 3271 daret.
2045 3216 2130 3270 1'2.
2163 3215 2308 3270 Tunc
2335 3218 2610 3287 proconsul
2633 3235 2745 3270 cum
2774 3217 2978 3271 vidisset
3004 3221 3217 3287 factum,
3243 3218 3457 3269 credidit

1846 3301 2109 3362 admiraris
2129 3326 2282 3378 super
2302 3311 2534 3362 doctrina
2560 3309 2782 3363 Domini.
2807 3309 2935 3363 Jurc
2955 3318 3102 3363 certe
3126 3326 3139 3363 :
3163 3324 3284 3362 nam
3306 3326 3452 3371 ettni,

1845 3403 1935 3472 qui
1966 3403 2136 3470 magia
2168 3413 2572 3471 przroccupatus
2613 3413 2729 3454 erat
2754 3443 2768 3466 ,
2811 3401 2910 3455 hac
2956 3417 3112 3469 pmna
3143 3402 3324 3456 doceri
3360 3419 3456 3471 par

1844 3504 1978 3548 erat.
2023 3495 2116 3549 Sic
2158 3493 2393 3565 [Egyptii
2429 3494 2566 3562 magi
2599 3494 2726 3547 olim
2758 3508 2786 3545 a
2823 3493 3046 3560 pustulis
3076 3494 3268 3547 eruditi
3303 3504 3449 3547 situt.

1843 3587 2122 3656 Perpende
2158 3597 2335 3640 autem
2380 3587 2496 3640 illos
2539 3603 2644 3639 non
2688 3584 2844 3640 isthic
2886 3600 3092 3639 moram
3134 3587 3407 3641 trahentes
3434 3629 3448 3651 ,

1843 3691 2026 3751 utpote
2052 3682 2375 3752 proconsule
2398 3681 2510 3750 jam
2539 3680 2793 3736 credente
2817 3721 2828 3743 .
2862 3696 3038 3751 neque
3065 3681 3370 3736 adulatione
3398 3693 3452 3736 et

1843 3773 2049 3828 lienorc
2075 3773 2297 3827 emolliti
2328 3781 2474 3837 sunt,
2504 3771 2599 3827 sed
2627 3774 2805 3826 statim
2837 3772 2986 3842 Operi
3015 3788 3074 3827 sc
3103 3773 3445 3830 dediderunt.

1839 3878 1893 3922 et
1925 3867 1975 3920 in
2020 3866 2434 3920 transmarinam
2473 3866 2745 3934 regionem
2775 3881 2834 3920 se
2862 3866 3225 3920 contulerunt.
3260 3867 3346 3920 15.
3383 3865 3448 3918 lit

1837 3976 1952 4011 cum
1985 3975 2011 4011 e
2039 3957 2209 4028 Cypro
2241 3960 2560 4028 navigassent
2587 3955 2788 4012 Paulus
2823 3969 2871 4010 et
2901 3960 2988 4027 qni
3015 3976 3128 4011 cum
3167 3976 3224 4012 eo
3265 3969 3406 4012 erant
3429 4001 3443 4020 ,

1837 4063 2078 4105 venerunt
2113 4049 2311 4122 Pergen
2345 4049 2686 4121 Pamphyliw.
2727 4049 2955 4103 Joannes
2984 4061 3151 4104 autem
3183 4050 3446 4104 discedens

1835 4144 1898 4196 ab
1939 4145 2010 4197 eis
2038 4186 2052 4207 ,
2094 4160 2321 4197 reversus
2355 4155 2426 4198 est
2455 4141 2851 4212 Jerosolymam.
2889 4145 2974 4198 N.
3009 4143 3100 4198 Illi
3129 4157 3294 4198 autent
3324 4164 3439 4211 pcr-

1835 4248 2149 4290 transeuntes
2193 4234 2392 4306 Pergen
2418 4277 2433 4301 ,
2476 4246 2720 4289 venerunt
2759 4237 3078 4290 Antiochiam
3111 4236 3321 4291 l’isidice
3353 4254 3371 4291 :
3397 4248 3444 4290 et

1833 4330 2047 4398 ingressi
2084 4345 2398 4398 synagogam
2439 4327 2520 4380 die
2560 4329 2883 4382 sabbatorum
2918 4332 3173 4382 sederunt.
3210 4329 3438 4384 Rursum

1836 4422 1886 4475 in
1917 4437 2218 4493 synagogas
2249 4421 2428 4475 habitu
2455 4421 2763 4476 ludit-orum
2799 4422 3022 4490 ingrcssi
3056 4434 3174 4476 sunt
3197 4466 3210 4488 ,
3242 4442 3309 4478 nc
3340 4426 3441 4479 ini-

1834 4525 2198 4583 pngnarentur
2216 4515 2296 4568 vel
2323 4513 2684 4582 pellerentur:
2706 4523 2759 4567 ct
2783 4515 2848 4566 ita
2874 4526 3040 4567 totum
3068 4517 3434 4583 pcrlielelnint.

1832 4604 1921 4660 15.
1953 4603 2079 4658 Post
2119 4606 2378 4668 lectionem
2405 4616 2572 4658 (intem
2611 4604 2738 4673 legis
2765 4615 2810 4657 et
2841 4607 3206 4676 praplietaruin
3231 4649 3244 4670 ,
3285 4611 3435 4660 mia'r-

1829 4710 1946 4751 runt
1979 4699 2230 4768 principes
2264 4713 2540 4767 synagoga:
2576 4696 2643 4749 ad
2669 4713 2753 4751 eos
2779 4738 2791 4760 ,
2822 4697 3044 4751 dicentes
3071 4714 3090 4751 :
3112 4696 3323 4752 Fratres
3343 4739 3356 4759 ,
3391 4702 3435 4751 .κί

1829 4804 1900 4846 est
1931 4793 1981 4844 in
2009 4792 2146 4844 vobis
2177 4808 2339 4844 sermo
2365 4792 2731 4844 exhortationis
2759 4791 2826 4842 ad
2855 4791 3046 4861 plrbcm
3070 4835 3082 4854 ,
3114 4793 3284 4846 dicite.
3313 4793 3431 4846 .Iam

1830 4886 1953 4938 hinc
1980 4900 2098 4953 qua:
2130 4885 2350 4936 Paulum
2391 4893 2634 4950 speetant
2665 4882 2923 4936 discimus
2945 4926 2958 4948 ,
2988 4899 3108 4936 Clllll
3142 4894 3294 4936 antea
3325 4904 3430 4938 non

1831 4993 1993 5044 pauca
2026 4977 2092 5028 dc
2124 4976 2279 5026 Petro
2310 4975 2676 5027 didit-erimus.
2710 4973 2814 5028 Sed
2845 4992 2965 5042 qua:
3007 4977 3253 5042 superius
3289 4975 3429 5029 dicta

1827 5079 1948 5123 Sunt
1976 5068 2341 5135 extlorcmus.
2373 5065 2438 5118 Et
2475 5083 2590 5118 cum
2630 5068 2875 5152 cepissent
2905 5066 3256 5131 Salaminam,
3292 5086 3426 5135 prie.

1826 5160 2059 5212 dicczbant
2091 5160 2292 5212 verbum
2327 5157 2420 5210 Dei
2453 5159 2504 5210 in
2539 5158 2821 5226 metropoli
2866 5158 3048 5228 Cypri.
3096 5161 3203 5211 Per
3227 5178 3425 5211 :nunnn

1823 5259 2136 5306 manserunt
2166 5251 2483 5303 Antiochiae.
2515 5248 2803 5318 Oportebat
2840 5250 2930 5302 illo
2958 5252 3122 5313 abire,
3159 5270 3256 5304 net,
3284 5268 3423 5305 svm-

1825 5362 1920 5415 per
1947 5345 2029 5397 hic
2055 5343 2243 5397 sedere
2273 5359 2284 5395 :
2315 5342 2607 5411 majoribus
2633 5358 2766 5409 opus
2795 5343 3064 5397 habebant
3089 5344 3421 5396 doctoribus.

1829 5439 1976 5504 Vide,
2004 5435 2274 5507 quomodo
2299 5435 2558 5489 Seleucim
2589 5450 2692 5486 non
2721 5449 2901 5487 moras
2927 5436 3161 5496 trahant,
3187 5436 3424 5490 scientes

1821 5549 1848 5584 a
1883 5532 2051 5585 vicina
2094 5529 2314 5583 civitate
2362 5529 2587 5581 multum
2636 5527 2878 5580 utilitatis
2919 5529 3192 5596 accepisse
3236 5528 3425 5582 Seleu-

1818 5623 2026 5676 cicnses
2051 5664 2066 5687 ,
2099 5621 2193 5674 sed
2240 5622 2345 5674 illic
2376 5622 2538 5674 etiam
2579 5620 2836 5674 festinant
2873 5621 2936 5672 ad
2969 5635 3029 5672 ea
3057 5663 3072 5684 ,
3103 5637 3221 5688 qur
3254 5623 3420 5688 magis

1819 5715 2100 5782 urgebant.
2142 5713 2272 5766 Nam
2322 5725 2376 5766 ιιι
2418 5723 2682 5768 venerunt
2725 5713 2788 5765 :nl
2839 5716 3159 5783 tnetropolin
3209 5716 3418 5779 insulzr,

1820 5805 2192 5874 proconsulem
2238 5804 2525 5858 emendare
2565 5804 2874 5858 studebant.
2909 5806 3063 5873 Quod
3093 5816 3272 5860 autem
3313 5823 3416 5859 non

1819 5913 1882 5950 ex
1914 5895 2219 5952 adulatione
2244 5896 2475 5963 dicatur,
2515 5895 2635 5949 Erat
2666 5914 2780 5950 cum
2807 5897 3128 5964 proconsule,
3161 5900 3266 5951 riro
3299 5915 3416 5952 vra-
