4034 6406
575 475 675 530 an
1301 461 1357 516 s.
1400 413 1676 514 JOANNIS
1711 438 2190 503 canvsosrom
2231 436 2546 493 ARCHtEP.
2578 433 3106 491 CONSTANTINOP.
3758 429 3879 484 cm

577 596 742 652 dente,
773 603 840 641 ex
869 600 928 639 re
956 585 1066 652 ipsa
1094 579 1243 634 disce
1269 596 1282 631 :
1309 572 1572 646 quomodo
1609 583 1713 622 non
1743 565 1918 618 multis
1945 571 2158 652 Sermo-

580 651 737 738 uibus
761 692 896 746 Opus
921 651 1188 734 habuerit,
1217 666 1484 740 quoumdo
1509 661 1732 716 voluerit
1758 659 1927 725 ipsmn
1954 651 2158 704 audire.

581 775 648 828 Et
675 772 886 825 mnuina
913 769 1183 822 civitatum
1221 768 1493 821 recenset,
1524 752 1810 810 ostendens
1837 746 2000 816 quod,
2031 758 2164 809 quo-

582 867 721 919 niam
754 879 922 930 nuper
949 861 1165 914 verbum
1199 860 1532 921 receperant,
1555 861 1691 917 opus
1716 853 1831 898 erat
1855 834 2163 895 eonlirmari

2271 554 2572 606 conclusus.
2605 550 2735 604 Vide
2761 551 3028 619 qunuiode
3054 546 3378 620 providetur,
3405 561 3468 598 ne
3500 544 3703 598 Paulus
3733 560 3882 612 prze-

2269 644 2410 699 dicct
2441 643 2490 696 in
2521 642 2814 696 JeruSaIcm
2845 660 2857 694 :
2887 640 3185 694 sufficiebat
3217 639 3315 691 hoc
3340 635 3546 696 audire,
3574 635 3721 704 quod
3750 648 3875 687 crc-

2270 737 2528 797 didisset;
2587 736 2959 805 pt‘auliCaﬂtt‘lu
3010 747 3136 785 vero
3186 747 3289 785 non
3344 731 3592 783 tulissent
3646 736 3880 796 propter

2270 829 2448 883 odium
2481 847 2492 877 :
2519 839 2572 881 et
2613 827 2797 895 procul
2840 828 3029 894 migrat
3060 825 3147 878 ubi
3184 835 3342 877 notus
3371 837 3476 875 non
3509 828 3649 874 erat.
3684 818 3880 873 Primo

582 955 703 1009 illos
754 963 809 1006 ιιι
858 953 908 1005 in
959 950 1061 1004 fide
1107 953 1384 1000 manerent
1425 960 1438 995 :
1488 956 1653 1011 quare
1699 939 2003 1004 frequenter
2049 931 2166 984 illas

580 1048 800 1102 adeunt.
834 1042 1104 1110 Perpende
1124 1082 1140 1105 ,
1168 1035 1439 1109 quomodo
1467 1033 1597 1086 nihil
1628 1045 1781 1099 mago
1809 1027 2038 1090 dixerit,
2070 1023 2167 1077 do-

584 1157 683 1194 nec
713 1140 802 1193 ille
827 1137 1160 1191 occisionem
1189 1134 1363 1195 daret,
1387 1129 1480 1184 sed
1507 1128 1729 1182 verbum
1759 1122 1965 1179 Domini
1992 1124 2166 1174 solmn

584 1232 985 1288 annuntiabant.
1029 1228 1162 1296 Quia
1192 1227 1334 1280 enim
1374 1225 1509 1277 alios
1552 1220 1888 1276 attendentes
1917 1214 2166 1278 videbat,

586 1327 637 1381 id
669 1340 830 1379 unum
863 1324 949 1376 ille
978 1323 1028 1376 in
1056 1334 1222 1388 saepe
1251 1317 1502 1380 habebat,
1529 1332 1595 1369 ne
1623 1316 1709 1367 ille
1738 1306 2166 1378 persuaderetur.

587 1419 653 1473 Et
683 1433 780 1472 cur
807 1432 910 1469 non
939 1414 1091 1468 aliud
1109 1413 1316 1482 signum
1349 1409 1512 1464 fecit?
1539 1407 1658 1477 quia
1691 1404 1891 1458 nullum
1925 1401 2047 1456 huic
2074 1414 2172 1470 par

586 1518 730 1570 erat,
762 1507 899 1571 quod
932 1506 1201 1558 inimicum
1231 1511 1464 1569 C:tpt't‘€l.

658 1600 714 1654 2.
751 1599 817 1653 Ει
844 1599 981 1661 vide,
1008 1600 1180 1664 primo
1208 1596 1471 1661 obiurgat,
1500 1601 1548 1646 et
1578 1602 1700 1643 tunc
1728 1589 1899 1660 punit.
1929 1584 2174 1640 Ostendit

589 1701 766 1744 autem
799 1691 942 1742 illum
970 1689 1112 1753 juste
1145 1685 1250 1754 pati
1274 1702 1391 1737 cum
1419 1685 1548 1737 dicit
1571 1700 1583 1734 :
1620 1680 1664 1735 0
1691 1682 1836 1750 plene
1859 1680 1997 1733 omni
2019 1676 2175 1731 dolo!

593 1783 694 1837 hoc
719 1794 798 1836 est
822 1823 837 1845 ,
871 1781 1000 1835 nihil
1043 1781 1166 1833 dolo
1203 1793 1426 1830 vacmuu
1459 1777 1681 1830 habens.
1729 1775 1794 1828 Et
1825 1781 1968 1827 recte
2007 1771 2172 1835 dicit,

596 1873 745 1928 Omni
787 1873 942 1937 dolo;
974 1873 1254 1926 simulabat
1284 1871 1448 1924 eiiiui.
1485 1867 1588 1922 Fili
1629 1867 1816 1920 diaboli
1842 1883 1860 1919 :
1885 1880 2004 1918 nam
2043 1879 2177 1933 opus

595 1965 737 2019 illius
776 1964 985 2034 agebat.
1019 1962 1232 2015 Inimico
1259 1962 1422 2013 omnis
1461 1960 1666 2021 iustitia:
1695 1975 1712 2011 :
1741 1958 1854 2011 tunc
1882 1957 2022 2010 enim
2053 1971 2178 2009 Vere

593 2069 709 2112 erat
751 2057 923 2109 omnis
963 2054 1185 2123 iustitia.
1229 2053 1352 2106 Mihi
1385 2051 1596 2107 videtur
1633 2051 1732 2102 hoc
1761 2049 1979 2109 dicens,
2016 2047 2178 2101 vitam

594 2150 735 2203 illius
764 2149 1102 2216 redarguere.
1134 2146 1202 2201 Ut
1227 2160 1401 2201 autem
1423 2145 1731 2200 osmnderet
1755 2143 1871 2198 lure
1892 2143 2050 2196 verba
2075 2157 2178 2194 non

597 2240 664 2294 ab
693 2241 767 2294 ira
801 2238 1082 2308 proliciSt-i,
1112 2238 1256 2306 prius
1281 2238 1413 2292 dixit
1441 2255 1454 2289 :
1483 2235 1725 2304 Repletus
1753 2236 1951 2307 Spiritu
1975 2243 2184 2298 sancto;

603 2333 708 2387 hoc
735 2343 813 2386 est
831 2375 845 2396 ,
875 2333 1205 2395 oneratioue.
1232 2331 1295 2385 Et
1319 2349 1450 2385 nunc
1469 2347 1581 2386 ecce
1601 2349 1781 2384 manus
1803 2329 2009 2383 Domini
2035 2346 2188 2398 super

606 2432 668 2478 te.
701 2424 815 2478 Non
865 2425 994 2476 ultio
1031 2433 1144 2477 erat
1167 2463 1183 2488 ,
1211 2423 1302 2477 scd
1337 2422 1565 2477 medela.
1599 2425 1677 2477 Ac
1712 2424 1754 2477 si
1793 2423 1998 2476 diceret
2029 2441 2040 2474 :
2068 2421 2184 2475 Non

603 2532 702 2581 ego
728 2514 882 2572 facio.
913 2513 1005 2567 sed
1037 2514 1125 2568 Dei
1158 2527 1366 2567 manus.
1393 2513 1526 2568 Vide
1556 2521 1612 2567 ut
1641 2513 1847 2567 alienus
1869 2523 2000 2567 esta
2025 2511 2182 2566 fastu.

607 2604 723 2659 Eris
762 2619 922 2658 ctecns
948 2646 961 2668 ,
994 2622 1095 2657 non
1132 2605 1305 2657 ridens
1339 2605 1492 2658 solem
1531 2622 1685 2671 usque
1723 2606 1790 2657 ad
1827 2613 2038 2672 tempus.
2078 2604 2189 2658 lloc

607 2696 737 2750 dicit
761 2738 777 2761 ,
811 2706 865 2749 ιιι
892 2696 979 2748 det
1021 2695 1092 2748 illi
1145 2698 1469 2764 pteuitentiae
1513 2698 1710 2751 locum.
1746 2697 2014 2766 Nusquam
2046 2697 2190 2749 enim

609 2789 857 2841 volebant
884 2805 947 2842 cx
979 2789 1214 2843 tristibus
1245 2789 1514 2856 eouSpicui
1545 2805 1684 2854 esse,
1715 2791 1956 2858 quamvis
1983 2790 2081 2842 hoc
2108 2805 2193 2841 er-

610 2895 671 2945 ga
697 2878 934 2932 iuimiCos
957 2881 1160 2932 tierent.
1182 2879 1285 2933 Sed
1303 2895 1423 2947 erga
1447 2895 1574 2933 suos
1593 2883 1712 2948 jure
1734 2880 1945 2948 quidem
1971 2881 2189 2933 merito:

609 2985 729 3022 cum
759 2985 882 3021 vero
909 2968 975 3021 de
1005 2968 1192 3023 alienis
1221 2981 1483 3034 ageretur,
1516 2987 1620 3024 non
1651 2973 1796 3035 item,
1826 2987 1890 3024 ne
1920 2981 2194 3038 putaretur

613 3077 698 3116 res
726 3077 786 3115 ex
817 3062 1128 3115 necessitate
1155 3075 1202 3116 et
1239 3065 1426 3116 timore
1457 3065 1734 3132 proticisci.
1767 3064 2033 3117 Cri-citatis
2066 3080 2193 3118 vero

613 3153 819 3218 signum
863 3151 996 3215 fuit,
1041 3153 1180 3220 quod
1220 3153 1468 3206 ductores
1505 3163 1788 3223 qna-reret.
1824 3154 2024 3209 Deinde
2051 3156 2198 3211 videt

612 3246 908 3298 cmcitatem
940 3246 1239 3312 proconsul.
1273 3257 1322 3299 et
1349 3247 1526 3299 statim
1556 3247 1729 3300 credit
1756 3265 1768 3299 :
1801 3263 1970 3314 neque
1995 3249 2201 3316 simpli-

615 3340 766 3400 citer,
792 3341 882 3391 sed
911 3337 1269 3408 Obslttpc’scetts
1293 3355 1310 3392 .'
1330 3340 1455 3392 vidit
1476 3355 1616 3393 cmm
1643 3355 1746 3392 non
1772 3338 1856 3393 hic
1879 3341 2034 3394 verba
2059 3341 2196 3408 dari,

617 3444 791 3498 neque
820 3430 1037 3482 fallaciis
1065 3446 1174 3482 rem
1204 3431 1304 3498 agi.
1339 3430 1467 3485 Vide
1493 3440 1744 3499 quantum
1773 3432 2028 3485 doctrina:
2053 3449 2199 3485 amo-

618 3533 731 3572 rem
777 3519 993 3580 habuit,
1028 3520 1114 3588 qui
1159 3531 1358 3572 tantum
1403 3521 1626 3590 gerebat
1673 3523 2043 3592 principatum.
2085 3524 2200 3578 Non

617 3609 752 3662 dixit
779 3627 931 3678 mago
959 3610 1152 3663 Paulus
1179 3629 1189 3664 :
1217 3609 1326 3663 Non
1355 3613 1554 3666 desinis
1577 3613 1890 3668 subvertere
1912 3630 2204 3683 proconsu-

620 3700 721 3754 lem
742 3718 756 3766 ;
781 3702 893 3764 sed,
931 3701 1045 3756 Vias
1067 3701 1291 3766 Domini,
1315 3705 1454 3773 quod
1484 3706 1653 3773 majus
1675 3716 1819 3771 erat;
1846 3724 1910 3761 ne
1932 3709 2203 3763 videretur

619 3794 844 3847 adulari.
879 3796 985 3848 Cur
1016 3812 1139 3849 vero
1168 3797 1400 3850 Joannes
1436 3798 1633 3854 recedit
1673 3801 1739 3853 ab
1769 3801 1884 3854 eis?
1926 3817 2046 3854 nam
2085 3803 2199 3868 ait,

619 3883 845 3940 Joannes
867 3890 1096 3941 recedens
1116 3890 1178 3940 ab
1206 3890 1293 3950 eis,
1319 3905 1541 3942 reversus
1564 3900 1633 3943 est
1653 3890 2042 3961 Jerosolymam.
2069 3894 2200 3961 Quia

623 3980 831 4049 longius
857 3980 1107 4048 deinceps
1139 3983 1238 4035 iter
1261 3982 1621 4050 suscipiebant
1649 4003 1660 4034 :
1691 3987 1932 4052 quamvis
1965 3987 2074 4054 ipse
2103 3989 2204 4040 mi-

622 4073 786 4126 nister
809 4085 980 4138 esset;
1011 4074 1079 4127 illi
1105 4090 1231 4127 vero
1257 4075 1549 4142 periculum
1572 4076 1827 4130 subirent.
1855 4078 2057 4132 Rursus
2082 4080 2206 4134 Per-

619 4180 722 4234 gen
750 4167 1044 4228 venientes,
1078 4178 1491 4234 prtetercurrunt
1523 4170 1654 4223 alias
1680 4171 1920 4223 civitates
1947 4190 1958 4222 :
1989 4189 2107 4225 nam
2140 4173 2205 4227 ad

623 4261 937 4329 metropoliu
985 4261 1318 4316 Antiochiam
1362 4262 1699 4317 festinabant.
1743 4265 1811 4318 Et
1856 4266 2009 4330 vide,
2047 4283 2203 4336 quam

623 4351 936 4418 compendio
964 4361 1143 4404 narret
1173 4352 1420 4419 scriptor.
1454 4353 1726 4419 Sederunr,
1757 4357 1944 4426 inquit,
1975 4359 2025 4410 in
2053 4375 2206 4427 syna-

622 4461 751 4513 goga
779 4443 859 4495 dic
886 4443 1205 4497 sabbatorum
1233 4460 1250 4498 :
1274 4457 1330 4498 ut
1356 4449 1588 4501 sermoni
1621 4449 1756 4501 viam
1801 4464 2061 4518 pararent.
2097 4451 2206 4506 Nec

622 4535 827 4603 priores
858 4535 1164 4603 loquun'ur,
1194 4536 1286 4589 sed
1317 4537 1542 4600 invitati,
1566 4547 1619 4593 et
1644 4541 1789 4608 quasi
1823 4542 2056 4609 hospites
2084 4559 2207 4612 pro-

623 4630 811 4682 vocati.
843 4629 895 4682 Si
926 4639 1099 4681 autem
1134 4646 1236 4683 non
1270 4631 1337 4685 ibi
1370 4633 1725 4694 mansissent,
1768 4649 1944 4688 sermo
1975 4652 2076 4688 non
2109 4638 2206 4691 ha-

627 4721 765 4774 bitus
795 4721 994 4776 fuisset.
1022 4722 1116 4776 llic
1141 4723 1313 4793 primo
1343 4725 1593 4793 przedicat
1622 4725 1829 4780 Paulus.
1861 4729 1922 4781 Et
1949 4729 2068 4782 vide
2093 4731 2208 4798 ejus

628 4814 958 4881 prudentiam
987 4833 998 4863 :
1029 4817 1110 4868 ubi
1142 4831 1321 4870 sermo
1348 4833 1563 4886 sparsus
1593 4823 1791 4880 fuerat,
1815 4826 2203 4889 przetercurrit;

628 4903 714 4955 ubi
765 4915 889 4956 vero
938 4905 1113 4958 millns
1160 4906 1348 4971 fuerat,
1397 4910 1595 4962 diutius
1641 4926 1852 4973 manet;
1899 4922 1954 4964 ut
1996 4923 2048 4966 et
2095 4915 2207 4982 ipse

627 5009 665 5045 si
689 4995 866 5047 ribeus
896 4995 1022 5048 dicit
1053 5015 1065 5049 :
1098 4996 1185 5050 Sic
1211 5009 1373 5049 autem
1407 5002 1574 5053 studui
1607 5006 1964 5070 euangelizare,
1997 5023 2097 5058 non
2123 5009 2206 5060 ubi

627 5086 912 5138 nominatus
944 5098 1014 5139 cst
1039 5087 1264 5141 Christus
1293 5089 1311 5158 (
1340 5089 1483 5144 llam.
1519 5093 1604 5146 15.
1633 5093 1702 5147 ΞΟ
1726 5097 1764 5160 ).
1797 5096 1906 5148 Iloc
1936 5114 2060 5149 vero
2090 5116 2204 5152 ma-

625 5193 743 5245 gna:
772 5177 1094 5231 fortitudinis
1125 5190 1257 5234 erat.
1293 5182 1424 5236 Vere
1447 5200 1471 5234 a
1501 5184 1757 5254 principio
1783 5187 2106 5243 admirabilis
2131 5194 2209 5245 vir

631 5269 725 5323 luit
753 5288 764 5322 :
795 5271 1080 5324 cruciﬁxus
1100 5313 1113 5333 ,
1142 5273 1194 5324 in
1226 5275 1338 5327 acie
1369 5276 1589 5344 positus,
1619 5277 1818 5331 sciebat
1849 5294 2040 5348 quanta
2076 5285 2209 5350 poti-

630 5372 773 5413 rctur
816 5363 1024 5430 gratia;
1068 5379 1160 5428 par
1207 5365 1405 5418 induxit
1449 5367 1698 5421 studimn.
1748 5368 1858 5421 Non
1906 5375 2209 5426 succensuit

628 5451 818 5506 Joanni
851 5475 862 5507 :
892 5471 994 5506 non
1022 5457 1161 5509 enim
1192 5456 1346 5525 hujus
1371 5471 1483 5511 erat
1512 5462 1608 5529 (α),
1637 5461 1728 5514 sed
1756 5465 1902 5532 operi
1933 5466 2166 5518 brerebat
2191 5485 2204 5521 :

629 5561 737 5600 non
786 5549 1121 5610 formidavit,
1178 5566 1280 5604 non
1333 5552 1502 5606 timuit
1552 5555 1601 5608 in
1651 5556 1820 5610 media
1869 5559 2207 5614 multitudine

696 5685 770 5742 (τι)
810 5690 991 5751 Toxlus
1023 5692 1210 5734 Gnaeus
1234 5686 1418 5751 habet,
1455 5700 1495 5737 οὗ
1521 5701 1585 5749 γάρ
1611 5703 1736 5741 ταίην)
1771 5697 2090 5751 ἧν.1.)01111ἶίῖι]3
2129 5709 2199 5745 suc

630 5745 920 5807 vertendum
948 5753 1097 5805 putat,
1120 5757 1217 5796 non
1241 5750 1366 5796 enim
1400 5749 1489 5798 ine
1513 5745 1704 5800 deditus
1727 5745 1830 5801 erat
1863 5768 1878 5803 :
1907 5757 1984 5807 vel
2010 5760 2079 5806 sic
2102 5759 2200 5805 for-

630 5809 770 5880 tassis
788 5805 1122 5880 evplicaudlum
1148 5823 1159 5855 :
1189 5818 1279 5880 tton
1300 5810 1426 5858 cnim
1450 5812 1597 5874 ipsius
1620 5821 1761 5875 erat;
1789 5818 1831 5865 id
1860 5826 1951 5878 est,
1972 5805 2071 5869 non
2092 5820 2196 5880 ille,

632 5867 717 5918 sed
742 5873 899 5917 ltarnal
920 5883 973 5917 as
1000 5869 1129 5918 illum
1156 5871 1438 5923 adduxerat.

2273 936 2481 991 magum
2526 918 2831 988 redarguit,
2863 931 2915 972 et
2953 918 3124 986 qualis
3152 926 3295 969 esset
3321 915 3535 981 aperuit
3569 931 3581 966 :
3614 911 3880 980 quodque

2274 1015 2394 1068 talis
2431 1021 2566 1067 esset
2591 1052 2604 1072 ,
2638 1013 2842 1079 sigtltlzu
2885 1009 3141 1077 probavit.
3185 1007 3295 1062 Hoc
3334 1007 3543 1075 signum
3589 1015 3713 1058 erat
3757 1003 3880 1069 ejus

2272 1109 2465 1159 animae
2495 1103 2767 1158 c:ec;tatis.
2801 1103 2878 1156 Ad
2913 1113 3116 1170 tempus
3152 1101 3366 1168 patitur,
3401 1106 3458 1151 ut
3489 1094 3878 1164 pamitcntiam

2273 1206 2413 1267 agat.
2446 1197 2588 1251 Bene
2613 1205 2788 1248 autem
2821 1195 2870 1247 in
2902 1196 3122 1247 sabbato
3153 1191 3348 1246 Paulus
3377 1188 3595 1244 intravit
3626 1188 3680 1240 in
3715 1200 3880 1256 syna-

2274 1304 2484 1359 gogam,
2527 1287 2738 1356 quando
2778 1302 2964 1339 omnes
3001 1284 3306 1354 congregati
3338 1291 3512 1338 erant.
3543 1281 3634 1334 1-3.
3665 1278 3730 1330 lt‘:
3765 1288 3883 1346 post

2277 1381 2557 1443 lectionem,
2591 1379 2787 1448 inquit,
2816 1379 2939 1448 legis
2963 1386 3012 1429 et
3041 1379 3420 1445 prapltetarum,
3451 1375 3702 1425 miserunt
3736 1374 3884 1438 prin-

2275 1473 2412 1540 cipes
2440 1485 2712 1540 synagoga:
2734 1512 2750 1534 ,
2777 1470 2995 1522 (licentes
3021 1486 3039 1521 :
3078 1467 3181 1519 l'iri
3209 1471 3391 1536 fratres
3410 1507 3424 1530 ,
3457 1466 3505 1518 si
3547 1474 3621 1517 est
3653 1466 3708 1516 in
3739 1464 3883 1516 vobis

2277 1582 2441 1620 sermo
2465 1564 2828 1617 exhortationis
2852 1563 2918 1614 ml
2947 1563 3209 1631 pepulitm,
3234 1561 3401 1614 dicite.
3437 1559 3568 1612 Vide
3599 1559 3725 1612 illos
3756 1568 3885 1610 tunc

2278 1658 2395 1711 sine
2427 1655 2620 1709 invidia
2653 1655 2858 1723 Copiam
2893 1654 3095 1714 facere;
3131 1665 3312 1720 postea
3344 1667 3470 1705 vero
3497 1666 3604 1705 non
3639 1651 3794 1703 item.
3827 1649 3885 1702 Si

2281 1750 2383 1803 hoc
2403 1749 2723 1807 voluissetis.
2742 1748 3204 1816 magiscmortebat
3224 1745 3514 1800 exhortari.
3539 1743 3715 1808 Sed,o
3741 1744 3888 1813 priu-

2280 1841 2488 1910 cipatns
2517 1856 2751 1894 amorem
2780 1841 2792 1892 !
2825 1855 2857 1892 ο
2884 1855 3070 1891 vanam
3102 1838 3323 1907 gloriam
3347 1838 3360 1891 !
3389 1836 3664 1906 tpioniudo
3695 1851 3788 1887 om
3819 1837 3886 1887 .ia

2283 1933 2542 1987 sulm-nit
2561 1941 2615 1986 et
2646 1933 2816 2000 perdit
2845 1949 2856 1984 :
2885 1942 3068 1986 contra
3101 1931 3389 2000 prOpriam,
3414 1938 3596 1983 eontra
3632 1937 3884 1980 mutuam

2280 2025 2509 2080 salutem
2540 2036 2682 2082 stare
2709 2024 2894 2079 suadet
2925 2042 2937 2077 :
2969 2025 3037 2077 ita
3066 2039 3240 2077 catcos
3269 2023 3430 2078 eflicit
3462 2024 3501 2086 ⁸,
3534 2033 3590 2075 ιιι
3618 2021 3886 2075 ductores

2285 2129 2610 2186 qna-rantur.
2647 2117 2855 2173 Utinam
2886 2119 3073 2172 saltem
3118 2116 3256 2182 hoc,
3297 2117 3497 2170 utinam
3538 2114 3738 2168 Saltem
3786 2112 3889 2166 du-

2287 2219 2462 2263 ctores
2493 2219 2797 2279 qumrerent
2824 2226 2838 2263 :
2865 2225 3048 2263 verum
3081 2210 3180 2264 hoc
3211 2225 3315 2261 non
3346 2218 3613 2275 qua-runt,
3648 2207 3744 2261 sed
3779 2207 3886 2260 sibi

2289 2302 2418 2370 ipsis
2452 2311 2616 2354 totum
2643 2302 2999 2356 committunt.
3041 2301 3316 2356 Neminem
3362 2303 3451 2357 ille
3484 2302 3612 2356 sinit
3644 2301 3832 2355 videre
3864 2321 3879 2356 :

2289 2397 2427 2448 sicut
2450 2394 2621 2463 caligo
2648 2405 2703 2448 et
2733 2376 2922 2449 nebula
2955 2395 3165 2462 ingruit,
3203 2412 3301 2450 nee
3329 2397 3455 2450 sinit
3484 2396 3774 2463 inSpicere.

2373 2489 2558 2542 Vitium
2592 2467 2870 2558 aliquando
2899 2489 3044 2543 aliud
3070 2490 3239 2542 vitium
3269 2498 3568 2557 snperat.—
3584 2489 3758 2556 Quam
3792 2489 3889 2541 de-

2295 2581 2593 2636 fensionem
2636 2581 2971 2644 habebimus,
3017 2582 3107 2651 qui
3154 2595 3247 2649 per
3289 2582 3470 2634 vilium
3517 2580 3647 2633 illud
3697 2580 3891 2631 vilium

2294 2672 2435 2726 aliud
2467 2687 2802 2741 superamus,
2832 2672 2924 2726 Sed
2956 2689 3061 2727 non
3108 2687 3204 2741 per
3251 2673 3496 2725 timorem
3544 2671 3682 2725 Dei?
3723 2670 3890 2726 Verbi

2293 2765 2483 2834 gratia.
2517 2765 2668 2818 multi
2712 2764 2801 2833 qui
2839 2764 2999 2819 simul
3045 2765 3226 2820 lascivi
3272 2773 3327 2820 et
3371 2765 3514 2818 avari
3564 2775 3743 2828 erant,
3798 2779 3897 2833 per

2299 2858 2682 2924 pareimouiam
2735 2859 3002 2911 lasciviam
3047 2869 3401 2928 superarunt;
3456 2858 3542 2911 alii
3584 2867 3772 2911 contra
3825 2875 3896 2912 es

2296 2950 2513 3003 lascivia
2551 2953 2810 3019 pecunias
2851 2961 3316 3021 contempserunt.
3367 2951 3599 3006 Rursum
3627 2951 3720 3004 alii
3753 2967 3893 3004 vana

2297 3043 2466 3112 gloria
2507 3044 2668 3111 capti,
2703 3043 2864 3098 ambo
2906 3043 2991 3098 illa
3041 3045 3163 3098 vitia
3218 3055 3580 3113 prostravere,
3630 3045 3897 3112 pecunias

2300 3138 2417 3190 siue
2454 3138 2613 3191 niodo
2653 3138 3013 3202 insumentes,
3056 3149 3109 3194 et
3149 3137 3343 3193 frustra
3381 3140 3722 3194 continentes
3758 3158 3772 3191 :
3805 3141 3898 3194 alii

2302 3246 2512 3284 rursum
2534 3247 2684 3283 vana:
2708 3231 2888 3298 gloria:
2908 3231 3194 3284 admodum
3217 3231 3416 3300 cupidi,
3437 3230 3538 3285 hoc
3558 3232 3744 3286 vitium
3765 3248 3899 3287 eon—

2304 3332 2655 3390 tempserunt,
2689 3322 2855 3376 multa
2903 3322 3039 3378 {teda
3069 3322 3210 3392 passi
3240 3332 3295 3377 et
3323 3333 3543 3394 propter
3581 3339 3803 3379 amores
3844 3334 3897 3378 et

2307 3431 2522 3488 propter
2567 3421 2820 3488 pecunias
2869 3437 2882 3474 :
2930 3417 3020 3472 alii
3069 3433 3278 3472 rursum
3325 3428 3379 3471 ut
3427 3418 3558 3470 iram
3611 3418 3899 3486 explerent

2305 3526 2477 3575 suam,
2509 3513 2786 3565 innumera
2825 3511 3018 3565 damna
3044 3510 3274 3575 subiere,
3311 3517 3366 3564 et
3393 3510 3526 3562 nihil
3557 3509 3704 3562 aliud
3733 3524 3896 3564 cura-

2307 3615 2517 3660 vcrunt.
2550 3621 2706 3675 quam
2737 3615 2791 3658 ut
2816 3604 3137 3658 voluntatem
3170 3619 3319 3658 suam
3348 3602 3414 3657 ad
3437 3602 3684 3657 effectum
3720 3603 3897 3658 dedu-

2304 3711 2512 3753 cerent.
2556 3699 2619 3753 Et
2651 3698 2790 3768 quod
2824 3699 3000 3768 passio
3032 3699 3220 3766 potuit,
3265 3713 3368 3750 non
3401 3699 3572 3766 potuit
3613 3698 3756 3766 apud
3800 3713 3900 3751 nos

2311 3792 2400 3846 Dei
2432 3797 2609 3845 timor.
2642 3793 2703 3846 Et
2730 3791 2856 3860 quid
2893 3791 3192 3859 passionem
3215 3790 3377 3844 dico?
3404 3789 3554 3856 Quod
3589 3790 3765 3860 pudor
3797 3794 3898 3840 lm-

2309 3897 2499 3937 tnanus
2529 3892 2720 3951 potest,
2755 3897 2858 3934 non
2909 3890 3083 3949 potest
3125 3881 3215 3937 Dei
3251 3883 3428 3936 timor.
3467 3881 3625 3933 Multa
3665 3891 3722 3934 et
3755 3895 3899 3936 recte

2313 3975 2533 4030 facimus
2573 3987 2628 4030 et
2674 3991 2954 4042 peccamus
2989 3992 3095 4042 pra:
3137 3975 3410 4029 hominum
3447 3974 3683 4043 pudore;
3729 3975 3896 4027 Deum

2310 4086 2436 4124 vero
2465 4086 2570 4124 non
2599 4070 2863 4123 timenms.
2890 4070 3029 4137 Quot
3056 4083 3164 4138 pra:
3188 4068 3389 4136 pudore
3408 4082 3537 4135 opes
3556 4066 3898 4120 emulermil?

2309 4173 2437 4232 quot
2480 4165 2672 4216 frustra
2715 4164 3020 4217 ainbierunt
3059 4163 3245 4216 amicis
3287 4163 3336 4214 in
3384 4162 3523 4215 malo
3553 4161 3899 4216 servientes?

2308 4265 2439 4326 quot
2461 4256 2510 4308 in
2541 4257 2832 4308 amicorum
2861 4255 3082 4322 gratiam
3109 4254 3401 4320 saepissime
3431 4264 3781 4321 percaveruut
3806 4253 3830 4306 ?

2381 4349 2434 4402 5.
2472 4346 2651 4400 Gloria
2694 4347 2914 4399 Immanu
2959 4345 3244 4415 fugiendo;
3293 4361 3525 4416 quantum
3568 4344 3734 4413 gloria
3764 4361 3900 4407 quie-

2310 4440 2470 4493 rcnda
2497 4441 2579 4492 sit.
2600 4438 2738 4493 —Si
2768 4454 2895 4506 ergo
2921 4448 2973 4491 et
3007 4435 3230 4490 allectus
3272 4446 3323 4488 ct
3357 4436 3525 4502 pudor
3555 4433 3822 4488 humanus
3849 4446 3901 4489 et

2313 4534 2377 4586 ad
2408 4541 2619 4602 peccata
2652 4542 2704 4586 et
2742 4532 2807 4585 ad
2859 4532 2994 4585 bona
3024 4547 3184 4598 opera
3218 4547 3314 4582 nos
3357 4536 3579 4598 possunt
3621 4528 3896 4594 inducere,

2315 4628 2506 4681 frustra
2546 4627 2770 4680 dicimus
2817 4641 2915 4680 nos
2946 4641 3048 4679 non
3098 4639 3294 4693 posse:
3331 4637 3611 4692 possumus
3647 4621 3814 4684 enim,
3855 4621 3898 4674 si

2313 4722 2556 4774 Volumus
2581 4737 2593 4784 ;
2627 4721 2761 4773 velle
2786 4729 2985 4782 autem,
3015 4732 3202 4770 omnes
3229 4724 3457 4784 oportet.
3487 4714 3581 4768 Dic
3610 4712 3742 4766 mihi
3770 4731 3782 4766 :
3806 4728 3899 4768 cur

2315 4830 2416 4867 non
2463 4823 2614 4882 potes
2651 4811 2882 4880 gloriam
2919 4812 3154 4873 vincere,
3188 4824 3307 4861 cuin
3355 4807 3442 4860 alii
3488 4806 3735 4861 eamdem
3780 4807 3897 4859 aui-

2315 4923 2479 4968 mam,
2506 4906 2642 4959 idem
2668 4920 2864 4975 corpus
2880 4905 2923 4969 ’,
2947 4903 3190 4957 eamdem
3211 4902 3456 4966 formam,
3475 4899 3717 4954 eamdem
3740 4900 3898 4954 vitam

2315 5000 2589 5064 habentes,
2640 5001 2807 5068 ipsam
2856 4996 3319 5064 viucaiit?Cogita
3369 4997 3559 5059 iteuiu,
3602 4994 3778 5059 cogita
3811 5009 3898 5046 su-

2315 5109 2529 5162 pernam
2561 5094 2783 5163 gloriam
2820 5111 2832 5144 :
2862 5091 3046 5144 confer
3087 5091 3228 5142 illam
3262 5105 3380 5143 cum
3429 5087 3808 5158 pra-sentibus,
3851 5096 3901 5141 et

2313 5190 2488 5243 statim
2515 5192 2581 5243 ab
2614 5193 2708 5244 hac
2739 5190 2902 5259 gloria
2936 5188 3160 5242 resilies.
3193 5186 3249 5239 Si
3293 5186 3513 5237 omnino
3548 5183 3774 5252 gloriam
3810 5199 3901 5234 cx-

2316 5286 2467 5351 petis,
2504 5301 2619 5336 cam
2645 5301 2760 5352 quae
2789 5299 2912 5337 vere
2937 5283 3101 5352 gloria
3131 5293 3213 5356 est
3242 5281 3581 5349 etmcupisce.
3615 5284 3743 5346 Qua:
3785 5280 3898 5348 glo-

2313 5378 2388 5434 t‘ia
2419 5393 2520 5445 est,
2552 5398 2670 5435 cum
2721 5380 2988 5433 infandam
3030 5379 3241 5450 pariat?
3291 5395 3410 5447 qua:
3448 5379 3638 5448 gloria,
3683 5381 3894 5446 quando

2315 5473 2622 5527 inferiorum
2655 5474 2912 5526 honorem
2949 5487 3147 5541 cupere
3190 5472 3398 5541 eogeris
3441 5480 3496 5524 et
3527 5471 3616 5523 illo
3645 5487 3776 5538 opus
3806 5471 3896 5524 ha-

2315 5567 2476 5622 bere?
2505 5569 2688 5621 Honor
2713 5576 2795 5620 cst
2824 5565 3082 5635 majorum
3115 5564 3281 5635 gloria
3312 5564 3436 5618 frui.
3467 5565 3523 5619 Si
3554 5564 3774 5618 omnino
3799 5565 3898 5632 gloo

2380 5758 2392 5788 ι
2429 5758 2624 5812 (nudam
2652 5756 2851 5818 habent,
2873 5769 2979 5805 vere
3003 5767 3154 5818 amcos
3175 5752 3340 5818 effiat.

2377 5821 2395 5851 ²
2422 5819 2554 5877 llzec,
2579 5817 3050 5880 enmdcutrmimam,
3076 5815 3402 5880 itlem'corpus
3427 5853 3439 5876 ,
3469 5829 3562 5864 ιιοιι
3591 5815 3817 5880 leguntur
3846 5816 3889 5864 in

2322 5876 2507 5945 lllonlt'.’
2534 5875 2619 5930 Sed
2646 5894 2673 5928 ρ
2698 5893 2717 5927 θ
2739 5875 2866 5929 Ivilio
2890 5881 3076 5940 adjecta
3094 5886 3222 5930 sunt.
