4034 6420
202 447 313 500 213

201 566 340 617 riam
366 560 568 632 diligis,
596 575 717 616 eam
747 560 926 629 potius
950 573 1090 621 ama,
1123 574 1242 627 qua:
1263 572 1292 610 a
1322 557 1430 610 Deo
1457 565 1560 610 est.
1585 555 1638 609 Si
1669 555 1813 609 illam

195 671 391 709 amans
425 655 561 708 hanc
588 668 836 722 spernas,
861 652 998 705 hanc
1023 649 1230 703 videbis
1259 649 1547 718 ignobilem
1578 665 1590 699 :
1615 663 1802 717 quam-

193 747 292 802 diu
327 747 493 810 illam,
542 761 662 815 qnzn
693 759 725 798 a
756 744 865 797 Deo
905 753 1009 808 est,
1045 756 1148 794 non
1200 740 1420 806 videris,
1461 755 1634 808 neque
1666 743 1802 792 hanc

192 840 428 901 videbis,
463 855 621 909 quam
666 839 836 906 turpis
874 851 1067 904 nempe
1108 835 1196 899 sit,
1230 850 1390 904 quam
1436 833 1686 889 ridicula.
1735 832 1802 889 Ut

186 932 340 984 cnim
382 931 472 1000 qui
511 915 686 993 male,
716 927 974 982 deformis
1023 925 1284 996 fiedaeque
1331 926 1574 980 mulieris
1615 940 1800 979 amore

185 1025 336 1092 Capti
364 1031 511 1085 sunt,
541 1023 714 1076 donec
745 1021 887 1074 illam
924 1029 1125 1084 amant,
1160 1036 1264 1073 non
1297 1029 1522 1085 possunt
1553 1018 1669 1088 ejus
1697 1017 1798 1073 de-

188 1122 520 1176 formitatem
550 1120 755 1183 videre,
794 1117 986 1172 alfectu
1015 1116 1275 1185 judicium
1323 1115 1648 1168 obscurante
1680 1133 1692 1164 :
1723 1112 1794 1166 ita

181 1222 245 1268 ct
277 1215 363 1268 hic
391 1212 649 1284 quamdiu
678 1212 874 1266 allecto
911 1211 1242 1274 detinemur,
1271 1224 1494 1263 cernere
1530 1222 1634 1259 non
1665 1220 1784 1274 pos»

182 1321 376 1359 smnus
407 1314 665 1373 quantum
697 1307 768 1357 sit
793 1303 1010 1358 malum.
1050 1299 1333 1369 Quomodo
1363 1314 1511 1369 ergo,
1560 1299 1789 1368 inquies,

179 1397 348 1450 abeo
380 1394 769 1450 liberabimur?
797 1394 984 1463 Cogita
1025 1407 1147 1458 eos,
1178 1393 1267 1462 qtii
1301 1392 1610 1446 innumeras
1659 1405 1792 1460 opes

180 1493 613 1558 ἰηεηηιρδσϊιιιιῑ,
645 1497 698 1542 et
724 1487 855 1540 nihil
896 1487 1019 1541 hinc
1057 1486 1260 1540 fructus
1299 1487 1536 1544 tulerunt
1571 1505 1585 1542 :
1616 1489 1790 1558 cogita

179 1595 449 1646 mortuos,
482 1583 571 1651 qui
602 1591 800 1635 tantam
846 1580 1024 1650 adepti
1056 1590 1182 1633 sunt
1208 1579 1456 1648 gloriam,
1497 1579 1592 1635 sed
1627 1581 1791 1634 insta-

174 1676 370 1739 bilem,
410 1693 532 1745 qnze
578 1676 736 1744 periit
766 1683 820 1729 et
845 1675 1062 1729 evanuit
1092 1691 1106 1727 :
1134 1675 1306 1744 cogita
1338 1690 1535 1728 nomen
1579 1683 1785 1728 tantum

173 1783 322 1831 esse,
358 1784 466 1821 non
499 1783 634 1821 rem.
665 1766 797 1822 Nam
828 1767 950 1836 quid
981 1777 1060 1821 est
1089 1768 1278 1834 gloria,
1310 1768 1533 1836 quaeso?
1565 1767 1629 1822 da
1654 1767 1786 1822 deli-

172 1861 436 1912 nitionem
470 1859 726 1927 aliquam.
759 1858 914 1926 Apud
939 1874 1129 1913 omnes
1154 1858 1496 1913 admirationi
1530 1875 1671 1924 esse,
1705 1861 1785 1911 in~

166 1953 351 2021 quies.
387 1952 469 2004 An
496 1949 638 2019 jure,
667 1966 734 2003 an
769 1950 1004 2017 injuria?
1050 1949 1104 2003 Si
1138 1950 1350 2019 injuria.
1386 1967 1490 2004 non
1521 1953 1622 2004 erit
1655 1950 1781 2004 illud

166 2043 480 2106 admiratio,
510 2041 604 2096 sed
632 2041 926 2104 accusatio,
961 2042 1218 2104 adulatio,
1259 2042 1525 2096 Calumnia
1559 2059 1570 2095 :
1606 2043 1648 2096 si
1681 2058 1780 2095 an-

166 2144 279 2188 tem
322 2134 466 2200 jure,
520 2133 570 2187 id
619 2134 874 2202 possibile
921 2149 1027 2186 non
1073 2143 1196 2196 est;
1233 2134 1422 2202 vulgus
1455 2135 1597 2187 enim
1631 2143 1779 2187 recto

162 2238 319 2282 caret
348 2225 572 2296 judicio,
603 2235 656 2280 et
688 2227 807 2280 illos
835 2228 1081 2290 miratur,
1111 2227 1198 2296 qui
1231 2229 1343 2281 Suis
1369 2229 1613 2282 servittn'.
1641 2243 1777 2281 con-

159 2320 534 2388 cupiscentiis.
582 2319 646 2373 Et
686 2317 730 2373 si
779 2321 959 2382 vultis,
1004 2321 1122 2373 illos
1180 2319 1463 2381 attendite,
1514 2319 1602 2387 qui
1654 2335 1770 2372 nte-

159 2415 454 2470 retricibus
498 2415 678 2468 omnia
732 2429 826 2468 sua
881 2414 1185 2476 dederunt,
1245 2414 1334 2483 qui
1383 2413 1623 2482 aurigis,
1677 2413 1766 2481 qui

155 2511 534 2566 saltatoribus.
595 2512 663 2565 At
713 2526 818 2564 non
867 2509 1002 2574 hos,
1059 2509 1289 2577 inquies,
1347 2508 1612 2572 dicimus;
1676 2506 1770 2561 sed

153 2602 360 2671 fastos,
413 2613 612 2668 rectos,
647 2603 738 2673 qui
781 2617 973 2673 magna
1024 2612 1251 2670 possunt
1297 2610 1558 2670 prasstare
1605 2599 1771 2652 bona.

1179 440 1243 494 ΙΝ
1284 441 1463 495 ACTA
1509 437 2034 495 AI‘OSTOLORUM.
2080 439 2305 495 llO.\llL.
2357 441 2547 498 XXIX.

3425 449 3526 504 ΞΗ

1925 554 2139 612 Utinam
2192 558 2413 620 vellent,
2466 570 2516 613 et
2568 559 2748 614 statim
2796 561 2934 616 bona
2984 562 3351 630 perlicerent:
3385 581 3526 622 nunc

1910 664 2042 702 vero
2081 650 2212 704 nihil
2259 651 2563 718 hujusmodi
2612 652 2832 708 faciunt.
2881 655 3033 722 Quis,
3079 672 3284 724 qumso,
3310 657 3513 726 justum

1908 748 1963 795 et
2004 751 2212 796 rectum
2261 757 2402 796 nunc
2450 743 2676 798 laudat?
2714 744 3059 801 Contrarium
3110 755 3260 803 certe
3299 751 3515 803 accidit.

1906 835 2044 901 Quid
2074 835 2316 906 frigidius
2338 837 2502 905 justo.
2548 839 2590 891 si
2633 839 2950 907 pr:ccl:Iru:n
2982 840 3110 908 quid
3141 856 3327 911 agens,
3375 843 3517 910 vulgi

1903 931 2132 1000 gloriam
2184 931 2442 999 expetat?
2471 930 2583 985 Hoc
2625 933 2770 986 enim
2825 932 2953 1002 agit,
2987 948 3050 986 ac
3095 934 3139 987 si
3188 934 3311 1004 quis
3345 935 3518 1002 pictor

1901 1023 2138 1088 Optimus
2190 1023 2330 1092 regis
2379 1023 2664 1094 imaginem
2712 1026 2955 1094 pingens.
3001 1025 3519 1093 impcritorumlan-

1901 1113 1998 1168 des
2037 1114 2286 1185 excipiat.
2328 1115 2579 1180 Alioquin
2615 1125 2794 1169 autem
2840 1117 2930 1186 qui
2974 1119 3263 1171 humanam
3309 1129 3517 1187 spectat

1897 1206 2161 1274 gloriam,
2217 1223 2245 1258 a
2304 1207 2560 1260 virtutum
2616 1202 3028 1263 exercitio‘cito
3079 1209 3324 1266 desistet.
3382 1211 3514 1265 Nam

1899 1298 1943 1351 si
1995 1298 2060 1351 ad
2114 1299 2299 1353 laudes
2339 1299 2554 1354 illorum
2607 1302 2796 1363 inhiet,
2852 1301 2968 1356 hare
3013 1302 3170 1357 faciet
3217 1319 3337 1373 qua:
3384 1305 3518 1376 ipsis

1900 1391 2208 1457 placebunt,
2241 1408 2347 1446 non
2376 1409 2497 1462 quae
2527 1393 2650 1448 sibi.
2682 1393 2836 1462 Quod
2866 1411 2994 1466 ergo
3016 1396 3129 1466 jam
3158 1397 3311 1451 vobis
3334 1402 3516 1454 mosi--

1897 1480 2025 1533 lium
2059 1481 2350 1537 dederim?
2383 1486 2496 1540 Deo
2523 1487 2761 1540 animum
2796 1486 3078 1554 adbibere,
3123 1489 3255 1543 satis
3287 1488 3513 1563 habere,

1895 1579 1938 1632 si
1967 1581 2251 1635 laudemur
2278 1581 2345 1633 ab
2375 1583 2487 1644 illo,
2521 1584 2700 1636 omnia
2729 1584 2824 1651 ipsi
2857 1583 3049 1650 placita
3073 1583 3273 1650 facere,
3296 1597 3349 1641 ct
3372 1588 3511 1644 bona

1893 1673 2127 1738 operari,
2173 1674 2239 1726 ad
2276 1675 2475 1726 nullam
2507 1691 2687 1728 rerum
2720 1675 3080 1730 bumanarttm
3111 1678 3322 1733 inhiare
3353 1698 3364 1732 :
3398 1679 3505 1736 hoc

1891 1766 2033 1819 enim
2060 1774 2115 1820 et
2153 1766 2413 1834 jejunium
2442 1776 2498 1821 et
2528 1771 2832 1822 orationem
2862 1781 2915 1823 et
2943 1771 3344 1843 eleemosynam
3376 1791 3505 1844 pes-

1890 1857 2122 1922 somdat,
2156 1867 2318 1925 atque
2359 1860 2540 1912 omnia
2575 1869 2757 1912 nostra
2789 1860 2926 1915 bona
2959 1875 3211 1919 evacuat.
3249 1864 3402 1932 Quod
3437 1883 3535 1927 ne.

1893 1949 2180 2016 patiantur,
2228 1949 2494 2021 fugiamus
2526 1953 2628 2006 hoc
2657 1953 2870 2006 vilium.
2901 1954 3076 2009 Unum
3122 1958 3296 2012 solum
3327 1964 3504 2032 respi-

1887 2043 2114 2107 ciamus,
2171 2044 2384 2098 laudem
2416 2060 2444 2098 a
2482 2046 2610 2112 Deo,
2657 2045 2798 2099 illius
2846 2050 3318 2116 approbationem,
3351 2067 3503 2107 com-

1890 2136 2174 2205 munisque
2226 2137 2435 2192 Domini
2481 2141 3006 2196 commendationem
3048 2162 3061 2197 :
3107 2154 3166 2198 ut
3209 2145 3313 2198 vita
3361 2163 3505 2215 pras-

1885 2240 2038 2286 sente
2088 2236 2140 2286 in
2200 2233 2400 2286 virtute
2457 2244 2768 2297 transacta,
2828 2238 3112 2304 promissis
3163 2240 3322 2293 bonis
3377 2256 3500 2294 eum

1883 2324 2233 2394 diligentibus
2264 2342 2387 2378 eum
2422 2327 2714 2393 potiantur,
2749 2329 2920 2397 gratia
2949 2341 3000 2383 et
3035 2330 3365 2400 benignitate
3393 2333 3500 2386 lto-

1883 2417 2010 2469 tuini
2055 2417 2221 2470 nostri
2255 2416 2382 2470 Jesu
2431 2417 2653 2486 Christi,
2718 2421 2935 2489 quit-nm
2986 2421 3132 2476 Patri
3181 2435 3233 2477 et
3276 2424 3502 2493 Spiritui

1879 2519 2067 2560 sancto
2098 2508 2292 2576 gloria,
2327 2509 2633 2577 imperium,
2683 2513 2878 2576 honor,
2926 2531 3068 2570 nunc
3096 2525 3151 2571 et
3177 2531 3412 2588 semper,
3447 2531 3502 2574 et

1880 2599 1936 2653 in
1965 2601 2162 2653 Siecnla
2192 2602 2539 2656 sa-culorum.
2576 2607 2770 2659 Amen.

157 2737 3481 2761 MM

1540 2813 1887 2874 HOMILIA
1933 2814 2179 2877 XXIX.

151 2962 290 3018 CAP.
322 2965 408 3018 15.
441 2980 491 3014 ν.
530 2963 616 3018 16.
653 2962 882 3031 Surgcns
913 2973 1081 3014 autem
1113 2959 1334 3023 Paulus,
1370 2971 1414 3012 et
1447 2977 1602 3012 manu
1623 2958 1770 3013 silen-

232 3057 360 3109 tium
388 3056 634 3118 indicens,
670 3055 798 3106 dixit
835 3069 853 3106 :
890 3052 999 3105 Viri
1048 3051 1322 3113 Israelita},
1374 3061 1419 3104 et
1468 3052 1554 3118 qui
1586 3052 1770 3105 timetis

228 3150 421 3211 Deum,
465 3147 654 3200 audite.
703 3147 790 3200 17.
838 3144 980 3199 Deus
1030 3145 1187 3215 plebis
1232 3144 1388 3213 hujus
1417 3145 1568 3211 elegit
1601 3153 1768 3211 patres

227 3254 451 3305 nostros,
502 3251 546 3295 et
598 3241 791 3308 plebem
821 3241 1084 3300 exultavit,
1130 3257 1243 3292 cum
1273 3249 1435 3292 essent
1467 3239 1675 3291 advena:
1716 3239 1768 3290 in

231 3345 369 3387 terra
393 3331 633 3404 JEgypti,
659 3344 706 3386 et
729 3349 843 3384 cum
867 3333 1075 3385 brachio
1092 3333 1288 3384 excelso
1307 3331 1476 3383 eduxit
1500 3347 1583 3385 eos
1603 3346 1666 3384 ea:
1686 3347 1764 3383 ea.

233 3426 287 3480 1.
320 3424 452 3478 Vide
483 3424 780 3478 Barnabam
812 3425 1094 3478 cedentem
1125 3423 1310 3484 Paulo,
1342 3433 1398 3474 ut
1425 3431 1477 3475 et
1501 3421 1762 3476 Joannem

153 3518 359 3587 ubique
386 3517 569 3571 Petro.
617 3517 711 3570 Ille
735 3516 886 3570 duxit
915 3530 1037 3570 eum
1069 3531 1134 3570 ex
1169 3498 1428 3568 Damasco
1460 3530 1472 3563 :
1498 3514 1646 3582 atqui
1676 3528 1767 3566 ve-

150 3610 450 3665 nerabilior
492 3620 644 3673 erat;
682 3593 789 3664 ised
833 3609 898 3662 ad
938 3624 1278 3663 communem
1313 3606 1595 3661 utilitatem
1640 3622 1765 3675 spe-

151 3704 396 3759 ctabant.
449 3701 512 3755 Et
557 3721 790 3772 surgens,
843 3703 1034 3772 inquit.
1067 3713 1114 3755 et
1141 3719 1297 3755 manu
1338 3700 1595 3755 silentium
1620 3698 1763 3752 indi-

151 3813 296 3850 cens.
329 3795 439 3849 Mos
470 3795 555 3849 hic
582 3794 785 3849 Judmis
829 3804 947 3850 erat
979 3811 991 3846 :
1021 3795 1144 3848 ideo
1173 3794 1250 3847 sic
1284 3793 1403 3846 illos
1446 3791 1761 3861 alloquitur.

151 3890 294 3945 Vide
319 3890 590 3959 quomodo
616 3887 851 3943 sermoni
881 3888 1019 3943 viam
1047 3898 1196 3956 paret
1229 3904 1240 3942 :
1273 3888 1444 3956 primo
1470 3889 1614 3944 enim
1645 3889 1763 3942 lau-

151 3983 291 4038 dans
323 3982 465 4047 illos,
499 3996 853 4050 magnamque
874 3982 1164 4036 ostendens
1195 3997 1319 4051 erga
1362 3981 1505 4048 ipsos
1552 3995 1758 4045 curam,

151 4093 256 4146 per
281 4075 423 4144 quod
455 4076 605 4138 dicit,
639 4075 740 4140 Qui
769 4075 951 4128 timetis
983 4074 1143 4128 Deum
1170 4091 1188 4139 ;
1219 4076 1296 4130 sic
1327 4077 1542 4131 demum
1578 4075 1761 4144 incipit

150 4185 484 4226 sermonem.
521 4170 634 4224 Non
661 4169 816 4233 dixit,
848 4169 1131 4240 Prosclyti,
1159 4170 1300 4239 quod
1333 4182 1449 4225 erat
1479 4171 1759 4237 calamita-

151 4263 224 4317 tis
249 4277 470 4315 nomen.
508 4261 643 4314 Deus
673 4261 831 4331 plebis
877 4263 1029 4332 hgjus
1068 4262 1218 4331 elegit
1263 4273 1432 4331 patres
1473 4273 1673 4316 nostros
1713 4273 1760 4315 et

153 4355 423 4425 populant.
458 4353 588 4408 Vide
614 4353 883 4424 quomodo
904 4354 1177 4408 hominum
1201 4369 1543 4408 Communem
1567 4355 1755 4418 Deum,

153 4449 394 4518 ipsorum
436 4447 650 4514 proprie
685 4448 849 4500 Deum
897 4447 1060 4510 dicat,
1110 4457 1163 4501 et
1207 4447 1456 4501 ostendat
1498 4449 1756 4502 beneficia

151 4555 348 4609 magna
380 4539 487 4606 jam
538 4539 664 4593 olim
715 4540 846 4607 ipsis
875 4542 1093 4606 collata,
1147 4541 1284 4594 sient
1327 4550 1382 4595 et
1428 4541 1753 4607 Stephanus.

151 4637 282 4691 "me
307 4648 484 4690 autem
518 4635 737 4699 faciunt,
770 4644 827 4687 ut
853 4633 1082 4688 doceant
1126 4633 1266 4696 illos,
1312 4634 1450 4702 quod
1483 4649 1579 4704 pro
1607 4652 1758 4690 more

149 4744 253 4783 suo
282 4743 424 4781 nunc
455 4726 646 4780 Filium
679 4742 832 4779 suum
884 4727 1109 4779 miserit.
1141 4726 1291 4782 Sicut.
1321 4738 1373 4779 et
1414 4727 1660 4780 Christus
1688 4728 1758 4782 de

86 4809 100 4817 ’
149 4828 307 4875 vinea
338 4819 466 4873 dixit
496 4819 647 4888 (Luc.
682 4820 771 4873 20.
806 4821 916 4888 15),
945 4823 1021 4873 sic
1046 4835 1098 4872 et
1125 4821 1213 4872 ille
1247 4822 1499 4890 loquitur.
1530 4820 1756 4874 Exulta-

150 4917 218 4968 vit
247 4915 298 4965 in
327 4912 733 4982 peregrinatione
762 4916 813 4964 in
838 4911 1090 4983 zEggpta,
1119 4921 1160 4964 et
1189 4930 1300 4963 cum
1331 4913 1535 4965 brachio
1559 4912 1755 4966 excelso

150 5007 329 5060 eduxit
353 5021 437 5057 eos
462 5020 525 5057 ea:
552 5021 629 5056 ea.
663 5006 821 5071 Atqui
853 5005 1185 5057 contrarium
1217 5004 1484 5057 acciderat
1511 5003 1583 5076 (τι)
1612 5022 1625 5068 ;
1660 5006 1753 5058 sed

151 5095 494 5150 multitudine
534 5096 673 5149 aucti
725 5106 885 5158 sunt;
939 5098 1044 5148 into
1099 5107 1153 5149 et
1215 5098 1467 5148 miracula
1537 5107 1757 5165 prOpter

153 5190 276 5242 illos
309 5189 444 5241 laeta
489 5198 632 5241 sunt.
673 5188 737 5241 Et
780 5187 1057 5256 propheta:
1106 5198 1412 5240 memorant
1443 5189 1640 5256 ubique
1666 5204 1750 5252 ea,

149 5300 273 5354 qua:
319 5282 451 5335 laeta
495 5291 621 5337 sunt
661 5283 712 5334 in
745 5281 1000 5351 A'ngpto.
1041 5281 1104 5334 Et
1133 5280 1274 5342 vide,
1307 5281 1581 5350 quomodo
1612 5290 1751 5334 tem-

149 5391 282 5447 pora
311 5375 675 5427 calamitatum
707 5385 1107 5443 praetercurrat,
1152 5383 1205 5427 ct
1234 5389 1498 5441 nusquam
1524 5375 1749 5427 crimina

151 5471 204 5522 in
238 5467 472 5520 medium
502 5467 714 5532 allerat,
758 5467 849 5520 sed
885 5468 975 5520 Dei
1025 5467 1430 5536 benignitatem,
1467 5467 1553 5519 illa
1587 5469 1752 5521 relin-

149 5576 323 5632 quens
353 5549 483 5628 ipsis
512 5561 813 5630 Cogitanda.
859 5561 947 5616 18.
982 5559 1048 5612 Et
1081 5577 1170 5630 per
1198 5560 1542 5629 quadraginta
1580 5578 1751 5613 mmo-

212 5741 287 5803 (a)
323 5739 375 5788 Id
402 5747 497 5806 est,
525 5743 572 5790 ni
597 5738 904 5806 fallor,Dous
930 5741 1100 5806 eduxit
1125 5739 1235 5806 illos
1261 5755 1323 5790 ex
1350 5742 1576 5806 digypm,
1599 5747 1653 5789 ut
1675 5742 1750 5806 in-

146 5805 356 5854 duceret
398 5805 444 5851 in
485 5811 667 5851 terram
712 5805 1076 5864 promissionis;
1122 5805 1209 5851 sed
1252 5806 1314 5852 ob
1356 5804 1548 5853 illorum
1575 5805 1747 5865 nequi-

145 5869 261 5935 tiam
301 5868 592 5914 oeuli-arium
635 5867 840 5922 accidit;
886 5879 994 5914 nam
1039 5867 1247 5915 maxima
1284 5880 1396 5928 pars
1453 5871 1501 5915 in
1540 5868 1744 5916 deserto

149 5929 315 5975 venit.

148 5940 315 5988 perm.

1875 2976 1989 3011 rum
2016 2970 2214 3027 tempus
2262 2977 2424 3016 mores
2468 2979 2644 3017 eorum
2684 2967 2927 3019 sustinuit
2959 2969 3011 3022 in
3048 2971 3265 3024 deserto.
3295 2972 3497 3025 Deinde

1880 3052 2270 3109 habitationem
2325 3067 2485 3111 terra:
2535 3059 2712 3113 dicit:
2747 3061 2836 3114 19.
2890 3061 2957 3115 Et
3011 3064 3276 3119 destruens
3324 3079 3496 3137 gentes

1877 3155 2065 3215 septem
2095 3147 2147 3200 in
2181 3159 2316 3202 terra
2338 3148 2610 3219 Chanaan,
2645 3165 2782 3209 sorte
2809 3155 3069 3210 distribuit
3095 3160 3168 3212 eis
3195 3171 3383 3214 terram
3409 3178 3494 3214 eo-
3532 3181 3533 3188 η

1876 3253 2011 3290 rum.
2039 3237 2105 3291 Et
2129 3240 2354 3295 multum
2380 3242 2684 3299 intercessit
2709 3256 2940 3315 tempus,
2971 3250 3491 3322 quadringentorum

1876 3338 1930 3383 et
1958 3333 2343 3404 quinquaginta
2373 3351 2662 3392 annorum.
2694 3337 2786 3393 20.
2823 3338 2892 3393 Et
2920 3344 3068 3410 quasi
3097 3353 3212 3413 post
3240 3347 3490 3414 quadriui

1875 3433 2050 3494 gentos
2080 3433 2126 3478 et
2153 3429 2524 3498 quinquaginta
2563 3447 2726 3484 annos
2771 3432 2912 3485 dedit
2957 3435 3028 3487 eis
3050 3436 3277 3504 judices,
3331 3455 3495 3507 usque

1874 3517 1944 3568 ad
1973 3516 2264 3574 Samuelem
2297 3525 2620 3590 prophetam.
2673 3525 2772 3580 Hic
2817 3529 3059 3583 ostendit
3109 3531 3284 3600 ipsum
3338 3536 3493 3588 varie

1875 3610 2176 3676 providisse
2204 3613 2369 3669 rebus
2401 3615 2640 3671 illorum.
2675 3617 2766 3673 21.
2800 3619 2870 3673 Et
2895 3623 3079 3677 exinde
3105 3624 3490 3691 postulaverunt

1873 3717 2062 3772 regem.
2103 3702 2216 3759 Nec
2257 3719 2523 3762 memorat
2551 3711 2818 3781 ingratum
2853 3715 3064 3768 illorum
3096 3719 3357 3784 animum,
3390 3721 3491 3774 sed

1875 3794 2070 3865 ubique
2105 3796 2196 3853 Dei
2226 3799 2593 3857 clementiam.
2629 3806 2676 3855 Ε
2681 3816 2697 3857 ι
2729 3806 2866 3858 dedit
2895 3809 2998 3860 illis
3024 3808 3157 3864 Saul
3177 3811 3343 3880 [ilium
3371 3812 3485 3878 Cia,

1873 3888 2035 3940 virum
2065 3890 2127 3942 de
2157 3893 2291 3945 tribu
2335 3893 2630 3964 Beujamiu,
2679 3900 2831 3953 annis
2870 3903 3217 3973 quadraginta
3260 3922 3278 3958 :
3317 3906 3406 3960 22.
3438 3916 3487 3960 et

1871 3991 2043 4034 amoto
2069 3982 2178 4039 illo.
2209 3987 2472 4039 suscitavit
2500 3988 2572 4042 eis
2606 3987 2778 4042 David
2819 3993 2868 4044 iu
2897 4010 3064 4063 regem
3094 4010 3112 4047 :
3143 3996 3226 4048 cui
3253 3998 3486 4050 testimo-

1871 4074 2013 4125 nium
2037 4075 2324 4142 perhibens,
2345 4079 2475 4133 dixit
2504 4096 2521 4133 :
2545 4080 2728 4136 Inveni
2750 4083 2922 4137 David
2944 4087 3109 4152 ﬁlium
3132 4087 3165 4139 J
3172 4105 3297 4152 esse,
3321 4091 3487 4144 virum

1869 4167 2148 4220 secundum
2175 4186 2263 4221 cor
2295 4188 2478 4235 meum,
2509 4176 2595 4244 qui
2628 4177 2784 4246 faciet
2810 4195 2983 4232 omnes
3009 4181 3297 4235 voluntates
3322 4179 3485 4239 meas.

1869 4257 1985 4311 Non
2018 4275 2239 4328 parvum
2290 4263 2411 4328 hoc,
2461 4269 2601 4333 quod
2649 4285 2712 4323 cx
2768 4270 2967 4326 Davide
3012 4272 3260 4329 Christus
3310 4289 3479 4332 esset.

1873 4348 2072 4404 Deinde
2114 4351 2378 4406 Joannem
2429 4357 2634 4412 inducit
2683 4364 3086 4430 testilicantem,
3120 4366 3310 4423 dicens
3341 4388 3353 4423 :
3388 4369 3481 4425 23.

1874 4438 2043 4507 Ilujus
2075 4442 2211 4497 Deus
2239 4461 2303 4498 ex
2342 4449 2532 4501 semine
2573 4454 2850 4506 secundum
2880 4458 3269 4523 promissionem
3297 4461 3477 4515 eduxit

1871 4531 2081 4588 lsrarlis
2108 4536 2429 4592 Salvatorem
2453 4541 2654 4606 .Iesum,
2687 4545 2776 4599 2t.
2807 4549 3121 4616 prwdicante
3139 4550 3345 4607 Joanne
3366 4567 3483 4608 ante

1867 4627 2048 4694 faciem
2096 4629 2340 4684 adventus
2370 4634 2481 4701 ejus
2511 4635 2823 4703 baptismum
2855 4642 3163 4710 paenitentia:
3206 4647 3347 4699 omni
3391 4666 3482 4718 po-

1867 4720 1990 4783 pulo
2015 4719 2207 4774 Israel.
2239 4723 2330 4778 25.
2367 4724 2494 4777 Cum
2535 4730 2766 4788 impleret
2805 4744 2971 4785 autem
3000 4734 3228 4791 Joannes
3272 4756 3474 4796 cursum

1865 4826 2048 4875 suum,
2080 4813 2274 4866 dicebat
2308 4833 2326 4868 .'
2361 4817 2524 4881 Quem
2571 4837 2649 4874 me
2678 4823 2999 4880 arbitramini
3043 4846 3170 4894 esse,
3221 4848 3322 4884 non
3366 4851 3483 4888 sun.

1866 4921 1955 4972 ego
1981 4920 1998 4957 :
2023 4906 2111 4957 sed
2139 4924 2251 4960 ecce
2273 4912 2403 4962 venit
2430 4925 2542 4979 post
2575 4930 2674 4979 me,
2706 4918 2852 4983 cujus
2880 4936 2978 4972 non
3010 4939 3120 4974 sum
3144 4923 3332 4994 dignus
3364 4928 3478 4981 cal-

1866 5009 2122 5049 ceameuta
2154 5001 2342 5068 pedum
2383 5005 2597 5058 solvere.
2651 5008 2714 5061 Et
2741 5008 2978 5068 Joannes
3021 5017 3338 5075 testiﬁcatur
3368 5039 3479 5076 non

1866 5088 2205 5154 simpliciter,
2231 5094 2324 5146 sed
2347 5095 2574 5164 gloriam
2600 5114 2628 5150 a
2651 5115 2712 5154 se
2730 5100 3032 5171 depellens,
3055 5110 3262 5165 etiamsi
3285 5129 3481 5170 onmes

1861 5180 2085 5248 gloriam
2141 5185 2237 5252 ipsi
2271 5187 2554 5243 referrent.
2602 5192 2720 5246 Non
2767 5211 2862 5264 par
2893 5213 2980 5252 res
3007 5211 3090 5256 est
3117 5215 3294 5259 autem
3327 5211 3479 5263 nullo

1863 5275 2024 5330 dante
2068 5281 2349 5345 repellere,
2400 5293 2453 5336 et
2498 5287 2750 5341 omnibus
2803 5292 3161 5351 tribuentibus
3213 5300 3477 5358 honorem

1865 5367 2110 5432 reiiCere.
2163 5387 2336 5440 neque
2382 5375 2716 5444 simpliciter,
2765 5387 2860 5436 sed
2911 5399 3032 5440 cum
3087 5399 3228 5444 tanta
3275 5393 3477 5449 demis-

1863 5459 2033 5513 sionc.
2065 5461 2154 5515 26.
2200 5463 2303 5516 Viri
2343 5471 2547 5536 fratres,
2582 5472 2678 5538 lilii
2709 5479 2906 5543 generis
2948 5481 3186 5547 Abraha‘,
3221 5497 3266 5538 et
3308 5491 3394 5558 qui
3422 5493 3477 5543 in

1863 5552 2000 5603 vobis
2029 5554 2200 5607 timent
2243 5557 2425 5624 Deum,
2460 5562 2596 5615 vobis
2627 5566 2830 5621 verbum
2866 5572 3048 5626 salutis
3080 5576 3234 5644 huius
3265 5582 3476 5635 missum

1863 5655 1955 5696 est.
1994 5645 2084 5698 27.
2136 5648 2238 5712 Qui
2282 5653 2414 5705 enim
2459 5655 2755 5713 habitabant
2796 5662 3088 5721 Jerusalem
3134 5682 3178 5724 et
3217 5677 3474 5744 principes

1862 5753 2035 5791 eorum
2062 5740 2195 5793 hunc
2222 5743 2536 5812 ignorantes,
2563 5761 2606 5802 et
2637 5768 2780 5807 voces
2809 5760 3199 5829 prephetarum,
3227 5783 3342 5833 qua:
3383 5740 3473 5828 per

1861 5845 2010 5883 omne
2032 5833 2293 5887 sabbatum
2337 5837 2590 5907 leguntur,
2634 5844 2936 5913 iudicantes,
2970 5853 3301 5920 implet-erunt
3333 5875 3348 5910 :
3375 5863 3466 5911 εδ.

1861 5933 1906 5974 et
1938 5925 2131 5978 nullam
2161 5945 2365 5980 causam
2397 5934 2569 5987 mortis
2609 5936 2915 5996 iureuieutes
2955 5946 3006 5998 in
3047 5965 3122 6013 ea,
3161 5965 3406 6009 ppu-,3.”
3438 5973 3468 6005 ,ι
