4034 6412
597 420 703 475 itii

597 535 770 591 Pilato
812 541 865 584 ut
907 525 1287 596 interﬁceretur.
1324 524 1529 593 Ubique
1574 522 1673 575 boc
1698 520 1982 573 ostendere
2028 526 2171 571 sata-

598 634 749 695 guut,
797 623 990 675 bonum
1026 620 1259 688 ipsorum
1306 617 1404 669 ltoc
1434 617 1704 683 proprium
1735 626 1875 670 esse.
1924 626 1990 662 tte
2037 618 2174 659 tam-

598 730 755 785 qnant
785 713 1020 766 alienum
1062 709 1458 764 considerantes
1507 705 1725 773 fugiant,
1771 716 1838 754 eo
1867 699 2006 768 quod
2052 704 2173 750 c'ru-

600 806 893 858 ciﬁxisscnt
940 818 1087 856 cum.
1141 799 1327 860 Hunc,
1378 797 1590 866 inquit,
1642 794 1949 863 ignorantes.
1993 790 2175 857 Itaque

598 897 911 966 ignorantia:
937 902 1209 963 peccatum
1240 898 1372 943 erat.
1398 888 1529 941 Vide
1554 885 1822 953 quomodo
1844 882 1963 937 illos
1985 880 2174 935 leniter

597 989 865 1043 defendat.
903 987 1080 1056 Neque
1105 984 1204 1037 boc
1227 992 1425 1036 tantum
1450 996 1465 1045 ;
1488 980 1581 1035 sed
1603 980 1762 1034 etiam
1791 978 1857 1030 ita
1882 975 1993 1028 ﬁeri
2015 990 2176 1041 opor-

602 1083 765 1134 tuisse
792 1080 989 1149 adjicit.
1014 1078 1089 1132 Nc
1114 1079 1234 1146 quis
1263 1091 1389 1128 vero
1410 1073 1629 1135 diceret,
1662 1068 1811 1126 Unde
1837 1067 2170 1120 manifestum

600 1181 683 1223 est
714 1170 857 1223 illum
889 1166 1245 1221 resurrexisse
1269 1164 1292 1217 ἳ
1318 1163 1446 1216 dicit
1475 1163 1656 1222 etiam,
1687 1158 1852 1212 Testes
1872 1157 2010 1209 illius
2034 1164 2169 1208 sunt.

602 1261 800 1315 Deinde
827 1273 1032 1312 rursum
1050 1272 1115 1311 ex
1136 1248 1426 1324 Seripluris
1448 1268 1559 1306 rem
1585 1252 1882 1305 conﬁrmat.
1906 1246 1996 1301 29.
2021 1245 2172 1299 Cunt-

600 1367 696 1420 que
719 1358 1146 1403 consummassent
1176 1348 1367 1409 omnia,
1396 1360 1509 1411 qua:
1554 1344 1617 1396 de
1661 1343 1749 1394 illo
1790 1341 1979 1408 scripta
2007 1347 2168 1401 eram,

602 1444 901 1511 deponentes
928 1442 992 1496 de
1032 1442 1191 1509 ligno,
1226 1447 1498 1508 posuerunt
1528 1422 1653 1489 eum
1676 1434 1733 1487 in
1774 1441 2168 1485 monumentum.

598 1532 686 1588 50.
720 1532 855 1585 Deus
878 1549 995 1585 vero
1023 1532 1278 1585 suscitavit
1305 1546 1418 1582 eum
1448 1544 1479 1579 a
1507 1526 1716 1579 mortuis
1762 1526 1908 1578 tertia
1950 1522 2051 1585 die,
2082 1521 2172 1589 Qui

598 1627 730 1679 visus
755 1636 826 1680 cst
850 1643 938 1693 per
962 1627 1067 1678 dies
1094 1626 1276 1675 multos
1313 1622 1397 1685 iis,
1428 1621 1516 1674 51.
1544 1621 1627 1689 qui
1656 1618 1804 1671 simul
1843 1616 2173 1669 ascenderunt

596 1736 712 1770 cum
738 1734 795 1771 eo
822 1718 884 1770 de
906 1716 1118 1771 Galilwa
1142 1718 1193 1768 in
1215 1715 1523 1777 Jerusalem,
1553 1714 1637 1782 qui
1663 1721 1777 1766 sunt
1805 1721 1948 1765 testes
1974 1711 2084 1778 ejus
2104 1709 2173 1761 ad

599 1808 807 1876 plebem.
839 1808 925 1862 52.
971 1806 1035 1860 Et
1065 1825 1157 1861 nos
1204 1808 1339 1860 vobis
1383 1806 1741 1858 annuntiamus
1779 1818 1903 1864 eam,
1952 1816 2063 1868 qua:
2104 1799 2173 1852 ad

597 1908 762 1969 patres
786 1909 983 1951 nostros
1004 1899 1322 1966 repromissio
1344 1901 1478 1967 facta
1498 1904 1572 1949 est
1597 1894 1723 1948 :55.
1748 1892 1863 1962 quia
1883 1893 2013 1943 hanc
2033 1888 2173 1941 Deus

594 1989 881 2058 adimplevit
922 1986 1062 2041 nobis
1093 1987 1213 2053 [iliis
1240 2003 1428 2048 eorum,
1470 1986 1777 2038 resuscitans
1813 1982 2009 2045 Jesum,
2044 1982 2171 2031 sicut

594 2089 640 2130 et
666 2079 718 2131 in
747 2077 957 2131 Psalmo
981 2078 1199 2130 seiundo
1239 2077 1485 2144 scriptum
1517 2085 1626 2128 est:
1658 2072 1824 2126 Filius
1853 2088 1991 2125 meus
2018 2087 2069 2125 es
2094 2080 2167 2129 tu,

594 2186 685 2240 ego
713 2170 862 2223 hodie
885 2170 1036 2240 genui
1060 2179 1107 2222 te
1135 2167 1306 2237 (Psal.
1332 2168 1387 2221 2.
1418 2168 1494 2237 7).
1529 2167 1612 2221 54.
1647 2165 1793 2231 Quod
1819 2176 1982 2219 autent
2003 2166 2171 2218 susci-

598 2262 716 2315 tavit
743 2278 857 2314 eum
892 2277 924 2313 a
972 2260 1202 2323 mortuis,
1243 2276 1342 2312 non
1368 2257 1505 2310 ultra
1551 2273 1865 2310 reversurum
1902 2257 1956 2309 in
1994 2272 2173 2309 corru—

601 2353 839 2419 ptionem,
868 2353 937 2403 ita
961 2353 1108 2415 dixit,
1136 2351 1268 2414 Quia
1293 2351 1421 2402 dabo
1445 2350 1581 2402 t'obis
1600 2359 1770 2402 sancta
1798 2348 1957 2399 David
1998 2348 2171 2415 ﬁdelia

601 2442 751 2515 (lsai.
784 2444 872 2498 55.
919 2444 997 2505 5).
1040 2444 1125 2498 55.
1159 2441 1285 2496 Ideo
1315 2455 1363 2494 et
1409 2444 1462 2494 in
1506 2441 1609 2494 alio
1653 2442 1825 2494 dicit:
1862 2439 1982 2493 Non
2029 2438 2171 2491 dabis

597 2534 841 2589 Sanctum
867 2545 1006 2588 tuum
1033 2535 1197 2587 videre
1220 2535 1590 2602 corruptionem
1632 2532 1801 2602 (Psal.
1829 2532 1913 2585 15.
1944 2532 2048 2597 10).
2081 2530 2167 2584 '56.

596 2624 763 2679 David
791 2626 922 2679 enim
950 2628 1001 2679 in
1030 2642 1123 2679 sua
1148 2627 1469 2695 generatione
1510 2641 1623 2677 cum
1664 2625 2059 2677 administrasset
2086 2638 2173 2674 vo-

597 2718 776 2770 luntati
800 2716 914 2780 Dei,
946 2716 1201 2775 dormivit,
1230 2728 1275 2768 et
1298 2717 1561 2783 appositus
1582 2725 1653 2768 est
1676 2715 1743 2767 ad
1773 2724 1936 2778 patres
1962 2730 2097 2772 suos.
2126 2723 2173 2765 et

596 2809 719 2861 vidit
745 2810 1116 2877 corruptionem
1145 2823 1165 2861 :
1191 2807 1278 2861 57.
1328 2822 1471 2874 quem
1512 2823 1627 2860 vero
1676 2804 1814 2859 Deus
1852 2807 2107 2860 suscitavit
2141 2822 2173 2858 a

595 2901 822 2964 mortuis,
852 2915 951 2951 non
978 2899 1102 2951 vidit
1125 2898 1516 2968 corruptionem.
1554 2896 1685 2951 Vide
1716 2896 1854 2949 hunc
1884 2896 2171 2950 vehemen-

592 2993 699 3044 tius
726 2990 1097 3045 disserentem.
1150 2989 1261 3043 Hoc
1307 3003 1596 3058 numquam
1643 2987 1833 3041 Petrus
1880 2985 2030 3041 dixit.
2080 2987 2168 3039 58.

598 3083 785 3136 Notum
810 3082 964 3151 igitur
990 3083 1052 3136 sit
1078 3082 1233 3141 vobis,
1256 3081 1349 3133 viri
1378 3081 1583 3148 fratres,
1615 3079 1732 3148 quia
1759 3095 1844 3146 per
1871 3078 2002 3130 hunc
2030 3079 2171 3130 nobis

595 3173 819 3227 remissio
843 3182 1160 3241 peccatorunt
1186 3172 1538 3235 annuntiatur,
1569 3180 1613 3224 et
1637 3170 1699 3223 ab
1721 3171 1970 3232 omnibus,
2002 3186 2032 3219 a
2056 3170 2171 3237 qui-

595 3265 685 3317 bus
709 3280 808 3316 non
840 3263 1068 3332 potuistis
1104 3263 1155 3315 in
1194 3263 1305 3332 lege
1340 3260 1532 3330 Jloysis
1556 3260 1846 3328 iustiﬁcari,
1877 3259 1966 3314 59.
2001 3259 2053 3311 in
2079 3260 2172 3315 hoc

598 3356 758 3409 omnis
781 3356 867 3424 qui
890 3355 1049 3408 credit
1063 3354 1392 3423 justi/iretur.
1424 3352 1623 3406 Deinde
1649 3352 1749 3405 hoc
1773 3351 2009 3407 terribile
2037 3368 2050 3404 :
2080 3351 2168 3404 40.

610 3448 779 3502 Videte
804 3465 941 3517 ergo,
982 3464 1043 3501 ne
1079 3446 1393 3514 superveniat
1427 3446 1563 3499 vobis
1601 3444 1736 3514 quod
1778 3445 1965 3496 dictum
2013 3454 2082 3496 est
2120 3444 2173 3495 in

597 3540 852 3608 praphetis
884 3554 902 3593 :
930 3539 1020 3593 41.
1059 3536 1251 3602 Videte,
1273 3545 1656 3605 contemptores,
1678 3544 1723 3588 et
1753 3534 2095 3597 admiramini,
2126 3544 2172 3587 et

595 3630 960 3698 disperdimini,
1008 3630 1126 3700 quia
1161 3644 1287 3695 opus
1330 3644 1511 3697 aperor
1549 3643 1638 3695 ego
1667 3628 1720 3678 in
1764 3626 1934 3679 diebus
1972 3626 2168 3692 vestris,

592 3720 729 3787 quod
745 3735 845 3772 non
862 3718 1092 3781 credetis,
1112 3718 1155 3770 si
1170 3718 1279 3785 quis
1295 3722 1603 3770 enarraverit
1623 3716 1759 3769 vobis
1781 3713 2002 3784 (Habac.
2024 3716 2045 3768 1
2062 3756 2072 3766 .
2089 3715 2167 3785 5).

665 3809 719 3862 ἓ.
754 3808 885 3863 Vide
914 3807 1180 3879 quomodo
1199 3807 1676 3861 nectitsermoncm
1701 3822 1768 3871 ex
1796 3807 2165 3874 praesentibus,

596 3918 660 3954 ex
695 3900 1002 3969 prophetis,
1054 3916 1119 3953 ex
1163 3901 1365 3953 semine
1396 3898 1688 3952 secundum
1734 3898 2165 3966 promissionem.

604 3995 793 4047 Verum
817 4007 975 4058 supra
1014 3992 1149 4046 dieta
1177 3992 1540 4060 exploremus.
1589 3989 1697 4043 Viri
1727 3992 1930 4054 fratres,
1956 3992 2051 4053 ﬁlii
2079 4008 2168 4061 ge-

601 4087 731 4138 neris
772 4084 1006 4137 .4bra/ue.
1050 4084 1089 4136 A
1134 4092 1280 4151 patre
1327 4083 1469 4151 ipsos
1512 4082 1761 4151 appellat.
1814 4079 1963 4134 Vobis
2007 4099 2169 4136 sermo

594 4178 768 4229 salutis
794 4177 942 4245 hujus
972 4176 1151 4227 missus
1178 4184 1267 4227 est.
1307 4174 1401 4228 llic
1432 4174 1581 4237 illud,
1622 4172 1788 4233 Vobis,
1821 4187 1924 4226 non
1953 4172 2169 4227 Judazos

594 4271 876 4335 separatim
911 4268 1142 4335 respicit,
1168 4266 1261 4321 sed
1284 4267 1373 4319 dat
1406 4266 1509 4319 illis
1542 4276 1859 4334 potestatem
1898 4266 2159 4319 avellendi

596 4376 654 4411 se
683 4358 749 4411 ab
778 4360 860 4419 iis,
890 4360 976 4427 qui
1005 4358 1202 4411 cedem
1232 4368 1637 4426 perpetrarunt;
1667 4357 1806 4426 qttod
1837 4373 1900 4411 ex
1927 4360 2167 4426 sequenti

600 4450 771 4517 palam
802 4461 904 4501 est.
940 4448 1074 4501 Nam
1100 4450 1184 4516 qui
1211 4449 1535 4513 habitabant,
1580 4449 1750 4516 inquit
1776 4490 1789 4511 ,
1841 4448 2166 4516 Jerusalem,

599 4544 729 4593 hunc
773 4542 1080 4609 ignorantes,
1108 4550 1152 4592 et
1176 4556 1318 4593 voces
1345 4541 1725 4609 prophetarum,
1754 4555 1865 4607 qua
1897 4557 1983 4606 per
2025 4557 2172 4595 omne

596 4634 853 4684 sabbatum
885 4632 1133 4700 leguntur,
1155 4632 1444 4698 judicuntcs
1474 4632 1822 4700 impleverunt.
1859 4631 2043 4697 Magna
2074 4646 2169 4685 ac-

595 4726 814 4783 cusatio,
848 4724 889 4775 si
920 4724 1223 4791 frequenter
1246 4723 1521 4776 audientes
1552 4738 1653 4775 non
1679 4723 2020 4776 attenderint.
2066 4725 2168 4777 Sed

599 4816 726 4869 nillil
752 4818 938 4869 mirum
966 4835 979 4869 :
1014 4833 1130 4869 nam
1154 4817 1289 4869 dicta
1316 4816 1401 4868 illa
1425 4818 1562 4869 circa
1592 4816 1874 4885 {Egyntntn
1906 4828 1955 4871 et
1983 4818 2167 4873 deser-

603 4916 709 4957 tum
739 4947 751 4967 ,
792 4906 919 4959 satis
944 4917 1095 4959 erant
1132 4907 1196 4959 ad
1230 4907 1493 4975 ingratum
1544 4907 1755 4960 illorum
1796 4910 2030 4961 animum
2074 4911 2167 4965 de-

603 4997 1021 5049 monstrandum.
1057 4997 1121 5049 Et
1148 4998 1410 5064 quomodo
1433 5004 1762 5067 ignorarunt,
1795 5000 2013 5069 inquies.
2048 5016 2166 5055 cum

599 5088 829 5142 Joannes
859 5087 1090 5141 dixerit?
1118 5087 1253 5153 Quid
1280 5088 1493 5151 mirum,
1524 5104 1642 5141 cum
1668 5088 1937 5157 propheta:
1962 5107 2170 5158 quoque

602 5179 1141 5249 Sarpeclamaverint?
1164 5180 1296 5233 llittc
1323 5179 1423 5233 alia
1443 5182 1709 5233 accusatio
1736 5198 1745 5230 :
1776 5180 1835 5232 Et
1858 5182 1997 5234 nulla
2017 5198 2171 5234 causa

602 5270 1034 5331 mortisinventa;
1065 5271 1113 5323 id
1153 5270 1291 5337 qttod
1330 5272 1639 5340 ignorantia:
1686 5288 1787 5323 non
1837 5283 1971 5325 erat.
2002 5273 2171 5326 Putta-

602 5380 717 5415 ntus
741 5364 905 5427 enim,
936 5362 1073 5432 quod
1104 5380 1221 5415 cum
1256 5378 1347 5429 pro
1372 5364 1585 5417 Chrile
1608 5380 1712 5416 non
1746 5365 2045 5427 habuerint,
2074 5382 2171 5419 cur

600 5455 951 5506 acciderunt?
984 5453 1049 5505 Et
1090 5455 1367 5520 petierunt,
1400 5455 1606 5523 inquit,
1652 5473 1682 5505 a
1728 5454 1891 5509 Pilato
1923 5466 1974 5506 ut
2018 5458 2170 5508 inter-

604 5547 852 5610 liceretur.
886 5545 1104 5614 Cumque
1131 5556 1554 5598 consummassent
1581 5547 1748 5599 omnia
1772 5588 1784 5606 ,
1831 5564 1944 5618 qua:
1983 5548 2044 5601 de
2082 5549 2170 5601 illo

601 5637 790 5701 scripta
813 5645 991 5697 erant,
1036 5636 1335 5699 deponentes
1376 5635 1437 5687 de
1464 5637 1620 5705 ligno,
1654 5649 1925 5707 posuerunt
1969 5639 2021 5691 in
2066 5656 2172 5691 mo-

602 5735 913 5777 numentum.
944 5725 1072 5778 Vide
1098 5743 1253 5792 quam
1293 5726 1393 5779 ltOC
1438 5727 1541 5779 illis
1569 5743 1707 5780 curte
1739 5727 1912 5781 fuerit.
1959 5729 2171 5783 Modum

614 5818 801 5870 mortis
830 5816 996 5881 dixit,
1030 5825 1082 5871 ct
1110 5818 1327 5873 Pilatum
1364 5820 1412 5871 in
1446 5820 1674 5873 ttlcdinnt
1725 5822 1965 5885 adducit,
2002 5833 2055 5875 ut
2100 5824 2170 5875 si-

1208 438 1211 439 ν
1298 408 1355 465 S.
1393 406 1666 463 JOANNIS
1700 401 2177 460 CllRYSOSTOMI
2218 398 2532 455 ARCIIIEP.
2572 393 3104 452 CONSTANTINOP.

3767 387 3875 439 2H3

2285 512 2394 566 ntul
2425 524 2477 568 et
2506 511 2785 565 manifesta
2816 510 2991 581 passio
3017 510 3085 563 sit
3109 522 3175 561 ex
3206 504 3485 568 tribunali,
3510 501 3781 570 simulque
3814 509 3872 553 ut

2282 603 2354 657 illi
2376 603 2591 672 gravius
2628 610 2967 663 accusentur,
2996 600 3138 670 quod
3188 599 3336 651 illum
3386 596 3709 664 alienigenze
3755 595 3871 645 vim

2281 692 2618 746 tradiderint.
2671 690 2854 759 Neque
2894 693 3060 754 dixit,
3103 688 3389 759 Couquesti
3434 695 3559 739 sunt
3606 684 3716 756 (tt);
3751 684 3867 744 sed,

2283 782 2646 848 I’ostularunt,
2695 784 2837 836 nulla
2892 798 3051 837 causa
3088 782 3299 836 inventa
3344 781 3491 833 illnut
3542 778 3867 842 occidendi;

2281 877 2351 931 ita
2374 886 2427 929 ut
2452 876 2625 945 palam
2649 877 2717 929 sit
2740 877 2858 929 illos
2876 875 3098 946 gratiam
3120 875 3389 943 accepisse
3412 873 3583 927 Pilato
3609 873 3827 923 nolente
3852 892 3865 925 :

2278 967 2418 1034 quod
2445 967 2640 1020 clarius
2668 965 2796 1020 dicit
2829 968 3033 1025 Petrus,
3064 966 3339 1017 Judicante
3377 962 3465 1015 illo
3494 963 3686 1015 dimitti
3720 963 3867 1031 (Act.

2278 1058 2331 1112 ’5.
2365 1056 2475 1127 15).
2507 1057 2724 1111 Multum
2752 1057 2961 1111 amabat
3007 1057 3130 1110 illos
3170 1056 3385 1109 Paulus.
3444 1055 3510 1108 Et
3555 1054 3711 1116 vide,
3763 1072 3865 1106 non

2280 1161 2522 1203 moratur
2547 1151 2596 1202 itt
2627 1150 2831 1217 ingrato
2860 1161 3065 1219 patrum
3098 1163 3298 1207 annuo.
3326 1147 3421 1201 Sed
3453 1148 3583 1214 ipsis
3616 1148 3867 1201 timorem

2280 1243 2485 1296 incutit.
2521 1242 2825 1311 Stephanus
2850 1251 2996 1297 certe
3033 1241 3132 1295 hoc
3156 1242 3278 1310 jure
3308 1240 3433 1294 facit
3455 1283 3471 1302 ,
3501 1250 3691 1305 utpote
3720 1242 3867 1294 occi-

2276 1332 2501 1395 dendus,
2532 1349 2635 1387 non
2662 1334 2883 1398 docens,
2908 1345 2963 1388 et
2986 1334 3275 1387 ostendens
3305 1332 3475 1401 legent
3504 1332 3621 1402 jam
3668 1334 3809 1386 solvi
3851 1351 3865 1385 :

2278 1425 2365 1479 hic
2417 1442 2546 1482 vero
2596 1443 2699 1479 non
2748 1427 2909 1492 item,
2958 1427 3050 1479 sed
3082 1426 3313 1479 minatur
3354 1435 3411 1479 et
3455 1434 3625 1478 terret
3668 1426 3865 1478 solum.

2277 1517 2414 1573 Deus
2437 1529 2603 1572 autem
2646 1520 2902 1572 suscitavit
2940 1520 3085 1571 illum
3110 1535 3142 1571 α
3183 1519 3415 1571 mortuis.
3454 1516 3559 1581 Qui
3592 1520 3733 1571 visus
3757 1527 3866 1581 est,

2279 1611 2467 1679 ittqttit,
2498 1612 2667 1664 multis
2690 1609 2863 1663 diebus
2884 1612 2965 1673 iis,
2987 1611 3073 1670 qui
3097 1627 3210 1662 cum
3245 1626 3301 1662 eo
3324 1612 3661 1661 ascenderant
3700 1626 3737 1661 a
3767 1609 3868 1663 Ca-

2276 1704 2411 1757 liltta
2437 1704 2489 1756 in
2512 1702 2822 1757 Jerusalem.
2852 1702 2981 1757 Vide
3004 1704 3143 1765 hunc
3167 1702 3235 1755 ab
3263 1703 3378 1771 ipso
3402 1701 3606 1772 Spiritu
3635 1714 3864 1764 motum,

2277 1806 2330 1849 et
2365 1796 2663 1863 passionem
2713 1806 2767 1850 et
2796 1796 3098 1863 sepulcrum
3138 1810 3281 1863 saepe
3334 1806 3754 1849 memorantem.
3802 1793 3870 1848 Et

2275 1902 2366 1937 nos
2404 1886 2540 1938 vobis
2582 1888 2976 1947 annuntiamus,
3021 1886 3225 1955 inquit,
3273 1902 3383 1939 eam
3422 1902 3536 1954 qua
3579 1887 3650 1937 ad
3696 1898 3870 1953 patres

2276 1986 2471 2029 nostros
2511 1977 2834 2043 repromissio
2879 1981 3015 2046 facta
3042 1987 3156 2041 est;
3201 1976 3250 2030 id
3279 1985 3394 2038 est,
3444 1976 3867 2044 promissionem

2276 2078 2453 2137 patres
2483 2079 2824 2136 acceperunt,
2856 2083 2949 2122 vos
2975 2084 3085 2122 rem
3114 2068 3306 2135 ipsam.
3343 2068 3547 2123 Deinde
3574 2080 3865 2139 postquam

2279 2168 2465 2213 testem
2494 2160 2786 2214 adduxerat
2814 2160 3073 2215 Joannem
3098 2201 3111 2223 ,
3140 2175 3261 2213 cum
3289 2161 3522 2223 diceret,
3558 2160 3639 2215 De
3675 2164 3871 2216 semine

2278 2249 2371 2302 hoc
2387 2252 2660 2303 secundum
2680 2253 3058 2319 promissionem
3076 2252 3286 2305 adduxit
3307 2250 3493 2306 lsraeli
3514 2253 3864 2320 Salvator-em,

2277 2345 2582 2411 praedicante
2598 2344 2798 2397 Joanne
2822 2355 2939 2398 ante
2963 2346 3143 2417 faciem
3167 2346 3408 2399 adventus
3424 2349 3533 2417 ejus
3555 2348 3868 2417 baptismum

2277 2436 2579 2502 pwnitentitz
2603 2433 2810 2499 Israel;
2836 2451 3018 2490 rursus
3042 2437 3242 2492 inducit
3272 2437 3418 2490 illuttt
3452 2440 3644 2491 iterum
3678 2439 3869 2493 dicen-

2276 2533 2380 2580 tem
2414 2543 2427 2579 :
2461 2526 2619 2591 Quem
2640 2542 2718 2580 me
2743 2528 3058 2580 arbitramini
3082 2544 3208 2587 esse,
3241 2544 3341 2580 non
3368 2545 3477 2581 sunt
3509 2545 3618 2599 ego.
3656 2529 3868 2585 Deinde

2274 2616 2545 2683 apos:olos
2570 2631 2781 2686 quoque
2827 2617 3032 2671 inducit
3058 2620 3465 2672 resurrectionis
3518 2628 3683 2674 testes
3708 2660 3723 2685 ,
3776 2622 3865 2674 di-

2275 2722 2402 2762 cens
2436 2725 2447 2760 :
2475 2709 2574 2772 Qui
2597 2719 2713 2761 sunt
2737 2719 2880 2762 testes
2910 2710 3049 2763 illius
3079 2710 3147 2761 ad
3181 2710 3373 2778 plebem
3402 2750 3416 2773 ,
3456 2711 3648 2765 deinde
3700 2714 3863 2767 Davi-

2276 2798 2396 2853 dcm
2434 2799 2661 2869 idipsum
2704 2800 3073 2855 testiticantem
3102 2841 3117 2866 ,
3166 2815 3285 2855 cum
3341 2801 3503 2855 dicit:
3540 2801 3660 2855 Non
3715 2805 3868 2858 dabis

2277 2890 2522 2944 Sanctum
2551 2902 2690 2945 tuum
2726 2894 2893 2946 ridere
2929 2895 3319 2962 corruptionem.
3347 2893 3530 2961 Neque
3568 2896 3711 2949 enim
3764 2912 3865 2951 ve-

2277 2992 2385 3036 tera
2422 2998 2513 3051 per
2533 2985 2707 3053 seipsa
2733 2995 2837 3039 tam
2863 2985 3014 3039 ﬁrma
3036 3001 3154 3041 esse
3178 2986 3514 3053 videbantur,
3541 3004 3714 3059 neque
3743 2990 3867 3047 ltzec

2275 3074 2390 3129 sine
2418 3075 2521 3130 illis
2552 3092 2565 3128 :
2596 3092 2691 3146 per
2725 3087 2947 3147 utraque
2973 3087 3120 3133 certe
3146 3093 3448 3135 sermonem
3482 3080 3677 3136 ﬁrmat.
3721 3083 3863 3150 Quia

2275 3170 2415 3222 enim
2460 3178 2601 3224 metu
2644 3171 2979 3235 tenebantur,
3030 3171 3172 3241 quod
3218 3172 3365 3227 illum
3410 3175 3774 3236 occidissent.
3809 3190 3867 3230 et

2276 3262 2599 3317 conscientia
2626 3263 2897 3318 alienabat
2924 3264 3065 3327 illos,
3096 3280 3203 3318 non
3228 3265 3378 3335 quasi
3407 3267 3471 3320 ad
3504 3267 3865 3321 (ὶΙιγίςιίι-ἰάας

2277 3351 2581 3421 loquuntur,
2619 3370 2718 3409 nec
2755 3356 2905 3424 quasi
2945 3355 3175 3410 alienum
3209 3397 3224 3422 ,
3256 3356 3348 3411 sed
3380 3359 3532 3427 quasi
3581 3361 3864 3429 proprium

2276 3443 2404 3512 ipsis
2444 3445 2639 3499 bonum
2681 3446 2969 3501 traderent.
3006 3431 3407 3515 Optatissimum
3452 3449 3554 3502 illis
3594 3460 3712 3503 erat
3765 3464 3868 3501 nu-

2278 3551 2396 3588 utcn
2439 3536 2651 3591 Daridis
2686 3554 2698 3589 :
2735 3538 2853 3592 ideo
2883 3537 3032 3608 ponit
3069 3537 3220 3600 illud,
3253 3549 3310 3593 ut
3340 3539 3423 3593 vel
3453 3540 3532 3593 sic
3567 3540 3755 3594 saltem
3793 3541 3866 3594 il-

2276 3624 2383 3677 lum
2430 3627 2759 3694 suscipiant;
2825 3642 2886 3681 ac
2923 3628 2967 3681 si
3013 3627 3245 3695 diceret,
3293 3630 3455 3682 tilium
3512 3630 3625 3699 ejus
3673 3647 3863 3701 regem

2274 3715 2403 3783 ipsis
2435 3716 2666 3771 futurum
2697 3733 2817 3772 esse
2847 3737 2859 3772 :
2907 3719 3063 3789 igitur
3089 3721 3205 3789 ejus
3238 3720 3443 3775 frenum
3477 3738 3542 3775 ne
3568 3722 3863 3789 abjiciatis.

2272 3808 2406 3870 Quid
2441 3810 2537 3862 sibi
2566 3810 2678 3864 t'ult
2725 3812 2849 3865 illttd
2885 3830 2897 3866 :
2945 3812 3085 3867 Dabo
3126 3814 3262 3867 vobis
3303 3825 3478 3867 sancta
3507 3815 3674 3868 David
3722 3819 3867 3883 ﬁde-

2276 3899 2388 3952 lia?
2422 3900 2636 3964 Firma,
2693 3902 2895 3969 inquit,
2946 3918 3066 3972 qua:
3109 3920 3398 3974 numquam
3448 3907 3679 3973 peritura
3726 3910 3862 3963 sint.

2273 3992 2455 4061 Neque
2505 3993 2555 4045 itt
2612 3994 2691 4046 Itis
2743 4004 3000 4059 nteratur,
3052 4005 3236 4064 utpote
3284 4012 3403 4050 cum
3453 3998 3535 4050 Itis
3576 3997 3685 4068 jam
3735 4015 3864 4054 cre-

2273 4086 2429 4150 dant;
2490 4085 2583 4139 sed
2635 4086 2867 4140 minatur
2913 4088 3275 4155 supplicium,
3324 4097 3378 4140 et
3422 4090 3613 4143 transit
3649 4091 3715 4143 ad
3763 4092 3861 4158 id,

2272 4179 2412 4247 quod
2457 4179 2534 4231 eis
2570 4179 2801 4247 optabile
2846 4189 2960 4232 erat
2986 4221 2999 4244 ,
3042 4194 3160 4232 cum
3190 4180 3517 4235 ostendisset
3544 4182 3861 4252 abrogatam

2273 4284 2391 4323 esse
2410 4271 2580 4338 legem
2603 4286 2618 4332 ;
2650 4279 2809 4339 atque
2829 4270 2879 4323 in
2907 4286 2971 4324 eo
2992 4270 3131 4338 quod
3154 4271 3283 4325 utile
3302 4281 3416 4324 erat
3436 4284 3692 4337 moratur,
3714 4278 3863 4343 quod

2274 4376 2467 4427 nempe
2514 4375 2701 4429 magna
2751 4360 3207 4429 trangressoribus
3249 4362 3387 4415 mala
3434 4360 3609 4415 futura
3650 4378 3860 4419 cs~ent.

2277 4450 2475 4504 Deinde
2498 4451 2686 4503 iterum
2714 4450 2965 4504 Davidem
2995 4466 3115 4504 cum
3138 4452 3292 4507 laude
3324 4464 3587 4507 memorat
3617 4471 3631 4508 :
3665 4454 3861 4517 David,

2276 4543 2464 4611 inquit,
2488 4543 2539 4595 in
2567 4559 2661 4595 sua
2692 4544 3008 4611 generatione
3034 4560 3150 4595 cum
3189 4545 3585 4597 administrasse!
3612 4548 3865 4601 voluntati

2278 4634 2387 4697 Dei,
2414 4634 2673 4701 appositus
2689 4645 2759 4686 est
2783 4632 2851 4685 ad
2875 4644 3043 4703 patres
3067 4651 3206 4688 suos.
3229 4634 3377 4690 Sicut
3394 4646 3447 4690 et
3472 4636 3659 4689 Petrus
3682 4638 3861 4706 ipsum

2275 4741 2576 4779 memorans
2611 4725 2819 4779 dicebat
2848 4743 2862 4777 :
2898 4725 3068 4779 Liceat
3089 4726 3253 4779 dicere
3296 4745 3409 4780 cum
3454 4729 3641 4795 ﬁducia
3670 4729 3737 4781 de
3768 4748 3864 4797 pa-

2274 4819 2495 4871 triarcha
2526 4818 2685 4871 David
2719 4819 2853 4890 (Act.
2878 4818 2934 4872 2.
2967 4820 3081 4887 ‘29).
3121 4819 3229 4874 Nec
3259 4820 3387 4874 dicit
3408 4832 3672 4875 mortuum
3701 4840 3859 4892 esse,

2275 4911 2367 4964 scd
2389 4953 2402 4973 ,
2432 4911 2703 4981 Appositus
2727 4921 2801 4964 est
2826 4912 2894 4963 ad
2928 4922 3095 4978 patres
3126 4929 3240 4965 suos
3262 4953 3277 4975 ,
3310 4912 3357 4965 id
3389 4914 3527 4981 quod
3556 4916 3698 4967 dictu
3731 4935 3827 4972 sua
3848 4952 3859 4959 -

2274 5005 2390 5055 vius
2419 5013 2551 5056 erat.
2584 5003 2648 5055 Et
2678 5002 2793 5055 vide
2823 5002 3094 5070 quomodo
3130 5019 3386 5072 nusquam
3433 5006 3568 5057 bona
3617 5008 3859 5076 ipsorum

2275 5113 2433 5163 opera
2483 5105 2675 5164 ponat,
2720 5096 2815 5148 sed
2848 5112 2966 5162 qua:
3001 5096 3438 5164 reprcltcnsibilia
3482 5111 3635 5151 erant
3671 5116 3681 5150 :
3733 5118 3860 5157 nant

2274 5188 2412 5257 quod
2441 5189 2718 5256 petiissent
2747 5196 2801 5239 ct
2832 5188 3167 5253 accepissent
3190 5230 3203 5251 ,
3242 5204 3430 5257 magna
3459 5190 3665 5242 illorum
3692 5208 3863 5247 accu-

2276 5282 2409 5332 satio
2428 5291 2561 5333 erat.
2591 5279 2723 5332 llittc
2751 5278 3005 5331 beneﬁcia
3032 5279 3123 5332 Dei
3149 5290 3429 5335 recenset:
3463 5280 3641 5351 Elegit,
3666 5284 3858 5353 inquit,

2277 5370 2567 5433 Exultnvit,
2604 5369 2880 5422 Educavit.
2911 5369 3035 5422 llzcc
3065 5384 3191 5423 vero
3220 5386 3322 5423 tton
3369 5386 3551 5424 eorum
3574 5414 3587 5435 ,
3624 5374 3718 5426 sed
3766 5376 3862 5429 Dei

2340 5487 2409 5546 (α)
2438 5484 2491 5531 ln
2514 5492 2677 5549 tzrteco
2704 5482 2899 5549 legitur,
2920 5497 3096 5545 [vitulam
3118 5497 3443 5549 quamvocem
3465 5488 3708 5549 interpres
3729 5494 3863 5549 prior

2277 5543 2464 5597 latitius
2500 5546 2677 5600 vertit,
2712 5543 3006 5593 obtinuerunt
3029 5543 3045 5600 ξ
3069 5543 3156 5593 sed
3184 5546 3326 5595 male.
3356 5556 3464 5597 3am
3489 5543 3651 5610 ινιτ-δίον
3678 5543 3759 5597 bii:
3796 5556 3865 5599 si-

2277 5611 2487 5669 gniﬁcat,
2524 5609 2763 5669 conquesti
2799 5616 2925 5663 sunt,
2951 5615 3117 5655 contra
3157 5621 3265 5669 eum
3292 5610 3471 5669 loquuti
3496 5619 3636 5667 sunt,
3661 5628 3861 5661 accusa.

2278 5667 2407 5717 runt.
2430 5669 2575 5733 Cujus
2598 5667 2963 5733 signiﬁcationis
2989 5668 3216 5733 exempla
3240 5667 3489 5719 attulimus
3513 5684 3605 5718 non
3634 5687 3785 5733 pauca
3815 5677 3863 5723 iu

2276 5732 2583 5779 (tnomaslieo
2607 5731 2663 5776 ad
2690 5730 2831 5777 linem
2859 5729 3095 5780 Iidttionis
3132 5729 3465 5781 Atbanasiana:
3502 5746 3528 5777 a
3556 5729 3696 5782 nobis
3718 5738 3863 5782 ador-

2278 5804 2390 5857 nato
2424 5795 2470 5839 in
2498 5806 2614 5840 voce
2642 5805 2870 5854 ιντυτιάνιιν,
2896 5800 2945 5838 ut
2971 5794 3016 5838 in
3041 5795 3264 5857 sequenti
3304 5808 3464 5857 ἀνι-εχει.
3489 5800 3563 5841 Stc
3604 5804 3772 5846 autem
3797 5800 3875 5848 in-

2284 5854 2480 5905 tellecta
2509 5867 2627 5902 t'occ
2654 5867 2809 5915 ινιτυιαη,
2829 5858 2985 5900 omnia
3007 5854 3327 5915 quadrabunt.
