4034 6414
420 404 540 459 αι’]

497 518 567 586 γ’,
591 511 742 579 Εἶδες
753 513 880 577 πῶς
908 508 1209 572 σπουδαίως
1231 506 1428 571 ἔδειξεν
1460 504 1773 575 οἰκονομίας
1791 505 1853 555 τὸ
1871 501 2104 568 πρᾶγμα

426 606 522 666 fw;
553 600 709 675 -Ἂζκ
737 600 1062 669 ἀκούσωμεν
1081 597 1134 650 τί
1160 596 1255 650 καὶ
1285 594 1536 662 λέγοντες
1566 594 1617 645 οἱ
1641 589 1929 643 ἀπόστολοι
1956 587 2104 675 ἕπε-ι-

432 673 674 760 σαν,
713 686 1054 758 ἐσταυρώθη.
1089 685 1154 738 Τί
1178 682 1370 738 τούτου
1405 678 1834 749 ἀπιθανώτερον,
1863 677 1945 728 ὅτι

417 794 510 846 xm
534 777 665 846 παρ’
701 774 906 838 αὐτῶν,
938 767 1021 836 οἷς
1045 768 1412 842 ἐπηγγέλλετο
1445 762 1720 837 σωτηρίαν
1754 761 1992 822 ἔσεσθαι,
2020 759 2104 810 ὅτι

434 863 683 932 ὀταφεὶς
709 860 934 930 ἀφίησιν
962 859 1350 930 ἁμαρτήματα,
1392 854 1487 920 καὶ
1512 851 1606 906 τοῦ
1651 851 1815 920 νόμου
1860 846 2102 932 μᾶλλονς

421 951 530 1004 *Διὸ
565 930 661 1004 καὶ
682 948 782 1002 οὐκ
813 943 990 1008 εἶπεν,
1023 939 1124 999 Ὧν
1164 944 1264 998 οὐκ
1302 939 1665 1013 ἠϐουλήθητεο
1712 937 1827 991 ἀλλ’
1857 930 1969 987 Ὧν
1995 934 2107 986 οὐκ

436 1033 782 1103 ἠδυνήθητε
821 1033 890 1087 ἐν
913 1032 994 1099 τῷ
1039 1032 1200 1100 νόμῳ
1244 1025 1544 1100 Μωῠσέως
1596 1019 1998 1088 δικαιωθῆναι,
2038 1017 2109 1070 ἑν

439 1123 630 1189 τούτῳ
655 1119 775 1187 πᾶς
797 1123 833 1176 ό
860 1113 1531 1178 πιστεύωίνδικαιοῦται,
1559 1111 1621 1164 τὸ
1639 1107 1866 1170 ἀσθενὲς
1892 1105 1988 1160 τοῦ
2019 1104 2108 1156 νόν

444 1225 550 1278 μου
575 1207 810 1272 δεικνύς.
859 1205 1052 1268 Καλῶς
1094 1203 1150 1256 δέ
1201 1200 1510 1270 προσέθηκε
1540 1197 1637 1250 καὶ
1688 1196 1770 1258 τδ,
1823 1191 1970 1258 Πᾶς,
2023 1190 2128 1262 ἵνα⁸

441 1294 592 1370 δείξῃ
629 1294 713 1348 ὃτι
743 1294 893 1356 ὅστις
940 1285 1076 1364 ἀνῇ
1123 1291 1152 1343 ό
1202 1286 1495 1341 πιστεύων.
1537 1283 1705 1339 Οὐδὲν
1755 1279 1866 1370 γάρ
1919 1278 2113 1347 ὄφελος

443 1367 694 1445 ἐκείνων,
719 1381 815 1436 ἐὰν
840 1381 914 1451 μή
936 1397 1020 1443 τις
1057 1377 1347 1448 εὐεργεσία
1455 1373 1563 1425 Διά
1578 1371 1739 1426 τοῦτο
1775 1369 2001 1439 ὕστερον
2029 1367 2113 1418 τί·-

443 1472 572 1542 θησι
596 1469 698 1540 τὴν
727 1469 942 1536 ἀιρεσιν,
973 1463 1225 1519 ἐντεῦθεν
1245 1462 1307 1516 τὸ
1354 1459 1536 1532 μεῖζον
1565 1460 1836 1541 συνάγων,
1883 1455 1979 1509 καὶ
2004 1453 2116 1542 δει-

444 1540 576 1621 κνὺς
606 1557 714 1620 δτι,
752 1553 1084 1616 δάδυνάτως
1113 1545 1266 1620 εἶχεν⁵
1307 1550 1335 1602 ό
1363 1549 1526 1620 νόμος
1549 1545 1700 1620 [229]
1731 1546 1924 1608 ποιεῖν,
1955 1540 2115 1595 τοῦτο

444 1641 936 1716 ἐργασάμενοςιδιά
960 1639 1054 1694 τοῦ
1083 1638 1312 1692 θανάτου
1361 1640 1391 1692 ό
1423 1635 1612 1690 παθὼν
1645 1635 1918 1705 φαίνεται.
1953 1633 2116 1685 Ὥστε

447 1733 629 1795 καλῶς
652 1731 827 1800 ἐλεγεο
853 1716 1082 1795 Οἵτινές
1105 1730 1226 1782 εισι
1262 1726 1564 1797 μάρτυρες
1602 1723 1790 1778 αὐτοῦ
1836 1721 1987 1790 πρὸς
2014 1722 2121 1773 τὸν

448 1821 621 1885 λαὸν,
657 1820 750 1873 τὸν
800 1816 1058 1872 ἀνελόντα
1110 1816 1296 1886 φησὶν,
1329 1816 1430 1868 οὐκ
1483 1813 1548 1867 ἀν
1577 1811 1753 1876 ὄντες,
1808 1812 1857 1863 εί
1893 1811 1968 1880 μὴ
2000 1807 2121 1879 θείᾳ

447 1909 675 1978 δυνάμει
704 1905 1071 1959 ἐϐεϐαιοῦντο·
1108 1904 1208 1957 οὐκ
1239 1902 1305 1957 ἂν
1341 1904 1450 1973 γὰρ
1491 1900 1631 1971 πρὸς
1660 1897 1980 1969 ἀνθρώπους
2027 1913 2121 1964 φο-

446 1994 657 2055 νῶντας
689 1989 914 2045 τοιαῦτα
939 1987 1349 2061 ἐμαρτύρησαν,
1395 1988 1496 2040 οὐκ
1523 1987 1588 2040 ἂν
1615 1986 1752 2056 πρὸς
1781 1985 1978 2046 αὐτοὺς
1998 1983 2123 2044 τοὺς

451 2078 758 2143 ἀνελόντας.
785 2078 859 2131 Τὸ
877 2079 956 2141 δὲ,
998 2076 1145 2146 Ἐγὼ
1171 2075 1439 2145 σήμερον
1468 2072 1799 2144 γεγέννηκὰ
1821 2087 1914 2133 σε,
1947 2067 2120 2134 εἶπεν,

451 2168 528 2231 ώς
561 2166 736 2238 τούτῳ
766 2165 952 2220 λοιπὸν
998 2164 1156 2228 εἰδὼς
1191 2165 1275 2217 ὅτι
1308 2164 1404 2217 καὶ
1446 2163 1516 2216 τά
1575 2161 1710 2215 ἄλλα
1752 2162 1964 2214 ἐπεται.
2018 2159 2126 2211 Kal

453 2257 543 2310 διὰ
574 2257 627 2310 τί
653 2256 729 2326 μὴ
752 2254 994 2325 ἐπήγαγε
1018 2252 1342 2325 μαρτυρίαν,
1377 2251 1444 2312 δι’
1465 2246 1535 2324 ἦς
1562 2249 1787 2321 ἔμελλον
1822 2247 2127 2310 πείθεσθαι,

455 2345 540 2396 ὃτι
564 2343 758 2412 ἄφεσις
810 2340 1093 2412 ἁμαρτιῶν
1122 2340 1188 2393 δι’
1219 2339 1385 2394 αὐτοῦ
1410 2340 1623 2408 γίνεται
1646 2354 1660 2403 ;
1688 2337 1812 2390 Ὀτι
1839 2336 1900 2389 τὸ
1952 2351 2132 2387 σπου-

457 2431 483 2482 ιῗ
530 2430 755 2500 ζόμενον
790 2428 950 2482 τοῦτο
975 2425 1065 2500 ἦν,
1093 2427 1263 2493 δεῖξαι
1287 2427 1446 2490 τέως.
1483 2428 1566 2480 ὅτι
1608 2425 1831 2495 ἀνέστηο
1864 2423 2054 2476 τούτου
2074 2421 2132 2474 δέ

459 2513 905 2588 ώμολογημένου,
942 2516 1119 2568 ἐκεῖνο
1155 2513 1642 2584 ἀναμφισϐήτητον
1667 2507 1736 2582 ἦν
1786 2509 1876 2562 διὰ
1914 2509 2130 2572 τούτου,

458 2622 481 2653 ς
515 2634 519 2646 .-
545 2603 638 2655 καὶ
655 2603 738 2656 ὅτι
759 2601 853 2654 ὐπ’
875 2600 1040 2654 αὐτοῦ
1081 2607 1105 2635 ⁸
1130 2602 1322 2669 ἄφεσις
1352 2589 1640 2670 ἁμαρτιῶν
1661 2596 1889 2665 γίνεται.
1924 2595 2133 2656 Ἀλλως

460 2693 516 2742 ὂ;
549 2687 800 2743 ἐϐούλετο
827 2688 907 2751 είς
928 2686 1094 2741 πόθον
1124 2686 1323 2748 αὐτοὺς
1352 2687 1582 2754 ἀγαγεῖν
1629 2682 1723 2737 τοῦ
1753 2681 1990 2754 μεγάλου
2015 2681 2136 2735 τού-

460 2793 580 2830 του.
611 2777 726 2828 Οὐκ
755 2775 865 2844 ἀρα
905 2772 1292 2842 ἐγκατάλειψις
1321 2767 1391 2843 ἦν
1427 2774 1456 2826 ό
1496 2771 1727 2834 θάνατος
1781 2770 1971 2833 αὐτοῦ,
2003 2768 2140 2822 ἀλλά

465 2862 806 2934 προφητείας
863 2861 1162 2932 πλήρωσις.
1233 2859 1668 2930 ’Δναμιμνήσκει
1720 2857 1969 2931 ἱστοριῶν
1997 2897 2012 2921 ,
2073 2855 2140 2919 ἀς

467 2951 838 3020 ἀγνοήσαντες
872 2948 1041 3020 μυρία
1072 2946 1276 3001 ἔπαθον
1302 2946 1471 3000 δεινά.
1498 2946 1609 2998 Kal
1634 2945 1791 2997 τοῦτο
1844 2943 2140 2997 αίνίττεται

466 3038 556 3090 διὰ
582 3037 674 3091 τοῦ
725 3036 911 3100 τέλους
955 3034 1150 3104 λέγων·
1200 3034 1390 3088 Ἴδετε
1436 3035 1491 3087 οὶ
1525 3031 1994 3102 καταφρονηταί,
2040 3030 2141 3084 καὶ

467 3124 849 3194 ἐπιϐλέψατε.
881 3124 992 3176 Καὶ
1017 3123 1118 3192 ὅρα
1143 3121 1261 3184 πῶς
1289 3122 1420 3175 αὐτὸ
1469 3123 1641 3191 τραχὺ
1671 3121 1730 3174 ὃν
1754 3121 2139 3189 ὑποτέμνεται.

469 3210 568 3279 Μὴ
599 3210 863 3274 ἐπέλθοι,
901 3210 1089 3279 φησὶν,
1123 3210 1216 3278 ἐφ’
1249 3208 1407 3278 ὑμᾶς
1455 3209 1522 3262 τὸ
1568 3210 1718 3277 πρὸς
1748 3209 1891 3275 τοὺς
1914 3208 2144 3273 ἄλλους

469 3297 809 3367 είρημένον,
830 3297 920 3350 ὅτι
940 3296 1118 3366 ἔργον
1135 3295 1251 3364 ἐγὼ
1273 3294 1601 3366 ἐργάζομαι,
1638 3297 1670 3351 ὃ
1694 3299 1766 3350 οὐ
1789 3297 1876 3365 μὴ
1898 3297 2144 3349 πιστεύ-

474 3400 648 3454 σητε.
687 3384 798 3439 ἐάν
837 3401 929 3450 τις
957 3383 1304 3452 ἐκδιηγῆται
1335 3384 1498 3453 ὑμῖν.
1547 3384 1639 3456 Μὴ
1676 3384 2010 3454 θαυμάζετε,
2062 3383 2144 3446 ὅτι

477 3475 705 3528 ἀπιστον
726 3472 876 3525 δοκεῖ
907 3466 1065 3525 εἶναι·
1102 3472 1197 3524 καὶ
1217 3471 1346 3524 αὐτὸ
1374 3471 1699 3540 προείρηται
1723 3471 1950 3526 ἀνωθεν.
1977 3470 2147 3524 Τοῦτο

481 3561 742 3631 καὶπρὸς
770 3561 918 3632 ἡμᾶς
946 3561 1170 3623 εἰκότως
1207 3561 1274 3612 ἂν
1314 3561 1558 3632 λεχθείη,
1601 3561 1835 3614 Βλέπετε
1887 3563 1936 3613 οἱ
1981 3576 2150 3614 κατα-

482 3648 772 3720 φρονηταὶ,
803 3647 932 3718 περὶ
959 3647 1069 3701 τῶν
1092 3649 1158 3718 τῇ
1204 3647 1501 3706 ἀναστάσει
1542 3648 1987 3702 διαπιστοῦντων.
2040 3648 2151 3700 Kal

481 3735 591 3807 γὰρ
627 3735 832 3805 σφόδρα
852 3733 1038 3796 κακῶς
1057 3732 1128 3786 τὰ
1152 3735 1253 3804 τῆς
1301 3734 1631 3807 Ἐκκλησίας
1655 3735 1944 3800 διάκειται,
1970 3735 2152 3789 καίτοι

482 3803 827 3892 ’γε-νομίζετε
848 3823 904 3874 ἐν
924 3821 1117 3895 εἰρήνη
1144 3803 1283 3874 εἶναι
1304 3821 1372 3874 τὰ
1396 3803 1716 3892 πράγμᾶτα,
1749 3821 1821 3874 Τὸ
1849 3820 1959 3892 γὰρ
1980 3822 2152 3876 δεινὸν

487 3910 645 3966 τοῦτό
666 3912 834 3974 ἐστιν,
855 3911 935 3963 ὅτι
956 3911 1014 3962 ἐν
1036 3907 1250 3972 πολλοῖς
1298 3908 1451 3972 ὄντες
1476 3911 1686 3972 κακοῖς,
1731 3910 1837 3962 οὐδ’
1867 3911 1948 3963 ὅτι
1987 3909 2152 3980 ἐσμὲν

492 4003 551 4054 ἐν
573 4001 764 4061 κακοῖς
794 3999 972 4068 ῐσμεν.

564 4087 629 4140 Τί
661 4087 841 4154 λέγεις
869 4102 884 4148 ;
911 4085 1010 4146 τὰς
1046 4083 1371 4154 Ἐκκλησίας
1415 4083 1734 4151 κατέχομεν,
1761 4081 1832 4133 τὰ
1877 4083 2154 4150 κτήματα,

493 4173 562 4226 τά
587 4172 722 4227 ἄλλα
769 4170 971 4230 πάντα,
1006 4171 1061 4222 αἱ
1122 4169 1375 4233 συνάξεις
1416 4169 1675 4236 γίνονται,
1748 4167 1869 4220 καθ’
1919 4167 2158 4235 ἑκάστην

494 4260 706 4331 ἡμέραν
745 4258 1027 4328 πρόσεισιν
1060 4260 1087 4312 ὁ
1125 4257 1251 4321 λαός
1281 4272 1294 4284 ·
1332 4256 1424 4309 καὶ
1464 4253 1946 4325 καταφρονοῦμενς
2020 4254 2158 4307 Ἀλλ’

492 4349 595 4400 οὐκ
639 4347 747 4400 ἀπὸ
778 4346 967 4400 τούτου
1012 4345 1335 4415 Ἐκκλησίαν
1375 4344 1439 4396 ἀν
1474 4361 1558 4402 τις
1597 4344 1962 4412 δοκιμάσειεν,
2003 4343 2160 4396 Ἀλλά

497 4434 680 4498 πόθεν,
717 4434 908 4501 φησίν;
938 4433 1000 4485 Εἰ
1028 4430 1285 4484 εὐλάϐειά
1316 4432 1479 4492 ἐστιν,
1517 4432 1565 4481 εί
1603 4430 1977 4500 κερδαίνοντες
2027 4432 2155 4483 ἀναο

496 4521 776 4590 χωροῦμεν
800 4519 979 4572 οἴκαδε
1011 4518 1130 4572 καθ’
1161 4519 1395 4589 ἑκάστην
1423 4518 1656 4587 ἡμέραν,
1696 4519 1744 4568 εί
1794 4516 2162 4586 καρπούμενοι

503 4608 644 4674 μέγα
668 4607 771 4674 τιῆ
803 4607 1018 4677 μικρὸν,
1045 4607 1094 4658 εἱ
1129 4605 1204 4675 μὴ
1248 4605 1410 4674 νόμον
1466 4603 1648 4665 ἁπλῶς
1688 4603 2018 4673 πληροῦντες
2067 4607 2161 4657 καὶ

500 4694 905 4764 ἀφοσιούμενοι.
930 4693 1026 4756 Τίς
1057 4691 1280 4762 βελτίων
1305 4692 1525 4759 γέγονεν
1563 4689 1843 4759 ὁλοκλήρῳ
1878 4691 2010 4760 μηνὶ
2037 4692 2164 4743 συλ-

503 4781 824 4846 λεγόμειοςτ
862 4781 1030 4833 Τοῦτό
1060 4783 1177 4832 ἐστι
1229 4778 1290 4829 τὸ
1330 4775 1663 4846 ζητούμενον
1735 4777 1856 4829 ἐπεὶ
1894 4777 1986 4830 καὶ
2037 4779 2168 4829 αὐτὸ

501 4863 679 4928 τοῦτο,
703 4863 733 4916 ὃ
762 4864 908 4917 δοκεῖ
929 4863 1235 4935 εὐπραγίας
1267 4859 1426 4927 εἶναι,
1452 4863 1610 4915 τοῦτο
1644 4862 1956 4933 δυσπραγία
1997 4863 2163 4924 ἐστὶν,

503 4955 631 5005 ὅταν
654 4950 855 5003 τούτων
888 4952 1186 5020 γινομένων
1224 4950 1391 5022 μηδὲν
1428 4949 1591 5003 πλέον
1618 4950 1850 5018 γίνηται.
1896 4949 2021 5002 Εῖθε
2072 4949 2170 5017 μὲν

503 5036 596 5092 οὖν
620 5037 786 5108 μηδὲν
815 5036 977 5089 πλέον
1003 5055 1015 5067 '
1045 5037 1141 5089 νῦν
1165 5037 1221 5089 δὲ
1250 5038 1343 5090 καὶ
1369 5037 1461 5088 ἐπὶ
1492 5038 1552 5089 τὸ
1581 5041 1784 5108 χεῖρον.
1813 5037 1876 5088 Τί
1923 5037 2169 5108 καρποῦ-

507 5126 598 5176 σθε
626 5124 734 5177 ἀπὸ
767 5122 876 5176 τῶν
924 5122 1237 5186 συνάξεων;
1282 5123 1473 5175 Καίτοι
1505 5123 1558 5174 εἴ
1602 5124 1667 5190 γέ
1706 5141 1759 5175 τι
1803 5123 1992 5192 ὄφελος
2042 5124 2171 5194 ὑμῖν

505 5213 731 5279 ἐγίνετο,
761 5210 1156 5273 πάλαιπάντας
1188 5210 1296 5262 ἔδει
1329 5209 1419 5262 τὸν
1436 5210 1532 5279 τῆς
1567 5210 1881 5280 φιλοσοφίας
1908 5211 2018 5279 βίον
2048 5211 2170 5281 ζῇν,

506 5299 771 5350 τοσούτων
801 5298 898 5368 μὲν
941 5297 1233 5368 προφητῶν
1276 5296 1528 5367 δεύτερον
1564 5299 1662 5369 τῆς
1705 5298 1996 5369 ἑϐδομάδος
2045 5301 2174 5369 ὑμῖν

507 5383 922 5454 διαλεγομένων,
943 5385 1211 5438 τοσούτων
1253 5386 1311 5438 δὲ
1362 5386 1698 5445 ἀποστόλων.
1749 5387 2171 5454 εὐαγγελιστῶν,

512 5471 728 5524 πάντων
755 5469 824 5524 τὰ
849 5472 1090 5543 σωτήρια
1116 5471 1361 5542 δόγματα
1392 5473 1776 5541 προτιθέντων,
1818 5475 1909 5525 καὶ
1953 5473 2023 5525 τά
2081 5475 2174 5526 δυ-

510 5561 715 5628 νάμενα
728 5554 859 5640 ἦθος
889 5559 1147 5630 ῥυθμίσαι
1172 5560 1308 5629 μετά
1330 5561 1530 5630 πολλῆς
1561 5560 1845 5630 ἀκριϐείας
1869 5579 2176 5630 παριστων-

486 5649 616 5698 ’των
654 5647 782 5716 ὑμῖν
804 5647 853 5701 δ.
894 5646 952 5699 ὐ
974 5647 1311 5718 στρατιώτης
1341 5649 1430 5700 ἐπὶ
1452 5648 1511 5700 τὸ
1531 5650 1830 5718 γυμνάσιον
1868 5648 1980 5713 ἰὼν,
2020 5651 2162 5721 ἀκρι»

519 5735 773 5800 ϐέστερος
795 5733 1004 5798 γίνεται
1043 5736 1167 5806 περὶ
1191 5735 1256 5787 τὰ
1279 5736 1513 5787 τακτικά
1548 5753 1559 5762 ·
1588 5739 1613 5786 ὁ
1663 5735 1899 5806 ἀθλητὴς
1959 5739 2037 5798 εἰς
2072 5756 2177 5790 πα-

580 5987 605 6013 .
649 5982 742 6032 Alii
777 5984 855 6031 διὰ
893 5985 1084 6031 τούτου·
1135 5988 1213 6028 καὶ
1255 5982 1344 6042 μὴν
1376 5983 1454 6028 ὐπ’
1488 5978 1647 6033 αὐτοῦ,
1722 5987 1748 6026 δ
1790 5982 1886 6029 Alii
1929 5980 2178 6042 ’ἀκριϐείας

521 6045 739 6097 τιθέντων
770 6045 894 6106 ἡμῖν.

1251 391 1310 447 S.
1347 388 1638 449 JOANNIS
1675 377 2141 445 CIIRYSOSTOH

2315 370 2529 430 [ΖῘΙΙΕΡ.
2563 362 3116 425 CONSTANTINOP.

3781 345 3890 401 218

2207 491 2466 560 λαίστραν
2488 487 2739 558 βαδίζων,
2759 479 3146 552 ἐμπειρότερος
3170 474 3378 542 γίνεται
3406 469 3532 560 περὶ
3679 469 3891 560 Απάληνυ

2206 581 2236 630 ό
2266 557 2446 648 ἰατρὸς
2645 571 2736 624 τὸν
2761 567 3080 622 διδάσκαλον
3127 562 3442 648 ἐρχόμενος,
3486 557 3890 648 ἀκριϐέστερος

2209 644 2436 737 γίνεται,
2456 644 2552 717 καὶ
2585 659 2808 713 πλείονα
2835 652 2966 716 οἶδε,
2993 651 3090 707 καὶ
3118 647 3340 702 πλείονα
3381 645 3650 737 μανθάνει
3675 661 3691 674 ο
3828 644 3892 737 ’τί

2205 730 2584 824 κεκέρδηκας;
2618 747 2681 800 οὐ
2709 744 2854 813 λέγω
2882 740 3017 811 πρὸς
3044 738 3171 800 τοὺς
3193 735 3436 788 ἐνιαυτὸν
3473 732 3732 803 ἐχοντας,
3759 730 3892 784 ἀλλὰ

2205 817 2353 911 πρὸς.
2366 837 2492 900 τοὺς
2516 837 2579 886 ἐκ
2611 831 2836 902 πρώτης
2890 826 3107 899 ἡλικίας
3141 821 3583 911 συναγομένους.-
3737 817 3894 871 τοῦτο

2206 907 2456 998 νομίζετε
2491 920 2780 977 εὐλάϐειαν
2820 913 2979 980 εἶναι,
3013 914 3076 968 τὸ
3107 910 3351 981 συνεχῶς
3393 907 3777 998 παραϐάλλειν

2210 993 2423 1078 συνάξει
2443 1029 2458 1078 ;
2478 1010 2649 1071 Τοῦτο
2671 1006 2824 1060 οὐδέν
2848 1007 3015 1066 ἐστιν,
3053 1001 3119 1054 ἂν
3157 999 3231 1069 μή
3258 1015 3311 1049 τι
3335 993 3802 1066 καρπωσώμεθα·
3831 994 3894 1046 ἀν

2212 1103 2286 1171 μή
2315 1117 2370 1154 τι
2403 1097 2749 1165 συνάγωμεν,
2769 1093 2977 1163 βέλτιον
3000 1085 3148 1161 [250]
3177 1085 3314 1138 οἴκοι
3350 1083 3554 1152 μένειν.
3578 1082 3831 1171 ᾈΚαῖγὰρ
3847 1082 3895 1133 οί

2209 1169 2465 1261 πρόγονοι
2507 1184 2605 1247 τὰς
2631 1181 2926 1250 ἐκκλησίας
2953 1179 3085 1247 ἡμῖν
3113 1173 3495 1245 ᾠκοδόμησαν,
3536 1169 3640 1238 οὐχ
3688 1169 3779 1220 ἶνα
3829 1169 3892 1220 ἐκ

2209 1256 2318 1329 τῶν
2347 1274 2490 1327 ἰδίων
2511 1271 2673 1325 οῐκων
2696 1266 3092 1335 συναγαγόντες
3125 1262 3273 1332 ἡμᾶς
3297 1259 3555 1326 ἀλλήλοις
3579 1256 3895 1310 δεικνύωσι·

2211 1363 2368 1418 τοῦτο
2388 1361 2497 1430 γὰρ
2519 1359 2614 1412 καὶ
2638 1358 2695 1408 ἐν
2726 1356 2901 1425 ἀγορᾷ
2934 1352 3026 1406 καὶ
3053 1353 3112 1403 ἐν
3147 1346 3450 1420 βαλανείοις
3475 1345 3574 1397 καὶ
3617 1345 3677 1396 ἐν
3709 1344 3899 1412 πομπῇ

2212 1452 2424 1522 γένοιτο
2443 1449 2526 1502 ἀν’
2551 1446 2664 1498 ἀλλ’
2694 1444 2781 1496 ἵνα
2816 1441 3062 1511 μαθητάς
3089 1437 3224 1507 ὁμοῦ
3247 1435 3341 1489 καὶ
3373 1432 3747 1494 διδασκάλους
3769 1447 3903 1482 συν-

2215 1519 2540 1608 ἀγαγόντες,
2605 1530 2849 1602 βελτίους
2875 1527 3101 1588 τούτους
3131 1524 3201 1577 δι’
3241 1522 3465 1578 ἐκείνων
3528 1519 3903 1590 ἐργάσωνται.

2216 1627 2400 1696 Νόμος
2427 1621 2612 1684 ἁπλῶς
2643 1620 2737 1672 καὶ
2767 1615 3063 1685 ἀφοσίωσις
3090 1613 3282 1696 γέγονε
3336 1609 3405 1663 τὰ
3443 1607 3703 1678 ἡμέτερα
3725 1622 3741 1635 ·
3771 1621 3910 1696 ⁸συντ

2217 1691 2376 1784 ήθεια
2400 1711 2462 1763 τὸ
2475 1710 2713 1781 πρᾶγμα
2747 1704 2933 1757 λοιπόν
2959 1695 3319 1754 ἐστιν.Ἧλθε
3349 1696 3411 1749 τὺ
3437 1696 3662 1765 Πάσχα,
3695 1691 3867 1752 πολὺς
3887 1691 3913 1741 ὁ

2219 1779 2470 1872 θόρυϐος,
2495 1779 2663 1865 πολλὴ
2702 1795 2736 1864 ἠ
2760 1792 2968 1862 ταραχή
3000 1807 3014 1821 ·
3039 1789 3099 1842 οὐ
3135 1787 3243 1857 γάρ
3272 1785 3336 1838 ἂν
3365 1785 3580 1872 εἴποιμι
3624 1780 3824 1833 πολλοὶ
3866 1779 3914 1830 οί

2220 1868 2497 1958 ἄνθρωποι
2522 1900 2534 1912 ’
2565 1882 2722 1936 τοῦτο
2737 1882 2845 1950 γάρ
2863 1879 2965 1931 οὐκ
2993 1877 3090 1930 ἀνθ
3101 1878 3318 1943 ρώπων.
3351 1871 3626 1958 έΑπῆλθεν
3727 1868 3913 1938 ἑορτὴ,

2221 1974 2251 2026 ό
2281 1955 2379 2042 μέν
2411 1968 2641 2039 θόρυϐος
2670 1965 3057 2034 ὑποτέμνεται,
3084 1958 3285 2032 ⁴ἡσυχία
3326 1957 3383 2010 δὲ
3418 1956 3584 2010 πάλιν
3634 1955 3913 2042 ἄκαρπος.

2225 2041 2553 2128 Παννυχίδες
2576 2056 2740 2108 πόσαι
2763 2049 3168 2121 πκαὶύμνῳδίαι
3191 2046 3335 2118 ἱεραί
3358 2062 3374 2110 ;
3401 2045 3512 2097 Καὶ
3538 2043 3592 2095 τί
3620 2042 3687 2094 τδ
3716 2041 3914 2100 πλέονς

2224 2148 2422 2217 Χεῖρον
2457 2144 2556 2213 μὲν
2585 2138 2677 2194 οὖν
2702 2157 2715 2169 ·
2747 2139 2933 2192 πολλοὶ
2967 2137 3059 2190 καὶ
3083 2137 3170 2190 διὰ
3201 2133 3508 2199 κενοδοξίαν
3544 2130 3714 2183 τοῦτο
3753 2128 3919 2200 ἐργά-

2229 2235 2431 2298 ζονται,
2465 2229 2590 2293 Πῶς
2618 2227 2794 2281 οἴεσθε
2823 2225 3094 2294 κόπτομαι
3115 2223 3186 2275 τὰ
3214 2221 3519 2291 σπλάγχνα,
3542 2217 3812 2286 καθάπερ
3841 2218 3920 2276 εἰς

2231 2320 2387 2376 πίθον
2434 2316 2766 2388 τετρημένον
2832 2312 3010 2366 πάντα
3065 2307 3454 2382 προχωροῦντα
3510 2305 3703 2374 ὁρῶνς
3758 2302 3924 2355 Ἀλλὰ

2232 2410 2449 2470 πάντως
2465 2404 2640 2475 ἐρεῖτέ
2671 2419 2782 2472 μοι,
2811 2401 2900 2454 ὅτε
2921 2399 3018 2460 τὰς
3047 2396 3269 2468 Γραφάς
3293 2397 3470 2465 ἴσμεν.
3505 2395 3616 2447 Kal
3649 2393 3704 2444 τί
3734 2390 3920 2451 τοῦτο;

2235 2498 2331 2550 Ἂν
2351 2495 2440 2547 διά
2464 2494 2573 2546 τῶν
2597 2492 2777 2561 ἐργων
2823 2488 2994 2547 αὐτάς
3033 2485 3428 2554 ἐπιδεικνύητε,
3482 2482 3643 2536 τοῦτὸ
3690 2484 3812 2535 ἐστι
3862 2480 3924 2530 τὸ

2231 2583 2446 2655 κέρδος,
2479 2579 2617 2647 αῦτη
2642 2581 2674 2648 ἠ
2706 2577 2966 2645 ὠφέλεια.
2999 2574 3231 2642 Βαφεῖον
3257 2574 3289 2642 ὴ
3313 2571 3579 2649 ἐκκλησία
3609 2572 3766 2624 ἐστίν
3797 2585 3809 2596 ·
3858 2568 3924 2620 ἂν

2233 2671 2526 2732 διαπαντὸς
2547 2668 2744 2737 ἀπίητε
2779 2663 3052 2736 μηδεμίαν
3075 2662 3355 2732 δεχόμενοι
3384 2659 3582 2730 βαφὴν,
3612 2657 3668 2710 τί
3699 2655 3765 2709 τὸ
3797 2656 3927 2722 δρε-

2235 2763 2326 2824 λος
2369 2757 2463 2812 τοῦ
2522 2754 2762 2823 συνεχῶς
2827 2751 3058 2804 ἐνταῦθα
3123 2750 3298 2812 ίέναις
3335 2747 3554 2810 Μείζων
3613 2746 3712 2816 μὲν
3750 2745 3926 2816 γὰρὴ

2240 2846 2434 2919 βλάϐη.
2468 2844 2565 2906 Τίς
2593 2843 2707 2904 τοῖς
2735 2841 2918 2910 νόμοις
2945 2837 3310 2909 προσέθηκεν,
3344 2829 3428 2898 οἷς
3455 2835 3564 2888 ἀπὸ
3600 2833 3711 2886 τῶν
3756 2831 3929 2886 πατέ-

2243 2954 2351 3007 ρων
2380 2933 2599 2996 ἐδέξατο
2630 2947 2645 2995 ;
2678 2924 2803 2983 Οἷόν
2821 2947 2875 2981 τι
2910 2929 3053 2996 λέγω
3082 2943 3095 2954 ’
3148 2926 3268 2988 ἐθος
3297 2927 3325 2978 ό
3383 2923 3534 2976 δεῖνα
3587 2922 3702 2991 ἔχει
3739 2924 3925 2974 ποιεῖν

2239 3024 2337 3094 τὴν
2361 3021 2664 3090 ἀνάμνησιν
2695 3017 2797 3087 τῆς
2838 3015 3065 3087 μητρὸς,
3097 3015 3128 3082 ἢ
3164 3015 3264 3084 τῆς
3291 3010 3573 3080 γυναικὸς,
3604 3010 3639 3079 ἢ
3667 3007 3768 3061 τοῦ
3795 3025 3930 3061 παι-

2239 3111 2354 3165 δίου
2391 3108 2583 3162 ’τοῦτο
2613 3108 2757 3160 ποιεῖ
2791 3105 2893 3156 κάν
2916 3119 2976 3155 τε
3010 3101 3205 3171 ἀκούῃ,
3242 3102 3342 3154 κάν
3365 3116 3424 3151 τε
3472 3097 3547 3168 μὴ
3573 3096 3753 3168 ἀκούῃ
3796 3096 3932 3166 παρ’

2242 3199 2420 3270 ἡμῶν,
2449 3197 2554 3249 ὑπὸ
2583 3195 2678 3264 τῆς
2713 3191 2999 3263 συνηθείας
3025 3191 3117 3244 καὶ
3147 3189 3240 3243 τοῦ
3279 3188 3580 3250 συνειδότος
3605 3187 3928 3255 ἑλκόμενος,

2244 3287 2344 3341 Διά
2372 3284 2531 3339 τοῦτο
2557 3279 2648 3336 οῦν
2670 3283 3018 3348 ἀγανακτεῖς,
3049 3279 3218 3349 φησί;
3249 3277 3339 3349 Μὴ
3367 3277 3604 3346 γένοιτο,
3637 3273 3782 3329 ἀλλὰ
3836 3272 3936 3327 καὶ

2246 3377 2386 3429 πάνυ
2420 3373 2593 3444 χαίρω
2626 3388 2639 3400 ·
2676 3367 2982 3438 ἐϐουλόμην
3014 3367 3070 3418 δέ
3097 3367 3262 3420 αὐτόν
3287 3382 3339 3417 τι
3374 3365 3467 3418 καὶ
3499 3364 3609 3416 ἀπὸ
3631 3363 3730 3431 τῆς
3786 3364 3932 3430 ἡμε-

2245 3464 2407 3534 τέρας
2437 3456 2832 3531 καρπώσασθαι
2878 3453 3187 3516 διαλέξεως,
3231 3455 3327 3506 καὶ
3382 3454 3519 3522 ὅπερ
3561 3453 3595 3521 ἡ
3661 3449 3937 3518 συνήθεια

2249 3549 2490 3619 ἐποίησε,
2517 3545 2675 3599 τοῦτο
2724 3545 2818 3598 καὶ
2845 3543 2938 3611 ἀφ’
2984 3542 3143 3612 ἡμῶν
3177 3539 3203 3579 ἀ
3247 3540 3521 3608 γενέσθαι,
3572 3539 3670 3591 καὶ
3730 3538 3942 3608 ἑτέραν

2250 3635 2640 3705 ἐπεισαχθῆναι
2697 3632 2988 3702 συνήθειαν
3023 3646 3035 3659 ·
3084 3629 3205 3682 ἐπεὶ
3247 3628 3299 3679 τί
3353 3626 3628 3696 κόπτομαι
3666 3625 3796 3693 είκῆ
3839 3626 3940 3677 καὶ

2249 3725 2419 3795 ληρῶ,
2455 3725 2505 3776 εί
2554 3721 2798 3792 μέλλοιτε
2848 3720 2940 3771 ἐπὶ
2987 3717 3094 3770 τῶν
3129 3716 3311 3770 αὐτῶν
3357 3714 3565 3785 μένειν,
3591 3715 3640 3766 εί
3675 3713 3849 3774 μηδὲν
3881 3714 3942 3766 αἱ

2253 3811 2500 3876 συνάξεις
2522 3811 2601 3872 είς
2634 3810 2779 3879 ὑμᾶς
2807 3805 3127 3878 ἐργάζονται
3151 3802 3356 3871 ἀγαθόν
3387 3819 3402 3866 ;

2323 3898 2384 3952 δ’.
2416 3898 2552 3959 Ναὶ,
2586 3897 2769 3966 φησὶν,
2815 3892 3107 3963 εὐχόμεθα.
3150 3892 3261 3943 Καὶ
3302 3890 3352 3942 τί
3387 3889 3564 3954 τοῦτο,
3597 3887 3665 3941 ἂν
3765 3889 3945 3958 χωρὶς

2253 3987 2429 4056 ἐργων
2459 4003 2473 4050 ;
2517 3986 2719 4037 Ἀκουε
2747 3982 2839 4034 τοῦ
2866 3978 3104 4052 Χριστοῦ
3138 3979 3392 4047 λέγοντος
3413 3993 3429 4009 ο
3459 3979 3542 4028 Οὺ
3583 3973 3706 4040 πᾶς
3755 3978 3794 4028 ό
3845 3975 3945 4029 λέν

2256 4091 2378 4143 γων
2398 4089 2522 4142 μοι,
2543 4063 2739 4138 Κύριε,
2764 4070 2962 4134 Κύριε,
3001 4066 3416 4120 εἰσελεύσεται
3472 4065 3559 4128 εὶς
3597 4062 3718 4129 τὴν
3738 4062 3941 4126 ,ϐασι-

2257 4158 2430 4211 λείαν
2462 4154 2578 4208 τῶν
2598 4151 2887 4220 οὐρανῶν,
2913 4150 3049 4204 ἀλλ’
3071 4152 3103 4202 ὁ
3124 4147 3313 4200 ποιῶν
3332 4147 3397 4200 τὸ
3422 4147 3650 4212 θέλημα
3679 4143 3790 4198 τοῦ
3834 4148 3949 4200 Πα-

2258 4246 2399 4313 τρός
2418 4259 2540 4312 μου
2565 4241 2672 4294 τοῦ
2699 4241 2768 4292 ἐν
2795 4237 2918 4303 τοῖς
2953 4235 3255 4303 οὐρανοῖς.
3285 4235 3554 4296 Πολλάκις
3596 4232 3772 4301 ἔγνων
3831 4235 3946 4302 ἐγὼ

2261 4333 2505 4401 σιγῆσαι,
2543 4328 2815 4398 μηδεμίαν
2855 4326 2961 4377 ἀπὸ
2992 4324 3100 4376 τῶν
3131 4323 3415 4392 ἡμετέρων
3457 4322 3630 4390 λόγων
3690 4321 3946 4391 προσθή-

2263 4408 2365 4489 κην
2397 4421 2524 4485 ὑμῖν
2554 4414 2912 4484 ἐγγινομένην
2943 4411 3083 4484 ὁρῶν
3104 4427 3119 4441 ·
3153 4411 3186 4480 ἢ
3223 4411 3365 4479 τάχα
3401 4410 3614 4475 γίνεται
3650 4409 3772 4479 μὲν,
3839 4409 3949 4477 ἐγὼ

2263 4508 2319 4562 δέ
2345 4509 2449 4560 ὑπὸ
2480 4503 2781 4574 ἀπληστίας
2804 4503 2898 4555 καὶ
2930 4501 3128 4569 πολλῆς
3156 4499 3456 4568 ἐπιθυμίας
3490 4498 3691 4550 ταύτὸν
3741 4499 3945 4568 πάσχω

2265 4599 2378 4658 τοῖς
2415 4593 2542 4661 περὶ
2563 4592 2629 4644 τὰ
2649 4592 2912 4660 χρήματα
2945 4588 3313 4658 μαινομένοις.
3346 4584 3620 4656 Καθάπερ
3655 4584 3769 4656 γὰρ
3807 4588 3951 4638 ἐκεῖ·

2267 4701 2369 4745 νοι,
2402 4683 2504 4735 ὃσα
2539 4679 2605 4732 ἀν
2640 4676 3065 4748 περιϐάλωνται,
3097 4673 3253 4726 οὐδὲν
3285 4672 3546 4744 ἡγοῦνται
3576 4672 3725 4742 ἔχειν
3753 4688 3767 4702 ⁸
3806 4672 3952 4726 οὕτω

2270 4772 2364 4824 καὶ
2389 4767 2576 4830 αὐτὸς,
2614 4764 2801 4836 ἐπειδὴ
2827 4763 3034 4834 σφόδρα
3075 4762 3174 4830 τῆς
3201 4760 3476 4830 ὑμετέρας
3505 4759 3732 4827 ἐφίεμαι
3767 4777 3951 4831 σωτη-

2274 4857 2414 4927 ρίας,
2451 4857 2558 4918 ἐως
2583 4854 2647 4907 ἂν
2677 4853 2772 4905 ῖδω
2814 4850 3232 4927 προκεκοφότας
3275 4849 3440 4919 ὑμᾶς,
3502 4848 3656 4927 οὐδὲν
3703 4848 3952 4918 ἡγοῦμαι

2271 4924 2578 5014 εἰργάσθαι,
2648 4940 2737 4992 διὰ
2782 4940 2842 4992 τὸ
2901 4925 3105 5008 σφόδρα
3146 4935 3432 5005 ἐπιθυμεῖν
3477 4924 3613 5005 πρὸς
3642 4935 3822 5006 αὐτὴν
3857 4937 3952 5004 τὴν

2273 5029 2513 5100 κορυφὴν
2569 5029 2712 5097 ὑμᾶς
2773 5025 2968 5078 ἐλθεῖν.
3011 5023 3311 5093 Βουλοίμην
3359 5022 3424 5076 ἂν
3457 5022 3618 5075 τοῦτο
3658 5017 3830 5082 εἶναι,
3864 5025 3953 5076 καὶ

2272 5117 2366 5169 τοῦ
2390 5115 2523 5185 ἐμοῦ
2564 5115 2767 5176 πάθους
2806 5108 2945 5165 εἶναι
2997 5112 3175 5175 τοῦτο,
3209 5110 3346 5164 ἀλλά
3397 5110 3472 5180 μὴ
3519 5109 3619 5178 τῆς
3669 5111 3950 5182 ὑμετέρας

2277 5205 2547 5273 ρέθυμίας
2576 5221 2589 5233 ⁸
2616 5203 2830 5255 δέδοικα
2851 5200 2908 5252 δέ
2943 5199 3151 5270 μήποτε
3181 5197 3364 5261 καλῶς
3399 5196 3775 5267 στοχάζωμαι.
3845 5199 3949 5252 Πε-

2276 5293 2493 5344 πεῖσθαι
2552 5290 2660 5361 γὰρ
2715 5289 2982 5357 ὀφείλετε,
3035 5288 3118 5340 ὅτι
3161 5285 3215 5338 εῖ
3243 5303 3326 5348 τις
3361 5285 3578 5354 ἐγένετο
3606 5285 3855 5354 ὠφέλεια
3901 5290 3952 5339 ἐν

2276 5379 2510 5448 τοσούτῳ
2540 5379 2734 5447 χρόνῳ,
2768 5374 3075 5428 παύσασθαι
3117 5373 3303 5426 λοιπὸν
3335 5374 3484 5443 ἡμᾶς
3516 5372 3778 5440 λέγοντας
3823 5374 3950 5428 ἔδει.

2278 5465 2461 5527 (ιῦτως
2487 5468 2586 5517 οὐκ
2613 5463 2718 5516 ἔδει
2753 5463 3011 5532 ῥημάτιον
3040 5461 3187 5530 ὑμῖν,
3215 5461 3325 5514 τῶν
3374 5460 3475 5530 ἠδη
3514 5459 3820 5529 λεχθέντων
3867 5462 3952 5514 οῦ-

2277 5571 2382 5616 τως
2411 5553 2610 5616 ἱκανῶς
2650 5551 2975 5622 εἰρημένων,
3001 5550 3075 5612 ὡς
3107 5550 3199 5601 καὶ
3219 5549 3412 5611 ἄλλους
3443 5547 3708 5601 δύνασθαι
3760 5549 3954 5619 ῥυθμίο

2279 5642 2412 5704 ζειν,
2444 5640 2497 5693 εἴ
2531 5658 2594 5708 γε
2620 5640 2867 5692 ἀπόντων
2888 5637 3126 5707 ὠφέλειά
3156 5653 3240 5699 τις
3283 5637 3410 5705 ὑμῖν
3454 5637 3834 5705 προσεγίνετο.
3891 5637 3956 5688 Τὸ

2277 5732 2329 5782 δὲ
2357 5731 2599 5796 ἀνάγκην
2623 5728 2768 5797 ἡμᾶς
2795 5726 2933 5796 ἐχειν
2961 5724 3218 5795 συνεχοῦς
3239 5723 3388 5796 [251]
3418 5723 3726 5789 διαλέξεως,
3744 5725 3954 5786 οὐδενος

2347 5980 2370 6007 ε
2399 5976 2556 6048 Πόσαι
2584 5973 2730 6046 ορεει
2768 5975 2936 6021 inuno
2961 5971 3066 6020 cod.
3136 5969 3161 6008 ἀ
3202 5971 3352 6019 Savil.
3388 5971 3467 6017 καὶ
3504 5969 3573 6028 ἐφ’
3600 5971 3754 6029 ἡμῶν.
3785 5969 3945 6020 ﬂore}.

2285 6053 2406 6087 Vero
2456 6039 2530 6084 ἅτ’
2576 6039 2602 6091 ἡ
2611 6037 2727 6094 μῶν.
