4034 6440
114 402 230 458 817

114 515 314 573 laudes
342 524 487 572 sunt.
517 514 779 572 Davidem
806 523 987 570 autem
1013 515 1188 572 solum
1218 515 1481 582 celebrat,
1511 515 1634 588 quia
1667 530 1734 570 ex

112 610 241 679 ipso
263 607 534 666 Christus.
563 608 872 678 [ingressum
898 623 1032 664 vero
1055 607 1295 664 Joannes
1315 617 1492 671 vocat,
1521 607 1731 670 dicens,

110 702 256 757 Ante
285 702 474 774 faciem
497 701 759 772 ingressus
788 703 924 774 ejus,
953 700 1382 757 incarnationem
1411 699 1611 755 Christi
1631 742 1646 765 ,
1680 710 1735 756 et

109 797 237 868 ejus
265 813 391 853 curn
423 811 586 852 carne
620 796 937 853 adventum.
977 794 1068 852 Sic
1109 794 1350 852 Joannes
1381 793 1732 865 Evangelium

109 891 370 947 scribens
391 930 410 957 ,
439 889 508 944 ad
536 890 690 945 illum
720 905 866 962 saepe
890 885 1171 959 confugit:
1201 905 1455 958 magnum
1479 890 1622 943 enim
1654 887 1732 942 illi

108 1000 320 1041 nomen
353 993 470 1040 erat
493 985 547 1039 in
572 991 690 1039 toto
709 983 867 1039 orbe.
902 983 968 1038 Et
997 982 1158 1038 vide:
1203 998 1313 1037 non
1339 982 1470 1038 dicit
1496 981 1628 1036 illud
1663 996 1731 1036 ex

107 1080 323 1148 seipse,
353 1076 450 1132 sed
481 1076 627 1132 illius
655 1076 810 1132 affert
839 1075 1230 1132 testimonium.

182 1173 243 1226 3.
296 1170 511 1237 Viden‘,
561 1168 834 1241 quomodo
887 1168 1177 1225 ostendere
1229 1167 1450 1224 studeat
1495 1184 1610 1225 rem
1663 1184 1728 1224 ex

104 1265 422 1323 miuomia
457 1265 688 1337 quadam
723 1266 860 1337 geri.
888 1263 993 1320 Sed
1024 1264 1307 1320 audiamus
1332 1263 1460 1334 quid
1496 1264 1730 1333 apostoli

104 1361 364 1414 dicentes
387 1357 793 1430 persuaserint,
817 1355 963 1426 quod
998 1355 1292 1410 crucifixus
1323 1365 1427 1410 est.
1460 1354 1598 1423 Quid
1627 1354 1731 1411 hoc

104 1450 512 1518 incredibilius,
540 1449 686 1521 quod
719 1450 964 1519 sepultus
997 1447 1155 1504 sitab
1183 1449 1312 1515 illis,
1344 1449 1541 1518 quibus
1579 1449 1728 1502 salu-

105 1555 221 1600 tem
255 1545 527 1614 promisit,
557 1542 701 1613 quod
723 1542 969 1611 sepultus
999 1552 1216 1612 peccata
1248 1543 1419 1613 magis
1445 1543 1605 1616 quam
1639 1542 1725 1597 lex

105 1641 227 1708 ipsa
249 1638 528 1696 remittat?
553 1637 679 1693 ldeo
706 1654 811 1692 non
828 1638 963 1692 dixit
982 1655 995 1690 :
1013 1637 1057 1691 A
1078 1637 1273 1708 quibus
1297 1636 1582 1702 noluistis;
1607 1635 1724 1703 sed,

103 1734 150 1786 Α
177 1733 369 1803 quibus
416 1749 518 1787 non
563 1733 797 1802 potuistis
825 1731 881 1784 in
922 1731 1030 1803 lege
1076 1730 1275 1802 Moysis
1309 1730 1590 1802 justiﬁcari
1611 1744 1632 1793 ,°
1675 1729 1729 1782 iu

103 1825 208 1879 hoc
259 1823 432 1878 omnis
475 1823 687 1878 credens
728 1823 1045 1892 iustiﬁcutur
1095 1839 1114 1877 :
1160 1821 1529 1878 infirmitatem
1595 1822 1728 1890 legis

103 1915 431 1971 05tendens.
465 1915 635 1972 Recte
662 1925 841 1969 autem
872 1916 1079 1971 addidit
1111 1916 1262 1981 illud,
1298 1914 1516 1978 Omnis;
1545 1925 1601 1969 nt
1631 1916 1726 1970 de-

102 2007 347 2063 clararet
374 2006 621 2078 quisquis
646 2008 716 2061 sit
744 2009 994 2061 credens.
1019 2006 1174 2062 Nulla
1209 2007 1356 2062 enim
1382 2023 1446 2061 ex
1476 2006 1583 2061 illis
1617 2009 1725 2060 uti-

103 2098 270 2164 litas,
317 2098 424 2154 nisi
472 2099 688 2169 aliquod
747 2098 888 2154 adsit
939 2099 1284 2154 beneficium.
1333 2099 1460 2154 ldeo
1504 2099 1723 2154 demum

102 2192 263 2260 ponit
291 2190 669 2246 remissionem
691 2233 707 2256 ,
753 2191 880 2247 hinc
906 2191 1048 2263 quod
1099 2191 1271 2262 majus
1301 2200 1386 2246 est
1427 2191 1721 2262 colligens,

98 2291 158 2338 et
186 2281 492 2338 ostendens
514 2324 531 2348 ,
564 2281 616 2338 id
645 2283 787 2354 quod
827 2300 934 2339 non
983 2292 1196 2353 poterat
1248 2283 1330 2338 lex
1376 2281 1554 2338 facere
1574 2325 1588 2347 ,
1623 2282 1726 2338 hoc

97 2377 256 2433 clare
285 2393 382 2447 per
408 2387 642 2432 mortem
679 2377 872 2433 fecisse
903 2393 1028 2433 eum
1061 2377 1150 2448 qui
1184 2391 1373 2447 passus
1401 2388 1506 2432 est.
1541 2377 1724 2448 Itaque

97 2468 247 2525 bene
263 2469 484 2525 dicebat
511 2486 526 2524 :
554 2467 656 2534 Qui
676 2479 794 2523 sunt
819 2479 966 2524 testes
991 2471 1102 2542 ejus
1121 2469 1191 2522 ad
1213 2470 1428 2539 plebem,
1455 2468 1604 2523 illum
1630 2469 1720 2539 qui

92 2561 324 2627 occidit,
357 2563 532 2634 inquit
559 2578 576 2619 :
611 2579 788 2634 neque
815 2562 952 2620 tales
982 2572 1167 2619 essent
1191 2605 1206 2628 ,
1260 2563 1360 2618 nisi
1403 2563 1585 2619 divina
1613 2565 1723 2618 vir-

95 2665 218 2710 tute
269 2657 650 2723 (irritarentur;
702 2671 877 2728 neque
910 2657 1056 2711 enim
1105 2655 1173 2712 ad
1220 2655 1471 2711 homines
1515 2655 1718 2711 ch-dem

92 2749 374 2818 spirantes
403 2748 534 2804 talia
563 2749 833 2804 testiﬁcati
861 2758 1068 2813 essent,
1101 2765 1207 2804 non
1234 2749 1300 2805 ad
1328 2751 1473 2821 ipsos
1501 2750 1590 2821 qui
1621 2765 1718 2805 oc.

93 2840 378 2896 ciderunt.
404 2839 544 2896 lllttd
570 2856 721 2908 vero,
752 2841 863 2913 Ego
891 2841 1045 2895 hodie
1071 2842 1224 2913 genui
1247 2852 1296 2897 te
1319 2885 1334 2909 ,
1366 2842 1501 2897 dixit
1524 2885 1539 2906 ,
1573 2842 1715 2912 quod

93 2932 168 2989 ad
195 2934 306 2987 hoc
325 2935 490 2989 etiam
517 2933 620 2988 alia
648 2944 966 3004 sequantur.
996 2934 1063 2988 Et
1083 2950 1182 2988 cur
1201 2949 1306 2988 non
1333 2933 1538 2988 addidit
1568 2935 1721 2989 testi-

92 3026 346 3080 monium
366 3066 383 3092 ,
410 3041 520 3096 quo
551 3027 1030 3095 perSnaderentur,
1065 3042 1160 3095 per
1185 3041 1307 3080 eum
1337 3027 1713 3082 remissionem

90 3129 450 3190 pec'catorum
479 3119 710 3175 futuram
742 3121 900 3177 esse?
930 3120 1061 3188 Quia
1088 3120 1214 3174 illud
1248 3120 1461 3175 interim
1492 3121 1718 3175 curabat

87 3213 411 3280 ostendere,
439 3213 582 3285 quod
616 3212 1003 3270 resurrexisset
1030 3231 1043 3267 :
1081 3213 1183 3268 hoc
1211 3224 1391 3269 autem
1420 3214 1465 3269 si
1496 3214 1548 3267 in
1579 3228 1712 3269 con-

90 3307 247 3362 fesso
276 3315 460 3369 esset,
509 3305 639 3360 illud
668 3304 793 3360 hinc
823 3305 1180 3360 indubitatum
1214 3304 1345 3372 fuit,
1381 3321 1576 3375 nempe
1617 3321 1716 3375 per

88 3400 252 3458 illum
275 3398 651 3472 remissionem
675 3408 1020 3469 peccatorum
1052 3397 1469 3468 ﬁeri.-Alioquin
1499 3398 1714 3453 volebat

86 3494 222 3547 illos
257 3493 308 3546 in
358 3491 483 3547 boni
537 3491 678 3546 iilius
726 3492 1055 3547 desiderium
1093 3491 1369 3547 inducere.
1417 3490 1534 3545 Non
1583 3506 1714 3561 ergo

88 3585 387 3642 derelictio
435 3595 554 3640 erat
574 3600 722 3641 mors
761 3587 909 3656 ejus,
958 3586 1052 3640 sed
1097 3585 1396 3656 prophetia:
1447 3586 1710 3655 impletin.

88 3680 367 3736 Historias
409 3690 836 3745 commemorat,
887 3695 1020 3750 quas
1071 3681 1383 3750 ignorantes
1425 3680 1709 3734 innumera

84 3777 240 3848 passi
270 3785 394 3831 sunt
421 3776 581 3831 mala.
616 3776 682 3832 Et
713 3777 816 3832 hoc
854 3777 1160 3831 subindicat
1201 3777 1253 3830 in
1303 3775 1444 3840 fine,
1474 3775 1659 3831 dicens
1695 3795 1707 3829 :

95 3869 306 3934 Videte,
328 3878 716 3938 contemptores,
749 3880 796 3924 et
827 3871 1081 3938 respicite.
1107 3869 1173 3923 Et
1197 3868 1318 3925 vide
1341 3869 1611 3939 quomodo
1641 3869 1706 3922 il-

84 3961 187 4017 lud
218 3971 406 4032 utpote
429 3976 684 4034 asperum
713 3961 976 4018 succidat.
1027 3961 1113 4016 Ne
1157 3962 1298 4016 vobis
1340 3963 1704 4032 superveniat,

85 4055 300 4126 inquit,
325 4054 464 4126 quod
488 4055 604 4108 aliis
644 4055 837 4109 dictum
859 4066 935 4109 est
962 4070 982 4109 :
1013 4055 1149 4124 Quia
1191 4073 1318 4128 opus
1359 4073 1450 4128 ego
1497 4073 1704 4127 aperor,

85 4147 234 4218 quod
261 4163 364 4201 non
380 4147 616 4211 credetis,
634 4148 677 4200 si
691 4149 803 4218 quis
817 4138 1103 4202 narraverit
1126 4149 1281 4204 vobis.
1305 4148 1380 4205 Ne
1403 4150 1698 4218 miremini,

85 4239 239 4311 quod
263 4237 578 4295 incredibile
597 4238 846 4294 videatur
861 4255 982 4295 esse
1009 4258 1022 4294 :
1042 4249 1096 4294 et
1113 4240 1216 4295 hoc
1235 4243 1484 4312 superius
1506 4242 1708 4298 dictum

85 4341 196 4386 est.
218 4329 331 4385 Hoc
351 4331 516 4386 etiam
524 4330 645 4400 jure
666 4332 819 4387 nobis
842 4331 1082 4387 dicatur:
1115 4331 1706 4406 Videte,conte'mptores,

88 4425 160 4478 iis
183 4423 275 4494 qui
292 4423 742 4478 resurrectionem
773 4441 878 4478 non
896 4425 1144 4482 credunt.
1165 4427 1381 4482 Etenim
1406 4444 1497 4484 res
1522 4429 1713 4487 Eccle-

85 4521 189 4575 sia:
203 4518 437 4587 pessime
455 4516 810 4581 habent,licet
825 4520 1023 4587 putetis
1042 4520 1092 4573 in
1115 4535 1248 4589 pace
1264 4536 1403 4576 esse.
1426 4521 1539 4577 Hoc
1554 4523 1713 4593 quip-

90 4628 160 4683 pe
191 4627 357 4682 grave
381 4620 485 4675 est,
508 4613 649 4680 quod
679 4612 732 4666 in
765 4613 920 4692 malis
941 4628 1062 4668 cum
1086 4614 1274 4678 simus.
1304 4615 1355 4670 id
1376 4618 1706 4688 ignoremus.

171 4702 346 4758 Pietas
368 4703 480 4759 sola
509 4703 792 4759 Ecclesium
813 4707 1384 4775 commendat.—Qnid
1407 4711 1579 4764 dicis?
1609 4711 1709 4766 Ec-

86 4799 289 4854 clesias
319 4809 584 4862 tenemus,
618 4801 1010 4867 possessiones,
1056 4801 1158 4855 alia
1205 4804 1383 4857 omnia
1406 4846 1421 4869 ,
1466 4806 1708 4860 collecta:

91 4896 268 4960 fiunt,
296 4893 538 4963 quotidie
577 4893 728 4948 adest
777 4896 1029 4965 populus,
1069 4906 1123 4950 et
1161 4899 1603 4954 contemnimus?
1639 4903 1708 4955 At

89 5001 203 5042 non
235 4985 363 5039 inde
389 4984 684 5041 Ecclesiam
713 4987 1050 5056 probaveris.
1081 4986 1188 5042 Sed
1223 4989 1365 5044 unde
1392 5031 1406 5055 ,
1452 4991 1708 5060 inquies?

88 5080 145 5134 Si
176 5079 352 5147 pietas
382 5085 487 5143 est,
520 5077 565 5132 si
605 5093 726 5133 cum
771 5079 922 5134 lucro
946 5080 1166 5134 domum
1214 5082 1455 5151 quotidie
1495 5085 1710 5141 recedi-

88 5185 237 5232 mus,
268 5171 313 5224 si
338 5185 464 5224 cum
492 5167 668 5224 fructu
701 5171 783 5224 vel
806 5171 1022 5226 modico
1049 5173 1132 5227 vel
1169 5189 1367 5245 magno
1387 5218 1403 5242 ,
1435 5175 1480 5230 si
1531 5177 1704 5247 legem

88 5277 200 5317 non
230 5273 524 5332 utcumque
553 5272 607 5317 et
630 5261 1000 5332 perfunctorie
1029 5264 1388 5334 implevimus.
1410 5267 1564 5335 ,Quis
1592 5285 1708 5324 me-

86 5359 194 5413 lior
213 5356 438 5411 eﬂ'ectus
465 5366 547 5411 est
568 5371 632 5411 ex
660 5359 1016 5412 conventibus
1035 5359 1237 5413 mensis
1258 5361 1417 5415 unius
1435 5364 1458 5412 τ
1488 5361 1602 5418 Hoc
1621 5371 1706 5417 est

88 5449 234 5522 quod
267 5466 372 5520 qua
391 5449 529 5504 ritur
559 5468 572 5505 :
608 5466 734 5505 nam
790 5451 892 5507 hoc
921 5452 1095 5522 ipsum
1119 5493 1136 5518 ,
1189 5453 1333 5523 quod
1365 5453 1703 5512 benefactum

89 5553 333 5614 putatur,
367 5543 656 5598 infeliciter
684 5543 882 5598 factum
935 5553 1051 5611 est,
1097 5560 1220 5600 cmn
1273 5547 1357 5602 liis
1400 5548 1471 5602 ita
1502 5551 1704 5618 gestis,

87 5639 222 5694 nihil
269 5639 504 5708 amplius
551 5639 842 5694 lucramur.
895 5642 1072 5711 Atque
1126 5642 1332 5696 utinam
1389 5643 1524 5698 nihil
1587 5661 1707 5699 am-

89 5734 266 5805 plius,
301 5749 445 5790 nunc
490 5734 634 5788 enim
675 5736 837 5790 etiam
873 5736 924 5789 in
963 5736 1203 5791 deterius
1238 5739 1531 5807 vergimus.
1562 5737 1702 5806 Quid

85 5830 295 5882 fructus
347 5841 414 5882 ex
464 5826 709 5895 collectis
737 5829 995 5898 carpitisl'
1040 5827 1095 5883 Si
1141 5829 1268 5899 quid
1312 5839 1461 5884 certe
1493 5829 1701 5885 fructus

82 5918 433 5990 carperetis.’
467 5917 580 5985 j~m
621 5920 749 5974 olim
800 5934 991 5979 omnes
1030 5929 1307 5991 Oporteret
1357 5920 1696 5992 philosophi-

1094 400 1160 458 ΙΝ
1199 399 1384 459 ACTA
1423 397 1952 458 APOSTOLORUM.
1997 396 2471 460 llOMIL..XXlX.

3345 397 3450 452 ΞΗ

1841 529 1906 570 ce
1957 513 2162 583 vivere,
2189 531 2313 569 cum
2351 515 2433 570 bis
2481 528 2579 585 per
2606 513 3003 571 hebdomadam
3048 522 3128 569 tot
3175 513 3453 586 prophetae

1840 622 1939 663 vos
1967 607 2332 677 alloquantur,
2365 621 2489 662 cum
2523 615 2602 662 tot
2629 607 2882 678 apostoli,
2915 607 3286 678 evangelistam,
3335 623 3456 662 ont-

1842 699 2000 754 nibus
2029 700 2287 755 salutaria
2320 700 2570 771 dogmata
2612 701 3063 771 proponentibus,
3095 717 3216 771 quze
3244 703 3456 774 possint

1841 808 2020 850 mores
2047 804 2258 851 vestros
2301 805 2554 851 accurate
2585 811 2937 865 componere.
2973 796 3129 851 Miles
3173 794 3241 851 ad
3275 797 3462 852 tiroci-

1840 888 1991 943 nium
2010 889 2236 943 veniens
2259 888 2310 941 in
2335 887 2543 943 bellicis
2566 891 2624 942 Iit
2645 889 2898 959 peritior;
2922 889 3125 945 athleta
3150 889 3454 960 palaestram

1838 980 2028 1037 adiens
2057 980 2116 1035 fit
2141 981 2490 1036 exercitatior
2517 981 2585 1036 ad
2641 996 2916 1057 pugnam;
2954 983 3201 1038 medicus
3237 983 3308 1038 ad
3355 982 3457 1036 do-

1837 1086 2045 1130 ctorem
2063 1075 2330 1131 accedens
2345 1075 2401 1131 lit
2427 1091 2494 1132 ex
2503 1077 2730 1146 pertior,
2752 1058 2906 1148 plura
2934 1079 3057 1139 scit,
3087 1077 3239 1148 plura
3259 1077 3454 1134 discit:

1839 1173 1893 1219 tu
1915 1148 2044 1236 quid
2072 1167 2313 1222 lucratus
2341 1169 2445 1224 es?
2475 1183 2582 1222 non
2611 1167 2805 1239 loquor
2831 1169 2896 1223 iis
2920 1211 2936 1232 .
2963 1169 3054 1239 qui
3084 1184 3183 1239 pcr
3219 1185 3453 1232 annum,

1836 1257 1932 1313 sed
1955 1259 2042 1325 iis,
2072 1260 2161 1329 qui
2185 1274 2217 1314 a
2247 1259 2418 1329 prima
2445 1269 2608 1316 atate
2639 1261 3002 1316 conventibus
3029 1260 3344 1316 adfuerunt.
3372 1265 3453 1316 An

1838 1348 1941 1405 hoc
1963 1352 2164 1420 putatis
2186 1366 2311 1406 esse
2335 1353 2590 1421 pietatem
2617 1394 2632 1419 ,
2659 1353 2805 1423 quod
2834 1351 3152 1424 frequenter
3187 1353 3255 1409 ad
3285 1369 3455 1426 syna-

1837 1444 1926 1498 xin
1955 1446 2274 1502 accc-datis?
2318 1447 2432 1502 Hoc
2472 1447 2606 1503 nihil
2632 1458 2750 1514 est,
2783 1449 2885 1504 nisi
2941 1450 3072 1520 quid
3118 1451 3324 1506 fructus
3365 1468 3455 1505 re-

1835 1538 2121 1594 feramus:
2162 1541 2263 1594 nisi
2317 1541 2442 1610 quid
2486 1541 2828 1613 colligamus,
2858 1544 3055 1599 melius
3106 1555 3253 1600 esset
3306 1544 3452 1600 domi

1836 1646 2073 1688 manere.
2100 1631 2311 1687 Etenim
2340 1633 2574 1704 majores
2599 1636 2768 1689 nostri
2785 1636 3047 1691 ecclesias
3072 1637 3229 1692 nobis
3246 1637 3450 1694 exaedi-

1837 1724 2088 1792 llcarunt,
2121 1741 2227 1782 non
2258 1735 2316 1781 ut
2362 1742 2427 1781 ex
2461 1728 2715 1784 domibus
2742 1740 3098 1800 congregatos
3148 1746 3248 1787 vos
3292 1734 3453 1787 simul

1834 1817 2124 1873 ostendant
2151 1836 2164 1871 :
2200 1818 2304 1873 hoc
2333 1819 2480 1873 enim
2511 1829 2566 1875 et
2599 1819 2649 1874 in
2683 1820 2802 1876 foro
2828 1830 2884 1877 et
2929 1821 2982 1877 in
3014 1821 3259 1888 balneis,
3303 1820 3451 1879 et'in

1835 1927 2029 1981 pompa
2064 1912 2287 1982 perinde
2317 1912 2374 1966 fit
2395 1929 2422 1975 ς·
2443 1913 2539 1968 sed
2573 1924 2630 1968 ut
2659 1912 2956 1985 discipulos
2980 1925 3036 1970 et
3065 1916 3322 1973 doctores
3345 1934 3450 1974 una

1832 2011 2244 2073 congregantes,
2277 2004 2400 2059 illos
2430 2006 2622 2059 horum
2645 2021 2749 2074 ope
2770 2005 3030 2068 meliores
3056 2007 3312 2063 efficiant.
3340 2009 3449 2069 [εἰ

1831 2096 2153 2165 simpliciter
2179 2105 2235 2153 et
2263 2096 2478 2152 decoris
2506 2099 2719 2166 species
2749 2099 2902 2154 facta:
2933 2110 3063 2156 sunt
3087 2117 3177 2157 res
3213 2114 3412 2158 nostra-
3433 2147 3449 2170 ,

1833 2188 2164 2244 consuetudo
2218 2204 2365 2251 mera
2417 2206 2558 2245 nunc
2601 2200 2703 2246 est.
2739 2191 2899 2248 Venit
2950 2193 3167 2264 pascha,
3222 2211 3449 2268 magnus

1831 2280 2108 2347 tumultus,
2160 2296 2370 2352 magna:
2416 2281 2588 2337 turba:
2617 2300 2632 2337 :
2664 2298 2772 2338 non
2814 2283 2960 2340 enim
3013 2285 3264 2351 dixerim,
3296 2287 3448 2342 multi

1831 2373 2074 2428 homines
2104 2392 2117 2426 :
2148 2374 2272 2428 illud
2305 2374 2450 2430 enim
2493 2390 2598 2428 non
2655 2391 2782 2430 vere
2827 2376 3106 2432 hominum
3154 2388 3239 2433 est
3284 2393 3446 2449 opus.

1828 2464 2066 2521 Transiit
2103 2465 2301 2522 festum
2328 2509 2344 2532 ,
2379 2451 2641 2523 tumultus
2683 2479 2768 2524 est
2819 2471 3018 2535 minor,
3062 2472 3220 2542 quies
3264 2471 3446 2529 tamen

1828 2558 2180 2616 infructuosa.
2209 2561 2351 2629 Quot
2378 2571 2506 2617 sunt
2532 2563 2809 2634 pervigilia
2834 2607 2850 2631 ,
2881 2574 3017 2634 quot
3040 2565 3182 2620 sacri
3207 2568 3446 2622 cantus!

1826 2653 1895 2710 Et
1919 2656 2047 2724 quid
2074 2655 2202 2713 hinc
2226 2657 2499 2727 amplius?
2525 2658 2639 2714 lmo
2663 2659 2817 2730 pejus
2844 2660 3043 2716 accidit
3073 2679 3088 2717 :
3122 2662 3274 2717 multi
3298 2662 3443 2717 enim

1828 2758 2048 2816 prepter
2073 2764 2265 2804 vanam
2296 2751 2524 2821 gloriam
2559 2752 2660 2806 hoc
2691 2753 2914 2808 faciunt.
2938 2753 3212 2822 Quantum
3244 2757 3445 2826 putatis

1825 2856 1912 2897 me
1940 2843 1992 2896 in
2021 2843 2322 2898 visceribus
2347 2843 2707 2908 discruciari',
2754 2847 2882 2901 dum
2910 2847 3072 2903 video
3113 2849 3293 2902 omnia
3343 2851 3442 2902 (lu-

1825 2933 1956 2988 lium
1987 2934 2038 2988 in
2074 2945 2352 3004 pertusum
2382 2936 2629 2992 effundi?
2660 2938 2767 2994 Sed
2799 2940 3024 2994 omnino
3047 2939 3243 2996 dicetis
3271 2941 3441 3004 mihi,

1822 3027 2132 3099 Scripturas
2169 3029 2392 3085 scimus.
2442 3031 2509 3085 Et
2549 3031 2675 3101 quid
2722 3032 2869 3087 hoc?
2911 3033 2968 3088 Si
3017 3035 3137 3088 illas
3184 3035 3443 3104 operibus

1822 3121 2146 3188 cxhibeatis,
2174 3123 2277 3178 hoc
2307 3124 2514 3179 lucrum
2538 3135 2640 3189 est,
2679 3127 2781 3180 hoc
2814 3127 2964 3185 utile.
2985 3127 3212 3182 Officina
3247 3132 3444 3182 tincto-

1820 3219 1898 3270 ria
1928 3223 2013 3270 est
2054 3216 2284 3272 ecclesia
2333 3236 2345 3270 :
2404 3219 2449 3272 si
2497 3233 2715 3289 semper
2750 3220 2958 3275 abeatis
3012 3221 3162 3276 nulla
3196 3222 3437 3293 'accepta

1821 3311 2072 3377 tinctura,
2107 3328 2226 3380 qua:
2253 3313 2456 3366 utilitas
2489 3314 2592 3368 huc
2621 3299 2938 3384 frequenter
2963 3317 3298 3372 convenire?
3324 3317 3439 3372 Ma—

1816 3404 2133 3480 jusquippe
2153 3406 2409 3460 damnum
2436 3416 2539 3460 est.
2563 3407 2696 3475 Quis
2730 3408 2794 3460 iis
2821 3408 3031 3480 legibus
3061 3409 3187 3478 quid
3218 3409 3435 3482 adjecit,

1817 3512 1953 3568 quas
1979 3514 2008 3552 a
2043 3499 2286 3568 patribus
2316 3500 2568 3568 accepit?
2602 3501 2849 3570 Exempli
2877 3515 3041 3557 causa
3077 3520 3091 3556 :
3123 3502 3264 3557 solet
3291 3503 3442 3573 qu'isé-

1821 3593 1962 3660 piam
1991 3592 2308 3646 memoriam
2343 3592 2521 3646 facere
2548 3595 2772 3659 matris,
2805 3594 2890 3650 vel
2927 3595 3111 3650 uxoris
3132 3637 3147 3658 ,
3180 3596 3264 3651 vel
3295 3597 3391 3651 lilii
3419 3612 3438 3651 :

1819 3683 1921 3739 hoc
1944 3683 2070 3738 facit
2091 3684 2206 3738 sive
2233 3684 2437 3750 audiat,
2470 3684 2587 3739 sive
2620 3702 2726 3739 non
2756 3685 2942 3740 audiat
2970 3703 3000 3741 a
3032 3687 3213 3752 nobis,
3239 3703 3268 3740 a
3296 3703 3432 3742 con-

1818 3777 2107 3832 suetudine
2135 3787 2189 3831 et
2211 3793 2238 3829 a
2257 3777 2589 3832 conscientia
2612 3779 2860 3833 allectus.
2889 3777 3084 3835 ldeone
3112 3759 3436 3852 indignaris,

1818 3870 2069 3941 inquies?
2093 3870 2276 3934 Absit;
2303 3871 2410 3923 imo
2433 3871 2659 3924 multum
2678 3872 2918 3942 gaudeo;
2946 3872 3042 3927 sed
3065 3873 3261 3928 vellem
3285 3875 3437 3929 illutn

1818 3964 2091 4036 quidpiam
2112 3980 2177 4018 ex
2209 3966 2473 4019 concione
2497 3974 2681 4020 nostra
2708 3966 2903 4020 lucrari
2932 3984 2944 4019 :
2971 3975 3024 4020 et
3043 3967 3186 4036 quod
3207 3983 3442 4022 consuc-

1819 4059 1950 4115 tudo
1977 4058 2123 4122 fecit,
2149 4059 2200 4112 id
2231 4060 2392 4112 etiam
2422 4073 2450 4111 a
2481 4058 2637 4114 nobis
2663 4059 2800 4126 fieri,
2826 4069 2880 4113 et
2907 4061 3068 4114 aliam
3093 4062 3440 4116 consuetudi-

1818 4168 1942 4207 nem
1973 4152 2176 4207 induci.
2196 4152 2446 4220 Alioquin
2465 4152 2592 4223 quid
2624 4152 2823 4208 fruStra
2849 4155 3056 4217 laboro,
3087 4156 3132 4209 si
3158 4157 3210 4209 in
3246 4155 3434 4209 iisdem

1817 4246 2060 4300 mansuri
2100 4244 2272 4300 estis?
2302 4245 2348 4300 si
2382 4245 2514 4300 nihil
2547 4245 2702 4301 vobis
2735 4262 2967 4318 synaxcs
2995 4246 3221 4302 afl‘eranl
3265 4249 3390 4302 boni
3413 4249 3438 4300 ?

1889 4341 1944 4394 4.
1971 4339 2146 4394 Etiam
2173 4381 2188 4403 ,
2242 4339 2486 4408 inquies,
2519 4354 2827 4410 precamur.
2877 4340 2945 4394 Et
2985 4339 3114 4407 quid
3170 4341 3275 4395 hoc
3318 4343 3436 4395 sine

1816 4433 2112 4504 operibus?
2135 4433 2270 4487 Audi
2300 4433 2577 4488 Christum
2621 4433 2938 4490 dicentem:
2981 4434 3107 4489 Non
3154 4437 3320 4490 omnis
3349 4437 3437 4506 qui

1816 4529 1940 4581 dicit
1971 4527 2130 4591 mihi,
2169 4526 2405 4590 Domine,
2438 4526 2676 4592 Domine,
2708 4528 2917 4582 intrabit
2936 4528 2990 4582 in
3034 4544 3253 4598 regnum
3282 4528 3439 4583 celo-

1815 4638 1959 4686 rum,
2007 4621 2096 4674 sed
2136 4621 2224 4689 qui
2262 4623 2383 4692 facit
2413 4627 2725 4674 voluntatem
2767 4620 2944 4676 Patris
2970 4623 3068 4676 mei
3096 4665 3111 4687 ,
3157 4623 3249 4685 qui
3277 4633 3354 4678 est
3380 4623 3434 4676 iu

1815 4715 1956 4768 cazlis
1989 4715 2203 4786 (Matth.
2236 4715 2287 4768 7.
2312 4715 2430 4786 (ξι).
2462 4715 2621 4786 Saepe
2665 4717 2828 4771 statui
2860 4734 2961 4788 ego
2991 4718 3154 4773 silere
3182 4759 3199 4784 ,
3241 4719 3433 4775 videns

1817 4808 1947 4862 nihil
1975 4825 2039 4862 ex
2073 4807 2417 4862 sermonibus
2444 4809 2648 4864 nostris
2676 4810 2829 4864 vobis
2853 4810 2984 4865 lucri
3010 4811 3272 4868 accedere
3302 4831 3315 4866 :
3347 4813 3433 4868 vcl

1817 4901 1954 4955 forte
1979 4901 2187 4958 accedit
2213 4943 2226 4962 ,
2257 4916 2358 4970 ego
2400 4917 2530 4956 vero
2575 4902 2721 4972 quod
2764 4903 3086 4960 insatiabilis
3115 4915 3171 4961 et
3199 4908 3432 4979 cupidus

1814 4995 1939 5059 sim,
1966 4993 2200 5061 idipsum
2235 4996 2415 5064 patior
2435 4995 2578 5065 quod
2611 4997 2666 5060 ii,
2699 4998 2788 5067 qui
2823 4998 2968 5052 circa
2997 5000 3253 5068 pecunias
3282 5001 3433 5055 insa-

1814 5087 1991 5142 niunt.
2019 5085 2154 5141 Nam
2185 5088 2325 5141 sicut
2355 5087 2468 5153 illi,
2497 5079 2849 5158 Quantumvis
2886 5077 3263 5154 accuinulent.
3297 5093 3431 5148 nihil

1811 5194 1872 5233 se
1905 5188 2094 5248 putant
2121 5178 2322 5235 habere
2351 5197 2365 5232 :
2395 5181 2474 5235 sic
2502 5190 2559 5236 et
2598 5196 2721 5251 ego,
2752 5185 2878 5252 quia
2929 5183 3159 5240 salutem
3193 5195 3430 5242 vestiam

1811 5272 2103 5326 admodum
2138 5273 2334 5343 cupio,
2357 5272 2534 5328 donec
2567 5275 2756 5330 videro
2789 5291 2884 5330 vos
2926 5277 3250 5346 profecisse,
3297 5279 3431 5336 nihil

1811 5379 1900 5418 me
1923 5363 2116 5420 fecisse
2133 5374 2282 5433 puto,
2307 5365 2450 5437 quod
2475 5367 2706 5422 multum
2727 5367 3055 5435 desiderem,
3083 5380 3143 5425 ut
3169 5371 3235 5426 ad
3253 5372 3429 5443 ipsum

1809 5458 2027 5513 culmen
2070 5459 2400 5514 ascendatis.
2437 5459 2642 5516 Vellem
2685 5461 2758 5517 ita
2800 5478 2860 5518 se
2891 5463 3123 5528 habere;
3172 5465 3336 5536 idque
3363 5482 3430 5522 ex

1809 5550 2004 5606 allecto
2051 5567 2210 5617 meo,
2242 5567 2350 5607 non
2396 5569 2462 5609 ex
2492 5563 2669 5609 vestra
2717 5556 2926 5626 ignavia
2965 5557 3282 5627 proficisci;
3333 5561 3428 5614 sed

1811 5645 1994 5709 timeo,
2042 5661 2111 5700 ne
2160 5643 2298 5701 forte
2346 5647 2485 5702 bene
2538 5647 2865 5719 conjectem.
2916 5649 3240 5705 Persuasum
3282 5653 3426 5708 enim

1810 5735 2052 5794 habeatis
2099 5749 2354 5805 oportet,
2398 5741 2445 5796 si
2487 5757 2590 5812 qna
2646 5744 2698 5798 in
2730 5752 2880 5798 tanto
2925 5753 3173 5814 tempore
3218 5745 3428 5802 utilitas

1807 5833 2171 5902 provenisset,
2200 5833 2358 5888 nobis
2376 5833 2488 5904 jam
2510 5834 2730 5891 dicendi
2755 5836 2917 5892 linem
2943 5836 3250 5894 faciendum
3286 5838 3422 5892 fore.

1809 5923 1900 5980 Sic
1932 5925 2084 5982 vobis
2121 5939 2229 5982 non
2277 5942 2416 5997 opus
2441 5938 2590 5986 esset
2613 5931 2794 5990 verbis
2817 5969 2835 5986 .
2885 5945 3010 5987 cum
3037 5946 3102 5988 ea
3122 5973 3137 5997 ,
3169 5949 3290 6004 qum.
3314 5932 3420 6002 jam
