4034 6406
619 380 734 440 219

621 499 765 554 dicta
793 501 917 551 sunt
942 534 957 557 .
1008 491 1081 548 ita
1113 485 1378 545 sufﬁciant
1404 525 1418 549 .
1450 491 1508 536 ut
1532 488 1586 534 et
1614 477 1751 531 alios
1780 469 2046 528 moderari
2089 479 2213 535 pos-

628 593 766 654 sint;
798 589 845 644 si
872 585 1088 658 quidem
1117 583 1226 638 illis
1253 566 1562 635 absentibus
1585 567 1830 641 quaedam
1863 563 2016 618 vobis
2066 559 2210 658 utili-

631 694 713 738 tas
739 681 1042 736 accederet.
1074 674 1226 745 Quod
1247 685 1374 728 vero
1410 675 1672 739 perpetuo
1697 659 1914 716 monitis
1960 669 2095 722 opus
2124 651 2211 703 ha-

633 778 823 839 beatis,
848 775 899 828 id
927 781 1076 829 certe
1097 768 1229 824 nihil
1252 763 1396 820 aliud
1423 761 1641 824 indicat,
1681 769 1839 827 quam
1860 749 2000 821 quod
2041 759 2212 799 vestra

622 885 736 922 υυιι
763 875 907 921 recte
934 879 993 919 se
1020 863 1268 917 habeant.

705 958 950 1014 Remedia
971 965 1145 1010 contra
1170 952 1290 1006 vitia
1311 965 1374 1003 ea:
1400 945 1684 1014 Scripturis
1705 936 1972 994 sumenda.
1991 964 2058 974 -—-
2077 929 2214 998 Quid

622 1067 763 1122 ergo
791 1046 1125 1105 faciendum?
1151 1059 1258 1098 non
1287 1043 1432 1098 enim
1457 1033 1842 1107 objurgandum
1874 1037 1958 1083 est
1990 1037 2213 1080 tantum.

620 1115 867 1200 Obsecro
901 1149 955 1195 et
982 1155 1080 1194 oro
1103 1177 1118 1201 ,
1153 1152 1220 1191 ne
1247 1134 1301 1190 id
1332 1132 1505 1187 solum
1545 1124 1802 1192 spectetis
1825 1163 1840 1186 ,
1875 1128 1933 1174 ut
1963 1120 2017 1172 in
2043 1115 2213 1171 eccle-

618 1241 768 1293 ~siam
818 1233 1086 1296 veniatis;
1116 1229 1212 1301 sed
1265 1237 1323 1282 ut
1371 1225 1532 1279 etiam
1564 1220 1778 1274 domum
1811 1209 2042 1282 regressi
2071 1250 2086 1274 ,
2119 1221 2213 1261 ac-

621 1338 788 1400 cepto
807 1337 993 1383 contra
1021 1325 1148 1379 vitia
1178 1323 1466 1392 pbarmaco
1492 1357 1507 1380 ,
1538 1314 1582 1368 si
1613 1305 1717 1366 non
1742 1325 1770 1362 a
1800 1306 1956 1362 nobis
1981 1347 1996 1370 ,
2020 1302 2211 1356 saltem

633 1439 661 1474 α
692 1389 985 1491 ἐθήρευε-ξε
1026 1389 1375 1484 congruentia
1407 1405 1647 1462 habeatis
1685 1397 1945 1455 remedia.
1973 1389 2216 1459 Exempli

614 1525 793 1567 ocausa
864 1516 947 1564 est
966 1507 1089 1578 quis
1115 1483 1436 1559 iracundus?
1461 1495 1714 1552 Attendat
1741 1488 2056 1545 lectionibus
2075 1483 2217 1540 Scri-

638 1612 934 1671 pturarum,
960 1573 1014 1652 et
1041 1595 1261 1650 omnino
1284 1589 1410 1663 quid
1437 1586 1669 1657 reperiet
1694 1583 1779 1637 vel
1810 1582 1862 1634 in
1891 1578 2111 1633 historia
2135 1573 2218 1628 vel

639 1698 692 1749 in
715 1693 935 1749 monitis
961 1709 974 1744 :
1000 1691 1054 1744 in
1083 1686 1299 1743 monitis
1325 1721 1339 1748 ,
1370 1697 1491 1737 cum
1518 1680 1716 1734 dicitur
1746 1693 1760 1729 :
1793 1674 2105 1728 Momentum
2133 1672 2216 1738 [u-

639 1787 770 1840 roris
791 1785 900 1856 ejus
920 1783 1072 1836 ruina
1092 1779 1220 1849 ipsis
1249 1774 1436 1844 (Eccti.
1467 1774 1518 1828 1.
1539 1770 1672 1842 28);
1703 1778 1759 1822 et
1779 1808 1794 1833 ,
1826 1765 1915 1820 Vir
1943 1761 2219 1818 iracundus

641 1893 741 1930 non
767 1874 1022 1928 modestus
1039 1869 1233 1941 (Prov.
1267 1868 1353 1922 11.
1371 1865 1489 1934 25),
1522 1874 1575 1917 et
1596 1860 1788 1915 similia
1816 1876 1830 1922 ;
1855 1858 2045 1912 iterum
2068 1867 2217 1916 vero,

645 1968 737 2022 Vir
765 1967 1024 2036 linguosus
1049 1979 1150 2016 non
1175 1960 1417 2029 dirigetur
1454 1954 1623 2026 (I’sal.
1658 1950 1781 2006 l59.
1812 1949 1898 2018 12)
1931 1965 1946 2010 ;
1976 1959 2219 2036 rursum-

638 2076 742 2130 que
759 2034 1024 2122 Christus,
1050 2053 1153 2120 Qui
1175 2052 1409 2106 irascitur
1429 2046 1578 2118 fratri
1600 2059 1692 2098 suo
1707 2043 1815 2096 sine
1829 2055 1982 2093 causa
2003 2034 2219 2105 (Matth.

717 2151 836 2220 22);
864 2151 1165 2217 iterumque
1193 2140 1450 2213 propheta
1473 2179 1490 2203 ,
1515 2133 1823 2193 lrascimini,
1855 2140 1902 2184 et
1927 2127 2081 2183 nolite
2111 2140 2224 2195 pec-

628 2261 756 2298 -r.are
776 2241 946 2316 (Psal.
968 2240 1023 2296 4.
1049 2239 1145 2310 5).;
1172 2247 1248 2301 et,
1278 2231 1582 2288 Maledictus
1604 2233 1748 2299 [uror
1762 2240 1954 2285 eorum,
1977 2223 2096 2292 quia
2117 2235 2229 2290 per-

626 2310 795 2391 linat:-
830 2335 850 2408 (
881 2333 1008 2388 Gen.
1028 2331 1119 2388 49.
1151 2329 1181 2383 7
1213 2328 1252 2399 ).
1289 2326 1345 2380 in
1377 2323 1614 2378 historiis
1644 2333 1773 2374 vero
1795 2360 1808 2381 ,
1843 2326 1901 2370 ut
1923 2329 2045 2369 cum
2075 2310 2227 2365 audis

647 2405 978 2484 Pharaonem
1008 2425 1084 2478 ira
1116 2435 1304 2491 magna
1334 2420 1630 2479 incensum,
1660 2412 1893 2478 itemque
1922 2405 2223 2474 Assyrium,

643 2521 733 2592 qui
763 2520 861 2573 hac
881 2518 1132 2572 devcausa
1159 2511 1453 2583 perierunt.
1478 2505 1708 2559 Rursum
1733 2501 1821 2571 qui
1852 2511 2037 2552 amore
2064 2508 2227 2564 pecu-

648 2585 748 2666 nia:
789 2620 975 2680 captus
1022 2614 1105 2661 est
1135 2645 1152 2668 ,
1221 2600 1402 2656 audiat
1432 2618 1446 2652 :
1479 2596 1628 2651 Nihil
1665 2609 1818 2646 avaro
1857 2590 2080 2660 iniquius
2106 2602 2123 2640 :
2148 2585 2228 2638 hic

648 2705 788 2758 enim
819 2677 869 2756 et
892 2701 1115 2753 animum
1141 2711 1286 2750 suam
1315 2692 1543 2747 uenalem
1557 2686 1760 2742 exhibet
1791 2683 1976 2755 (Eccli.
2009 2680 2097 2735 10.
2130 2677 2184 2747 9)
2213 2693 2227 2740 ;

649 2805 702 2850 et
725 2793 934 2849 Christo
962 2790 1216 2844 dicente:
1250 2783 1373 2838 Non
1421 2781 1626 2852 potestis
1665 2776 1775 2830 Deo
1802 2775 1987 2830 servire
2030 2781 2076 2825 et
2123 2785 2234 2822 ma-

650 2901 812 2938 mona:
849 2885 868 2952 (
899 2881 1084 2936 Matth.
1131 2879 1184 2932 6.
1222 2875 1364 2946 24);
1393 2869 1713 2942 etApostolo
1742 2909 1758 2934 ,
1800 2866 1973 2921 Radix
2008 2864 2232 2918 omnium

637 2977 897 3030 malorum
919 2982 991 3028 est
1018 2969 1229 3024 auaritia
1252 2968 1300 3035 (l
1315 3006 1328 3019 .
1349 2965 1482 3019 Tim.
1503 2962 1556 3016 6.
1580 2961 1690 3031 l0);
1718 2969 1771 3014 et
1791 2956 2069 3028 propheta,
2091 2953 2234 3008 Divi-

651 3070 738 3124 tite
755 3069 796 3123 si
819 3066 1023 3136 aﬁluant
1041 3104 1055 3127 ,
1078 3061 1232 3115 nolite
1253 3075 1339 3112 cor
1356 3051 1792 3127 apponere(Psal.
1816 3050 1905 3106 61.
1928 3048 2020 3120 10)
2047 3089 2061 3113 ,
2085 3046 2229 3100 mul-

655 3172 813 3230 taque
832 3158 934 3211 alia
961 3155 1174 3210 similia.
1194 3151 1271 3206 Ex
1305 3148 1562 3209 historiis,
1582 3145 1787 3198 habetis
1808 3142 1953 3197 Giezi
1977 3182 1990 3204 ,
2021 3138 2233 3202 ludam,

657 3252 921 3323 principes
954 3248 1246 3303 scribarum
1278 3286 1292 3306 ,
1323 3253 1376 3297 et
1422 3240 1562 3312 quod
1607 3238 1750 3292 Dona
1783 3244 2036 3290 excaecant
2064 3231 2237 3286 oculos

656 3346 960 3417 sapientium
999 3340 1190 3415 (Exod.
1219 3339 1309 3393 2'5.
1333 3339 1386 3392 8.
1415 3335 1568 3389 Deut.
1591 3332 1796 3400 l6.l9).
1845 3328 1997 3382 Alius
2043 3334 2126 3380 est
2140 3339 2238 3379 .su-

662 3436 902 3508 perbus?
927 3434 1117 3491 Audiat
1145 3431 1276 3487 illud
1297 3472 1312 3496 ,
1349 3429 1483 3482 Deus
1509 3425 1736 3494 superbis
1756 3422 1941 3477 resistit
1971 3418 2152 3491 (Prov.
2182 3418 2236 3473 ὃ.

644 3531 747 3602 51)
767 3541 880 3597 ;ret,
914 3525 1234 3598 Principium
1254 3522 1502 3592 superbire
1517 3529 1774 3589 peccatum
1797 3514 1982 3587 (Eccli.
2009 3512 2094 3567 10.
2128 3511 2239 3579 li);

656 3634 735 3691 et,
752 3623 934 3678 Omnis
948 3619 1176 3676 sublimis
1192 3616 1342 3671 corde
1361 3616 1592 3680 impurus
1611 3608 1748 3678 apud
1770 3606 2041 3660 Dominum
2061 3603 2241 3673 (Prov.

659 3708 746 3771 18.
761 3715 839 3785 5).
863 3713 928 3768 Et
943 3714 996 3768 in
1012 3708 1246 3766 historiis
1271 3748 1287 3774 ,
1319 3704 1565 3777 respicite
1582 3700 1850 3757 diabolum
1867 3699 2105 3768 aliosque
2131 3711 2246 3749 om-

662 3820 780 3860 nes.
797 3803 853 3860 ln
869 3817 1075 3859 summa
1093 3800 1221 3874 (non
1244 3799 1385 3853 enim
1409 3808 1690 3865 possumus
1715 3793 1890 3846 omnia
1917 3787 2243 3859 recensere),

662 3898 856 3968 singuli
873 3910 1090 3951 suorum
1107 3890 1382 3947 vulnerum
1405 3888 1690 3960 pharmaca
1712 3900 1777 3940 ex
1801 3882 2090 3954 Scripturis
2111 3880 2247 3933 divi-

665 3993 747 4046 nis
763 3991 1018 4060 deligant:
1036 3997 1089 4043 et
1107 3987 1150 4041 si
1169 3993 1460 4040 nontolum
1477 3982 1654 4042 simul.
1673 3989 1872 4048 partem
1892 3992 2052 4031 unam
2069 3974 2246 4041 hodie,

667 4091 866 4150 partem
883 4080 1111 4136 crastina
1131 4077 1294 4144 die,et
1313 4077 1391 4131 sic
1406 4071 1817 4129 omniaabluite.
1843 4069 2060 4124 Etcirca
2082 4069 2250 4139 paeni-

667 4174 967 4237 tentiam,et
979 4171 1119 4226 circa
1139 4166 1697 4229 confessionetn.circa
1713 4162 2131 4231 eleemosynam,
2149 4159 2252 4212 cir-

669 4282 731 4321 ca
747 4262 1368 4335 :equitatem,castitatem
1387 4268 1688 4325 czeteraque
1705 4251 2152 4320 omnia,exempla
2172 4265 2255 4304 re-

673 4359 868 4428 peries.
896 4355 1021 4409 Herc
1046 4355 1242 4425 quippe
1265 4351 1433 4406 omnia
1459 4350 1648 4418 scripta
1668 4356 1784 4400 sunt
1806 4345 1874 4398 ad
1895 4343 2256 4399 institutionem

685 4460 914 4504 nostram
947 4448 965 4516 (
989 4445 1144 4500 Rom.
1173 4445 1261 4500 15.
1287 4443 1322 4498 4
1346 4443 1387 4513 ),
1418 4441 1610 4510 inquit.
1636 4439 1693 4493 Si
1726 4438 1905 4506 itaque
1932 4437 1983 4490 in
2013 4434 2255 4492 admoni-

674 4547 871 4598 tionem
900 4550 1136 4595 nostram
1164 4538 1304 4602 (circa
1347 4534 1523 4589 omnia
1553 4533 1770 4587 disserit
1799 4572 1812 4591 .
1837 4529 2174 4584 attendamus
2203 4536 2259 4581 ut

681 4651 774 4705 par
800 4643 900 4689 est.
931 4630 1067 4697 Quid
1099 4628 1297 4683 frustra
1346 4642 1444 4680 nos
1475 4626 1619 4695 ipsos
1649 4620 1996 4692 decipimus?
2027 4619 2211 4673 Timeo
2241 4661 2255 4684 ,

680 4740 746 4779 ue
768 4723 836 4779 de
866 4723 1015 4777 nobis
1045 4721 1250 4776 dicatur
1285 4735 1298 4771 :
1328 4715 1635 4787 Defecerunt
1680 4715 1733 4768 in
1762 4714 1982 4766 vanitate
2026 4712 2132 4764 dies
2162 4726 2258 4763 no-

681 4815 774 4867 stri
791 4857 805 4880 ,
833 4824 878 4867 et
925 4813 1046 4866 anni
1088 4810 1246 4866 nostri
1294 4825 1409 4863 cum
1438 4805 1796 4879 festinatione(
1825 4802 1968 4858 Psal.
2007 4802 2096 4857 67.
2122 4801 2190 4855 55
2216 4803 2257 4870 ).

684 4907 814 4974 Quis
843 4920 938 4959 nos
959 4903 1184 4957 audiens
1208 4900 1464 4955 abscessit
1490 4915 1517 4952 a
1548 4898 1772 4953 theatris
1799 4898 1821 4950 ἲ
1848 4895 1966 4965 quis
1995 4894 2062 4948 ab
2083 4893 2257 4947 avari-

687 5003 758 5055 tia
789 4999 993 5054 destitit
1018 4998 1042 5050 ?
1070 4996 1190 5068 quis
1216 4993 1506 5049 ferventior
1535 4990 1708 5045 factus
1737 4999 1818 5044 est
1857 4988 1921 5042 ad
1967 4988 2264 5055 eleemosy-

688 5108 806 5150 nam
830 5092 854 5145 ?
883 5089 1083 5146 Vellem
1115 5090 1252 5144 scire
1271 5128 1286 5151 ,
1320 5102 1424 5140 non
1454 5099 1605 5139 vanae
1630 5082 1816 5153 gloriae
1842 5095 2008 5136 causa
2036 5122 2050 5139 .
2083 5079 2175 5134 sed
2210 5087 2266 5131 ut

685 5183 914 5238 alacrior
938 5168 1128 5237 tierent)
1152 5222 1166 5245 ,
1194 5177 1382 5234 videns
1407 5176 1678 5248 egregium
1725 5172 1970 5227 laborum
2013 5170 2266 5224 fructum.

697 5278 847 5332 Nunc
889 5285 1067 5330 autem
1104 5271 1372 5341 quomodo
1398 5271 1547 5342 operi
1575 5282 1790 5324 manum
1820 5263 2116 5319 admovebo
2145 5305 2159 5328 ,
2195 5272 2266 5313 lnl

694 5369 949 5424 doctrinae
990 5367 1189 5420 imbres
1216 5364 1478 5418 demissos
1519 5361 1706 5416 videns
1728 5401 1742 5423 ,
1777 5366 1830 5412 et
1858 5366 2068 5425 segetes
2098 5356 2147 5406 in
2178 5369 2268 5405 ca-

694 5464 814 5516 dem
841 5475 1087 5525 mensura
1122 5456 1274 5513 nobis
1294 5461 1596 5514 manentes.
1631 5465 1729 5505 nec
1750 5449 1982 5518 majores
2010 5461 2130 5500 esse
2159 5447 2272 5498 fru-

696 5550 1107 5609 ctuslbemum
1156 5562 1296 5603 areae
1339 5555 1550 5613 tempus
1590 5541 1790 5605 adest,
1830 5553 1939 5609 quo
1989 5537 2274 5592 adbibi-tur

696 5643 1075 5699 ventilabrum.
1099 5641 1307 5699 Timeo.
1332 5653 1398 5692 ne
1422 5647 1592 5692 totum
1622 5634 1693 5688 sit
1719 5632 1916 5686 fumum
1951 5646 1964 5683 :
1996 5633 2178 5688 timeo,
2209 5644 2274 5682 ue

700 5752 891 5792 omnes
917 5737 968 5789 in
995 5734 1262 5790 caminum
1294 5729 1660 5799 conjiciamur.
1691 5723 1954 5780 Prmeriit
1978 5737 2161 5787 testas,
2183 5735 2273 5774 ve-

703 5831 781 5887 nit
826 5828 1040 5894 hiems;
1069 5824 1317 5882 sedemus
1347 5820 1568 5892 juvenes
1601 5828 1654 5873 et
1693 5831 1851 5872 sones
1877 5814 2106 5886 propriis
2135 5811 2273 5883 capti

1342 368 1399 424 S.
1440 358 1717 422 JOANNIS
1753 343 2231 412 CllRYSOSTOMl
2269 342 2585 399 ARClllEP.
2624 335 3159 396 CONSTANTINOP.

3823 318 3926 374 Ἀθ

2328 446 2487 513 vitiis.
2520 457 2598 512 Ne
2631 457 2758 511 mihi
2785 456 2951 513 dicas.
2969 453 3086 508 Non
3111 458 3337 507 scortor.
3360 447 3491 516 Qua:
3521 444 3670 500 enim
3699 439 3922 497 utilitas:

2326 553 2369 604 si
2399 565 2503 604 non
2536 549 2791 604 scortaris
2820 546 3036 617 quidem
3066 585 3084 610 ,
3111 543 3206 599 sed
3233 557 3426 596 avarus
3456 556 3515 594 es
3536 541 3561 592 ?
3587 539 3790 593 Passer
3815 533 3919 589 etsi

2326 657 2431 696 non
2463 657 2527 695 ex
2559 641 2703 694 omni
2739 649 2888 708 parte
2908 679 2924 704 ,
2958 637 3054 690 sed
3079 651 3108 688 a
3141 635 3274 704 pede
3301 644 3508 687 tantum
3539 637 3798 684 teneatur
3822 667 3839 690 ,
3865 636 3918 680 et

2325 735 2393 786 ita
2427 731 2599 801 perit,
2634 731 2686 784 iu
2712 731 2902 800 laqueo
2930 729 3172 782 irretitus
3192 767 3208 790 ,
3245 742 3342 781 nec
3370 733 3596 794 prosunt
3633 721 3738 774 ala:
3765 729 3919 784 capto

2324 822 2477 890 pede.
2523 823 2610 877 Sic
2648 831 2701 874 et
2743 830 2796 874 tu
2825 859 2842 884 ,
2877 834 2982 873 nou
3014 829 3206 887 captus
3233 832 3291 871 es
3325 832 3421 885 per
3448 813 3868 870 fornicationem
3899 851 3917 875 ,

2323 915 2415 968 sed
2438 924 2626 984 captus
2645 915 2870 967 avaritia
2897 932 2909 966 :
2939 920 3127 981 captus
3147 921 3294 965 certe
3315 925 3375 964 es
3400 928 3414 974 ;
3439 923 3616 979 neque
3637 906 3914 976 quaeritur.

2323 1006 2598 1076 quomodo
2631 1015 2821 1074 captus
2857 1006 2932 1058 sis
2952 1045 2968 1068 ,
2997 1003 3092 1058 sed
3140 1001 3281 1072 quod
3313 1011 3502 1069 captus
3533 1001 3634 1053 sis.
3663 996 3744 1052 Ne
3781 996 3918 1049 dicat

2318 1098 2532 1167 juvenis
2562 1115 2576 1152 :
2609 1112 2712 1151 non
2763 1111 2881 1150 sum
2913 1110 3108 1149 avarus
3145 1112 3160 1159 ;
3202 1092 3295 1147 sed
3337 1091 3476 1147 forte
3517 1090 3829 1146 fornicaris.
3856 1087 3920 1141 Et

2323 1203 2442 1257 quas
2487 1187 2733 1240 utilitas?
2762 1187 2877 1240 Non
2923 1193 3146 1255 possunt
3174 1185 3316 1237 enim
3353 1184 3533 1235 omnia
3567 1184 3703 1234 vitia
3737 1180 3791 1233 in
3821 1194 3918 1232 una

2322 1289 2478 1334 aetate
2495 1280 2717 1349 reperiri
2746 1321 2761 1342 ,
2799 1278 2895 1333 sed
2925 1279 3158 1332 discreta
3195 1277 3284 1330 illa
3321 1286 3478 1338 sunt,
3514 1275 3681 1343 idque
3708 1288 3805 1340 per
3835 1271 3922 1325 Dei

2325 1373 2728 1443 benignitatem,
2757 1387 2826 1426 ne
2847 1371 2890 1425 si
2911 1371 3070 1424 simul
3094 1369 3372 1434 invadant,
3388 1369 3636 1437 superari
3658 1375 3927 1435 nequeant

2323 1477 2378 1520 et
2407 1465 2621 1536 gravius
2651 1465 2806 1520 nobis
2835 1473 3106 1518 certamen
3138 1462 3473 1516 exhibeatur.
3506 1461 3746 1526 Quanta.-
3778 1459 3925 1526 igua-

2324 1562 2424 1614 vize
2450 1576 2555 1614 non
2597 1558 2770 1620 fuerit,
2807 1574 2873 1612 ne
2901 1566 3147 1625 separata
3187 1547 3402 1626 quidem
3448 1555 3575 1606 vitia
3614 1567 3783 1620 posse
3813 1553 3926 1603 vin-

2325 1666 2468 1714 che,
2501 1650 2593 1704 sed
2625 1665 2720 1717 per
2745 1648 2980 1718 singulas
3009 1657 3197 1701 aetates
3228 1647 3365 1700 vinci
3390 1688 3403 1708 ,
3430 1655 3594 1714 atque
3625 1645 3806 1696 altum
3841 1657 3926 1695 sa-

2326 1759 2453 1815 pere
2484 1744 2534 1796 in
2564 1743 2628 1795 iis
2656 1785 2671 1807 ,
2705 1758 2823 1810 qua:
2857 1756 2961 1794 non
3000 1756 3064 1794 ex
3109 1748 3292 1794 nostro
3323 1737 3500 1791 studio
3523 1779 3536 1799 ,
3572 1735 3673 1790 sed
3709 1751 3777 1789 ex
3809 1735 3924 1802 ipsa

2324 1844 2480 1890 {etate
2501 1835 2780 1903 sapiuutur
2801 1833 2822 1885 ?
2846 1832 2961 1887 Non
2990 1831 3181 1885 videtis
3203 1831 3437 1900 aurigas,
3461 1839 3668 1898 quanta
3697 1827 3926 1894 diligen-

2329 1929 2396 1982 tia
2420 1937 2472 1981 et
2498 1925 2884 1981 exercitatione
2911 1967 2924 1988 ,
2947 1928 3160 1994 quantis
3193 1923 3466 1978 laboribus
3493 1931 3730 1975 utuntur
3757 1962 3772 1984 ,
3806 1930 3931 1988 quot

2327 2019 2460 2074 cibis
2498 2019 2726 2087 aliisque
2766 2018 3018 2072 omnibus
3043 2056 3056 2077 ,
3089 2027 3148 2069 ut
3179 2032 3246 2069 ne
3273 2014 3595 2082 dejiciantur
3623 2012 3696 2068 de
3729 2012 3932 2065 curru?

2329 2113 2462 2167 Vide
2487 2121 2682 2182 quanta
2712 2111 2782 2163 sit
2809 2125 2919 2164 ars.
2945 2108 3078 2164 Nam
3110 2110 3191 2162 vir
3227 2109 3478 2162 robustus
3510 2122 3576 2160 ne
3608 2121 3786 2160 unum
3818 2105 3929 2173 qui~

2330 2205 2451 2259 dem
2472 2219 2666 2274 equum
2695 2217 2839 2271 s:npe
2867 2200 3135 2254 moderari
3167 2199 3331 2269 possit
3355 2216 3370 2262 ;
3396 2199 3522 2252 dum
3547 2198 3933 2251 adolescentu-

2331 2296 2416 2350 lus
2451 2305 2566 2348 arte
2598 2305 2756 2348 utens
2780 2336 2795 2356 ,
2838 2291 2973 2345 duos
3018 2290 3176 2345 facile
3223 2289 3537 2343 moderatur
3570 2299 3627 2342 et
3658 2287 3838 2342 ducit.
3872 2287 3934 2340 Et

2331 2388 2468 2456 apud
2499 2385 2657 2441 ludos
2685 2385 2874 2451 ingens
2898 2383 2984 2436 illa
3006 2392 3061 2436 et
3083 2380 3433 2435 formidabilis
3461 2381 3639 2434 bellua
3670 2379 3936 2448 elephan-

2333 2489 2417 2534 tus
2443 2495 2613 2549 puero
2639 2477 2943 2547 quindecim
2976 2490 3235 2530 annorum
3267 2489 3389 2527 cum
3424 2487 3614 2541 magna
3646 2472 3936 2524 alacritate

2333 2571 2529 2625 cedere
2554 2570 2770 2624 dicitur.
2795 2567 2902 2622 Cur
2929 2569 3043 2620 ba-c
3072 2581 3102 2619 a
3127 2583 3212 2619 me
3231 2564 3369 2618 dicta
3402 2563 3564 2617 sunt?
3592 2563 3732 2631 Quia
3760 2563 3806 2617 si
3831 2566 3940 2616 elc-

2337 2663 2563 2733 phantas
2609 2671 2663 2717 et
2710 2676 2879 2731 equos
2931 2660 3072 2715 feros
3121 2657 3300 2712 studio
3347 2666 3403 2711 et
3446 2665 3562 2708 arte
3607 2655 3935 2716 domamus;

2337 2755 2503 2808 multo
2531 2754 2700 2822 magis
2731 2751 2956 2806 allectus
2986 2761 3221 2812 nostros,
3243 2747 3333 2817 qui
3367 2748 3417 2800 in
3449 2747 3603 2800 nobis
3631 2755 3761 2800 sunt
3781 2787 3797 2809 ,
3825 2746 3942 2799 vin-

2335 2863 2539 2904 cemus.
2573 2847 2855 2903 Uudeuam
2885 2843 3208 2899 resolvimur
3233 2858 3327 2910 per
3349 2851 3510 2895 totam
3535 2845 3699 2893 vitam
3723 2841 3748 2892 ?
3772 2840 3943 2894 Nunt-

2337 2955 2494 3010 quam
2517 2948 2684 2994 artem
2709 2938 2850 2991 illam
2874 2936 3211 2992 curavimus:
3233 2948 3519 3001 numquam
3543 2932 3639 2985 otii
3664 2942 3938 3000 tempore,

2339 3047 2368 3084 a
2391 3033 2682 3087 certamine
2705 3038 2979 3094 vacantes,
3008 3027 3146 3098 apud
3175 3040 3273 3081 nos
3295 3025 3649 3080 disseruimus
3670 3024 3939 3093 quidnam

2341 3124 2472 3179 utile
2500 3125 2588 3178 sit.
2619 3121 2769 3178 Tunc
2793 3137 2891 3177 nos
2921 3123 2972 3176 iu
3002 3137 3164 3176 curru
3193 3127 3400 3174 stantes
3425 3119 3547 3188 quis
3567 3116 3745 3172 videat
3766 3158 3782 3180 ,
3813 3130 3940 3172 cum

2342 3227 2611 3272 certamen
2652 3217 2862 3270 instat:
2897 3214 3016 3268 ideo
3067 3212 3272 3268 ridiculi
3301 3225 3504 3267 sumus.
3554 3212 3747 3264 Annon
3793 3225 3944 3279 smpe

2343 3310 2450 3364 dixi
2485 3327 2497 3363 :
2533 3309 2898 3363 Exerceamur
2917 3321 3036 3360 cum
3059 3305 3373 3360 domesticis
3394 3311 3518 3357 ante
3541 3301 3899 3356 tentationem
3923 3300 3946 3352 2

2345 3403 2618 3458 Adversus
2646 3415 2843 3472 pueros
2869 3415 3011 3469 saepe
3037 3398 3181 3452 domi
3205 3410 3592 3466 exasperamur
3621 3413 3634 3448 :
3667 3393 3778 3448 illic
3808 3395 3946 3448 iram

2347 3495 2628 3560 sedemus,
2659 3503 2718 3548 ut
2750 3494 2836 3547 illa
2868 3491 3004 3562 apud
3031 3490 3233 3544 amicos
3259 3488 3516 3544 facilitate
3558 3487 3638 3540 usi
3669 3500 3947 3562 appareaf

2347 3602 2487 3642 mus.
2530 3588 2587 3641 ln
2618 3586 2737 3640 aliis
2777 3599 2992 3654 quoque
3021 3583 3269 3636 omnibus
3300 3583 3344 3636 si
3377 3594 3760 3637 exerceremur
3785 3620 3802 3642 ,
3837 3557 3948 3634 non

2349 3683 2532 3751 utique
2564 3681 2616 3733 in
2648 3677 3035 3733 certaminibus
3065 3673 3275 3730 ridiculi
3296 3689 3562 3729 essemus.
3586 3671 3740 3727 Nunc
3759 3684 3951 3726 autem

2351 3789 2498 3828 arma
2528 3771 2743 3841 quidem
2771 3780 2934 3832 sunt,
2967 3766 3224 3823 exercitia
3261 3775 3315 3820 et
3353 3765 3526 3819 studia
3561 3766 3611 3816 in
3643 3765 3860 3818 artibus
3891 3776 3948 3818 et

2352 3862 2733 3918 certaminibus
2757 3876 2772 3924 ;
2804 3859 2857 3913 iu
2886 3859 3083 3912 virtute
3113 3857 3354 3910 minium.
3397 3854 3512 3910 Non
3541 3854 3764 3908 auderet
3793 3857 3950 3925 agri-

2353 3955 2469 4009 cola
2499 3955 2706 4008 vineam
2729 3950 2966 4021 aggredi,
2997 3951 3097 4003 nisi
3125 3949 3268 4017 prius
3290 3957 3438 4002 recte
3465 3948 3518 4001 in
3543 3947 3752 4000 cultura
3785 3963 3956 4001 exer-

2354 4047 2583 4109 citatus;
2615 4059 2786 4114 neque
2819 4043 3142 4112 gubernatur
3183 4039 3249 4095 ad
3295 4038 3657 4110 gubernacula
3702 4039 3908 4094 sedere
3939 4081 3954 4100 ,

2357 4155 2462 4194 non
2492 4148 2614 4193 ante
2643 4137 2806 4206 probe
2827 4136 3152 4190 exercitatus
3186 4151 3198 4186 :
3233 4150 3337 4186 nou
3366 4147 3494 4186 vero
3535 4131 3803 4199 inexperti
3829 4147 3959 4186 cum

2359 4234 2525 4286 simus
2551 4273 2564 4295 ,
2609 4231 2810 4298 primas
2848 4237 3033 4282 tenere
3076 4225 3342 4279 volumus.
3393 4223 3678 4292 Oporleret
3722 4232 3913 4276 tacere
3942 4265 3957 4286 ,

2361 4332 2635 4394 oporteret
2678 4337 2798 4376 cum
2841 4321 2989 4374 nullo
3027 4319 3431 4372 communicare
3473 4315 3553 4369 vel
3599 4315 3825 4384 negotio
3876 4316 3958 4366 γει

2361 4433 2613 4475 sermone
2635 4459 2648 4482 ,
2675 4415 2849 4470 donec
2881 4427 3163 4483 possemus
3191 4410 3358 4465 feram
3387 4452 3401 4475 ,
3427 4425 3547 4478 qua:
3575 4409 3625 4461 iu
3660 4409 3824 4462 nobis
3854 4421 3958 4469 e~t.

2363 4517 2620 4571 cicurare.
2667 4509 2862 4566 Annon
2911 4508 3021 4562 fera
3059 4506 3205 4561 omni
3253 4503 3484 4559 ferocior
3527 4501 3822 4556 adversum
3866 4519 3961 4556 ιιι-ς

2364 4613 2602 4678 pugnant
2642 4611 2694 4657 et
2739 4601 2888 4655 furor
2931 4609 2987 4654 et
3027 4595 3508 4665 concupiscentia?
3554 4593 3632 4648 Ne
3678 4595 3732 4647 in
3779 4595 3960 4648 forum

2367 4713 2559 4771 pergas
2592 4711 2712 4751 cum
2747 4695 2896 4747 hisce
2939 4691 3064 4751 feris
3086 4729 3100 4752 ,
3133 4689 3307 4742 donec
3335 4687 3440 4741 illis
3465 4688 3674 4741 fretmm
3707 4698 3840 4754 apte
3869 4688 3964 4740 im-

2369 4790 2600 4846 miseris.
2623 4787 2796 4840 donec
2837 4783 2956 4836 illas
2996 4779 3341 4851 cicuraveris.
3376 4777 3487 4831 Non
3520 4777 3667 4831 vides
3699 4777 3840 4832 istos
3873 4778 3964 4831 bo-

2370 4883 2564 4943 mines,
2584 4877 2671 4948 qui
2694 4883 3005 4931 mansuetos
3027 4873 3208 4926 leones
3227 4885 3319 4940 per
3335 4870 3503 4923 lorum
3526 4869 3961 4930 circumducunt.

2371 4987 2626 5044 quantum
2653 4973 2931 5025 lucrentur
2957 4977 3011 5020 et
3040 4966 3091 5019 in
3121 4963 3470 5020 admiratione
3492 4963 3600 5016 sint
3626 4964 3800 5031 ,‘quia
3837 4964 3964 5017 irra-

2375 5067 2610 5122 tiouabili
2657 5065 2786 5119 ferae
2834 5069 3034 5114 tantam
3081 5054 3545 5111 mansuetudinem
3594 5053 3896 5108 indidere?
3925 5055 3964 5108 si

2374 5171 2500 5213 vero
2532 5163 2753 5225 repente
2796 5152 3021 5206 ferociat
3051 5149 3138 5203 leo
3167 5190 3183 5212 ,
3227 5162 3418 5201 nnmes
3447 5144 3535 5214 qui
3579 5144 3632 5197 in
3679 5143 3809 5199 foro
3850 5158 3968 5200 sum

2376 5253 2560 5320 abigit,
2594 5258 2648 5303 et
2677 5246 2867 5300 ductor
2897 5243 3012 5310 ejus
3039 5239 3376 5310 periclitatur
3405 5278 3421 5302 ,
3451 5235 3676 5305 aliisque
3706 5237 3965 5304 perniciei

2375 5359 2532 5396 causa
2561 5355 2663 5395 est.
2696 5336 2764 5390 Et
2802 5336 2858 5388 tu
2887 5349 3014 5403 ergo
3043 5334 3254 5386 leonem
3287 5329 3434 5399 prius
3463 5328 3642 5382 cicura
3677 5368 3692 5390 ,
3732 5337 3968 5399 tuncque

2377 5433 2686 5491 circumduc
2713 5432 2861 5484 illum
2889 5445 2903 5492 ;
2934 5444 3037 5484 non
3070 5434 3128 5480 ut
3169 5424 3447 5493 pecuniam
3479 5423 3716 5489 accipias
3743 5426 3892 5488 ,_sed
3922 5436 3968 5476 ut

2379 5530 2583 5584 lucrum
2613 5523 2823 5579 referas
2848 5562 2863 5586 ,
2891 5521 2977 5575 cui
3008 5534 3105 5589 par
3135 5516 3340 5572 nullum
3371 5526 3476 5571 est.
3519 5514 3664 5569 Nihil
3700 5517 3850 5570 enim
3887 5533 3972 5586 par

2382 5631 2463 5676 est
2493 5614 2910 5677 mansuetudini,
2943 5628 3061 5682 qua:
3091 5619 3147 5665 et
3177 5608 3575 5679 possidentibus
3607 5617 3663 5661 et
3694 5610 3972 5663 utentibus

2385 5711 2673 5768 admodum
2701 5707 2847 5761 utilis
2877 5714 2980 5759 est.
3012 5705 3160 5758 llanc
3187 5700 3345 5770 igitur
3365 5709 3640 5753 sectemur
3666 5740 3682 5759 ,
3719 5709 3776 5751 ut
3808 5701 3970 5769 possi-

2378 5797 2510 5861 mus
2539 5809 2748 5856 virtutis
2777 5797 2914 5852 viam
2944 5805 3190 5851 accurate
3219 5792 3422 5848 emensi
3443 5831 3458 5858 ,
3487 5801 3692 5845 aeterna
3718 5789 3969 5864 consequi
