4034 6418
50 431 176 486 210

42 549 234 602 ἄλλον
260 549 562 620 τεκμήριόν
589 549 824 620 ἑστιν,ἡ
871 549 965 602 τοῦ
1014 548 1081 600 τά
1115 546 1360 619 ὑμέτερα
1416 545 1493 616 μὴ
1547 542 1756 612 σφόδρα

40 635 375 689 διακεῖσθαι
404 637 675 706 ἀκριϐῶς.

123 725 203 776 Τί
232 720 327 778 οὗν
359 725 425 779 ἂν
453 727 697 794 γένοιτο;
729 726 789 778 οὐ
819 725 929 796 γὰρ
956 724 1212 793 ἐγκαλεῖν
1238 723 1320 776 δεῖ
1342 721 1525 793 μόνον.
1569 719 1756 788 Παρα-

43 813 222 865 καλῶ
253 814 352 867 καὶ
376 814 568 883 δέομαι
599 815 673 885 μή
696 814 852 867 τοῦτο
885 813 1048 882 μόνον
1075 811 1238 883 ὁρᾷν,
1269 811 1421 873 ὅπως
1443 811 1522 871 εἰς
1550 806 1754 874 ἐκκλη-

45 901 184 953 σίαν
217 903 552 972 ὲμϐάλλητε,
588 902 702 954 ἀλλ’
736 903 885 964 ὅπως
912 918 966 953 τι
986 902 1081 954 καὶ
1109 900 1370 962 λαϐόντες
1406 895 1593 951 οἴκαδε
1627 896 1764 948 ἀνα-

43 990 290 1058 χωρῆτε
339 990 449 1041 τῶν
489 989 706 1042 οἰκείων
745 989 1039 1058 φάρμακον
1090 987 1320 1049 παθῶν,
1374 985 1479 1040 κᾶν
1531 983 1606 1054 μὴ
1635 979 1765 1051 παρ’

42 1075 253 1146 ἡμῶν,
288 1076 426 1130 ἀλλά
455 1075 606 1146 παρὰ
650 1075 761 1128 τῶν
815 1075 1050 1146 Γραφῶν
1114 1075 1276 1145 ἔχητε
1326 1073 1399 1126 τὰ
1449 1070 1767 1140 κατάλληλα

48 1165 370 1234 φάρμακα.
398 1157 546 1226 Οἶον,
573 1162 689 1216 ἐστι
719 1181 803 1226 τις
833 1162 1096 1232 θυμικός;
1135 1161 1463 1232 Προσεχέτω
1491 1149 1613 1221 ταῖς
1658 1157 1769 1210 τῶν

44 1252 312 1322 Γραφῶν
342 1249 707 1320 ἀναγνώσεσι,
743 1251 838 1303 καὶ
865 1249 1085 1312 πάντως
1125 1250 1354 1320 εὑρήσει
1384 1248 1417 1317 ἦ
1468 1249 1526 1299 ἐν
1557 1244 1771 1317 ἱστορίᾳ

45 1339 85 1409 ἢ
120 1339 466 1409 παραινέσει
498 1354 513 1368 ·
538 1341 597 1391 ἑν
623 1337 947 1409 παραινέσει
972 1337 1096 1406 μὲν,
1123 1337 1253 1391 ὅταν
1284 1337 1535 1406 λέγηται,
1570 1333 1642 1388 Ἠ
1660 1333 1769 1401 ῥο-

48 1424 146 1493 πὴ
175 1425 292 1478 τοῦ
323 1423 517 1493 θυμοῦ
543 1425 730 1479 αὑτοῦ
757 1422 986 1489 πτῶσις
1013 1421 1178 1488 αὐτῷ
1203 1440 1218 1454 ·
1271 1424 1388 1486 καὶ,
1441 1422 1620 1488 Ἀνὴρ
1665 1423 1770 1473 6v-

43 1513 406 1581 μώδηςοὺκ
427 1513 900 1581 εὐσχήμων,καὶ
957 1513 1058 1564 ὃσα
1107 1510 1334 1564 τοιαῦτα
1363 1528 1378 1541 ο
1435 1509 1531 1561 καὶ
1584 1507 1770 1570 πάλιν,

68 1600 266 1669 Ἀνὴρ
296 1601 668 1669 τλωσσώδης
711 1604 784 1654 οὐ
814 1599 1373 1666 κατευθυνθήσεται
1395 1616 1408 1627 ·
1455 1598 1602 1650 καὶὸ
1639 1596 1773 1665 Χρι-

55 1687 202 1751 στὸς
233 1687 423 1747 πάλιν.
458 1688 521 1740 ’0
544 1686 916 1757 ὀργιζόμενος
944 1686 1025 1751 τῷ
1057 1681 1300 1755 ἀδελφῷ
1337 1685 1525 1739 αὑτοῦ
1584 1682 1719 1748 εἰκῆ
1755 1699 1768 1712 ·

54 1777 166 1829 καὶ
188 1776 358 1829 πάλιν
386 1779 414 1830 ό
444 1779 749 1847 προφήτης,
775 1775 1124 1845 Ὀργίζεσθε,
1152 1775 1252 1828 καὶ
1271 1773 1355 1843 μὴ
1376 1772 1766 1842 ἁμαρτάνετε·

55 1865 188 1927 καὶ,
231 1864 696 1932 Ἐπικατάρατος
718 1867 751 1918 ό
777 1863 962 1931 θυμὸς
987 1862 1207 1928 αὐτῶν,
1245 1861 1337 1915 ὅτι
1368 1859 1656 1925 αὐθάδης.
1679 1859 1772 1912 Ἐν

57 1951 123 2006 δὲ
169 1952 464 2023 ἱστορίαις,
498 1947 610 2004 οἷον
649 1953 779 2005 ὅταν
809 1951 1017 2022 ἀκούῃς
1050 1951 1143 2002 τὸν
1170 1950 1375 2020 Φαραὼ
1419 1949 1620 2018 πολλῆς
1673 1949 1773 2015 ἐμ-

59 2040 474 2110 πεπλησμένον
501 2040 697 2110 ὀργῆς,
727 2041 824 2092 καλ⁸
864 2040 956 2092 τὸν
987 2039 1308 2109 Ἀσσύριον,
1345 2042 1441 2091 καὶ
1472 2037 1561 2090 διὰ
1616 2034 1774 2087 τοῦτο

57 2127 510 2196 ἀπολλυμένους.
565 2127 734 2180 Πάλιν
763 2127 879 2180 ἐστι
941 2144 1024 2189 τις
1062 2125 1374 2197 ἡττώμενος
1425 2123 1769 2194 χρημάτωνς

57 2216 450 2281 ἁκουέτω,ὂτι
481 2217 857 2284 Φιλαργύρου
899 2215 1084 2269 οὐδὲν
1119 2213 1498 2283 ἀνομώτερον
1524 2230 1536 2242 ·
1597 2208 1779 2277 οὗτος

29 2306 188 2376 ,γὰρ
222 2306 321 2358 καὶ
356 2306 474 2372 τὴν
503 2305 718 2375 ψυχὴν
750 2305 939 2360 αὐτοῦ
981 2317 1006 2345 ι
1042 2305 1390 2372 ἐκπρακτον
1423 2301 1585 2354 ποιεῖ
1607 2319 1619 2331 '
1682 2303 1776 2354 καὶ

59 2393 167 2446 τοῦ
208 2393 448 2464 Χριστοῦ
479 2393 749 2460 λέγοντος,
773 2396 855 2445 Οὐ
879 2392 1147 2447 δύνασθε
1184 2390 1306 2456 Θεῷ
1337 2390 1658 2444 δουλεύειν
1678 2390 1777 2443 καὶ

61 2475 334 2546 μαμωνᾷ
361 2495 375 2507 ο
412 2478 507 2529 καὶ
533 2476 627 2530 τοῦ
670 2477 1025 2538 Ἀποστόλου,
1058 2477 1190 2528 ’Ότι
1215 2474 1349 2542 ῥίζα
1381 2474 1626 2526 πάντων
1659 2471 1782 2525 τῶν

64 2558 293 2613 κακῶν
317 2560 490 2612 ἐστιν
507 2560 547 2627 ὴ
577 2560 940 2629 φιλαργυρία
960 2577 973 2589 ·
1004 2560 1100 2612 καὶ
1123 2557 1218 2610 τοῦ
1256 2558 1558 2626 προφήτου,
1587 2556 1781 2609 Πλοῦ-

64 2660 182 2708 τος
251 2643 362 2695 ἐὰν
401 2642 534 2710 ῥέῃ,
587 2641 674 2710 μὴ
733 2643 1136 2711 προστίθεσθε
1170 2641 1451 2707 καρδίαν,
1480 2639 1575 2692 καί
1605 2638 1782 2692 πολλὰ.

66 2732 253 2802 ἕτερα
279 2729 526 2786 τοιαῦτα.
558 2733 668 2784 Καὶ
701 2731 808 2784 ἀπὸ
836 2730 1090 2801 ἱστοριῶν
1113 2731 1205 2783 τὸν
1225 2729 1408 2798 Γιεζῆ,
1442 2728 1535 2781 τὸν
1553 2727 1782 2790 Ἰούδαν,

66 2820 212 2879 τοὺς
252 2818 520 2886 ἄρχοντας
542 2817 654 2870 τῶν
689 2818 1096 2888 Γραμματέων,
1129 2817 1226 2869 καὶ
1272 2817 1355 2868 ὅτι
1405 2815 1569 2882 Δῶρα
1612 2817 1783 2868 ἐκτυ-

69 2903 237 2972 5.7.102
262 2905 614 2973 ὀφθαλμοὺς
646 2904 881 2974 σοφῶν.
918 2905 1113 2969 Ἀλλος
1181 2905 1333 2957 ἐστὶν
1391 2904 1781 2974 ὐπερήφανος;

85 2993 397 3054 Ἀκουέτω,
441 2993 523 3045 ὅτι
562 2993 1008 3062 ’Υπερηφάνοις
1059 2992 1488 3047 ἀντιτάσσεται
1526 2995 1557 3044 ό
1594 2991 1737 3056 Θεός
1767 3007 1781 3020 ο

73 3079 201 3139 καὶ,
230 3075 414 3144 Ἀρχὴ
447 3078 871 3145 ὑπερηφανίας
899 3077 1192 3145 ἁμαρτίαο
1223 3076 1340 3139 καὶ,
1389 3073 1517 3140 Πᾶς
1560 3078 1786 3142 ὑψηλο-

74 3163 340 3232 κάρδιος
367 3162 704 3231 ἀκάθαρτος
733 3165 893 3233 παρὰ
927 3165 1138 3232 Κυρίῳ.
1171 3163 1283 3217 Καὶ
1313 3165 1370 3216 ἐν
1395 3163 1660 3233 ἱστορίαις
1693 3161 1785 3215 τὸν

71 3252 360 3318 διάϐολον,
387 3253 480 3306 καὶ
516 3254 642 3315 τοὺς
675 3253 869 3316 ἄλλους
899 3252 1168 3314 ἅπαντας.
1225 3252 1333 3304 Καὶ
1376 3251 1514 3314 ὅλως
1559 3250 1642 3321 (οὐ
1676 3252 1786 3321 γὰρ

78 3342 166 3395 ενι
191 3341 376 3395 πάντα
405 3342 750 3412 καταλέγειν)
780 3341 1015 3406 ἕκαστος
1050 3341 1160 3395 τῶν
1195 3341 1413 3395 οἰκείων
1457 3340 1788 3413 τραυμάτων

78 3431 154 3483 τὰ
185 3431 464 3502 φάρμακα
490 3432 596 3483 ἀπὸ
616 3431 726 3483 τῶν
754 3431 915 3484 θείων
951 3430 1186 3501 Γραφῶν
1214 3431 1526 3503 ἐκλεγέτως
1561 3430 1661 3483 κᾶν
1711 3430 1788 3501 μὴ

80 3520 146 3572 τὸ
180 3520 332 3581 ὅλον,
360 3520 524 3589 μέρος
546 3519 676 3586 γοῦν
700 3520 965 3590 τήμερον,
992 3519 1082 3571 καὶ
1108 3518 1276 3588 μέρος
1303 3518 1518 3590 αὐριον,
1561 3513 1681 3571 εἶτα
1729 3519 1790 3572 τὸ

79 3608 216 3661 ὅλον
237 3606 598 3674 άπονίψασθε.
629 3607 740 3658 Καὶ
774 3606 909 3677 περῖ
948 3605 1241 3676 μετανοίας
1263 3605 1342 3663 δὲ.
1366 3607 1462 3659 καῖ
1491 3606 1622 3676 περὶ
1669 3606 1791 3670 ἑξο-

86 3693 472 3764 μολογὴσεως,
531 3693 785 3764 καὶπερὶ
838 3693 1231 3761 ἑλεημοσύνης,
1287 3693 1387 3745 καὶ
1440 3693 1570 3764 περὶ
1620 3694 1793 3745 ἐπιει-

83 3787 277 3848 κείας,
340 3782 592 3854 καὶπερὶ
655 3782 1034 3853 σωφροσύνης,
1085 3783 1180 3836 καὶ
1231 3783 1360 3856 περὶ
1419 3783 1640 3836 πάντων
1697 3785 1791 3835 εὐ-

88 3878 261 3945 ρήσει
291 3871 462 3925 πολλά
491 3871 933 3943 παραδείγματα.
999 3871 1193 3925 Ταῦτα
1225 3872 1336 3940 γάρ
1359 3870 1560 3924 πάντα
1614 3870 1792 3941 ὲγράέ

85 3979 180 4030 φη
205 3961 361 4027 πρὸς
378 3963 704 4012 νουθεσίαν
732 3957 922 4028 ἡμῶν,
957 3959 1145 4027 φησίν.
1197 3959 1261 4011 Εἰ
1290 3959 1474 4011 τοίνυν
1502 3958 1640 4029 πρὸς
1670 3976 1795 4012 νου-

89 4047 292 4101 θεσίαν
317 4045 476 4116 ἡμῶν
501 4046 631 4118 περ)⁵
674 4046 895 4099 πάντων
929 4044 1264 4112 διαλέγεται,
1304 4045 1668 4117 προσέχωμεν
1717 4047 1794 4112 ὼς

87 4135 180 4187 δεῖ
211 4133 531 4203 προσέχειν.
572 4132 638 4184 Τί
694 4133 876 4201 μάτην
925 4132 1152 4195 ἑαυτοὺς
1196 4133 1538 4204 ἀπατῶμεν;
1588 4134 1795 4187 Φοϐοῦ-

95 4238 205 4292 μαι
243 4219 295 4283 5,
331 4220 406 4290 μὴ
441 4208 536 4272 καὶ
571 4218 701 4290 περὶ
725 4220 884 4289 ήμῶν
909 4218 1039 4291 εἴπῃ
1073 4236 1179 4283 τις,
1214 4219 1302 4272 ὅτι
1372 4219 1693 4284 Ἐξέλιπον
1726 4219 1797 4274 ἐν

87 4308 450 4378 ματαιότητι
477 4309 537 4360 αἱ
558 4307 772 4376 ἡμέραι
811 4305 1001 4376 ἡμῶν,
1050 4306 1148 4358 καί
1185 4307 1258 4360 τὰ
1287 4308 1391 4373 ἐτη
1428 4306 1602 4374 ἡμῶν
1641 4309 1797 4378 μετὰ

93 4393 410 4461 σπουδῆς.
434 4393 531 4455 Τίς
558 4392 774 4446 ἀκούων
807 4391 969 4462 ἡμῶν
998 4393 1212 4463 ἀπέστη
1239 4392 1520 4462 θεάτρων;
1549 4393 1634 4457 τίς
1660 4394 1798 4448 ἁπέ-

96 4499 209 4551 στη
223 4480 560 4545 πλεονεξίας
580 4481 664 4543 τίς
687 4481 1099 4551 προθυμότερος
1133 4481 1325 4550 γέγονε
1344 4499 1407 4534 πε
1416 4481 1472 4552 ρὶ
1491 4481 1798 4552 ἐλεημοσύ-

95 4586 247 4639 νην;
289 4568 622 4638 Ἐϐουλόμην
643 4567 858 4637 μαθεῖν,
892 4567 1015 4638 οὐχιλ⁸
1066 4567 1375 4634 κενοδοξίας
1403 4568 1615 4635 ἕνεκεν,
1680 4569 1797 4623 ἀλλ’

98 4659 252 4712 ὥστε
276 4655 532 4724 γενέσθαι
566 4655 996 4727 προθυμότερος,
1025 4656 1280 4726 λαμπρὸν
1303 4656 1433 4710 ὄντα
1461 4657 1554 4709 τὸν
1588 4658 1800 4728 καρπὸν

99 4747 221 4800 τῶν
244 4745 426 4798 πόνων
455 4743 619 4816 ὁρῶν.
659 4743 774 4797 Νῦν
799 4744 856 4797 δέ
881 4745 997 4809 πῶς
1021 4744 1232 4814 ἅψομαι
1257 4745 1357 4815 τῆς
1387 4745 1674 4814 ἐργασίας,
1705 4763 1797 4799 το-

105 4835 339 4896 σούτους
365 4833 465 4902 μὲν
486 4832 677 4897 ὑετοὺς
703 4833 845 4906 ὀρῶν
869 4835 1356 4904 καταφερομένους
1398 4835 1499 4906 τῆς
1543 4835 1802 4890 διδασκα-

105 4924 255 4986 λίας,
291 4919 364 4973 τὰ
379 4920 436 4972 δὲ
469 4920 596 4991 λήῖα
625 4922 759 4991 ἡμῖν
792 4921 887 4973 ἐπὶ
920 4920 1014 4973 τοῦ
1063 4921 1231 4974 αὐτοῦ
1284 4922 1486 4992 μέτρου
1548 4924 1798 4994 μένοντα,

107 5010 209 5065 καὶ
239 5008 396 5062 οὐδὲν
434 5009 770 5080 ὑψηλότερον
801 5009 870 5062 τά
893 5010 1215 5081 γεννήματα
1246 5009 1516 5081 γενόμενα
1537 5027 1561 5076 ;’
1599 5012 1804 5065 Λοιπὸν

106 5101 139 5151 6
165 5096 269 5166 τῆς
288 5095 402 5148 ἅλω
435 5095 629 5167 καιρὸς
656 5095 978 5167 ἐφέστηκεν,
1012 5099 1041 5150 6
1069 5097 1130 5148 τὸ
1155 5096 1327 5150 πτύον
1349 5096 1510 5167 ἔχων.
1552 5097 1799 5164 Δέδοικα,

114 5185 194 5255 μὴ
246 5182 310 5236 τὸ
361 5184 470 5237 πᾶν
508 5180 763 5257 χόρτος
798 5184 1082 5247 ο-δέδοικα,
1121 5184 1196 5256 μὴ
1245 5185 1384 5254 πρὸς
1423 5187 1523 5256 τὴν
1569 5187 1804 5257 κάμινον

109 5271 512 5342 ἀπενεχθῶμεν
551 5273 812 5335 ἅπαντες.
852 5273 1107 5344 Παρῆλθε
1149 5273 1330 5344 θέρος,
1376 5270 1509 5346 ἦλθε
1546 5277 1753 5346 χειμών
1786 5291 1800 5306 ⁸

114 5362 406 5430 καθήμεθα
432 5360 526 5412 καὶ
550 5361 660 5413 νέοι
687 5361 779 5414 καὶ
809 5360 1066 5432 γέροντες
1087 5364 1198 5425 τοῖς
1217 5363 1439 5423 οἰκείοις
1453 5364 1803 5435 ἁλισκόμενοι

117 5447 497 5524 β52]πάθεσι.
521 5449 610 5519 Μή
631 5466 724 5519 μοι
756 5449 937 5521 εἴπῃς,
972 5449 1145 5503 ὅτιῡύ
1173 5451 1446 5522 πορνεύω.
1463 5453 1528 5506 Τί
1551 5453 1660 5526 γὰρ
1678 5455 1807 5523 ὄφε-

118 5542 230 5604 λος.
287 5537 356 5592 ἂν
417 5537 492 5607 μὴ
554 5537 828 5610 πορνεύῃς
882 5539 1002 5608 μὲν»
1058 5539 1470 5611 φιλοχρήματος
1511 5541 1567 5595 δὲ
1602 5539 1709 5616 ﬁ“
1745 5546 1804 5598 Ὅ

120 5623 382 5695 στρουθὸς
407 5623 514 5676 κᾶν
547 5622 623 5693 μὴ
648 5624 928 5687 ἐκπαντὸς
961 5624 1187 5694 μέρους,
1221 5626 1336 5678 ἀλλ’
1367 5626 1484 5679 ἀπὸ
1510 5627 1604 5681 τοῦ
1646 5631 1806 5695 ποδὸς

118 5711 423 5782 κατέχηται
459 5711 641 5780 μόνον,
667 5711 762 5764 καὶ
787 5710 961 5775 οὕτως
986 5712 1258 5774 ἀπόλωλε,
1295 5714 1387 5767 καὶ
1420 5717 1477 5767 ἐν
1512 5719 1577 5787 τῇ
1618 5717 1804 5786 παγίδι

121 5801 345 5868 ἐστηκε,
382 5800 478 5851 καὶ
507 5800 614 5852 τῶν
638 5798 853 5871 πτερῶν
882 5798 1072 5869 ὄφελος
1099 5802 1276 5867 οὐδὲν,
1302 5802 1398 5856 τοῦ
1430 5805 1592 5868 ποδὸς
1635 5824 1802 5859 κατε-

127 5889 375 5959 χομένου.
409 5888 564 5943 Οὕτω
581 5890 674 5942 καὶ
711 5891 801 5955 σὺ,
848 5890 950 5960 οὐχ
990 5891 1163 5955 ἑάλως
1215 5892 1306 5946 διὰ
1354 5895 1640 5966 πορνείας,
1686 5896 1805 5949 ἀλλ’

190 6042 218 6109 _‘
271 6040 372 6109 Sic_
394 6047 540 6109 ινειθι.Δ
566 6055 712 6109 ηιςςη,
763 6042 933 6109 Μοιιιί.
966 6042 1422 6109 impun-“male.
1454 6045 1587 6097 Ευιτ.
1655 6047 1686 6087 ι»
1707 6049 1803 6096 Φο-

134 6106 303 6155 fama:
345 6104 491 6151 deest
529 6105 576 6152 in
616 6105 904 6163 quibusdam
940 6119 1054 6154 mss.

1205 429 1269 484 IN
1309 426 1492 485 ACTA
1524 419 2064 480 APOSTOLORU“.
2108 421 2342 478 HOMIL.
2384 421 2580 476 XXIX.

1863 540 2040 602 ἑάλως
2069 541 2157 594 διὰ
2177 540 2550 612 φιλαργυρίας
2571 556 2587 572 '
2622 539 2798 602 ἑάλως
2837 539 3020 609 μέντοι
3043 555 3057 569 ⁶
3088 540 3146 593 τὺ
3184 541 3240 595 δὲ
3283 543 3560 618 ζητούμε-

1862 646 1973 692 νον,
2007 630 2066 682 οὐ
2092 629 2208 692 πῶς
2236 629 2432 691 ἑάλως,
2456 629 2573 682 ἀλλ’
2596 628 2678 681 ὅτι
2710 627 2902 691 ἑάλως.
2931 628 3023 698 Μὴ
3037 626 3246 697 λεγέτω
3265 632 3293 684 6
3314 633 3456 699 νέος,
3479 635 3562 687 ὅτι

1871 719 1988 774 Οὐκ
2019 718 2137 786 εἰμὶ
2171 712 2587 788 φιλοχρήματος
2612 733 2628 747 ο
2686 715 2802 770 ἀλλ’
2840 717 2970 779 ἴσως
3011 717 3316 788 πορνεύεις.
3351 722 3464 774 Καὶ
3509 720 3564 774 τί

1865 805 1926 857 τὸ
1953 805 2145 874 ὄφελος
2176 805 2340 859 πάλιν
2366 823 2380 871 ;
2412 805 2536 860 οὐδὲ
2559 805 2671 877 γὰρ
2691 805 2918 859 δυνατὸν
2941 805 3124 860 πάντα
3144 807 3216 861 τὰ
3244 809 3396 879 πάθη
3421 810 3575 864 κατὰ.

1871 894 2003 964 μίαν
2023 897 2158 967 ἡμῖν
2189 896 2406 966 ἡλικίαν
2432 894 2748 964 ἐπιστῆναι,
2783 892 2918 946 ἀλλὰ
2954 892 3261 966 διώρισται,
3287 898 3382 950 xal
3407 897 3566 950 τοῦτο

1867 982 1956 1036 διὰ
1979 982 2080 1053 τὴν
2108 982 2202 1035 τοῦ
2237 981 2374 1035 Θεοῦ
2403 980 2838 1051 φιλανθρωπίαν,
2859 981 3000 1034 ὥστε
3029 982 3104 1053 μὴ
3122 983 3338 1055 ἀθρόως
3389 987 3568 1039 ἔπιτε.

1871 1074 2034 1128 θέντα
2089 1074 2368 1145 ἁχείρωτα
2410 1072 2692 1142 γενέσθαι,
2741 1072 2838 1126 καὶ
2894 1072 3285 1146 χαλεπωτέραν
3303 1078 3437 1146 ἡμῖν
3467 1076 3581 1147 τήν

1871 1164 2010 1235 πρὸς
2027 1163 2168 1216 αὐτά
2195 1163 2374 1234 πάλην
2401 1162 2763 1232 καταστῆναι.
2782 1162 2966 1233 Πόσης
2987 1162 3086 1215 οὐκ
3112 1162 3179 1216 ἂν
3201 1164 3287 1233 εἴη
3312 1163 3567 1228 νωθείας,

1875 1251 2012 1322 μηδὲ
2041 1251 2392 1324 διῃρημένων
2416 1250 2683 1304 δύνασθαι
2733 1253 2962 1324 κρατεῖν
3003 1251 3114 1304 τῶν
3175 1252 3393 1315 παθῶν,
3427 1253 3572 1307 ἀλλὰ

1872 1340 1995 1394 καθ’
2030 1341 2260 1393 ἕκαστον
2286 1339 2555 1409 ἡττᾶσθαι
2577 1339 2789 1410 καιρὸν,
2809 1341 2903 1394 καὶ
2934 1340 3082 1409 μέγα
3106 1343 3433 1411 φρονεῖνέπὶ
3456 1341 3575 1396 τού-

1872 1445 1988 1492 τοις
2006 1433 2120 1493 τοῖς
2141 1431 2242 1483 οὐκ
2261 1432 2326 1483 ἐκ
2358 1430 2458 1498 τῆς
2479 1429 2760 1499 ἡμετέρας
2779 1428 3040 1499 σπουδῆς,
3060 1429 3176 1482 ἀλλ’
3201 1430 3267 1496 ἐξ
3289 1431 3461 1500 αὐτῆς
3473 1433 3575 1501 τῆς

1873 1514 2091 1584 ἡλικίας
2117 1514 2564 1584 κοιμιζομένοις;
2611 1514 2726 1584 Οὐχ
2754 1515 2921 1584 όρᾶτε
2952 1514 3081 1577 τοὺς
3105 1515 3384 1586 ἡνιόχους,
3426 1515 3573 1584 πόσῃ

1875 1600 2140 1673 ἀκριϐείᾳ.
2151 1600 2246 1652 καὶ
2267 1599 2548 1669 γυμνασίᾳ
2564 1600 2660 1652 καὶ
2691 1598 2876 1662 πόνοις
2892 1599 3214 1670 κέχρηνται,
3243 1601 3339 1653 καὶ
3358 1600 3574 1664 σιτίοις,

1875 1691 2104 1752 καὶτοῖς
2129 1690 2309 1752 ἄλλοις
2335 1689 2563 1754 ἅπασιν,
2597 1689 2740 1743 ὥστε
2767 1689 2844 1758 μὴ
2859 1689 3310 1760 καταϐληθέντας
3339 1690 3450 1742 ἀπὸ
3464 1690 3578 1742 τῶν

1875 1778 2140 1848 ἁρμάτων
2175 1776 2440 1847 σύρεσθαι
2467 1795 2483 1843 ;
2524 1777 2675 1846 ’Ὅρα
2707 1778 2836 1844 ὅσον
2865 1777 2986 1830 ἐστὶ
3016 1778 3206 1849 τέχνη.
3258 1777 3428 1848 ’Δνὴρ
3472 1777 3576 1848 μὲν

1875 1866 1985 1937 γὰρ
2008 1865 2254 1936 ἀνδρεῖος
2279 1866 2381 1918 οὐκ
2423 1863 2491 1919 ἂν
2518 1865 2636 1928 ἐνὸς
2680 1866 2851 1919 ἵππου
2892 1864 3156 1929 πολλάκις
3195 1866 3540 1937 περιγένοιτο
3560 1885 3574 1898 ο

1881 1954 2239 2025 μειρακίσκος
2266 1953 2323 2007 δὲ
2353 1956 2420 2024 τῇ
2465 1953 2642 2024 τέχνῃ
2689 1953 2955 2016 πολλάκις
2999 1954 3128 2017 τοὺς
3174 1954 3268 2008 δύο
3311 1954 3578 2020 ἀναδεξά-

1882 2060 2066 2112 μενος,
2092 2042 2215 2110 άγει
2243 2042 2484 2104 εὐκόλως
2505 2044 2601 2095 καὶ
2622 2041 2801 2112 φέρει.
2828 2043 2940 2096 Καὶ
2960 2043 3020 2094 ἐν
3046 2039 3232 2106 Ἰνδοῖς
3262 2043 3320 2096 δὲ
3346 2042 3406 2096 τὸ
3435 2051 3584 2114 μέγα

1880 2130 2069 2201 θηρίον
2100 2129 2192 2182 καὶ
2223 2129 2454 2200 φοϐερὸν
2483 2129 2595 2182 τῶν
2635 2129 2948 2200 ἐλεφάντων
2992 2129 3211 2198 λέγεται
3262 2132 3356 2184 καὶ
3417 2131 3584 2184 δεκα-

1880 2214 2171 2266 πενταέτει
2204 2213 2357 2266 παιδὶ
2387 2215 2634 2282 γεγονότι
2662 2213 2801 2283 μετὰ
2827 2212 3030 2284 πολλῆς
3058 2212 3233 2267 εἴκειν
3250 2217 3351 2284 τῆς
3372 2213 3584 2288 προθυ-

1884 2301 2032 2370 μίας.
2065 2301 2131 2354 Τί
2158 2301 2223 2370 δὴ
2246 2301 2425 2355 ταῦτά
2460 2308 2556 2372 ’μοι
2584 2300 2842 2373 είρηται;
2885 2301 3010 2353 Ὅτι
3044 2301 3093 2354 εἰ
3137 2301 3442 2371 ἐλέφαντας
3490 2301 3587 2354 καὶ

1881 2391 2082 2451 ἵππους
2107 2391 2332 2460 ἀγρίους
2385 2390 2631 2460 ἄγχομεν
2685 2389 3105 2454 σπουδάζοντες,
3154 2389 3335 2460 πολλῷ
3381 2389 3588 2460 μᾶλλον

1880 2477 1949 2530 τὰ
1984 2477 2130 2548 πάθη
2171 2477 2239 2531 τὰ
2266 2479 2324 2530 ἐν
2361 2479 2517 2548 ἡμῖν.
2579 2476 2752 2530 Πόθεν
2794 2476 3107 2546 ἑκλυόμεθα
3148 2477 3444 2540 διαπαντὸς
3488 2476 3596 2530 τοῦ.

1884 2569 2000 2638 βίου
2029 2588 2044 2634 ;
2071 2569 2340 2623 Οὐδέποτε
2372 2567 2472 2640 τὴν
2503 2567 2702 2639 τέχνην
2751 2559 3169 2639 ἐμελετὴσαμεν
3209 2566 3417 2638 ταύτην
3437 2583 3452 2596 ’
3496 2567 3589 2620 οὐ·

1881 2658 2073 2711 δέποτε
2098 2659 2158 2711 ἐν
2188 2657 2367 2729 καιρῷ
2402 2657 2600 2727 σχολῆς
2630 2657 2732 2710 οὐκ
2755 2657 2908 2720 ὄντος
2933 2655 3029 2708 τοῦ
3063 2657 3277 2723 ἀγῶνος
3308 2655 3590 2726 διελέχθη-

1887 2765 1987 2818 μεν
2017 2748 2154 2819 πρὸς
2176 2747 2404 2811 ἑαυτούς
2431 2765 2486 2800 τι
2506 2746 2618 2800 τῶν
2648 2746 2960 2818 χρησίμων.
2987 2744 3124 2798 Τότε
3156 2747 3306 2816 ἡμᾶς
3348 2746 3443 2799 ἐπὶ
3491 2745 3590 2799 τοῦ

1884 2835 2135 2907 ἅρματος
2169 2835 2414 2899 ἑστῶτας
2447 2846 2470 2874 '-
2508 2833 2610 2888 ῐδοι
2643 2853 2726 2899 τις
2752 2834 2838 2898 ἂν,
2871 2835 2963 2887 ὅτε
3012 2836 3042 2887 6
3083 2833 3236 2902 ἀγὼν
3269 2833 3590 2904 παραγένη-

1885 2942 1996 2978 ται.
2022 2926 2123 2978 Διά
2153 2941 2235 2977 τοι
2250 2925 2414 2977 τοῦτο
2437 2922 2841 2992 καταγέλαστοί
2874 2925 3066 2993 ἐσμεν.
3094 2925 3209 2978 Οὐκ
3239 2919 3392 2976 εἶπον
3453 2922 3594 2974 πολ-

1885 3013 2067 3076 λάκις,
2096 3011 2512 3083 γυμναζώμεθα
2531 3012 2667 3083 πρὸς
2697 3013 2824 3075 τοὺς
2852 3013 3090 3076 οἰκείους
3125 3012 3234 3083 πρὸ
3268 3011 3363 3065 τοῦ
3396 3029 3598 3082 πειραο

1889 3100 2064 3170 σμοῦ;
2098 3101 2243 3171 Πρὸς
2268 3102 2395 3163 τοὺς
2420 3101 2617 3163 παῖδας
2639 3100 2734 3153 ἐπὶ
2759 3099 2862 3168 τῆς
2891 3099 3072 3163 οἰκίας
3119 3100 3384 3164 πολλάκις
3417 3115 3594 3170 παρο-

1887 3189 2190 3259 ξυνόμεθαο
2227 3189 2551 3259 κατέχωμεν
2573 3191 2690 3242 ἐκεῖ
2717 3189 2808 3241 τὸν
2830 3188 3022 3259 θυμὸν,
3048 3190 3138 3242 ἵνα
3169 3189 3412 3252 εὐκόλως
3429 3187 3589 3257 αὐτῴ

1887 3277 1980 3329 ἐπὶ
2035 3276 2144 3328 τῶν
2201 3277 2370 3343 φίλων
2413 3277 2750 3349 κεχρημένοι
2798 3277 3145 3348 φαινώμεθα.
3183 3277 3294 3331 Καὶ
3335 3279 3428 3330 ἐπὶ
3479 3277 3609 3330 τῶν

1889 3365 2066 3422 ἄλλων
2092 3364 2350 3420 ἀπάντων
2379 3368 2428 3419 εἰ
2452 3366 2904 3436 ἐγυμναζόμεθα,
2929 3367 3030 3420 οὐκ
3059 3366 3126 3419 ἂν
3155 3368 3214 3419 ἐν
3241 3369 3356 3429 τοῖς
3382 3366 3596 3434 ἀγῶσιν

1887 3453 2034 3528 ἦμεν
2079 3455 2504 3524 καταγέλαστοι.
2553 3454 2670 3508 Νῦν
2725 3455 2786 3508 δέ
2821 3454 2964 3508 ὅπλα
3008 3456 3110 3526 μὲν
3132 3455 3244 3508 τῶν
3277 3455 3452 3509 ἄλλων
3493 3455 3592 3507 καὶ

1890 3540 2171 3611 γυμνάσια
2197 3537 2294 3592 καὶ
2333 3539 2558 3608 μελέται
2583 3539 2713 3604 εἰσὶ,
2741 3540 2838 3592 καὶ
2879 3539 3088 3610 τεχνῶν
3142 3540 3241 3592 καὶ
3283 3537 3597 3608 παλαισμάο

1890 3645 2002 3680 των
2030 3641 2045 3657 °
2079 3627 2282 3698 ἀρετῆς
2313 3626 2372 3679 δέ
2399 3626 2663 3696 οὐδαμοῦ.
2699 3628 2816 3679 Οὐκ
2835 3627 2903 3681 ἂν
2935 3627 3265 3698 τολμήσειεν
3296 3627 3326 3678 6
3347 3625 3596 3696 γεωργὸς

1892 3716 2141 3786 ἀμπέλου
2178 3715 2444 3784 ἅψασθαι,
2490 3716 2566 3786 μὴ
2615 3716 2885 3786 πρότερον
2927 3714 3112 3777 καλῶς
3145 3714 3485 3783 γυμνασθεὶς
3525 3715 3605 3768 τά

1893 3801 2180 3872 γεωργικά
2210 3817 2223 3830 °
2256 3801 2379 3854 οὐδὲ
2401 3803 2430 3854 6
2461 3799 2807 3872 κυϐερνήτης
2834 3802 2926 3854 ἐπὶ
2963 3801 3302 3853 τῶνεοῖάκων
3347 3799 3593 3860 καθίσαι,

1897 3890 1973 3960 μὴ
1999 3889 2263 3960 πρότερον
2292 3890 2787 3960 ἐγγυμνασάμενος
2824 3887 3011 3951 καλῶς
3040 3904 3054 3918 ·
3089 3889 3255 3959 ἡμεῖς
3282 3889 3342 3941 δέ
3391 3888 3596 3958 ἀμελέ-

1894 3995 2052 4048 τητοι
2084 3977 2264 4051 πάντῃ
2296 3977 2682 4048 τυγχάνοντες,
2710 3975 2780 4030 τά
2805 3979 3052 4048 πρωτεῖα
3086 3975 3235 4047 ἔχειν
3267 3976 3594 4048 βουλόμεθα.

1909 4066 2108 4137 Ἐχρῆν
2135 4068 2314 4138 σιγᾷν,
2339 4066 2508 4136 ἐχρῆν
2539 4065 2730 4136 μηδενὶ
2757 4067 3038 4119 κοινωνεῖν
3063 4065 3412 4135 πραγμάτων
3460 4063 3597 4134 μηδὲ

1898 4154 2182 4226 ῥημάτιον,
2213 4154 2318 4215 ἕως
2349 4152 2416 4206 ἂν
2449 4153 2800 4224 ἠδυνήθημεν
2828 4152 2890 4205 τὸ
2911 4151 3100 4224 θηρίον
3127 4151 3420 4224 ἡμερῶσαι
3452 4151 3515 4204 τὸ
3539 4141 3606 4205 ἐν

1896 4245 2050 4313 ἡμῖν.
2122 4242 2199 4294 ’Ἡ
2245 4240 2366 4310 οὐχὶ
2421 4240 2611 4312 θηρίου
2659 4239 2860 4303 παντὸς
2894 4239 3278 4310 χαλεπώτερον
3334 4243 3599 4310 ἐπιστρα-

1897 4330 2116 4384 τεύεται
2147 4331 2280 4399 ἡμῖν
2306 4330 2400 4381 καὶ
2425 4328 2598 4398 θυμὸς
2626 4329 2722 4381 καὶ
2749 4317 3018 4399 ἐπιθυμία
3043 4345 3058 4394 ;
3101 4328 3193 4399 Μὴ
3236 4328 3484 4401 ἐμϐάλῃς
3518 4330 3599 4392 είς

1897 4417 2108 4490 ἀγοράν
2142 4417 2283 4488 μετὰ
2307 4417 2516 4469 τούτων
2535 4416 2646 4469 τῶν
2674 4416 2901 4486 θηρίων,
2928 4416 3033 4479 ἕως
3054 4416 3121 4470 ἂν
3147 4417 3332 4479 αὐτοῖς
3365 4415 3607 4490 περιθῇς

1899 4506 2082 4570 καλῶς
2109 4505 2202 4559 τὸν
2235 4505 2476 4576 χαλινὸν,
2510 4505 2618 4568 ἑως
2655 4504 2722 4558 ἂν
2746 4505 2890 4558 αὐτὰ
2916 4504 3305 4577 τιθασσεύσῃς,
3338 4505 3434 4559 καλ⁵
3479 4522 3599 4575 χει-

1904 4597 2073 4668 ροήθη
2108 4597 2552 4667 κατασκευάσῃς.
2579 4597 2693 4667 Οὐχ
2719 4597 2856 4668 ὁρᾷς
2885 4595 3111 4660 τούτους
3139 4598 3268 4659 τοὺς
3305 4595 3602 4666 περιάγον-

1899 4704 1998 4750 τας
2023 4687 2151 4749 τούς
2176 4684 2578 4758 ήμέρουςίὲὖδ]
2603 4685 2822 4749 λέοντας
2850 4686 2943 4738 ἐπί
2973 4687 3073 4756 τῆς
3101 4687 3333 4756 ἀγορᾶς,
3361 4685 3479 4749 πῶς
3505 4685 3601 4738 καὶ

1902 4775 2248 4846 κερδαίνουσι
2293 4774 2389 4828 καὶ
2436 4773 2836 4844 θαυμάζονται,
2882 4773 2964 4827 ὅτι
2998 4775 3056 4826 ἐν
3086 4773 3165 4846 τῷ
3195 4774 3377 4844 ἀλόγῳ
3427 4772 3601 4844 θηρίῳ

1901 4860 2162 4930 τοιαύτην
2190 4860 2513 4931 ἡμερότητα
2545 4858 2953 4931 κατώρθωσαν;
2985 4859 3050 4913 ἂν
3083 4860 3139 4912 δὲ
3165 4857 3424 4930 ἐξαίφνης
3450 4861 3604 4929 ἀγρι·

1901 4954 2017 5025 ωθῇ
2070 4956 2297 5017 ἐκεῖνος,
2349 4953 2558 5016 πάντας
2609 4952 2761 5004 σοϐεῖ
2806 4953 2934 5014 τοὺς
2966 4952 3058 5004 ἐπὶ
3089 4952 3187 5021 τῆς
3238 4953 3468 5022 ἀγορᾶς,
3505 4950 3616 5004 καὶ.

1903 5044 2251 5098 ἐκινδύνευσε
2278 5042 2466 5094 λοιπὸν
2483 5044 2511 5095 6
2539 5032 2823 5112 περιάγων
2851 5040 3014 5093 αὐτὸν
3037 5039 3468 5110 ἄνθρωποςκαὶ
3500 5037 3601 5106 τῆς

1904 5133 2016 5187 τῶν
2043 5133 2219 5188 ἄλλων
2257 5131 2534 5194 ἀπωλείας
2560 5131 2787 5199 γέγονεν
2827 5131 3024 5193 αἴτιος.
3061 5129 3171 5182 Καὶ
3203 5130 3268 5180 σὺ
3301 5124 3484 5180 τοίνυν
3509 5128 3604 5179 τὸν

1905 5221 2098 5276 λέοντα
2133 5221 2395 5292 πρότερον
2427 5218 2740 5291 ἡμέρωσον,
2768 5219 2863 5272 καὶ
2887 5218 3012 5270 τότε
3044 5218 3300 5288 περίαγε,
3332 5217 3430 5286 οὐχ
3458 5216 3600 5268 ὥστε

1907 5309 2173 5382 ἀργύριον
2212 5308 2422 5373 λαϐεῖν,
2454 5307 2571 5360 ἀλλ’
2603 5306 2746 5360 ὥστε
2777 5306 3038 5378 κερδάναι
3072 5306 3287 5377 κέρδος,
3329 5299 3392 5359 οὗ
3434 5303 3601 5375 μηδέν

1906 5401 2057 5452 ἐστιν
2086 5398 2221 5451 ἴσον.
2258 5397 2426 5450 Οὐδὲν
2453 5395 2563 5467 γάρ
2586 5396 2699 5448 ἴσον
2729 5395 3053 5458 ἐπιεικείας,
3076 5394 3110 5466 ἢ
3145 5395 3241 5447 καὶ
3265 5397 3380 5457 τοῖς
3400 5409 3600 5462 κεκτη-

1913 5489 2117 5560 μένοις,
2142 5487 2238 5540 καὶ
2270 5487 2384 5547 τοῖς
2408 5483 2716 5555 χρωμένοις
2749 5483 2955 5554 σφόδρα
2985 5485 3103 5536 ἐστὶ
3132 5483 3402 5554 χρησίμη.
3456 5481 3605 5534 Ταύ-

1906 5595 2009 5649 την
2037 5573 2130 5629 οὖν
2159 5573 2466 5644 διώκωμεν,
2499 5573 2587 5625 ἵνα
2619 5571 2942 5643 δυνηθῶμεν
2969 5574 3069 5642 τῆς
3101 5571 3306 5643 ἀρετῆς
3339 5571 3441 5642 τὴν
3483 5569 3626 5624 όδὸνι

1912 5667 2052 5736 μετὰ
2085 5662 2374 5734 ἀκριϐείας
2399 5661 2774 5724 διανύσαντες,
2803 5660 2914 5715 τῶν
2946 5659 3184 5713 αἰωνίων
3217 5658 3442 5726 ἀγαθῶν
3482 5659 3606 5711 ἑπιι-

1906 5757 2112 5825 τυχεῖν,
2141 5752 2328 5822 χάριτι
2345 5751 2441 5802 καὶ
2466 5749 2850 5819 φιλανθρωπίᾳ
2870 5747 2965 5800 τοῦ
2997 5748 3206 5818 Κυρίου
3230 5747 3388 5818 ἡμῶν
3425 5745 3603 5817 Ἰησοῦ

1908 5842 2171 5915 Χριστοῦ,
2205 5839 2327 5911 μεθ’
2355 5831 2417 5892 οὗ
2449 5837 2528 5908 τῷ
2548 5838 2726 5904 Πατρὶ
2746 5836 2864 5907 ἅμα
2883 5835 2962 5906 τῷ
2982 5835 3125 5906 ἁγίῳ
3147 5834 3428 5904 Πνεύματι
3453 5835 3596 5902 δόξα,

1907 5935 2131 6004 κράτος,
2156 5931 2312 6000 τιμὴ,
2343 5929 2440 5983 νῦν
2464 5929 2557 5981 καὶ
2578 5929 2688 5993 ἀεὶ,
2715 5929 2809 5982 καὶ
2838 5929 2917 5992 εἰς
2946 5925 3073 5990 τοὺς
3103 5923 3306 5990 αἰῶνας
3339 5924 3449 5978 τῶν
3473 5921 3612 5979 aid»

1907 6041 2035 6077 νων.
2083 6021 2279 6091 Ἀμήν.

1978 6114 2000 6142 ε
2036 6110 2283 6160 Ἶσζστώταε
2330 6108 2376 6159 in
2422 6123 2520 6159 uno
2556 6108 2719 6158 ἀείδει.
