4034 6422
161 375 271 429 13!

164 491 341 552 notia,
366 485 540 559 gratia
567 497 622 544 ct
649 487 978 560 benignitate
1005 486 1220 543 Domini
1245 487 1416 542 nostri
1449 485 1578 543 Jesn
1608 486 1776 541 Chri-

1162 372 1230 429 ΙΝ
1265 371 1450 428 ACTA
1488 371 2020 432 APOSTOLORUM.
2062 372 2298 430 HOMIL.
2339 373 2515 432 XXX.

3403 384 3512 442 9η

1887 490 2119 558 perium,
2153 487 2351 556 honor,
2393 504 2539 545 nunc
2567 499 2623 546 et
2651 477 2905 564 semper,
2933 502 2990 550 et
3029 497 3084 550 In
3106 495 3305 553 saecula
3331 505 3508 558 sam-

163 582 268 645 sti,
297 583 515 652 quicum
541 579 690 636 Patri
718 594 932 650 unaque
961 578 1187 650 Spiritui
1214 587 1404 634 sancto
1427 578 1620 650 gloria,
1654 579 1774 634 iiu—
1887 579 2084 635 lorum.
2117 583 2315 636 Amen.

167 722 3494 756 ___________________.______________________

1534 803 1883 867 HOMlLlA
1931 806 2148 870 xxx.
2743 771 2745 775 V

151 953 413 1011 (10.13.
443 969 498 1006 v.
540 951 631 1008 42.
674 950 990 1007 Exeuntibus
1027 960 1202 1004 autem
1238 950 1345 1015 illis
1367 991 1384 1016 ,
1431 951 1680 1021 rogabant
1710 959 1765 1003 ut

233 1046 466 1116 sequenti
489 1045 699 1101 sabbato
715 1045 1040 1108 loquerentur
1063 1044 1162 1097 sibi
1187 1044 1338 1098 verba
1369 1045 1498 1098 lucc.

234 1141 292 1195 1'.
319 1137 571 1194 Vidistiu’
598 1137 748 1194 Pauli
796 1136 1180 1208 prudentiam?
1217 1134 1334 1192 Non
1384 1148 1512 1191 tunc
1553 1144 1765 1190 tantum

151 1230 218 1284 in
248 1230 610 1286 admiratione
637 1229 754 1296 fuit,
784 1229 879 1284 sed
919 1228 1083 1284 etiam
1112 1229 1309 1284 iterum
1335 1228 1588 1284 audiendi
1620 1229 1768 1284 desi-

146 1323 374 1378 derium
406 1321 633 1376 immisit
658 1321 784 1388 illis,
817 1336 940 1376 cum
967 1321 1174 1375 semina
1204 1319 1453 1390 quaedam
1485 1319 1767 1389 iujecisset

146 1433 221 1472 ac
247 1416 491 1472 nondum
509 1416 868 1481 absolvisset,
904 1429 1079 1484 neque
1109 1415 1289 1469 verbis
1308 1413 1470 1467 linem
1503 1413 1717 1468 fecisset
1744 1452 1762 1477 ,

149 1519 214 1565 ut
234 1511 358 1566 illos
383 1510 485 1566 sibi
515 1509 827 1564 conciliaret
854 1523 918 1563 ac
947 1507 1241 1562 benevolos
1271 1505 1554 1570 redderet,
1587 1521 1765 1576 neque

144 1604 339 1658 omnia
379 1603 541 1658 simul
573 1600 868 1672 ingerendo
913 1613 1168 1655 nauseam
1218 1610 1454 1668 pareret.
1490 1597 1710 1651 Dixerat
1746 1616 1758 1650 :

148 1698 410 1752 Reiuissio
433 1707 753 1765 peccatorum
784 1713 873 1765 per
899 1695 1036 1747 hunc
1059 1694 1199 1747 vobis
1225 1693 1600 1754 annuutiatur;
1627 1707 1761 1762 quo-

147 1791 321 1845 modo
364 1798 582 1852 autem,
616 1803 720 1842 non
752 1787 1067 1842 declaravit.
1109 1785 1238 1840 Post
1269 1784 1386 1839 inec
1436 1786 1628 1838 iterum
1675 1784 1759 1837 sui

145 1883 324 1953 ipsius
363 1882 694 1936 mentionem
727 1879 854 1934 facit
897 1881 1150 1950 primum.
1201 1877 1393 1933 Videu’
1419 1887 1619 1949 quanta
1647 1878 1760 1931 ala-

142 1973 366 2029 critas?
411 1974 767 2044 Sequebantur
797 1973 920 2028 illos
940 2014 954 2034 ,
989 1972 1178 2041 inquit.
1214 1969 1323 2027 Cur
1354 1971 1477 2026 illos
1507 1984 1614 2025 non
1643 1979 1757 2025 sta-

144 2067 246 2121 tim
279 2066 613 2136 baptizavit?
637 2065 756 2121 Nou
790 2076 904 2121 erat
933 2073 1146 2134 tempus
1186 2083 1199 2118 :
1234 2063 1566 2134 persuadere
1595 2078 1758 2133 opor-

142 2159 334 2225 tebat,
370 2171 430 2213 ut
465 2157 607 2212 ﬁrmi
640 2167 946 2212 manerent.
973 2158 1064 2211 43.
1104 2155 1333 2225 Cumque
1378 2155 1591 2210 dimissa
1629 2164 1756 2209 esset

138 2266 412 2322 synagoga
432 2292 448 2316 ,
505 2251 702 2320 sequuti
741 2257 860 2304 sunt
896 2249 1044 2302 multi
1076 2247 1378 2302 Iudaeorum
1410 2257 1456 2301 et
1480 2249 1755 2302 colentium

136 2343 460 2397 advenarum
507 2340 735 2397 Paulum
766 2352 810 2397 et
840 2341 1134 2396 Barnabam
1157 2358 1176 2396 :
1195 2343 1284 2412 qui
1328 2343 1591 2403 loquentes
1630 2356 1752 2395 sua-

136 2437 332 2492 debant
371 2437 444 2491 eis
472 2479 488 2502 ,
523 2447 579 2491 ut
605 2446 866 2491 manerent
908 2437 964 2490 in
1010 2436 1178 2508 gratia
1216 2433 1336 2488 Dei.
1365 2435 1456 2490 44.
1501 2434 1753 2502 Sequenti

133 2545 260 2582 vero
293 2527 509 2583 sabbato
536 2544 665 2598 pene
705 2529 943 2582 universa
965 2528 1144 2581 civitas
1169 2527 1400 2580 convenit
1426 2527 1611 2579 audire
1639 2541 1752 2578 ver-

133 2624 261 2675 bum
276 2619 397 2675 Dei.
431 2621 522 2675 45.
565 2617 802 2674 Videntes
821 2629 991 2673 autem
1015 2619 1189 2673 turbas
1213 2616 1410 2684 Judtei,
1429 2618 1610 2687 repleti
1631 2624 1750 2672 sunt

131 2712 254 2766 zelo
275 2753 291 2776 ,
331 2719 378 2766 et
408 2710 824 2764 contradicebant
851 2711 916 2763 iis
947 2749 965 2772 ,
1002 2725 1117 2780 quae
1141 2726 1172 2762 o
1205 2708 1375 2762 Paulo
1402 2708 1702 2762 dicebantur
1728 2747 1746 2770 ,

129 2804 548 2857 contradicentes
569 2813 614 2857 et
644 2802 1078 2874 blasphemantes.
1115 2801 1247 2857 Vide
1291 2803 1584 2872 nequitiam
1619 2816 1744 2871 per-

127 2913 381 2962 cussam,
410 2896 538 2952 dum
567 2897 703 2952 alios
732 2896 984 2966 percutit.
1015 2895 1129 2950 lloc
1155 2896 1301 2964 ipsos
1326 2895 1591 2949 clariores
1621 2893 1742 2949 red-

125 2990 304 3045 debat
332 3032 348 3056 ,
393 2989 536 3058 quod
586 2988 658 3043 illi
711 2987 1165 3042 contradicerent.
1200 2986 1383 3041 Primo
1424 2987 1606 3056 itaque
1645 3000 1742 3040 sua

124 3091 334 3155 sponte
364 3082 650 3151 rogabant.
679 3078 1096 3136 Contradicentes
1125 3119 1140 3145 ,
1170 3078 1346 3149 inquit
1375 3118 1390 3141 ,
1420 3088 1470 3132 et
1495 3077 1740 3149 blasphe-

124 3185 352 3231 mantes.
395 3174 440 3231 0
474 3174 865 3246 petulantiam!
899 3183 1120 3243 propter
1143 3188 1263 3244 qua:
1285 3173 1410 3226 illos
1438 3173 1742 3243 approbare

124 3269 469 3341 oportebat,
524 3276 744 3338 pr0pter
794 3283 855 3322 ea
911 3267 983 3322 illi
1038 3266 1435 3322 contradicunt.
1462 3268 1553 3322 46.
1595 3266 1740 3320 Tunc

125 3373 425 3418 constanter
458 3361 655 3416 Paulus
693 3371 740 3415 et
779 3358 1048 3415 Barnabas
1075 3360 1348 3413 dixerunt:
1372 3357 1538 3426 .Vobis
1589 3375 1741 3427 oper.

127 3455 268 3510 lebat
309 3454 532 3523 primum
583 3435 725 3523 loqui
784 3452 989 3506 verbum
1046 3449 1184 3514 Dei;
1221 3451 1311 3505 sed
1365 3451 1612 3522 quoniam
1658 3465 1741 3504 re-

127 3545 330 3617 pellitis
353 3545 538 3610 illud,
568 3554 615 3599 et
665 3546 902 3618 indignos
945 3559 1032 3597 vos
1062 3545 1312 3611 judicatis
1359 3553 1552 3598 aeterna
1593 3545 1736 3606 vita,

124 3656 245 3694 ecce
274 3639 618 3694 convertimur
641 3640 710 3691 ad
739 3647 929 3708 gentes.
961 3635 1168 3701 Videnti,
1196 3635 1470 3706 quomodo
1495 3651 1591 3706 per
1615 3650 1740 3690 con-

126 3733 434 3788 tentionem
491 3730 661 3798 magis
714 3728 1074 3804 extenderunt
1141 3728 1579 3798 praedicationem
1611 3767 1626 3790 ,
1681 3738 1738 3782 et

129 3824 306 3894 magis
334 3823 414 3878 illi
437 3836 497 3876 se
522 3809 867 3876 contulerunt
888 3820 952 3874 ad
971 3829 1182 3890 gentes.
1210 3827 1494 3890 postquam
1521 3821 1737 3876 ratione

130 3914 348 3968 reddita
377 3912 518 3983 apud
548 3926 883 3981 congeneres
933 3925 1063 3965 suos
1113 3923 1236 3964 sese
1263 3911 1424 3979 culpa
1466 3910 1735 3964 immunes

123 4003 599 4075 comprobarunt?
628 4001 739 4056 Nec
764 4000 920 4065 dixit,
954 3999 1162 4070 lndigni
1188 3999 1323 4055 estis
1355 4016 1370 4065 ;
1404 4000 1500 4054 sed
1522 4039 1538 4065 ,
1570 3999 1728 4054 indi-

123 4114 258 4169 gnos
287 4111 376 4151 vos
390 4095 664 4166 judicatis,
697 4102 756 4148 ut
782 4107 891 4148 non
917 4107 1182 4148 onerosus
1202 4103 1384 4146 sermo
1407 4101 1573 4148 esset.
1599 4091 1734 4156 Ecce

123 4190 468 4245 convertimur
487 4191 554 4241 ad
579 4197 768 4258 gentes.
794 4186 885 4242 47.
916 4185 1009 4249 Sic
1038 4185 1172 4239 enim
1198 4185 1438 4256 praecepit
1463 4185 1609 4239 nobis
1626 4184 1732 4239 Do-

123 4285 299 4337 minus
325 4298 343 4335 :
369 4280 531 4335 Posui
577 4291 624 4333 te
652 4280 706 4333 in
746 4281 909 4333 lucem
948 4279 1173 4349 gentium
1201 4319 1216 4344 ,
1248 4287 1304 4331 ut
1333 4283 1403 4332 sis
1431 4279 1484 4330 in
1512 4277 1731 4338 salutem

123 4390 288 4446 usque
313 4376 384 4427 ad
409 4383 689 4428 extremum
721 4382 869 4426 terra:
898 4369 1052 4442 (fsai.
1073 4369 1165 4425 49.
1198 4369 1279 4440 li).
1323 4368 1394 4424 l‘t
1421 4371 1569 4425 enim
1599 4385 1731 4440 gen-

125 4477 209 4522 tes
240 4466 358 4522 inec
381 4465 663 4521 audientes
686 4478 796 4520 non
827 4463 1300 4527 contristarentur,
1334 4465 1488 4534 quasi
1514 4479 1580 4519 ex
1605 4465 1728 4518 illo-

123 4575 247 4615 rum
293 4559 474 4615 studio
513 4558 653 4613 bona
685 4559 817 4628 ipsa:
861 4573 970 4612 non
1014 4567 1438 4627 assequerentur
1465 4599 1482 4622 ,
1508 4557 1731 4614 adducit

125 4653 494 4723 prophetiam,
530 4651 720 4708 dicens
750 4671 762 4705 :
797 4651 924 4706 Dedi
951 4662 998 4704 te
1023 4652 1075 4706 in
1103 4651 1265 4706 lucem
1293 4653 1541 4723 gentium,
1574 4663 1630 4705 ut
1658 4654 1729 4707 sis

120 4751 175 4801 in
203 4751 423 4802 salutem
471 4762 629 4817 usque
657 4747 726 4800 ad
773 4755 1059 4809 extremum
1104 4754 1272 4799 terrai.
1317 4745 1408 4800 48.
1450 4745 1732 4801 Audientes

120 4856 293 4898 autent
319 4853 509 4916 gentes.
542 4842 654 4898 Hoc
682 4842 805 4897 illos
843 4842 1134 4896 alacriores
1161 4841 1460 4906 reddebat,
1491 4842 1633 4912 quod
1663 4843 1728 4896 iis

124 4937 200 4992 illi
231 4935 557 4999 fruerentur,
575 4935 769 5005 quibus
798 4936 887 4988 alii
917 4935 1019 4988 frui
1049 4933 1320 4990 debebant
1346 4952 1360 4999 ;
1387 4933 1605 4989 ιιιᾶωοε
1631 4952 1727 4988 au-

126 5041 236 5084 tem
263 5027 366 5083 hoc
393 5027 563 5097 magis
594 5026 898 5082 mordebat.
947 5026 1228 5080 Audientes
1250 5035 1421 5082 autem
1449 5067 1465 5092 ,
1496 5025 1671 5096 inquit
1703 5067 1724 5093 ,

120 5129 294 5192 gentes
336 5120 524 5190 gaviste
561 5128 698 5186 sunt,
740 5128 789 5172 et
817 5118 1176 5190 gloriﬁcabant
1216 5116 1418 5175 uerbum
1462 5116 1674 5172 Domini
1705 5134 1725 5172 :

127 5213 194 5266 Et
240 5213 565 5266 crediderunt
620 5220 866 5282 quotquot
911 5221 1056 5265 erant
1098 5211 1435 5282 prteordinati
1473 5210 1526 5263 in
1570 5212 1728 5264 vitam

118 5315 408 5369 cateruam;
439 5303 543 5359 hoc
598 5313 700 5370 est,
744 5302 994 5373 ιιι-αδῆηίῑὲ
1045 5318 1078 5357 a
1111 5303 1241 5358 Deo.
1290 5301 1426 5357 Vide
1451 5302 1724 5378 quomodo

122 5395 364 5452 ostendit
381 5397 628 5451 utilitatis
644 5396 1006 5451 celeritatem.
1037 5394 1126 5449 49.
1155 5383 1601 5459 Dissentinabaiur
1627 5413 1723 5448 au-

123 5501 223 5544 tem
252 5488 459 5544 verbum
487 5488 698 5543 Domini
745 5505 835 5558 per
883 5489 1169 5542 universam
1213 5487 1509 5557 regionem;
1534 5487 1585 5542 id
1614 5499 1720 5552 est,

120 5581 513 5653 divulgabatur.
548 5583 627 5635 Ac
653 5583 697 5634 si
727 5581 952 5646 diceret,
982 5580 1097 5635 Non
1125 5580 1362 5635 contenti
1393 5580 1531 5644 seio,
1561 5595 1724 5649 opera

120 5677 280 5732 etiam
331 5674 674 5728 addiderunt.
731 5674 864 5728 Vide
904 5672 1177 5743 quomodo
1239 5672 1374 5741 pulsi
1408 5681 1462 5726 ct
1491 5672 1714 5727 zeloin-

119 5768 410 5833 censi,alia
440 5782 631 5836 magna
659 5764 907 5820 efficiunt
933 5779 949 5818 ε
976 5780 1097 5821 sese
1112 5780 1345 5834 namque
1369 5774 1718 5835 apparat-unt,

129 5873 178 5918 ut
225 5861 450 5918 liberius
483 5869 702 5930 agerent
732 5901 748 5927 ,
777 5869 831 5915 et
857 5860 922 5913 ad
949 5871 1139 5930 gentes
1174 5858 1418 5914 venirent
1450 5875 1462 5924 ;
1497 5867 1554 5913 et
1597 5859 1720 5914 audi

1881 952 2178 1019 quomodo.
2225 952 2531 1019 Constanter
2563 967 2772 1029 agentes
2801 958 3006 1019 Paulus
3029 976 3080 1020 et
3105 964 3382 1025 Barnabas
3413 971 3500 1023 di-

1875 1056 2061 1097 xerunt
2087 1061 2108 1099 :
2144 1043 2298 1101 Vobis
2317 1049 2582 1117 oportebat
2607 1054 2830 1121 primum
2849 1055 2992 1127 loqui
3017 1060 3223 1115 verbum
3246 1061 3388 1128 Dei;
3415 1065 3506 1119 sed

1878 1135 1999 1226 quia
2050 1138 2301 1206 repellitis
2344 1141 2478 1195 illud
2498 1183 2514 1209 ,
2547 1158 2663 1198 ecce
2707 1148 3051 1204 convertimur
3075 1152 3146 1206 ad
3169 1164 3365 1226 gentes.
3388 1155 3501 1212 Sed

1880 1225 2002 1317 vide
2031 1227 2084 1281 in
2111 1227 2214 1284 liac
2242 1229 2436 1287 ﬁducia
2457 1244 2733 1315 servatum
2759 1237 3003 1308 tutulum,
3033 1251 3089 1298 et
3098 1243 3226 1315 jure
3254 1246 3498 1317 quidem.

1874 1315 2009 1372 Nam
2027 1319 2072 1373 si
2093 1319 2288 1377 Petrus
2307 1337 2430 1379 sese
2455 1324 2806 1395 defendebat,
2830 1332 3004 1388 multo
3028 1337 3202 1408 magis
3233 1315 3288 1394 bi
3312 1340 3502 1398 defen-

1874 1411 2029 1468 sione
2059 1428 2200 1484 opus
2231 1415 2507 1474 habebant
2531 1461 2549 1487 ,
2602 1423 2822 1478 nemine
2850 1426 3000 1497 ipsos
3028 1429 3210 1488 istbuc
3238 1446 3494 1492 vocante.

1872 1503 2006 1559 Cum
2034 1506 2173 1562 dixit
2201 1517 2408 1575 autem,
2457 1509 2716 1580 Primum,
2747 1519 2989 1574 ostendit
3019 1521 3131 1577 illis
3157 1524 3322 1581 etiam
3353 1543 3494 1596 pra:-

1871 1598 2038 1652 tlicari
2070 1602 2383 1669 cpurtnisse
2414 1621 2430 1670 ;
2459 1614 2516 1660 et
2557 1621 2682 1662 cum
2729 1608 2866 1664 dixit
2896 1652 2912 1677 ,
2944 1610 3311 1672 Necessarium
3342 1660 3358 1682 .
3401 1607 3495 1674 ar-

1869 1692 1985 1760 gnit
2007 1694 2115 1748 illis
2133 1695 2302 1751 etiam
2325 1700 2694 1756 necessarium
2724 1701 2910 1760 fuisse.
2936 1706 3046 1762 Sed
3064 1710 3307 1779 quoniam
3327 1715 3487 1783 repel-

1869 1785 2013 1850 litis;
2044 1803 2149 1842 nun
2175 1788 2336 1858 dixit,
2370 1791 2464 1847 Va:
2490 1793 2647 1850 vobis
2674 1838 2689 1866 ,
2721 1813 2897 1869 neque
2921 1840 2938 1867 ,
2965 1800 3277 1861 Puniemini
3301 1825 3317 1873 ;
3344 1807 3441 1864 sed
3468 1852 3483 1874 .

1867 1874 2224 1934 Convertimur
2269 1883 2341 1935 ad
2381 1893 2577 1955 gentes.
2637 1885 2830 1945 Viden'
2859 1902 3060 1963 quanta
3111 1897 3494 1958 moderatione

1868 1967 2026 2037 plena
2059 1971 2131 2025 sit
2157 1971 2354 2029 ﬁducia
2387 1975 2478 2031 illa
2502 1979 2528 2031 Υ
2555 1978 2649 2034 50.
2681 1977 2858 2037 Judaei
2901 1995 3071 2040 autem
3100 1990 3488 2048 concitaverunt

1867 2065 2111 2120 mlieres
2132 2066 2401 2137 religiosas
2422 2080 2472 2124 et
2489 2071 2751 2140 honestas,
2778 2087 2827 2130 et
2854 2078 3051 2148 primos
3077 2082 3319 2153 civitatis,
3347 2095 3394 2141 et
3410 2103 3494 2142 ea:-

1862 2156 2138 2211 cituverunt
2165 2163 2608 2231 persequutionem
2644 2166 2700 2219 in
2750 2165 2979 2224 Paulum
3004 2181 3051 2227 et
3073 2171 3371 2230 Barnabam
3387 2218 3407 2246 ,
3425 2189 3479 2235 et

1862 2249 2120 2317 ejecerunt
2150 2267 2237 2305 eos
2265 2252 2330 2306 de
2352 2254 2540 2323 finibus
2559 2258 2689 2313 suis.
2721 2258 2912 2317 Viden’
2935 2275 3199 2334 quantum
3230 2268 3481 2339 profece-

1863 2342 1968 2432 riut
2011 2343 2103 2412 qui
2152 2343 2588 2404 adversabanznr
2637 2352 3013 2421 praedicationi
3050 2374 3065 2412 :
3109 2357 3162 2414 in
3213 2371 3478 2432 quautam

1860 2431 2250 2501 impudentiam
2281 2438 2406 2495 illas
2434 2440 2814 2499 adduxerim?
2859 2447 2952 2505 51.
2984 2448 3054 2503 At
3089 2451 3173 2506 illi
3203 2431 3484 2519 ,Vea'cusso

1859 2525 2065 2592 pulvere
2091 2529 2277 2598 pedum
2308 2532 2362 2585 in
2388 2549 2474 2589 eos
2497 2573 2513 2599 ,
2545 2549 2791 2592 venerunt
2820 2536 3083 2596 Iconium.
3110 2543 3209 2600 Hic
3233 2549 3479 2604 terribile

1857 2615 1987 2671 illud
2033 2617 2284 2676 fecerunt
2313 2624 2460 2693 quod
2491 2625 2734 2695 jusserat
2762 2629 3014 2688 Christus
3045 2633 3241 2691 dicens
3273 2655 3286 2691 :
3322 2637 3392 2693 Et
3435 2643 3480 2694 si

1851 2710 1966 2778 quis
1995 2727 2083 2765 vos
2109 2729 2213 2768 non
2241 2719 2511 2788 receperit,
2540 2720 2732 2790 egressi
2752 2724 2974 2778 mutite
2993 2727 3254 2795 pulverem
3282 2733 3476 2799 pedum

1852 2811 2135 2857 vestrorum
2165 2804 2384 2874 (Matth.
2422 2808 2510 2864 10.
2538 2811 2628 2866 14.
2663 2809 2838 2868 Μαι-ε.
2867 2814 2923 2870 ϐ.
2957 2817 3068 2888 il).
3093 2818 3174 2874 Illi
3208 2835 3340 2877 vero
3365 2838 3478 2880 non

1854 2901 2058 2950 temere
2080 2897 2184 2952 hoc
2211 2896 2496 2968 fecerunt,
2529 2903 2624 2958 sed
2652 2914 2941 2976 postquam
2971 2909 3134 2979 eiecti
3163 2922 3291 2969 sunt
3313 2914 3384 2970 ab
3413 2917 3480 2982 il-

1851 2985 1938 3040 lis.
1973 2987 2240 3045 Czeterum
2271 3007 2450 3064 neque
2480 2994 2582 3050 hoc
2613 2996 2897 3068 discipulis
2925 3002 3133 3070 nocuit,
3173 3005 3270 3061 sed
3298 3010 3478 3079 magis

1851 3081 2270 3146 perseverarunt
2300 3085 2352 3136 in
2391 3086 2582 3142 verbo.
2615 3086 2741 3142 Ideo
2769 3089 2873 3145 hoc
2911 3091 3205 3167 declarans,
3226 3096 3417 3167 adjicit
3450 3119 3465 3154 :

1851 3168 1943 3225 52.
1970 3169 2229 3244 Discipuli
2247 3185 2424 3231 autem
2445 3179 2776 3249 replebantur
2793 3183 2987 3255 gaudio
3015 3226 3031 3250 ,
3053 3197 3104 3241 et
3126 3186 3336 3260 Spiritu
3353 3207 3471 3246 san-

1848 3274 1950 3319 cto.
1991 3265 2234 3338 Magistri
2265 3283 2502 3342 namque
2523 3286 2768 3329 aerumna
2798 3276 3050 3349 discipuli
3080 3280 3332 3338 fiduciam
3359 3299 3474 3342 non

1847 3356 2004 3424 tollit,
2017 3357 2114 3413 sed
2140 3358 2465 3417 alacriorem
2495 3363 2647 3420 illum
2674 3366 2875 3422 reddit.
2929 3369 3102 3443 (Cap.
3128 3372 3236 3446 i4.)
3265 3376 3318 3430 1.
3347 3375 3464 3431 Fa-

1845 3457 1981 3541 ctum
2003 3461 2077 3505 est
2095 3463 2266 3507 autem
2291 3452 2482 3523 Iconii,
2513 3468 2568 3511 ut
2593 3459 2752 3514 simul
2777 3461 3048 3519 introirent
3063 3466 3119 3519 in
3141 3483 3463 3541 synagogam

1843 3540 2152 3597 Judteorum
2176 3585 2192 3609 ,
2221 3554 2268 3599 et
2295 3546 2626 3620 loquerentur
2650 3593 2666 3615 ,
2695 3553 2769 3606 ita
2790 3563 2845 3607 ut
2869 3557 3132 3613 crederent
3157 3540 3468 3621 Judteoruut

1843 3646 1890 3689 et
1919 3636 2216 3693 Graecorum
2241 3642 2452 3712 copiosa
2477 3646 2778 3701 multitudo.
2802 3647 3041 3705 Rursum
3070 3653 3124 3708 in
3153 3667 3461 3728 synagogas

1841 3730 2138 3788 introeunt.
2167 3732 2302 3790 Vide
2321 3738 2600 3806 quomodo
2624 3753 2732 3794 non
2764 3741 3068 3799 timidiores
3097 3743 3277 3803 effecti
3304 3749 3458 3819 sint,

1845 3838 1967 3877 cum
1993 3824 2260 3880 dixissent
2283 3868 2300 3893 ,
2331 3825 2685 3884 Convertimur
2711 3833 2780 3885 ad
2817 3843 3010 3904 gentes.
3056 3835 3135 3891 Ex
3166 3839 3467 3900 abundanti
3557 3905 3560 3908 ,

1847 3925 2030 3972 tamen
2065 3918 2174 3973 illis
2201 3921 2613 3979 excusationem
2646 3924 2863 3981 tollunt.
2915 3925 3008 3983 Ita
3055 3941 3111 3984 ut
3153 3933 3463 4004 crederent,

1843 4010 2040 4080 inquit,
2067 4010 2375 4068 Judworum
2400 4025 2447 4071 et
2473 4014 2774 4073 ercorum
2800 4023 3010 4092 copiosa
3025 4025 3322 4083 multitudo.
3358 4030 3463 4086 Ve.

1843 4105 2071 4159 risimile
2108 4119 2192 4160 est
2221 4108 2365 4162 enim
2398 4109 2523 4166 illos
2566 4111 2731 4167 etiam
2787 4112 2995 4172 Graecis
3020 4119 3370 4190 praedicasse.
3398 4126 3455 4182 2.

1843 4195 1944 4263 Qui
1987 4214 2104 4252 vero
2143 4200 2396 4256 increduli
2433 4202 2642 4274 fuerunt
2677 4205 2854 4262 λιιάωί
2892 4212 3268 4270 suscitaverunt
3304 4227 3354 4272 et
3391 4221 3460 4274 ad

1833 4287 2155 4343 iracundiam
2181 4294 2564 4349 concitaverunt
2589 4297 2791 4351 animas
2815 4301 3044 4370 gentium
3062 4304 3308 4362 adversus
3339 4312 3456 4380 [ra-

1833 4389 1953 4436 tres.
1981 4382 2153 4441 Simul
2181 4398 2314 4455 ergo
2356 4386 2520 4442 etiam
2549 4398 2742 4456 gentes
2769 4393 3109 4460 excitarunt,
3141 4397 3299 4468 quasi
3331 4415 3442 4456 non

1832 4474 1967 4528 satis
1999 4486 2187 4532 essent
2233 4478 2356 4550 ipsi.
2391 4479 2503 4536 Cur
2549 4482 2712 4553 igitur
2760 4484 2962 4543 istbinc
3004 4503 3115 4545 non
3153 4492 3458 4551 exierunt?

1831 4567 1966 4636 Quia
1990 4586 2099 4626 non
2127 4572 2496 4642 pellebantur,
2525 4574 2622 4632 sed
2647 4583 2858 4634 tantum
2891 4579 3370 4655 impugnabantur.
3395 4590 3451 4646 5.

1832 4661 2000 4718 Multo
2026 4664 2184 4735 igitur
2215 4674 2444 4736 tempore
2470 4666 2723 4724 demorati
2748 4682 2868 4726 sunt
2903 4715 2920 4741 ,
2949 4675 3266 4745 fiducialiter
3285 4699 3453 4754 agen-

1832 4764 1905 4808 tes
1938 4755 1992 4809 in
2035 4755 2260 4812 Domino
2284 4799 2300 4825 ,
2345 4759 2690 4816 testimonium
2726 4763 3023 4833 perbibenle
3068 4771 3222 4826 verbo
3265 4776 3464 4845 gratiae

1829 4847 1994 4918 ipsius
2025 4889 2041 4913 ,
2081 4849 2238 4904 dante
2264 4851 2414 4923 signa
2437 4862 2486 4907 et
2515 4855 2752 4927 prodigia
2789 4859 2905 4926 ﬁeri
2925 4877 3018 4929 per
3045 4879 3230 4920 manus
3249 4884 3450 4926 eorum.

1833 4939 1945 4995 Hoc
1967 4940 2217 4996 ﬁduciam
2237 4942 2513 5012 addebat;
2540 4946 2648 5001 imo
2669 4946 2926 5007 ﬁduciam
2953 4953 3191 5011 addebat
3206 4959 3450 5028 ipsorum

1830 5031 2100 5088 alacritas.
2135 5031 2263 5089 Ideo
2293 5050 2528 5105 namque
2554 5043 2732 5093 rarius
2761 5041 2917 5112 signa
2941 5041 3224 5104 faciebant
3249 5067 3265 5116 ;
3297 5054 3448 5123 quod

1829 5131 2010 5178 autem
2041 5124 2319 5181 auditores
2347 5128 2678 5197 crederent,
2711 5131 2855 5188 inter
2878 5134 3032 5205 signa
3056 5144 3445 5210 reputandum.

1828 5217 2047 5287 Aliquid
2083 5219 2248 5289 igitur
2291 5222 2620 5291 operabatur
2645 5224 2862 5282 dicendi
2895 5227 3142 5288 libertas.
3169 5236 3225 5290 4.
3259 5235 3445 5295 Divisa

1828 5319 1900 5362 est
1928 5320 2100 5364 autem
2130 5313 2409 5373 multitudo
2450 5315 2674 5372 civitatis
2709 5333 2730 5372 :
2756 5321 2970 5388 quidam
2999 5336 3146 5380 erant
3181 5344 3300 5384 cum
3334 5331 3446 5386 Ju—

1827 5403 1952 5456 dicis
1974 5443 1992 5468 ,
2016 5403 2228 5472 quidam
2255 5421 2374 5458 cum
2397 5407 2664 5476 apostolis.
2695 5409 2818 5468 Non
2844 5427 3038 5484 parum
3069 5417 3219 5475 addit
3242 5421 3313 5478 ad
3342 5438 3453 5478 aco

1827 5494 2162 5549 cnsationem
2209 5495 2354 5566 quod
2385 5498 2721 5556 scindantur.
2756 5503 2871 5560 Hoc
2900 5517 3020 5562 erat
3048 5510 3194 5579 quod
3218 5511 3438 5572 dicebat

1827 5584 2074 5678 Citristus
2100 5604 2112 5641 :
2141 5586 2262 5642 Non
2287 5592 2400 5644 veni
2422 5609 2597 5661 pacem
2621 5597 2838 5659 mittere,
2859 5599 2950 5653 sed
2971 5601 3203 5671 gladium
3219 5604 3441 5678 (Matth.

1831 5677 1917 5732 10.
1944 5678 2058 5748 34).
2083 5680 2136 5734 5.
2160 5679 2286 5734 Cum
2307 5692 2478 5736 autem
2511 5687 2683 5756 factus
2703 5700 2832 5743 esset
2853 5692 3074 5760 impetus
3102 5677 3369 5767 gentilium
3391 5713 3441 5753 et

1826 5770 2130 5825 Judazorum
2156 5789 2272 5826 cum
2298 5776 2616 5847 principibus
2656 5781 2763 5834 suis
2794 5823 2807 5848 ,
2842 5795 2897 5837 ut
2922 5789 3242 5844 cantunteliis
3267 5791 3447 5862 ofﬁce-

1830 5875 1940 5922 rent
1965 5876 2010 5920 et
2041 5866 2330 5936 lapidarent
2350 5885 2453 5937 eos,
2480 5869 2533 5926 6.
2559 5868 2905 5945 Intelligentes
2927 5883 3266 5954 confugerunt
3283 5885 3351 5939 ad
3366 5887 3445 5939 cio
