4034 6440
598 397 702 450 2.!

596 514 781 564 uitates
793 524 906 579 qua'
918 507 1266 563 circumerant
1277 508 1553 578 Lycaonia
1563 504 1798 576 Lystram
1819 516 1866 560 et
1888 502 2084 557 Derben
2109 543 2124 565 ,
2143 513 2190 556 et

598 594 883 653 uniuersam
924 604 976 653 in
1018 600 1232 652 circuitu
1268 600 1521 669 regionem
1554 638 1570 662 ,
1598 606 1648 650 et
1683 596 1753 650 ibi
1792 594 2191 665 euangelizantes

598 708 714 745 (rom
724 701 759 745 Ι.

664 786 722 840 2.
758 784 990 839 Rursum
1028 783 1180 853 quasi
1218 783 1341 837 data
1396 795 1561 851 opera
1596 780 1887 836 extendere
1934 778 2183 832 volentes

599 876 1032 945 prxudicationem
1060 917 1075 939 ,
1108 885 1386 945 postquam
1414 880 1760 943 augmentum
1790 870 2037 939 accepit,
2087 871 2187 923 ite-

596 986 712 1024 rum
738 969 859 1023 illos
882 969 1099 1039 pellunt.
1134 968 1265 1022 Vide
1287 968 1487 1037 ubique
1516 965 1961 1035 persequutiones
1990 976 2183 1031 magna

545 1117 552 1123 .
591 1064 805 1133 operari
849 1064 986 1118 bona
1010 1102 1037 1124 ,ι
1060 1071 1114 1116 et
1166 1069 1552 1131 persequentes
1604 1058 1745 1112 vinci
1776 1100 1789 1124 ,
1825 1057 2008 1127 pulsos
2051 1071 2181 1111 vero

592 1152 899 1222 splendidos
925 1152 1085 1207 efﬁci.
1116 1150 1247 1205 Nam
1286 1160 1343 1205 ιιι
1366 1151 1512 1204 venit
1542 1151 1788 1221 Lystram
1810 1187 1826 1209 ,
1864 1147 2181 1201 miraculum

593 1260 837 1314 magnum
878 1243 1141 1313 patravit,
1180 1251 1365 1297 erecto
1397 1241 1588 1297 claudo
1616 1282 1631 1305 ,
1682 1248 1737 1294 et
1778 1253 1969 1308 magna
2002 1252 2178 1291 voce:

590 1336 862 1405 quomodo
889 1346 1090 1403 autem,
1120 1336 1265 1389 audi.
1298 1334 1367 1389 Et
1394 1334 1599 1406 quidam
1622 1334 1697 1387 vir
1720 1331 1919 1403 Lystris
1946 1332 2183 1398 inﬁmus

589 1429 798 1497 pedibus
817 1428 1038 1493 sedebat,
1065 1428 1277 1482 claudus
1302 1444 1365 1481 ea:
1389 1438 1529 1481 utero
1558 1426 1735 1479 matris
1761 1442 1887 1488 suae.
1918 1425 2011 1494 qui
2032 1440 2183 1477 num-

587 1536 739 1589 quam
762 1519 1126 1574 ambulaverat.
1157 1519 1206 1574 8.
1253 1518 1352 1572 llic
1375 1519 1567 1571 audivit
1598 1517 1825 1571 Paulum
1870 1518 2174 1586 loquentem.

591 1612 690 1676 Qui
718 1612 931 1665 intuitus
956 1627 1091 1677 eum,
1120 1618 1167 1665 et
1195 1610 1365 1664 uidens
1388 1611 1504 1679 quia
1533 1609 1684 1677 [idem
1711 1610 1914 1662 haberet
1936 1618 1991 1661 ut
2010 1607 2179 1661 salvus

586 1704 763 1770 ﬁeret,
809 1703 863 1758 9.
895 1704 1026 1758 dixit
1071 1719 1258 1773 magna
1305 1718 1465 1756 uoce:
1496 1702 1667 1772 Surge
1708 1717 1861 1771 super
1886 1700 2038 1771 pedes
2068 1710 2180 1753 tuos

587 1804 766 1849 rectus.
810 1796 877 1850 Et
916 1797 1130 1851 exsilicit
1154 1838 1168 1857 ,
1200 1805 1248 1849 et
1289 1795 1599 1850 ambulabat.
1631 1793 1739 1849 Cur
1780 1810 1968 1864 magna
2002 1793 2178 1847 voce?

586 1891 651 1946 Ut
684 1890 852 1944 turba:
884 1890 1187 1943 crederem.
1236 1889 1373 1944 Vide
1415 1899 1595 1944 autem
1623 1906 1637 1942 :
1669 1888 1956 1958 diligenter
1999 1898 2177 1941 atten-

585 1981 743 2035 debat
771 1979 930 2034 dictis
958 1980 1103 2033 Pauli
1133 1996 1149 2044 ;
1186 1980 1287 2035 hoc
1310 1980 1453 2034 enim
1481 1979 1581 2033 sibi
1614 1979 1730 2032 vult
1765 1979 1915 2043 illud,
1949 1979 2174 2032 Audiuit.

590 2073 772 2127 't’idcn‘
818 2072 1247 2142 philosophiam?
1292 2072 1433 2127 Nihil
1475 2088 1540 2127 ex
1584 2072 1975 2127 claudicatione
2018 2073 2177 2127 laesus

588 2164 639 2219 in
662 2163 914 2218 audiendi
936 2164 1133 2217 studio.
1156 2162 1255 2228 Qui
1276 2164 1488 2221 intuitus
1508 2181 1640 2230 eum,
1669 2163 1843 2218 videns
1867 2164 2003 2233 quod
2024 2163 2179 2230 ﬁdem

582 2254 787 2308 haberet
812 2265 867 2307 ut
888 2256 1057 2309 salvus
1082 2255 1242 2323 ﬁeret.
1267 2253 1384 2309 Jam
1411 2255 1840 2324 przeelectionem
1868 2257 1919 2309 in
1952 2254 2177 2308 familia-

586 2346 797 2400 ritatem
830 2354 1192 2414 assumpserat
1220 2362 1231 2397 :
1267 2346 1441 2399 etsiin
1466 2344 1583 2399 aliis
1609 2347 1933 2399 contrarium
1978 2345 2173 2399 factum

582 2438 674 2493 sit.
701 2436 836 2492 Cum
869 2437 1013 2491 enim
1056 2436 1203 2506 prius
1240 2451 1466 2505 corpora
1510 2445 1867 2501 curaverant,
1898 2446 2024 2491 tunc
2060 2436 2176 2489 ani-

586 2543 701 2582 mas
722 2528 984 2584 curabant
1008 2546 1022 2582 :
1050 2528 1137 2582 hic
1164 2544 1292 2583 vero
1322 2544 1425 2583 non
1454 2529 1533 2582 sic
1556 2538 1771 2583 curatus
1803 2538 1905 2583 est.
1950 2527 2176 2582 Videtur

589 2620 718 2674 mihi
746 2619 941 2675 Paulus
968 2619 1035 2673 ad
1062 2620 1295 2674 animam
1324 2619 1647 2689 respexisse.
1680 2619 1745 2673 Et
1776 2618 1991 2673 exsiliuit
2023 2662 2039 2687 ,
2089 2621 2172 2673 in-

582 2715 727 2786 quit,
761 2723 809 2768 et
848 2714 1160 2767 ambulabat.
1207 2713 1464 2767 Perfecta:
1510 2713 1757 2766 sanitatis
1804 2716 2013 2783 signum
2059 2724 2173 2768 erat

580 2807 723 2877 quod
752 2805 1067 2860 ambularet.
1101 2805 1188 2860 10.
1221 2804 1406 2859 Turst
1435 2814 1604 2859 autem
1634 2822 1748 2858 cum
1775 2806 2009 2860 vidissent
2034 2808 2171 2875 quod

583 2902 770 2969 fecerat
800 2894 1003 2950 Paulus
1022 2937 1039 2962 ,
1072 2896 1359 2950 levaverunt
1384 2911 1553 2948 vocem
1582 2912 1748 2961 suam,
1781 2895 2063 2967 Lycaonice
2092 2898 2171 2950 di-

579 3000 782 3042 centes:
811 2987 897 3041 Dii
943 2988 1132 3041 similes
1173 2988 1295 3058 facti
1341 2976 1665 3049 hominibus,
1699 2989 2059 3042 descenderunt
2105 2990 2172 3042 ad

583 3097 693 3133 nos.
727 3079 816 3133 il.
856 3078 921 3132 Et
946 3079 1190 3131 uocabant
1226 3076 1521 3131 Barnabam
1544 3076 1723 3143 lavem
1744 3119 1757 3139 ,
1790 3078 2017 3132 Paulum
2054 3096 2172 3133 vero

583 3172 893 3225 Mercurium
918 3186 940 3224 :
962 3171 1200 3240 quoniam
1224 3172 1334 3241 ipse
1359 3180 1465 3223 erat
1492 3170 1599 3224 dua:
1619 3171 1771 3224 uerbi.
1804 3171 1891 3225 12.
1917 3172 2171 3227 Sacerdos

580 3280 775 3334 quoque
796 3263 960 3328 Jovis,
990 3262 1076 3325 qui
1102 3270 1208 3315 erat
1234 3271 1349 3315 ante
1376 3262 1628 3315 civitatem
1667 3261 1892 3327 illorum,
1925 3273 2097 3317 tauros
2124 3275 2169 3317 et

580 3373 793 3412 coronas
818 3367 934 3409 ante
954 3341 1157 3427 'janutis
1199 3355 1417 3422 aﬂ'erens
1441 3396 1456 3421 ,
1489 3372 1604 3408 cum
1635 3358 1837 3425 papults
1870 3360 2062 3412 uolebat
2088 3353 2192 3413 sa?

584 3449 846 3518 eri/icore.
893 3447 999 3503 Sed
1048 3447 1152 3501 hoc
1200 3446 1436 3501 nondum
1484 3456 1602 3502 erat
1645 3447 2031 3503 manifestum:
2075 3466 2169 3506 sua

581 3543 723 3596 enim
754 3554 884 3594 voce
906 3539 1262 3607 loquebantur
1286 3539 1569 3594 dicentes:
1601 3537 1690 3593 Dii
1714 3541 1902 3595 similes
1931 3545 2053 3613 facti
2079 3544 2169 3597 ho-

583 3632 819 3694 minibus,
844 3631 1210 3684 descenderunt
1230 3631 1299 3683 ad
1322 3646 1447 3696 nos;
1474 3629 1597 3685 ideo
1619 3631 1750 3685 nihil
1775 3632 1879 3687 illis
1900 3633 2166 3689 dicebant.

582 3724 713 3777 Cum
738 3733 916 3777 autem
943 3737 1171 3776 coronas
1194 3721 1472 3785 viderunt,
1507 3731 1633 3777 tunc
1662 3726 1863 3794 egressi
1894 3726 2170 3781 sciderunt

586 3815 898 3870 vestimenta
928 3828 1045 3867 sua.
1075 3815 1163 3870 15.
1198 3814 1348 3881 Quod
1379 3816 1462 3868 ubi
1500 3816 1770 3870 audierunt
1796 3819 2012 3889 apostoli
2034 3818 2169 3873 Bar-

583 3906 741 3961 nabas
768 3914 817 3959 et
849 3905 1073 3971 Paulus,
1102 3906 1369 3960 conscissis
1391 3907 1609 3961 uestibus
1634 3908 1761 3974 suis,
1790 3908 2081 3964 exsilierunt
2116 3913 2171 3965 in

582 4000 799 4060 turbam,
825 3998 1100 4052 clamantes
1127 3997 1216 4053 14.
1247 4009 1295 4052 et
1323 3998 1544 4053 dicentes
1567 4014 1588 4052 :
1624 3997 1754 4065 Viri,
1783 4001 1905 4069 quid
1929 4002 2023 4054 hoc
2038 4004 2168 4074 faci-

585 4089 761 4143 tis?et
808 4106 897 4141 nos
925 4089 1158 4142 similiter
1184 4099 1239 4141 ut
1277 4105 1365 4142 vos
1404 4089 1667 4159 passibiles
1710 4106 1884 4144 sumus
1924 4093 2167 4147 homines.

588 4182 717 4236 Vide
745 4182 862 4237 illos
889 4183 1087 4252 ubique
1113 4197 1142 4235 a
1168 4182 1354 4252 gloriae
1376 4166 1554 4237 studio
1577 4184 1807 4239 mundos
1834 4202 1850 4239 :
1875 4202 1977 4241 non
2011 4190 2169 4243 modo

585 4290 689 4327 non
734 4273 1142 4336 desiderantes,
1192 4274 1286 4328 sed
1328 4276 1559 4329 oblatam
1606 4275 1982 4346 depellentes:
2017 4290 2072 4334 ιιι
2116 4290 2171 4335 et

585 4367 774 4420 Petrus
815 4366 1065 4419 dicebat:
1095 4365 1231 4432 Quid
1274 4382 1367 4418 nos
1404 4354 1676 4420 intuemini
1702 4408 1720 4434 ,
1765 4370 1933 4439 quasi.
1961 4374 2169 4443 prapria

584 4460 763 4513 virtute
780 4458 857 4512 uel
881 4458 1064 4529 pietate
1085 4459 1351 4526 fecerimus
1372 4452 1779 4515 liunc'ambulare
1795 4460 1931 4533 (Act.
1956 4465 2011 4517 5.
2037 4465 2122 4537 12)
2145 4470 2168 4519 ?

587 4554 647 4606 lli
684 4566 898 4622 quoque
943 4551 1175 4621 idipsum
1204 4550 1408 4605 dicunt.
1435 4551 1630 4621 Joseph
1659 4554 1820 4607 etiam
1851 4555 2062 4611 dicebat
2100 4560 2168 4614 de

584 4644 808 4698 somniis
835 4659 848 4695 :
884 4641 1069 4697 Nonne
1102 4659 1137 4697 a
1171 4642 1283 4697 Deo
1308 4644 1652 4715 manifestatio
1690 4662 1864 4700 eorum
1893 4646 2042 4719 (Gen.
2075 4651 2163 4705 40.

586 4736 640 4807 8)
661 4736 685 4789 ‘l
708 4744 763 4790 et
788 4734 1008 4805 perinde
1038 4734 1222 4791 Daniel
1249 4754 1262 4789 :
1298 4734 1365 4788 Et
1394 4736 1520 4788 mihi
1548 4752 1649 4789 non
1671 4736 1725 4790 in
1748 4740 1997 4804 sapientia
2018 4783 2031 4803 ,
2058 4758 2169 4807 qu'c

582 4830 636 4882 in
684 4844 763 4882 me
788 4837 889 4893 est,
918 4826 1191 4883 revelatum
1215 4838 1288 4882 est
1315 4828 1479 4895 (Dan.
1510 4829 1565 4883 2.
1598 4830 1709 4902 50).
1746 4831 1813 4885 Et
1844 4832 2039 4887 Paulus
2069 4836 2168 4891 hoc

583 4922 779 4991 ubique
807 4920 974 4984 dicit,
1024 4930 1081 4975 ut
1118 4926 1219 4977 hoc
1257 4923 1376 4975 loco
1408 4941 1421 4975 :
1456 4921 1524 4975 Et
1562 4924 1633 4977 ad
1660 4928 1771 4979 Ilth
1798 4928 1911 4995 quis
1934 4928 2112 4998 sufﬁcit
2142 4930 2168 4983 .’

582 5023 635 5067 et
662 5029 870 5067 rursum
902 5031 914 5066 :
945 5012 1066 5066 Non
1093 5012 1226 5082 quod
1252 5014 1549 5083 su/ﬁcientes
1590 5016 1747 5069 simus
1786 5034 1819 5069 a
1856 5021 1997 5073 nobis
2042 4998 2167 5089 ipsis

582 5106 821 5173 cogitare,
853 5105 999 5173 quasi
1030 5121 1093 5158 ea:
1117 5105 1262 5159 nobis
1282 5120 1303 5168 ,'
1331 5105 1420 5158 sed
1445 5106 1741 5175 suﬁicientia
1766 5120 1943 5163 nostra
1969 5128 2032 5165 ea:
2056 5112 2165 5166 Deo

584 5207 650 5247 ι’.ςί
683 5195 760 5262 (2.
790 5195 909 5249 Cor.
937 5196 1113 5250 2.16.
1143 5207 1187 5249 et
1213 5198 1270 5251 5.
1302 5198 1378 5266 5).
1409 5198 1515 5252 Sed
1541 5199 1815 5268 superiora
1838 5214 2160 5271 repetamus.

583 5288 695 5341 Non
724 5292 840 5342 stuc
860 5305 1019 5344 causa
1047 5291 1215 5343 turba:
1244 5291 1375 5358 ipsis
1398 5292 1671 5346 hzcsernnt
1694 5309 1709 5356 ;
1739 5294 1832 5347 sed
1855 5299 2164 5364 quomodo?

584 5381 904 5451 ltogabant,
936 5393 993 5435 ut
1043 5383 1175 5451 ipsis
1220 5383 1407 5437 eadem
1452 5385 1643 5439 iterum
1693 5387 2076 5455 IOquerentur,
2109 5404 2162 5446 et

578 5476 831 5543 operibus
856 5475 1089 5529 studium
1115 5476 1483 5531 declarabant.
1519 5477 1648 5532 Vide
1670 5478 1865 5550 ubique
1892 5494 2155 5552 rogantes,

580 5583 677 5622 nec
707 5568 1017 5637 simpliciter
1041 5570 1362 5639 recipientes
1381 5614 1397 5635 ,
1430 5571 1513 5625 vel
1537 5571 1835 5628 adulantes.
1867 5574 1988 5629 Ideo
2017 5576 2161 5629 dice—

579 5662 704 5715 bat:
737 5660 836 5727 Qui
856 5660 1192 5730 colloquentes
1212 5679 1327 5715 cum
1352 5664 1443 5729 eis,
1471 5664 1839 5731 persuadebant
1869 5666 1939 5719 eis
1960 5684 2158 5735 perma-

579 5770 693 5805 nere
723 5754 776 5806 in
824 5754 991 5822 gratia
1029 5751 1146 5806 Dei.
1189 5755 1297 5808 Cur
1324 5771 1427 5807 non
1477 5767 1632 5811 antea
1679 5758 2159 5813 coatradicebant?

578 5847 705 5911 Quia
751 5846 960 5902 interim
1000 5848 1295 5903 munitores
1336 5849 1705 5919 quiescebant.
1742 5852 1930 5910 Viden”
1960 5854 2156 5923 ubique

1338 397 1393 452 S.
1439 393 1711 452 JOANNIS
1749 388 2224 449 CHRYSOSTOMI
2266 386 2579 443 ARCHIEP.
2621 386 3153 445 CONSTANTINOP.

3800 394 3901 452 εει

2299 498 2417 553 illos
2442 514 2508 553 ex
2536 499 2785 569 passione
2813 502 3018 555 moveri
3047 502 3070 553 ?
3098 501 3207 557 Nec
3237 500 3396 556 modo
3423 505 3900 571 contradicebant,

2297 588 2392 644 sed
2439 590 2599 643 etiam
2647 590 3091 658 blaSphemahant
3136 611 3149 647 :
3195 594 3394 648 malitia
3434 596 3581 650 enim
3630 613 3901 669 nusquam

2293 681 2515 750 gradum
2548 683 2711 736 sistit.
2758 684 2861 738 Sed
2890 683 3013 739 vide
3048 686 3261 741 dicendi
3305 688 3609 744 libertatem
3639 708 3653 743 :
3705 690 3859 745 Vobis
3880 736 3899 757 ,

2293 774 2498 842 inquit,
2531 774 2792 842 oportebat
2819 778 3035 844 primum
3076 778 3214 845 loqui
3240 778 3440 833 uerbum
3466 796 3485 845 ;
3512 782 3632 850 quia
3663 798 3785 837 vero
3808 801 3891 838 re-

2294 865 2484 933 pellitis
2510 864 2663 921 illud.
2696 866 2839 922 Nihil
2864 869 3252 924 contumeliose
3282 870 3501 925 dictum.
3530 872 3688 938 Quod
3728 875 3891 928 etiam

2292 959 2343 1012 in
2376 959 2649 1028 prophetis
2683 959 2839 1015 [iebat
2869 979 2883 1015 :
2918 959 3000 1014 Ne
3042 962 3321 1031 loquamini
3342 1005 3357 1026 ,
3408 964 3577 1034 inquit
3598 1005 3617 1030 ,
3668 965 3892 1037 loquela.

2292 1050 2426 1116 Quia
2452 1068 2569 1105 vero
2595 1051 2854 1121 repulistis
2882 1053 3034 1119 illud,
3069 1055 3258 1122 inquit,
3291 1071 3397 1111 non
3427 1072 3523 1111 nos
3559 1076 3575 1113 :
3605 1075 3717 1112 non
3745 1061 3890 1114 enim

2289 1145 2342 1197 in
2389 1159 2487 1198 nos
2535 1146 2857 1200 contumelia
2898 1157 3074 1202 vestra
3105 1150 3351 1203 vertitur.
3394 1150 3471 1205 Ne
3499 1155 3622 1222 quis
3649 1154 3797 1207 enim
3828 1170 3892 1209 ex

2287 1237 2484 1306 pietate
2517 1247 2663 1306 putet
2702 1238 2826 1292 illud
2856 1254 3008 1303 esse,
3043 1239 3292 1311 Indignas
3321 1258 3408 1296 eos
3431 1245 3723 1313 iudicatis;
3769 1246 3892 1302 ideo

2288 1330 2436 1400 prius
2465 1330 2598 1384 dixit
2623 1372 2637 1396 ,
2667 1330 2935 1401 Repellitis
2961 1332 3094 1385 illud
3116 1351 3134 1396 ;
3164 1344 3219 1388 et
3248 1343 3373 1389 tunc
3399 1335 3545 1390 addit
3571 1379 3587 1401 ,
3622 1336 3890 1394 Converti-

2285 1438 2400 1475 mur
2428 1422 2495 1473 ad
2519 1432 2707 1493 gentes.
2755 1423 2914 1477 Multa
2954 1424 3169 1491 plenum
3210 1427 3625 1483 mansuetudine
3648 1430 3887 1487 dictum.

2284 1512 2399 1568 Non
2422 1513 2575 1576 dixit,
2612 1514 3043 1585 Derelinquimus
3071 1532 3164 1570 vos
3186 1561 3200 1582 ,
3241 1518 3536 1574 ostendens
3556 1563 3573 1587 ,
3606 1537 3775 1590 posse
3799 1524 3893 1579 ad-

2284 1602 2389 1659 huc
2416 1605 2534 1659 illos
2563 1607 2801 1660 converti
2833 1623 2847 1670 ;
2878 1614 2933 1661 et
2960 1606 3059 1662 hoc
3091 1624 3195 1661 non
3226 1618 3445 1677 prOpter
3481 1622 3725 1665 vestram
3761 1629 3889 1669 con-

2285 1696 2554 1750 tumeliam
2583 1698 2777 1751 tactum
2815 1706 2935 1752 est:
2965 1699 3036 1752 ita
3065 1703 3208 1753 enim
3235 1710 3560 1769 prmceptum
3592 1712 3680 1756 est
3709 1704 3885 1759 nobis.

2282 1786 2571 1858 Oportebat
2618 1790 2834 1855 quidem
2878 1800 3065 1860 gentes
3090 1791 3316 1855 audire;
3349 1807 3539 1846 verum
3574 1792 3681 1848 hoc
3724 1811 3830 1848 non
3858 1811 3887 1851 a
3980 1850 3987 1857 ,

2283 1883 2434 1937 nobis
2460 1924 2474 1947 ,
2524 1884 2616 1937 sed
2647 1900 2675 1937 a
2716 1885 2869 1939 vobis
2916 1884 3110 1938 factum
3139 1894 3261 1951 est,
3292 1886 3434 1956 quod
3481 1903 3510 1940 ιι
3558 1887 3723 1941 nobis
3774 1888 3886 1943 ﬁeri

2281 1976 2579 2043 oportebat.
2610 1976 2699 2030 Sic
2722 1977 2879 2041 enim,
2908 1976 3078 2045 inquit
3096 2018 3110 2037 ,
3139 1978 3377 2045 praecepit
3406 1979 3550 2032 nobis
3581 1978 3841 2033 Dominus
3869 1997 3889 2035 .'

2281 2064 2443 2120 Posui
2471 2078 2516 2119 te
2544 2067 2595 2119 in
2623 2068 2785 2120 lucem
2813 2068 3035 2137 gentium
3058 2108 3073 2131 ,
3104 2078 3159 2121 ut
3190 2070 3259 2121 sis
3286 2069 3338 2121 in
3367 2070 3585 2122 salutent
3613 2088 3631 2133 ;
3666 2070 3719 2125 id
3761 2080 3850 2127 est
3870 2113 3885 2137 ,

2282 2159 2335 2213 in
2362 2161 2723 2229 cognitionem
2755 2176 2873 2230 qua:
2903 2162 2974 2215 sit
3012 2160 3080 2215 ad
3111 2162 3335 2215 salutem
3362 2202 3376 2225 ,
3422 2178 3528 2216 non
3556 2164 3885 2230 simpliciter

2280 2252 2538 2320 gentium,
2573 2252 2667 2305 sed
2693 2254 2931 2305 omnium
2962 2254 3222 2321 gentium.
3254 2253 3367 2307 Hoc
3394 2253 3536 2307 enim
3568 2255 3848 2324 signiﬁcat
3870 2298 3891 2321 ,

2278 2358 2399 2398 cum
2428 2343 2561 2397 dixit
2585 2360 2599 2396 :
2632 2344 2886 2414 Quotquot
2916 2355 3060 2397 erant
3097 2346 3429 2413 prwordinati
3458 2346 3511 2398 in
3541 2348 3705 2399 vitam
3734 2358 3887 2402 cter-

2278 2453 2417 2489 nam.
2467 2436 2535 2489 Et
2582 2437 2684 2491 hoc
2731 2437 2981 2491 indicium
3015 2446 3098 2491 est
3129 2438 3250 2492 illos
3282 2438 3581 2492 secundum
3632 2440 3888 2494 volunta-

2280 2537 2385 2582 tem
2418 2528 2508 2583 Dei
2538 2528 2758 2582 assumi.
2783 2526 3133 2581 Prazordinati
3154 2530 3301 2590 dicit.
3332 2542 3389 2582 ut
3414 2529 3671 2584 ostendat
3700 2532 3753 2584 id
3779 2548 3886 2586 non

2282 2636 2373 2687 per
2404 2621 2775 2675 necessitatem
2808 2619 2944 2673 ﬁeri.
2978 2619 3117 2686 Quas
3162 2623 3296 2673 enim
3326 2621 3614 2688 praecinit,
3666 2622 3844 2692 inquit
3866 2664 3883 2685 ,

2277 2722 2323 2765 et
2355 2711 2725 2780 prtedestinavit
2768 2711 2946 2781 (Rom.
2992 2711 3047 2765 8.
3078 2710 3195 2781 29).
3241 2710 3358 2765 Non
3401 2711 3511 2779 jam
3563 2713 3617 2766 in
3662 2713 3885 2770 civitate

2276 2803 2503 2872 dispersi
2532 2812 2703 2868 erant,
2732 2803 2826 2856 sed
2854 2804 3018 2857 etiam
3047 2804 3097 2856 in
3126 2804 3368 2873 regione.
3401 2804 3705 2859 Audientes
3735 2806 3885 2862 enim

2274 2896 2502 2965 gentiles
2529 2937 2541 2959 ,
2571 2905 2627 2950 et
2661 2896 2762 2964 ipsi
2805 2895 2959 2964 paulo
2992 2904 3112 2964 post
3148 2907 3514 2952 accesserunt.
3544 2898 3729 2954 Judaei
3766 2918 3884 2956 vero

2277 2992 2591 3043 concitarunt
2623 2988 2855 3043 mulieres
2891 2989 3179 3058 religiosas,
3212 2999 3257 3043 et
3281 2992 3724 3061 perscquutionem
3748 2993 3883 3047 exci-

2277 3092 2461 3137 tavere.
2504 3082 2784 3153 Perpende
2826 3096 2921 3136 eos
2965 3098 3144 3137 rerum
3188 3099 3218 3137 a
3248 3083 3569 3139 mulieribus
3599 3096 3880 3155 gestarum

2275 3182 2525 3228 auctores
2555 3188 2694 3227 esse.
2730 3171 2794 3224 Et
2819 3173 3071 3242 cjecerunt
3101 3190 3185 3227 eos
3214 3190 3245 3225 a
3272 3174 3455 3242 ﬁnibus
3484 3176 3593 3229 suis
3618 3190 3641 3240 ;
3672 3192 3785 3231 non
3814 3180 3885 3233 ab

2273 3266 2405 3321 urbe
2438 3274 2641 3320 tantum
2668 3307 2685 3331 ,
2713 3265 2807 3320 sed
2838 3276 2891 3320 et
2918 3282 2945 3317 a
2977 3266 3193 3335 regione
3224 3275 3355 3320 tota.
3393 3267 3595 3322 Deinde
3627 3268 3738 3324 hoc
3770 3278 3900 3326 ter-‘

2277 3358 2483 3412 ribilius
2508 3366 2591 3411 est
2616 3375 2629 3411 :
2661 3356 2912 3427 Discipuli
2942 3367 3108 3409 autem
3134 3398 3148 3419 ,
3180 3358 3371 3427 inquil,
3397 3360 3578 3429 repleti
3602 3371 3728 3415 sunt
3754 3380 3884 3434 gau-

2273 3449 2359 3501 dio
2404 3458 2450 3501 et
2486 3447 2689 3518 Spiritu
2738 3458 2933 3514 sancto.
2977 3448 3325 3503 Pcllebantur
3367 3449 3621 3505 doctores
3651 3494 3667 3515 ,
3712 3463 3771 3508 et
3803 3454 3881 3510 illi

2272 3540 2597 3610 gaudebant.
2638 3540 2883 3593 Vidistin’
2911 3550 3153 3593 naturam
3181 3538 3448 3610 Evangelii
3486 3542 3751 3599 virtutem
3783 3546 3881 3602 ha-

2271 3635 2487 3690 bentem
2514 3635 2734 3689 multam
2758 3633 2782 3687 ξ’
2806 3634 2884 3687 Ad
2907 3635 3230 3687 iracundiam
3248 3639 3651 3701 concitaverunt,
3682 3638 3878 3709 inquit,

2273 3732 2469 3783 animos
2510 3728 2735 3798 gentium
2779 3726 3021 3780 adversus
3061 3729 3294 3798 fratres;
3325 3727 3377 3781 id
3421 3737 3527 3793 est,
3556 3714 3879 3787 calumniati

2273 3829 2400 3873 sunt
2443 3820 2739 3888 apostolos,
2770 3818 2837 3872 de
2881 3819 3118 3873 millibus
3146 3832 3243 3873 eos
3269 3829 3592 3874 accusarunt
3620 3861 3637 3887 ,
3669 3832 3730 3877 et
3760 3824 3881 3879 illos

2274 3912 2547 3981 simplices
2572 3912 2803 3981 maligne
2830 3910 3149 3965 affecerunt.

2345 4005 2399 4059 5.
2440 4004 2508 4058 Et
2529 4004 2650 4057 vide
2674 4044 2690 4065 ,
2719 4002 2995 4074 quomodo
3025 4004 3224 4074 ubique
3270 4014 3437 4058 totum
3487 4008 3600 4060 Deo
3651 4005 3877 4063 referat.

2274 4094 2441 4148 Multo
2489 4106 2748 4166 tempore,
2794 4094 3009 4164 inquit,
3056 4094 3303 4149 demorati
3348 4106 3504 4160 sunt,
3562 4097 3881 4166 ﬁducialiter

2272 4197 2475 4259 agentes
2500 4190 2551 4240 in
2580 4187 2820 4251 Domino,
2849 4187 3190 4239 testimonium
3214 4187 3504 4256 perltibente
3523 4189 3677 4243 verba
3695 4195 3880 4262 gratia

2272 4281 2471 4351 ipsius.
2520 4280 2598 4334 Ne
2638 4280 2765 4349 quid
2815 4278 2904 4334 hic
2950 4279 3291 4334 imminutum
3344 4292 3521 4349 putes.
3553 4280 3696 4337 Cum
3727 4287 3876 4341 enim

2272 4374 2533 4437 dicerent,
2562 4372 2661 4439 Qui
2692 4373 3031 4426 testimonium
3054 4373 3193 4427 dedit
3224 4373 3315 4428 sub
3355 4371 3547 4428 Pontio
3584 4374 3767 4432 Pilato
3796 4380 3875 4447 (Ι.

2276 4465 2408 4521 Tim.
2436 4466 2488 4521 6.
2519 4467 2629 4536 l3),
2660 4475 2785 4520 tunc
2812 4466 2999 4521 ﬁducia
3027 4466 3447 4533 ostendebatur;
3480 4466 3569 4523 hic
3592 4480 3782 4525 autem
3809 4473 3878 4529 de

2275 4558 2468 4627 p0ptt|0
2494 4558 2749 4628 loquitur.
2781 4556 2898 4611 Non
2932 4568 3314 4627 exspectarunt
3352 4558 3513 4628 igitur
3539 4600 3557 4623 ,
3600 4560 3698 4615 sed
3727 4562 3878 4618 vide-

2274 4660 2399 4705 runt
2428 4651 2706 4719 impetum.
2740 4650 2805 4704 Et
2834 4654 3170 4722 confugerunt
3199 4652 3268 4704 ad
3292 4652 3517 4706 ciuitates
3543 4650 3868 4724 Lycaonia,

2271 4742 2506 4813 Lgstram
2534 4753 2579 4796 et
2606 4741 2881 4803 Derben,et
2902 4742 3208 4796 .universam
3243 4742 3298 4797 in
3327 4744 3547 4797 circuitu
3585 4747 3872 4815 regionem.

2277 4836 2372 4891 Ubi
2396 4835 2613 4891 minime
2643 4836 2881 4890 furorem
2898 4850 3055 4889 suum
3077 4850 3333 4891 exercere
3362 4836 3560 4892 licebat
3589 4837 3694 4893 illis
3724 4858 3740 4895 :
3771 4842 3873 4896 ita-

2271 4944 2376 4998 que
2414 4931 2465 4982 in
2507 4930 2754 4999 regiones
2802 4930 3135 4998 pergebant,
3176 4944 3279 4984 nec
3308 4938 3510 4984 tantum
3555 4931 3606 4984 in
3640 4932 3875 4989 urbibus

2272 5022 2638 5077 versabantur.
2669 5021 2801 5075 Vide
2831 5035 3040 5091 quoque
3059 5023 3300 5091 gentium
3332 5021 3736 5092 simplicitatem
3767 5068 3782 5087 .
3814 5038 3875 5082 et

2269 5114 2574 5169 Iudaeorum
2601 5113 2913 5182 nequitiam.
2954 5113 3220 5182 Operibus
3245 5111 3593 5169 declarabant
3633 5118 3871 5186 gentiles

2268 5222 2327 5261 se
2347 5206 2538 5276 dignos
2578 5220 2702 5261 esse
2731 5206 2820 5275 qui
2860 5207 3109 5261 audirent
3136 5225 3150 5262 :
3181 5208 3365 5276 sicque
3395 5207 3512 5260 illos
3534 5207 3605 5260 ob
3632 5210 3751 5264 sola
3795 5212 3868 5266 si-

2268 5315 2366 5368 gna
2396 5298 2750 5352 honorabant.
2784 5299 2885 5351 Alii
2918 5309 2975 5351 ut
3013 5299 3141 5353 deos
3167 5300 3439 5363 colebant,
3472 5301 3562 5354 alii
3596 5313 3655 5355 ut
3684 5320 3871 5371 perui-

2265 5395 2441 5446 ciosos
2471 5390 2778 5459 pellebant:
2804 5400 2858 5444 et
2898 5391 2989 5444 alii
3016 5390 3230 5461 quidem
3261 5408 3368 5447 non
3398 5393 3575 5447 modo.
3596 5396 3868 5463 praedica-

2266 5485 2396 5538 tioni
2429 5499 2534 5539 nou
2564 5484 2919 5547 obsistebant,
2952 5484 3047 5539 sed
3075 5485 3234 5539 etiam
3256 5485 3506 5541 dicebant
3528 5530 3543 5551 ,
3570 5487 3661 5540 Dii
3688 5490 3866 5545 nanti-

2266 5576 2411 5629 nibus
2452 5577 2642 5631 similes
2668 5577 2791 5646 ['acti
2814 5618 2829 5643 ,
2858 5577 3218 5631 descenderunt
3246 5579 3314 5631 ad
3356 5596 3447 5633 nos
3476 5596 3495 5643 ;
3521 5579 3694 5635 Judmi
3725 5598 3865 5639 vero

2264 5667 2783 5721 scandalizabantur.
2840 5666 2908 5721 Et
2958 5668 3201 5721 vocabant
3239 5710 3255 5735 ,
3304 5669 3515 5739 inquit,
3561 5670 3862 5728 Bannabam

2262 5757 2459 5825 Jovem,
2491 5758 2714 5812 Paulum
2734 5776 2848 5814 vero
2873 5759 3203 5813 Mercurium.
3227 5760 3430 5832 Opinor
3450 5765 3610 5817 etiam
3633 5779 3861 5835 aSpcctu

2265 5854 2624 5909 venerabilem
2654 5852 2819 5910 fuisse
2846 5854 3164 5911 Barnabam.
3196 5855 3311 5911 Non
3344 5873 3505 5927 parva
3538 5860 3657 5917 haec
3680 5870 3858 5918 tenta-
