4034 6420
157 382 289 440 223

153 500 463 568 Λύστραν
490 494 620 555 ’καὶ
670 500 914 568 Δέρϐην,
968 501 1066 555 καὶ
1111 498 1227 568 τὴν
1277 487 1635 567 περίχωρον,
1687 494 1867 550 κάκεῖ

151 581 342 656 ἦσαν
375 588 908 658 εὐαγγελιζόμενοι.

244 672 318 743 β’.
345 675 515 727 Πάλιν
549 674 740 745 ὥσπερ
765 675 1016 744 ἐπίτηδες
1044 676 1285 727 ἐκτεῖναι
1315 673 1627 743 βουλόμενοι
1664 673 1738 723 τίδ’
1756 670 1860 740 κή-

157 775 389 830 ρυγμα,
427 763 568 829 μετά
617 749 681 815 τὸ
728 762 1058 834 αὐξηθῆναι,
1101 762 1266 817 πάλιν
1297 761 1498 822 αὐτοὺς
1547 759 1856 826 ἐξάγουσιν.

154 847 325 920 Ὅρα
365 849 645 920 πανταχοῦ
694 853 823 916 τοὺς
868 851 1144 922 διωγμοὺς
1184 850 1399 922 μεγάλα
1453 847 1856 920 ἐργαζομένους

155 937 380 1005 ἀγαθὰ,
412 939 665 1003 καὶτοὺς
716 940 814 1009 μὲν
853 939 1151 1003 διώκοντας
1207 938 1576 1011 ἡττωμένους,
1625 937 1755 999 τοὺς
1801 934 1858 987 δὲ

150 1025 543 1096 διωκομένους
585 1027 874 1099 λαμπροὺς
910 1029 1337 1096 ἀποφαίνονταςο
1387 1024 1591 1079 Ἐλθὼν
1641 1025 1754 1095 γὰρ
1798 1024 1859 1075 ὲν

151 1112 464 1185 Λύστροις.
498 1119 736 1170 ποιεῖται
762 1116 950 1186 θαῦμα
990 1118 1156 1186 μέγα,
1203 1115 1296 1168 τὸν
1320 1114 1496 1185 χωλὸν,
1519 1115 1854 1182 ἀναστήσας,

152 1201 266 1252 καὶ
291 1201 504 1272 μεγάλῃ
528 1205 593 1273 τῇ
627 1205 812 1274 φωνῇ’
843 1205 940 1256 καὶ
970 1203 1109 1266 πῶς,
1152 1202 1339 1256 ἄκουε.
1373 1202 1484 1256 Καί
1514 1218 1628 1266 τις,
1666 1200 1852 1269 φησὶν,

150 1285 331 1356 ἀνὴρ
379 1290 450 1342 έν
496 1291 792 1358 Λύστροις
834 1291 1134 1357 ἀδύνατος
1177 1290 1304 1356 τοῖς
1343 1289 1532 1343 ποσίν
1571 1288 1852 1353 ἐκάθητο,

150 1376 370 1443 χωλὸς
393 1376 463 1430 ἐκ
488 1379 723 1443 κοιλίας
749 1380 978 1447 μητρὸς
1017 1379 1204 1455 αὑτοῦ
1239 1376 1549 1446 ὑπάρχων,
1585 1375 1654 1441 ὃς
1682 1374 1856 1455 οὐδέ-

149 1479 318 1515 ποτε
383 1466 870 1532 περιπεπατήκει.
914 1452 1104 1532 Οὗτος
1160 1465 1394 1535 ἤκουσε
1451 1465 1560 1518 τοῦ
1608 1452 1852 1517 Παύλου

147 1549 528 1617 λαλοῦντος.
560 1553 662 1618 Ὃς
685 1553 970 1619 ἀτενίσας
993 1552 1175 1618 αὐτῷ,
1201 1553 1300 1607 καί
1331 1553 1476 1607 ίδὼν
1518 1553 1610 1606 ὅτι
1639 1552 1853 1614 πίστιν

149 1636 294 1704 ἔχει
313 1637 420 1691 τοῦ
442 1637 731 1707 σωθῆναι,
761 1640 891 1693 εἷπε
914 1640 1150 1710 μεγάλῃ
1191 1639 1266 1709 τῇ
1294 1638 1466 1710 φωνῇ
1490 1658 1504 1672 ο
1535 1639 1848 1708 Ἀνάστηθι

147 1725 263 1775 ἐπὶ
287 1723 433 1790 τοὺς
471 1725 662 1792 πόδας
709 1743 826 1781 σου
877 1729 1071 1797 ὀρθός.
1126 1728 1236 1782 Καὶ
1271 1728 1462 1797 ἦλατο
1503 1727 1605 1782 καί
1656 1745 1847 1796 περιε-

150 1811 362 1864 πάτει.
396 1814 493 1865 Διά
521 1815 573 1867 τί
605 1816 820 1890 μεγάλῃ
849 1821 914 1888 τῇ
949 1822 1137 1888 φωνῇ;
1177 1819 1342 1870 Ὥστε
1375 1819 1506 1880 τοὺς
1538 1816 1729 1887 ὄχλους
1762 1834 1850 1869 πι-

130 1900 409 1967 Χσπεῦσαι.
451 1903 593 1975 Ὅρα
631 1905 706 1969 δέ,
743 1909 1031 1976 προσεῖχεν
1077 1907 1322 1978 ἀκριϐῶς
1375 1910 1488 1969 τοῖς
1530 1905 1845 1977 λεγομένοις

149 1987 268 2039 ὑπὸ
297 1988 393 2042 τοῦ
433 1991 676 2044 Παύλου·
728 1993 885 2045 τοῦτο
915 1995 1023 2064 γάρ
1073 1995 1191 2047 ἐστι
1228 1995 1291 2047 τὸ
1329 1996 1654 2050 Ἤκουσεν.
1691 1988 1846 2056 Εἶδες

149 2075 520 2144 φιλοσοφίαν;
552 2077 721 2132 Οὐδὲν
768 2080 873 2132 ὑπὸ
902 2082 1000 2151 τῆς
1031 2083 1264 2152 χωλείας
1303 2083 1439 2153 πρὸς
1472 2083 1573 2153 τὴν
1611 2081 1846 2152 σπουδὴν

147 2161 261 2229 τῆς
293 2164 614 2232 ἀρκοάσεως
651 2167 992 2239 παρεϐλάϐη.
1039 2172 1144 2235 ’ος
1173 2171 1465 2236 ἀτενίσας
1505 2168 1668 2235 αὐτῷ
1691 2212 1708 2236 ,
1742 2171 1842 2223 καὶ

149 2249 307 2302 ίδὼν
333 2251 422 2304 ὅτι
449 2254 663 2306 πίστιν
689 2255 812 2323 ἔχει
840 2255 948 2308 τοῦ
981 2256 1270 2326 σωθῆναι.
1299 2257 1441 2327 Ἤδη
1473 2256 1720 2328 ᾠκείωτο
1744 2257 1844 2328 τὴν

147 2339 488 2408 προαίρεσιν
516 2357 531 2370 ’
563 2342 740 2395 καίτοι
785 2344 879 2396 ἐπὶ
913 2342 1022 2397 τῶν
1064 2344 1240 2397 ἄλλων
1269 2345 1578 2397 τούναντίον
1612 2344 1840 2411 ἐγίνετο.

148 2427 584 2501 Πρότερον.γάρ
633 2430 852 2501 ἰώμενοι
887 2447 909 2472 ο
947 2434 1016 2486 τὰ
1065 2432 1296 2503 σώματα
1319 2473 1335 2497 ,
1375 2435 1497 2486 τότε
1529 2434 1629 2496 τάς
1663 2432 1844 2503 ψυχὰς

147 2514 561 2584 ἐθεραπεύοντο
585 2535 598 2546 ·
634 2513 787 2579 οὗτος
831 2519 886 2572 δέ
913 2522 1010 2590 οὐχ
1039 2520 1230 2584 οὕτως.
1278 2523 1432 2591 Ἐμοὶ
1459 2523 1607 2575 δοκεί
1634 2522 1712 2584 εἱς
1742 2521 1843 2592 τὴν

145 2602 337 2673 ψυχὴν
369 2605 497 2658 ἰδεῖν
527 2607 625 2678 τὴν
651 2607 818 2661 αὐτοῦ
845 2608 937 2662 τὸν
970 2609 1206 2665 Παῦλον.
1239 2611 1348 2664 Kal
1387 2611 1584 2678 ἥλατο
1609 2653 1624 2673 ,
1682 2610 1840 2679 φησὶ,

146 2692 256 2742 καί
290 2694 656 2761 περιεπάτει.
704 2696 1024 2767 Τεκμήριον
1061 2698 1160 2765 τῆς
1209 2699 1401 2766 ὑγείας
1441 2698 1542 2768 τῆς
1577 2695 1842 2769 ἀκριὸοὖς

142 2780 218 2831 τὸ
253 2778 536 2835 ἅλλεσθαι.
563 2786 628 2836 Ol
652 2783 722 2836 δὲ
751 2785 944 2852 ὄχλοι,
978 2786 1207 2852 ίδόντες
1232 2787 1262 2840 ὃ
1291 2787 1546 2854 ἐποίησε
1575 2786 1838 2850 Παῦλος,

141 2865 391 2934 ἐπῆραν
419 2869 620 2922 αὐτῶν
651 2871 766 2937 τὴν
798 2871 1031 2940 φωνὴν,
1053 2875 1411 2927 λυκαονιστὶ
1434 2873 1750 2942 λέγοντες·
1771 2875 1841 2926 Ol

142 2956 304 3014 θεοὶ,
327 2956 708 3024 ὁμοιωθέντες
726 2959 1086 3026 ¹ἀνθρώποις,
1108 2961 1454 3029 κατέϐησαν
1474 2964 1626 3028 πρὸς
1656 2960 1835 3030 ἡμᾶς.

155 3041 470 3096 Ἐκάλουν
490 3043 557 3097 δέ
579 3044 687 3098 τὸν
703 3037 821 3114 μὲν
849 3046 1168 3118 Βαρνάϐαν
1194 3049 1320 3111 Δία,
1357 3051 1463 3101 τὸν
1481 3048 1551 3102 δέ
1589 3049 1837 3103 Παῦλον

153 3128 412 3198 Ἑρμῆν,
442 3131 651 3201 ἐπειδὴ
683 3134 865 3198 αὐτὸς
884 3130 1020 3204 ἦνεὸ
1038 3135 1374 3205 ἡγούμενος
1400 3123 1509 3188 τοῦ
1546 3137 1837 3206 λόγου.”0

137 3233 213 3271 τε
231 3218 427 3284 ἱερεὺς
450 3219 559 3274 τοῦ
576 3221 710 3286 Διὸς
729 3261 744 3284 ,
764 3222 872 3276 τοῦ
896 3222 1071 3288 ὄντος
1087 3224 1200 3291 πρὸ
1219 3223 1331 3291 τῆς
1353 3225 1587 3290 πόλεως
1610 3224 1834 3289 αὐτῶν,

136 3305 412 3370 ταύρους
461 3306 560 3360 καὶ
603 3309 912 3379 στέμματα
942 3311 1044 3364 ἐπὶ
1084 3303 1234 3377 τοὺς
1250 3309 1538 3378 πυλῶνας
1557 3311 1830 3382 ἐνέγκας,

101 3393 272 3446 ’σὺν
321 3393 448 3458 τοῖς
504 3393 711 3465 ὄχλοις
757 3396 938 3466 ἤθελε
975 3399 1163 3452 θύειν.
1215 3398 1355 3451 Ἀλλ’
1407 3401 1508 3452 οὐκ
1554 3396 1623 3471 ἧν
1673 3401 1836 3455 τοῦτο

139 3478 366 3532 οὐδέπω
401 3480 594 3550 δῆλονο
632 3486 697 3554 τῇ
730 3484 840 3555 γὰρ
865 3485 1044 3556 οἰκεία
1090 3490 1242 3558 φωνῇ
1283 3486 1434 3561 [256]
1480 3487 1831 3557 ἐφθέγγοντο,

135 3567 423 3634 λέγοντες,
456 3569 537 3622 ὅτι
573 3573 638 3624 Ol
668 3571 813 3634 θεοὶ,
841 3575 1224 3642 ὁμοιωθέντες
1256 3575 1614 3643 ἀνθρώποις,
1659 3574 1832 3630 κατέ-

134 3657 346 3722 ϐησαν
383 3657 535 3721 πρὸς
571 3657 730 3728 ἡμᾶς
771 3677 787 3693 ⁶
833 3661 921 3716 δια
962 3661 1122 3715 τοῦτο
1170 3663 1324 3716 οὐδὲν
1379 3663 1564 3728 αὐτοῖς
1620 3664 1828 3733 ἔλεγον.

149 3742 377 3816 Ἐπειδὴ
407 3744 465 3797 δὲ
487 3742 627 3799 εἶδον
653 3749 720 3801 τὰ
750 3748 1061 3818 στέμματα,
1092 3749 1214 3803 τότε
1247 3750 1576 3815 ἐξελθόντες,
1605 3753 1831 3825 διέρρη-

132 3830 242 3895 ξαν
277 3831 347 3884 τὰ
398 3834 590 3902 ἱμάτια
629 3836 828 3893 αὐτῶν.
871 3837 1275 3905 Ἀκούσαντες
1309 3838 1377 3892 δὲ
1413 3843 1466 3894 οἱ
1495 3841 1832 3918 άπόστολοι

135 3918 460 3986 Βαρνάϐας
484 3921 583 3975 καί
618 3923 860 3990 Παῦλος
880 3963 896 3988 ,
923 3924 1361 3994 διαρρήξαντες
1402 3927 1601 3998 ίμάτια
1629 3930 1830 3984 αὐτῶν

129 4007 566 4076 είσεπήδησαν
586 4015 674 4077 είς
699 4011 806 4066 τὸν
828 4012 1040 4080 ὄχλον,
1062 4014 1379 4083 κράζοντες
1400 4017 1498 4071 καί
1519 4017 1824 4086 λέγοντες·

135 4094 418 4164 Ἄνδρες.
480 4099 538 4152 τί
582 4100 760 4154 τοῦτο
787 4099 1048 4165 ποιεῖτε;
1095 4103 1193 4156 καὶ
1232 4104 1409 4174 ἡμεῖς
1444 4109 1828 4175 ὁμοιοπαθεῖς

129 4184 331 4254 ἐσμεν
365 4184 512 4256 ὑμῖν
539 4187 860 4257 ἄνθρωποι.
900 4191 1044 4262 Ὅρα
1084 4192 1286 4256 αὐτοὺς
1333 4193 1615 4265 πανταχοῦ,
1666 4195 1828 4268 δόξης

132 4274 440 4342 καθαροὺς,
471 4274 534 4327 ού
568 4276 731 4345 μόνον
749 4277 850 4330 οὐκ
877 4279 1220 4349 ἐφιεμένους,
1244 4281 1383 4336 ἀλλά
1416 4282 1514 4336 καὶ⁸
1537 4283 1826 4357 διδομένην

127 4362 597 4434 διακρουομένους
625 4381 640 4394 ·
681 4364 874 4438 ὥσπερ
926 4369 1022 4420 καὶ
1075 4367 1284 4440 Πέτρος
1337 4371 1494 4441 ἔλεγε
1525 4387 1542 4403 ο
1587 4374 1648 4428 Τί
1678 4373 1826 4444 ’ἡμῖν

131 4449 452 4511 ἀτενίζετε,
493 4451 576 4517 ὡς
623 4451 743 4520 ίδίᾳ
779 4452 1030 4524 δυνάμει
1066 4455 1105 4524 ἢ
1142 4459 1422 4527 εὐσεϐείᾳ
1457 4463 1824 4529 πεποιηκόσι

128 4534 246 4589 τοῦ
283 4534 637 4603 περιπατεῖν
663 4538 886 4602 αὺτόν;
923 4540 1033 4592 Kal
1068 4533 1218 4594 οὗτοι
1247 4542 1309 4594 τὸ
1343 4543 1480 4596 αὑτό
1514 4562 1672 4614 φασι.
1711 4547 1822 4600 Kal

144 4624 348 4693 Ἰωσὴφ
369 4625 426 4677 δέ
442 4623 630 4693 ἐλεγεν
660 4625 754 4679 ἐπὶ
778 4626 888 4680 τῶν
913 4628 1181 4683 ἐνυπνίων
1205 4645 1219 4660 ⁸
1248 4632 1394 4699 Οὐχὶ
1417 4631 1515 4687 διὰ
1536 4633 1644 4688 τοῦ
1668 4635 1820 4690 Θεοῦ

129 4714 172 4778 ἠ
200 4711 578 4782 διασάφησις
594 4711 832 4779 αὐτῶν;
871 4718 968 4769 καὶ⁵
999 4719 1028 4770 ὁ
1049 4718 1248 4790 Δανιὴλ
1277 4721 1477 4791 ὁμοίως
1498 4738 1513 4752 °
1539 4723 1653 4778 Kal
1687 4723 1819 4793 ἐμοὶ

129 4799 204 4853 δέ
225 4802 338 4854 οὐκ
372 4801 444 4853 ἐν
477 4803 667 4872 σοφίᾳ
693 4802 769 4872 τῆ
797 4805 954 4874 οὔσῃ
981 4805 1052 4859 ἐν
1085 4807 1216 4876 ἐμοὶ
1245 4809 1668 4884 ἀπεκαλύφθη.
1707 4814 1819 4867 Kal

136 4889 350 4953 Παῦλος
379 4894 656 4963 πανταχοῦ
689 4893 848 4946 τοῦτὸ
879 4912 1034 4964 φησι,
1066 4895 1142 4959 ώς
1171 4897 1302 4951 ὃταν
1327 4898 1464 4972 λέγῃ
1484 4915 1497 4929 ·
1532 4902 1645 4955 Kal
1668 4902 1819 4970 πρὸς

132 4980 323 5034 ταῦτα
346 4980 442 5044 τίς
470 4981 676 5046 ίκανός
697 4997 718 5045 ;
745 4983 853 5036 Kal
880 4982 1042 5036 πάλιν
1062 5026 1076 5047 ,
1118 4988 1241 5055 Οὐχ
1268 4986 1360 5040 ὅτι
1384 4990 1584 5042 ἱκανοί
1627 4991 1820 5060 ἐσμεν

129 5068 236 5132 ἀρ’
256 5066 491 5121 ἑαυτῶν
525 5069 912 5145 λογίσασθαι,
944 5071 1025 5137 ὡς
1053 5072 1124 5136 ἐξ
1159 5073 1413 5141 ἑαυτῶν,
1445 5076 1588 5130 ἀλλ’
1623 5079 1661 5146 ἡ
1691 5081 1816 5132 ικα-

129 5157 318 5222 νότης
352 5152 523 5224 ἡμῶν
546 5156 613 5209 ἐκ
644 5156 750 5210 τοῦ
789 5159 959 5228 Θεοῦ.
998 5160 1136 5213 Ἀλλ’
1175 5153 1376 5232 ἴδωμεν
1404 5165 1612 5218 ἀνωθεν
1637 5166 1706 5220 τὰ
1733 5170 1814 5220 εἱ-

132 5244 370 5316 ρημένα..
403 5244 516 5314 Οὐχ
541 5245 729 5308 ἀπλῶς
753 5248 936 5312 αὐτοῖς
963 5251 1380 5323 προσετέθησαν
1401 5255 1451 5307 οἱ
1475 5254 1626 5325 ὄχλοι
1645 5272 1657 5284 ·
1677 5258 1816 5312 ἀλλὰ

133 5334 288 5397 πῶςξ
342 5333 559 5397 Ἦξίουν
597 5333 900 5406 λαληθῆναι
938 5340 1123 5402 αὐτοῖς
1158 5340 1229 5392 τὰ
1285 5341 1426 5395 αὐτά
1478 5344 1640 5398 πάλιν
1665 5387 1680 5407 ,
1722 5350 1815 5401 καὶ

127 5422 219 5476 διὰ
247 5420 356 5474 τῶν
379 5422 558 5492 ἔργων
585 5424 931 5489 ἐπεδείξαντο
954 5426 1056 5499 τὴν
1084 5429 1342 5499 σπουδήν.
1369 5430 1513 5502 Ὅρα
1536 5436 1811 5505 πανταχοῦ

129 5508 621 5580 παρακαλοῦντας,
646 5513 747 5566 οὑκ
778 5514 1211 5586 ἀποδεχομένους
1247 5519 1467 5583 ἁπλῶς,
1499 5521 1617 5574 οὑδέ
1651 5525 1811 5577 κολα-

128 5597 410 5662 κεύοντας.
453 5599 552 5653 Διά
593 5600 753 5654 τοῦτο
788 5601 1012 5669 ἔλεγεν·
1044 5604 1274 5672 Οἵτινες
1315 5611 1813 5680 προσλαλοῦντες

125 5687 357 5753 αὐτοῖς,
415 5687 658 5742 ἔπειθον
704 5689 1072 5760 προσμένειν
1126 5693 1204 5760 τῇ
1259 5695 1453 5764 χάριτι
1498 5699 1604 5752 τοῦ
1639 5702 1810 5760 Θεοῦ.

127 5774 226 5829 Διά
247 5776 301 5828 τί
335 5775 443 5849 πρὸ
475 5776 666 5831 τούτου
701 5778 776 5849 μὴ
805 5780 1125 5850 ἀντέλεγον;
1162 5782 1284 5835 Ὀτι
1316 5784 1454 5848 τέως
1498 5788 1548 5839 οί
1584 5787 1811 5843 ἀναπεί-

127 5863 310 5928 θοντες
338 5865 835 5938 ἡσύχαζον..’ορᾅς
867 5869 948 5921 ὅτι
979 5870 1255 5941 πανταχοῦ
1297 5872 1460 5926 πάθει
1491 5876 1768 5932 ἐκινοῦντο
1793 5898 1806 5942 ;

128 5952 238 6006 Kal
261 5954 364 6006 οὐκ
389 5954 680 6023 ἀντέλεγον
713 5956 893 6025 μόνον,
938 5959 1075 6012 ἀλλὰ
1108 5962 1203 6014 καὶ
1241 5962 1634 6036 ἐϐλασφήμουν
1668 5985 1681 5997 ο
1716 5973 1810 6023 καὶ

171 6055 187 6076 ⁸
214 6059 500 6107 Τοῦ-μαντίων
546 6062 724 6121 γέγονε.

779 6064 1014 6126 Πρότερον
1069 6067 1286 6126 mmmam,
1340 6071 1410 6118 sic
1459 6070 1632 6122 Morel.

1208 385 1273 437 IN
1312 382 1494 437 ACTA
1540 377 2065 434 M’OSTOLORUM
2110 376 2345 433 IIOMIL.
2383 376 2556 432 XXX.

3555 377 3665 422 εδει

1969 494 2079 564 γὰρ
2111 495 2146 565 ὴ
2186 493 2356 547 κακία
2398 489 2643 560 οὐδαμοῦ
2687 489 2940 541 ἵσταται-
2979 485 3118 537 Ἀλλ’
3164 487 3268 556 ὅρα
3324 486 3664 557 παρρησίαν.

1979 579 2144 648 Ὑμῖν
2162 576 2261 651 ἦν,
2285 581 2472 650 φησὶν,
2514 574 2851 646 ἀναγκαῖον
2884 572 3126 641 πρῶτον
3170 571 3517 640 λαληθῆναι
3561 573 3671 625 τὸν

1972 668 2164 736 λόγον
2185 684 2199 696 ο
2221 667 2351 721 ἐπεὶ
2396 666 2466 720 δὲ
2504 666 2842 720 ἀπωθεῖσθε
2876 663 3084 716 αὐτόν.
3127 661 3295 740 υύδὲν
3324 660 3665 731 ὑϐριστικόν.

1978 757 2044 809 Ὀ
2082 757 2146 828 δὴ
2191 758 2286 811 καὶ
2327 757 2422 810 ἐπὶ
2473 755 2582 809 τῶν
2636 751 2938 824 προφητῶν
2983 749 3224 803 ἐποίουν.
3276 748 3375 816 Μὴ
3423 748 3670 803 λαλεῖτε

1970 843 2136 912 ἡμῖν,
2169 844 2326 916 φησὶ,
2355 841 2563 910 λαλιᾷ.
2605 841 2770 897 Ἐπεί
2809 839 2878 893 δέ
2916 837 3253 893 ἀπωθεῖσθε
3291 837 3520 901 αὑτὸν,
3558 853 3666 906 φη-

1971 931 2077 993 σὶν,
2111 932 2209 1001 οὐχ
2245 933 2394 1002 ἡμᾶς
2423 946 2437 960 ·
2473 931 2536 983 οὐ
2565 930 2676 1000 γὰρ
2708 931 2791 992 είς
2815 927 2966 998 ἡμᾶς
2997 929 3030 997 ἡ
3063 925 3224 996 ὕϐρις
3258 926 3292 996 ἡ
3327 926 3462 996 παρ’
3483 923 3663 994 ὑμῶν.

1971 1017 2090 1070 Ἵνα
2120 1019 2230 1086 γὰρ
2264 1019 2341 1088 μή
2372 1034 2458 1073 τις
2486 1016 2778 1079 εὐλαϐείας
2806 1011 2947 1076 εἶναι
2971 1014 3172 1088 νομίσῃ
3195 1013 3274 1076 τὺ,
3305 1015 3429 1068 Οὐκ
3450 1012 3666 1078 ἀξίους

1967 1106 2202 1172 κρίνετε
2235 1104 2514 1171 ἑαυτοὺς,
2543 1103 2634 1158 διὰ
2662 1102 2822 1156 τοῦτο
2850 1101 3068 1171 πρῶτον
3094 1096 3252 1153 εἶπεν
3272 1116 3286 1128 ·
3311 1099 3664 1154 Ἀπωθεῖσθε

1966 1193 2192 1246 αὐτόν·
2223 1194 2318 1247 καὶ
2342 1193 2489 1260 τότε,
2531 1193 2916 1260 Στρεφόμεθα
2968 1192 3057 1255 εις
3105 1191 3181 1242 τά
3229 1189 3400 1256 ἔθνη·
3453 1188 3664 1260 Πολλῆς

1966 1280 2274 1344 ἐπιεικείας
2302 1282 2466 1350 γέμει
2495 1281 2558 1333 τὸ
2587 1281 2762 1350 ῥῆμα.
2791 1279 2907 1331 Οὐκ
2929 1274 3105 1343 εἶπεν,
3150 1276 3664 1348 Ἐγκαταλιμπάνο·

1967 1384 2071 1437 μεν
2103 1369 2272 1438 ὑμᾶς,
2305 1370 2542 1433 δεικνὺς,
2565 1371 2646 1422 ὅτι
2667 1366 2893 1420 δυνατὸν
2921 1366 3018 1419 καὶ
3039 1364 3276 1418 ἐνταῦθα
3300 1365 3464 1418 πάλιν
3493 1382 3663 1436 στρα-

1965 1457 2163 1527 φῆναιο
2182 1457 2278 1510 καὶ
2303 1456 2463 1510 τοῦτο
2477 1457 2579 1509 οὐκ
2599 1456 2706 1509 ἀπὸ
2726 1456 2827 1527 τῆς
2849 1454 3124 1526 ὑμετέρας
3157 1453 3370 1525 ὕϐρεως
3396 1453 3625 1523 γέγονεν
3644 1469 3659 1482 ⁶

1961 1545 2108 1598 οὔτω
2137 1544 2247 1616 γὰρ
2280 1545 2594 1599 ἐντέταλται
2639 1545 2792 1614 ἡμῖν.
2833 1543 2985 1596 Ἔδει
3039 1543 3140 1613 μὲν
3183 1538 3280 1596 οὖν
3319 1541 3554 1595 ἀκοῦσαι
3589 1541 3663 1597 τὰ

1961 1633 2090 1703 ἔθνη
2117 1650 2134 1665 ο
2156 1634 2297 1704 πλὴν
2323 1634 2485 1687 τοῦτο
2524 1633 2584 1686 οὐ
2628 1632 2761 1702 παρ’
2792 1633 2826 1702 ἡ
2837 1632 2985 1702 μῶν,
3023 1629 3156 1702 παρ’
3186 1629 3344 1701 ὑμῶν
3376 1629 3434 1684 δέ
3470 1629 3660 1698 γέγονε

1959 1719 2023 1773 τὸ
2052 1720 2159 1792 πρὸ
2187 1720 2344 1790 ὑμῶν
2368 1721 2585 1790 ὀφεῖλον
2613 1720 2662 1775 δ.
2690 1719 2859 1773 Οὕτω
2899 1717 3011 1790 γὰρ
3051 1716 3406 1772 ἐντέταλται
3441 1715 3589 1786 ἡμῖν
3625 1719 3661 1770 ὁ

1958 1810 2177 1877 Κύριος
2203 1826 2218 1840 ·
2258 1808 2499 1865 Τέθεικά
2528 1823 2603 1863 σε
2626 1810 2717 1873 είς
2742 1806 2870 1877 φῶς
2893 1805 3111 1870 ἐθνῶν,
3138 1805 3248 1861 τοῦ
3270 1802 3428 1861 εἶναι
3459 1820 3536 1859 σε
3569 1806 3660 1870 είς

1957 1898 2266 1964 σωτηρίαν
2291 1915 2304 1928 ·
2324 1898 2629 1962 τουτέστιν,
2659 1900 2740 1960 εἰς
2767 1897 2971 1965 γνῶσιν
2995 1897 3096 1966 τήν
3127 1896 3222 1948 ἐπὶ
3250 1894 3500 1966 σωτηρίᾳ
3520 1909 3534 1922 ·
3556 1893 3656 1946 καὶ

1957 1983 2056 2055 οὐχ
2093 1984 2281 2046 ἁπλῶς
2308 1984 2480 2038 ἐθνῶν
2506 2025 2522 2048 ,
2553 1984 2690 2039 ἀλλὰ
2719 1984 2961 2040 πάντων.
3019 1981 3193 2036 Τοῦτο
3233 1981 3343 2053 γὰρ
3390 1979 3542 2051 δηλοῖ
3578 1978 3658 2049 τῷ

1956 2073 2152 2137 εἰπεῖν,
2187 2074 2364 2126 Ὅσοι
2389 2069 2556 2143 ἦσαν
2582 2071 2932 2142 τεταγμένοι
2955 2073 3044 2138 είς
3065 2070 3221 2138 ζωὴν
3241 2067 3518 2123 αἰώνιον)
3546 2068 3660 2122 Καὶ

1955 2159 2116 2213 τοῦτο
2138 2163 2439 2231 τεκμήριον
2466 2160 2561 2214 τοῦ
2584 2161 2730 2213 κατά
2760 2159 2896 2213 Θεοῦ
2929 2158 3160 2230 γνώμην
3188 2158 3389 2221 αὐτοὺς
3415 2157 3660 2227 προσλα-

1956 2246 2166 2299 ϐέσθαι.
2220 2247 2573 2316 Τεταγμένοι
2612 2248 2672 2300 ’δέ
2692 2287 2707 2312 ,
2752 2242 2930 2312 εἶπεν,
2963 2248 3050 2300 ἵνα
3079 2244 3233 2318 δείξῃ
3248 2257 3296 2310 ε,
3333 2244 3409 2310 ώς
3438 2246 3500 2298 οὐ
3533 2244 3659 2298 κατ’

1953 2334 2223 2402 ἀνάγκην.
2265 2333 2384 2399 Οὓς
2429 2337 2542 2404 γὰρ
2589 2334 2886 2404 προέγνω,
2938 2335 3114 2405 φησὶ,
3153 2334 3256 2388 καὶ
3295 2333 3654 2401 προώρισεν.

1954 2422 2070 2473 Οὐκ
2105 2421 2186 2473 ἔτι
2212 2422 2272 2472 ἐν
2302 2424 2366 2493 τῇ
2401 2422 2555 2475 πόλει
2589 2422 2992 2493 διεσπάρησαν,
3016 2421 3155 2475 ἀλλὰ
3180 2421 3276 2474 καὶ
3299 2422 3356 2473 ἐν
3382 2423 3450 2491 τῇ
3476 2419 3654 2492 χώρᾳ.

1966 2509 2325 2573 Ἀκούσαντες
2344 2510 2453 2582 γὰρ
2474 2511 2524 2564 οί
2546 2511 2605 2578 ἐξ
2640 2510 2836 2574 ἐθνῶν,
2861 2510 2958 2564 καὶ
2982 2511 3139 2564 αὐτοὶ
3165 2511 3282 2580 μετ’
3297 2507 3480 2576 ὀλίγον
3499 2505 3653 2582 [ἳὸη

1953 2595 2286 2666 προσῄεσαν.
2313 2600 2377 2651 Ol
2391 2596 2461 2650 δὲ
2477 2597 2757 2652 Ἰουδαῖοι
2778 2597 3174 2666 παρώτρυναν
3191 2596 3296 2661 τὰς
3319 2596 3656 2664 σεϐομένας

1951 2685 2267 2753 γυναῖκας,
2298 2687 2399 2740 καί
2423 2686 2752 2756 ἐπήγειραν
2768 2686 3228 2756 διωγμόν.”ορα,
3254 2681 3480 2737 καὶτῶν
3503 2682 3658 2754 παρὰ

1950 2771 2061 2824 τῶν
2095 2775 2376 2840 γυναικῶν
2406 2775 2712 2844 γινομένων
2750 2776 2906 2828 αὐτοὶ
2940 2773 3128 2828 λοιπὸν
3159 2774 3325 2826 αἴτιοι
3360 2770 3657 2825 καθίστανο

1950 2877 2063 2914 ται.
2094 2862 2206 2914 Καὶ
2234 2862 2531 2925 ἐξέϐαλον
2559 2863 2806 2930 αὐτοὺς,
2831 2865 3022 2934 φησὶν,
3052 2862 3174 2918 άπὸ
3203 2860 3326 2916 τῶν
3349 2862 3528 2929 ὁρίων
3546 2862 3657 2916 αὐ·

1949 2947 2070 3000 τῶν
2088 2965 2102 2979 ο
2124 2950 2247 3020 οὐχὶ
2275 2954 2376 3020 τῆς
2407 2951 2617 3014 πόλεως
2645 2951 2838 3022 μόνης,
2875 2951 3015 3005 ἀλλά
3044 2952 3150 3021 τῆς
3184 2949 3374 3020 χώρας
3405 2948 3651 3018 ἁπάσης-

1948 3030 2086 3088 Εἷτα
2114 3036 2175 3089 τὸ
2207 3026 2587 3111 φοϐερώτερον
2617 3056 2631 3070 ·
2667 3043 2733 3092 Ol
2761 3038 2832 3093 δὲ
2848 3039 3119 3108 μαθηταί
3137 3079 3154 3105 ,
3202 3038 3371 3107 φησὶν
3397 3079 3414 3102 ,
3459 3037 3652 3104 ἐπλη-

1939 3123 2166 3190 ροῦντο
2213 3125 2407 3194 χαρᾶς
2454 3127 2553 3181 καὶ
2608 3129 2966 3196 Πνεύματος
3001 3127 3199 3197 ἁγίου.
3247 3125 3567 3179 Ἐδιώκοντο
3600 3126 3652 3180 οί

1945 3209 2292 3279 διδάσκαλοι,
2323 3216 2418 3268 καὶ
2450 3215 2607 3269 αὐτοὶ
2639 3215 2880 3288 ἔχαιρον.
2905 3211 3064 3279 Είδες
3109 3213 3275 3285 φύσιν
3306 3213 3650 3282 Εὐαγγελίου

1945 3296 2179 3368 δύναμιν
2219 3300 2440 3371 ἔχοντος
2477 3301 2715 3373 πολλήν;
2763 3300 3143 3365 Ἐκάκωσαν,
3187 3300 3345 3371 φησὶ,
3382 3301 3491 3366 τὰς
3527 3303 3652 3369 1h)-

1944 3385 2059 3452 χὰς
2081 3385 2202 3440 τῶν
2229 3388 2423 3442 ἐθνῶν
2439 3389 2592 3444 κατὰ
2617 3388 2745 3443 τῶν
2763 3388 3071 3458 ἀδελφῶν.
3092 3388 3377 3451 Τυυτέστι,
3399 3386 3650 3441 διέϐαλον

1945 3472 2075 3535 τοὺς
2092 3473 2451 3540 ἀποστόλους,
2478 3477 2652 3548 μυρία
2679 3474 2862 3530 αὐτῶν
2891 3477 3306 3548 κατηγόρησαν,
3332 3474 3649 3539 ἀπλάστους

1943 3556 2108 3622 ὄντας
2131 3560 2463 3632 κακούργως
2491 3562 2780 3634 διέθηκαν.

2013 3651 2084 3711 γ’.
2111 3647 2223 3700 Καὶ
2247 3648 2371 3720 ὅρα,
2403 3649 2523 3715 πῶς
2544 3650 2819 3722 πανταχοῦ
2848 3648 2928 3723 τῷ
2955 3649 3076 3722 Θεῷ
3101 3649 3395 3722 ἀνατίθησι
3422 3650 3485 3705 τὸ
3511 3642 3665 3706 πᾶν(

1953 3729 2196 3785 Ἱκανὸν
2225 3735 2473 3802 χρόνον,
2503 3738 2658 3806 φησὶ,
2694 3737 3013 3807 διέτριψαν
3033 3778 3050 3802 ,
3093 3735 3646 3807 παρρησιαζόμενοι

1940 3818 2040 3871 ἐπὶ
2068 3818 2150 3884 τῷ
2171 3822 2388 3890 Κυρίῳ,
2419 3822 2500 3888 τῷ
2521 3824 2931 3893 μαρτυροῦντι
2963 3823 3045 3890 τῷ
3074 3825 3239 3894 λόγῳ
3259 3823 3374 3892 τῆς
3396 3822 3644 3892 χάριτος

1939 3907 2149 3962 αὑτοῦ.
2201 3910 2294 3980 Μὴ
2336 3910 2497 3964 τοῦτο
2526 3911 2882 3973 ἐλαττώσεως
2913 3907 3056 3966 εἶναι
3089 3912 3342 3983 νομίσῃς.
3366 3912 3498 3965 Ὅτε
3531 3911 3642 3982 γὰρ

1939 3993 2152 4062 ἔλεγον,
2179 3997 2291 4052 Τοῦ
2306 3998 2836 4069 μαρτυρήσαντος,
2871 4001 3063 4072 φησὶν,
3091 4000 3192 4055 ἐπὶ
3231 4001 3496 4055 Ποντίου
3535 4002 3640 4054 Πι-

1935 4087 2164 4151 λάτου,
2209 4092 2332 4145 τότε
2377 4095 2411 4165 ἡ
2455 4094 2747 4165 παρρησία
2785 4093 3067 4147 ἐδείκνυτο
3095 4111 3110 4125 ο
3151 4092 3390 4148 ἐνταῦθα
3422 4093 3480 4147 δὲ
3509 4095 3643 4164 περὶ

1935 4178 2032 4232 τοῦ
2064 4179 2194 4234 λαοῦ
2224 4199 2412 4253 φησιν.
2462 4184 2540 4237 Οὐ
2577 4184 2940 4255 περιέμειναν
2974 4183 3182 4246 τοίνυν,
3218 4182 3336 4237 ἀλλ’
3364 4179 3507 4238 εἶδον
3536 4183 3640 4256 τὴν

1935 4268 2136 4338 ὁρμήν.
2151 4270 2264 4324 Kal
2293 4270 2636 4340 κατέφυγον
2653 4274 2743 4338 είς
2758 4272 2866 4338 τὰς
2893 4271 3106 4338 πόλεις
3131 4269 3244 4339 τῆς
3267 4271 3636 4338 Λυκαονίας,

1934 4357 2223 4434 Λύστραν
2251 4359 2352 4412 καὶ
2389 4359 2641 4427 Δέρϐην,
2672 4360 2774 4413 καὶ
2801 4358 2922 4428 τὴν
2952 4359 3311 4430 περίχωρον.
3347 4357 3520 4412 Ἔνθα
3547 4358 3639 4412 οὐ·

1933 4442 2107 4514 δαμοῦ
2137 4446 2230 4499 τὸν
2274 4445 2449 4517 θυμὸν
2488 4446 2673 4501 αὐτῶν
2718 4449 2968 4502 ἐκκαίειν
2994 4443 3067 4520 ἦν
3091 4463 3105 4476 ·
3130 4446 3275 4501 ὥστε
3303 4447 3400 4500 καὶ
3424 4448 3484 4500 ἐν
3514 4449 3637 4512 ταῖς

1933 4531 2141 4604 χώραις
2168 4533 2440 4605 ἀπῄεσαν,
2477 4535 2578 4588 οὑκ
2601 4535 2663 4588 ἐν
2689 4535 2883 4589 πόλεσι
2911 4536 3094 4607 μόνον.
3117 4536 3263 4606 ὐρα
3288 4536 3384 4588 καὶ
3407 4534 3519 4588 τῶν
3545 4535 3637 4590 ἐθ-

1932 4621 2042 4673 νῶν
2069 4620 2168 4693 τὴν
2212 4621 2510 4691 ἀφέλειαν,
2551 4623 2646 4676 καὶ
2687 4623 2797 4678 τῶν
2830 4623 3101 4678 Ἰουδαίων
3133 4622 3233 4695 τὴν
3270 4622 3631 4693 κακουργίαν.

1932 4708 2009 4762 Δι’
2045 4708 2226 4779 ἔργων
2262 4711 2646 4765 ἐπεδείκνυντο
2664 4752 2682 4779 ,
2714 4712 2800 4765 ὅτι
2828 4711 2972 4779 ἄξιοι
2994 4707 3137 4784 ἦσαν
3168 4710 3392 4764 ἀκούειν
3418 4728 3430 4740 ·
3455 4709 3634 4776 οὕτως

1931 4797 2138 4867 ἐτίμων
2193 4799 2395 4864 αὐτοὺς
2450 4801 2561 4855 ἀπὸ
2609 4801 2858 4872 σημείων
2910 4801 3098 4872 μόνον.
3147 4800 3210 4854 Ol
3243 4800 3342 4871 μὲν
3367 4799 3444 4863 ώς
3474 4798 3634 4864 θεοὺς

1929 4888 2158 4958 ἐτίμων,
2189 4890 2239 4942 οἱ
2267 4889 2324 4943 δὲ
2350 4891 2426 4954 ὡς
2451 4890 2740 4961 λυμεῶνας
2764 4891 2990 4945 ἐδίωκον
3021 4908 3035 4922 ·
3063 4891 3159 4945 καὶ
3186 4892 3234 4945 οί
3259 4892 3357 4961 μὲν
3383 4890 3445 4943 οὐ
3470 4891 3631 4960 μόνον

1927 4977 1988 5028 οὐ
2006 4977 2384 5047 προσέκοπτον
2406 4979 2485 5048 τῷ
2500 4979 2842 5050 κηρύγματι,
2861 4978 3001 5033 ἀλλά
3021 4979 3119 5034 καὶ
3145 4979 3332 5047 ἔλεγον
3349 4996 3361 5008 ·
3387 4981 3453 5032 Ol
3475 4980 3626 5044 θεοὶ,

1927 5066 2265 5134 ἀνθρώποις
2330 5069 2754 5137 ὁμοιωθέντες,
2812 5069 3164 5136 κατέϐησαν
3228 5068 3380 5137 πρὸς
3443 5067 3624 5136 ἡμᾶς.

1939 5157 2273 5210 Ἰουδαῖοιδέ
2307 5157 2778 5222 ἐσκανδαλίζοντο.
2824 5158 3123 5214 Ἑκάλουν
3176 5175 3263 5222 τε,
3312 5157 3469 5229 φησὶ,
3517 5159 3629 5211 τὸν

1920 5243 2039 5312 μὲν
2076 5244 2394 5312 Βαρνάϐαν
2432 5247 2538 5299 Δία
2562 5288 2578 5312 ,
2620 5247 2731 5300 τὸν
2774 5245 2844 5300 δὲ
2891 5246 3146 5301 Παῦλον
3187 5244 3427 5314 Ἑρμῆν.
3469 5245 3628 5316 Ἐμοὶ

1925 5333 2076 5385 δοκεί
2097 5334 2192 5386 καὶ
2212 5332 2321 5385 ἀπὸ
2360 5333 2458 5402 τῆς
2491 5334 2670 5403 ὄψεως
2698 5334 3042 5407 ἀξιοπρεπὴς
3075 5331 3221 5388 εἶναι
3249 5335 3278 5387 ὁ
3309 5333 3621 5406 Βαρνάϐας.

1926 5425 2002 5476 Οὐ
2032 5423 2230 5494 μικρὸς
2267 5424 2360 5476 καὶ
2394 5419 2549 5488 οὗτος
2582 5425 2894 5496 πειρασμὸς
2917 5426 2977 5490 ἐξ
3003 5425 3275 5496 ἀμετρίας
3310 5424 3453 5496 ἐφύη
3492 5424 3625 5480 πολ·

1923 5511 2052 5583 λῆς·
2081 5511 2220 5564 ἀλλά
2252 5513 2346 5565 καὶ
2377 5512 2630 5566 ἐντεῦθεν
2658 5513 2768 5565 τῶν
2799 5513 3114 5568 ἀποστόλων
3147 5515 3181 5583 ἡ
3216 5513 3386 5586 ἀρετὴ
3404 5513 3622 5567 δείκνυ-

1921 5618 2033 5654 ται.
2067 5602 2177 5654 Kal
2197 5603 2301 5671 δρα
2328 5601 2447 5666 πῶς
2483 5603 2763 5673 πανταχοῦ
2793 5602 2974 5655 πάντα
3011 5603 3330 5657 ἀνατιθέασι
3363 5603 3442 5673 τῷ
3476 5603 3619 5675 Θεῷ.

1923 5687 2163 5751 Τούτους
2206 5690 2298 5742 καὶ
2345 5690 2507 5759 ἡμεῖς
2548 5689 2887 5761 ζηλώσωμεν
2917 5706 2933 5721 ο
2969 5691 3137 5761 μηδὲν
3180 5690 3452 5761 ἡμέτερον
3480 5686 3622 5747 εἶναι

1922 5776 2240 5849 νομίζωμεν
2261 5817 2276 5841 ,
2311 5778 2446 5832 ὅπου
2487 5795 2552 5848 γε
2585 5781 2680 5833 καὶ
2714 5779 2857 5850 αὑτὴ
2895 5781 2928 5850 ἡ
2965 5781 3151 5843 πίστις
3185 5778 3284 5849 οὐχ
3322 5779 3616 5850 ἡμέτερον.

1988 5955 2017 5994 ι’
2043 5957 2302 6020 Inlerpres
2329 5962 2516 6023 legisse
2541 5963 2738 6011 videtur
2761 5962 2817 6011 τὸ
2840 5963 2952 6023 παρ’
2973 5963 3131 6023 ἡμῶν,
3157 5961 3408 6010 Dounams
3441 5958 3618 6070 legen-

1991 6033 2037 6066 m
2079 6028 2234 6070 nutat.
2278 6023 2333 6070 τὸ
2380 6027 2471 6070 πού
2512 6025 2695 6070 τούτων
2739 6026 2849 6070 ὑμῖν
2897 6026 3201 6070 ὀφειλόμενον
3267 6023 3348 6070 vel
3403 6022 3506 6070 ὀοιι
3541 6037 3612 6070 ον.

1922 6020 2037 6087 Iluﬂl
2079 6028 2234 6087 pulal,
2278 6023 2333 6070 τὸ
2380 6020 2471 6086 πρὸ
2512 6025 2695 6073 τούτων
2739 6026 2849 6087 ὑμῖν
2897 6020 3201 6087 ὀφειλόμενον
3267 6023 3348 6073 vel
3403 6020 3612 6086 ὀφεῖλον.

1925 6085 1946 6111 ε
1979 6083 2143 6143 Εἶπεν,
2185 6084 2260 6132 ἵνα
2299 6083 2592 6148 ὃείξῄάοεδῐ
2647 6091 2695 6136 lu
2741 6083 3049 6148 Ἷὶιὶδυδάίιηιο
