4034 6418
437 355 543 413 229i

445 475 567 529 ὀτι
603 472 659 527 δέ
703 473 800 544 ούχ
827 473 1094 545 ἡμέτερον
1117 513 1132 536 ,
1159 471 1299 526 ἀλλά
1327 471 1388 524 τδ
1413 471 1574 524 πλέον
1600 471 1698 527 τοῦ
1729 469 1864 524 Θεοῦ
1888 511 1903 534 ,
1937 470 2101 523 ἄκουε

441 563 652 616 Παύλου
692 562 946 629 λέγοντος
969 577 984 590 ·
1023 561 1132 616 Καὶ
1175 563 1352 616 τοῦτο
1376 562 1489 614 οὐκ
1515 560 1586 624 ἐξ
1612 559 1814 630 ἡμῶν.
1851 559 2000 614 Θεοῦ
2033 561 2101 613 τὸ

441 649 652 719 δῶρον.
698 649 792 721 Μὴ
826 650 1006 703 τοίνυν
1047 649 1190 720 μέγα
1237 647 1548 718 φρονῶμεν,
1577 648 1712 720 μηδὲ
1744 645 2061 717 φυσιώμιθα
2083 687 2099 708 ,

440 738 738 810 ἄνθρωποι,
771 738 844 808 γῆ
875 739 970 792 καὶ
1004 737 1194 799 σποδὸς
1216 736 1389 800 ὗντες,
1419 736 1625 799 καπνὸς
1650 736 1742 789 καὶ
1776 735 1921 789 σκιά.
1968 735 2104 788 Εἰπὲ

439 825 551 898 γάρ
578 843 688 898 μοι,
718 825 804 878 διὰ
831 825 884 877 τί
913 825 1055 894 μέγα
1079 825 1330 894 φρονεῖς;
1359 823 1754 894 Ἑλεημοσύνην
1781 821 1988 902 ἐδωκας
2008 822 2104 874 καὶ

441 912 513 966 τὰ
547 913 804 984 χρήματα
828 913 1133 975 ἐκένωσας;
1164 911 1275 964 Καὶ
1302 909 1358 963 τί
1383 910 1569 976 τοῦτο;
1604 910 1904 981 Ἐννόησον,
1941 911 1991 990 εἰ
2027 909 2102 982 μὴ

445 1001 676 1072 ἠθέλησέ
705 1018 764 1054 σε
794 1001 1012 1069 ποιῆσαι
1039 1000 1068 1050 6
1093 999 1226 1062 Θεὸς
1255 998 1508 1052 πλούσιον
1531 1013 1545 1028 ·
1567 997 1820 1068 ἐννόησον
1846 999 1974 1061 τοὺς
2002 1015 2102 1051 πε-

445 1088 706 1159 νομένους
726 1130 740 1147 ,
782 1087 980 1158 μᾶλλον
1005 1087 1062 1139 δὲ
1095 1087 1349 1157 ἐννόησον
1373 1086 1486 1139 ὅσοι
1509 1085 1603 1138 καὶ
1627 1085 1697 1139 τά
1723 1083 1949 1156 σώματα
1971 1084 2102 1138 ἐπέ·

438 1174 643 1234 δωκαν,
676 1176 766 1228 καὶ
797 1174 934 1245 μετά
960 1173 1022 1226 τὸ
1051 1173 1326 1227 ἐπιδοῦναι
1370 1172 1538 1243 μυρία
1561 1213 1574 1231 .
1601 1173 1826 1234 ἑαυτοὺς
1856 1171 2102 1225 ἐταλάνι-

443 1279 563 1316 σαν.
594 1263 666 1315 Σὺ
699 1261 788 1314 διά
828 1261 1021 1315 σαυτὸν
1048 1261 1277 1325 ἔδωκας,
1305 1263 1339 1314 ό
1361 1258 1592 1330 Χριστὸς
1615 1258 1702 1312 διά
1727 1259 1788 1312 σέ
1815 1276 1828 1289 ·
1864 1259 1927 1312 σὺ
1961 1259 2100 1312 ἀπέ-

441 1355 622 1417 δωκας
646 1353 705 1406 τὸ
731 1353 1107 1422 ὀφειλόμενον,
1142 1354 1170 1404 6
1193 1351 1426 1422 Χριστὸς
1461 1351 1560 1406 οὐκ
1587 1347 1786 1418 ὤφειλέ
1831 1365 1933 1401 σοι.
1958 1349 2101 1418 Ὅρα

439 1442 534 1495 τοῦ
569 1441 852 1510 μέλλοντος
876 1441 937 1494 τὸ
961 1439 1174 1510 ἄδηλον,
1207 1439 1301 1492 καὶ
1324 1439 1398 1509 μὴ
1420 1437 1779 1509 ύψηλοφρόνει
1797 1477 1811 1498 ,
1843 1435 1978 1491 ἀλλά
2006 1453 2102 1504 φο-

440 1528 538 1582 ϐοῦ
563 1545 578 1560 ·
604 1529 678 1600 μὴ
727 1527 1038 1598 ἐλαττώσῃς
1078 1526 1178 1596 τὴν
1227 1525 1428 1596 ἀρετὴν
1468 1527 1537 1596 τῇ
1576 1524 1884 1595 ἀλαζονείᾳ.
1913 1523 2099 1594 Βούλει

440 1616 607 1678 ὅντως
636 1614 778 1684 μέγα
813 1631 867 1665 τι
899 1611 1272 1683 ἐργάσασθαι;
1325 1611 1609 1682 Μηδέποτε
1644 1610 1989 1683 ὑποπτεύσῃς
2024 1611 2101 1673 ὠς

439 1702 569 1770 περὶ
601 1700 850 1771 μεγάλων
885 1699 996 1754 τῶν
1035 1698 1490 1768 κατορθωμάτων.
1526 1697 1684 1750 Ἀλλά
1710 1697 1975 1769 παρθένος
2007 1693 2097 1763 εἷς

450 1789 611 1840 Ἀλλά
647 1791 895 1844 κάκεῖναι
937 1787 1195 1859 παρθένοι
1234 1782 1406 1857 ἦσαν,
1453 1785 1568 1839 ἀλλ’
1615 1785 1766 1840 οὐδὲν
1816 1785 2101 1839 ἀπώναντο

437 1875 536 1944 τῆς
572 1873 870 1946 παρθενίας
915 1872 1003 1927 διά
1055 1873 1156 1945 τὴν
1205 1873 1463 1942 ὠμότητα
1522 1873 1617 1926 καὶ
1664 1873 1765 1943 τὴν
1811 1873 2100 1943 ἀπανθρω-

436 1961 588 2015 πίαν.

509 2047 677 2100 Ούδέν
717 2047 1217 2120 ταπεινοφροσύνης
1261 2049 1413 2102 ῖσον⁶
1439 2050 1576 2119 αὕτη
1621 2050 1804 2120 μήτηρ
1845 2049 1938 2102 καὶ
1973 2048 2098 2117 ῥίζα

435 2137 532 2190 καὶ
547 2133 696 2208 [238]
717 2136 912 2208 τροφὸς
933 2137 1025 2188 καὶ
1043 2135 1295 2200 ὑπόθεσις
1316 2136 1412 2190 καὶ
1427 2137 1717 2207 σύνδεσμος
1727 2137 1834 2189 τῶν
1855 2135 2098 2204 ἀγαθῶν·

439 2223 640 2290 ταύτης
665 2223 791 2275 ἄνευ
824 2223 1102 2282 βδελυκτοὶ
1126 2227 1217 2278 καὶ
1246 2226 1429 2296 μιαροὶ
1459 2226 1554 2278 καὶ
1585 2225 1883 2294 ἀκάθαρτοι
1909 2227 2096 2295 ἐσμεν.

441 2311 624 2364 Ἔστω
653 2313 761 2384 γάρ
789 2331 891 2376 τις,
921 2315 969 2366 εἰ
997 2313 1198 2382 βούλει,
1231 2315 1458 2384 νεκροὺς
1486 2315 1741 2378 ἀνιστῶν,
1773 2315 1868 2368 καὶ
1891 2315 2100 2384 χωλοὺς

440 2401 687 2470 ἰώμενος,
732 2402 825 2454 καὶ
865 2401 1096 2471 λεπροὺς
1131 2400 1406 2474 καθαίρων
1448 2401 1586 2472 μετά
1623 2402 1878 2465 ἀπονοίας
1903 2418 1916 2432 ·
1944 2402 2098 2456 οὐδὲν

434 2488 624 2542 τούτου
657 2488 1014 2560 μιαρώτερον,
1045 2489 1197 2542 οὐδὲν
1224 2488 1604 2559 ἀσεϐέστερον,
1627 2489 1776 2544 οὐδὲν
1800 2489 2096 2558 ἀναγέστε-

438 2593 550 2647 ρον.
581 2577 763 2646 Μηδὲν
789 2573 925 2630 εἶναι
947 2577 1178 2647 νομίσῃς
1204 2577 1425 2631 σαυτοῦ.
1467 2578 1637 2645 Λόγον
1663 2577 1806 2648 ἔχεις
1827 2577 1923 2630 καὶ
1951 2577 2098 2631 διδασ-

439 2664 701 2734 σκαλικὴν
730 2663 920 2734 χάριν;
963 2665 1055 2734 Μὴ
1096 2664 1183 2716 διὰ
1223 2663 1382 2716 τοῦτο
1425 2665 1652 2738 νομίσῃς
1691 2665 1852 2718 πλέον
1887 2683 1940 2718 τι
1989 2665 2100 2720 τῶν

433 2753 612 2808 ἀλλων
647 2755 812 2822 ἔχειν.
835 2755 934 2808 Διά
964 2755 1122 2807 τοῦτο
1155 2755 1394 2824 μάλιστα
1413 2753 1799 2807 ταπεινοῦσθαι
1824 2755 2059 2823 ὀφείλεις
2078 2793 2094 2817 ,

433 2846 516 2899 ὅτι
557 2846 814 2899 πλειόνων
853 2844 1093 2915 ὴξιώθης
1143 2841 1476 2916 δωρεῶν.ᾯ
1523 2846 1633 2916 γάρ
1676 2846 1858 2898 πλεῖον
1897 2845 2099 2915 ἀφέθη,

434 2934 617 2987 πλεῖον
669 2933 964 3003 ἀγαπήσει.
1013 2933 1222 2987 Οὐκοῦν
1277 2935 1372 2987 καὶ
1416 2933 1801 2986 ταπεινοῦσθαι
1845 2934 1972 3005 χρὴ,
2014 2935 2098 2989 ὃτι

431 3022 561 3083 τοὺς
589 3021 780 3084 ἄλλους
808 3021 1123 3090 παρελθὼν,
1158 3024 1238 3083 είς
1267 3021 1326 3074 σὲ
1352 3021 1644 3074 ἐπένευσεν
1679 3025 1708 3076 6
1737 3022 1887 3084 Θεός.
1926 3021 2097 3075 Φοϐοῦ

435 3107 524 3161 διά
541 3107 698 3161 τοῦτο
728 3125 742 3141 ο
766 3108 1024 3171 πολλάκις
1049 3109 1155 3180 γάρ
1181 3124 1262 3161 σοι
1292 3110 1384 3162 καὶ
1413 3109 1688 3173 ἀπωλείας
1707 3109 1866 3162 τοῦτο
1889 3110 2099 3179 γίνεται

435 3197 631 3259 αἴτιον,
670 3195 736 3249 ἂν
768 3195 842 3266 μὴ
875 3197 1071 3266 νήφῃς.

507 3285 572 3336 Τί
625 3284 766 3354 μέγα
819 3285 1066 3352 φρονείςς
1119 3283 1201 3336 ὄτι
1248 3284 1518 3348 διδάσκεις
1571 3285 1658 3338 διὰ
1705 3284 1913 3354 λόγων;
1957 3286 2097 3339 Ἀλλ’

436 3371 656 3425 εὔκολον
683 3370 841 3424 τοῦτο
864 3370 925 3422 τὸ
959 3371 1265 3438 φιλοσοφεῖν
1300 3374 1357 3424 ἐν
1393 3373 1596 3441 ῥήμασι
1617 3389 1630 3402 '
1671 3373 1880 3437 δίδαξόν
1911 3390 1976 3443 με
2009 3373 2099 3428 διά

435 3457 530 3512 τοῦ
567 3459 680 3527 βίου
715 3458 808 3511 τοῦ
841 3459 935 3510 σοῦ
963 3476 975 3488 ’
1004 3457 1143 3528 αὕτη
1189 3460 1221 3529 ἠ
1267 3459 1584 3512 διδασκαλία
1615 3461 1832 3531 ἀρίστη.
1882 3462 2096 3528 Λέγεις,

434 3547 517 3600 ὅτι
542 3545 622 3598 δεῖ
650 3545 980 3616 μετριάζειν,
1012 3547 1106 3598 καὶ
1137 3545 1348 3616 μακρὸν
1375 3545 1515 3615 ὑπὲρ
1551 3546 1741 3600 τούτου
1779 3546 1936 3615 λόγον
1962 3550 2098 3602 ἀπο-

433 3634 652 3697 τείνεις,
683 3634 778 3687 καὶ
806 3632 1119 3704 ῥητορεύεις
1144 3633 1280 3700 ῥέων
1307 3632 1600 3697 ἀκωλύτως
1624 3651 1638 3699 ;
1671 3635 1831 3687 Ἀλλά
1859 3635 1952 3688 σοῦ
1979 3636 2098 3706 βελ-

434 3720 564 3773 τίων
597 3721 802 3784 ἐκεῖνος
827 3759 842 3784 ,
885 3718 1050 3788 φησὶν
1072 3759 1086 3778 ,
1119 3721 1146 3771 6
1192 3719 1257 3772 δι’
1283 3719 1459 3789 ἔργων
1487 3719 1644 3772 τοῦτο
1673 3721 1942 3777 παιδεύων
1973 3726 2094 3794 ἐμέ.

436 3809 511 3860 Οὐ
541 3810 649 3881 γὰρ
679 3811 850 3872 οὓτως
878 3809 1066 3863 εἴωθεν
1100 3810 1400 3863 ἐντίθεσθαι
1427 3814 1491 3882 τῇ
1525 3812 1669 3883 ψυχῇ
1697 3814 1764 3867 τά
1799 3817 2097 3888 μαθήματα

440 3895 550 3949 ἀπὸ
576 3897 854 3967 ῥημάτων.
884 3899 959 3959 ὡς
992 3896 1100 3949 ἀπὸ
1131 3897 1471 3965 πραγμάτων
1499 3915 1512 3927 ·
1542 3900 1664 3951 ἐπεὶ
1685 3901 1778 3952 ἐὰν
1821 3902 1894 3973 μὴ
1925 3903 1985 3955 τὺ
2008 3903 2098 3975 ἐρ-

435 4000 532 4050 γον
563 3982 709 4054 ἔχῃς,
741 3985 801 4037 ού
836 3983 996 4053 μόνον
1025 3985 1123 4037 οὐκ
1155 3984 1444 4056 ὠφέλησας
1469 3985 1658 4049 εἰπὼν,
1689 3987 1822 4041 ἀλλά
1851 3991 1945 4042 κα)⁸
1977 4008 2096 4060 μει-

439 4066 606 4133 ζόνως
637 4071 892 4140 ἔϐλαψας.
941 4072 1156 4125 Βέλτιον
1190 4075 1364 4144 σιγᾷν.
1416 4075 1516 4127 Διά
1546 4075 1636 4140 τίς
1670 4074 1796 4130 Ὀτι
1841 4077 2097 4133 ἀδύνατόν

441 4174 531 4228 μοι
546 4159 605 4210 τὸ
624 4161 854 4232 πρᾶγμα
871 4159 1153 4230 καθιστᾷς.
1189 4161 1382 4213 Ἐννοῶ
1405 4161 1532 4232 γὰρ,
1559 4163 1640 4216 ὅτι
1666 4166 1714 4216 εἰ
1734 4165 1796 4217 σὺ
1817 4165 1846 4216 6
1865 4167 2098 4221 τοσαῦτα

435 4244 609 4311 λέγων
630 4247 689 4297 οὐ
709 4229 1009 4314 κατορθοῖς,
1035 4229 1214 4316 πολλῷ
1233 4229 1430 4318 μᾶλλον
1450 4229 1560 4317 ἐγὼ
1580 4250 1905 4322 συγγνώμης
1926 4253 2094 4318 ἄξιος,

433 4332 608 4402 λέγων
653 4324 886 4403 μηδέναί
925 4334 1023 4386 Διά
1073 4333 1230 4387 τοῦτό
1269 4353 1432 4406 φησιν
1474 4339 1502 4390 6
1547 4341 1831 4411 προφήτης
1856 4357 1869 4370 ⁶
1923 4341 2004 4406 Τῷ
2029 4343 2098 4397 δὲ

429 4419 758 4488 ἀμαρτωλῴ
802 4421 972 4475 εἶπεν
1014 4425 1046 4475 ό
1076 4424 1221 4489 Θεός
1249 4441 1265 4456 ο
1293 4425 1417 4480 Ἵνα
1453 4427 1508 4478 τί
1537 4426 1616 4479 σὺ
1645 4427 1894 4498 ἐκδιηγῇ
1922 4432 1993 4484 τὰ
2020 4431 2098 4485 δι-

431 4507 732 4577 καιώματά
748 4525 905 4576 pou;
941 4509 1158 4575 Μείζων
1184 4512 1290 4583 γὰρ
1319 4509 1456 4584 αὕτη
1481 4516 1513 4584 ἡ
1547 4513 1737 4585 βλάϐη,
1765 4518 1892 4570 ὅταν
1917 4518 2098 4591 καλῶς

429 4594 692 4648 διδάσκων
734 4613 817 4658 τις
852 4595 936 4648 διά
976 4599 1266 4669 ῥημάτων,
1301 4600 1389 4652 διὰ
1416 4601 1523 4653 τῶν
1552 4601 1727 4672 ἔργων
1761 4604 1971 4676 πολεμῇ
2024 4611 2092 4678 τῇ

429 4680 755 4752 διδασκαλίᾳ.
797 4683 967 4736 Τοῦτο
1002 4685 1210 4738 πολλῶν
1247 4688 1419 4740 αῐτιον
1450 4690 1637 4756 γέγονε
1675 4691 1860 4744 κακῶν
1887 4695 1946 4746 ἐν
1976 4698 2096 4760 ταῖς

443 4769 791 4840 Ἐκκλησίαις
845 4772 940 4823 Διά
967 4773 1121 4824 τοῦτο
1153 4774 1246 4826 καὶ
1279 4776 1555 4844 σύγγνωτε
1575 4820 1588 4840 ,
1626 4781 1931 4851 παρακαλῶ
1955 4823 1968 4838 .
1999 4784 2092 4837 τοῦ

429 4853 591 4921 λόγου
618 4855 959 4924 χρονίζοντος
986 4859 1114 4926 ἡμῖν
1143 4861 1202 4930 ἐν
1229 4862 1401 4931 τούτῳ
1425 4864 1502 4932 τῷ
1536 4865 1716 4921 πάθει.
1752 4868 1930 4923 Πολλά
1964 4872 2093 4925 πολ-

429 4945 513 4996 ὶοὶ
537 4946 864 5013 πράττουσιν
892 4947 1031 5018 ὑπὲρ
1058 4948 1150 5001 τοῦ
1178 4953 1256 5013 εἰς
1277 4951 1441 5020 μέσον
1473 4956 1692 5021 στάντες
1720 4961 1928 5030 μακρὸν
1957 4963 2093 5015 ἀπο-

427 5031 619 5084 τείνειν
645 5033 798 5099 λόγον
816 5055 826 5064 ι
849 5035 948 5086 κᾶν
981 5037 1077 5104 μὲν
1111 5041 1316 5107 κρότων
1341 5041 1546 5111 τύχωσι
1571 5044 1676 5096 τῶν
1701 5047 1808 5098 ἀπύ
1837 5048 1930 5100 τοῦ
1954 5050 2092 5122 πλή-

428 5117 555 5180 θους
577 5160 590 5181 ,
621 5121 843 5187 γέγονεν
872 5123 1052 5186 αὐτοῖς
1080 5125 1235 5179 τοῦτο
1275 5127 1547 5198 βασιλείας
1586 5132 1698 5185 ἴσον
1721 5149 1735 5163 ·
1769 5134 1835 5186 ἂν
1863 5135 1916 5189 δὲ
1957 5117 2094 5205 μετὰ

429 5204 586 5272 σιγῆς
617 5205 707 5257 τὸν
747 5206 905 5274 λόγον
940 5214 1352 5276 καταπαύσωσι,
1389 5217 1610 5287 γεέννης
1643 5219 1704 5288 δή
1745 5238 1850 5273 που
1894 5204 2093 5291 μᾶλλον

426 5291 611 5352 αὐτοῖς
637 5294 991 5365 χαλεπωτέρα
1027 5298 1260 5368 κατέστη
1289 5301 1389 5370 τῆς
1425 5304 1581 5373 σιγῆς
1605 5307 1636 5376 ὴ
1664 5306 1894 5376 ἀθυμία.
1925 5308 2092 5362 Τοῦτο

426 5378 525 5438 τάς
553 5378 871 5451 Ἐκκλησίας
901 5385 1194 5455 ἀνέτρεψεν
1217 5427 1229 5450 ,
1258 5389 1338 5441 ὅτι
1367 5392 1457 5442 καὶ
1486 5392 1639 5460 ὑμεῖς
1664 5394 1722 5446 οὐ
1763 5395 1971 5466 ζητεῖτε
2000 5396 2088 5448 λό-

425 5483 522 5534 γον
551 5465 776 5520 ἀκοῦσαι
807 5476 1204 5527 κατανυκτικὸν
1230 5517 1244 5539 ,
1279 5477 1414 5530 ἀλλά
1439 5479 1633 5549 τέρψαι
1659 5465 1954 5551 δυνάμενον
1993 5487 2090 5538 καὶ

424 5553 501 5623 τῷ
523 5553 678 5626 ψόφῳ
701 5558 793 5608 καὶ
824 5561 886 5627 τῇ
920 5561 1161 5615 συνθέσει
1187 5565 1293 5618 τῶν
1325 5568 1602 5636 ῥημάτων,
1635 5570 1881 5639 καθάπερ
1910 5573 2088 5641 μελῳ-

425 5641 529 5694 δῶν
554 5645 644 5696 καὶ
679 5645 1007 5714 κιθαριστῶν
1031 5651 1315 5715 ἀκούοντες
1342 5671 1354 5682 ·
1387 5657 1478 5708 καὶ
1507 5657 1665 5726 ἡμεῖς
1685 5657 1905 5727 ψυχρῶς
1929 5673 1954 5699 ι
1991 5662 2085 5712 καὶ

423 5731 781 5802 ταλαιπώρως
815 5738 1095 5798 ποιοῦντες
1118 5780 1130 5797 ,
1165 5741 1244 5792 ὅτι
1282 5746 1397 5805 ταῖς
1441 5745 1734 5813 ὑμετέραις
1767 5749 2084 5818 ἐπιθυμῖαις

425 5817 687 5886 ἑπόμεθα,
725 5822 838 5872 δέον
879 5826 1167 5877 ἐκκόπτειν
1199 5830 1414 5892 ταύτας.

489 5979 502 5999 ⁵
547 5981 714 6034 ΜΟΓΕΙ.
763 5989 836 6030 καὶ
882 5990 1004 6044 ἡμᾶς
1041 5993 1247 6050 ψυχρῶς,

1209 355 1266 413 8.
1299 355 1582 413 ιυειΝΝιδ
1614 353 2096 411 CHRYSOSTOMI

2220 353 2466 412 ιαιιιερ.
2495 356 2815 415 CONSTAN
2826 357 3049 416 I'INOP.

3771 355 3882 413 226

2279 471 2341 525 δ’.
2370 473 2482 526 Καὶ
2511 474 2708 528 ταύτὸν
2739 476 2969 542 γίνεται,
2987 471 3100 528 οἷον
3125 474 3191 528 ἂν
3209 474 3263 527 εἰ
3288 490 3373 536 τις
3400 471 3586 545 πατὴρ
3613 473 3762 539 πέρα
3783 469 3883 525 τοῦ

2203 557 2414 624 δέοντος
2445 560 2728 630 μαλθακοῦ
2759 563 3004 625 παιδίου,
3037 563 3212 616 καίτοι
3254 561 3668 634 ἀρῥωστοῦντος
3689 601 3705 626 ,
3733 560 3880 613 πλα-

2207 645 2407 700 κοῦντα
2433 648 2603 719 ἐπιδῷ
2639 651 2736 704 καὶ
2773 649 2980 722 ψυχρὸν
3005 652 3098 704 καὶ
3121 652 3221 704 ὅσα
3244 652 3437 722 τέρπει
3460 649 3646 720 μόνον,
3675 648 3789 702 τῶν
3818 648 3880 702 δέ

2205 735 2493 805 χρησίμων
2524 736 2794 807 μηδεμίαν
2824 738 3147 806 ἐπιμέλειαν
3180 741 3384 792 ποιοῖτο
3409 754 3425 768 ο
3453 732 3574 790 εἶτα
3606 735 3878 804 ἐγκαλού-

2207 838 2366 891 μενος
2393 822 2546 893 παρά
2573 823 2683 877 τῶν
2717 825 2919 894 ἰατρῶν
2943 865 2960 890 ,
2993 825 3312 893 ἀπολογοῖτο
3339 824 3512 894 λέγων
3531 841 3548 855 ο
3573 825 3641 877 Τί
3677 821 3875 886 πάθω;

2203 907 2303 960 οὐκ
2338 909 2601 980 ἀνέχομαι
2630 911 2816 966 κλαῖον
2839 912 2901 966 τὸ
2927 900 3136 966 πάιδίον
3166 912 3312 967 ἰδεῖν.
3345 912 3531 965 ’Δθλιε
3555 913 3653 966 καὶ
3684 911 3876 964 ταλαί-

2202 1011 2355 1066 πωρε
2397 998 2491 1050 καὶ
2520 998 2757 1070 προδότα
2782 1015 2798 1030 ο
2824 999 2886 1053 οὐ
2913 999 3024 1071 γάρ
3059 999 3126 1052 ἂν
3153 1000 3362 1071 πατέρα
3393 1014 3484 1051 τον
3511 998 3759 1051 τοιοῦτον
3801 1000 3879 1051 εἷ-

2201 1098 2362 1151 ποιμι
2380 1098 2394 1112 ·
2426 1085 2520 1138 καὶ
2548 1086 2704 1157 πόσῳ
2727 1085 2935 1157 βέλτιον
2963 1089 3022 1140 ἐν
3045 1087 3237 1158 βραχεῖ
3269 1087 3613 1158 λυπήσαντα,
3641 1085 3874 1139 διαπαν-

2198 1167 2291 1230 τὸς
2313 1169 2491 1242 ὑγιείᾳ
2512 1173 2867 1242 παραδοῦναι,
2897 1174 2931 1246 ἢ
2959 1174 3057 1245 τὴν
3080 1175 3414 1245 πρόσκαιρον
3440 1172 3646 1244 ταύτην
3671 1173 3836 1243 χάριν
3856 1214 3874 1238 ,

2198 1253 2480 1324 διηνεκοῦς
2507 1257 2748 1328 ἀθυμίας
2777 1260 3036 1314 ὑπόθεσιν
3066 1261 3427 1332 ποιήσασθαι;
3469 1259 3644 1313 Τοῦτο
3665 1261 3876 1330 πάσχο-

2203 1356 2304 1410 μεν
2337 1344 2431 1396 καὶ
2452 1345 2635 1414 ἡμεῖς,
2665 1346 2838 1418 κάλλη
2866 1347 3064 1414 λέξεων
3101 1347 3592 1420 περιεργαζόμενοι
3619 1350 3722 1402 καὶ
3750 1365 3878 1400 συν-

2202 1424 2378 1496 θήκας
2403 1428 2552 1502 [259]
2576 1432 2673 1485 καὶ
2697 1434 2964 1504 ἁρμονίαν
2983 1435 3132 1498 ὅπως
3152 1436 3395 1506 ἧσωμεν,
3416 1437 3514 1505 οὐχ
3545 1436 3702 1497 ὅπως
3728 1436 3878 1503 ὠφε-

2199 1516 2450 1588 λήσωμιν
2472 1535 2487 1550 ⁰
2510 1520 2660 1585 ὅπως
2686 1521 3090 1592 θαυμασθῶμεν
3123 1524 3172 1588 δ,
3199 1525 3296 1594 οὐχ
3334 1525 3482 1586 ὅπως
3514 1523 3826 1591 διδάξωμεν
3855 1539 3873 1554 ·

2199 1601 2348 1666 ὅπως
2365 1605 2674 1676 τέρψωμεν,
2691 1607 2790 1678 οὐχ
2812 1610 2960 1673 ὅπως
2980 1610 3368 1682 κατανύξωμεν
3382 1627 3396 1640 ·
3420 1611 3568 1674 ὅπως
3589 1607 3880 1680 κροτηθῶ-

2203 1706 2302 1758 μεν
2333 1692 2429 1746 κα)⁸
2458 1693 2684 1748 ἐπαίνου
2711 1695 2965 1764 τυχόντες
2996 1697 3343 1768 ἀπέλθωμεν,
3367 1700 3466 1769 οὐχ
3483 1699 3632 1761 ὅπως
3658 1697 3730 1751 τὰ
3763 1696 3874 1768 ἢθη

2203 1779 2572 1852 ῥυθμίσωμεν.

2269 1869 2606 1926 Πιστεύσατέ
2640 1891 2752 1942 μοι,
2783 1875 2885 1929 οὐκ
2909 1875 3083 1941 άλλως
3113 1876 3277 1946 λέγω,
3306 1876 3527 1931 ἐπειδὰν
3545 1875 3726 1944 λέγων
3745 1892 3879 1946 κρο-

2196 1957 2398 2029 τῶμαι,
2429 1961 2561 2031 παρ’
2588 1961 2750 2015 αὑτὸν
2780 1963 2880 2032 μὲν
2903 1964 2994 2017 τὸν
3019 1965 3210 2035 καιρὸν
3238 1963 3578 2036 ἀνθρώπινόν
3600 1980 3656 2016 τι
3673 1963 3878 2032 πάσχω

2199 2046 2276 2111 (τί
2307 2047 2416 2118 γάρ
2445 2050 2546 2102 οὐκ
2579 2048 2644 2102 ἀν
2668 2067 2751 2111 τις
2777 2052 2920 2106 είποι
2947 2051 3008 2104 τὸ
3032 2051 3280 2123 ἀληθές);
3313 2052 3409 2106 καὶ
3439 2051 3743 2120 γάννυμαι,
3776 2049 3877 2102 καὶ

2199 2131 2482 2204 διαχέομαι
2507 2151 2521 2167 ο
2567 2137 2790 2190 ἐπειδάν
2833 2137 2890 2191 δέ
2917 2137 3168 2193 ἀπελθὼν
3217 2137 3398 2193 οἴκαδε
3449 2139 3694 2209 ἐννοήσω
3744 2137 3879 2199 τοὺς

2201 2221 2575 2291 κροτήσαντας
2603 2223 2756 2277 οὐδὲν
2784 2223 3164 2296 ὠφεληθέντας
3186 2263 3202 2290 ,
3231 2225 3345 2278 ἀλλ’
3367 2225 3421 2288 εῐ
3457 2242 3509 2278 τι
3533 2226 3632 2278 καὶ
3659 2224 3882 2294 ὠφεληο

2200 2305 2362 2375 θῆναι
2395 2308 2524 2369 ἔδει,
2566 2309 2670 2361 ὑπὸ
2699 2309 2792 2362 τοῦ
2827 2311 3021 2382 κρότου
3053 2312 3148 2366 καὶ
3173 2311 3281 2364 τῶν
3313 2300 3562 2365 ἐπαίνων
3584 2309 3876 2364 ἀπολωλε-

2197 2394 2359 2456 κότας
2384 2433 2399 2458 ,
2435 2395 2706 2466 ὀδυνῶμαι
2735 2397 2831 2449 καὶ
2873 2398 3041 2451 στένω
3080 2398 3174 2452 καὶ
3200 2398 3422 2470 δακρύω
3441 2439 3457 2465 ,
3505 2399 3604 2451 καὶ
3631 2397 3710 2460 ὡς
3743 2397 3875 2467 εἰκῆ

2200 2481 2378 2534 πάντα
2399 2480 2657 2552 εἰρηκὼς,
2683 2481 2826 2536 οὕτω
2841 2484 3145 2555 διάκειμαι,
3169 2487 3262 2538 καὶ
3284 2485 3421 2556 πρὸς
3436 2483 3680 2555 ἐμαυτὸν
3700 2483 3873 2552 λέγω⁸

2198 2570 2264 2622 Τί
2299 2571 2389 2640 μοὶ
2417 2571 2477 2624 τὸ
2501 2571 2705 2639 ὄφελος·
2725 2573 2835 2627 τῶν
2861 2574 3122 2645 ἱδρώτων,
3151 2577 3259 2630 τῶν
3281 2576 3590 2631 ἀκουόντων
3617 2579 3722 2630 οὐκ
3755 2576 3878 2630 ὲθε·

2197 2656 2397 2710 λόντων
2422 2659 2762 2730 καρποῦσθαι
2789 2650 2842 2714 τι
2868 2662 3021 2735 παρά
3048 2663 3155 2716 τῶν
3184 2663 3357 2733 λόγων
3376 2663 3484 2717 τῶν
3510 2667 3644 2734 παρ’
3673 2665 3874 2735 ήμιῖινς

2199 2746 2292 2798 καὶ
2322 2746 2583 2810 πολλάκις
2622 2749 2881 2820 ἐνενόησα
2922 2750 3093 2804 θεῖναι
3125 2752 3288 2822 νόμον
3310 2752 3402 2804 τὸν
3429 2751 3712 2824 κωλύοντα
3742 2753 3878 2816 τοὺς

2196 2833 2423 2903 κρότους
2444 2877 2460 2900 ,
2492 2835 2587 2887 καὶ
2612 2835 2869 2890 πείθοντα
2897 2839 3036 2906 μετά
3074 2840 3232 2910 σιγῆς
3258 2840 3400 2910 ὑμᾶς
3428 2840 3740 2912 ἀκροᾶσθαι
3779 2841 3875 2894 καὶ

2194 2919 2297 2989 τῆς
2313 2919 2697 2994 προσηκούσης
2718 2923 2988 2989 εὐταξίας.
3008 2925 3167 2980 Ἀλλά
3193 2927 3515 2998 ἀνάσχεσθε,
3540 2927 3876 2998 παρακαλῶ,

2198 3010 2294 3060 καὶ⁵
2315 3009 2575 3080 πείσθητέ
2609 3029 2700 3080 μοι
2727 3051 2742 3075 ,
2776 3013 2870 3065 καὶ
2900 3014 2949 3065 εἰ
2977 3012 3161 3080 δοκεῖ,
3189 3013 3380 3067 τοῦτον
3400 3013 3750 3085 κυρώσωμεν
3781 3015 3880 3068 τὸν

2197 3095 2362 3165 νόμον
2381 3097 2506 3166 ήδη,
2536 3097 2726 3167 μηδενὶ
2745 3098 2852 3151 τῶν
2874 3099 3180 3154 ἀκουόντων
3197 3100 3397 3166 ἐξεῖναι
3420 3103 3639 3172 κροτεῖν
3665 3102 3877 3172 μεταξὺ

2197 3181 2447 3251 λέγοντός
2467 3200 2614 3246 τινος
2633 3224 2649 3247 ,
2673 3183 2788 3238 ἀλλ’
2817 3187 2866 3238 εἰ
2895 3183 3134 3255 βούλοιτο
3169 3185 3492 3259 θαυμάζειν,
3535 3187 3876 3259 θαυμαζέτω

2199 3272 2325 3340 σιγῇ
2345 3285 2358 3297 ·
2377 3270 2550 3336 οὐδεὶς
2573 3273 2601 3324 6
2617 3270 2864 3335 κωλύων,
2887 3274 3038 3327 πᾶσα
3053 3273 3111 3326 δὲ
3131 3275 3166 3344 ἡ
3190 3274 3396 3349 σπουδὴ
3411 3276 3507 3328 καὶ
3528 3278 3564 3345 ἡ
3588 3275 3880 3346 προθυμία

2198 3355 2328 3425 περί⁵
2371 3354 2433 3409 τὸ
2466 3355 2717 3427 δέχεσθαι
2751 3357 2818 3410 τά
2845 3357 3113 3429 λεγόμενα
3147 3359 3404 3429 γινέσθω.
3439 3360 3538 3413 Διά
3557 3361 3613 3413 τί
3637 3363 3879 3432 ἐκρατή-

2201 3458 2362 3509 σατε;
2413 3444 2550 3514 Περὶ
2592 3443 2782 3497 τούτου
2822 3433 2927 3498 τὸν⁴
2953 3446 3116 3518 νόμον
3157 3447 3349 3519 τίθημι
3384 3465 3396 3479 ο
3443 3449 3603 3519 ὑμεῖς
3646 3449 3705 3502 δὲ
3755 3449 3881 3503 οὐδὲ

2198 3529 2424 3584 ἀκοῦσαι
2455 3531 2713 3601 ἀνέχεσθε
2735 3543 2784 3584 ο.
2818 3533 3034 3587 Πολλῶν
3061 3535 3220 3588 τοῦτο
3243 3534 3462 3604 ἀγαθῶν
3483 3535 3662 3588 αἴτιον
3693 3534 3875 3600 ἔσται,

2199 3618 2293 3670 καὶ
2318 3617 2694 3672 διδασκάλειον
2729 3619 3070 3690 φιλοσοφίας.
3101 3623 3212 3678 Καὶ
3239 3624 3290 3676 οἰ
3316 3622 3426 3676 τῶν
3455 3622 3562 3689 ἔξω
3587 3623 3879 3693 φιλόσοφοι

2199 3703 2522 3774 διελέγοντο,
2545 3708 2639 3760 καὶ
2655 3707 2829 3770 οὐδεὶς
2855 3709 3090 3779 οὐδαμοῦ
3118 3711 3312 3781 κρότος
3338 3711 3522 3774 αὐτοῖς
3547 3711 3737 3765 εἵπετο
3755 3726 3769 3740 '
3784 3712 3880 3765 καὶ

2198 3793 2246 3845 οἱ
2267 3794 2551 3847 ἀπόστολοι
2572 3796 2664 3865 ἐδη
2673 3795 2968 3866 μηγόρουν,
2987 3797 3083 3851 καὶ
3103 3797 3339 3869 οὐδαμοῦ
3349 3797 3510 3852 τοῦτο
3521 3799 3876 3871 πρόσκειται,

2199 3882 2279 3934 ὅτι
2307 3882 2512 3951 μεταξὺ
2543 3882 2809 3950 λεγόντων
2842 3885 3069 3938 ἐκείνων
3106 3889 3218 3951 τοῖς
3262 3887 3475 3958 κρότοις
3503 3887 3798 3943 διέκοπτον
3827 3891 3880 3943 οἱ

2198 3971 2492 4035 ἀκούοντες
2523 3970 2614 4024 τὸύ
2644 3973 2890 4040 λέγοντα.
2933 3974 3092 4042 Μέγα
3112 3975 3274 4028 τοῦτο
3291 3975 3481 4047 κέρδος
3504 3977 3664 4046 ἡμῖν.
3711 3977 3881 4033 Ἀλλά

2199 4059 2538 4131 κυρώσωμεν
2560 4062 2720 4114 τοῦτο
2739 4079 2752 4092 ·
2785 4062 2905 4132 μεθ’
2935 4063 3166 4133 ἡσυχίας
3195 4063 3397 4127 πάντες
3418 4064 3740 4135 ἀκούωμεν,
3781 4069 3880 4120 καὶ

2198 4145 2448 4216 λέγωμεν
2476 4148 2711 4202 ἅπαντα.
2759 4147 2820 4202 Εἰ
2855 4150 2952 4219 μὲν
2975 4151 3084 4219 γάρ
3117 4151 3256 4221 μετά
3279 4152 3407 4214 τοὺς
3431 4152 3665 4222 κρότους
3685 4154 3882 4227 ἀπῄεις

2205 4251 2304 4304 μεν
2351 4234 2566 4304 ἔχοντες
2613 4235 2756 4308 ἀπερ
2788 4237 3134 4308 ἠκούσαμεν,
3168 4239 3402 4309 μάλιστα
3437 4240 3537 4309 μὲν
3564 4240 3691 4294 οὐδὲ
3729 4241 3880 4296 οὕτω

2199 4322 2467 4392 χρήσιμος
2495 4323 2524 4375 6
2557 4322 2772 4387 ἔπαινος
2804 4324 2941 4393 (ἀλλ’
2975 4326 3074 4379 οὐκ
3100 4325 3166 4380 ἂν
3194 4327 3714 4400 ἡκριϐολογησάμην
3748 4345 3763 4359 ’
3800 4333 3878 4403 μὴ

2203 4408 2272 4480 μέ
2308 4427 2394 4474 τις
2433 4411 2725 4480 ἀγροικίας
2763 4412 3043 4485 γραφέτω)
3070 4431 3083 4445 ο
3103 4415 3290 4486 ἐπειδὴ
3318 4414 3376 4468 δὲ
3406 4415 3573 4486 μηδὲν
3593 4417 3660 4469 τὸ
3682 4417 3874 4488 πλέον,

2200 4497 2336 4550 ἀλλά
2369 4499 2462 4551 καὶ
2497 4498 2706 4569 βλάϐη,
2752 4500 3003 4572 λύσωμεν
3046 4501 3108 4556 τὸ
3154 4502 3421 4574 κώλυμα,
3469 4505 3757 4576 ἀνέλωμεν
3808 4510 3879 4562 τά

2202 4587 2586 4657 σκιρτήματα,
2625 4589 2950 4660 ἐκκόψωμεν
2989 4589 3061 4643 τὰ
3106 4591 3401 4662 πηδήματα
3436 4592 3535 4663 τῆς
3562 4593 3772 4667 ψυχῆς.
3819 4597 3879 4650 '0

2197 4674 2429 4744 Χριστὸς
2464 4675 2879 4747 ἐδημηγόρησεν
2906 4677 2998 4729 ἐπὶ
3022 4675 3114 4730 τοῦ
3143 4678 3302 4749 δρους
3322 4693 3335 4707 ·
3365 4679 3480 4732 ἀλλ’
3507 4681 3687 4746 οὐδεὶς
3714 4684 3878 4738 οὐδὲν

2196 4757 2376 4828 εἶπεν,
2401 4763 2506 4825 ἕως
2535 4765 2624 4816 ὅτε
2649 4765 2742 4816 τὸν
2773 4765 2932 4834 λόγον
2972 4764 3236 4818 ἐτέλεσεν.
3280 4766 3396 4822 Οὐκ
3417 4769 3712 4840 ἀποστερῶ
3744 4775 3878 4836 τοὺς

2199 4848 2554 4920 βουλομένους
2585 4851 3071 4924 κροτεῖσθαιηάλλά
3090 4853 3288 4922 μᾶλλον
3304 4854 3684 4924 θαυμάζεσθαι
3708 4859 3874 4914 ποιῶ.

2199 4938 2385 5009 Πολλῷ
2413 4939 2620 5010 βέλτιον
2648 4941 2788 5011 μετὰ
2815 4941 2977 5011 σιγῆς
2997 4941 3336 5006 ἀκούσαντα,
3372 4943 3461 4996 διά
3500 4944 3600 5014 τῆς
3643 4949 3877 5017 μνήμης

2197 5026 2256 5076 ἐν
2296 5027 2456 5078 παντὶ
2487 5025 2566 5095 τῷ
2599 5027 2774 5096 χρόνῳ
2804 5030 3039 5097 κροτεῖν,
3067 5030 3162 5082 καὶ
3191 5032 3250 5083 ἐν
3273 5029 3422 5101 οἰκίᾳ
3448 5031 3543 5084 καὶ
3576 5031 3636 5085 ἐν
3668 5033 3876 5105 ἀγορᾷ,

2196 5111 2228 5180 ἢ
2276 5112 2451 5164 πάντα
2495 5112 2838 5167 ἀπολέσαντα
2881 5115 3223 5184 ἀπέρχεσθαι
3272 5117 3458 5170 οῐκαδε
3508 5119 3709 5185 κενὸν,
3771 5123 3876 5176 οὐκ

2195 5196 2386 5266 ἔχοντα
2412 5197 2521 5250 τῶν
2553 5201 2766 5268 κρότων
2795 5200 2892 5270 τὴν
2931 5201 3206 5257 ὑπόθεσιν.
3233 5203 3358 5266 Πῶς
3387 5205 3494 5276 γὰρ
3528 5206 3592 5258 οὐ
3631 5209 3876 5276 καταγέο

2194 5285 2386 5349 λαστος
2415 5288 2443 5338 6
2469 5287 2780 5356 ἀκροατής
2813 5289 2928 5351 πῶς
2952 5289 3013 5342 οὐ
3039 5290 3205 5355 κόλαξ
3233 5291 3330 5344 καὶ
3367 5292 3532 5364 εῐρων
3552 5292 3581 5332 (ι
3603 5296 3869 5366 νομισθήσ

2196 5389 2344 5427 σεται
2370 5374 2591 5444 μᾶλλον,
2612 5376 2694 5427 ὅτι
2728 5377 2822 5444 μὲν
2851 5378 3030 5440 καλῶς
3057 5375 3212 5431 εἶπεν
3236 5381 3264 5433 6
3287 5380 3605 5447 διδάσκαλος
3636 5385 3875 5455 ἀποφαι-

2193 5463 2412 5531 νόμενος
2433 5504 2448 5527 ,
2480 5464 2532 5514 τί
2557 5462 2613 5514 δὲ
2641 5458 2792 5516 εἶπεν
2824 5465 2923 5517 οὐκ
2949 5465 3088 5535 έχων
3116 5467 3283 5532 δεῖξαι
3313 5487 3328 5536 ;
3358 5470 3533 5529 Τοῦτο
3570 5472 3869 5538 κολακείας

2191 5549 2431 5602 ἐστίν.⁹0
2479 5551 2576 5619 μὲν
2615 5551 2723 5622 γὰρ
2768 5551 3081 5623 κιθαρῳδῶν
3125 5556 3364 5620 ἀκούσας
3403 5560 3496 5610 καὶ
3545 5562 3869 5631 τραγῳδῶν,

2190 5639 2412 5700 εἰκότως
2441 5638 2510 5690 ἂν
2535 5639 2691 5690 τοῦτο
2715 5641 2896 5702 πάθοι,
2932 5643 3026 5694 ἆτε
3055 5644 3152 5696 οὐκ
3176 5645 3330 5706 εἰδὼς
3357 5649 3557 5716 ὁμοίως
3588 5650 3686 5718 τὴν
3711 5651 3872 5719 ῥῆσιν

2187 5727 2540 5780 εξπεῐνοὲνθα
2567 5729 2623 5780 δὲ
2671 5731 2729 5780 οὐ
2785 5730 2977 5798 μέλους
3027 5734 3282 5800 ἐπίδειξίς
3321 5739 3467 5789 ἐστιν
3508 5739 3630 5790 οὐδὲ
3659 5745 3869 5811 φωνῆς,

2249 5881 2276 5908 λ
2319 5869 2416 5921 Alii
2443 5872 2569 5925 ὅπως
2591 5873 2903 5933 εὐφρανωμεν,
2927 5876 3014 5935 οὐχ
3048 5877 3175 5931 ὅπως
3208 5878 3530 5937 ὠφελήσωμεν
3557 5882 3867 5940 σκοποῦντες,

2185 5934 2311 6000 ἑξπως
2354 5923 2710 6008 θαυμσξσθῶμεπξ.
2781 5923 3186 6004 εἈΙίιιδἭίξηιιι,
3234 5923 3323 6008 κἀὶ.
3354 5923 3484 6008 ὐμέξς
3529 5942 3738 5993 ἀκοῦσαι

2184 5996 2418 6055 ἀνέχεσθε,
2488 5995 2511 6032 d
2546 5998 2636 6045 Λιη
2671 5999 2921 6059 ἀκροατὴς,
2955 6001 3030 6045 καὶ
3058 5998 3215 6059 κιὶαξ,
3251 6002 3326 6046 καὶ
3367 5995 3519 6060 εῗξῖυν.
