4034 6430
232 392 339 444 225

233 506 309 557 tio
332 518 402 557 ex
431 499 785 558 immoderato
813 497 992 552 studio
1019 496 1216 566 prodiit
1244 512 1259 562 ;
1289 511 1473 550 verum
1505 495 1666 550 etiam
1698 495 1822 548 hinc

228 593 593 663 apostolorum
620 591 788 645 virtus
811 586 1127 642 ostenditur.
1159 586 1229 642 Et
1257 585 1382 641 vide
1410 585 1687 656 quomodo
1707 600 1824 637 om-

230 685 318 737 nia
346 683 544 754 ubique
574 682 684 736 Deo
714 681 966 735 referant.
998 678 1108 733 llos
1136 686 1192 733 et
1223 692 1321 731 nos
1347 678 1620 732 imitemur
1647 694 1659 728 :
1690 676 1824 731 nihil

229 786 473 830 nostrum
503 789 626 829 esse
671 782 938 842 putemus,
969 771 1402 843 quandoquidem
1445 786 1512 824 ne
1558 771 1671 842 ipsa
1700 770 1823 839 qui-

227 867 353 921 dem
383 866 516 919 fides
537 874 721 919 nostra
742 875 843 919 est.
867 863 1019 932 Quod
1049 873 1228 917 autem
1259 872 1443 917 nostra
1473 880 1578 917 nou
1604 864 1697 928 sit,
1727 861 1821 916 sed

228 960 401 1028 magis
426 957 536 1022 Dei,
567 957 692 1012 audi
715 957 936 1012 Paulum
963 956 1227 1010 dicentem
1260 973 1275 1010 :
1305 953 1372 1008 Et
1397 956 1493 1009 hoc
1519 971 1618 1008 non
1645 970 1708 1008 ea:
1731 970 1827 1006 no-

225 1050 322 1111 bis,
352 1048 450 1103 Dei
474 1051 665 1103 donum
693 1047 908 1120 (Ep/tes.
941 1047 995 1101 2.
1029 1049 1108 1116 8).
1137 1046 1214 1102 Nc
1244 1049 1423 1118 itaque
1451 1049 1619 1102 altqu
1647 1047 1822 1116 sapia-

224 1159 348 1198 mus
371 1159 470 1198 nec
493 1143 760 1207 inﬂemur,
787 1156 908 1196 cum
941 1141 1189 1195 homines
1211 1141 1562 1202 simus,‘terra
1585 1151 1638 1196 et
1661 1139 1819 1206 cinis,

223 1236 408 1290 fumus
438 1244 496 1290 et
544 1234 754 1289 umbra.
793 1233 887 1288 Dic
913 1234 1054 1288 enim
1090 1233 1218 1287 mihi
1245 1274 1260 1293 .
1298 1249 1395 1286 cur
1432 1234 1602 1288 altum
1631 1233 1822 1302 sapis?

224 1326 646 1398 Eleemosyuam
675 1325 867 1380 dedisti
894 1337 948 1381 et
989 1326 1242 1394 pecunias
1273 1323 1552 1380 eﬂ‘udisti?
1589 1324 1657 1380 Et
1695 1325 1820 1395 quid

223 1418 329 1472 hoc
351 1418 374 1471 ?
398 1419 585 1488 COgita
619 1417 665 1472 si
695 1417 957 1472 noluisset
985 1425 1036 1471 te
1065 1417 1205 1471 Deus
1232 1417 1453 1470 divitem
1485 1415 1663 1471 facere
1691 1434 1704 1468 :
1731 1431 1825 1470 co-

218 1511 330 1579 gita
361 1525 457 1564 eos
497 1510 588 1579 qui
617 1509 793 1580 inopia
823 1518 1141 1578 premuntur
1167 1526 1182 1573 ;
1217 1510 1324 1562 imo
1349 1509 1522 1579 cogita
1549 1508 1821 1588 quotipsa

217 1618 449 1672 corpora
483 1603 898 1672 impenderunt,
926 1612 980 1657 et
1006 1614 1292 1673 postquam
1324 1603 1604 1658 innumera
1631 1585 1822 1674 eroga-

221 1705 433 1755 verant.
459 1696 669 1763 seipsos
693 1696 920 1748 miseros
940 1694 1212 1749 dixerunt.
1235 1692 1315 1748 Tu
1345 1705 1566 1764 propter
1592 1695 1822 1764 teipsum

217 1789 440 1852 dedisti,
469 1788 718 1843 Christus
746 1799 965 1856 propter
995 1802 1046 1841 te
1076 1805 1090 1839 :
1128 1800 1180 1839 ιιι
1209 1788 1352 1856 quod
1381 1787 1616 1842 debebas
1645 1788 1825 1842 reddi-

217 1882 345 1935 disti
370 1924 384 1944 ,
420 1879 672 1936 Christus
715 1880 848 1934 nihil
893 1881 986 1935 tibi
1014 1880 1264 1935 debebat.
1303 1879 1434 1934 Vide
1455 1895 1614 1950 quam
1647 1881 1824 1934 incer-

221 1987 336 2027 tum
367 1974 440 2028 sit
481 1972 756 2038 futurum,
788 1983 934 2028 etne
971 1973 1138 2027 altum
1176 1973 1354 2040 sapias
1375 2013 1390 2035 ,
1421 1972 1516 2027 sed
1551 1971 1681 2028 time
1710 1991 1724 2027 :
1753 1989 1821 2027 ne

220 2045 475 2120 virtutem
522 2081 586 2118 ex
635 2066 936 2134 arrogantia
987 2065 1218 2118 minuas.
1265 2063 1354 2118 Vis
1398 2079 1524 2118 vere
1567 2079 1819 2134 magnum

217 2156 495 2225 quidpiam
543 2154 763 2211 facere?
790 2155 866 2211 Ne
914 2170 1167 2226 umquam
1211 2169 1511 2226 prtesumas
1549 2165 1820 2225 tamquam

217 2251 289 2305 de
321 2251 527 2319 magnis
547 2252 820 2321 operibus.
853 2254 920 2305 At
945 2253 1094 2320 virgo
1119 2248 1224 2305 es?
1256 2249 1448 2304 Verum
1479 2250 1582 2304 illa:
1606 2266 1822 2320 quoque

221 2346 459 2414 virgines
488 2355 663 2410 erant,
695 2354 750 2399 et
782 2356 999 2414 propter
1026 2345 1404 2400 crudelitatem
1433 2356 1489 2400 et
1517 2345 1819 2400 inhumani-

221 2445 388 2489 tatrm
421 2436 551 2489 nihil
581 2436 778 2505 profuit
821 2437 952 2506 ipsis
985 2435 1281 2505 virginitas.

298 2527 581 2583 Humilitas
593 2526 1210 2583 commendatum—Nihil
1231 2526 1518 2582 humilitati
1549 2544 1642 2598 par
1667 2547 1680 2581 :
1708 2529 1822 2584 liarc

219 2631 396 2676 mater
421 2632 534 2689 est,
568 2622 718 2676 radix
742 2664 754 2686 ,
789 2622 966 2676 nutrix
990 2661 1005 2686 ,
1039 2621 1429 2685 fulcimentum,
1464 2632 1518 2678 et
1548 2624 1818 2678 vinculum

222 2721 491 2772 bonorum
521 2731 536 2770 :
570 2716 689 2772 sine
714 2716 800 2771 illa
832 2715 1176 2770 abominandi
1199 2756 1215 2782 ,
1262 2716 1579 2771 exsecrandi
1621 2725 1676 2770 et
1717 2718 1820 2770 im-

222 2809 343 2878 puri
369 2823 576 2863 sumus.
609 2807 736 2862 Esto
755 2808 898 2862 enim
928 2809 1046 2878 quis
1066 2849 1080 2871 ,
1109 2809 1154 2861 si
1188 2805 1395 2877 placet’,
1445 2808 1535 2878 qui
1582 2820 1822 2864 mortuos

219 2900 482 2966 suscitet,
514 2899 736 2954 claudos
764 2900 963 2969 erigat,
1011 2901 1254 2969 leprosos
1302 2907 1523 2955 inundet
1562 2915 1685 2954 cum
1730 2918 1821 2954 ar-

220 2992 466 3062 rogantia
495 3007 509 3044 :
544 2991 675 3046 nihil
708 2991 808 3046 hoc
838 2992 1101 3062 impurius
1124 3033 1139 3056 ,
1174 2992 1306 3046 nihil
1350 2993 1518 3062 magis
1559 2993 1818 3061 impium,

220 3084 358 3139 nihil
387 3085 689 3140 scelestius.
718 3083 860 3138 Nihil
893 3085 968 3138 tui
997 3085 1164 3155 ipsius
1188 3100 1309 3140 esse
1333 3094 1542 3154 reputa.
1571 3085 1822 3140 Faculta-

222 3191 332 3233 tem
382 3178 531 3233 verbi
579 3189 636 3234 et
680 3179 942 3234 doctrina:
984 3178 1209 3247 gratiam
1255 3177 1469 3233 habes?
1511 3177 1588 3233 Nc
1617 3177 1739 3234 ideo
1771 3189 1822 3234 te

222 3280 380 3341 putes
413 3271 531 3340 plus
557 3285 716 3341 quam
745 3270 881 3324 alios
908 3268 1129 3324 habere.
1161 3268 1285 3325 Ideo
1313 3271 1547 3324 maxime
1575 3281 1627 3325 te
1657 3270 1823 3324 humi-

218 3366 337 3419 liari
366 3372 615 3433 oportet,
648 3361 1057 3432 quiapluribus
1100 3364 1358 3432 dignatus.
1392 3379 1455 3418 es
1495 3363 1672 3418 donis.
1724 3363 1820 3418 Cui

217 3459 364 3512 enim
420 3457 538 3526 plus
583 3454 898 3520 dimittitur,
953 3455 1072 3524 plus
1118 3455 1303 3525 diliget
1354 3453 1522 3526 (Luc.
1570 3457 1621 3509 7.
1676 3454 1817 3528 47).

218 3549 410 3617 Itaque
435 3547 703 3601 humiliari
733 3557 785 3602 te
810 3556 1060 3616 oportet,
1094 3548 1214 3617 quia
1247 3548 1366 3603 aliis
1397 3549 1774 3618 praetermissis
1801 3591 1817 3618 ,

217 3640 314 3693 tibi
363 3641 553 3693 annuit
601 3639 762 3693 Deus.
815 3640 925 3694 llac
970 3638 1040 3695 de
1092 3654 1252 3694 causa
1286 3641 1415 3695 time
1448 3657 1461 3692 :
1493 3655 1642 3713 smpe
1671 3642 1816 3697 enim

216 3733 322 3786 hoc
348 3731 454 3785 tibi‘
470 3731 722 3800 perniciei
755 3746 914 3786 causa
943 3741 1026 3786 est
1045 3773 1060 3798 ,
1091 3733 1192 3786 nisi
1219 3733 1546 3802 vigilaveris.

291 3820 461 3893 Opere
484 3822 646 3893 magis
672 3839 826 3890 quam
851 3823 995 3877 verba
1020 3823 1310 3878 insinuatur
1336 3825 1818 3894 disciplina.——Cur

214 3917 383 3971 altum
417 3917 599 3986 sapis?
625 3919 748 3985 quia
781 3917 960 3970 verbis
981 3916 1183 3971 doces?
1216 3915 1322 3971 Sed
1358 3916 1511 3972 facile
1537 3918 1814 3987 estphilo-

214 4007 434 4077 sophari
466 4007 646 4062 verbis
676 4026 688 4063 :
718 4007 853 4061 doce
884 4023 969 4062 me
1013 4024 1108 4076 per
1139 4009 1299 4063 vitam
1339 3994 1496 4064 ‘tuam
1530 4025 1544 4063 :
1576 4009 1694 4065 haec
1732 4021 1817 4066 est

214 4098 420 4169 optima
445 4098 711 4154 doetrina.
749 4099 925 4164 Dicis,
959 4091 1219 4155 modestia
1259 4116 1396 4169 opus
1425 4116 1546 4155 esse
1572 4111 1674 4166 ,-et
1717 4103 1816 4156 hac

213 4191 282 4246 de
309 4205 369 4246 re
396 4190 612 4260 longum
643 4193 780 4245 texis
821 4206 1166 4258 sermonem,
1214 4201 1376 4262 atque
1417 4195 1651 4250 oratoria
1696 4197 1814 4250 sine

213 4283 370 4339 obice
401 4283 562 4338 verba
592 4283 918 4354 profundis?
951 4285 1018 4339 At
1045 4287 1235 4340 melior
1278 4295 1329 4340 te
1375 4298 1457 4341 est
1499 4287 1587 4341 ille
1611 4328 1626 4353 ,
1671 4289 1812 4344 dicet

211 4374 513 4445 quispiam,
545 4376 634 4445 qui
667 4374 767 4429 hoc
794 4375 1050 4446 operibus
1081 4393 1167 4433 me
1201 4378 1376 4433 docet.
1412 4377 1529 4434 Non
1561 4379 1706 4434 enim
1741 4382 1811 4435 ita

212 4467 472 4520 insinuari
504 4469 679 4521 solent
706 4470 900 4522 animis
929 4469 1225 4540 disciplina:
1251 4471 1430 4526 verbis
1452 4512 1468 4535 ,
1519 4481 1577 4527 ut
1628 4475 1811 4542 Operi-

215 4562 316 4614 bus
348 4577 362 4612 :
397 4575 520 4614 nam
552 4561 654 4614 nisi
683 4576 846 4630 opera
876 4561 1078 4618 habeas
1100 4605 1116 4631 ,
1151 4581 1255 4618 non
1289 4565 1448 4620 modo
1479 4581 1584 4621 non
1614 4567 1810 4636 prodes

211 4652 430 4718 verbis,
463 4653 558 4708 sed
586 4654 750 4708 etiam
792 4655 960 4726 magis
1009 4671 1190 4712 noces.
1238 4656 1426 4713 Melius
1475 4668 1560 4713 est
1608 4669 1807 4714 tacere.

208 4744 424 4809 Quare?
455 4745 588 4812 Quia
616 4760 728 4800 rem
761 4746 888 4799 tiiilii
913 4747 1296 4822 impossibilem
1318 4749 1594 4818 proponis.
1617 4748 1809 4821 Cogito

207 4836 356 4889 enim
375 4874 392 4897 ,
420 4836 465 4889 si
494 4846 549 4889 tu
575 4837 663 4904 qui
696 4847 840 4892 tanta
867 4839 1124 4907 loqueris,
1155 4855 1262 4894 non
1292 4839 1462 4905 facis;
1498 4842 1667 4896 multo
1696 4859 1810 4898 ma-

207 4932 291 4998 gis
323 4943 408 4982 me
434 4930 583 4982 venia
614 4929 832 5000 dignum
859 4945 979 4985 esse
1001 4971 1015 4993 ,
1048 4932 1137 5001 qui
1180 4932 1314 4986 nihil
1358 4933 1501 4988 dico.
1557 4933 1682 4989 Ideo
1734 4937 1812 4990 ait

209 5019 520 5092 propheta:
557 5019 821 5076 Peccatori
892 5034 1061 5076 autem
1110 5024 1240 5078 dixit
1290 5023 1470 5090 Deus,
1536 5025 1709 5093 Quare
1755 5037 1810 5080 tu

207 5129 420 5167 enarras
461 5115 692 5186 justitias
745 5131 882 5169 meas
929 5115 1123 5187 (Psal.
1168 5117 1258 5173 49.
1294 5118 1360 5173 16
1376 5119 1634 5189 )iMajus
1663 5122 1807 5176 enim

209 5207 314 5263 hoc
342 5219 724 5264 nocumentum
756 5221 858 5278 est,
892 5227 1012 5265 cum
1045 5214 1165 5281 quis
1193 5223 1342 5268 recte
1371 5214 1574 5269 docens
1603 5216 1805 5284 verbis,

206 5302 510 5356 doctrinam
539 5301 692 5358 factis
724 5304 1016 5376 impugnat.
1051 5307 1160 5359 lloc
1189 5308 1479 5360 multorum
1510 5309 1562 5362 in
1617 5310 1807 5363 Eccle-

207 5394 306 5447 siis
328 5393 428 5448 fuit
455 5408 615 5448 causa
647 5396 929 5452 malorum.
966 5398 1256 5467 Propterea
1292 5399 1568 5468 ignoscite,
1595 5417 1803 5468 quaeso,

205 5487 348 5557 quod
371 5503 552 5543 sermo
584 5490 683 5543 hac
709 5491 759 5544 in
795 5506 852 5545 re
876 5492 1083 5561 longius
1115 5503 1383 5546 excurrat.
1437 5493 1584 5545 Multi
1641 5494 1806 5548 multa

206 5581 445 5645 taciunt,
483 5582 617 5634 utin
647 5582 823 5636 medio
852 5593 1055 5637 stantes
1096 5584 1312 5652 longum
1367 5585 1642 5652 proferant
1691 5598 1808 5637 Ser-

204 5689 426 5727 tnonem
462 5690 476 5727 :
507 5683 561 5727 et
604 5675 646 5728 si
699 5676 946 5744 plausum
999 5677 1356 5729 multitudinis
1403 5686 1802 5746 assequuntur,

203 5765 429 5828 perinde
459 5767 690 5834 gaudent
719 5783 781 5821 ac
809 5769 852 5821 si
887 5785 1111 5838 regnum
1149 5769 1542 5830 obtinuissent;
1589 5770 1636 5822 si
1675 5784 1803 5822 vero

203 5871 324 5912 cum
355 5857 573 5912 silentio
615 5858 824 5913 diostidi
874 5862 1032 5914 linem
1085 5859 1320 5927 faciant,
1369 5859 1615 5929 gelicnna
1667 5859 1800 5929 ipsis

1163 380 1229 438 ΙΝ
1272 380 1452 438 ACTA
1492 380 2020 438 APOS‘I‘OLORUM.
2061 380 2291 438 HOMIL.
2343 379 2513 434 XXX.

3430 386 3539 442 ⁸2³26

1938 495 2154 562 gravius
2178 501 2233 547 et
2257 493 2540 547 onerosius
2566 501 2649 547 cst
2685 493 2790 548 tale
2839 494 3134 550 silentium.
3185 495 3299 552 Hoc
3351 497 3542 556 Hrcle.

1934 584 2046 638 sias
2079 584 2384 651 subvertit,
2416 585 2558 654 quod
2600 601 2695 642 vos
2735 602 2842 640 non
2886 590 3142 657 quaeratis
3181 590 3342 645 verba
3385 607 3542 649 com-

1936 679 2243 745 pnuciionis
2264 721 2280 744 ,
2313 679 2406 733 sed
2434 695 2554 750 quae
2583 678 2858 735 oblectent
2883 691 2936 736 et
2963 697 3102 737 sono
3145 693 3199 738 et
3251 686 3540 743 verborum

1933 772 2348 840 compositione,
2379 789 2443 826 ac
2465 774 2513 846 si
2540 783 2794 828 cantores
2817 786 2874 830 et
2897 775 3226 833 citharoedos
3239 779 3538 848 audiretis;

1933 872 1987 916 et
2018 878 2116 916 nos
2147 862 2334 932 frigide
2362 880 2427 920 ac
2458 865 2657 920 misere
2699 877 2913 923 vestros
2953 867 3178 926 affectus
3225 887 3537 943 sequamur,

1931 971 2067 1025 quos
2095 956 2418 1018 exscindere
2445 967 2744 1026 oporteret.

2001 1046 2055 1100 s.
2088 1046 2432 1117 ldipsumque
2472 1049 2730 1114 facimus,
2777 1065 2843 1107 ac
2894 1051 2939 1106 si
2989 1062 3142 1121 pater
3176 1054 3338 1110 nimis
3389 1064 3538 1113 molli

1934 1152 2137 1206 puero,
2169 1140 2269 1194 etsi
2305 1141 2629 1206 inﬁrmanti,
2660 1142 2910 1214 frigidam
2941 1144 3279 1215 placcntam,
3323 1159 3379 1205 et
3417 1167 3537 1222 quie

1931 1230 2106 1283 solum
2137 1231 2412 1286 oblectant
2444 1234 2716 1304 porrigat;
2759 1235 2970 1290 utilium
3020 1252 3153 1293 vero
3189 1241 3394 1294 nullam
3442 1257 3538 1296 cu-

1935 1335 2049 1374 ram
2081 1320 2276 1377 habeat
2307 1339 2322 1375 :
2352 1322 2550 1380 deinde
2575 1341 2604 1379 a
2635 1326 2859 1381 medicis
2889 1328 3203 1399 obiurgatus
3225 1369 3245 1398 ,
3274 1332 3340 1385 ad
3369 1348 3536 1388 excu-

1929 1412 2195 1466 sationem
2227 1411 2404 1478 dicat,
2433 1415 2569 1482 Quid
2602 1413 2833 1471 faciam?
2859 1417 3079 1474 ﬂentem
3125 1437 3349 1490 puerum
3396 1422 3538 1480 ferre

1932 1517 2161 1572 nequeo.
2192 1503 2375 1570 Miser,
2398 1504 2588 1561 infelix
2609 1517 2663 1562 et
2691 1508 2937 1576 proditor
2969 1527 2981 1564 :
3019 1527 3194 1582 neque
3217 1514 3363 1570 enim
3392 1511 3535 1570 hunc

1932 1605 2136 1664 patrem
2176 1597 2450 1652 dixerim:
2486 1615 2646 1668 quam
2695 1600 2892 1657 melius
2941 1613 3121 1670 esset,
3175 1606 3325 1661 illum
3371 1622 3537 1678 parvo

1933 1698 2178 1759 tempore
2197 1691 2410 1746 tristitia
2436 1692 2686 1748 allectum
2707 1696 2958 1764 perfectae
2983 1699 3198 1752 sanitati
3224 1701 3532 1770 restituere,

1929 1795 2090 1850 quam
2125 1790 2528 1850 temporaneam
2559 1786 2786 1854 gratiam
2821 1789 3059 1857 perpetui
3110 1794 3361 1846 mmraris
3399 1808 3536 1848 .cau-

1929 1887 2043 1928 sam
2092 1875 2308 1931 facere!
2359 1877 2468 1931 Hoc
2515 1888 2569 1933 et
2617 1896 2716 1935 nos
2770 1881 3028 1950 facimus,
3075 1883 3204 1939 dum
3231 1887 3533 1956 elegantem

1929 1969 2228 2024 orationem
2285 1971 2554 2027 curiosius
2611 1974 2904 2042 qumrimus
2959 1987 3014 2031 et
3084 1979 3534 2048 compositionem

1933 2061 2377 2132 harmoniamque
2401 2103 2417 2126 ,
2452 2073 2509 2118 ut
2541 2064 2878 2134 placeamus,
2910 2083 3016 2122 non
3044 2079 3102 2124 ut
3133 2073 3442 2140 prosimus;
3473 2084 3534 2129 ut

1927 2150 2270 2207 admirationi
2301 2154 2628 2221 habeamur,
2664 2167 2856 2214 nonut
2899 2160 3234 2230 doceamus;
3285 2175 3343 2218 ut
3381 2167 3537 2222 oble-

1929 2253 2160 2310 ctcmns,
2180 2260 2286 2301 non
2316 2236 2374 2300 ut
2389 2261 2858 2318 compungamus;
2885 2261 2941 2305 tit
2968 2268 3089 2305 cum
3116 2254 3306 2323 plausu
3331 2267 3384 2312 et
3411 2258 3501 2314 lau
3519 2290 3534 2302 -

1927 2335 2089 2389 dibus
2115 2337 2460 2392 discedamus
2479 2380 2494 2404 ,
2531 2357 2638 2394 non
2666 2351 2723 2395 ut
2751 2356 2932 2397 mores
2961 2359 3377 2416 componamus.

2006 2425 2229 2484 Plausus
2241 2432 2496 2500 quomodo
2524 2431 2804 2503 excipiebat
2829 2432 3536 2506 Chrysostomus.——Credite

1930 2518 2060 2573 mihi
2085 2535 2190 2574 non
2213 2522 2311 2575 abs
2332 2537 2390 2576 re
2417 2521 2654 2588 dicenti,
2677 2540 2800 2578 cum
2827 2527 3128 2594 praedicans
3155 2530 3402 2587 laudibus
3435 2549 3533 2587 ex-

1926 2614 2099 2683 cipior
2122 2655 2138 2681 ,
2168 2615 2264 2669 illo
2300 2615 2518 2684 quidem
2547 2625 2789 2686 tempore
2830 2618 3123 2674 humanum
3164 2623 3291 2692 quid
3330 2633 3421 2694 put
3443 2642 3528 2692 or,

1929 2706 2068 2779 (cur
2095 2709 2238 2762 enim
2267 2723 2390 2762 vera
2438 2725 2544 2764 non
2586 2710 2904 2780 dixerim?)
2934 2712 3090 2768 Letor
3131 2725 3187 2770 et
3232 2717 3482 2773 εσυηάοτ
3513 2737 3528 2773 :

1929 2798 2017 2852 ubi
2049 2812 2183 2854 vero
2209 2799 2428 2853 domum
2461 2815 2731 2868 reversus,
2759 2806 2940 2873 cogito
2968 2805 3286 2874 plaudentes
3325 2811 3534 2868 nullum

1927 2892 2212 2961 excepisse
2241 2891 2508 2958 fructum;
2545 2895 2640 2948 sed
2669 2895 2714 2948 si
2740 2896 2865 2963 quid
2896 2898 3136 2953 utilitatis
3165 2899 3535 2972 aetipiendum

1930 2992 2048 3036 erat
2066 3023 2080 3048 ,
2113 2982 2244 3037 illud
2272 2998 2337 3038 ex
2368 2984 2557 3053 plausu
2585 2995 2639 3040 et
2670 2982 2919 3041 laudibus
2947 2990 3208 3058 periisse,
3237 2992 3536 3053 discrucior

1929 3081 1985 3128 et
2015 3074 2341 3145 ingemisco,
2371 3077 2662 3148 lacrymor,
2691 3093 2753 3133 ac
2777 3080 2823 3134 si
2851 3084 3030 3137 omnia
3059 3084 3253 3139 frustra
3277 3087 3530 3158 dixerim,

1927 3164 2000 3219 ita
2030 3165 2255 3221 aﬂ'cctus
2274 3208 2288 3232 ,
2323 3168 2563 3238 mihique
2585 3169 2686 3239 ipsi
2714 3169 2837 3225 dico
2867 3189 2880 3223 :
2915 3175 3045 3239 Qua:
3073 3176 3204 3230 mihi
3229 3166 3320 3233 ex
3366 3180 3533 3236 sudo-

1928 3257 2074 3312 ribus
2101 3258 2341 3327 utilitas,
2391 3275 2514 3316 cum
2557 3261 2832 3318 auditores
2871 3264 3001 3318 nihil
3045 3281 3115 3320 ex
3165 3267 3349 3326 vivrbis
3398 3274 3536 3329 meis

1929 3352 2172 3407 utilitatis
2190 3356 2469 3424 percipere
2495 3355 2798 3412 voluerint?
2827 3375 3079 3430 sa'peque
3104 3363 3332 3433 cogitavi
3361 3366 3534 3438 legem

1929 3445 2171 3513 proferre
2198 3447 2418 3516 plausus
2449 3447 2823 3517 prohibentem
2846 3493 2860 3515 ,
2897 3463 2951 3505 et
2981 3456 3308 3522 persuadere
3335 3460 3490 3514 Vobis
3512 3502 3532 3530 ,

1932 3547 1988 3590 ut
2017 3554 2139 3592 cum
2172 3540 2388 3594 silentio
2437 3541 2669 3596 audiatis
2718 3553 2773 3597 et
2819 3559 2942 3598 cum
2987 3545 3199 3602 dt-centi
3245 3553 3531 3609 modestia.

1926 3629 2035 3684 Sed
2073 3631 2341 3686 sustinete
2365 3673 2381 3698 ,
2411 3648 2632 3703 quaeso,
2661 3644 2719 3690 et
2741 3635 2949 3691 credite
2977 3636 3140 3702 tiiihi;
3185 3655 3278 3707 ac,
3321 3644 3366 3696 si
3412 3643 3534 3713 pla-

1924 3734 2010 3778 cet
2029 3763 2045 3788 ,
2079 3723 2220 3778 hanc
2249 3722 2529 3780 firmemus
2558 3726 2731 3796 legem
2764 3745 2778 3781 :
2807 3742 2876 3783 ne
2904 3727 2992 3785 cui
3015 3731 3322 3787 auditorum
3368 3734 3533 3792 liceat

1924 3817 2234 3888 loquentem
2282 3818 2556 3887 plausibus
2602 3819 2985 3890 interpellare;
3037 3821 3134 3877 sed
3178 3824 3224 3879 si
3272 3825 3530 3884 admirari

1921 3909 2177 3973 voluerit,
2210 3910 2381 3966 silens
2406 3912 2706 3967 admiretur
2737 3931 2752 3968 :
2784 3929 2946 3969 nemo
2975 3917 3321 3984 prohibebit:
3354 3922 3533 3978 omnis

1921 4015 2048 4054 cura
2074 4041 2090 4068 ,
2119 4017 2282 4057 omne
2308 4003 2546 4059 studium
2573 4006 2680 4071 sit,
2709 4014 2768 4060 ut
2792 4007 2933 4062 dicta
2960 3995 3316 4078 excipiantur.
3349 3998 3531 4080 Quare

1920 4096 2307 4166 applausistis?
2333 4095 2446 4153 Hac
2489 4097 2556 4153 de
2603 4115 2663 4154 re
2707 4099 2880 4171 legem
2912 4117 3053 4171 pono
3090 4118 3230 4167 :vos
3280 4119 3410 4162 vero
3461 4123 3530 4163 ne

1920 4189 2109 4244 audire
2139 4190 2357 4258 quidem
2399 4191 2701 4246 sustinetis.
2733 4192 2789 4247 ld
2819 4193 3112 4249 multorum
3153 4209 3315 4251 causa
3354 4197 3530 4255 hono-

1919 4297 2041 4336 rum
2068 4282 2207 4347 erit,
2239 4281 2702 4354 philosophiaeque
2726 4285 3033 4354 disciplina.
3089 4287 3308 4342 Externi
3353 4291 3529 4359 philo-

1919 4373 2076 4442 SOpili
2115 4374 2490 4440 disserebant,
2540 4379 2756 4432 nemine
2795 4394 3050 4448 umquam
3102 4382 3427 4449 plaudente;
3472 4394 3530 4440 et

1917 4468 2147 4536 apostoli
2178 4468 2661 4534 concionabantttr,
2693 4485 2872 4541 neque
2895 4473 3102 4542 uspiam
3131 4471 3347 4542 legitur,
3380 4476 3528 4546 ipsos

1920 4562 2207 4632 loquentes
2235 4563 2304 4617 ab
2333 4562 2680 4619 auditoribus
2707 4562 2874 4619 fuisse
2903 4564 3093 4635 plausu
3132 4569 3523 4638 interpellatos.

1915 4655 2162 4725 Magnum
2189 4655 2290 4710 hoc
2316 4656 2474 4710 nobis
2493 4656 2701 4710 lucrum
2721 4659 2846 4711 erit.
2866 4656 2974 4711 Sed
2993 4658 3202 4713 stabilia
3214 4674 3336 4714 nius
3353 4661 3483 4718 illud
3505 4679 3523 4720 :

1916 4763 2038 4802 cum
2069 4748 2286 4802 silentio
2315 4762 2506 4802 omnes
2550 4748 2867 4814 audiamus,
2917 4749 3208 4820 omniaque
3251 4751 3522 4811 dicamus.

1917 4840 2141 4894 Etiamsi
2171 4851 2292 4909 post
2322 4843 2568 4910 plausum
2595 4841 3037 4908 discederemus,
3070 4859 3190 4914 qua:
3218 4845 3526 4903 audivimus

1916 4934 2211 4988 retinentes
2240 4975 2255 4999 ,
2295 4949 2469 5004 neque
2501 4936 2580 4989 sic
2608 4938 2770 4990 etiam
2803 4937 2951 4990 utilis
2977 4935 3098 4993 laus
3123 4948 3267 4994 esset
3298 4939 3523 5011 (verum

1916 5039 2022 5077 non
2078 5026 2303 5079 ulterius
2353 5025 2709 5095 disquirerem
2747 5046 2759 5081 :
2795 5044 2864 5082 ne
2910 5029 3031 5098 quis
3071 5044 3168 5086 me
3208 5033 3524 5092 rusticitatis

1914 5118 2162 5188 accuset)
2206 5135 2218 5171 :
2267 5119 2390 5188 quia
2446 5134 2576 5173 vero
2624 5120 2756 5174 nihil
2797 5120 2927 5177 hinc
2967 5122 3138 5189 lucri,
3194 5126 3302 5179 imo
3347 5131 3526 5197 potius

1914 5211 2211 5277 damnum,
2263 5210 2542 5265 solvamus
2575 5210 3064 5280 impedimentum,
3109 5217 3306 5273 anima:
3353 5221 3528 5278 saltus

1915 5304 2036 5357 ilios
2082 5303 2335 5358 tollamus
2380 5303 2890 5375 exscindamusque.
2933 5306 3182 5362 Christus
3227 5310 3281 5363 in
3338 5323 3526 5370 monte

1913 5395 2264 5451 concinnatus
2289 5403 2398 5460 est;
2429 5405 2482 5448 et
2515 5411 2676 5451 nemo
2706 5396 2982 5467 quidpiam
3023 5399 3195 5463 dixit,
3237 5400 3414 5458 dones.
3461 5408 3525 5458 li-

1913 5504 2038 5542 nem
2066 5487 2278 5542 dicendi
2303 5487 2452 5542 fecit.
2483 5487 2624 5541 Nihil
2656 5488 2842 5544 damni
2885 5487 3026 5545 facio
3061 5492 3158 5556 iis,
3200 5494 3291 5562 qui
3340 5496 3524 5564 plaudi

1913 5581 2264 5647 desiderant;
2311 5581 2419 5636 imo
2466 5580 2517 5634 id
2561 5580 2782 5647 efficio,
2835 5591 2895 5636 ut
2940 5584 3114 5652 magis
3161 5584 3521 5643 admirentur.

1912 5675 2076 5729 Multo
2107 5673 2299 5728 melius
2325 5683 2408 5728 est
2438 5689 2560 5728 cum
2593 5674 2813 5729 silentio
2857 5673 3205 5744 audientem,
3246 5678 3299 5732 in
3342 5691 3526 5737 mente

1911 5778 1965 5822 et
1993 5767 2253 5822 memoria
2281 5767 2430 5823 omni
2463 5777 2711 5836 tempore
2743 5766 3032 5836 plaudere,
3063 5768 3249 5836 domi,
3288 5770 3341 5824 in
3366 5770 3522 5838 foro;

1917 5877 2077 5931 quam
2103 5863 2322 5917 amissis
2347 5860 2598 5918 omnibus
2626 5861 2848 5916 domum
2875 5860 3052 5917 redire
3091 5877 3354 5934 vacuum,
3403 5864 3519 5920 nul-
