4034 6450
573 397 677 453 327

576 513 679 565 lam
709 509 985 564 habentem
1019 504 1294 575 plausuum
1320 519 1557 559 causam.
1585 502 1866 570 Quomodo
1888 503 2028 557 enim
2048 516 2152 554 non

573 601 829 656 ridiculus
849 600 950 653 erit
979 598 1229 651 auditor?
1260 597 1526 667 quomodo
1557 611 1663 648 non
1691 594 1936 649 adulator
1962 604 2014 648 et
2045 594 2155 647 irri-

573 708 664 747 sor
690 691 959 758 putabitur
978 731 992 753 ,
1022 692 1109 760 qui
1138 698 1282 744 recte
1308 690 1581 758 loquutum
1609 702 1730 741 esse
1758 686 2028 741 doctorem
2061 687 2152 740 de-

571 786 766 847 clarat,
800 799 898 835 nec
924 783 1052 851 quid
1082 782 1275 835 dixerit
1303 778 1543 850 proferre
1571 779 1784 847 potest?
1820 778 1932 831 Hoc
1964 776 2149 830 adula-

572 878 729 929 tionis
749 888 849 930 est.
875 876 1005 929 Nam
1033 876 1101 935 ei,
1134 874 1222 943 qui
1252 873 1575 927 citharoedos
1600 882 1653 926 et
1683 870 1951 937 tragoedos
1981 869 2147 935 audit,

570 970 620 1022 id
648 970 769 1038 jure
800 969 991 1022 accidit
1013 1011 1027 1030 ,
1061 978 1240 1035 utpote
1271 967 1359 1035 qui
1390 968 1597 1018 nesciat
1626 964 1816 1019 similia
1859 964 2101 1033 proferre
2133 980 2146 1015 :

569 1064 655 1116 tibi
686 1071 861 1115 autem
891 1076 987 1113 nec
1012 1070 1200 1113 cantus
1230 1074 1328 1112 nec
1356 1056 1648 1110 modulatio
1675 1055 1857 1120 adest,
1888 1053 1984 1107 sed
2027 1068 2151 1107 sen~

569 1156 747 1208 tentia:
776 1154 947 1206 solum
980 1160 1033 1203 et
1060 1149 1411 1219 phi|050phize
1446 1147 1618 1201 virtus
1642 1188 1656 1208 .
1697 1161 1816 1215 quae
1854 1146 2021 1199 cuivis
2064 1145 2148 1197 di-

565 1262 688 1299 cere
716 1254 769 1297 et
817 1244 1100 1297 enuntiare
1145 1242 1297 1295 facile
1340 1248 1464 1304 est;
1504 1239 1770 1308 quomodo
1812 1252 1915 1289 non
1960 1235 2148 1305 dignus

563 1336 933 1405 objurgatione
962 1344 1044 1387 est
1070 1373 1085 1397 ,
1112 1334 1201 1401 qui
1231 1347 1297 1384 ne
1322 1345 1537 1384 causam
1582 1327 1797 1397 quidem
1838 1326 2017 1380 dicere
2049 1342 2145 1391 po-

565 1438 705 1491 test,
736 1441 833 1479 cur
856 1428 1263 1479 concionantem
1309 1419 1652 1476 laudaverit?
1697 1418 1837 1471 Nihil
1883 1418 1950 1470 ita
1994 1416 2147 1470 decet

562 1518 874 1578 ecclesiam,
920 1526 976 1568 ut
1026 1515 1293 1569 silentium
1343 1523 1397 1565 ct
1445 1511 1725 1565 modestia.
1757 1510 2043 1563 Tumultus
2072 1508 2137 1561 ad

564 1609 764 1662 theatra
796 1607 1058 1675 pertinet,
1090 1608 1153 1659 ad
1182 1606 1371 1659 balnea
1391 1646 1404 1666 ,
1430 1602 1497 1656 ad
1526 1617 1749 1671 pompas
1771 1644 1784 1663 ,
1829 1602 1893 1655 ad
1928 1600 2098 1654 forum
2126 1616 2141 1653 :

562 1699 649 1751 ubi
674 1714 801 1751 vero
830 1698 1008 1749 talitun
1038 1696 1345 1765 dogtnatnm
1373 1693 1611 1747 doctrina
1641 1702 1757 1755 est,
1783 1692 1852 1745 ibi
1886 1690 2142 1760 tranquil-

562 1790 715 1854 litas,
770 1790 958 1855 quies,
1006 1786 1381 1856 philosophia,
1430 1793 1485 1839 et
1526 1793 1711 1853 portus
1757 1797 1978 1852 magnus
2024 1797 2143 1835 esse

557 1882 734 1935 debet.
766 1880 920 1939 Harc.
956 1896 1053 1933 oro
1077 1888 1131 1930 et
1159 1878 1415 1941 obsecro,
1466 1891 1654 1930 omnes
1696 1876 1896 1929 sciatis.
1942 1871 2142 1927 Omnes

555 1974 753 2027 circum
788 1972 975 2024 modos
1003 1970 1246 2038 exploro,
1275 1968 1429 2038 queis
1457 1976 1643 2033 potero
1670 1966 1863 2019 vestris
1892 1964 2141 2033 prodesse

558 2065 858 2117 animabus.
900 2062 1012 2115 Non
1044 2064 1264 2130 exiguus
1296 2061 1383 2115 ille
1410 2059 1537 2113 mihi
1568 2058 1758 2111 modus
1785 2057 2023 2120 videtur,
2049 2055 2137 2123 qui

557 2172 662 2209 non
694 2155 844 2208 vobis
877 2164 1077 2207 tantum
1100 2194 1115 2219 ,
1147 2154 1238 2207 sed
1264 2151 1424 2206 etiam
1458 2149 1586 2203 mihi
1618 2148 1871 2217 proderit.
1914 2146 2029 2201 Non
2063 2148 2138 2199 si-

558 2259 647 2303 net
673 2264 768 2301 nos
797 2247 1063 2315 prosterni
1089 2289 1103 2310 ,
1137 2261 1311 2313 neque
1339 2243 1525 2297 laudes
1554 2252 1609 2295 et
1647 2240 1873 2310 gloriam
1918 2253 2097 2291 amare
2120 2279 2133 2302 ,

558 2356 729 2409 neque
758 2338 1079 2392 oblectantia
1112 2337 1288 2404 loqui,
1324 2334 1416 2389 sed
1446 2334 1595 2387 utilia
1630 2348 1642 2384 :
1679 2346 1851 2400 neque
1897 2331 1950 2384 in
1988 2345 2136 2384 com-

556 2434 818 2501 p0sitione
842 2442 895 2483 et
918 2429 1174 2497 elegantia
1207 2427 1501 2489 dictorum,
1546 2423 1639 2476 sed
1691 2423 1742 2475 in
1790 2424 1835 2473 vi
1884 2436 2131 2474 sensuum

552 2526 695 2578 omni
731 2524 985 2590 temporis
1015 2527 1284 2572 momento
1311 2519 1528 2570 versari.
1559 2514 1844 2584 Ingredere
1872 2514 1925 2565 in
1960 2516 2131 2580 picto-

1244 392 1299 447 S.
1339 391 1615 447 JOANNIS
1651 389 2125 444 CURYSOSTOMI
2166 388 2481 443 AllCIlIEP.
2522 390 3057 447 CONSTANTINOP.

3750 395 3861 454 228

2265 503 2338 555 ris
2368 502 2638 557 officinam
2665 544 2681 569 ,
2711 514 2766 558 et
2798 506 2905 559 illic
2937 508 3160 561 multum
3198 508 3508 563 observabis
3554 511 3860 567 silentium.

2260 595 2327 648 Et
2357 595 2440 647 hic
2470 596 2629 649 etiam
2657 607 2775 651 esto
2807 614 2819 649 :
2854 614 2975 652 nam
3009 599 3096 654 hic
3120 614 3332 669 quoque
3372 602 3549 670 regias
3581 604 3862 673 pingimus

2260 687 2517 756 imagines
2540 730 2556 754 ,
2587 698 2641 741 et
2672 690 2870 743 nullam
2902 692 3089 755 privati
3126 692 3357 746 hominis
3381 736 3395 754 ,
3427 694 3497 747 ob
3521 694 3726 747 coloris
3748 696 3856 747 vir-

2259 785 2442 831 tutem.
2476 778 2610 845 Quid
2642 779 2743 835 hoc
2768 782 2889 835 est?
2919 797 3131 837 rursum
3179 784 3459 853 plauditis?
3511 782 3631 838 Non
3686 782 3861 840 facitis

2256 886 2342 927 res
2371 871 2578 926 videtur
2600 915 2616 940 ,
2651 874 2859 944 hocque
2885 891 2992 929 non
3021 891 3086 930 ex
3116 886 3301 931 natura
3328 919 3343 943 ,
3378 878 3473 933 sed
3509 893 3577 932 ex
3617 892 3857 932 consue-

2257 962 2439 1016 tudine
2461 1005 2475 1028 ,
2507 963 2741 1017 nondum
2772 965 3063 1020 emendare
3092 967 3365 1023 didicisse.
3392 968 3560 1023 Stilus
3585 984 3719 1039 ergo
3758 986 3856 1024 no-

2256 1050 2339 1105 bis
2366 1061 2449 1106 est
2470 1054 2643 1123 lingua
2662 1096 2679 1121 ,
2705 1055 2901 1111 artifex
2932 1057 3163 1127 Spiritus
3192 1071 3426 1114 sanctus.
3459 1061 3554 1116 Dic
3583 1061 3720 1116 mihi
3755 1080 3770 1116 :
3800 1064 3853 1116 in

2256 1146 2525 1215 mysteriis
2553 1163 2620 1200 an
2664 1150 2923 1205 tumultus
2947 1192 2961 1215 ,
2990 1166 3056 1204 an
3085 1152 3318 1207 turbatio
3342 1154 3457 1206 est?
3496 1154 3632 1207 Cum
3681 1154 3856 1226 bapti-

2254 1249 2441 1289 zamur
2460 1278 2475 1300 ,
2516 1254 2637 1291 eum
2665 1238 2765 1292 alia
2795 1241 2972 1293 omnia
3006 1241 3232 1296 facimus
3252 1284 3265 1303 .
3298 1258 3479 1297 annon
3514 1245 3674 1313 quies
3700 1256 3758 1301 et
3783 1249 3857 1301 si-

2251 1325 2474 1380 lentium
2502 1330 2679 1381 omnia
2706 1329 2951 1385 detinent
2974 1333 2986 1363 '
3012 1333 3035 1385 ?
3063 1333 3189 1388 Rrec
3217 1334 3269 1388 in
3326 1336 3459 1391 caelo
3504 1337 3857 1406 pulchritudo

2250 1415 2491 1487 dispersa
2514 1431 2618 1474 est.
2647 1420 2775 1475 Ideo
2795 1422 2935 1490 apud
2964 1424 3195 1493 gentiles
3222 1426 3363 1480 male
3387 1426 3637 1481 audimus
3657 1468 3673 1493 ,
3700 1431 3852 1498 quasi

2249 1506 2318 1561 ad
2344 1512 2757 1566 ostentationem
2786 1524 2841 1567 et
2866 1514 3123 1568 ambitum
3153 1518 3333 1570 omnia
3364 1516 3644 1573 faciamus.
3669 1519 3780 1574 Sed
3805 1521 3852 1574 si

2250 1600 2352 1655 hoc
2369 1603 2702 1669 cohibeatur,
2730 1608 2889 1659 etiam
2915 1608 3207 1676 primarum
3231 1611 3438 1664 sodium
3459 1626 3613 1665 amor
3641 1614 3853 1666 exsdn-

2248 1704 2457 1762 guetur.
2490 1696 2734 1763 Sufficit,
2773 1701 2819 1753 si
2868 1701 2988 1768 quis
3024 1700 3207 1755 laudes
3248 1713 3424 1767 amat,
3458 1704 3502 1757 si
3545 1714 3670 1772 post
3710 1720 3850 1758 can-

2248 1788 2456 1842 cionem
2481 1789 2599 1842 illas
2622 1803 2970 1861 assequatur,
3005 1809 3127 1848 cum
3168 1795 3375 1849 fruetus
3414 1798 3647 1867 colliget.
3695 1798 3853 1869 Rogo

2248 1876 2389 1932 hanc
2423 1879 2697 1935 firmemus
2729 1883 2937 1952 legem;
2967 1895 3025 1938 ut
3045 1901 3167 1940 cum
3194 1890 3371 1940 omnia
3403 1889 3703 1944 secundum
3755 1892 3851 1946 Dci

2246 1969 2500 2039 placitum
2526 1971 2813 2028 fecerimus
2835 2018 2849 2039 ,
2884 1976 2999 2046 ejus
3027 1978 3309 2032 clementia
3337 1980 3638 2049 dignemur.
3675 1985 3854 2051 gratia

2245 2072 2300 2116 et
2326 2066 2759 2121 miseratiOnibus
2787 2066 3054 2138 Unigeniti
3084 2071 3237 2137 ejus,
3269 2071 3481 2126 Domini
3514 2075 3689 2128 nostri
3712 2075 3847 2131 Iesu

2245 2153 2478 2223 Christi,
2506 2160 2721 2227 quicum
2750 2160 2891 2214 Patri
2920 2172 2975 2216 et
3000 2163 3223 2231 Spiritui
3258 2176 3445 2218 sancto
3484 2166 3656 2235 gloria
3678 2208 3693 2229 ,
3744 2167 3848 2221 im-

2247 2251 2450 2316 perium
2476 2292 2490 2315 ,
2526 2252 2726 2318 honor,
2757 2270 2897 2309 nunc
2923 2266 2978 2310 et
3002 2271 3216 2326 semper
3236 2299 3251 2325 ,
3283 2268 3339 2313 et
3360 2259 3413 2313 in
3444 2260 3643 2315 sxcula
3670 2277 3848 2318 sacu-

2248 2342 2439 2395 lorum.
2471 2347 2662 2398 Amen.

2359 2524 2457 2572 Alii
2482 2525 2684 2584 habent,
2702 2539 2854 2577 natiue
2869 2527 3026 2591 quiete
3046 2535 3092 2579 et
3113 2527 3302 2579 silentio
3323 2529 3483 2580 onmia
3504 2529 3859 2586 honestarum?

1836 2693 2184 2755 HOMILIA
2226 2694 2470 2755 xxxr.

545 2854 670 2909 CAP.
697 2854 783 2907 H.
810 2867 863 2904 v.
899 2851 984 2904 15.
1018 2847 1114 2900 His
1143 2846 1328 2898 auditis
1358 2843 1573 2911 apostoli
1600 2839 1861 2894 Barnabas
1896 2849 1943 2892 et
1992 2837 2130 2890 Pau

615 2942 990 3008 lus,conscissis
1020 2940 1232 2993 vestibus
1259 2938 1362 2989 suis
1388 2934 1684 2989 exsilierunt
1711 2934 1763 2983 in
1786 2934 2004 2994 turbam,
2022 2929 2129 2981 cla-

614 3046 806 3089 mantes
836 3035 923 3089 14.
951 3042 995 3085 et
1024 3032 1241 3084 dicentes
1270 3044 1287 3081 :
1324 3027 1468 3090 Viri,
1497 3026 1619 3095 quid
1648 3026 1751 3077 hac
1775 3023 1983 3092 facitis?
2015 3020 2126 3077 Nos

557 3186 565 3192 _
612 3131 797 3185 similes
822 3129 956 3180 vobis
989 3124 1247 3193 passibiles
1274 3136 1448 3174 sumus
1471 3118 1715 3178 homines,
1764 3114 2122 3168 annuntiantes

612 3221 747 3275 vobis
774 3220 835 3271 ab
859 3219 935 3269 Itis
963 3216 1102 3267 vanis
1131 3213 1347 3265 converti
1368 3210 1435 3262 ad
1458 3207 1625 3259 Deum
1666 3208 1828 3258 vivum
1848 3245 1864 3271 ,
1892 3204 1979 3273 qui
2009 3204 2126 3273 fecit

613 3315 790 3366 calum
811 3318 856 3363 et
884 3320 1071 3382 terram
1100 3318 1143 3357 et
1170 3319 1326 3367 mare,
1360 3311 1403 3354 et
1431 3300 1601 3353 omnia
1624 3312 1735 3367 quia
1759 3298 1811 3348 in
1840 3297 1910 3349 eis
1930 3304 2068 3348 sunt.

618 3407 667 3458 1.
687 3404 817 3457 Vide
832 3399 1104 3470 apostolos
1134 3395 1310 3450 omnia
1334 3408 1456 3446 cum
1480 3391 1817 3445 vehementia
1842 3387 2117 3442 facientes.

546 3499 825 3554 Sciderunt
848 3504 1043 3556 vestes,
1073 3492 1406 3553 exsilierunt,
1438 3487 1770 3545 clatnarunt;
1801 3497 1918 3552 qua:
1941 3480 2119 3534 omnia

537 3610 604 3649 ex
633 3591 911 3646 a'eetione
955 3586 1117 3640 animi
1160 3582 1448 3646 faciebant,
1492 3586 1837 3639 aversantes,
1866 3584 1919 3627 et
1949 3573 2121 3626 luctus

538 3685 685 3754 signa
730 3681 939 3736 dantes.
986 3678 1184 3731 Luctus
1230 3675 1425 3744 quippe
1466 3685 1591 3725 vere
1632 3676 1769 3732 erat,
1802 3668 1970 3719 luctus
2013 3678 2117 3717 non

537 3773 901 3835 consolabilis,
927 3770 971 3824 si
1002 3767 1214 3838 quidem
1239 3764 1530 3818 voluissent
1557 3777 1652 3831 pro
1682 3759 1782 3813 diis
1820 3756 2032 3820 haberi,
2065 3764 2119 3808 et

538 3864 887 3921 idololatriam
931 3859 1376 3926 iuducere,quam
1415 3853 1643 3906 solutum
1669 3856 1943 3903 venerant.
1983 3844 2115 3898 lllud

538 3972 697 4027 porro
723 3965 839 4009 erat
866 3952 1059 4007 diaboli
1090 3949 1591 4003 machinamentum.
1641 3945 1708 3995 At
1733 3940 1805 3992 illi
1836 3956 1938 3991 non
1966 3937 2117 4007 quie-

534 4060 708 4115 scunt,
737 4047 830 4102 sed
861 4043 1026 4115 quid?
1072 4040 1185 4095 Nos
1214 4039 1403 4093 similes
1454 4034 1590 4089 vobis
1634 4030 1894 4101 passibiles
1942 4046 2115 4083 sumus

535 4144 759 4197 homines
779 4181 793 4205 ,
825 4138 1083 4205 inquiunt.
1120 4133 1310 4187 Statim
1331 4130 1399 4183 ab
1432 4128 1582 4181 initio
1605 4124 1802 4178 malum
1834 4123 2113 4177 subverte-

535 4244 659 4291 runt
688 4252 701 4286 :
737 4247 840 4286 non
867 4230 1117 4283 dixerunt
1142 4224 1475 4293 simpliciter,
1510 4217 1792 4281 Homines;
1818 4215 1933 4281 sed,
1969 4215 2113 4267 Sicut

534 4346 639 4383 vos.
676 4323 895 4386 Deinde,
920 4337 986 4376 ne
1017 4319 1324 4373 viderentur
1363 4316 1491 4368 deos
1524 4311 1787 4377 venerari,
1818 4308 1941 4363 audi
1985 4305 2110 4376 quid

532 4420 786 4490 adjiciant
813 4432 828 4469 :
859 4411 1226 4467 Annuntiantes
1265 4407 1401 4461 vobis
1429 4406 1490 4458 ab
1516 4404 1593 4458 Itis
1616 4403 1757 4457 vanis
1801 4399 2020 4454 converti
2044 4397 2114 4452 ad

534 4518 695 4569 Deum
723 4512 910 4572 vivum,
937 4507 1023 4574 qui
1045 4506 1161 4575 fecit
1186 4502 1366 4557 cazlum
1389 4510 1435 4554 et
1464 4510 1647 4553 terram
1676 4507 1723 4551 et
1749 4512 1905 4557 mare,
1930 4504 1976 4547 et
2004 4510 2111 4547 om-

534 4611 621 4663 nia
646 4621 757 4677 qua:
779 4606 833 4658 in
857 4604 926 4656 eis
956 4611 1071 4655 sunt
1095 4597 1268 4668 (Psal.
1301 4596 1425 4649 145.
1449 4595 1526 4663 6).
1555 4592 1788 4647 Observa
1814 4590 1935 4643 illos
1957 4602 2112 4640 num-

532 4719 690 4772 quam
738 4713 1035 4753 memorare
1081 4694 1405 4763 prophetas,
1448 4702 1621 4757 neque
1664 4685 1864 4748 dicere,
1915 4696 2016 4751 qua
2044 4679 2111 4734 de

530 4812 691 4853 causa
734 4808 855 4848 cum
877 4794 941 4844 sit
968 4791 1203 4843 ninnium
1248 4786 1494 4849 Creator,
1523 4792 1709 4852 gentes
1756 4780 1973 4849 reliquit
1999 4777 2109 4831 suis

532 4890 630 4944 frui
660 4885 903 4957 legibus?
934 4886 1018 4939 15.
1044 4882 1141 4948 Qui
1167 4882 1219 4933 in
1235 4879 1497 4949 printer-itis
1525 4872 1925 4947 generationibus
1953 4871 2107 4924 dimi-

529 4984 591 5034 sit
622 4995 792 5033 omnes
832 4986 998 5048 gentes
1020 4975 1091 5026 ire
1120 4972 1226 5025 vias
1264 4988 1405 5023 suas.
1431 4968 1581 5036 Quod
1626 4967 1910 5027 dimiserit,
1941 4964 2103 5027 dicit;

529 5090 622 5127 cur
660 5083 839 5125 autem
879 5066 1157 5129 dimiserit,
1190 5078 1296 5118 non
1336 5061 1515 5123 addit;
1561 5060 1771 5114 interim
1798 5058 1851 5111 in
1874 5072 1939 5111 eo
1964 5056 2105 5125 quod

534 5166 749 5235 urgebat
796 5159 1058 5221 subsistit,
1094 5157 1293 5212 Christi
1340 5169 1534 5208 nomen
1576 5165 1834 5219 nusquam
1879 5161 2103 5217 ponens.

534 5260 616 5313 l6.
641 5257 705 5310 Et
731 5257 930 5325 quidem
962 5269 1062 5305 non
1088 5253 1193 5304 sine
1221 5251 1503 5303 testimonio
1530 5250 1851 5315 semetipsum
1878 5243 2103 5312 reliquit,

529 5349 839 5417 benefaciens
868 5348 929 5399 de
950 5346 1102 5407 caelo,
1137 5342 1275 5395 nobis
1306 5342 1433 5395 dans
1455 5340 1646 5409 pluvias
1671 5349 1716 5390 et
1744 5346 1969 5402 tempora
1989 5338 2105 5405 fru-

528 5442 729 5510 ctifera,
751 5440 964 5507 implens
989 5436 1097 5490 cibo
1127 5446 1170 5488 et
1197 5436 1371 5489 latitia
1392 5432 1547 5485 corda
1585 5440 1777 5483 nostra.
1806 5428 1957 5492 Vide,
1998 5441 2102 5479 non

531 5532 641 5585 vult
678 5532 1071 5584 accusationem
1122 5541 1305 5581 eorum
1351 5538 1563 5594 augere,
1605 5522 1695 5576 sed
1735 5520 1909 5590 potius
1948 5519 2106 5573 docet

528 5626 671 5689 illos,
697 5633 753 5677 ut
783 5622 958 5675 omnia
998 5620 1065 5674 ad
1110 5619 1275 5673 Deum
1313 5616 1569 5672 referant.
1613 5613 1919 5669 Didicerant
1958 5610 2102 5665 enim

529 5734 633 5773 non
660 5718 731 5771 ita
759 5715 1074 5770 studendum
1104 5728 1222 5767 esse
1246 5711 1439 5782 aliquid
1462 5711 1567 5765 Deo
1583 5696 1806 5777 dignum
1825 5707 2024 5769 dicere,
2044 5714 2106 5758 ut.

528 5808 855 5864 auditoribus
883 5808 1011 5862 utile
1038 5806 1160 5876 quid
1190 5804 1448 5874 proferre.
1479 5802 1613 5856 Vide
1638 5798 1906 5871 quomodo
1928 5798 2101 5851 laten-

533 5912 613 5958 ter
652 5900 1040 5956 accusationem
1088 5901 1306 5971 ingerat.
1357 5897 1588 5965 Etenim,
1617 5896 1661 5951 si
1709 5895 1810 5950 hoc
1854 5891 2098 5959 faciebat,

2240 2839 2523 2907 oportebat
2567 2838 2727 2907 plecti
2764 2854 2879 2903 eos,
2926 2841 3015 2910 qui
3044 2849 3121 2895 tot
3162 2840 3319 2897 bonis
3359 2841 3622 2909 fruentes,
3656 2844 3841 2911 ipsum

2234 2945 2340 2982 non
2384 2940 2438 2981 ut
2482 2930 2801 2985 nutritorem
2843 2932 3249 3001 agnoscebant:
3286 2950 3469 2989 verum
3521 2952 3629 2991 non
3658 2937 3837 3006 palam

2235 3020 2385 3085 dicit,
2433 3022 2527 3077 sed
2550 3022 2873 3087 subindicat,
2911 3023 2990 3077 De
3022 3028 3146 3078 ctelo
3186 3028 3349 3093 nobis,
3382 3029 3654 3097 inquiens,
3702 3032 3843 3084 dans

2235 3113 2455 3182 pluvias.
2486 3114 2575 3169 Sic
2600 3126 2653 3168 et
2677 3116 2840 3169 David
2862 3116 3074 3172 dicebat
3105 3137 3116 3171 :
3152 3120 3196 3172 A
3222 3123 3393 3189 fructu
3435 3123 3702 3190 frumenti,
3732 3125 3839 3177 riui

2230 3217 2277 3259 et
2308 3207 2406 3259 olei
2453 3209 2535 3260 sui
2577 3209 2903 3277 multiplicati
2943 3220 3059 3262 sunt
3088 3209 3259 3281 (Psal.
3289 3213 3342 3266 .
3374 3214 3455 3283 8);
3493 3222 3549 3266 et
3592 3229 3742 3283 saepe
3766 3215 3843 3271 de

2229 3300 2499 3353 creatione
2546 3299 2836 3365 disserens,
2887 3302 3068 3355 hocin
3111 3303 3343 3357 medium
3387 3305 3627 3360 adducit.
3671 3306 3834 3362 lere-

2229 3390 2364 3443 mias
2393 3401 2569 3445 autem
2604 3392 2775 3460 primo
2804 3394 3131 3448 creationem
3151 3436 3165 3459 ,
3197 3394 3389 3449 deinde
3427 3396 3831 3464 providentiam

2228 3481 2521 3549 pluiiarum
2547 3482 2677 3536 dicit
2707 3482 2840 3552 (Jer.
2872 3485 2928 3538 5.
2950 3485 3065 3556 24).
3101 3487 3282 3555 Itaque
3313 3487 3433 3539 inde
3460 3487 3683 3541 edoctus
3712 3490 3827 3542 ait:

2227 3574 2456 3643 lmplens
2481 3576 2589 3629 cibo
2619 3586 2664 3629 et
2695 3578 2890 3631 latitia.
2938 3577 3071 3632 Cum
3116 3578 3439 3634 liberalitate
3478 3578 3827 3647 alimentum,

2226 3683 2324 3721 nec
2348 3669 2506 3722 modo
2531 3669 2598 3723 ad
2623 3669 2977 3739 frugalitatem
3005 3680 3059 3725 et
3080 3686 3259 3725 usum.
3294 3671 3378 3725 17.
3414 3670 3478 3724 Et
3503 3672 3611 3725 lucc
3641 3673 3826 3728 dicen-

2224 3767 2314 3822 tes,
2346 3762 2429 3813 vix
2474 3761 2774 3814 sedaverunt
2824 3763 3016 3828 turbas,
3062 3780 3123 3816 ne
3163 3764 3258 3816 sibi
3302 3764 3647 3817 immolarent.
3672 3765 3743 3819 Et
3770 3768 3822 3821 in

2225 3850 2326 3905 hoc
2368 3852 2597 3906 maxime
2643 3853 2980 3907 admirationi
3024 3852 3263 3909 fuerunt.
3314 3854 3501 3909 Viden
3546 3872 3645 3912 eos
3688 3859 3825 3913 satis

2223 3942 2492 4008 habuisse,
2517 3943 2658 4013 quod
2699 3946 2959 3999 insaniam
3005 3944 3153 3999 illam
3202 3947 3563 4001 avertissent?
3594 3949 3679 4005 18.
3714 3949 3824 4005 Su-

2220 4047 2549 4108 pervenerunt
2591 4049 2756 4092 autem
2798 4040 2861 4092 ab
2900 4039 3170 4093 Antiochia
3208 4050 3254 4093 et
3300 4040 3479 4095 Iconio
3523 4042 3700 4097 Judaei
3728 4058 3821 4101 :et

2220 4131 2473 4197 persuasis
2507 4133 2701 4196 turbis,_
2734 4133 3115 4201 lapidantesque
3154 4132 3402 4200 Paulum,
3433 4145 3702 4190 traxerunt
3726 4155 3820 4194 ea:-

2218 4230 2298 4273 tra
2339 4223 2618 4287 civitatem,
2658 4225 2997 4276 existimantes
3038 4240 3153 4276 eum
3202 4238 3454 4278 mortuum
3490 4244 3619 4280 esse.
3671 4228 3824 4286 Vere

2217 4310 2414 4364 diaboli
2469 4313 2559 4365 filii
2605 4327 2620 4367 :
2669 4329 2774 4366 non
2830 4315 2882 4366 in
2931 4313 3239 4369 civitatibus
3305 4316 3466 4371 modo
3509 4319 3626 4373 suis
3656 4360 3672 4384 ,
3714 4322 3821 4378 sed

2217 4413 2367 4457 extra
2408 4403 2522 4455 illas
2568 4403 2669 4458 hoc
2714 4403 2995 4471 faciebant,
3038 4415 3092 4459 et
3133 4415 3279 4462 tanto
3324 4407 3501 4462 studio
3547 4412 3817 4469 curabant

2217 4494 2645 4564 praadicationem
2671 4498 2736 4551 de
2752 4498 2928 4551 medio
2954 4498 3161 4564 tollere,
3176 4508 3375 4569 quanto
3402 4502 3634 4569 apostoli
3663 4504 3816 4561 illam

2216 4588 2429 4644 firmare
2459 4590 2806 4643 cooabantur.
2838 4588 2902 4643 Et
2930 4593 3205 4660 persuasis,
3236 4593 3427 4662 inquit,
3455 4594 3640 4661 turbis,
3667 4596 3811 4666 lapi-

2214 4684 2387 4733 datum
2411 4681 2632 4734 Paulum
2678 4691 2938 4735 traxerunt
2968 4692 3109 4736 aura
3134 4684 3404 4736 civitatem.
3434 4684 3532 4739 Hic
3553 4686 3815 4755 impletus

2214 4774 2337 4827 illud
2373 4791 2384 4825 :
2415 4774 2611 4842 Sufficit
2637 4774 2724 4827 tibi
2750 4776 2917 4843 gratia
2937 4789 3083 4836 mea;
3110 4790 3228 4827 nam
3254 4776 3411 4829 virtus
3437 4792 3550 4829 mea
3575 4778 3631 4830 in
3656 4779 3812 4848 inr-

2212 4869 2383 4920 milate
2407 4868 2756 4936 percitur(2.
2778 4866 2895 4921 Cor.
2927 4866 3013 4921 12.
3038 4866 3303 4954 ).
3330 4869 3430 4925 hoc
3456 4881 3604 4936 erat,
3639 4888 3807 4943 quam

2212 4962 2458 5015 claudum
2482 4962 2706 5032 erigere.
2740 4960 2979 5015 Gentiles
2998 4961 3211 5032 quidem
3238 4972 3294 5016 ut
3320 4963 3453 5017 deos
3493 4956 3807 5031 habebant;

2213 5053 2263 5107 hi
2293 5071 2417 5108 vero
2441 5055 2817 5123 persuadentes
2848 5052 3047 5119 turbis,
3074 5062 3359 5109 traxerunt
3384 5055 3568 5119 illum;
3623 5074 3807 5128 neque

2212 5148 2351 5201 enim
2398 5146 2693 5201 verisimile
2764 5157 2846 5199 est
2888 5160 3076 5201 omnes
3102 5146 3154 5201 in
3202 5162 3389 5202 eorum
3438 5146 3805 5206 admiratione

2213 5240 2392 5294 fuisse.
2442 5239 2509 5292 Et
2536 5239 2675 5304 vide,
2712 5239 2764 5291 in
2793 5238 2977 5293 eadem
2999 5240 3109 5308 ipsa
3138 5240 3373 5301 civitate,
3404 5240 3456 5293 in
3487 5254 3591 5309 qua
3637 5241 3717 5295 sic
3746 5243 3803 5296 in

2212 5334 2559 5386 admiratione
2585 5333 2817 5398 luerunt,
2845 5333 3021 5402 gravia
3052 5334 3343 5403 patiuntur.
3369 5333 3435 5387 Et
3462 5333 3560 5387 hoc
3581 5350 3802 5406 quoque

2212 5426 2510 5480 videntibus
2558 5425 2821 5494 proderat.
2871 5426 3021 5493 Quod
3065 5434 3243 5480 autem
3284 5425 3382 5479 hac
3409 5425 3476 5479 de
3498 5442 3661 5481 causa
3690 5430 3805 5497 pati

2213 5520 2644 5588 permitteretur,
2677 5517 2799 5571 audi
2842 5518 2987 5571 illum
3016 5516 3119 5570 hoc
3166 5518 3335 5587 ipsum
3378 5516 3749 5573 declarantem
3784 5538 3797 5573 :

2214 5609 2296 5664 Ne
2332 5612 2443 5680 quis
2484 5626 2562 5662 me
2600 5610 2843 5663 existimet
2863 5624 3017 5677 supra
3057 5609 3131 5675 id,
3161 5610 3296 5679 quod
3334 5611 3465 5663 videt
3492 5611 3544 5662 in
3565 5626 3667 5677 me,
3707 5621 3804 5666 aut

2208 5703 2402 5773 aliquid
2423 5703 2562 5757 audit
2586 5718 2647 5754 ea:
2671 5720 2748 5755 me
2770 5703 2841 5772 (2.
2869 5700 2986 5757 Cor.
3018 5702 3107 5756 .
3139 5704 3218 5770 6).

2284 5798 2437 5852 Pauli
2476 5799 2659 5866 fervor.
2687 5825 2757 5835 -
2788 5796 2874 5851 19.
2898 5796 3335 5851 Circumdantibus
3378 5807 3544 5849 autem
3570 5812 3687 5848 eum
3717 5795 3799 5847 di-

2211 5892 2435 5963 scipulis,
2467 5906 2675 5961 surgens
2698 5891 2899 5945 intravit
2927 5891 3196 5945 civitatem.
3214 5888 3404 5946 Vidcn
3428 5890 3796 5945 alacritatem!
