4034 6466
186 399 298 456 Ωὶῖ

191 511 254 567 ἀ)
265 510 334 563 λὰ
359 508 646 578 νοημάτων
673 504 763 559 καὶ
782 501 1103 572 φιλοσοφίας
1117 499 1363 570 δύναμις,
1386 501 1483 553 καὶ
1510 498 1676 553 παντὶ
1698 497 1880 569 ῥᾴδιον

195 604 372 658 είπεῖν
399 602 492 654 καὶ
522 595 876 665 ἀπαγγεῖλαι,
907 593 1026 655 πῶς
1046 593 1145 644 οὐκ
1173 591 1321 656 ἄξιος
1355 588 1504 661 [240]
1542 587 1881 658 κατηγορίας

193 693 226 746 ὁ
276 690 352 761 μὴ
402 686 652 757 δυνηθεὶς
684 685 862 736 εἰπεῖν
899 682 1001 750 τὴν
1046 678 1229 733 αίτίαν
1253 718 1269 740 ,
1322 677 1390 731 δι’
1423 679 1492 746 ἢν
1521 677 1752 746 ἐπῄνεσε
1790 674 1882 727 τὸν

191 777 455 847 λέγοντας
495 773 664 828 Οὐδὲν
696 770 841 824 οῦτω
872 768 1085 839 πρέπον
1116 765 1384 836 ἐκκλησία
1411 764 1487 827 ὡς
1511 763 1656 834 σιγὴ,
1686 763 1762 826 ὡς
1787 763 1882 814 εὐ-

194 865 377 930 ταξία.
402 862 665 931 Θεάτροις
692 857 997 928 ἐπιτήδειος
1020 857 1049 908 ὁ
1077 853 1304 924 θόρυϐος
1334 852 1431 906 καὶ
1461 850 1766 922 βαλανείοις
1785 849 1884 903 καὶ

198 953 449 1022 πομπαῖς
483 949 581 1001 καὶ
605 946 837 1017 ἀγοραῖς
859 960 874 974 ο
902 941 1031 995 ἔνθα
1063 941 1119 993 δὲ
1151 941 1281 1011 περί¹
1313 937 1568 992 τοιούτων
1595 937 1884 1007 δογμάτων

195 1041 231 1110 ἠ
271 1035 628 1097 διδασκαλία,
669 1031 878 1102 γαλήνη
917 1029 1011 1083 καὶ
1050 1027 1248 1098 ἡσυχία
1289 1027 1383 1079 καί
1432 1025 1753 1094 φιλοσοφία,
1789 1026 1884 1076 καὶ

196 1124 370 1188 πολὺς
391 1125 421 1177 ὁ
444 1123 612 1194 λιμὴν
641 1115 784 1174 εἷναι
808 1118 1035 1188 ὀφείλει.
1059 1117 1248 1169 Ταῦτα
1274 1115 1466 1185 δέομαι
1493 1116 1587 1178 καὶ
1616 1113 1884 1167 ἀντιϐολῶ

197 1211 413 1274 πάντας
435 1209 657 1264 εἰδέναι.
691 1206 947 1279 Περίειμι
991 1203 1101 1276 γὰρ
1134 1204 1228 1257 καὶ
1273 1203 1434 1264 αὐτὸς
1476 1202 1714 1272 τρόπους
1747 1218 1884 1254 παν-

195 1297 381 1362 τοίους
405 1294 702 1367 ἐπιζητῶν,
725 1296 793 1348 δι’
825 1288 901 1347 ὧν
930 1292 1210 1361 ὠφελῆσαι
1236 1291 1536 1361 δυνήσομαι
1558 1289 1659 1351 τὰς
1688 1287 1887 1358 ὑμετέ-

196 1403 306 1459 ρας
336 1385 537 1455 ψυχάς.
566 1384 644 1438 Οὐ
674 1381 868 1453 μικρὸς
900 1381 997 1435 καὶ
1025 1374 1181 1443 οὗτος
1212 1381 1240 1431 ὁ
1264 1379 1466 1448 τρόπος
1497 1373 1636 1429 εἷναί
1677 1393 1767 1446 μοι
1797 1377 1885 1429 δο-

195 1474 295 1527 κεῖ
315 1487 331 1502 ·
358 1472 459 1542 οὐχ
487 1471 633 1541 ὑμᾶς
665 1468 943 1539 ὠφελήσει
988 1467 1183 1537 μόνους
1206 1508 1218 1529 ,
1267 1465 1405 1519 ἀλλὰ
1437 1465 1531 1517 καὶ
1561 1465 1728 1534 ἡμᾶς.
1773 1464 1889 1517 Οὐκ

199 1560 407 1630 ἀφήσει
439 1555 962 1628 ἔκτραχηλίζεσθαι,
992 1554 1114 1608 οὐδὲ
1143 1555 1385 1606 ἐπαίνων
1409 1551 1498 1606 καί
1529 1552 1688 1620 δόξης
1717 1553 1850 1623 ἐρᾷν
1869 1592 1884 1616 ,

198 1646 328 1702 οὐδὲ
359 1644 428 1700 τὰ
456 1646 727 1717 τέρποντα
758 1644 958 1713 λέγειν,
985 1642 1122 1696 ἀλλὰ
1146 1641 1216 1695 τά
1240 1641 1580 1710 ὠφελοῦντα·
1610 1642 1730 1693 οὐδὲ
1760 1642 1888 1712 περὶ

201 1732 486 1804 συνθήκας
511 1732 604 1785 καὶ
626 1731 798 1800 κάλλη
827 1729 1048 1797 λέξεων,
1078 1728 1215 1782 ἀλλὰ
1245 1728 1376 1799 περὶ
1402 1728 1691 1798 νοημάτων
1725 1727 1887 1781 δύνα-

203 1836 305 1891 μιν
348 1820 531 1873 πᾶσαν
576 1818 910 1889 ἀπασχολεῖν
948 1817 1044 1870 τοῦ
1083 1816 1280 1887 καιροῦ
1309 1817 1408 1887 τὴν
1448 1816 1642 1887 ῥοπήν.
1669 1815 1892 1868 Εἵσελθε

202 1908 292 1970 είς
322 1907 685 1977 ζωγραφεῖον,
711 1905 808 1959 καὶ
832 1905 954 1974 ὄψει
977 1903 1180 1974 πολλὴν
1203 1906 1321 1958 ἐκεῖ
1348 1906 1447 1971 τὴν
1474 1904 1654 1973 σιγήν.
1682 1903 1894 1957 Οὐκοῦν

201 1994 306 2049 καὶ
360 1993 632 2047 ἐνταῦθα’
656 1994 753 2046 κα)⁹
799 1991 910 2063 γὰρ
952 1993 1047 2046 καὶ
1087 1991 1324 2045 ἐνταῦθα
1365 1991 1581 2052 είκόνας
1609 1990 1894 2061 γράφομεν

205 2079 500 2152 βασιλικάς
524 2120 540 2145 ,
569 2079 666 2134 καὶ
693 2079 950 2149 οὐδεμίαν
993 2079 1268 2149 ἰδιωτικὴν
1293 2118 1308 2142 ,
1337 2079 1426 2132 διὰ
1452 2078 1560 2131 τῶν
1585 2081 1895 2148 χρωμάτων

202 2168 312 2241 τῆς
341 2169 566 2239 ἀρετῆς.
601 2168 668 2221 Τί
698 2167 889 2234 τοῦτο;
924 2167 1086 2222 πάλιν
1120 2170 1399 2238 κροτεῖτε;
1427 2167 1541 2220 Οὐκ
1575 2164 1798 2219 εὔκολον
1835 2166 1898 2218 τὸ

1131 384 1199 440 ΙΝ
1243 382 1429 440 ACTA
1469 377 2020 438 APOSTOLORUM.
2051 375 2291 430 IIOMIL.
2337 373 2528 425 XXXI.

3567 367 3677 419 ἥδ

1991 492 2230 563 πρᾶγμα
2277 488 2459 552 δοκεῖ,
2517 485 2615 539 καὶ
2642 483 2802 537 τοῦτο
2831 483 2895 536 οὐ
2929 482 3112 551 φύσει,
3140 481 3280 536 ἀλλὰ
3312 482 3391 554 τῷ
3421 485 3684 558 συνηθείᾳ

1986 580 2155 650 πολλῇ
2222 578 2392 648 μήπω
2451 573 2760 645 κατορθοῦν
2820 572 2953 626 αὐτὸ
3007 571 3417 642 μεμαθηκέναι.
3470 574 3683 646 Γραφὶς

1983 669 2163 721 τοίνυν
2199 667 2353 720 ἐστὶν
2390 666 2526 734 ἡμῖν
2566 663 2808 731 γλῶττα,
2849 662 3103 730 τεχνίτης
3137 659 3193 712 δὲ
3240 661 3301 713 τὸ
3351 663 3577 733 Πνεῦμα
3623 662 3686 714 τὸ

1987 755 2165 822 ἅγιον.
2222 751 2360 805 Είπέ
2388 768 2478 822 μοι
2503 790 2518 814 ,
2547 751 2607 802 ὲν
2633 751 2746 810 τοῖς
2780 751 3107 819 μυστηρίοις
3130 787 3146 812 ,
3201 752 3275 819 μή
3305 765 3392 812 τις
3418 749 3682 820 θόρυϐοςς

1989 843 2064 914 μή
2119 858 2205 904 τις
2255 839 2511 911 ταραχή;
2547 838 2719 890 Ὅταν
2778 834 3195 906 βαπτιζῶμεθα,
3250 839 3380 892 ὅταν
3425 835 3498 890 τά
3549 836 3687 891 ἄλλα

1985 931 2165 984 πάντα
2218 927 2486 997 ποιῶμεν,
2540 926 2640 996 οὐχ
2688 925 2892 996 ἡσυχία
2945 925 3041 977 καὶ
3091 925 3221 995 σιγὴ
3267 927 3336 978 τὰ
3377 926 3557 980 πάντα
3587 942 3686 978 κα-

1985 1019 2133 1088 τέχει
2161 1029 2225 1078 ις
2259 1014 2434 1069 Τοῦτο
2482 1017 2541 1068 ὲν
2588 1013 2668 1084 τῷ
2700 1013 2922 1086 οὐρανῷ
2953 1014 3336 1087 κατέσπαρται
3371 1015 3431 1068 τὸ
3466 1013 3686 1076 κάλλος.

1988 1107 2089 1159 Διὰ
2134 1103 2299 1157 τοῦτο
2342 1101 2755 1173 διαὸεὸλήμεθα
2805 1103 2902 1156 καὶ
2955 1103 3087 1172 παρ’
3120 1104 3404 1173 Ἕλλησιν,
3440 1103 3517 1167 ὡς
3551 1103 3692 1172 πρὸς

1988 1190 2254 1255 ἐπίδειξιν
2288 1190 2469 1242 πάντα
2516 1189 2801 1252 ποιοῦντες
2836 1191 2931 1242 καὶ
2981 1191 3118 1260 πρὸς
3163 1190 3503 1260 φιλοτιμίαν.
3549 1189 3690 1243 Ἀλλ’

1988 1278 2086 1331 ἐὰν
2111 1279 2270 1332 τοῦτο
2300 1278 2518 1348 κωλυθῇ
2541 1318 2555 1342 ,
2583 1277 2680 1331 καὶ
2706 1276 3173 1350 τῶνοπροεδριῶν
3205 1282 3234 1332 ό
3264 1279 3406 1350 ἔρως
3455 1277 3695 1345 σσεσθη-

1991 1384 2168 1421 σεται.
2206 1366 2398 1439 Ἀρκεῖ
2418 1409 2434 1433 ,
2468 1367 2522 1420 εί
2544 1384 2628 1430 τις
2651 1366 2891 1420 ἐπαίνων
2915 1369 3019 1438 ἐρᾷ
3041 1411 3055 1434 ,
3096 1369 3158 1420 τὸ
3189 1368 3330 1437 μετὰ
3354 1367 3453 1438 τὴν
3488 1366 3696 1437 ἀκρόα-

1991 1472 2077 1507 σιν
2119 1456 2327 1508 τούτων
2374 1455 2671 1525 τυγχάνειν
2698 1493 2713 1515 ,
2772 1456 2904 1508 ὅταν
2946 1456 3074 1519 τοὺς
3126 1457 3374 1526 καρποὺς
3435 1454 3692 1524 συλλέγῃ.

1991 1542 2102 1595 Ναὶ
2150 1541 2454 1613 παρακαλῶ
2483 1583 2498 1607 ,
2571 1541 2918 1613 κυρώσωμεν
2960 1543 3148 1596 τοῦτον
3196 1544 3288 1595 τὸν
3333 1544 3498 1612 νόμον
3527 1584 3543 1608 ,
3603 1541 3693 1592 ἵνα

1993 1630 2175 1683 πάντα
2210 1631 2356 1683 κατὰ
2392 1629 2452 1682 τὸ
2486 1628 2564 1700 τῷ
2615 1629 2736 1699 Θεῷ
2766 1629 2959 1683 δοκοῦν
2993 1631 3329 1701 πράττοντες
3356 1671 3369 1692 ,
3421 1629 3520 1698 τῆς
3562 1629 3694 1698 παρ’

2000 1718 2167 1771 αὐτοῦ
2208 1717 2626 1788 φιλανθρωπίας
2658 1717 3017 1788 ἀξιωθῶμεν,
3052 1720 3236 1789 χάριτι
3267 1720 3362 1770 καὶ
3386 1719 3698 1787 οίκτιρμοῐς

2000 1808 2095 1860 τοῦ
2120 1807 2464 1874 Μονογενοῦς
2492 1806 2683 1867 αὐτοῦ,
2714 1807 2919 1878 Κυρίου
2949 1809 3006 1860 δὲ
3038 1809 3198 1879 ἡμῶν
3229 1805 3403 1877 Ἰησοῦ
3433 1804 3712 1876 Χριστοῦ(

2006 1896 2127 1965 μεθ’
2159 1888 2220 1947 οῦ
2245 1895 2325 1965 τῷ
2347 1896 2528 1965 Πατρὶ
2555 1895 2672 1964 ἅμα
2694 1894 2772 1963 τῷ
2807 1895 2948 1965 ἁγίῳ
2982 1896 3263 1966 Πνεύματι
3298 1895 3447 1959 δόξα,
3473 1893 3698 1964 κράτος,

1997 1984 2171 2055 τιμὴ,
2221 1983 2318 2037 νῦν
2358 1984 2452 2037 καί⁸
2482 1983 2573 2037 ἀεὶ
2601 2025 2617 2049 ,
2651 1986 2746 2036 καὶ
2779 1987 2857 2046 εἰς
2901 1985 3030 2048 τοὺς
3069 1985 3274 2048 αἰῶνας
3322 1984 3431 2036 τῶν
3461 1982 3697 2036 αἰώνων.

2012 2072 2210 2143 Ἀμήν.

2034 2303 2038 2308 ,
2066 2255 2092 2284 ⁸
2127 2253 2228 2305 Alii
2271 2261 2382 2318 σιγῇ
2417 2253 2491 2304 τά
2516 2255 2675 2304 πάντα
2706 2256 3028 2319 κεκόσμηται.

1671 2459 1825 2532 [241]
1863 2461 2109 2513 OMIAIA
2141 2457 2262 2515 ΔΑΖ

218 2556 619 2621 Ἆκούσαντες
642 2552 711 2607 δέ
739 2555 795 2607 οί
824 2552 1158 2607 ἀπόστολοι
1178 2551 1490 2621 Βαρνάϐας
1515 2552 1613 2605 καὶ
1639 2553 1899 2619 Παῦλος,

283 2643 723 2714 διαρρήξαντες
796 2640 872 2695 τὰ
935 2640 1137 2710 ἱμάτια
1196 2639 1439 2703 αὐτῶν,
1509 2641 1906 2708 ἐξεπήδησαν

283 2734 376 2798 εις
413 2730 521 2783 τὸν
559 2730 770 2797 ὄχλον,
799 2725 1110 2797 κράζοντες
1142 2728 1240 2780 καὶ
1294 2727 1601 2796 λέγοντες,
1635 2728 1903 2796 Ἀνδρες,

283 2819 347 2874 τί
420 2817 610 2871 ταῦτα
693 2817 957 2878 ποιεῖτε;
1057 2815 1230 2884 ἡμεῖς
1303 2815 1682 2884 ὁμοιοπαθεῖς
1763 2815 1908 2884 ὑμῖν

283 2907 479 2976 ἐσμεν
547 2903 847 2972 ἅνθρωποι
876 2943 892 2967 ,
965 2902 1477 2973 εὐαγγελιζόμενοι
1553 2902 1712 2972 ὑμᾶς
1787 2903 1907 2958 ἀπὸ

285 2991 519 3044 τούτων
568 2984 688 3042 τῶν
725 2987 994 3057 ματαίων
1033 2987 1421 3055 ἐπιστρέφειν
1463 2986 1562 3040 ἐπὶ
1609 2987 1717 3039 τὸν
1760 2985 1910 3038 Θεὸν

285 3076 401 3133 τὸν
434 3073 660 3141 ζῶντα,
729 3074 798 3141 ὃς
839 3075 1092 3143 ἐποίησε
1150 3073 1256 3128 τὸν
1310 3074 1576 3143 οὐρανὸν
1635 3074 1735 3126 καί
1793 3073 1911 3138 τὴν

292 3162 421 3236 γῆν
496 3163 600 3217 καὶ
673 3159 788 3231 τὴν
845 3161 1168 3218 θάλασσαν
1191 3201 1208 3226 ,
1270 3163 1370 3216 καὶ
1438 3160 1637 3214 πάντα
1698 3161 1772 3214 τὰ
1840 3160 1911 3212 ἐν

287 3250 519 3316 αὐτοῖς.

289 3337 363 3393 α’.
412 3337 555 3409 Ὅρα
607 3335 787 3390 πάντα
821 3334 959 3406 μετά
1003 3333 1366 3404 σφοδρότητος
1405 3333 1535 3391 τοὺς
1576 3331 1911 3395 ἀποστόλους

213 3425 537 3490 ποιοῦντας.
587 3423 890 3496 Διέῤῥηξαν
919 3421 988 3475 τὰ
1037 3421 1255 3492 ἱμάτια,
1283 3420 1585 3492 ἔπήδησαν,
1639 3419 1910 3491 ἔκραξαν,

217 3514 406 3571 πάντα
432 3513 541 3568 ἀπὸ
567 3510 862 3573 διαθέσεως
911 3508 1114 3579 ψυχῆς,
1151 3508 1624 3579 ἀποστρεφόμενοι
1652 3507 1722 3560 τὰ
1759 3508 1906 3576 γενόο

223 3616 389 3674 μονα,
439 3600 536 3654 καὶ
586 3598 817 3661 πένθους
848 3599 1055 3668 σημεῖα
1101 3595 1400 3659 ποιοῦντες.
1437 3594 1637 3658 Πένθος
1672 3594 1784 3667 γὰρ
1821 3591 1910 3666 ἦν,

216 3687 398 3752 ὅντως
434 3685 632 3749 πένθος
680 3683 1138 3757 ἀπαραμύθητον,
1168 3685 1223 3737 εί
1247 3701 1310 3753 γε
1341 3683 1568 3754 ἔμελλον
1611 3683 1725 3736 θεοὶ
1761 3684 1913 3754 νομί-

220 3776 440 3843 ζεσθαι,
483 3775 579 3828 καὶ
607 3772 1053 3844 εἰδωλολατρείαν
1106 3772 1370 3842 είσάγειν,
1410 3773 1478 3844 ἢν
1498 3767 1662 3842 ἦλθον
1692 3771 1918 3824 καταλύ-

223 3881 437 3929 σοντες.
506 3863 621 3918 Kal
677 3861 838 3916 τοῦτο
894 3860 990 3915 τοῦ
1042 3861 1291 3914 διαϐόλου
1341 3856 1410 3931 ἦν
1462 3859 1917 3930 κατασκεύασμα.

223 3954 296 4009 Ol
319 3952 378 4007 δὲ
405 3953 508 4023 οὐχ
538 3949 930 4024 ἡσυχάζουσιν,
961 3950 1098 4004 ἀλλὰ
1143 3949 1230 4016 τίς
1283 3950 1395 4003 Καὶ
1427 3948 1603 4016 ἡμεῖς
1636 3951 1918 4018 ὁμοιοπα-

219 4040 357 4107 θεῖς
379 4039 524 4110 ὑμῖν
551 4040 762 4109 ἐσμεν,
802 4040 990 4109 φασὶν,
1019 4037 1338 4106 ἄνθρωποι.
1386 4036 1604 4100 Εὐθέως
1643 4038 1708 4089 ἔκ
1738 4053 1922 4107 προοι-

230 4129 376 4202 μίων
401 4127 705 4198 ἀνέτρεψαν
737 4127 800 4181 τὸ
836 4127 1027 4181 κακόν.
1082 4126 1197 4179 Οὐκ
1241 4121 1396 4178 εἷπον
1423 4124 1628 4191 ἁπλῶς,
1660 4126 1921 4193 Ἀνθρω-

226 4233 358 4280 arat,
393 4215 552 4282 ἀλλὰ,
601 4215 741 4270 Καθ’
765 4213 942 4286 ὑμᾶς.
975 4210 1108 4267 Εἶτα
1140 4214 1227 4267 ἵνα
1259 4213 1335 4285 μὴ
1364 4213 1559 4279 δόξωσι
1591 4214 1757 4284 τιμᾷν
1795 4215 1924 4276 τοὺς

230 4305 396 4368 θεοὺς
419 4344 436 4369 ,
494 4304 728 4359 ἄκουσον
797 4302 853 4356 τί
916 4302 1217 4372 ἐπάγουσιν
1261 4313 1287 4343 ι
1318 4317 1333 4332 ο
1395 4299 1924 4372 Εὐατγελιζόμενοι

228 4391 396 4465 ὑμᾶς
458 4393 580 4447 ἀπὸ
628 4392 859 4447 τούτων
913 4389 1032 4457 τῶν
1068 4390 1340 4461 ματαίων
1393 4388 1782 4458 ἐπιστρέφειν
1825 4387 1926 4442 ἐπὶ

231 4481 349 4536 τὸν
386 4479 539 4536 Θεὸν
573 4481 685 4535 τὸν
721 4477 930 4546 ζῶντα,
965 4479 1034 4545 ὃς
1069 4479 1325 4545 ἐποίησε
1375 4481 1481 4532 τὸν
1510 4477 1777 4538 οὐρανὸν
1825 4476 1925 4530 καὶ

229 4569 356 4639 τὴν
381 4568 503 4640 γῆν
523 4568 623 4622 καί
643 4567 758 4637 τὴν
778 4567 1125 4631 θάλασσαν,
1151 4568 1251 4620 καί
1281 4566 1483 4620 πάντα
1509 4565 1582 4618 τὰ
1609 4567 1679 4620 ἐν
1698 4566 1923 4632 αὐτοῖς.

235 4659 387 4729 Ὅρα
442 4657 680 4727 οὐδαμοῦ
711 4655 822 4709 τῶν
874 4654 1174 4727 προφητῶν
1225 4655 1666 4726 μνημονεύοντας
1708 4654 1924 4718 αὐτοὺς,

230 4747 364 4802 οὐδὲ
397 4746 678 4816 λέγοντας,
699 4747 846 4811 τίνος
873 4745 1103 4808 ἔνεκενί
1121 4744 1342 4799 πάντων
1366 4742 1701 4814 δημιουργὸς
1728 4741 1827 4805 ὢν,
1860 4742 1930 4795 τὰ

236 4837 372 4907 ιθνη
415 4837 628 4908 ἀφῆκεν
686 4837 997 4907 αὑτόνομα;
1052 4837 1150 4902 ’ος
1196 4834 1267 4888 ἐν
1305 4833 1436 4900 ταῖς
1466 4832 1930 4903 παρῳχημέναις

237 4923 480 4996 γενεαῖς
503 4925 676 4979 ειασε
706 4923 905 4979 πάντα
940 4925 1016 4978 τὰ
1041 4925 1186 4992 ἔθνη
1215 4923 1581 4992 πορεύεσθαι
1605 4922 1738 4988 ταῖς
1766 4920 1931 4987 ὁδοῖς

237 5012 465 5070 αὐτῶν.
485 5011 608 5067 Ὅτι
641 5013 740 5084 μὲν
761 5013 915 5067 είασε
940 5012 1115 5082 λέγει,
1145 5012 1236 5066 διὰ
1264 5012 1317 5066 τί
1353 5011 1409 5065 δὲ
1444 5011 1648 5074 είασεν,
1685 5010 1786 5062 οὐκ
1816 5009 1928 5062 ἔτι·

238 5100 384 5163 τέως
406 5099 544 5171 πρὸς
573 5100 634 5153 τὸ
663 5103 993 5169 κατεπεῖγον
1025 5100 1264 5166 ἵσταται,
1292 5097 1530 5168 οὐδαμοῦ
1559 5095 1656 5150 τοῦ
1685 5095 1932 5167 Χριστοῦ

240 5187 307 5241 τὸ
337 5185 511 5256 ὄνομα
539 5185 728 5250 τιθείς.
767 5187 974 5242 Καίτοι
1031 5203 1100 5256 τε
1147 5188 1259 5241 οὑκ
1318 5184 1665 5254 ἀμάρτυρον
1717 5181 1940 5237 ἑαυτὸν

243 5272 510 5343 ἀφῆκεν,
549 5273 931 5344 ἀγαθοποιῶν
977 5274 1327 5344 οὐρανόθεν,
1374 5271 1523 5341 ἡμῖν
1581 5274 1798 5337 ὑετοὺς
1849 5269 1940 5324 δι-

244 5360 397 5427 δοὺς
426 5361 528 5416 καί
572 5362 818 5431 καιροὺς
847 5363 1273 5432 καρποφόρους
1296 5401 1312 5426 ,
1357 5358 1677 5430 ἐμπιπλῶν
1714 5358 1943 5428 τροφῆς

248 5447 355 5503 καὶ
373 5451 763 5519 εὐφροσύνης
779 5452 889 5516 τὰς
913 5450 1165 5520 καρδίας
1190 5447 1382 5520 ἡμῶν.
1414 5450 1579 5521 Ὅρα,
1599 5449 1660 5502 οὐ
1696 5447 1945 5520 βούλεται

248 5537 353 5608 τὴν
393 5537 732 5608 κατηγορίαν
759 5538 941 5592 αὐτῶν
975 5537 1235 5608 αὐξῆσαι,
1274 5537 1411 5591 ἀλλὰ
1460 5536 1661 5607 μᾶλλον
1708 5536 1802 5589 ἐπὶ
1849 5537 1942 5588 τὸν

250 5623 389 5678 Θεὸν
424 5623 488 5677 τὸ
518 5627 627 5679 πᾶν
675 5626 830 5696 ἄγειν
874 5627 1074 5690 αὐτοὺς
1103 5625 1370 5680 παιδεύει.
1413 5624 1658 5696 Ἔμαθον
1696 5623 1828 5694 γὰρ,
1860 5625 1942 5676 ὅτι

249 5713 353 5785 οὐχ
384 5711 532 5767 οὕτω
564 5714 889 5779 σπουδάζειν
925 5715 1008 5769 δεῖ
1038 5715 1189 5782 ἄξιόν
1221 5733 1274 5768 τι
1309 5717 1484 5768 εἰπεῖν
1513 5715 1643 5786 περὶ
1675 5712 1835 5780 Θεοῦ,
1867 5714 1944 5778 ὡς

251 5802 316 5858 τὸ
339 5804 455 5866 τοῖς
476 5802 768 5860 ἀκούουσιν
798 5804 1096 5874 ὠφέλιμον.
1131 5805 1274 5875 Ὅρα
1306 5803 1424 5867 πῶς
1444 5803 1817 5866 λανθανόντως
1843 5803 1944 5872 τὴν

254 5890 595 5962 κατηγορίαν
612 5892 816 5966 τίθησι.
849 5895 960 5948 Καὶ
1001 5893 1107 5965 μὴν
1136 5894 1184 5946 εί
1214 5892 1373 5947 τοῦτο
1406 5891 1602 5961 ἐποίει,
1645 5891 1754 5945 ἔδει
1783 5890 1946 5944 κολα-

317 5979 347 6010 ⁸
367 5978 426 6031 Τί
449 5981 706 6049 ἐπάγουσιν
728 5984 874 6035 deest
906 5984 955 6033 in
993 5995 1108 6032 uno.

2009 2552 2203 2623 σθῆναι
2222 2551 2420 2615 αὐτοὺς
2450 2549 2722 2604 τοσούτων
2749 2545 3127 2608 ἀπολαύοντας
3148 2544 3395 2614 ἀγαθῶν,
3431 2547 3528 2598 καὶ
3572 2546 3708 2616 μηδὲ

2005 2639 2082 2702 ὡς
2111 2639 2318 2711 τροφέα
2353 2639 2766 2710 γνωρίσαντας·
2819 2634 2934 2687 ἀλλ’
2969 2634 3031 2686 οὐ
3065 2633 3215 2702 λέγει
3264 2633 3538 2702 φανερῶς,
3594 2632 3708 2686 ἀλλ’

2007 2727 2326 2791 αἰνίττεται,
2357 2728 2702 2795 Οὐρανόθεν
2750 2723 2915 2793 ἡμῖν,
2970 2721 3167 2789 λέγων,
3216 2721 3432 2787 ὑετοὺς
3479 2719 3707 2787 διδούς.

2009 2816 2168 2869 Οῦτω
2201 2817 2295 2870 καὶ
2325 2817 2355 2867 ό
2388 2814 2554 2868 Δαυῒδ
2603 2813 2823 2880 ἔλεγεν·
2900 2810 3048 2864 Ἀπὸ
3096 2809 3332 2876 καρποῦ
3381 2810 3558 2862 σίτου
3611 2809 3711 2863 καὶ

2008 2907 2180 2958 οἴνου
2219 2905 2317 2957 καί
2340 2905 2550 2958 ἐλαίου
2584 2901 2787 2956 αὐτῶν
2814 2900 3298 2966 ἑπληθύνθησαν
3321 2915 3334 2928 ε
3383 2899 3477 2950 καὶ
3515 2898 3716 2951 πολλα-

2009 2992 2106 3063 χοῦ
2132 2992 2261 3062 περὶ
2292 2989 2659 3061 δημιουργίας
2697 2989 3107 3058 διαλεγόμενος,
3136 2985 3314 3039 ταῦτα
3360 2984 3577 3057 τίθησιν
3632 2990 3716 3050 είς

2014 3082 2201 3150 μέσον.
2242 3080 2353 3133 Καὶ
2391 3081 2420 3131 ό
2453 3079 2726 3149 Ἱερεμίας
2775 3078 2831 3130 δὲ
2891 3077 2990 3146 τὴν
3043 3073 3412 3145 δημιουργίαν
3465 3073 3716 3145 πρώτην,

2012 3164 2132 3221 εἶτα
2188 3167 2288 3238 τὴν
2344 3167 2606 3238 πρόνοιαν
2663 3167 2763 3236 τὴν
2820 3163 2910 3217 διὰ
2947 3163 3057 3219 τῶν
3103 3162 3277 3214 ὐετῶν
3329 3179 3532 3232 φησιν·
3574 3163 3720 3216 ὥστε

2013 3256 2220 3309 ἐκεῖθεν
2249 3254 2686 3325 πεπαιδευμένος
2734 3251 3084 3319 διαλέγεται’
3143 3248 3514 3318 Ἐμπιπλῶν,
3557 3251 3718 3319 φησὶ,

2012 3345 2241 3413 τροφῆς
2271 3343 2369 3396 καὶ
2424 3343 2840 3411 εὐφροσύνης.
2886 3339 3043 3394 Μετὰ
3088 3338 3467 3407 φιλοτιμίαςή
3514 3338 3718 3409 τροφὴ,

2014 3434 2074 3485 οὐ
2112 3433 2270 3502 μόνον
2299 3432 2435 3502 πρὸς
2467 3431 2826 3500 αὐτάρκειαν,
2863 3427 2987 3480 οὐδὲ
3041 3425 3180 3496 πρὸς
3207 3425 3308 3496 τὴν
3362 3425 3574 3496 χρείαν.
3611 3425 3721 3479 Καὶ

2013 3521 2205 3575 ταῦτα
2260 3519 2565 3590 λέγοντες,
2615 3521 2794 3586 μόλις
2838 3515 3239 3569 κατέπαυσαν
3291 3513 3436 3578 τοὺς
3492 3514 3723 3583 ὄχλους

2015 3609 2124 3663 τοῦ
2152 3609 2240 3677 μὴ
2291 3610 2459 3661 θύειν
2508 3605 2737 3670 αὐτοῖς.
2788 3604 2899 3656 Καὶ
2947 3603 3125 3672 τούτῳ
3180 3601 3422 3671 μάλιστα
3474 3598 3726 3671 ἐθαυμά-

2020 3697 2248 3765 σθησαν.
2293 3697 2457 3767 Ὁρᾷς
2501 3695 2584 3747 ὅτι
2621 3693 2756 3764 πρὸς
2778 3691 2939 3744 τοῦτο
2970 3689 3212 3752 ἵσταντο,
3244 3688 3387 3741 ὥστε
3417 3689 3726 3758 ἀνατρέψαι

2019 3784 2117 3854 τὴν
2154 3783 2351 3852 μανίαν
2408 3782 2661 3851 ὲκείνην;
2720 3777 3022 3846 Ἐπῆλθον
3068 3776 3138 3829 δὲ
3200 3775 3316 3828 ἀπὸ
3359 3776 3726 3844 Ἀντιοχείας

2020 3871 2118 3925 καί
2160 3870 2410 3924 Ἰκονίου
2447 3868 2736 3928 Ἰουδαῖοι,
2792 3865 2892 3920 καὶ
2927 3865 3256 3928 πείσαντες
3294 3863 3439 3928 τοὺς
3474 3863 3724 3931 ὄχλους,

2021 3957 2119 4010 καί
2145 3955 2510 4020 λιθάσαντες
2542 3952 2652 4006 τὸν
2681 3953 2949 4016 Παῦλον,
2971 3952 3205 4018 ἔσυραν
3239 3949 3357 4013 ἔξω
3401 3946 3511 4015 τῆς
3545 3952 3727 4001 πόλε-

2021 4063 2123 4110 ως,
2180 4043 2546 4112 νομίσαντες
2591 4043 2781 4095 αὑτὸν
2839 4039 3146 4094 τεθνάναι.
3213 4041 3422 4100 Ὄντως
3473 4037 3724 4091 διαὸόλου

2022 4132 2223 4186 τέκνα·
2271 4131 2372 4184 οὐκ
2415 4131 2473 4183 ἐν
2523 4132 2646 4192 ταῖς
2701 4129 2925 4181 πόλεσιν
2975 4127 3154 4180 αὐτῶν
3219 4127 3400 4197 μόνον,
3440 4127 3577 4179 ἀλλὰ
3631 4129 3729 4180 καὶ

2024 4220 2131 4286 ἔξω
2178 4220 2384 4273 τούτων
2412 4218 2589 4272 ταῦτα
2617 4216 2920 4282 ποιοῦντες,
2971 4216 3067 4270 καὶ
3098 4215 3374 4284 τοσαύτην
3406 4215 3728 4284 ποιούμενοι

2026 4309 2263 4381 σπουδὴν
2293 4307 2540 4362 καθελεῖν
2565 4292 2627 4360 τδ
2653 4308 2939 4378 κήρυγμα,
2964 4306 3098 4373 ὅσην
3126 4307 3175 4357 οἱ
3206 4305 3498 4358 ἀπόστολοι
3532 4305 3730 4374 στῆσαι

2026 4398 2397 4467 ἐπειγόμενοι.
2453 4395 2560 4450 Καὶ
2597 4395 2946 4458 πείσαντες,
2981 4395 3136 4464 φησὶ.
3175 4393 3321 4459 τοὺς
3359 4393 3603 4461 ὄχλους,
3631 4391 3733 4445 καί

2025 4484 2393 4549 λιθάσαντες
2442 4481 2553 4536 τὸν
2599 4481 2871 4545 Παῦλον,
2906 4482 3142 4547 ἔσυραν
3169 4480 3287 4543 ἔξω
3328 4478 3442 4548 τῆς
3473 4481 3730 4546 πόλεως.

2041 4573 2309 4630 Ἐνταῦθα
2337 4571 2642 4643 πληροῦται
2671 4562 2755 4634 τὸ,
2806 4569 3002 4639 Ἀρκεῖ
3038 4584 3140 4622 σοι
3193 4568 3232 4636 ἡ
3278 4568 3454 4637 χάρις
3484 4583 3634 4637 μου’
3692 4570 3731 4636 ἡ

2028 4663 2140 4733 γὰρ
2186 4661 2443 4730 δύναμίς
2480 4678 2601 4730 μου
2653 4661 2724 4713 ἐν
2769 4659 3056 4726 ἀσθενείᾳ
3114 4658 3471 4712 τελειοῦται.
3531 4656 3736 4720 Μεῖζον

2029 4750 2188 4804 τοῦτο
2222 4749 2318 4802 τοῦ
2362 4752 2454 4801 τὸν
2513 4747 2686 4819 χωλὸν
2727 4750 2960 4819 ἐγεῖραι.
3019 4749 3082 4800 Ol
3148 4746 3246 4816 μὲν
3297 4742 3390 4800 οὖν
3428 4746 3633 4799 ἐθνικοὶ
3661 4746 3738 4810 ὡς

2032 4839 2189 4902 θεοὺς
2223 4837 2495 4907 ἐνόμιζον,
2519 4829 2665 4889 οὗτοι
2695 4837 2754 4889 δὲ
2800 4835 2994 4904 ἔσυρον
3025 4835 3320 4897 πείσαντες
3358 4835 3489 4898 τοὺς
3509 4834 3701 4905 ὄχλους
3721 4851 3736 4864 ·

2032 4927 2155 4997 οὐδὲ
2184 4926 2293 4996 γὰρ
2327 4926 2539 4986 πάντας
2577 4925 2724 4986 εἰκὸς
2749 4920 2817 4994 ἦν
2855 4923 3160 4993 θαυμάζειν
3195 4922 3416 4986 αὐτούς,
3469 4924 3580 4976 Καὶ
3611 4924 3738 4992 ὅρα,

2032 5017 2093 5070 ὲν
2138 5015 2275 5086 αὐτῇ
2308 5017 2374 5084 τῇ
2402 5013 2579 5074 πόλει,
2615 5014 2674 5065 ὲν
2781 5010 2957 5074 οὕτως
3014 5008 3466 5080 ἐθαυμάσθησαν,
3505 5012 3564 5064 ὲν
3598 5012 3737 5081 αὐτῇ

2030 5105 2100 5157 τὰ
2133 5102 2282 5156 δεινὰ
2312 5104 2605 5172 πάσχουσι.
2643 5101 2754 5153 Καὶ
2778 5099 2938 5152 τοῦτο
2985 5098 3043 5150 δὲ
3073 5099 3202 5161 τοὺς
3237 5096 3482 5169 ὁρῶντας
3510 5097 3738 5167 ὠφέλει.

2036 5191 2160 5244 Ὀτι
2207 5189 2266 5242 δὲ
2323 5189 2418 5242 καὶ
2469 5187 2558 5240 διὰ
2616 5186 2778 5240 τοῦτο
2832 5188 3194 5256 συνεχωρεῖτο
3263 5185 3517 5255 πάσχειν,
3574 5187 3739 5240 ἄκουε

2034 5276 2195 5331 τοῦτο
2221 5276 2354 5329 αὐτὸ
2381 5274 2673 5346 δηλοῦντος
2707 5275 2802 5328 καὶ
2828 5274 3114 5341 λέγοντος·
3151 5275 3286 5328 Ἵνα
3323 5273 3412 5343 μὴ
3438 5277 3526 5340 εἰς
3559 5274 3585 5312 δ
3636 5275 3743 5344 ἐμὲ

2036 5363 2362 5436 λογίσηται
2415 5380 2508 5428 τις
2551 5362 2706 5431 ὑπὲρ
2760 5360 2793 5415 ὃ
2843 5360 3066 5426 βλέπει
3109 5378 3208 5431 με,
3241 5360 3282 5425 ἢ
3337 5361 3546 5415 ἀκούει
3574 5379 3630 5415 τι
3672 5362 3743 5425 ἐξ

2040 5454 2213 5526 ἐμοῦ.

2111 5538 2574 5598 κυκλωσάντων
2603 5536 2674 5591 δὲ
2723 5536 2845 5591 τῶν
2885 5535 3173 5606 μαθητῶν
3218 5538 3428 5604 αὐτὸν,
3473 5535 3746 5602 ἀναστὰς

2038 5624 2329 5697 εἰσῆλθεν
2358 5631 2448 5693 είς
2475 5627 2593 5696 τὴν
2624 5627 2828 5681 πόλιν.
2863 5624 3018 5699 [Ξιιῖ]
3053 5627 3215 5698 Ὁρᾷς
3247 5625 3592 5696 προθυμίαν;
3615 5627 3747 5696 ὁρᾷς

2041 5720 2208 5774 πόθον
2248 5718 2442 5783 ζέοντα
2474 5716 2569 5770 καὶ
2624 5716 3060 5786 πεπυρωμένον;
3109 5716 3205 5779 El;
3231 5715 3403 5785 αὐτὴν
3451 5713 3616 5769 πάλιν
3649 5713 3748 5782 τὴν

2046 5808 2199 5862 πόλιν
2228 5805 2501 5878 εἰσῆλθεν,
2532 5802 2675 5857 ὥστε
2704 5804 3006 5875 δειχθῆναι,
3034 5804 3118 5858 ὅτι
3153 5804 3207 5858 εί
3251 5820 3353 5858 που
3387 5804 3482 5858 καὶ
3533 5801 3745 5873 ὑπεχώ-

2115 5976 2141 6018 δ
2171 5975 2270 6028 Alii
2306 5977 2497 6037 ὠφέλει.
2523 5977 2603 6024 Mf.
2628 5975 2705 6023 ἵνα
2729 5975 2807 6028 εἰς.
