4034 6416
387 494 494 549 ρει.
524 475 613 530 διὰ
632 473 694 528 τὸ
721 474 812 528 τὸν
844 472 1003 542 λόγον
1041 469 1324 543 βούλεσθαι
1357 469 1599 538 σπεῖραι,
1632 466 1730 520 καὶ
1753 464 1844 519 διὰ
1870 464 1933 518 τὸ
1978 463 2055 535 μὴ

383 563 496 618 δεῖν
528 561 769 616 ἐκκαίειν
793 561 974 624 αὐτῶν
996 561 1088 614 τὸν
1117 557 1305 628 θυμόν.
1330 555 1516 608 Ταῦτα
1540 553 1648 608 τῶν
1683 551 1924 624 σημείων
1955 556 2054 622 οὐχ

382 650 546 725 ἧττον
595 652 690 705 καὶ
724 649 1140 722 λαμπροτέρους
1195 645 1388 708 ἐποίει,
1428 644 1524 697 καὶ
1579 643 1778 714 μᾶλλον
1840 642 2053 711 χαίρειν

386 737 815 811 παρεσκεύαζεν.
887 734 1140 807 οὐδαμοῦ
1190 733 1247 786 δέ
1303 733 1488 799 λέγει,
1555 731 1643 784 ὅτι
1703 727 2053 796 ὑπέστρεψαν

384 827 687 898 χαίροντες,
712 827 796 879 δτι
828 827 1030 895 σημεῖα
1063 821 1354 889 ἐποίησαν,
1381 819 1496 873 ἀλλ’
1517 820 1599 872 ὅτι
1637 814 2054 887 κατηξιώθησαν

386 915 524 984 ὑπὲρ
553 912 649 967 τοῦ
684 914 946 983 ὀνόματος
977 908 1140 964 αὐτοῦ
1180 908 1572 980 ἀτιμασθῆναι.
1615 907 1724 960 Kal
1752 904 1910 956 τοῦτο
1945 903 2055 972 γὰρ

386 1003 540 1071 παρὰ
558 999 652 1053 τοῦ
682 997 915 1071 Χριστοῦ
949 995 1304 1067 ἐδιδάχθησαν
1329 995 1576 1062 λέγοντος
1595 1010 1609 1024 ·
1667 991 1763 1058 Μὴ
1797 990 2052 1059 χαίρετε,

385 1087 478 1141 ὅτι
527 1089 601 1142 τὰ
633 1084 908 1156 δαιμόνια
939 1083 1082 1153 ὑμῖν
1124 1082 1556 1138 ὑποτάσσεται.
1596 1081 1663 1134 Ἦ
1718 1081 1828 1150 γὰρ
1885 1079 2055 1140 ὅντως

385 1174 531 1246 χαρά
579 1175 674 1228 καὶ
723 1171 1021 1242 εἰλικρινὴς
1087 1169 1225 1240 αὕτη
1272 1171 1421 1231 ἐστὶ,
1481 1169 1543 1222 τὸ
1608 1169 1835 1237 πάσχειν
1870 1183 1922 1218 τι
1968 1165 2056 1218 διά

385 1261 638 1334 Χριστόν.
684 1256 818 1314 Εἶτα
849 1260 948 1324 τάς
976 1259 1160 1322 πόλεις
1189 1257 1371 1321 πάσας
1407 1256 1668 1328 ἐπῄεσαν,
1697 1256 1756 1308 ἐν
1778 1250 1868 1318 αἶς
1911 1256 2056 1306 ἐκιν-

384 1351 662 1404 δύνευσαν.
698 1349 805 1402 Καὶ
835 1346 909 1416 τῇ
935 1347 1221 1413 ἐπαύριον
1243 1344 1464 1414 ἐξῆλθε
1482 1343 1623 1398 ’σὺν
1652 1341 1733 1408 τῷ
1776 1335 2053 1410 Βαρνάϐα

383 1439 472 1503 είς
518 1436 764 1504 Δέρϐην,
820 1435 1352 1504 εὐαγγελισάμενοί
1405 1450 1469 1487 τε
1525 1431 1638 1499 τὴν
1680 1429 1862 1484 πόλιν
1900 1429 2050 1482 ὲκεί-

382 1539 536 1590 νην,
607 1522 707 1576 καὶ
780 1523 1269 1592 μαθητεύσαντες
1323 1520 1572 1586 ίκανοὺς
1592 1559 1607 1582 ,
1662 1518 2056 1586 ὑπέστρεψαν

383 1607 473 1671 είς
545 1605 828 1672 Λύστραν
870 1604 969 1657 καί
1031 1605 1282 1658 Ἰκόνιον
1339 1603 1438 1656 καὶ
1489 1603 1874 1671 Ἀντιόχειαν,
1925 1603 2054 1655 ἐπι-

385 1693 761 1762 στηρίζοντες
820 1690 926 1757 τὰς
994 1692 1196 1760 ψυχὰς
1233 1689 1351 1743 τῶν
1412 1685 1725 1759 μαθητῶν,
1781 1705 2055 1757 παρακα-

383 1781 636 1847 λοῦντες
671 1778 950 1862 ἐμμένειν
987 1778 1061 1847 τῇ
1114 1766 1338 1840 πίστει.
1385 1779 1484 1832 καί
1537 1778 1626 1832 ὅτι
1677 1778 1774 1832 διὰ
1809 1778 2056 1862 πολλῶν

386 1867 660 1934 θλίψεων
676 1865 772 1920 δεῖ
789 1859 958 1936 ’ἡμᾶς
982 1865 1282 1921 εἰσελθεῖν
1316 1868 1402 1932 εὶς
1444 1865 1558 1933 τὴν
1583 1859 1912 1930 βασιλείαν
1945 1861 2054 1917 τοῦ

392 1952 562 2006 Θεοῦ.

459 2039 524 2110 β’.
555 2040 724 2094 Τοῦτο
762 2040 944 2108 ἔλεγον
963 2079 979 2103 ,
1005 2039 1162 2093 τοῦτο
1203 2039 1490 2093 ἐδείκνυον,
1525 2037 2052 2106 Ἐπιστηρίζοντες,

387 2126 541 2196 φησὶ,
573 2127 678 2192 τὰς
701 2127 904 2196 ψυχὰς
927 2125 1047 2180 τῶν
1088 2125 1391 2195 μαθητῶν.
1445 2127 1608 2178 ’Ὥστε
1672 2124 2054 2196 ἐστηριγμένοι

383 2210 556 2285 ἦσαν·
599 2215 798 2284 μᾶλλον
836 2213 892 2267 δὲ
930 2213 1329 2284 προσετίθεντο.
1369 2211 1675 2281 Προῦλεγον
1720 2212 1922 2274 τοίνυν,
1968 2209 2055 2262 (va

389 2302 464 2372 μὴ
497 2287 974 2355 σκανδαλισθῶσιν.
1006 2301 1218 2372 Ὠσπερ
1256 2301 1507 2370 ἐπίτηδες
1539 2299 1597 2352 δὲ
1633 2299 1695 2351 τὸ
1731 2296 1864 2352 αύτό
1907 2297 2055 2366 γίνε-

385 2407 497 2450 ται.
531 2390 592 2442 οὐ
647 2389 736 2443 διὰ
779 2389 889 2442 τῶν
946 2389 1260 2443 ἀποστόλων
1291 2388 1470 2459 μόνον,
1511 2387 1645 2440 ἀλλά
1675 2388 1773 2440 καὶ
1810 2386 1898 2440 διά
1946 2386 2055 2439 τῶν

389 2476 678 2547 μαθητῶν·
729 2476 815 2528 ἶνα
859 2475 1105 2544 μάθωσιν
1134 2477 1200 2528 ἐκ
1243 2475 1542 2546 προοιμίων
1584 2473 1788 2536 εὐθέως
1832 2473 1928 2526 καὶ
1959 2471 2053 2525 τοῦ

386 2562 740 2634 κηρύγματος
767 2561 866 2634 τὴν
895 2561 1146 2633 δύναμιν,
1183 2563 1278 2616 καὶ
1321 2563 1404 2615 ὃτι
1446 2562 1540 2616 καὶ
1588 2560 1784 2623 αὐτοὺς
1822 2560 1904 2613 δεῖ
1941 2576 2054 2612 τοι-

386 2651 525 2704 αῦτα
572 2652 835 2719 πάσχειν,
884 2650 979 2702 καὶ
1051 2650 1137 2703 Eva
1182 2651 1443 2718 γενναίως
1495 2648 1683 2711 στῶσι,
1758 2647 1833 2718 μὴ
1895 2647 2054 2717 μόνον

384 2737 521 2806 πρὸς
561 2738 628 2789 τά
672 2738 870 2806 σημεῖα
912 2737 1226 2807 κεχηνότες,
1267 2736 1402 2790 ἀλλά
1450 2734 1631 2806 πολλῷ
1681 2735 1882 2805 μᾶλλον
1918 2734 2056 2805 πρὸς

383 2828 506 2888 τοὺς
531 2820 883 2895 πειρασμούς.
915 2825 1016 2877 Διὰ,
1041 2825 1197 2878 τοῦτο
1218 2826 1312 2878 καὶ
1340 2824 1503 2887 αὐτὸς
1525 2823 1700 2893 ἔλεγε·
1739 2823 1848 2876 Τὸν
1865 2822 2054 2876 αὐτὸν

381 2909 583 2984 ἀγῶνα
616 2911 881 2982 ἔχοντες,
919 2907 1050 2965 οἷον
1068 2912 1256 2966 εἴδετε
1305 2912 1376 2965 ἐν
1413 2911 1543 2980 ἐμοὶ
1584 2910 1681 2964 καί
1729 2911 2052 2978 ἠκούσατε.

381 3000 621 3069 Διωγμοὶ
655 2999 928 3070 διωγμοὺς
968 2999 1316 3078 διεδέχοντο·.
1349 2999 1628 3070 πανταχοῦ
1672 2999 1918 3068 πόλεμοι,
1953 3001 2057 3069 μά-

382 3105 495 3156 χαι,
534 3087 844 3142 λιθοϐολίαι.
893 3087 1028 3140 Ποία
1069 3087 1393 3159 προτροπῆς
1431 3087 1548 3150 πῶς
1587 3086 1802 3140 ἔπειθον
1831 3087 1888 3140 ἐν
1931 3103 2058 3157 προς

381 3175 578 3242 οιμίοις
634 3174 840 3243 θλίψεις
872 3173 1150 3242 λέγοντες;
1189 3170 1323 3228 Εἶτα
1375 3173 1470 3227 καὶ
1529 3173 1660 3244 ἀλλη
1713 3174 2051 3244 παραμυθία.

383 3259 922 3327 Χειροτονήσαντες
979 3259 1046 3312 δὲ
1115 3259 1317 3325 αὐτοῖς
1405 3259 1848 3328 πρεσϐυτέρους
1916 3260 2057 3312 κατ’

396 3345 779 3412 Ἐκκλησίαν,
828 3345 1306 3415 προσευξάμενοι
1340 3347 1490 3414 μετὰ
1540 3343 1855 3411 νηστειῶν,
1905 3360 2054 3414 παρ-

380 3433 585 3487 έθεντο
628 3434 852 3499 αὐτοὺς
882 3432 962 3498 τῷ
1007 3434 1220 3501 Κυρίῳ,
1267 3428 1352 3498 εἰς
1407 3434 1479 3486 ὃν
1525 3435 2051 3489 πεπιστεύκεισαν.

383 3518 537 3584 Εἶδες
602 3520 915 3592 θερμότητα
977 3520 1224 3585 Παύλου;
1300 3520 1819 3590 Προσευξὰμενοι,
1890 3522 2050 3592 φησὶ,

379 3608 526 3679 μετὰ
601 3606 898 3673 νηστειῶν
986 3608 1310 3675 παρέθεντο
1381 3609 1605 3674 αὐτοὺς
1681 3607 1761 3673 τῷ
1839 3611 2050 3677 Κυρίῳ.

383 3693 546 3765 Ὅρα,
587 3693 726 3764 μετά
755 3694 1018 3764 νηστειῶν
1056 3695 1113 3746 αἱ
1151 3695 1495 3766 χειροτονίαι.
1526 3695 1695 3748 Πάλιν
1718 3698 1959 3767 νηστεία,
1993 3699 2053 3752 τὸ

381 3782 677 3852 καθάρσιον
716 3781 824 3833 τῶν
865 3781 1146 3853 ἡμετέρων
1173 3781 1381 3852 ψυχῶν.
1417 3783 1528 3835 Καὶ
1567 3783 1904 3848 διελθόντες
1937 3785 2054 3852 τὴν

381 3867 683 3932 Πισιδίαν,
717 3865 907 3938 ἦλθον
948 3871 1036 3938 εἰς
1075 3870 1440 3937 Παμφυλίαν
1461 3886 1475 3899 ·
1538 3870 1636 3923 καὶ
1670 3871 2056 3939 λαλήσαντες

380 3955 453 4007 έν
490 3954 683 4024 Πέργῃ
728 3957 833 4008 τὸν
878 3957 1085 4024 λόγον,
1132 3954 1527 4024 κατήντησαν
1569 3958 1655 4023 εἰς
1697 3957 2053 4016 Ἀττάλειαν.

383 4041 501 4094 Ἵνα
545 4043 653 4112 γὰρ
705 4041 778 4111 μὴ
824 4042 1108 4114 καταπέσῃ
1156 4041 1225 4093 τά
1298 4043 1624 4114 φρονήματα
1683 4044 1831 4096 τῶνα
1881 4046 2048 4116 μαθη-

381 4127 510 4190 τῶν,
542 4129 621 4180 δτι
661 4129 707 4180 οἱ
748 4127 1095 4198 νομιζόμενοι
1128 4129 1240 4180 θεοὶ
1265 4129 1490 4182 τοιαῦτα
1517 4131 1840 4200 πάσχουσιν,
1877 4133 2056 4204 εἰσῆλ-

383 4215 474 4267 θον
526 4215 661 4286 πρὸς
699 4217 918 4281 αὐτοὺς,
978 4216 1070 4268 καὶ
1101 4215 1471 4285 διελέχθησαν.
1525 4219 1633 4271 Kal
1655 4219 1791 4289 6pa°
1841 4219 2054 4288 πρῶτον

382 4303 462 4364 είς
510 4303 716 4373 Δέρϐην
766 4304 1063 4372 ἐξέρχεται,
1113 4304 1288 4367 διδοὺς
1335 4306 1517 4368 αὐτοῖς
1569 4307 1900 4360 ἀναπνεῦσαι
1957 4310 2052 4362 τοῦ

385 4389 579 4458 θυμοῦ,
629 4389 724 4442 καὶ
775 4390 895 4442 τότε
953 4389 1117 4442 πάλιν
1147 4393 1226 4452 είς
1282 4392 1532 4462 Λύστραν
1576 4396 1670 4446 καὶ
1696 4396 1913 4448 Ἰκόνιον
1959 4397 2053 4449 καὶ

383 4476 736 4546 Ἀντιόχειαν,
773 4476 1130 4547 θυμουμένοις
1153 4479 1250 4548 μὲν
1272 4481 1454 4544 αὺτοῖς
1475 4482 1658 4547 εἴκων,
1683 4486 2054 4555 πεπαυμένοις

382 4563 438 4616 δὲ
463 4565 857 4636 ἐπιτιθέμενος.
887 4565 1035 4638 [245]
1080 4567 1358 4636 Ὀρᾷς,ὅτι
1387 4568 1447 4621 ού
1472 4570 1645 4622 πάντα
1682 4572 1887 4642 χάριτι,
1920 4575 2054 4628 ἀλλά

385 4653 480 4703 καὶ
504 4653 680 4723 οἰκείᾳ
719 4653 919 4723 σπουδῇ
954 4652 1182 4724 διῴκουν
1207 4659 1258 4721 ‘;
1321 4657 1605 4712 Κάκεῖθεν
1657 4660 2055 4716 ἀπέπλευσαν

384 4743 471 4802 εις
499 4740 872 4809 Ἀντιόχειαν,
902 4740 1042 4795 ὅθεν
1061 4737 1226 4812 ἦσαν
1263 4733 1732 4815 παραδεδομένοι
1757 4747 1832 4816 τῇ
1861 4750 2054 4818 χάριτι

382 4824 488 4878 τοῦ
528 4826 673 4880 Θεοῦ
713 4830 799 4892 εὶς
830 4827 896 4880 τὸ
937 4829 1132 4898 ἔργον,
1163 4829 1194 4882 δ
1229 4831 1610 4900 ἐπλήρωσαν.
1661 4836 1760 4890 Διά
1799 4838 1852 4889 τί
1893 4838 2054 4890 πάλιν

383 4911 634 4982 ἔρχονται
670 4915 749 4975 είς
777 4914 1135 4985 Ἀντιόχειαν;
1171 4918 1288 4970 Ἵνα
1316 4921 1690 4988 ἀπαγγείλωσι
1729 4924 1796 4978 τὰ
1823 4928 1939 4981 ἐκεῖ
1961 4943 2061 4984 γε..

383 4999 604 5069 νόμενα.
639 4999 846 5063 Ἀλλως
876 5001 934 5054 δὲ
970 5003 1063 5056 καὶ
1106 5007 1468 5076 οἰκονομεῖται
1521 5010 1662 5079 μέγα
1707 5015 1940 5084 πρᾶγμα
1970 5017 2029 5069 ὲν

382 5085 602 5140 τεῦθεν’
657 5086 764 5140 ἔδει
809 5087 918 5158 γὰρ
961 5087 1146 5143 λοιπὸν
1177 5093 1318 5162 μετά
1373 5097 1685 5167 παρρησίας
1727 5102 1840 5163 τοῖς
1877 5100 2052 5156 ἔθνεσι

384 5179 694 5250 κηρύττειν.
741 5180 1031 5250 Ἐρχονται
1075 5177 1167 5236 οὖν
1217 5183 1389 5239 ταῦτα
1449 5187 1914 5257 ἀπαγγέλλοντες,
1966 5194 2052 5246 ῖνα

383 5267 578 5321 εἰδέναι
611 5268 797 5338 ἔχωσι.
841 5269 952 5322 Kal
999 5271 1360 5343 οἰκονομεῖται
1416 5275 1538 5329 τότε
1606 5279 1885 5340 κατελθεῖν
1924 5284 2052 5346 τοὺς

383 5354 690 5420 κωλύοντας
731 5359 844 5419 τοῖς
880 5357 1088 5412 ἔθνεσιν
1117 5361 1344 5430 ὁμιλεῖν,
1378 5364 1481 5417 -μῖνα
1513 5364 1700 5420 λοιπὺν
1747 5367 1856 5421 ἀπὸ
1881 5370 2052 5441 Ἱερο-

384 5441 630 5512 σολύμων
661 5444 858 5514 πολλὴν
892 5445 1143 5511 λαϐόντες
1175 5448 1377 5512 ἄδειαν,
1411 5453 1548 5521 μετά
1580 5457 1894 5525 παρρησίας
1923 5458 2052 5510 ἀπί-

381 5547 535 5584 ωσιν.
563 5531 635 5583 ’Ἠ
664 5533 757 5584 καὶ
799 5533 994 5597 ἄλλως,
1030 5536 1300 5590 δείκνυσιν
1331 5539 1508 5592 αὐτῶν
1539 5540 1600 5594 τὸ
1647 5538 1779 5613 ἦθος
1810 5546 1910 5598 οὐκ
1949 5545 2049 5598 αὖ·

382 5616 561 5679 θαδες.
592 5618 881 5689 Ἕρχονται
912 5622 1022 5692 γὰρ
1058 5626 1158 5693 τήν
1188 5642 1248 5678 τε
1289 5629 1600 5698 παρρησίαν
1630 5631 2048 5704 ἐνδεικνύμενοι,

381 5706 464 5760 ὅτι
502 5705 596 5759 καὶ
632 5707 801 5777 χωρὶς
848 5709 1071 5764 ἐκείνων
1101 5717 1213 5778 τοῖς
1240 5715 1450 5770 ἔθνεσιν
1495 5719 1791 5790 ἐκήρυξαν,
1828 5727 1921 5776 καὶ
1952 5723 2049 5795 τὴν

445 5935 944 6016 πίητε-τάᾉνοεήματα
966 5947 1078 5993 τῶν.
1127 5947 1268 6016 _¥Sic
1279 5950 1374 6001 duo
1395 5949 1536 6000 codd.
1563 5953 1764 6012 optimc.
1789 5951 2023 6004 Commel.

377 6000 531 6051 Sim-
556 5999 1084 6058 ειίιιοιιιῐ.ἐ;διώκουν,
1125 6008 1267 6062 Eb”.
1355 5999 1364 6001 ‘
1407 5999 1411 6000 ν
1593 5999 1607 6012 -
1638 5999 1661 6001 κ
1798 5999 2045 6020 -τ-π--η,

1177 353 1237 411 S.
1277 349 1564 409 JOANNIS
1605 343 2101 404 CHRYSOSTOMI
2143 343 2464 403 ARCIIIEP.
2504 339 3056 400 CONSTANTINOP.

3731 338 3854 394 230

2163 461 2430 533 ὑπακοὴν,
2471 463 2555 516 ὅτι
2595 462 2779 518 αὐτοῖς
2814 458 3214 529 ἀναφέρουσιν·
3257 456 3316 510 ού
3344 454 3454 526 γάρ
3491 457 3571 521 ῶς
3605 457 3852 515 τοσαῦτα

2158 549 2566 620 κατορθωκότες
2609 547 3009 618 ἀπενοήθησαν.
3051 544 3234 598 Ὅθεν
3288 540 3452 614 ἦσαν
3496 544 3846 613 παραδεδοο

2151 635 2353 704 μένοι,
2387 636 2542 704 φησὶ,
2586 632 2661 704 τῇ
2691 635 2886 703 χάριτι
2917 632 3024 688 τοῦ
3053 631 3221 686 Θεοῦ.
3255 631 3366 684 Kal
3387 631 3492 703 μὴν
3517 631 3582 684 τὸ
3614 631 3846 703 Πνεῦμα

2158 719 2342 777 εἶπεν
2382 723 2517 776 ἀλλὰ
2548 723 2614 776 τά
2648 721 2743 776 τοῦ
2803 721 3121 792 Πνεύματος
3175 715 3315 772 οἶδεν
3359 720 3491 774 δντα
3533 718 3629 772 τοῦ
3677 719 3837 772 Υίοῦο

2159 809 2257 879 μία
2284 810 2393 880 γὰρ
2419 809 2656 875 ἐξουσία,
2681 809 2868 878 ῶσπερ
2920 810 2954 878 ή
3009 807 3169 878 φύσις
3206 806 3302 859 καὶ
3355 806 3487 860 Υίοῦ
3531 807 3627 860 καὶ
3670 804 3850 859 uno.

2161 914 2324 968 ματος
2347 896 2464 967 μία.
2495 890 2969 966 Παραγενόμενὸι
2996 895 3066 948 δὲ
3103 895 3204 949 καὶ
3241 895 3702 963 συναγαγόντες
3731 893 3847 960 τὴν

2169 984 2554 1051 Ἐκκλησίαν,
2588 985 2966 1054 ἀπήγγειλαν
2999 982 3118 1035 ὅσα
3134 982 3425 1050 ἐποίησεν
3461 985 3495 1035 ό
3531 981 3682 1046 Θεὸς
3715 982 3846 1049 μετ’

2155 1070 2371 1132 αὐτῶν.
2419 1075 2518 1126 καὶ
2559 1072 2650 1126 ὅτι
2693 1058 2940 1141 ἤνοιξεν
2977 1073 3012 1125 ό
3064 1070 3208 1136 Θεὸς
3250 1069 3376 1136 τοῖς
3406 1069 3615 1125 ἔθνεσι
3651 1071 3847 1138 θύραν

2155 1162 2433 1228 πίστεως.
2461 1161 2758 1230 Διέτριὸον
2796 1161 2865 1214 δέ
2911 1160 3042 1215 ἐκεῖ
3065 1160 3290 1230 χρόνον
3323 1161 3436 1214 οὐκ
3465 1158 3680 1229 ὀλίγον
3722 1159 3846 1212 σὺν

2155 1250 2281 1314 τοῖς
2315 1249 2628 1318 μαθηταῖς.
2669 1249 2908 1312 Εἰκότως
2929 1265 2951 1294 ’ς
2993 1249 3206 1319 μεγάλη
3257 1247 3367 1316 γὰρ
3401 1242 3537 1299 οὖσα
3580 1249 3614 1318 η
3662 1246 3842 1307 πόλις.

2156 1336 2324 1390 ἐδεῖτο
2356 1336 2708 1392 διδασκάλων.
2734 1337 2963 1406 ’ἰδωμεν
2991 1337 3177 1390 λοιπὸν
3204 1335 3409 1389 ἀνωθεν
3434 1335 3504 1387 τά
3536 1336 3662 1404 είρη
3673 1333 3843 1403 μένα.

2155 1424 2304 1493 Αύτῇ
2328 1426 2394 1494 τῇ
2419 1423 2541 1493 ὄψει
2560 1425 2588 1464 1³
2611 1423 2958 1493 κατέπληξαν
2985 1424 3184 1486 αὐτοὺς
3201 1421 3599 1495 ’διαρρήξαντες
3626 1420 3701 1479 τὰ
3721 1421 3847 1492 ίμά-

2155 1527 2263 1565 τια.
2298 1510 2468 1564 Τοῦτο
2514 1513 2610 1566 καὶ
2653 1509 2859 1581 Ἰησοῦς
2889 1513 2918 1564 ὁ
2949 1511 3040 1564 τοῦ
3070 1509 3226 1582 Ναυὴ
3256 1509 3428 1562 ἐποίει
3470 1508 3566 1561 ἐπὶ
3599 1511 3670 1578 τῇ
3703 1509 3846 1582 ἥττῃ

2155 1595 2250 1650 τοῦ
2277 1597 2429 1652 λαοῦ.
2452 1597 2544 1669 Μὴ
2569 1598 2748 1651 τοίνυν
2771 1599 2997 1670 νομίσῃς
3033 1598 3253 1664 ἀνάξιον
3281 1596 3463 1650 αὐτῶν
3486 1591 3626 1648 εἶναι
3655 1596 3842 1657 τοῦτο,

2157 1686 2368 1757 καὶτῆς
2399 1686 2720 1750 εὐσταθείας
2752 1685 2962 1740 αὐτῶνθ
3005 1685 3106 1738 οὐκ
3146 1683 3213 1738 ἂν
3244 1687 3354 1755 γὰρ
3393 1684 3569 1747 ἄλλως
3601 1683 3845 1756 ⁴ἐπέσχον

2154 1773 2255 1843 τὴν
2286 1774 2556 1845 τοσαύτην
2583 1775 2782 1844 ὁρμὴν,
2809 1774 2911 1826 οὐκ
2937 1771 3003 1826 ἂν
3029 1772 3212 1835 άλλως
3237 1771 3335 1842 τὴν
3364 1773 3544 1843 πυράν
3581 1771 3842 1827 ἔσϐεσαν.

2157 1861 2327 1916 Ὅταν
2350 1858 2443 1915 οὖν
2483 1879 2537 1915 τι
2585 1863 2679 1933 δέῃ
2722 1861 2832 1914 τῶν
2887 1861 3116 1915 δεόντων
3162 1858 3437 1929 γενέσθαι,
3496 1859 3637 1930 μηδέ
3675 1863 3844 1931 ἡμεῖς

2156 1948 2574 2020 παραιτώμεθα.
2604 1950 2666 2003 El
2687 1949 2868 2004 τοίνυν
2894 1951 2989 2004 καὶ
3025 1947 3166 2021 μετά
3199 1948 3373 2002 ταῦτα
3406 1947 3559 2019 μόλις
3579 1947 3840 2016 ἔπεισαν,

2156 2036 2204 2088 εί
2240 2038 2316 2107 μὴ
2348 2035 2521 2100 οὕτως
2548 2038 2895 2109 εἰργάσαντο,
2919 2037 2972 2091 τί
2997 2038 3099 2091 οὐκ
3127 2037 3194 2091 ἀν
3225 2037 3485 2106 ἐγένετο;
3527 2038 3595 2093 El
3623 2038 3736 2110 γὰρ
3768 2038 3844 2110 μὴ

2155 2125 2328 2190 οὕτως
2373 2127 2657 2196 ἐποίησαν,
2706 2125 3072 2197 ἐνομίσθησαν
3123 2126 3190 2179 ἀν
3253 2143 3368 2191 πως
3418 2126 3842 2198 διιιηλοφρονεῖν,

2157 2214 2252 2266 καὶ
2292 2214 2492 2285 μᾶλλον
2522 2214 2768 2282 ἐφίεσθαι
2800 2214 2898 2284 τῆς
2925 2216 3112 2285 τιμῆς.
3160 2215 3271 2267 Kal
3296 2216 3396 2286 ὅρα
3429 2215 3520 2268 τὸν
3551 2215 3715 2284 λόγον
3743 2232 3844 2285 με·

2161 2301 2498 2371 μετρημένον
2541 2302 2599 2354 ἐν
2634 2303 2702 2371 τῇ
2750 2298 3060 2371 ἐπιπλήξει,
3114 2303 3210 2354 xal
3247 2301 3525 2372 θαύματος
3565 2302 3708 2373 ὁμοῦ
3752 2303 3844 2372 γέο

2159 2404 2328 2457 μοντα
2353 2389 2445 2441 καὶ
2474 2388 2836 2459 ἐπιπλήξεως.
2876 2387 3048 2442 Τοῦτο
3071 2389 3311 2460 μάλιστα
3334 2391 3532 2451 αὐτοὺς
3572 2390 3844 2456 ἐκώλυσε,

2154 2475 2216 2528 τὸ
2231 2477 2425 2538 εἰπεῖν,
2450 2477 2560 2530 Καὶ
2595 2475 2766 2545 ἡμεῖς
2787 2477 3164 2543 ὁμοιοπαθεῖς
3199 2479 3391 2546 ἐσμεν
3428 2477 3570 2548 ὑμῖν
3621 2479 3848 2547 ἀνθρω-

2156 2577 2279 2630 ποι,
2298 2562 2806 2634 εὐαγγελιζόμενοι
2829 2563 2985 2634 ὑμᾶς
3010 2564 3130 2619 ἀπὸ
3165 2563 3286 2618 τῶν
3307 2565 3579 2634 ματαίων
3610 2569 3846 2621 τούτων

2155 2649 2539 2718 ἐπιστρέφειν
2572 2650 2672 2704 ἐπὶ
2705 2650 2814 2704 τὸν
2853 2652 3021 2706 Θεόν.
3069 2651 3216 2704 Ὠσεὶ
3257 2651 3470 2722 ελεγον·
3522 2652 3845 2724 Ἄνθρωποι

2161 2736 2259 2806 μέν
2289 2738 2477 2806 ἐσμεν,
2509 2739 2661 2808 φησὶ,
2693 2741 2900 2792 τούτων
2927 2739 2986 2792 δέ
3015 2739 3267 2810 μείζουςο
3300 2740 3474 2793 ταῦτα
3505 2740 3618 2810 γάρ
3646 2743 3841 2810 νεκρά.

2161 2821 2300 2891 Ὅρα
2338 2824 2533 2886 αὐτοὺς
2569 2826 2670 2879 οὐκ
2717 2825 3124 2897 ἀνατρέποντας
3176 2827 3357 2898 μόνον,
3398 2826 3536 2880 ἀλλά
3571 2829 3671 2881 καὶ
3699 2828 3846 2882 διδά-

2159 2926 2404 2976 σκοντας,
2446 2912 2539 2964 καὶ
2573 2912 2726 2966 οὐδὲν
2774 2914 2902 2985 περὶ
2957 2914 3203 2984 ἀοράτων
3261 2914 3692 2986 φθεγγομένους.
3738 2919 3846 2983 ’ος

2155 2998 2428 3066 ἐποίησε,
2474 3001 2641 3070 φησὶ,
2675 3001 2784 3054 τὸν
2822 3003 3084 3070 οὐρανὸν
3119 3002 3221 3055 καί
3267 3003 3383 3068 τὴν
3415 3003 3537 3073 γῆν
3577 3006 3679 3058 καί
3725 3005 3846 3073 τὴν

2157 3087 2496 3150 θάλασσαν,
2523 3087 2620 3140 καὶ
2650 3088 2848 3142 πάντα
2874 3091 2946 3144 τὰ
2972 3091 3042 3144 ἐν
3070 3089 3295 3156 αὐτοῖς.
3317 3091 3623 3162 Μάρτυρας
3643 3093 3845 3158 αὐτοὺς

2157 3173 2303 3242 λέγει
2329 3175 2453 3237 τοὺς
2483 3177 2780 3240 ἐνιαυτούς.
2816 3179 2879 3230 ’Ὠ
2906 3180 3004 3247 τῆς
3041 3179 3236 3249 μανίας
3263 3180 3360 3249 τῆς
3385 3180 3726 3252 Ἰουδαϊκῆςί
3761 3187 3845 3247 εἰς

2156 3263 2328 3332 δῆμον
2384 3262 2526 3316 οὕτω
2573 3267 2882 3334 τιμήσαντο.
2933 3267 3061 3331 τοὺς
3129 3267 3462 3332 ἀποστόλους
3531 3271 3845 3343 ἐτόλμησαν

2156 3351 2389 3427 ἐμϐῆναι
2427 3354 2522 3405 καὶ
2550 3353 2768 3409 λιθάσαι
2810 3355 3041 3431 Παῦλον.
3082 3356 3228 3422 Ἔξω
3257 3357 3314 3409 δὲ
3345 3357 3445 3428 τῆς
3476 3359 3689 3425 πόλεως
3719 3360 3844 3415 ἐσυ-

2159 3454 2279 3508 ραν,
2343 3440 2486 3510 τάχα
2537 3440 2838 3507 δεδοικότες
2881 3446 3106 3498 ἐκεῖνον.
3167 3445 3279 3501 Καὶ
3329 3447 3841 3517 προσευξάμενοι,
3891 3438 3900 3446 ’

2157 3527 2310 3597 φησὶ,
2347 3527 2492 3594 μετὰ
2518 3531 2834 3600 νηστειῶν,
2873 3533 3198 3603 παρέθεντο
3231 3534 3453 3600 αὐτοὺς
3485 3535 3568 3600 τῷ
3617 3539 3837 3606 Κυρίῳ.

2156 3615 2266 3668 Kal
2289 3617 2570 3684 νηστεύειν
2591 3620 2869 3674 ἐδίδασκον
2901 3624 2958 3675 ὲν
2980 3625 3092 3686 τοῖς
3121 3625 3472 3693 πειρασμοῖς.
3526 3625 3645 3678 υὺκ
3680 3623 3842 3679 εἶπαν

2155 3703 2254 3757 ὅσα
2288 3706 2442 3761 αὐτοὶ
2465 3710 2750 3779 ἐποίησαν,
2786 3708 2901 3762 ἀλλ’
2938 3711 3040 3763 ὅσα
3066 3712 3094 3763 δ
3126 3710 3259 3774 Θεὸς
3289 3710 3406 3781 μετ’
3435 3712 3639 3768 αὐτῶν,
3690 3715 3845 3783 Ἐμοὶ

2155 3785 2371 3843 δοκοῦσι
2400 3793 2525 3854 τοὺς
2551 3793 2892 3862 πειρασμοὺς
2937 3792 3138 3860 λέγειν.
3179 3795 3291 3862 Οὐχ
3335 3794 3522 3858 ἀτελῶς
3555 3791 3728 3866 ἦλθον
3758 3802 3844 3850 ἐν-

2157 3874 2351 3940 ταῦθα,
2369 3877 2488 3929 οὐδὲ
2512 3877 3024 3948 διαναπαυσόμενοι,
3046 3877 3195 3950 [ειι]
3211 3880 3325 3932 ἀλλ’
3341 3882 3709 3951 οἰκονομικῶς
3741 3885 3846 3937 ὑπὸ

2157 3961 2298 4015 τοῦ1⁵
2330 3966 2645 4034 Πνεύματος
2677 3964 3052 4034 ὁδηγούμενοι,
3106 3965 3248 4018 ὥστε
3295 3967 3357 4020 τὸ
3414 3969 3681 4039 κήρυγμα
3732 3971 3844 4023 τῶν

2158 4052 2326 4104 ἐθνῶν
2355 4051 2738 4122 βεϐαιωθῆναι.
2776 4054 2887 4106 Kal
2922 4051 3011 4104 διὰ
3056 4053 3131 4117 τί,
3171 4053 3357 4123 φησὶν,
3392 4056 3450 4108 ἐν
3484 4056 3704 4128 Κύπρῳ
3743 4060 3846 4112 οὐκ

2157 4141 2419 4212 ἐποίησαν
2445 4140 2845 4212 πρεσϐυτέρους
2869 4140 2990 4194 οὐδὲ
3012 4143 3071 4194 ἐν
3103 4142 3390 4214 Σαμαρείᾳ
3409 4142 3434 4183 δ
3460 4161 3474 4208 ;
3504 4144 3628 4198 Ὅτι
3653 4149 3841 4218 ἐκείνη

2159 4228 2256 4299 μὲν
2289 4230 2454 4297 ἐγγὺς
2484 4225 2552 4300 ἦν
2579 4227 2687 4280 τῶν
2718 4229 3054 4293 ἀποστόλων,
3092 4229 3232 4299 αὕτη
3261 4230 3318 4282 δέ
3344 4231 3444 4298 τῆς
3484 4232 3842 4303 Ἀντιοχείας,

2156 4316 2250 4369 καὶ
2281 4318 2310 4368 ὁ
2335 4317 2492 4384 λόγος
2521 4317 2742 4388 ἐκράτει
2763 4335 2775 4347 °
2811 4317 3045 4371 ἐνταῦθα
3079 4318 3136 4371 δὲ
3172 4319 3374 4389 πολλῆς
3412 4319 3621 4374 ἐδέοντο
3659 4341 3844 4396 παρα-

2159 4403 2378 4473 μυθίας,
2419 4407 2511 4458 καὶ
2561 4405 2794 4474 μάλιστα
2834 4408 2884 4459 of.
2939 4407 2999 4471 ἐξ
3045 4407 3251 4472 ἐθνῶν,
3309 4411 3617 4478 ὀφείλοντες
3667 4413 3844 4467 πολλά

2156 4491 2522 4546 διδάσκεσθαι.
2556 4488 2760 4548 Ἦλθον
2795 4494 3158 4560 διδάσκοντες,
3189 4497 3270 4549 ὄτι
3299 4498 3525 4562 εἰκότως
3560 4500 3840 4571 ἐχειροτοι

2156 4580 2399 4650 νήθησαν
2420 4581 2524 4635 ὑπὸ
2546 4581 2639 4634 τοῦ
2671 4583 3012 4654 Πνεύματος.
3051 4585 3163 4637 Kal
3204 4587 3306 4658 δρα
3337 4586 3400 4640 τὸ
3430 4586 3635 4657 θερμὸν
3687 4591 3842 4643 Παύ-

2154 4667 2268 4721 λου.
2310 4669 2383 4721 Οὐ
2417 4669 2742 4723 πυνθάνεται
2780 4674 2827 4725 εί
2855 4673 2934 4725 δεῖ
2961 4672 3192 4742 λαλῆσαι
3227 4673 3459 4738 ἔθνεσιν,
3485 4675 3604 4728 ἀλλ’
3632 4678 3843 4743 εὐθέως

2156 4757 2338 4809 λαλεῖ·
2401 4756 2490 4810 διὰ
2539 4758 2695 4812 τοῦτο
2758 4759 2964 4826 ἔλεγεν.
3013 4757 3096 4808 ηὑ
3143 4763 3607 4833 προσανεθέμην
3653 4770 3841 4830 σαρκὶ

2156 4845 2253 4896 καὶ
2278 4846 2495 4913 αἵματι.

2226 4937 2295 4998 γ’.
2333 4932 2490 5000 Μέγα
2517 4933 2686 4996 ὅντως
2717 4933 2977 5006 ἀγαθδνή
3014 4935 3208 5008 θλίψις,
3240 4940 3337 4993 καὶ
3376 4940 3623 5011 μεγάλης
3650 4940 3843 5014 ψυχῆς

2157 5021 2294 5082 ἐστι,
2328 5024 2422 5073 καὶ
2453 5023 2710 5090 γενναίας
2743 5023 3094 5095 κατόρθωμα.
3154 5027 3319 5082 Πόσοι
3359 5028 3499 5098 μετά
3526 5029 3689 5083 τοῦτο
3718 5033 3842 5084 ἐπί-

2157 5124 2406 5173 στευσαν,
2439 5111 2536 5164 καὶ
2561 5111 2736 5174 οὐδεὶς
2759 5113 2932 5174 οὕτως
2969 5113 3245 5185 mw“;
3304 5116 3463 5170 Οὕτω
3520 5117 3842 5191 προθυμίας

2153 5197 2286 5266 ἡμῖν
2309 5197 2391 5250 δεῖ
2419 5200 2720 5269 πανταχοῦ,
2753 5200 3057 5272 πυρώσεως
3089 5214 3112 5243 ο
3166 5204 3392 5276 πολλῆς,
3454 5204 3638 5276 ψυχῆς
3696 5209 3841 5279 πρὸς

2155 5285 2382 5340 θάνατον
2438 5291 2930 5362 παρατεταγμένης
2955 5308 2969 5322 ·
3028 5292 3206 5357 ἄλλως
3255 5293 3367 5366 γάρ
3419 5296 3519 5348 οὐκ
3583 5295 3663 5350 ἔνι
3733 5297 3840 5368 τῆς

2155 5371 2434 5444 βασιλείας
2495 5379 2714 5445 τυχεῖν,
2773 5377 2849 5450 μὴ
2901 5381 3305 5452 σταυρωθέντα.
3367 5384 3462 5454 Μὴ
3526 5384 3839 5454 ἀπατῶμεν

2152 5461 2400 5525 ἑαυτούς.
2440 5463 2504 5516 Εἰ
2555 5464 2664 5534 γὰρ
2721 5468 2779 5518 ἐν
2837 5468 3060 5540 πολέμῳ
3091 5469 3331 5541 σωθῆναι
3356 5473 3418 5526 οὐ
3445 5472 3673 5526 δυνατὸν
3701 5490 3838 5542 τρυ-

2152 5549 2339 5618 φῶντα
2364 5551 2460 5604 καὶ
2492 5555 2963 5626 χρηματιζόμενον
2996 5559 3090 5611 καὶ
3119 5560 3502 5630 καπηλεύοντα
3531 5562 3627 5614 καὶ
3658 5562 3836 5632 ρᾳθυ-

2154 5637 2357 5708 μοῦντα
2379 5655 2393 5670 ·
2426 5640 2608 5711 πολλῴ
2632 5642 2829 5712 μᾶλλον
2882 5648 2940 5698 ἐν
2989 5646 3067 5717 τῷ
3120 5637 3355 5719 πολέμιιί
3393 5649 3588 5718 τούτῳ.
3629 5651 3701 5702 Ἢ
3731 5649 3839 5706 οὐκ

2149 5727 2327 5782 οἴεσθε
2366 5728 2604 5800 πόλεμον
2634 5728 2888 5788 εἶναινῦν
2927 5736 3149 5790 πάντων
3203 5738 3456 5808 πολέμων
3508 5739 3838 5808 χαλεπώτα-

2209 5830 2235 5868 δ
2259 5837 2359 5886 Alii
2383 5839 2604 5910 εἰρημέχα
2633 5843 2797 5910 πρώτῃ
2822 5849 2880 5906 τῇ
2910 5846 3032 5909 ὄψει.
3102 5849 3125 5878 ε
3140 5847 3472 5910 Οἰκονομικῶς
3502 5849 3586 5895 ἅτε
3607 5847 3699 5896 ὑπὸ
3723 5847 3836 5910 τοῦ,

2149 5900 2219 5946 sic
2266 5900 2505 5972 gnusgfl
2547 5903 2630 5972 Si_c
2667 5900 3022 5972 quidamrwm'ss.
3056 5919 3211 5958 recte.
3275 5900 3400 5959 hdili
3450 5900 3569 5958 νει-ο
3612 5911 3660 5957 ἐν
3722 5900 3837 5960 Ἀνιί

2147 5963 2518 6088 ἓέἒξιέωηιδιθ.
2591 5969 2614 5994 θ
2684 5963 2820 6016 Unus
2871 5970 3071 6034 ἔλαμψε.
3125 5973 3394 6035 Προθυμὶας
3445 5973 3535 6036 γὰρ
3576 5972 3688 6035 ὑμῖν
3737 5974 3833 6033 ad:

2386 6041 2423 6078 ς.
