4034 6452
165 413 272 468 29.9

170 530 346 584 viuen‘
369 527 698 585 desiderium
729 527 945 585 fervens
973 535 1029 583 et
1053 521 1384 582 accensum?
1426 521 1486 579 ln
1524 517 1773 576 eamdem

164 635 355 676 rursus
402 621 624 677 intravit
677 621 950 678 civitatem
974 663 992 689 ,
1031 629 1098 675 tut
1136 617 1516 674 ostenderetur
1555 614 1731 684 ipsum
1756 650 1774 676 ,

162 713 338 769 sicubi
381 715 628 782 recessit,
660 713 714 771 id
746 715 958 779 fecisse,
1001 712 1146 784 quod
1164 712 1336 767 .vellet
1375 709 1604 765 verbum
1633 705 1777 760 inse~

166 821 310 870 rere,
342 809 559 880 etquod
589 825 705 874 non
718 818 993 878 oporteret
1026 807 1263 862 furorem
1291 805 1508 860 illorum
1551 815 1777 857 succen-

165 899 320 956 dere.
351 899 480 975 llaaq
516 917 624 957 non
665 901 844 957 minus
881 916 1044 972 quam
1091 899 1245 971 signa
1287 896 1613 968 conspicuos
1657 893 1778 948 illos

168 991 505 1061 reddebant,
545 1001 602 1050 et
640 992 814 1064 majus
859 992 1114 1065 gaudium
1150 991 1450 1063 pariebant.
1498 988 1776 1057 Nusquam

165 1099 306 1140 vero
342 1085 476 1165 dicit
501 1087 648 1158 ipsos
674 1102 924 1144 reversos
959 1102 1102 1156 esse,
1134 1087 1432 1159 gaudentes
1453 1083 1597 1155 quod
1625 1083 1778 1152 signa

167 1176 453 1248 fecissent,
480 1181 577 1237 sed
607 1180 750 1251 quod
792 1179 943 1253 digni
969 1181 1137 1236 habiti
1181 1177 1535 1249 fuissent'pro
1560 1178 1779 1232 nomine

163 1269 286 1340 ejus
325 1273 708 1329 contumeliam
754 1273 865 1344 pati
896 1293 910 1330 :
940 1289 1063 1328 nam
1090 1285 1147 1330 et
1170 1272 1274 1329 hoc
1298 1256 1332 1328 a
1360 1271 1576 1328 Christo
1598 1269 1777 1326 edocti

167 1363 387 1420 fuerant
410 1365 626 1421 dicente
655 1383 669 1420 :
705 1366 881 1421 Nolite
903 1366 1128 1440 gaudere
1146 1408 1162 1435 ,
1194 1368 1318 1437 quia
1348 1364 1610 1419 daemonia
1639 1361 1779 1417 vobis

164 1455 509 1527 subjiciuntur
529 1457 680 1532 (Luc.
701 1459 789 1515 i0.
822 1458 936 1528 20).
955 1457 1154 1514 Verum
1190 1460 1334 1514 enim
1356 1459 1627 1512 sincerum
1649 1471 1782 1526 gau-

165 1549 319 1603 dium
363 1549 470 1607 hoc
511 1560 626 1615 est,
671 1552 871 1623 aliquid
912 1553 1021 1622 pati
1061 1567 1161 1622 pro
1193 1550 1432 1606 Christo.
1475 1549 1682 1606 Deinde
1725 1550 1787 1620 in.

165 1644 416 1701 civitates
443 1645 563 1701 illas
602 1661 794 1701 omnes
835 1655 1121 1712 venerunt,
1164 1647 1219 1702 in
1252 1646 1450 1718 quibus
1490 1646 1778 1718 periclitati

167 1736 399 1792 fuerant.
431 1736 502 1793 Et
534 1750 734 1807 postera
761 1739 866 1794 die.
890 1742 1148 1810 profectus
1188 1749 1280 1796 est.
1298 1755 1416 1792 cum
1456 1735 1697 1791 Barnaba
1724 1738 1781 1791 in

167 1827 390 1888 Derben.
407 1831 502 1889 20.
520 1831 744 1902 Cumque
758 1832 1187 1904 euangelizassent
1197 1832 1388 1887 civitati
1402 1831 1501 1899 illi,
1518 1843 1566 1887 et
1577 1833 1781 1886 docuis-

165 1934 276 1978 sent
304 1926 514 1991 multos,
555 1927 741 1982 reversi
765 1935 885 1981 sunt
914 1925 1158 1998 Lystraut
1183 1935 1231 1979 et
1256 1924 1494 1980 Iconium
1517 1935 1564 1980 et
1596 1925 1778 1978 Antio-

164 2017 358 2084 chiam,
379 2016 476 2072 ει.
503 2019 866 2088 conﬁrmantes
904 2019 1103 2073 animas
1146 2018 1541 2088 discipulorum,
1587 2020 1776 2073 exhor-

167 2116 438 2181 tantesque
480 2121 536 2164 ut
581 2121 930 2179 permanerent
963 2111 1019 2165 in
1047 2110 1174 2180 fide,
1200 2121 1248 2164 et
1293 2109 1432 2180 quod
1461 2127 1551 2180 per
1589 2113 1779 2164 multas

167 2202 526 2258 tribulationes
554 2214 748 2275 oportet
775 2221 867 2260 nos
894 2207 1086 2260 intrare
1101 2209 1156 2260 in
1183 2223 1394 2277 regnum
1418 2205 1535 2260 Dei.

239 2295 298 2350 2.
340 2297 453 2352 Hoc
478 2296 759 2364 dicebant,
795 2298 898 2353 hoc
929 2297 1323 2352 monstrabant.
1374 2296 1774 2366 Conﬁrmantes,

166 2389 367 2460 inquit,
395 2389 594 2443 animas
622 2389 1014 2459 discipulorum.
1062 2389 1250 2460 Itaque
1280 2389 1585 2446 continuati
1613 2401 1774 2453 sunt,

168 2481 282 2535 imo
309 2490 435 2536 sunt
460 2482 712 2553 appositi.
745 2481 1120 2536 Prtedicabant
1146 2497 1310 2552 ergo,
1363 2496 1432 2536 ne
1464 2483 1518 2536 in
1544 2480 1778 2535 offendi-

166 2573 355 2629 culum
401 2575 675 2630 caderent.
729 2574 800 2629 Et
827 2575 980 2644 quasi
1023 2573 1093 2629 de
1134 2573 1397 2630 industria
1429 2573 1533 2628 hoc
1561 2574 1640 2640 lit,
1670 2588 1777 2628 non

169 2675 380 2720 tantum
417 2681 515 2737 per
559 2666 858 2736 apostolos,
895 2666 988 2720 sed
1017 2669 1178 2720 etiam
1213 2681 1310 2736 per
1337 2665 1672 2734 discipulos;
1721 2673 1781 2720 ut

167 2756 385 2812 discant
414 2760 605 2812 statim
624 2757 693 2811 ab
726 2758 877 2812 initio
907 2768 960 2811 et
984 2756 1381 2827 praedicationis
1403 2758 1534 2819 vim.
1559 2764 1615 2812 et
1635 2758 1781 2826 ipsos

167 2850 337 2905 etiam
365 2860 618 2920 oportere
647 2850 770 2905 talia
811 2851 956 2921 pati;
991 2860 1155 2919 utque
1205 2851 1414 2905 fortiter
1457 2860 1621 2914 stent,
1672 2864 1783 2904 non

168 2945 339 2999 modo
368 2945 434 2998 ad
463 2945 612 3017 signa
644 2945 929 3010 inhiantes,
963 2945 1057 3000 sed
1091 2946 1261 2999 multo
1288 2945 1460 3015 magis
1489 2944 1555 2998 ad
1596 2953 1776 3018 tenta-

169 3039 372 3091 tioncs.
408 3036 530 3092 Ideo
557 3047 613 3092 et
641 3038 754 3108 ipse
783 3037 1037 3100 dicebat;
1065 3035 1214 3090 Idem
1233 3047 1487 3092 certamen
1513 3037 1778 3115 habentes,

168 3131 324 3199 quale
367 3141 415 3185 et
460 3131 658 3186 vidistis
696 3131 751 3184 in
785 3147 866 3184 me
892 3141 939 3184 et
967 3131 1246 3186 exaudistis
1287 3130 1549 3204 (Philipp.
1582 3132 1632 3185 l.
1664 3129 1779 3206 '50).

170 3222 628 3293 Persequutiones
669 3221 980 3290 frequentes
1009 3231 1168 3277 erant
1197 3241 1209 3275 :
1245 3223 1444 3293 ubique
1477 3222 1651 3289 bella,
1687 3239 1784 3294 pu-

169 3331 318 3386 gnas,
354 3315 733 3384 lapidationes.
763 3315 952 3382 Qualis
977 3315 1324 3371 adhortatio?
1356 3315 1628 3386 quomodo
1660 3332 1785 3386 per-

171 3406 496 3471 suadebant,
526 3407 655 3462 dum
687 3408 739 3461 in
775 3407 1042 3479 principio
1084 3408 1463 3462 tribulationes
1503 3407 1787 3463 dicerent?

175 3500 387 3571 Deinde
410 3510 463 3556 et
484 3501 585 3555 alia
613 3501 914 3558 consolatio
940 3520 952 3554 :
982 3501 1071 3556 2‘2.
1099 3500 1304 3556 Etcum
1330 3501 1652 3556 ordinassent
1682 3501 1787 3556 illis

173 3611 268 3665 per
289 3595 521 3666 singulas
548 3592 806 3648 Ecclesias
834 3595 1170 3666 presbyteros,
1200 3603 1245 3646 et
1267 3603 1497 3647 orassent
1516 3611 1631 3647 cum
1650 3595 1787 3665 jeju—

174 3688 297 3752 niis,
322 3691 797 3741 commendaverunt
826 3703 909 3741 eos
931 3686 1174 3748 Domino,
1198 3687 1251 3739 in
1273 3702 1421 3753 quem
1440 3684 1785 3742 crediderunt.

174 3772 432 3835 Vidistin‘
463 3778 729 3835 fervorem
753 3779 947 3833 Pauli?
987 3775 1116 3833 Cum
1145 3785 1394 3841 orassent,
1427 3777 1596 3846 inquit
1623 3819 1638 3842 ,
1673 3795 1789 3830 cum

174 3872 411 3944 jejuniis.
444 3874 924 3927 commendaverunt
953 3888 1037 3926 eos
1065 3870 1307 3925 Domino.
1353 3870 1507 3936 Vide,
1543 3887 1665 3924 cum
1701 3871 1786 3940 je-

177 3965 344 4034 iuuiis
385 3965 782 4022 ordinationes.
818 3957 1042 4020 Rursus
1067 3964 1355 4035 jejunium,
1396 3965 1643 4034 purgatio
1669 3965 1789 4018 ani-

179 4075 392 4114 marum
422 4069 749 4113 nostrarum.
776 4059 868 4113 25.
894 4057 1333 4127 Transeuntesque
1357 4054 1630 4120 Pisidiam,
1655 4073 1795 4110 vene-

179 4162 300 4206 runt
325 4153 379 4204 in
405 4149 769 4221 Pamphyliam
791 4166 809 4214 ;
833 4149 924 4204 24.
948 4161 993 4202 ει
1020 4133 1275 4219 loquentes
1295 4149 1499 4202 verbum
1521 4149 1573 4201 in
1605 4146 1790 4219 Perge,

180 4245 558 4302 descenderunt
588 4246 642 4298 in
667 4245 934 4298 Attalium.
963 4242 1098 4298 Nam
1122 4258 1190 4296 ne
1209 4241 1596 4312 discipulorum
1628 4244 1792 4296 animi

181 4340 556 4404 conciderent,
588 4339 731 4409 quod
761 4339 859 4398 illi.
894 4339 984 4408 qui
1012 4337 1085 4392 dii
1114 4337 1405 4391 existimati
1438 4335 1672 4401 fuerant,
1717 4349 1796 4390 ta-

183 4435 252 4488 lia
299 4443 636 4504 paterentur,
692 4431 917 4501 ingressi
968 4438 1094 4484 sunt
1137 4428 1207 4482 ad
1248 4429 1392 4494 illos,
1441 4440 1497 4484 et
1531 4429 1794 4499 alloqnuti

182 4539 315 4584 sunt
342 4542 461 4582 eos.
497 4528 562 4580 Et
595 4526 746 4589 vide;
774 4526 922 4595 prius
963 4525 1016 4578 in
1066 4524 1276 4578 Derben
1323 4525 1452 4584 exit.
1507 4523 1643 4578 dans
1692 4524 1798 4578 illis

186 4619 492 4690 respirandi
536 4619 712 4674 locum
741 4635 768 4672 a
802 4618 986 4678 furore
1006 4658 1022 4682 ,
1057 4627 1113 4672 et
1142 4627 1270 4671 tunc
1301 4631 1489 4672 rursus
1519 4619 1669 4672 venit
1695 4618 1800 4689 Ly—

183 4725 378 4780 stram,
403 4712 640 4767 Iconium
658 4721 712 4766 et
729 4711 1067 4765 Antiochiam
1095 4729 1107 4764 :
1133 4710 1435 4763 furentibus
1453 4709 1556 4764 illis
1577 4710 1794 4776 cedens,

186 4808 410 4862 sedatos
435 4820 567 4860 vero
593 4805 802 4861 adiens.
839 4804 1002 4859 Vides
1045 4818 1141 4859 eos
1186 4819 1294 4857 non
1337 4805 1516 4857 omnia
1551 4819 1646 4874 per
1679 4820 1802 4874 gra—

189 4901 348 4962 tiam,
371 4898 468 4955 sed
497 4899 656 4953 etiam
681 4913 774 4968 per
799 4897 1077 4968 proprium
1107 4895 1345 4951 studium
1369 4880 1801 4953 administrasse.

187 4994 279 5048 25.
315 4991 382 5046 Et
411 4981 531 5044 inde
559 4992 920 5061 navigaverunt
954 4989 1300 5052 Antiochiam,
1348 4988 1484 5042 unde
1517 4999 1662 5042 erant
1693 4999 1801 5042 tra-

191 5088 288 5140 diti
312 5085 495 5156 gratia:
519 5082 640 5150 Dei,
661 5086 713 5137 in
738 5100 869 5152 opus
888 5084 1026 5154 quod
1039 5081 1450 5152 compleverunt.
1482 5079 1591 5137 Cur
1616 5099 1806 5137 rursus

193 5176 539 5234 Antiochiam
571 5169 830 5232 veniunt?
855 5175 928 5232 Ut
950 5177 1274 5230 antiuntient
1293 5191 1355 5231 ea
1384 5191 1504 5246 qua:
1531 5177 1640 5230 illic
1668 5176 1804 5231 facta

193 5279 342 5326 sunt.
373 5260 631 5340 ‘Alioquin
662 5285 796 5324 vero
845 5269 972 5322 hinc
1002 5282 1198 5338 magna
1230 5283 1316 5322 res
1343 5267 1756 5323 administratur
1787 5287 1802 5324 :

195 5364 484 5435 oportebat
512 5364 657 5418 enim
681 5363 790 5434 jam
820 5377 940 5417 cum
978 5363 1170 5417 fiducia
1208 5361 1502 5430 prmdicare
1533 5363 1805 5432 gentibus.

203 5459 442 5514 Veniunt
484 5473 616 5529 ergo
661 5459 776 5514 haec
820 5457 1144 5522 nuntiaturi,
1199 5466 1257 5510 ut
1297 5457 1439 5511 scire
1471 5457 1698 5526 possint.
1744 5458 1812 5511 Et

169 5545 533 5623 'providetur,
567 5562 625 5607 ut
663 5563 792 5608 tunc
819 5553 1037 5606 veniant
1076 5552 1109 5606 ii
1139 5552 1229 5620 qui
1282 5551 1638 5620 prohibebant
1683 5567 1808 5606 cum

197 5647 454 5718 gentibus
477 5647 715 5709 versari;
748 5656 808 5699 ut
835 5646 1031 5700 deinde
1058 5633 1307 5715 magnam
1344 5661 1411 5700 ex
1453 5645 1808 5718 Jerosolymis

202 5739 457 5794 fiduciam
489 5737 691 5807 adepti,
725 5737 954 5793 ﬁdenter
980 5737 1211 5794 abirent.
1248 5736 1344 5792 Vel
1390 5738 1548 5792 aliter
1627 5748 1810 5792 osten-

201 5830 282 5886 dit
309 5845 500 5885 eorum
534 5845 715 5885 mores
756 5846 863 5884 non
906 5829 1270 5899 arrogantiam
1316 5844 1529 5899 sapere.
1574 5827 1814 5883 Veniunt

203 5920 374 5988 enim,
406 5929 547 5977 utet
582 5921 832 5976 fiduciam
870 5937 1021 5977 suam
1068 5920 1382 5990 exhibeant,
1419 5920 1562 5993 quod
1605 5924 1810 5994 absque

1140 406 1208 463 IN
1248 403 1430 461 ACTA
1471 398 2003 460 APOSTOIDRUM.
2045 399 2282 456 HOSIIL.
2322 397 2523 457 XXXI.

3384 400 3494 457 230

1886 515 1992 570 illis
2015 516 2404 586 pmdicassent
2433 516 2707 588 gentibus,
2751 527 2806 575 et
2837 519 3224 592 obedientiam,
3251 527 3396 597 quod
3427 530 3496 584 ad

1883 612 2006 666 illos
2034 628 2148 668 rem
2176 613 2415 669 referant
2448 632 2462 668 :
2494 629 2671 686 neque
2699 615 2868 681 enim,
2895 618 3040 688 quod
3064 619 3186 674 talia
3219 620 3496 690 fecissent,

1883 715 2202 778 arroganter
2230 716 2481 778 egerunt.
2517 706 2669 763 Unde
2693 718 2840 764 erant
2863 711 3062 774 traditi,
3093 713 3287 785 inquit,
3318 728 3502 786 gratia:

1883 798 2003 856 Dei.
2036 801 2324 871 Etiamque
2354 803 2588 870 Spiritus
2630 803 2884 870 dixerat;
2928 805 3024 861 sed
3069 822 3165 873 ea,
3208 825 3331 879 quae
3374 823 3502 867 sunt

1884 893 2140 964 Spiritus,
2187 895 2391 950 sciebat
2419 911 2543 952 esse
2574 895 2693 951 Filii
2728 915 2743 951 :
2775 914 2877 951 una
2906 899 3050 954 enim
3086 911 3349 968 potestas,
3391 904 3499 959 sic—

1885 997 1946 1042 ut
1988 997 2181 1044 natura
2211 989 2343 1044 Filii.
2373 997 2430 1044 et
2459 990 2696 1061 Spiritus
2737 1004 2822 1046 est
2859 1007 2984 1047 una.
3039 993 3129 1050 26.
3175 993 3303 1050 Cum
3329 1007 3500 1053 autem

1883 1079 2136 1134 venissent
2162 1089 2210 1135 et
2234 1091 2626 1152 congregassent
2647 1081 2952 1149 Ecclesiam,
2980 1085 3266 1141 retulerunt
3307 1100 3503 1160 quanta

1886 1172 2085 1243 fecisset
2104 1171 2242 1227 Deus
2262 1189 2377 1228 cum
2403 1174 2526 1237 illis,
2555 1185 2603 1228 et
2619 1176 2744 1247 quia
2763 1176 3046 1244 aperuisset
3065 1179 3297 1249 gentibus
3312 1183 3501 1237 ostium

1885 1265 2027 1334 fidei.
2058 1265 2149 1320 27.
2198 1264 2515 1322 Commorati
2552 1278 2672 1323 sunt
2714 1279 2888 1325 autem
2913 1271 3023 1327 illic
3049 1289 3153 1327 non
3179 1292 3339 1345 parvo
3369 1286 3500 1332 tem-

1887 1375 2012 1428 pore
2034 1376 2152 1414 cum
2178 1361 2466 1432 discipulis.
2501 1361 2632 1418 Jure
2662 1364 2883 1435 quidem
2910 1383 2926 1421 :
2955 1383 3080 1422 cum
3118 1384 3309 1441 magna
3355 1373 3500 1427 enim

1885 1450 2074 1505 civitas
2100 1461 2267 1516 esset,
2296 1447 2613 1510 doctoribus
2633 1470 2769 1525 opus
2793 1455 3045 1513 habebat.
3071 1459 3190 1516 .lam
3221 1464 3500 1533 superiora

1884 1551 2216 1611 repetamus.
2249 1543 2374 1614 Ipso
2399 1548 2710 1616 spectaculo
2739 1559 3050 1606 terruerunt
3082 1554 3223 1618 illos.
3248 1558 3501 1613 scinden-

1887 1643 1968 1689 tes
1996 1636 2316 1692 vestimenta
2340 1652 2458 1694 sua.-
2486 1639 2596 1695 Hoc
2621 1651 2674 1697 et
2690 1641 2849 1698 Iesus
2873 1643 3021 1702 Nave
3059 1647 3204 1714 fecit,
3233 1647 3284 1705 in
3318 1653 3501 1722 populi

1885 1727 2061 1783 clade.
2110 1728 2190 1785 Ne
2228 1745 2360 1801 ergo
2397 1740 2556 1801 putes
2585 1733 2687 1788 hoc
2715 1735 2824 1791 illis
2852 1747 2907 1793 et
2935 1738 3149 1794 illorum
3178 1751 3323 1798 statu
3358 1744 3501 1799 indi-

1884 1837 2047 1891 gntnn
2076 1837 2198 1879 esse
2230 1843 2245 1877 :
2273 1839 2447 1893 neque
2489 1827 2636 1881 enim
2679 1829 2838 1884 aliter
2882 1832 3253 1890 cohibuissem
3295 1846 3500 1893 tantum

1889 1915 2170 1984 impetum,
2220 1931 2327 1971 non
2368 1917 2527 1974 aliter
2558 1919 2868 1976 incendium
2899 1925 3312 1984 exstinxissent.
3363 1927 3497 1985 Cum

1886 2022 2017 2078 ergo
2042 2021 2178 2078 opus
2198 2007 2360 2064 fuerit
2381 2011 2600 2079 talibus,
2629 2029 2699 2070 ne
2726 2029 3045 2072 recusemus
3075 2034 3260 2090 agere.
3285 2021 3502 2094 εἰπεςο

1885 2099 1966 2153 sic
1989 2111 2214 2169 agentes
2241 2102 2331 2157 vix
2361 2116 2651 2160 suaserunt
2680 2106 2810 2173 illis,
2855 2109 2900 2165 si
2943 2124 3054 2166 non
3087 2111 3189 2168 hoc
3214 2111 3498 2183 fecissent,

1884 2192 2012 2261 quid
2042 2209 2148 2248 non
2178 2193 2415 2263 futurum
2447 2198 2606 2258 erat?
2655 2197 2789 2254 Nam
2836 2201 2880 2255 si
2931 2201 3036 2258 hoc
3076 2219 3182 2259 non
3221 2205 3500 2274 fecissent,

1886 2294 2127 2353 putatum
2175 2285 2368 2343 fuisset
2413 2289 2534 2344 illos
2569 2291 2738 2346 altum
2770 2307 2967 2363 sapere
3001 2306 3056 2350 et
3086 2297 3350 2354 honorem
3379 2318 3498 2356 am~

1885 2378 2022 2435 bire.
2049 2380 2119 2436 Et
2142 2383 2419 2453 perpende
2440 2399 2751 2442 sermoiiem
2776 2387 2829 2442 in
2860 2389 2950 2444 tali
2981 2391 3352 2461 increpatioiic
3381 2411 3501 2450 mo-

1887 2470 2161 2539 deratum,
2185 2473 2550 2533 admiratione
2580 2478 2748 2533 simul
2779 2490 2835 2535 et
2855 2491 3080 2550 stupore
3109 2484 3351 2553 plenum.
3387 2488 3501 2543 lloe

1886 2564 2124 2621 maxime
2155 2566 2279 2621 illos
2309 2568 2572 2635 cohibuit,
2603 2571 2747 2641 quod
2770 2571 3020 2629 dicerent
3049 2593 3062 2633 :
3089 2575 3157 2630 Et
3184 2594 3278 2632 nas
3307 2582 3502 2636 similes

1886 2658 2024 2713 vobis
2050 2659 2280 2715 homines
2306 2663 2574 2732 possibile:
2602 2681 2802 2733 sumus,
2844 2671 3211 2726 annuntiantes
3253 2675 3392 2729 uobis
3437 2679 3500 2729 ab

1888 2750 1967 2803 his
1988 2754 2132 2806 vanis
2166 2755 2390 2808 converti
2417 2755 2486 2808 ad
2511 2754 2677 2811 Deum
2700 2775 2722 2824 ,°
2748 2774 2814 2812 ac
2843 2761 2888 2814 si
2918 2759 3166 2818 dicerent
3196 2783 3208 2818 :
3239 2763 3503 2824 Homines

1888 2844 2106 2914 quidem
2137 2861 2344 2914 sumus,
2377 2847 2464 2902 his
2485 2859 2664 2905 autem
2699 2851 2963 2920 majores;
2998 2853 3115 2911 haec
3134 2859 3337 2929 quippe
3364 2876 3503 2916 mor-

1890 2945 1979 2990 tua
2006 2947 2150 2992 sunt.
2190 2938 2320 2994 Vide
2348 2940 2471 2996 illos
2496 2958 2600 2997 non
2628 2944 2970 3002 confutantes
3002 2951 3184 3015 modo,
3209 2953 3304 3008 sed
3337 2958 3500 3010 etiam

1889 3026 2170 3098 docentes,
2219 3043 2275 3087 et
2320 3033 2452 3087 nihil
2502 3033 2571 3090 de
2622 3035 2983 3094 invisibilihus
3029 3043 3334 3113 loquentes.
3402 3049 3504 3116 Qui

1891 3123 2029 3193 fecit,
2073 3124 2261 3194 inquit.
2290 3125 2474 3180 caelum
2500 3137 2545 3201 et
2572 3137 2760 3182 terram
2782 3140 2830 3183 et
2857 3148 3013 3195 mare,
3048 3143 3096 3188 et
3117 3138 3289 3190 omnia
3317 3156 3432 3203 qua:
3449 3142 3504 3196 in

1890 3216 1963 3270 eis
1986 3226 2125 3269 sunt.
2152 3216 2341 3272 Testes
2370 3207 2521 3287 ipsos'
2542 3221 2679 3275 dixit
2716 3236 2911 3278 annos.
2941 3224 2986 3280 0
3014 3225 3277 3284 insaniam
3317 3231 3505 3288 Judai-

1891 3310 2047 3364 cam!
2079 3311 2210 3364 Ausi
2233 3321 2360 3364 sunt
2381 3311 2588 3381 ingredi
2611 3313 2678 3367 ad
2709 3315 2968 3384 populum
2996 3318 3076 3373 sic
3109 3325 3383 3390 apostolos
3404 3324 3507 3380 ho-

1893 3410 2202 3466 norautcm,
2252 3404 2367 3456 ausi
2413 3413 2540 3458 sunt
2586 3407 2843 3462 invadere
2891 3419 2944 3462 et
2990 3411 3229 3480 lapidare
3258 3415 3505 3471 Paulum.

1896 3491 2060 3546 Extra
2106 3493 2379 3548 civitatem
2431 3506 2614 3549 autem
2660 3507 2961 3562 traxerunt,
3019 3502 3202 3559 forsan
3256 3507 3510 3565 timentes

1897 3585 2069 3639 illum.
2092 3583 2158 3638 Et
2186 3597 2412 3648 orantes,
2440 3587 2632 3659 inquit,
2657 3607 2774 3644 cum
2786 3594 3006 3662 jejuniis
3031 3602 3514 3658 commendaveruut

1893 3677 2011 3730 illos
2033 3674 2278 3731 Domino.
2315 3679 2381 3732 Et
2414 3679 3091 3754 docueruntjejunandum
3131 3705 3252 3746 esse
3291 3693 3343 3748 in
3391 3706 3511 3750 ten-

1897 3771 2210 3825 tationibus.
2259 3771 2376 3827 Non
2427 3774 2946 3846 dixerunt,quanta
2980 3782 3077 3851 ipsi
3109 3784 3368 3850 fecerant,
3416 3792 3512 3844 sed

1897 3872 2094 3932 quanta
2131 3865 2270 3918 Deus
2303 3863 2521 3921 fecisset
2544 3883 2667 3922 cum
2702 3871 2834 3926 illis.
2866 3872 3134 3931 Videntur
3164 3880 3296 3933 mihi
3331 3891 3511 3935 tenta-

1900 3957 2074 4011 tioncs
2117 3958 2318 4012 dicere.
2362 3958 2478 4013 Non
2509 3961 2626 4014 sine
2650 3977 2835 4027 causa,
2885 3981 2987 4021 nec
3015 3969 3080 4022 ad
3124 3971 3522 4040 quiescendum-

1900 4049 2078 4106 isthuc
2124 4062 2404 4117 venerant,
2453 4054 2548 4107 sed
2590 4054 2823 4124 Spiritus
2865 4060 3213 4127 providentia
3242 4065 3415 4134 ducti,
3457 4080 3519 4123 ut

1901 4141 2214 4211 prazdieatio
2239 4145 2478 4211 gentium
2506 4146 2832 4203 firmaretur.
2886 4151 2954 4205 Et
2997 4169 3113 4219 cur,
3146 4155 3377 4226 inquies,
3418 4177 3519 4217 nec

1903 4237 1956 4290 in
1983 4236 2181 4308 Cypro,
2211 4254 2309 4293 nec
2335 4244 2384 4291 in
2411 4239 2651 4294 Samaria
2686 4243 3034 4314 presbyteros
3069 4247 3352 4306 fecerunt?
3381 4254 3516 4322 Quia

1904 4329 2022 4383 haec
2064 4345 2232 4400 prope
2281 4332 2558 4400 apostolos
2603 4344 2739 4400 erat.
2789 4337 2998 4407 Cyprus
3037 4355 3169 4396 νετο
3199 4358 3366 4415 [πορθ
3402 4348 3518 4400 Αη·

1905 4421 2179 4484 tiochiam,
2228 4431 2284 4476 et
2334 4423 2558 4477 verbum
2611 4425 3018 4495 iuvnlescebat;
3073 4431 3162 4488 hic
3191 4451 3320 4490 vero
3351 4441 3519 4494 multa

1905 4515 2280 4570 Consolatione
2309 4532 2444 4589 opus
2492 4517 2785 4582 habebant,
2833 4520 3074 4578 maxime
3121 4529 3374 4596 gentiles,
3428 4535 3522 4600 qui

1909 4609 2134 4662 multum
2161 4609 2342 4663 doceri
2383 4609 2676 4666 debebant.
2727 4612 3007 4668 Venerunt
3046 4617 3344 4684 docentes,
3395 4627 3520 4694 quia

1906 4700 2025 4768 jure
2073 4701 2310 4756 ordinati
2357 4702 2571 4756 fuerant
2615 4719 2643 4757 a
2702 4703 2929 4774 Spiritu.
2978 4708 3045 4763 Et
3090 4711 3210 4767 vide
3250 4713 3522 4772 fervorem

1909 4791 2077 4846 Pauli.
2103 4791 2218 4847 Non
2251 4794 2568 4865 interrogat,
2593 4811 2662 4850 an
2686 4807 2933 4866 oporteat
2956 4801 3098 4871 loqui
3127 4806 3400 4875 gentibus,
3431 4811 3526 4866 sed

1910 4886 2092 4940 statim
2122 4886 2358 4954 loquitur
2390 4904 2402 4938 :
2430 4887 2551 4942 ideo
2589 4887 2835 4957 dicebat,
2891 4891 3017 4948 Non
3043 4899 3272 4966 acquievi
3306 4902 3455 4956 carni
3481 4916 3530 4958 et

1907 4980 2146 5050 sanguini
2175 4979 2316 5050 (Gal.
2352 4981 2400 5035 1.
2435 4982 2548 5052 ili).

1985 5073 2038 5126 3.
2082 5071 2333 5144 Magnum
2365 5089 2493 5128 Vere
2527 5074 2726 5130 bonum
2763 5078 3060 5147 tribulatio,
3109 5099 3173 5140 ac
3223 5083 3433 5160 magnae
3480 5102 3536 5149 et

1911 5180 2194 5232 generosae
2224 5168 2422 5223 animae
2448 5184 2605 5238 Opus.
2658 5171 2800 5239 Quot
2849 5185 3034 5243 postea
3075 5180 3446 5252 crediderunt,
3480 5200 3537 5243 et

1916 5259 2095 5315 nullus
2124 5269 2195 5314 tta
2227 5261 2414 5316 fulsit?
2444 5263 2518 5317 lta
2550 5265 2708 5322 nobis
2739 5269 2938 5338 ubique
2958 5273 3238 5330 alacritate
3265 5292 3402 5348 opus
3427 5291 3534 5346 est,

1916 5354 2197 5425 multoque
2235 5357 2466 5423 fervore,
2517 5357 2697 5412 anima
2743 5359 2810 5414 ad
2855 5370 3083 5418 mortem
3133 5380 3316 5435 parata
3365 5389 3379 5426 :
3430 5373 3539 5430 alio

1918 5446 2065 5501 enim
2093 5448 2255 5501 modo
2287 5464 2395 5503 non
2428 5466 2718 5519 possumus
2749 5470 2974 5524 regnum
3003 5462 3284 5531 consequi,
3311 5465 3414 5519 nisi
3444 5482 3541 5537 per

1919 5555 2158 5597 crucem.
2188 5543 2265 5597 Nc
2291 5543 2625 5614 decipiamus
2655 5549 3037 5618 nosmetipsos.
3068 5552 3123 5606 Si
3143 5556 3288 5609 enim
3321 5558 3371 5611 in
3395 5558 3542 5614 bello

1920 5636 2129 5689 servari
2159 5637 2364 5706 nequit,
2399 5638 2489 5707 qui
2531 5638 2836 5705 deliciatur,
2869 5643 3112 5709 pecuniis
3156 5650 3358 5708 studet,
3409 5665 3539 5703 cau-

1925 5739 2156 5796 ponatur
2195 5730 2528 5805 ignavnsque
2567 5745 2655 5788 est
2689 5753 2701 5788 :
2734 5736 2906 5790 multo
2949 5737 3129 5791 minus
3157 5739 3209 5792 in
3243 5739 3346 5794 hoc
3369 5741 3537 5798 bello.

1920 5827 2115 5878 Annon
2148 5827 2348 5894 putatis
2377 5843 2500 5880 esse
2552 5843 2698 5882 nunc
2740 5829 2938 5884 bellmu
2987 5831 3232 5897 omnium
3280 5837 3539 5904 gravissi-

1920 5917 2114 5972 mum?
2142 5915 2263 5972 Non
2289 5928 2363 5973 est
2389 5918 2551 5986 nobis,
2588 5921 2792 5992 inquit,
2842 5939 3014 5994 pugna
3050 5927 3294 5981 aduersus
3337 5943 3539 6002 sangui-
