4034 6412
573 350 671 407 ﬁl

568 480 685 518 nent
726 470 777 516 et
816 472 1022 513 carnem
1068 454 1285 529 (Epita.
1327 451 1381 507 6.
1416 450 1529 521 12).
1560 448 1630 504 Et
1657 443 2062 516 prandentibus,
2098 449 2155 495 et

570 552 985 616 ambulantibus,
1005 560 1061 605 et
1083 546 1379 603 lavantihus
1399 544 1552 599 adest
1573 541 1840 597 inimicus.
1863 540 1979 594 Non
2009 537 2157 590 novit

566 629 711 701 enim
753 653 967 714 tempus
1020 640 1376 702 induciarum,
1421 634 1525 689 nisi
1572 632 1788 696 somni;
1834 630 1944 684 imo
1990 628 2154 681 etiam

568 749 697 795 tunc
721 743 866 806 saepe
894 738 1198 805 impugnat,
1227 741 1281 787 ot
1312 731 1552 800 impuras
1597 725 1835 781 immittit
1876 720 2157 790 cogitatio-

573 847 691 895 nes,
724 842 884 901 atque
912 843 941 883 a
968 826 1193 883 somniis
1241 822 1552 877 lasciviores
1594 818 1776 875 efﬁcit.
1828 813 1938 870 Nos
1977 822 2156 866 autem

570 924 725 993 quasi
760 935 917 992 parva
955 933 1041 973 res
1067 918 1156 982 sit,
1188 930 1285 985 pro
1310 929 1412 984 qua
1440 914 1555 980 ipse
1583 918 1802 981 pugnat,
1834 920 1950 961 'non
1989 903 2155 958 sobrii

572 1030 780 1079 sumus,
813 1026 987 1081 neque
1010 1009 1300 1079 surgimus.
1343 1020 1520 1075 neque
1562 1001 1879 1071 respicimus
1919 996 2158 1051 multitu-

571 1109 749 1164 dinem
779 1105 1210 1161 adversariorum
1236 1100 1389 1154 nobis
1419 1104 1774 1166 potestatum;
1818 1105 1922 1144 non
1952 1086 2155 1157 cogita-

573 1212 696 1255 mus
739 1197 842 1252 hoc
881 1197 1054 1265 ipsum
1098 1193 1347 1247 maximae
1390 1186 1719 1244 infelicitatis
1747 1198 1907 1249 esse;
1940 1179 2036 1236 sed
2082 1186 2159 1231 tot

571 1290 815 1345 conclusi
860 1287 1022 1343 bellis
1044 1327 1061 1353 ,
1092 1300 1157 1340 ac
1195 1284 1241 1340 si
1268 1300 1369 1354 pax
1406 1291 1551 1337 esset
1577 1280 1913 1336 deliciamur.
1944 1274 2158 1331 Credite

573 1382 726 1447 mihi,
765 1381 1014 1452 graviora
1042 1392 1184 1432 nunc
1206 1377 1424 1438 adsunt,
1460 1387 1767 1445 quam-quae
1805 1368 2003 1423 Paulus
2031 1380 2156 1437 pas-

570 1489 665 1530 sus
686 1484 788 1528 est.
820 1470 969 1525 Tunc
997 1469 1146 1524 illum
1170 1466 1437 1536 lapidibus
1468 1465 1850 1533 impetierunt;
1878 1474 2021 1515 nunc
2037 1472 2158 1513 ver-

571 1567 651 1621 bis
697 1564 1019 1643 impetignur,
1068 1574 1189 1631 quae
1239 1557 1505 1628 lapidibus
1549 1554 1797 1625 graviora
1830 1560 1972 1606 sunt.
2022 1548 2159 1617 Quid

568 1676 697 1729 ergo
727 1658 867 1712 factu
896 1654 1073 1724 Opus?
1096 1653 1172 1719 ,ld
1196 1650 1341 1721 quod
1364 1651 1456 1705 ille
1479 1649 1607 1703 fecit
1641 1666 1653 1701 :
1689 1646 1986 1715 lapidantes
2016 1644 2159 1697 enim

570 1769 632 1813 se,
675 1750 799 1804 odio
842 1764 946 1802 non
981 1747 1203 1810 habuit;
1238 1745 1331 1801 sed
1362 1753 1645 1815 postquam
1677 1742 1826 1795 illum
1862 1746 2157 1801 traxerant,

574 1856 852 1913 regressus
898 1848 981 1895 est
1030 1840 1081 1892 in
1122 1838 1414 1899 civitatent,
1458 1832 1835 1890 benefacturus
1865 1831 1950 1894 iis,
1985 1829 2071 1898 qui
2101 1842 2160 1881 se

571 1936 641 1990 ita
673 1935 939 1989 lat-serant.
964 1932 1019 1985 Si
1053 1941 1104 1983 tu
1133 1944 1345 1998 quoque
1374 1926 1820 1981 contumeliosum
1860 1932 1913 1976 et
1940 1931 1993 1975 te
2021 1918 2160 1987 inju-

569 2039 654 2084 ste
692 2028 973 2083 ltedentem
1016 2025 1223 2089 tuleris,
1272 2021 1536 2091 lapidatus
1577 2034 1699 2073 esse
1723 2018 1826 2072 dici
1858 2026 2028 2086 potes.
2083 2012 2162 2068 Ne

571 2122 770 2174 dixeris
800 2138 815 2174 :
857 2118 1133 2173 Neminem
1165 2115 1300 2172 laesi.
1342 2113 1511 2181 Quem
1539 2112 1683 2167 enim
1712 2110 1850 2164 ltnsit
1876 2108 2073 2163 Paulus
2104 2114 2163 2159 ut

574 2212 935 2283 lapidaretur?
981 2210 1224 2279 Regnum
1267 2206 1641 2269 annuntiabat,
1674 2204 1741 2258 ab
1773 2217 1960 2257 errore
2002 2198 2162 2255 redu-

573 2306 750 2369 cebat,
783 2303 848 2358 ad
880 2304 1046 2357 Deum
1075 2299 1378 2356 adducebat
1409 2315 1422 2351 :
1447 2297 1564 2351 haec
1591 2296 1747 2364 digna
1778 2304 1902 2349 sunt
1924 2292 2160 2355 coronis,

578 2396 1019 2463 proclamatione,
1048 2391 1345 2445 innumeris
1388 2388 1565 2451 bonis,
1612 2401 1716 2440 non
1763 2383 2065 2455 lapidibus;
2108 2392 2163 2435 et

573 2498 751 2542 tamen
799 2486 889 2540 ille
926 2484 1192 2539 contraria
1225 2494 1416 2551 passus
1455 2488 1558 2533 est.
1600 2477 1727 2531 Haec
1753 2476 1949 2549 quippe
1977 2474 2162 2543 splen-

575 2579 700 2635 dida
728 2588 811 2632 est
838 2576 1077 2632 victoria.
1130 2573 1195 2626 Et
1217 2582 1484 2628 traxerunt
1519 2585 1651 2633 eum,
1694 2567 1883 2637 inquit.
1923 2565 1999 2619 Te
2028 2579 2164 2634 quo-

577 2687 682 2741 que
727 2685 870 2739 saepe
915 2666 1168 2729 traltuttt;
1216 2664 1310 2719 sed
1340 2677 1406 2717 ne
1438 2660 1708 2725 irascaris,
1739 2660 1849 2711 imo
1882 2666 2163 2711 mansuete

579 2763 804 2832 pmdica
836 2761 1077 2814 verbum.
1112 2758 1189 2813 Te
1215 2754 1539 2811 contumelia
1579 2751 1798 2807 affecit?
1826 2750 1966 2805 Tace
1994 2759 2046 2803 et
2073 2748 2166 2805 he-

578 2854 756 2919 nedic,
789 2853 833 2907 si
864 2861 1039 2921 potes,
1087 2860 1141 2903 et
1168 2849 1246 2902 sic
1270 2856 1325 2900 tu
1352 2860 1568 2916 quoque
1597 2841 1893 2913 prtedicasti
1918 2839 2163 2905 verbum,

575 2945 801 3001 docuisti
832 2942 1146 2997 modestiam
1173 2949 1229 2995 et
1265 2935 1752 2993 mansuetudinem.
1799 2932 1991 2987 Multos
2041 2930 2163 2983 novi

576 3047 685 3088 non
712 3041 818 3085 tam
848 3026 1175 3084 vulneribus.
1199 3039 1356 3094 quam
1386 3020 1669 3076 verborum
1701 3018 1870 3087 plagis
1896 3015 2119 3070 sauciari
2146 3032 2160 3069 :

564 3139 701 3182 Jtom
733 3120 859 3175 tllnd
882 3118 1095 3189 quidem
1121 3116 1313 3170 vulnus
1340 3127 1536 3183 corpus
1556 3110 1805 3180 suscipit,
1832 3108 1937 3164 hoc
1962 3107 2161 3163 anima.

581 3211 685 3267 Sed
736 3227 803 3267 ne
849 3209 1143 3272 doleamus,
1200 3206 1307 3261 imo
1347 3204 1593 3259 dolentes
1623 3205 2004 3255 sustineamus.
2048 3197 2167 3253 Non

580 3303 773 3358 videtis
801 3301 1026 3372 pugiles,
1059 3312 1287 3367 quorum
1314 3296 1485 3364 capita
1520 3292 1816 3353 vulnerata,
1852 3290 2044 3344 dentes
2074 3304 2169 3343 ex-

582 3395 747 3458 cussi,
780 3403 997 3447 strenue
1018 3389 1162 3444 ferre
1181 3386 1431 3441 dolores?
1475 3384 1574 3439 llic
1618 3397 1747 3438 vero
1792 3396 1897 3436 non
1923 3396 2061 3451 opus
2084 3391 2168 3435 est

580 3484 809 3539 stridore
838 3493 896 3537 et
917 3496 1119 3535 morsu.
1149 3475 1457 3533 Recordare
1484 3474 1693 3529 Domini
1718 3474 1817 3538 tui,
1846 3481 1901 3527 et
1922 3472 2171 3542 pharma-

580 3594 699 3634 ctttn
726 3576 907 3632 statim
935 3574 1053 3642 ejus
1082 3570 1456 3626 recordatione
1500 3564 1831 3636 apposuisti;
1858 3622 1859 3629 η
1885 3563 2170 3619 recordare

580 3669 723 3725 Pauli
755 3686 769 3722 :
801 3668 973 3738 cogita
1021 3676 1092 3726 te,
1138 3662 1228 3733 qui
1280 3673 1565 3730 percussus
1608 3672 1690 3719 es,
1740 3655 1975 3725 vicisse,
2016 3654 2167 3709 illum

581 3777 731 3829 vero,
752 3760 843 3831 qui
876 3757 1157 3830 percussit,
1188 3754 1387 3808 victum
1410 3766 1551 3814 esse,
1575 3760 1630 3805 et
1654 3749 1731 3803 sic
1759 3757 1926 3802 totum
1957 3756 2167 3802 curato.

587 3855 911 3911 Momentum
949 3861 1033 3906 est
1061 3868 1075 3904 :
1108 3864 1175 3903 ne
1195 3847 1443 3917 rapiaris,
1470 3856 1523 3899 et
1558 3853 1724 3900 totum
1739 3841 2026 3911 perfecisti
2061 3858 2074 3893 :
2102 3855 2171 3894 ne

588 3945 876 4013 movearis,
917 3953 971 3998 et
1028 3952 1198 3996 totum
1256 3936 1584 3992 exsnuxisti.
1640 3934 1827 4003 Magna
1876 3932 2172 3987 consolatio

582 4048 665 4095 est
733 4035 931 4113 aliquid
985 4044 1038 4089 te
1094 4048 1192 4103 pro
1244 4030 1460 4085 Christo
1516 4028 1623 4098 pati
1676 4044 1690 4080 :
1746 4040 1851 4080 non
1914 4023 2173 4093 praedicas

582 4144 884 4188 sermonem
940 4126 1105 4192 fidei,
1176 4123 1271 4178 sed
1322 4121 1582 4192 praedicas
1636 4132 1943 4173 sermonem
1994 4114 2172 4185 philo-

591 4221 814 4292 sophiae.
873 4221 977 4285 At,
1033 4215 1280 4286 inquies,
1323 4194 1523 4281 quanto
1571 4213 1738 4277 magis
1790 4208 1890 4262 ille‘
1928 4220 2173 4261 mansue-

592 4324 702 4370 tum
743 4312 964 4375 videbit,
1015 4320 1163 4364 tanto
1202 4307 1371 4376 magis
1415 4302 1654 4369 instabit.
1696 4302 1983 4370 Propterea
2015 4300 2173 4369 igitur

585 4407 760 4469 doles,
786 4402 927 4473 quod
957 4403 1043 4457 ille
1068 4400 1161 4455 tibi
1191 4396 1493 4453 mercedem
1532 4394 1766 4463 augeat?
1811 4396 1879 4448 At
1924 4393 2176 4447 intracta-

589 4499 711 4555 bilis
737 4509 819 4553 est
842 4538 859 4563 ,
896 4493 1138 4564 inquies?
1180 4490 1308 4546 Haec
1332 4486 1789 4560 pusillanimitatis
1814 4496 1918 4565 tuae
1944 4498 2176 4539 excusa-

580 4599 660 4651 tio
686 4605 767 4649 est
802 4610 816 4647 :
844 4591 952 4645 alio
979 4588 1139 4643 modo
1175 4584 1528 4640 intractabilis
1554 4582 1678 4644 erit,
1707 4580 1750 4634 si
1797 4588 1848 4633 te
1874 4570 2172 4633 Vulciscaris.

587 4687 643 4741 Si
679 4686 841 4740 sciret
878 4680 1160 4737 Deus'illos
1191 4676 1556 4733 intractabiles
1592 4674 1725 4735 fore,
1754 4670 1799 4725 si
1831 4685 1933 4723 non
1962 4679 2014 4723 te
2041 4670 2179 4724 ulci-

576 4778 780 4841 ‘scaris,
813 4790 917 4828 non
949 4766 1053 4827 hoc
1078 4768 1445 4841 pmcepisset,
1476 4765 1568 4819 sed
1600 4764 1850 4822 dixisset,
1898 4760 1974 4814 Te
2005 4761 2174 4829 ipsum

593 4869 849 4924 ulciscere
879 4885 891 4919 :
924 4880 1110 4919 verum
1137 4864 1285 4918 no'vit
1312 4861 1413 4915 hoc
1439 4859 1533 4913 tibi
1566 4856 1748 4910 utilius
1780 4854 1913 4908 fore.

672 4957 1004 5016 Contumelia
1032 4952 1297 5027 quomodo
1343 4950 1580 5017 ferendae.
1605 4946 1772 5001 —l\‘e
1817 4962 1957 5017 pone
2004 4946 2175 5015 legem

590 5052 786 5108 divinae
814 5038 1136 5104 contrariam
1170 5063 1183 5097 :
1220 5044 1294 5097 illi
1324 5045 1654 5110 obtempera.
1686 5039 1800 5093 Non
1849 5054 1909 5094 es
1954 5048 2011 5091 tu
2060 5054 2176 5092 mc-

590 5144 694 5200 lior
722 5158 789 5197 eo
814 5140 903 5209 qui
932 5140 1059 5203 fecit
1084 5152 1203 5191 nos.
1233 5134 1393 5198 Dixit,
1420 5132 1525 5186 Fer
1550 5131 1903 5187 contumelias
1928 5174 1942 5195 ,
1973 5142 2025 5185 tt.
2058 5148 2179 5184 vero

589 5236 747 5298 dicis,
793 5229 1191 5287 Contumeliam
1245 5226 1511 5294 rependo,
1560 5239 1628 5279 ne
1676 5224 1765 5277 fiat
1807 5224 2175 5277 intractabilis.

592 5324 676 5380 Tu
712 5326 842 5393 ergo
888 5322 1007 5391 plus
1038 5318 1204 5387 sapis,
1252 5333 1410 5387 quant
1451 5314 1574 5369 ille?
1603 5314 1727 5370 lltec
1765 5314 1927 5369 verba
1963 5330 2028 5368 ex
2060 5329 2177 5384 pas-

595 5417 762 5477 sione,
812 5413 1124 5476 acerbitate,
1174 5420 1228 5465 et
1280 5409 1583 5481 arrogantia
1633 5408 2063 5474 proficiscuntur,
2115 5420 2178 5460 ac

594 5505 858 5560 contraria
889 5512 1013 5557 sunt
1038 5501 1143 5571 legi
1172 5500 1285 5554 Dei.
1338 5498 1557 5553 Etiamsi
1587 5498 1729 5551 enim
1760 5497 2035 5557 laederent.
2077 5512 2175 5549 att-

595 5611 703 5652 non
734 5592 1207 5662 obtemperantium
1236 5592 1390 5645 erat?
1417 5589 1551 5644 Cum
1581 5588 1851 5659 quidpiam
1877 5588 2018 5641 Deus
2044 5603 2178 5653 pra:-

594 5688 742 5755 cipit,
768 5702 834 5741 ne
858 5700 1116 5756 ponamus
1146 5698 1245 5738 nos
1266 5683 1438 5752 legem
1470 5682 1816 5735 contrariam.
1870 5677 2176 5751 Responsio,

594 5781 784 5852 inquit,
820 5780 1066 5834 submissa
1095 5779 1271 5833 avertit
1292 5777 1419 5831 iram
1456 5772 1632 5845 (Prov.
1669 5776 1755 5830 15.
1789 5773 1862 5843 1).
1907 5774 2019 5829 lloc
2048 5789 2176 5845 ergo

1342 336 1401 394 S.
1439 332 1715 392 JOANNIS
1751 322 2221 387 CHRYSOSTOMI
2262 322 2579 379 ARCHIEP.
2618 320 3153 378 CONSTANTINOP.

3772 320 3883 377 232

2263 438 2690 503 facitsubmissa,
2715 453 2821 493 non
2842 440 3130 494 contraria.
3160 436 3215 493 Si
3236 438 3327 492 tibi
3358 437 3597 508 prodest,
3628 440 3705 495 illi
3739 457 3876 513 quo.

2264 545 2367 599 que
2396 530 2614 600 prodest
2642 549 2656 584 :
2691 532 2734 585 si
2758 547 2885 586 vero
2913 531 3004 585 tibi
3030 543 3205 598 nocet,
3230 512 3317 601 qui
3341 545 3691 590 correcturus
3716 512 3873 592 illum

2263 635 2344 683 es,
2393 622 2562 675 multo
2617 622 2789 691 magis
2837 623 2909 676 illi
2962 624 3194 677 nocebit.
3240 622 3461 689 Medico,
3495 642 3623 679 cura
3650 630 3875 699 teipaunt

2267 710 2416 781 (Luc.
2450 714 2499 767 ι.
2529 711 2647 781 23).
2681 712 2992 767 Maledixit?
3038 713 3117 768 Tu
3147 708 3303 769 lauda
3330 734 3343 767 :
3374 718 3714 773 conviciatus
3744 724 3876 775 est?

2267 802 2347 856 Tu
2389 804 2648 858 encomiis
2685 804 2899 859 celebra
2931 822 2943 857 :
2974 805 3258 861 insidiatus
3290 808 3413 862 est?
3456 808 3604 863 Bene
3643 810 3728 865 fac
3772 823 3825 864 ttt
3857 832 3874 867 :

2266 898 2532 950 contraria
2562 894 2819 964 repende,
2849 895 2893 950 si
2923 895 3138 950 tandem
3166 898 3394 952 salutem
3432 901 3552 967 ejus
3592 917 3785 965 curas,
3811 920 3876 959 ac

2272 1001 2341 1040 ne
2386 986 2519 1040 velis
2546 986 2742 1041 vulnus
2784 996 2932 1040 tnutn
2965 986 3171 1042 ulcisci.
3203 990 3292 1053 At,
3327 990 3562 1055 inquies,
3598 1008 3752 1063 Saepe
3782 1012 3873 1063 pa-

2269 1077 2506 1133 tientiam
2530 1093 2701 1133 meam
2719 1089 2991 1149 expertus,
3016 1079 3251 1135 deterior
3279 1082 3494 1136 evasit?
3515 1082 3632 1139 lloc
3653 1069 3772 1139 'non
3801 1096 3872 1151 te,

2265 1170 2363 1224 sed
2392 1170 2543 1224 illum
2576 1179 2805 1233 spectat.
2841 1170 2933 1224 Vis
2963 1172 3101 1226 scire
3130 1184 3324 1239 quanta
3367 1189 3557 1244 passus
3584 1177 3657 1230 sit
3687 1178 3877 1233 Deus?

2268 1262 2403 1314 Aras
2441 1260 2585 1315 illius
2633 1262 3044 1326 subverterttnt,
3096 1265 3383 1333 pr0pltetas
3422 1266 3744 1324 occiderunt
3775 1289 3789 1324 :
3821 1281 3876 1325 et

2266 1350 2446 1405 omnia
2478 1352 2713 1421 pertulit.
2734 1354 2926 1407 Annon
2952 1364 3161 1422 poterat
3186 1355 3385 1411 fulmen
3412 1358 3743 1416 demittere?
3764 1360 3873 1419 Sed

2270 1452 2548 1513 postquam
2596 1443 2901 1515 prophetas
2933 1461 3070 1514 quos
3110 1446 3334 1502 lniSeral
3361 1450 3707 1518 occiderunt,
3744 1463 3877 1510 tunc

2268 1532 2462 1587 Filium
2513 1533 2668 1587 situm
2720 1536 2884 1589 misit.
2935 1534 3160 1602 Quando
3196 1539 3363 1607 magis
3403 1539 3567 1609 impie
3608 1544 3873 1612 agebant,

2275 1636 2400 1680 tunc
2448 1627 2619 1693 majus
2651 1626 2967 1682 beneficium
3010 1629 3255 1683 contulit.
3307 1630 3375 1684 Et
3406 1643 3459 1685 ttt
3500 1634 3543 1687 si
3576 1651 3741 1703 quem
3773 1653 3874 1692 ex-

2269 1728 2572 1786 asperatum
2599 1718 2820 1785 videris,
2845 1729 2972 1775 tunc
2999 1716 3169 1790 magis
3194 1721 3326 1776 cede
3354 1741 3368 1776 :
3403 1724 3493 1778 ille
3520 1742 3760 1798 namque
3790 1729 3874 1783 fn-

2269 1829 2360 1866 ror
2391 1814 2579 1883 majori
2607 1823 2729 1883 eget
2750 1816 3134 1870 consolatione.
3166 1815 3377 1884 Quanto
3404 1820 3709 1888 graviorem
3735 1838 3874 1878 con-

2270 1906 2542 1961 tumeliam
2587 1906 2785 1973 infert,
2838 1917 2986 1963 tanto
3028 1910 3218 1979 majori
3268 1909 3689 1969 mansuetudine
3733 1932 3875 1985 Opus

2269 2008 2351 2052 est
2382 2015 2396 2055 :
2424 2014 2487 2053 ac
2516 2000 2655 2055 sicut
2690 1998 2853 2055 febris
2880 2001 3094 2072 quando
3123 2002 3291 2073 magis
3320 2004 3518 2070 instat,
3571 2019 3703 2064 tunc
3750 2011 3875 2080 plus

2268 2106 2403 2159 opus
2431 2091 2592 2147 habet
2619 2091 2881 2147 cedente:
2913 2094 2991 2149 sic
3020 2102 3075 2147 et
3104 2093 3193 2148 ille
3224 2096 3313 2164 qtti
3347 2096 3616 2153 irascitur.
3640 2099 3875 2168 Quando

2272 2183 2383 2239 fera
2410 2187 2578 2256 magis
2613 2194 2981 2254 exasperatur,
3016 2195 3141 2241 tunc
3170 2202 3359 2242 omnes
3402 2189 3636 2259 fugimus
3668 2209 3682 2245 :
3709 2193 3791 2248 sic
3820 2204 3879 2248 et

2271 2276 2407 2330 irato
2434 2276 2707 2332 cedamus.
2759 2276 2836 2331 Ne
2864 2286 3018 2346 putes
3058 2277 3161 2332 hoc
3204 2278 3461 2335 honorem
3510 2296 3632 2336 esse
3665 2300 3679 2335 :
3718 2284 3873 2339 Alio.

2269 2371 2395 2438 quin
2426 2369 2590 2425 feram
2619 2370 2968 2433 houoramus,
3018 2381 3073 2425 et
3102 2370 3341 2427 furentes
3368 2375 3597 2443 proinde
3629 2374 3878 2431 honorae

2269 2476 2389 2514 mus
2409 2503 2423 2526 ,
2469 2477 2590 2517 cum
2618 2462 2994 2517 declinamus?
3038 2463 3254 2519 Minime
3289 2484 3302 2517 :
3334 2466 3624 2535 ignominia
3655 2468 3761 2523 ltoc
3793 2482 3881 2523 est

2268 2562 2323 2604 et
2346 2553 2702 2617 contumelia;
2726 2554 2835 2607 imo
2865 2570 2970 2607 non
2996 2554 3285 2622 ignominia
3310 2567 3363 2609 et
3391 2560 3743 2623 contumelia,
3778 2561 3878 2616 sed

2272 2644 2637 2697 misericordia
2668 2654 2720 2697 ct
2750 2644 3069 2715 benignitas.
3090 2644 3207 2700 Non
3235 2646 3386 2702 vides
3411 2660 3624 2716 nautas,
3650 2656 3878 2721 quando

2276 2735 2624 2789 vehementer
2651 2736 2741 2788 llat
2764 2749 2975 2800 ventus,
3008 2736 3293 2794 demittere
3321 2739 3458 2803 vela,
3495 2756 3563 2795 ne
3589 2746 3882 2813 demerga-

2273 2835 2357 2878 tur
2396 2827 2587 2879 navis?
2624 2827 2858 2895 equitem
2904 2842 3009 2880 non
3055 2828 3227 2893 vides,
3271 2844 3391 2884 cum
3428 2831 3629 2900 abripit
3655 2848 3836 2902 equus
3861 2877 3877 2899 ,

2269 2915 2547 2970 cedentem
2573 2932 2671 2970 nec
2703 2919 3042 2981 retinentem,
3074 2934 3141 2973 ne
3162 2931 3351 2987 sponte
3378 2922 3519 2974 vires
3548 2923 3842 2978 absumat?

2307 3004 2311 3008 ’
2339 3009 2394 3064 ι.
2430 3009 2539 3063 lloc
2563 3022 2619 3067 et
2644 3019 2698 3062 tu
2730 3008 2905 3063 facito.
2940 3008 3113 3065 Furor
3140 3008 3273 3081 ignis
3293 3021 3405 3075 est,
3437 3011 3650 3066 ﬂamma
3672 3016 3880 3070 ardens

2272 3100 2496 3153 materia
2524 3115 2730 3170 egens:
2765 3116 2832 3155 ne
2850 3102 2963 3170 igni
3020 3116 3197 3156 escam
3258 3104 3603 3174 suppedites,
3658 3117 3718 3161 et
3764 3114 3879 3162 cito

2273 3191 2471 3245 malum
2516 3191 2836 3261 exsuuguis.
2882 3193 2960 3246 lra
3009 3208 3113 3247 nou
3160 3210 3256 3263 per
3286 3211 3345 3247 se
3384 3196 3486 3247 vim
3537 3196 3745 3264 habet,
3775 3200 3877 3254 nisi

2272 3281 2410 3336 alius
2460 3283 2627 3351 ipsam
2676 3284 2804 3337 alat.
2852 3282 3057 3337 Nullam
3104 3292 3161 3338 tu
3218 3290 3621 3341 excusationem
3682 3291 3876 3346 habes.

2274 3373 2368 3428 Ille
2416 3373 2599 3428 furore
2643 3372 2957 3439 detinetur,
3001 3390 3100 3430 nec
3144 3378 3247 3431 scit
3271 3380 3397 3448 quid
3447 3380 3615 3446 facit;
3673 3393 3731 3437 tu
3783 3389 3875 3455 qni

2273 3466 2420 3519 illum
2470 3467 2695 3520 intueris
2719 3508 2732 3529 ,
2763 3482 2885 3520 cum
2918 3468 2969 3520 in
3003 3469 3147 3536 paria
3186 3470 3428 3525 incidens
3453 3514 3467 3536 ,
3519 3490 3699 3543 neque
3749 3470 3878 3531 hinc

2274 3560 2572 3627 sapientior
2599 3560 2783 3613 evadis
2802 3602 2817 3626 ,
2846 3577 3004 3629 quant
3034 3564 3243 3616 veniam
3274 3568 3498 3620 mereris
3517 3567 3543 3619 ?
3570 3568 3624 3621 Si
3662 3572 3715 3624 itt
3747 3587 3881 3626 con-

2274 3652 2469 3705 vivium
2500 3652 2620 3721 quis
2648 3652 2870 3705 veniens
2893 3694 2908 3717 ,
2945 3653 2996 3705 itt
3027 3656 3289 3708 vestibulo
3327 3659 3637 3727 quempiam
3669 3663 3883 3717 videret

2274 3744 2481 3799 ebrium
2505 3744 2755 3799 indecore
2770 3756 3038 3813 agentem,
3059 3745 3359 3817 deindeque
3376 3750 3559 3815 ipsein
3583 3753 3738 3821 paria
3758 3756 3886 3809 inci-

2277 3837 2465 3903 deret,
2516 3852 2698 3892 nonne
2746 3849 2863 3905 post
2905 3839 3050 3891 illmn
3081 3840 3264 3893 ebrius
3294 3832 3479 3896 factus
3508 3844 3690 3899 minus
3724 3849 3883 3902 venia

2276 3928 2466 3997 dignus
2491 3928 2679 3982 esset?
2701 3927 2774 3981 Ita
2794 3940 2850 3982 et
2880 3928 2963 3982 hic
2981 3929 3265 3984 dicendum
3299 3949 3314 3985 :
3350 3949 3417 3987 ne
3442 3912 3694 4003 putemus
3719 3956 3885 4009 posse

2277 4020 2344 4073 ad
2370 4018 2734 4074 defensionem
2760 4020 2863 4075 dici
2896 4038 2909 4073 :
2939 4020 3053 4075 Non
3084 4037 3183 4092 ego
3204 4026 3341 4093 cwpi
3373 4042 3386 4077 :
3420 4028 3521 4082 hoc
3550 4036 3747 4086 contra
3783 4052 3883 4089 nos

2278 4122 2362 4187 est
2384 4154 2399 4176 ,
2428 4114 2549 4181 quia
2580 4128 2752 4182 neque
2776 4114 2923 4166 illum
2953 4114 3197 4169 videntes
3218 4156 3233 4179 ,
3267 4122 3725 4187 tctnperantiores
3757 4126 3883 4181 facti

2279 4220 2463 4269 sumus
2493 4227 2504 4257 :
2538 4207 2991 4275 quemadmodum
3035 4208 3079 4261 si
3123 4202 3241 4279 quis
3269 4211 3409 4265 dicat
3439 4230 3452 4264 :
3486 4213 3602 4283 Ego
3633 4233 3746 4272 non
3776 4222 3883 4289 pri-

2282 4313 2402 4352 mus
2451 4300 2643 4353 occidi.
2702 4299 2825 4353 ideo
2871 4316 3102 4369 namque
3149 4317 3306 4371 poena
3353 4304 3549 4375 dignus
3594 4324 3658 4363 es
3689 4352 3705 4375 ,
3755 4314 3882 4383 quia

2279 4392 2581 4458 exemplum
2613 4392 2830 4457 videns,
2867 4408 2970 4447 non
2996 4402 3046 4447 te
3075 4396 3386 4453 eoltibuisti.

2353 4481 2598 4536 Iracundi
2620 4487 2897 4555 imago.—
2915 4488 2971 4541 Si
3000 4488 3447 4558 videresehrium
3475 4508 3699 4551 vomere
3719 4540 3734 4560 ,
3770 4498 3884 4552 dis-

2285 4574 2457 4641 trahi,
2486 4575 2749 4644 dirumpi,
2779 4578 2950 4632 oculis
2990 4580 3156 4634 torvis
3192 4585 3463 4652 respicere
3483 4626 3499 4651 ,
3534 4586 3885 4646 itnntunditia

2283 4682 2521 4721 mensam
2572 4670 2821 4737 replere,
2872 4686 3060 4727 omnes
3108 4674 3257 4727 illum
3307 4674 3529 4747 fugere,
3574 4681 3886 4754 deindeque

2286 4758 2512 4825 inparia
2560 4759 2859 4824 iucideres,
2912 4779 3091 4815 annon
3140 4765 3310 4833 magis
3358 4764 3659 4837 culpandus
3688 4776 3889 4831 usus!

2283 4847 2425 4902 Talis
2451 4858 2533 4903 est
2558 4851 2842 4905 iracundus
2873 4870 2885 4904 :
2922 4854 3091 4924 magis
3114 4870 3280 4912 venas
3309 4857 3495 4927 inflat,
3528 4878 3693 4930 quam
3721 4866 3767 4921 is
3797 4870 3886 4938 qui

2286 4943 2451 4997 vomit
2480 4961 2491 4995 :
2522 4944 2711 4997 oculos
2752 4945 3080 5013 inflammat,
3110 4950 3317 5006 viscera
3361 4953 3625 5025 discorpit
3649 4999 3665 5021 ,
3717 4966 3889 5020 vomit

2286 5036 2449 5090 verba
2474 5037 2564 5090 illo
2581 5038 2702 5091 cibo
2723 5039 3029 5107 impttriora,
3054 5042 3317 5113 indigesta
3337 5047 3515 5101 omnia
3537 5050 3784 5119 loquitur
3809 5060 3890 5111 tti-

2285 5128 2777 5200 hilqueperfectntn
2804 5132 2947 5202 (non
2978 5136 3120 5190 enim
3148 5139 3276 5192 sinit
3303 5140 3419 5209 ira)
3445 5158 3460 5205 ;
3497 5143 3592 5197 sed
3615 5144 3760 5200 sicut
3782 5150 3889 5205 iiltc

2285 5237 2429 5291 smpe
2476 5221 2812 5276 immoderati
2878 5222 3134 5282 humores
3194 5233 3534 5286 stomachum
3599 5238 3887 5295 turbante.-

2284 5316 2463 5369 omnia
2516 5328 2821 5371 evacuant:
2870 5320 2939 5374 ita
2966 5330 3022 5374 et
3070 5321 3159 5377 hic
3202 5326 3353 5380 calor
3398 5304 3598 5383 nimius
3643 5332 3885 5389 animant

2284 5410 2637 5475 concutiens,
2668 5426 2775 5465 non
2802 5411 2929 5465 sinit
2973 5423 3153 5484 tegere
3193 5431 3311 5485 quae
3354 5420 3516 5474 silere
3564 5435 3882 5492 oporteret;

2286 5500 2380 5553 sed
2406 5499 2631 5555 dicenda
2660 5511 2715 5555 et
2742 5520 2846 5555 non
2878 5502 3106 5558 dicenda
3134 5506 3359 5561 effundit
3382 5552 3398 5573 ,
3430 5528 3534 5563 ttott
3564 5514 3883 5587 audientes,

2285 5591 2379 5645 sed
2425 5593 2771 5661 semetipsum
2817 5593 3135 5664 deturpans.
3186 5599 3335 5653 Sicut
3379 5602 3541 5671 igitur
3599 5620 3886 5663 vomentes

2286 5680 2555 5753 fugimus,
2610 5684 2687 5737 sic
2730 5694 2788 5740 et
2837 5686 3004 5741 iratos
3048 5686 3334 5760 fugiamus.
3382 5692 3520 5759 Quid
3576 5696 3885 5755 faciemus?

2292 5774 2516 5841 Pulvere
2560 5779 2817 5833 vomitum
2848 5789 3123 5852 legamus,
3157 5786 3385 5839 tacendo
3432 5802 3597 5844 canes
3630 5808 3886 5850 vocemus
