4034 6442
168 435 270 492 231

145 638 250 692 καί
289 637 511 705 σάρκα.
575 635 687 688 Καὶ
738 631 1028 705 ἀριστῶσι,
1083 630 1179 684 καὶ
1219 629 1520 699 βαδίζουσι,
1560 626 1652 680 καὶ
1686 626 1840 676 λουο-

150 725 338 795 μένοις
393 722 657 794 πάρεστιν
685 723 714 775 ὀ
747 717 962 791 ἐχθρός.
1020 718 1098 771 Ού
1151 717 1263 788 γὰρ
1305 711 1415 769 οἶδε
1476 714 1668 787 καιρὸν
1713 715 1843 766 ἀνα-

149 812 359 883 κωχῆς,
397 813 447 865 εί
484 810 559 881 μὴ
585 809 679 863 τὸν
713 806 811 860 τοῦ
839 805 1010 860 ῦπνου
1057 805 1222 877 μόνον
1245 821 1259 834 ·
1319 802 1582 865 πολλάκις
1631 800 1688 854 δέ
1755 800 1848 854 καὶ

144 902 275 956 τότε
329 898 584 969 πολεμεῖ,
629 896 725 950 καὶ
782 894 1084 964 λογισμοὺς
1132 891 1426 969 ¹ἐμϐάλλων
1473 889 1845 960 ἀκαθάρτους,

147 988 247 1042 καὶ
303 983 739 1055 ἀσελγεστέρους
781 981 892 1040 ἀπό
953 981 1065 1035 τῶν
1121 979 1422 1052 ὀνειράτων
1447 979 1844 1050 ἐργαζόμενος.

158 1075 359 1146 Ἡμεῖς
387 1073 446 1127 δέ
471 1071 548 1136 ὡς
573 1071 704 1143 περὶ
733 1067 935 1142 μικροῦ
969 1067 1066 1123 τοῦ
1099 1068 1430 1137 πράγματος
1475 1066 1651 1129 δντος,
1706 1064 1848 1135 ὑπὲρ

144 1158 211 1218 οῦ
241 1164 452 1226 ἐκεῖνος
487 1159 735 1230 πολεμεῖ,
794 1159 858 1214 ού
907 1159 1175 1229 νήφομεν,
1241 1156 1364 1209 ούδέ
1413 1151 1846 1224 διανιστάμεθα.

142 1250 272 1304 οὐδὲ
300 1248 577 1319 βλέπομεν
607 1248 689 1310 είς
736 1245 801 1300 τδ
849 1244 1058 1316 πλῆθος
1103 1243 1216 1298 τῶν
1264 1242 1663 1313 ἀντικειμένων
1712 1243 1850 1312 ἡμῖν

142 1336 468 1409 δυνάμεωνσ
530 1336 632 1390 οὐκ
679 1333 995 1405 ἐννοοῦμεν,
1039 1334 1122 1387 ὃτι
1176 1331 1339 1387 τοῦτο
1393 1331 1530 1385 αὐτὸ
1550 1330 1656 1400 τῆς
1690 1329 1849 1400 μεγί-

147 1441 289 1496 στης
309 1423 660 1496 δυσπραγίας
691 1422 864 1476 ἐστίν*
893 1421 1012 1476 ἀλλ’
1054 1422 1162 1476 ὑπὸ
1217 1419 1493 1474 τοσούτων
1538 1416 1850 1486 κυκλούμε-

145 1530 232 1567 νοι
257 1511 535 1582 πολέμων,
566 1510 642 1576 ὡς
683 1512 742 1564 ἐν
773 1510 970 1584 εἰρήνῃ
997 1508 1322 1581 τρυφῶμεν.
1359 1504 1698 1560 Πιστεύσατέ
1735 1521 1848 1574 μοι,

144 1592 226 1653 ὧν
250 1597 466 1662 Παῦλος
493 1596 664 1652 ἔπαθε
688 1595 1054 1669 χαλεπώτερα
1079 1595 1196 1649 ἐστι
1230 1593 1428 1649 παθεῖν
1479 1591 1597 1646 νῦν.
1645 1591 1850 1645 "E607.-

146 1687 244 1740 λον
277 1686 445 1740 αὐτὸν
471 1685 597 1739 τότε
643 1684 812 1748 λίθοις
854 1687 1080 1740 ἐκεῖνον
1138 1683 1253 1737 ἐστι
1287 1683 1497 1754 ῥήμασι
1557 1679 1851 1750 βάλλεσθαι

145 1775 249 1827 καὶ
310 1772 407 1827 νῦν
477 1772 646 1826 λίθων
718 1773 1145 1844 χαλεπωτέροις.
1211 1770 1277 1824 Τί
1338 1765 1434 1824 οὖν
1492 1769 1576 1822 δεῖ
1629 1770 1848 1833 ποιεῖν;

149 1863 334 1932 Ὅπερ
364 1862 574 1925 ἐκεῖνος
603 1861 830 1929 ἐποίησε
851 1878 866 1893 ο
891 1862 1019 1924 τοὺς
1076 1859 1370 1930 βάλλοντας
1422 1859 1534 1930 γὰρ
1591 1858 1693 1910 οὐκ
1731 1856 1854 1926 ἑμί-

146 1967 342 2020 σησεν,
376 1947 516 2003 ἀλλὰ
571 1949 853 2021 ωράντων
904 1949 1070 2002 αύτδν
1117 1947 1340 2017 εἰσῆλθε
1391 1946 1555 2002 πάλιν
1609 1948 1690 2008 εἰς
1750 1945 1852 2015 τὴν

146 2038 332 2103 πόλιν,
355 2038 741 2109 εὐεργετήσων
770 2037 902 2099 τοὺς
956 2036 1027 2091 τά
1075 2036 1303 2089 τοιαῦτα
1358 2035 1711 2106 ἠδικηκότας.
1755 2033 1854 2086 Ἂν

147 2125 387 2196 ἐνέγκῃς
423 2127 520 2178 καὶ
583 2123 649 2178 σὺ
687 2123 780 2177 τὸν
826 2123 1093 2195 ὑϐριστὴν
1125 2124 1216 2177 τὸν
1246 2125 1478 2194 τραχὺν,
1523 2123 1616 2176 τὸν
1650 2120 1854 2184 ἀδίκως

148 2229 215 2267 σε
240 2213 623 2284 ἐργασάμενον
646 2212 845 2276 ταῦτα,
882 2212 1175 2283 ἐλιθάσθης
1201 2212 1296 2265 καὶ
1322 2211 1410 2266 σύ.
1459 2213 1550 2283 Μὴ
1607 2213 1717 2282 γὰρ
1770 2210 1852 2264 ετ·-

147 2317 287 2373 πῃς,
312 2303 392 2356 ὅτι
420 2301 590 2355 Οὐδὲν
614 2301 876 2372 ἠδίκησα.
906 2301 970 2353 Τί
1017 2300 1127 2373 γάρ
1179 2300 1392 2365 Παῦλος
1444 2301 1705 2371 ἠδίκησεν
1765 2299 1854 2357 ἵνα

149 2388 422 2461 λιθασθῇς
479 2389 770 2462 Βασιλείαν
815 2390 1181 2461 κατήγγελλε,
1230 2390 1442 2459 πλάνης
1496 2389 1713 2460 ἀπῆγε,
1773 2387 1853 2458 τῷ

147 2474 274 2546 Θεῷ
326 2476 607 2548 προσῆγε·
654 2475 832 2531 ταῦτα
882 2477 1165 2545 στεφάνων
1206 2476 1353 2542 ἄξια,
1413 2477 1589 2530 ταῦτα
1641 2477 1854 2545 ἀνακηο

151 2563 385 2636 ρύξεως,
430 2563 606 2617 ταῦτα
657 2564 871 2636 μυρίων
924 2563 1169 2633 ἀγαθῶν,
1211 2565 1272 2618 ού
1321 2565 1486 2618 λίθων
1518 2580 1531 2594 ·
1559 2563 1676 2617 ἀλλ’
1704 2564 1855 2632 ὅμως

150 2653 420 2706 τάναντία
451 2651 712 2723 ἔπασχεν.
745 2650 897 2724 Αὕτη
929 2653 1092 2724 γάρὴ
1120 2653 1348 2724 λαμπρά
1373 2653 1521 2723 νίκη.
1560 2651 1672 2705 Καὶ
1709 2651 1855 2705 ἔσυ-

139 2755 269 2808 ραν
301 2738 515 2803 αὐτὸν,
551 2739 706 2810 φησί.
731 2739 840 2793 Καί
863 2757 923 2793 σε
947 2739 1210 2804 πολλάκις
1258 2741 1536 2812 σύρουσινο
1606 2739 1746 2794 ἀλλά
1777 2738 1853 2809 μὴ

147 2827 443 2898 ὀργισθῇς,
474 2827 610 2881 ἀλλά
633 2828 874 2898 κήρυξον
910 2827 1004 2881 τὸν
1035 2826 1196 2896 λόγον
1239 2827 1329 2882 διά
1374 2830 1476 2898 τῆς
1529 2827 1854 2891 ἐπιεικείας.

148 2916 396 2988 ’ϊϐρισέ
451 2932 546 2979 as;
598 2917 855 2988 Σίγησον,
884 2917 983 2970 καὶ⁸
1043 2915 1343 2989 εὐλόγησον
1375 2917 1424 2970 εί
1477 2917 1728 2981 δύνασαι,
1757 2918 1856 2972 καὶ

146 3004 330 3068 οὕτως
365 3003 645 3076 ἐκήρυξας
700 3007 797 3060 καὶ
843 3006 909 3059 σὺ
951 3005 1045 3059 τὸν
1072 3006 1254 3073 λόγον,
1310 3007 1639 3070 ἐπαίδευσας
1683 3009 1858 3063 ἐπιεί-

149 3110 336 3153 κειαν,
371 3092 704 3154 ἐπαίδευσας
726 3094 1033 3165 πραότητα.
1094 3090 1228 3171 Οἶδα
1281 3094 1510 3160 πολλοὺς
1558 3097 1658 3166 ούχ
1711 3096 1856 3151 οὕτω

148 3181 474 3254 τραύμασιν
519 3181 842 3250 ἀλγοῦντας,
897 3182 975 3246 ὡς
1035 3181 1219 3254 πληγῇ
1279 3186 1346 3253 τῇ
1414 3183 1505 3238 διά
1551 3186 1851 3256 ῥημάτων·

149 3268 318 3322 τοῦτο
350 3267 451 3338 μὲν
493 3267 603 3339 γάρ
644 3268 705 3322 τὸ
738 3267 964 3339 τραῦμα
1002 3267 1066 3322 τὸ
1123 3270 1284 3340 σῶμα
1312 3271 1550 3343 δέχεται,
1579 3275 1759 3327 ἐκεῖνο
1799 3274 1858 3329 δέ

152 3357 189 3426 ἡ
225 3354 399 3427 ψυχή.
447 3354 609 3408 Ἀλλά
644 3355 720 3426 μὴ
745 3357 1100 3429 ἀλγήσωμεν,
1146 3357 1350 3429 μᾶλλον
1406 3359 1463 3413 δὲ
1516 3359 1858 3430 ἀλγήσαντες

151 3444 497 3513 ἐνέγκωμεν.
523 3443 636 3513 οὐχ
662 3445 826 3514 δρᾶτε
846 3445 972 3508 τοὺς
995 3445 1394 3510 πυκτεύοντας,
1423 3447 1472 3500 οῖ
1493 3447 1655 3521 [245]
1676 3449 1858 3503 διατεα

152 3531 431 3604 τρωμίνοι
465 3530 564 3595 τὰς
594 3532 857 3600 κεφαλάς,
881 3535 1009 3596 τοῦς
1039 3533 1263 3598 ὀδόντας
1297 3535 1615 3599 ἐνδακόντες
1635 3579 1646 3600 ,
1683 3536 1860 3602 οὕτως

155 3621 385 3691 ἡμέρως
415 3618 646 3690 φέρουσι
678 3620 778 3683 τάς
808 3619 1142 3691 ἀλγηδόναςς
1181 3622 1449 3677 Ἐνταῦθα
1497 3625 1554 3678 δέ
1604 3627 1667 3679 ού
1699 3626 1862 3698 χρεία

160 3709 361 3781 βρύξαι
394 3709 522 3772 τοὺς
585 3708 828 3772 ὀδόντας,
859 3710 920 3762 οὐ
971 3712 1133 3779 χρεία
1192 3712 1397 3767 δακεῖν.
1455 3715 1862 3786 Ἀναμνήσθητι

158 3799 256 3852 τοῦ
286 3797 565 3850 Δεσπότου
598 3796 694 3851 τοῦ
727 3797 857 3862 σοῦ,
897 3798 992 3851 καὶ
1040 3800 1103 3852 τὸ
1139 3799 1434 3871 φάρμακον
1493 3802 1699 3867 εὐθέως
1739 3803 1865 3858 ἐπέ-

161 3886 344 3958 θηκας
386 3886 454 3956 τῇ
489 3886 679 3957 μνήμῃ
700 3903 716 3919 ο
752 3885 1133 3958 ἀναμνήσθητι
1168 3887 1385 3942 Παύλου
1409 3905 1424 3920 ·
1473 3891 1730 3961 ἐννόησον
1779 3893 1863 3946 ὄτι

165 3978 230 4030 σὺ
265 3976 530 4044 ἐνίκησας
556 3976 587 4028 ὀ
610 3974 1004 4048 πληττόμενος,
1040 3979 1247 4043 ἐκεῖνος
1276 3980 1332 4034 δέ
1358 3981 1590 4053 ἥττηται
1648 3984 1676 4037 ὀ
1727 3984 1865 4053 πλή-

165 4063 287 4128 ξας.
318 4063 416 4116 καὶ
437 4065 496 4116 τὸ
520 4065 630 4117 πᾶν
660 4064 798 4118 ίάσω
826 4064 916 4118 διὰ
939 4064 1154 4119 τούτου.
1197 4067 1366 4140 Ῥοπή
1419 4071 1561 4136 ἐστι,
1612 4071 1688 4142 μὴ
1738 4088 1866 4124 συν-

165 4154 447 4224 αρπαγῇς,
483 4151 578 4205 καὶ
626 4151 688 4204 τὸ
736 4153 846 4208 πᾶν
905 4152 1281 4225 κατώρθωσας
1320 4155 1557 4231 εύθέως⁶
1603 4158 1680 4229 μὴ
1712 4176 1866 4229 κινη-

163 4238 288 4310 θῇς,
319 4237 416 4291 καὶ
457 4237 521 4290 τὸ
568 4237 678 4291 πᾶν
719 4237 975 4303 ἔσϐεσας.
1007 4241 1237 4320 Μεγάλη
1284 4245 1613 4315 παραμυθία
1667 4247 1730 4300 τὺ
1762 4239 1865 4300 ’διά

167 4326 407 4400 Χριστόν
434 4342 490 4378 τι
516 4323 739 4378 παθεῖν·
770 4325 830 4378 ού
852 4326 1144 4396 κηρύττεις
1169 4329 1261 4382 τὸν
1290 4330 1449 4398 λόγον
1478 4331 1579 4402 τῆς
1605 4331 1862 4397 πίστεως,

169 4413 307 4468 ἀλλὰ
354 4411 650 4483 κηρύττεις
706 4411 797 4466 τὸν
837 4413 995 4482 λόγον
1048 4415 1148 4485 τῆς
1189 4417 1528 4490 φιλοσοφίας.
1585 4419 1723 4472 Ἀλλ’
1754 4420 1866 4492 ὅσῳ

171 4501 240 4572 ἀν
271 4500 358 4572 ίδῃ
379 4501 482 4572 τὴν
513 4501 839 4565 ἐπιείκειαν,
886 4503 1042 4574 φησὶ,
1093 4505 1334 4574 τοσούτῳ
1378 4508 1582 4573 μᾶλλον
1628 4505 1868 4573 ἐπιτίθε-

169 4606 282 4642 ται.
313 4586 414 4641 Διά
442 4586 602 4640 τοῦτο
627 4584 720 4642 οὖν
749 4588 957 4657 ἀλγεῖς,
986 4591 1069 4643 δτι
1096 4592 1297 4662 μᾶλλόν
1329 4611 1412 4646 σοι
1459 4595 1588 4659 τοὺς
1639 4595 1868 4666 μισθοὺς

168 4675 360 4743 aug“;
397 4675 538 4728 Ἀλλ’
567 4676 842 4747 ἄχρηστος
874 4677 1106 4747 γίνεται,
1130 4681 1285 4752 φησί.
1329 4682 1502 4735 Τοῦτο
1537 4683 1738 4754 σκῆψις
1765 4685 1868 4754 τῆς

173 4765 316 4827 ἰδίας
348 4763 747 4835 μικροψυχίαςο
777 4766 982 4838 ἑτέρως
998 4768 1275 4840 ἄχρηστος
1308 4771 1542 4838 γίνεται,
1569 4772 1634 4826 ἂν
1657 4772 1864 4845 ἀμύνῃ.

170 4854 237 4908 El
280 4853 402 4924 ᾔδει
439 4852 471 4904 ὀ
523 4853 679 4918 Θεὸς,
705 4856 788 4908 ὅτι
836 4855 924 4908 διά
966 4855 1062 4909 τοῦ
1118 4857 1193 4928 μὴ
1249 4859 1555 4928 ἀμύνεσθαι
1601 4861 1870 4933 ἄχρηστοι

169 4939 414 5008 ἐγίνοντο
438 4939 492 4991 οί
522 4939 718 5005 ἄδικοι,
758 4943 861 4996 ούκ
892 4942 959 4996 ἂν
982 4943 1144 4998 τοῦτο
1173 4945 1437 5011 ἐπέταξεν
1459 4990 1473 5013 ,
1508 4947 1624 5000 ἀλλ’
1655 4948 1810 5003 εἶπεν
1839 4963 1867 4991 ι

171 5027 262 5091 ἂν,
297 5029 541 5098 ’Δμυνον
565 5029 783 5097 σαυτῷ·
810 5029 926 5085 ἀλλ’
961 5028 1101 5087 οἶδεν
1128 5036 1213 5088 ὃτι
1264 5035 1410 5090 οὕτω
1469 5037 1671 5108 μᾶλλον
1719 5038 1868 5109 ὠφε-

169 5115 321 5170 λεῖτα
330 5134 368 5170 ι.

245 5202 338 5274 Μὴ
364 5202 768 5274 ἀντινομοθέτει
803 5203 881 5275 τῷ
908 5207 1029 5277 Θεῷ
1052 5224 1067 5240 ·
1099 5209 1295 5280 ἐκείνῳ
1327 5211 1540 5267 πείθου.
1576 5213 1691 5266 Οὐκ
1721 5207 1771 5266 εἴ
1803 5215 1868 5269 σὺ

170 5287 524 5360 ἀγαθώτερος
581 5291 677 5344 τοῦ
733 5293 1061 5364 ποιήσαντος
1089 5297 1257 5366 ἡμᾶς.
1291 5294 1491 5365 Εἶπεν,
1541 5299 1869 5372 Ὑϐριζόμε-

171 5393 266 5441 νος
301 5377 476 5448 φέρεο
541 5378 605 5431 σὺ
665 5379 868 5447 λέγεις.
913 5381 1271 5454 Ἀνθυϐρίζω,
1318 5387 1406 5440 ἵνα
1460 5387 1535 5460 μὴ
1591 5390 1871 5460 ἄχρηστος

171 5465 460 5537 γένηται⁶.
506 5467 579 5520 Σὺ
637 5464 732 5522 οῦν
772 5469 976 5539 μᾶλλον
1023 5471 1190 5526 αὑτοῦ
1244 5475 1594 5545 φροντίζεις;
1654 5477 1872 5542 Πάθους

171 5552 348 5608 ταῦτα
383 5554 477 5606 καὶ
499 5555 838 5628 τραχύτητος
893 5557 964 5612 τά
1024 5561 1248 5631 ῥήματα
1291 5565 1386 5617 καὶ
1420 5565 1740 5631 ἀλαζονείας
1777 5570 1872 5623 καί

171 5641 270 5695 τοῦ
305 5642 747 5712 ἀντινομοθετεῖν
769 5646 852 5716 τῷ
875 5647 1014 5718 Θεῷ.
1040 5649 1102 5702 EE
1132 5652 1241 5722 γὰρ
1270 5654 1364 5706 καὶ
1391 5654 1712 5720 gazam—.0,
1749 5660 1872 5730 ούχὶ

175 5729 464 5784 πείθεσθαι
496 5733 690 5804 ἐχρῆν;
719 5735 888 5789 Ὅταν
917 5736 945 5787 ὁ
975 5735 1107 5801 Θεός
1138 5755 1191 5791 τι
1223 5743 1562 5815 προστάττῃ,
1601 5746 1675 5815 μὴ
1728 5747 1874 5801 ἀντι.

176 5818 560 5889 νομοθετῶμεν
581 5823 763 5892 ἡμεῖς.
823 5824 1184 5894 Ἀπόκρισις,
1224 5832 1410 5901 φησὶν,
1438 5834 1872 5890 ύποπίπτοινσα

237 6020 268 6050 ⁸
295 6018 433 6071 Unus
455 6020 598 6073 τοῦτο
619 6026 861 6086 ἐποίησεν,
891 6032 996 6080 ΗΥ
1023 6034 1169 6084 εἶπεν.

177 6088 396 6134 cuonem
422 6086 647 6137 codicum
665 6095 964 6154 recepimus.
1002 6095 1130 6144 hm'r.

547 6176 816 6238 Ρηιιοι.
859 6175 977 6238 Gn.
1026 6177 1153 6240 LX.

1267 6041 1294 6073 ¥
1320 6037 1488 6088 Monlf.
1512 6041 1744 6102 γένωμαι.
1771 6041 1870 6093 Lc-

1254 425 1326 482 IN
1363 425 1550 483 ACTA
1588 417 2130 478 APOS’I‘ULORUM.
2173 416 2413 474 HOMIL.
2456 416 2652 474 XXXI.

144 566 280 616 τον;
348 551 472 604 Οὐκ
527 548 701 602 ἔστιν
737 544 904 616 ἡμῖν,
957 542 1150 614 φησίν,
1190 543 1229 610 ἡ
1297 541 1463 607 πάλη
1511 538 1664 607 πρὸς
1699 521 1864 605 αἷμα

3549 423 3658 480 232

1950 532 2320 602 ἀποστρέφει
2378 533 2582 604 ὀργάς.
2646 533 2794 606 Ἄρα
2843 533 3004 588 τοῦτο
3053 539 3201 590 ποιεῖ
3243 539 3658 608 ύποπίπτουσα.

1949 620 2050 673 ούκ
2079 621 2496 695 ἐναντιουμένη.
2533 623 2596 675 Εί
2626 623 2688 676 σέ
2722 622 2946 692 ὠφελεῖ,
2973 624 3228 680 κάκεῖνον
3253 628 3487 700 ὠφελεῖ’
3525 634 3576 687 εί
3600 635 3658 688 δέ

1954 723 2014 760 σε
2047 707 2279 776 βλάπτει
2316 710 2410 764 τὸν
2468 710 2736 780 μέλλοντα
2782 712 3134 784 διορθοῦσθαι
3182 717 3417 786 ἐκεῖνον,
3478 721 3662 793 πολλῷ

1950 795 2154 866 μᾶλλον
2193 798 2423 853 ἐκεῖνον.
2476 798 2679 867 Ἰατρέ.
2736 799 3121 868 θεράπευσον
3174 807 3462 868 σεαυτόν.
3523 805 3661 864 Εἷπε

1948 884 2175 949 κακῶς;
2240 885 2562 940 Ἐπαίνεσον
2616 886 2719 940 σύν
2781 887 3162 962 ἐλοιδόρησεν;
3235 893 3657 966 Ἐγκωμίασονο

1946 970 2347 1026 ἐπεϐούλευσεν
2370 989 2385 1038 ;
2418 971 2802 1044 Εύεργέτησον
2823 993 2838 1007 ο
2865 978 2982 1040 τοῖς
3011 977 3282 1042 ἐναντίοις
3310 981 3478 1035 αὑτὸν
3499 984 3662 1055 ἀμεί-

1947 1056 2066 1121 ϐου,
2101 1061 2239 1129 εἴγε
2261 1060 2400 1123 ὅλως
2427 1061 2532 1131 τῆς
2559 1060 2774 1116 ἐκείνου
2806 1063 3086 1136 σωτηρίας
3124 1069 3400 1138 προνοεῖς,
3432 1069 3530 1138 καὶ
3583 1071 3662 1146 μὴ

1949 1149 2152 1203 σαυτοῦ
2204 1150 2267 1204 τὸ
2313 1150 2488 1214 πάθος
2553 1151 2793 1205 ἐκδικεῖν
2849 1152 2996 1206 θέλε.
3049 1154 3160 1207 Καὶ
3203 1154 3312 1227 μὴν
3374 1156 3661 1224 πολλάκις,

1949 1238 2138 1308 φησὶν,
2171 1237 2492 1301 ἀπολαύσας
2527 1238 2920 1311 μακροθυμίας
2952 1241 3155 1314 χείρων
3212 1243 3430 1312 γέγονε.
3486 1246 3662 1300 Τοῦτο

1947 1326 2009 1378 ού
2038 1325 2193 1396 παρά
2221 1326 2302 1389 σέ,
2331 1326 2469 1380 ἀλλά
2503 1328 2636 1397 παρ’
2663 1327 2850 1381 αὐτόν.
2889 1327 3080 1383 Βούλει
3113 1331 3308 1402 μαθεῖν
3331 1327 3421 1388 οἷα
3456 1333 3664 1388 ἔπαθεν

1946 1416 1976 1467 ό
1999 1414 2171 1481 Θεός;
2212 1414 2294 1467 Τά
2323 1413 2695 1486 θυσιαστήρια
2729 1415 2897 1469 αὑτοῦ
2922 1415 3307 1487 κατέσκαψαν,
3331 1421 3459 1484 τοὺς
3524 1437 3662 1494 προ-

1951 1502 2130 1571 φήτας
2174 1502 2533 1564 ἀπέκτειναν,
2587 1504 2684 1557 καὶ
2741 1503 2925 1559 πάντα
2951 1505 3190 1578 βφερεν.
3245 1508 3362 1561 Ούκ
3430 1508 3664 1579 ἠδύνατο

1952 1590 2198 1661 σκηπτὸν
2222 1589 2434 1644 ἄνωθεν
2459 1594 2832 1660 καταγαγεῖ-ι;
2873 1591 3015 1646 Ἀλλ’
3058 1595 3148 1647 ὅτε
3193 1596 3324 1660 τοὺς
3373 1598 3662 1669 προφήτας

1949 1679 2261 1744 ἀπέστειλε,
2296 1680 2391 1734 καὶ
2424 1679 2639 1733 ἀνεῖλον
2666 1680 2887 1746 αὐτοὺς,
2919 1682 3042 1736 τότε
3082 1683 3176 1737 τὸν
3208 1683 3338 1737 Υίὸν
3369 1685 3618 1757 ἐπεμψεν
3641 1704 3657 1719 ο

1949 1769 2041 1822 ὅτε
2069 1766 2294 1838 μείζονα
2320 1766 2622 1840 ἠσέϐησαν,
2648 1769 2770 1821 τότε
2807 1769 3075 1838 μειζόνως
3107 1771 3452 1844 εὐηργέτησε
3477 1790 3492 1837 ;
3547 1775 3660 1828 Καὶ

1951 1857 2018 1908 σὺ
2056 1855 2123 1909 ἂν
2157 1856 2274 1928 ῖδῃς
2295 1855 2721 1927 τραχυνόμενον,
2752 1858 2876 1910 τότε
2906 1859 3173 1929 μειζόνως
3201 1854 3344 1925 εἶξον
3367 1876 3381 1890 ·
3413 1861 3661 1932 μείζονος

1951 1942 2064 2012 γάρ
2086 1945 2119 2013 ὴ
2149 1943 2316 2012 μανία
2343 1942 2482 2014 αῦτη
2503 1943 2676 1996 δεῖται
2706 1943 3091 2015 παραμυθίας.
3116 1946 3272 2017 ’Ὀσῳ
3303 1945 3372 2001 ἂν
3405 1947 3660 2018 χαλεπώ-

1949 2047 2087 2101 τερα
2116 2029 2335 2102 ὑϐρίζῃ,
2363 2030 2604 2101 τοσούτῳ
2631 2030 2880 2096 πλείονος
2911 2032 2940 2072 Ιι
2963 2034 3270 2097 ἐπιεικείας
3307 2034 3479 2089 δεῖται
3502 2050 3514 2063 ·
3563 2037 3659 2089 καὶ

1952 2118 2207 2190 καθάπερ
2229 2119 2466 2190 πυρετὸς
2498 2119 2628 2173 ὅταν
2657 2120 2893 2192 σφοδρὸν
2925 2120 3159 2194 πνεύσῃ,
3195 2122 3320 2176 τότε
3354 2123 3527 2177 δεῖται
3562 2122 3657 2177 τοῦ

1948 2207 2191 2271 εἴκοντος
2218 2223 2232 2236 ·
2260 2207 2406 2261 οῦτω
2436 2209 2528 2261 καὶ
2551 2210 2579 2261 ό
2602 2206 2972 2280 θυμούμενος.
3006 2209 3081 2264 Τὸ
3140 2208 3331 2283 θηρίον
3383 2213 3516 2266 ὅταν
3553 2212 3660 2284 μά-

1950 2293 2112 2348 λιστα
2136 2293 2422 2366 ἀγριαίνῃ.
2444 2294 2569 2348 τότε
2600 2294 2883 2367 φεύγομεν
2916 2297 3162 2362 ἅπαντες
3182 2314 3194 2326 °
3219 2298 3366 2352 οῦτω
3411 2300 3509 2353 καὶ
3563 2299 3662 2354 τὸν

1950 2381 2325 2454 ὀργιζόμενον.
2357 2381 2452 2454 Μὴ
2479 2382 2712 2457 νομίσῃς
2737 2384 2900 2438 τοῦτο
2926 2388 3094 2458 τιμὴν
3139 2383 3282 2441 εἶναι
3309 2404 3322 2418 ·
3380 2389 3506 2442 ἐπεὶ
3562 2391 3661 2444 καὶ

1951 2469 2014 2523 τὸ
2049 2468 2237 2540 θηρίον
2259 2469 2536 2541 τιμῶμεν,
2571 2471 2667 2524 καὶ
2696 2473 2826 2536 τοὺς
2873 2475 3245 2545 μαινομένους
3294 2475 3428 2545 γοῦν
3485 2477 3662 2548 τιμῶ-

1955 2575 2076 2629 μεν,
2111 2560 2243 2612 ὅταν
2269 2558 2648 2631 ἐκκλίνωμεν;
2681 2561 2948 2632 Οὐδαμῶς
2971 2579 2982 2591 ·
3015 2564 3210 2631 ἀτιμία
3241 2563 3403 2618 τοῦτό
3427 2567 3544 2620 ἐστι
3567 2566 3662 2619 καὶ

1953 2643 2112 2714 ὕϐρις
2141 2663 2154 2676 ·
2191 2644 2395 2715 μᾶλλον
2431 2647 2488 2700 δὲ
2521 2647 2623 2701 οὐκ
2676 2649 2872 2719 ἀτιμία
2907 2651 3001 2704 καί
3038 2650 3216 2722 ῦϐρις,
3246 2651 3362 2705 ἀλλ’
3389 2652 3539 2717 ἔλεος
3565 2654 3662 2707 καὶ

1953 2733 2361 2807 φιλανθρωπία.
2429 2735 2543 2806 υύχ
2591 2738 2726 2808 ὁρᾷς
2773 2739 2903 2801 τοὺς
2959 2738 3186 2804 ναύτας,
3239 2742 3370 2794 ὅταν
3429 2741 3663 2812 σφοδρὸν

1953 2821 2241 2896 ἐμπνεύσῃ
2271 2823 2333 2876 τὺ
2361 2818 2604 2894 πνεῦμα,
2625 2822 2776 2897 [246]
2799 2824 3205 2898 καθαιροῦντας
3226 2829 3296 2880 τὰ
3327 2829 3494 2890 ἱστία,
3516 2829 3662 2883 ὥστε

1958 2911 2035 2982 μὴ
2058 2911 2361 2966 καταδῦσαι
2376 2912 2438 2966 τὸ
2457 2912 2667 2983 σκάφος
2691 2930 2705 2975 ς
2732 2914 2862 2978 τοὺς
2877 2914 3077 2980 ἵππους
3107 2917 3238 2972 ὅταν
3267 2918 3664 2989 συναρπάσωσι

1952 2999 2048 3054 τὸν
2075 3000 2369 3073 ἐπιϐάτην,
2399 3001 2797 3066 συνενδιδόντα,
2831 3002 2927 3057 καὶ
2950 3003 3012 3057 ού
3040 3003 3400 3072 καθέλκοντα,
3437 3006 3528 3060 ῖνα
3585 3008 3663 3079 μὴ

1955 3088 2286 3160 αὐτομάτως
2313 3082 2532 3163 κενὼσῃ
2565 3089 2664 3162 τὴν
2687 3090 2925 3161 δύναμιν
2947 3107 2962 3155 ;

2027 3178 2089 3232 δ’.
2113 3178 2287 3232 Τοῦτο
2301 3178 2478 3233 καὶσὺ
2503 3179 2754 3250 ποίησον.
2777 3180 2897 3252 Πῦρ
2922 3181 3071 3233 ἐστιν
3091 3181 3121 3233 ὀ
3140 3179 3331 3252 θυμὸς,
3352 3181 3486 3253 φλόξ
3513 3184 3665 3238 ἐστιν

1953 3265 2106 3332 ὀξεῖα
2133 3265 2365 3338 δεομένη
2401 3266 2536 3338 ὕλης
2557 3281 2571 3296 °
2608 3265 2685 3337 μὴ
2714 3268 3011 3340 παράσχῃς
3041 3269 3144 3341 τὴν
3171 3269 3380 3342 τροφὴν
3399 3270 3480 3341 τῷ
3505 3271 3663 3342 πυρὶ,

1955 3355 2052 3410 καὶ
2094 3355 2307 3426 ταχέως
2360 3355 2594 3419 ἔσϐεσας
2638 3355 2700 3409 τὸ
2752 3356 2948 3410 κακόν.
3003 3357 3118 3411 Ούκ
3150 3356 3266 3429 ἔχει
3308 3359 3433 3413 καθ’
3464 3360 3666 3433 ἑαυτὴν

1959 3444 2114 3515 ἰσχὺν
2144 3445 2178 3515 ἡ
2205 3442 2368 3515 ὀργὴ,
2397 3442 2466 3497 ἀν
2502 3444 2581 3514 μὴ
2605 3442 2796 3516 ἐτερος
2816 3444 3082 3516 ὀτρέφων
3110 3446 3284 3518 αὐτὴν
3421 3449 3668 3522 Οὐδεμία

1960 3531 2043 3584 σοί
2070 3533 2220 3584 ἐστιν
2249 3531 2541 3599 ἀπολογία.
2588 3531 2831 3595 Ἐκεῖνος
2893 3533 3190 3602 κατέχεται
3237 3537 3304 3606 τῇ
3345 3536 3536 3610 μανίᾳ,
3573 3538 3668 3593 καὶ

1957 3620 2059 3673 ούκ
2112 3615 2222 3673 οἶδε
2275 3619 2331 3672 τί
2375 3621 2555 3673 ποιεῖ·
2590 3620 2658 3673 σὺ
2685 3619 2911 3692 θεωρῶν
2939 3621 3126 3687 αὐτὸν,
3161 3624 3290 3677 ὅταν
3325 3628 3438 3689 τοῖς
3481 3627 3668 3691 αὐτοῖς

1959 3707 2289 3781 περιπέσῃς,
2337 3707 2432 3761 καὶ
2481 3707 2618 3779 μηδέ
2675 3707 2734 3773 ἐξ
2788 3708 3005 3763 ἐκείνου
3059 3713 3475 3786 σωφρονισθῇς,
3535 3717 3668 3769 ποία

1961 3794 2300 3866 συγγνώμης
2336 3794 2400 3848 Et
2421 3797 2479 3848 ἐν
2505 3795 2798 3866 συμποσίῳ
2831 3813 2918 3860 τις
2941 3797 3241 3868 γενόμενος
3272 3801 3395 3854 τινά
3437 3803 3496 3855 ἐν
3537 3821 3669 3874 προσ

1961 3882 2147 3955 θύροις
2177 3883 2277 3936 ίδοι
2299 3881 2572 3951 μεθύοντα
2610 3883 2705 3936 καὶ
2733 3883 3178 3956 ἀσχημονοῦντα,
3219 3881 3338 3940 εἶτα
3377 3889 3473 3942 καὶ
3501 3890 3667 3953 αὐτὸς

1959 3975 2074 4034 τοῖς
2119 3969 2327 4042 ὁμοίοις
2382 3973 2681 4042 περιπέσῃ,
2740 3972 2803 4026 οὐ
2857 3972 3042 4045 πολλῷ
3094 3975 3297 4045 μᾶλλον
3321 3977 3440 4046 μετ’
3457 3979 3668 4032 ἐκεῖνον

1964 4059 2182 4129 μεθύων
2236 4056 2626 4126 ἀσύγγνωστος
2662 4059 2729 4112 ἂν
2778 4059 2902 4130 Ern;
2940 4060 3100 4116 Οὖτω
3143 4064 3236 4117 καὶ
3275 4064 3546 4119 ἐνταῦθα’
3591 4067 3668 4138 μὴ

1962 4146 2274 4216 νομίζωμεν
2319 4140 2458 4200 εἶναι
2494 4147 2797 4216 ἀπολογίαν
2838 4148 2901 4202 τὸ
2922 4149 3127 4218 λέγειν,
3163 4152 3245 4205 ὅτι
3271 4153 3387 4206 Ούκ
3425 4151 3538 4222 ἐγὼ
3563 4167 3667 4208 κα-

1960 4235 2136 4306 τῆρξα
2157 4251 2170 4263 ο
2195 4235 2358 4288 τοῦτο
2379 4235 2500 4288 καθ’
2534 4235 2697 4306 ἡμῶν
2722 4238 2894 4300 ἐστιν,
2928 4237 3012 4292 ὅτι
3044 4239 3182 4310 μηδέ
3211 4243 3421 4295 ἐκεῖνον
3468 4241 3671 4306 ἰδόντες

1963 4322 2453 4396 ἐσωφρονίσθημεν
2469 4339 2481 4353 ·
2517 4323 2710 4396 ῶσπερ
2730 4323 2797 4378 ἂν
2827 4326 2975 4380 εἴποι
2994 4343 3100 4392 τις,
3127 4328 3242 4383 Ούκ
3262 4329 3377 4398 ἐγὼ
3399 4330 3671 4400 ἐφόνευσα

1965 4414 2207 4484 πρῶτος.
2245 4415 2344 4469 Διά
2364 4414 2476 4486 γάρ
2497 4414 2660 4469 τοῦτο
2690 4417 2971 4482 κολάσεως
2999 4415 3052 4472 εἴ
3070 4419 3243 4487 ἀξιος,
3267 4421 3353 4474 ὅτι
3395 4421 3533 4493 μηδέ
3587 4423 3672 4486 είς

1963 4503 2026 4556 τὸ
2048 4503 2404 4574 παράδειγμα
2431 4503 2558 4557 ἰδὼν
2584 4506 2821 4576 ἐπέσχες
2852 4507 3071 4561 σαυτόν.

2037 4593 2100 4646 El
2130 4592 2259 4656 ἴδοις
2290 4592 2530 4664 ἐμοῦντα
2561 4593 2654 4647 τὸν
2691 4595 2986 4665 μεθύοντα,
3042 4596 3449 4669 διασπώμενον,
3517 4597 3673 4670 διαρο

1968 4680 2350 4752 ῥηγνύμενον,
2396 4682 2526 4745 τοὺς
2587 4681 2907 4753 ὀφθαλμοὺς
2959 4685 3155 4755 ἔχοντα
3223 4687 3669 4757 διατεταμένους,

1965 4768 2317 4840 ἀκαθαρσίας
2356 4768 2457 4840 τὴν
2516 4769 2804 4842 τράπεζαν
2853 4771 3192 4844 πληροῦντα,
3250 4776 3460 4839 πάντας
3505 4777 3674 4830 αὑτὸν

1964 4857 2404 4926 ἀποφεύγοντας,
2426 4854 2547 4913 εἶτα
2577 4862 2690 4924 τοῖς
2721 4862 2910 4925 αὐτοῖς
2945 4863 3278 4935 περιπέσῃς,
3305 4864 3429 4934 οὐχὶ
3465 4865 3673 4936 μᾶλλον

1967 4945 2064 5018 ἔσῃ
2099 4947 2369 5016 μισητός;
2399 4946 2659 5012 Τοιοῦτός
2691 4951 2809 5003 ἐστι
2849 4952 2944 5004 καί¹
3005 4954 3034 5005 ὀ
3091 4951 3472 5023 ὀργιζόμενος’
3533 4954 3675 5025 μᾶλ-

1967 5033 2060 5086 λον
2120 5033 2216 5087 τοῦ
2270 5034 2536 5104 ἐμοῦντος
2586 5037 2848 5093 διατείνει
2904 5038 3006 5104 τὰς
3067 5040 3296 5110 φλέϐας,
3345 5046 3512 5114 πυροί
3546 5045 3674 5109 τοὺς

1966 5121 2309 5194 ὀφθαλμοὺς,
2342 5123 2646 5178 διασπᾶται
2692 5127 2763 5181 τὰ
2811 5127 3122 5200 σπλάγχνα,
3161 5130 3292 5201 ἐμεῖ
3338 5131 3526 5202 πολλῷ
3573 5134 3674 5203 ῥή-

1971 5227 2122 5281 ματα
2145 5210 2250 5282 τῆς
2282 5212 2496 5283 τροφῆς
2547 5213 2764 5286 ἐκείνης
2827 5216 3267 5294 ἀκαθαρτότερα.
3319 5219 3675 5290 ἀδιαμάσητα

1969 5299 2150 5354 πάντα
2181 5300 2511 5369 φθέγγεται,
2543 5303 2701 5356 οὐδὲν
2736 5295 3213 5376 κατείργασμένον
3250 5308 3332 5379 (ού
3362 5307 3472 5377 γάρ
3504 5309 3674 5378 ἀφίη-

1971 5407 2057 5444 σιν
2089 5391 2118 5442 ὀ
2149 5389 2347 5460 θυμός)
2369 5407 2383 5422 ·
2411 5390 2528 5444 ἀλλ’
2557 5389 2751 5463 ὥσπερ
2792 5394 2910 5446 ἐκεῖ
2966 5395 3233 5461 πολλάκις
3288 5397 3530 5469 ἀμετρία
3577 5417 3675 5469 χυ-

1973 5479 2091 5550 μῶν
2141 5478 2542 5551 διενοχλήσασα
2615 5479 2707 5534 τὸν
2765 5481 3059 5553 στόμαχον,
3111 5485 3292 5539 πάντα
3365 5486 3671 5540 ἐκένωσεν·

1969 5569 2113 5623 οὕτω
2170 5571 2266 5624 καὶ
2309 5569 2549 5624 ἐνταῦθα
2600 5571 2845 5642 ἀμετρία
2899 5572 3239 5645 θερμότητος
3278 5576 3676 5650 διενοχλήσασα

1969 5660 2070 5730 τὴν
2103 5659 2304 5730 ψυχὴν,
2361 5660 2464 5713 οὐκ
2508 5659 2705 5732 ἀφίησι
2755 5662 2975 5731 στέγειν
3020 5663 3056 5718 ἃ
3115 5667 3274 5736 σιγᾷν
3305 5667 3492 5730 καλὸν,
3533 5667 3674 5722 ἀλλά

1971 5748 2116 5821 ρητά
2137 5750 2232 5802 καί¹
2266 5750 2485 5820 ἀρῤητα
2517 5748 2689 5819 λέγει,
2718 5751 2842 5821 ούχὶ
2869 5752 2997 5815 τοὺς
3023 5753 3346 5820 ἀκούοντας,
3391 5755 3508 5808 ἀλλ’
3540 5757 3674 5810 ἐαυ-

1970 5836 2063 5890 τὸν
2098 5834 2396 5906 αἰσχύνων.
2429 5838 2645 5910 Ὠσπερ
2679 5833 2773 5891 οὖν
2813 5839 2924 5892 ἀπὸ
2968 5839 3079 5893 τῶν
3145 5838 3427 5911 ἐμούντων
3471 5841 3675 5910 φεύγο-

1976 5943 2096 5997 μεν,
2130 5926 2274 5979 οῦτω
2305 5925 2400 5978 καὶ¹
2432 5925 2543 5980 ἀπὸ
2611 5925 2720 5980 τῶν
2777 5928 3173 6000 ὀργιζομένων.
3229 5929 3295 5983 Τί
3347 5930 3673 5998 ποιοῦντες;

2042 6108 2063 6135 ⁸
2093 6103 2237 6156 Alius
2265 6108 2502 6167 μειζὸνως.

3134 6199 3208 6258 15
