4034 6406
437 396 542 454 235

437 509 600 562 Κόνιν
626 507 968 577 ἐπιϐάλωμεν
983 503 1162 558 αὑτῶν
1185 502 1263 573 τῷ
1283 502 1478 573 ἐμέτῳ,
1506 501 1766 569 σιγῶντες
1789 501 1913 562 106;
1935 499 2106 562 κύνας

437 596 708 665 καλῶμεν,
742 595 882 646 ὥστε
918 592 1059 647 αὕτά
1086 590 1508 660 καταφαγεῖντά
1535 588 1823 659 ὲμεθέντα.
1857 582 1989 641 Οἶδα
2021 587 2106 639 ὅτι

435 684 685 737 ναυτιᾶτε
708 681 1028 745 ἀκούοντες·
1057 680 1171 732 ἀλλ’
1202 679 1332 732 ὅταν
1385 678 1548 747 δρᾶτε
1598 675 1771 729 ταῦτα
1816 674 2104 745 γινόμενα,

438 769 694 839 βούλομαι
715 767 873 822 τοῦτο
904 768 1096 823 παθεῖν
1126 768 1291 837 ὑμᾶς,
1318 765 1452 818 ἀλλά
1479 763 1554 834 μὴ
1578 763 1802 833 ἥδεσθαι
1824 762 1900 831 τῷ
1962 761 2075 830 πρά

435 871 623 923 γματι.
666 853 1127 926 Ἀκαθαρτότερος
1156 855 1184 906 6
1220 851 1484 922 ὑϐριστὴς
1521 850 1617 903 τοῦ
1651 851 1812 913 κυνὸς
1847 848 1940 902 τοῦ
1980 849 2102 900 ἐπι-

436 942 757 1014 στρέφοντος
789 943 882 995 ἐπὶ
913 942 1004 995 τὸν
1042 939 1238 994 ἐαυτοῦ
1264 952 1290 979 ι
1322 939 1537 1009 ἔμετον.
1573 938 1635 990 Εἰ
1667 937 1766 1008 μὲν
1792 937 1901 1005 γὰρ
1956 933 2103 1000 ἅπαξ

434 1029 638 1097 ὲμέσας
667 1029 916 1092 ἐπαύετο,
941 1029 1040 1081 οὑκ
1068 1023 1136 1097 ἦν
1168 1026 1288 1079 κατ’
1334 1026 1576 1078 ἐκεῖνον·
1620 1025 1668 1077 εἰ
1714 1025 1770 1076 δέ
1821 1022 1980 1075 πάλιν
2032 1023 2103 1076 τὰ

433 1115 570 1170 αύτά
606 1118 746 1186 ἐμεῖ,
785 1115 944 1184 δῆλον
968 1114 1144 1167 ὅτιτά
1174 1113 1314 1166 αύτά
1340 1110 1549 1180 φαγών.
1584 1111 1647 1164 Τί
1678 1106 1769 1164 06v
1813 1109 2101 1179 βδελυκτόο

432 1218 589 1273 τερον
618 1200 712 1254 τοῦ
742 1201 1022 1264 τοιούτου;
1057 1199 1110 1252 τί
1159 1200 1216 1253 δέ
1261 1197 1698 1269 ἀκαθαρτότερον
1748 1197 1957 1250 ἐκείνου
2005 1195 2100 1250 τοῦ

432 1288 717 1358 στόματος,
752 1289 846 1342 τοῦ
875 1287 1127 1350 τοιαύτας
1157 1286 1577 1356 διαμασωμένου
1610 1284 1850 1354 τροφάς;
1921 1284 2100 1338 καίτοι

428 1393 492 1444 γε
524 1376 680 1430 τοῦτο
711 1377 924 1446 φύσεως
955 1376 1116 1446 ἔργον
1149 1375 1321 1438 ἐστὶν,
1357 1375 1533 1426 ἐκεῖνο
1591 1373 1650 1426 δὲ
1701 1372 1851 1443 ούχί·
1900 1372 2100 1440 μᾶλλον

426 1464 481 1516 δὲ
508 1462 782 1517 καὶτοῦτο
813 1463 963 1533 παρὰ
998 1463 1159 1532 φύσιν
1198 1463 1439 1514 κάκεῖνο.
1472 1460 1737 1526 Πῶς;·οὑ
1789 1459 1897 1531 γὰρ
1957 1458 2098 1512 κατά

426 1551 588 1618 φύσιν
617 1551 679 1603 τὸ
712 1549 957 1622 ὑϐρίζειν
986 1549 1135 1618 εἰκῆ,
1171 1547 1309 1600 ἀλλά
1341 1547 1493 1617 παρά
1524 1546 1685 1615 φύσιν
1705 1560 1717 1574 ⁸
1770 1547 1922 1599 οὐδὲν
1971 1548 2099 1614 γοῦν

425 1640 501 1702 ώς
555 1639 838 1712 ἄνθρωπος
878 1639 1200 1708 φθέγγεται,
1265 1636 1398 1688 ἀλλά
1441 1634 1510 1688 τά
1551 1635 1650 1704 μὲν
1681 1635 1756 1698 ὡς
1786 1635 1993 1705 θηρίον,
2029 1635 2098 1688 τὰ

424 1726 480 1778 δὲ
505 1725 578 1788 ὡς
605 1727 951 1796 μαινόμενος.
985 1725 1196 1795 Ὠσπερ
1237 1720 1329 1777 οὖν
1381 1725 1414 1793 ὴ
1464 1723 1574 1776 τῶν
1623 1723 1894 1792 σωμάτων
1944 1724 2098 1784 νόσος

427 1815 574 1882 παρά
609 1813 792 1882 φύσιν,
825 1813 967 1867 οὕτω
997 1815 1092 1866 καί⁵
1123 1813 1301 1867 τοῦτο.
1329 1813 1440 1865 Καὶ
1461 1813 1545 1864 ὃτι
1569 1810 1720 1882 παρά
1750 1809 1909 1879 φύσιν
1931 1811 2100 1871 ἐστὶν,

426 1902 472 1953 εἰ
498 1902 800 1972 ἐγχρονίσει
823 1903 879 1954 ἐν
903 1901 1070 1971 αὐτῷ,
1108 1902 1390 1955 ἀπολεῖται
1425 1900 1566 1954 κατά
1593 1900 1788 1971 μικρόν
1811 1915 1826 1930 ·
1849 1902 1906 1952 ἐν
1939 1899 1994 1951 δὲ
2025 1899 2101 1968 τῷ

430 1988 567 2040 κατὰ
592 1989 751 2056 φύσιν
784 1987 1244 2059 ἐγχρονίςων,οὑκ
1268 1988 1569 2041 ἀπολεῖται.
1587 1986 1737 2058 [247]
1756 1985 2006 2056 Ἐλοίμην
2034 1986 2099 2038 ἂν

423 2075 690 2147 ἀνθρώπῳ
727 2075 980 2148 βόρϐορον
1004 2076 1305 2146 σιτουμένῳ
1340 2074 1667 2144 κοινωνῆσαι
1703 2074 2000 2144 τραπέζης,
2065 2073 2097 2143 ἢ

424 2163 778 2235 φθεγγομένῳ
799 2163 1045 2218 τοιαῦτα.
1081 2163 1190 2233 Οὑχ
1235 2165 1398 2234 ὁρᾶτε
1449 2163 1576 2225 τοὺς
1625 2163 1844 2234 χοίρους
1896 2163 2099 2231 κόπρον

422 2251 901 2323 διαμασωμένους;
930 2251 1090 2305 Οὕτω
1120 2252 1214 2303 καὶ
1262 2245 1428 2304 οὗτοι.
1458 2250 1524 2301 Τί
1558 2251 1667 2319 γὰρ
1705 2249 2099 2318 δυσωδέστερον

423 2339 530 2390 τῶν
561 2341 822 2410 ῥημάτων
851 2332 926 2394 ὧν
951 2341 1001 2393 οἱ
1037 2337 1293 2410 ὑϐρισταὶ
1328 2337 1659 2406 φθέγγονται
1681 2353 1694 2402 ;
1718 2336 1932 2406 Σπουδὴ
1979 2335 2101 2388 τού-

421 2441 531 2489 τοις
555 2428 670 2478 ἐστὶ
693 2428 858 2498 μηδὲν
888 2429 1064 2480 εἰπεῖν
1094 2426 1264 2494 ὑγιὲς,
1310 2424 1479 2496 μηδὲν
1512 2425 1774 2495 καθαρόν,
1810 2424 1930 2478 ἀλλ’
1963 2426 2017 2476 εἴ
2047 2441 2098 2475 τι

421 2514 663 2584 αἰσχρὸν,
688 2514 740 2566 εἴ
758 2531 811 2566 τι
840 2513 1114 2584 ἄσχημον,
1147 2511 1306 2565 τοῦτο
1329 2512 1422 2565 καί
1445 2511 1669 2581 ποιῆσαι
1709 2513 1804 2564 καὶ
1861 2510 2098 2580 φθέγξα-

423 2600 548 2653 σθαι
578 2617 592 2631 ο
648 2600 742 2654 καὶ
797 2600 858 2653 τὺ
909 2601 972 2670 δὴ
1028 2597 1428 2669 χαλεπώτερον,
1477 2598 1560 2651 ὅτι
1609 2597 1838 2661 ἐαυτοὺς
1897 2597 2098 2668 μᾶλλον

420 2686 792 2758 αἰσχύνοντες,
830 2686 1046 2758 ἐτέρους
1069 2685 1346 2757 αἰσχύνειν
1380 2685 1606 2740 οἴονται.
1653 2685 1776 2736 Ὅτι
1815 2684 1922 2754 γὰρ
1971 2686 2098 2737 ἐαυο

421 2776 546 2836 τοὺς
578 2773 914 2842 αἰσχύνουσι,
947 2772 1104 2844 δῆλον
1128 2773 1357 2826 ἐκεῖθεν.
1381 2772 1471 2841 Μὴ
1505 2771 1614 2844 γάρ
1655 2771 1746 2841 μοι
1772 2773 1896 2835 τοὺς
1925 2771 2098 2840 ψευδῆ

421 2860 678 2928 λέγοντας
704 2863 885 2932 εῐπῃς,
921 2858 1057 2912 ἀλλά
1079 2859 1216 2912 ἔστω
1251 2876 1334 2922 τις
1361 2859 1532 2930 πόρνη
1566 2860 1888 2930 περιφανὴς,
1921 2859 1952 2928 ἢ
2006 2859 2098 2911 καὶ

419 2947 527 3002 ἀπὸ
547 2946 644 3016 τῆς
668 2946 870 3017 σκηνῆς
891 2945 1100 3016 ἕτερος,
1136 2947 1230 2998 καὶ
1261 2945 1483 2999 ποιείτω
1518 2946 1656 3016 μετά
1680 2962 1825 3007 τινος
1878 2945 2058 3015 μάχην
2079 2963 2093 2978 ο

420 3025 535 3082 εἶτα
585 3033 792 3094 ἐκεῖνος
845 3031 994 3098 αὑτῷ
1039 3030 1212 3084 ταῦτα
1257 3031 1600 3102 προφερέτω,
1651 3031 1902 3094 κάκεῖνος
1932 3033 2096 3085 πάλιν

419 3117 654 3186 δμοίως⁴
700 3119 782 3180 τίς
833 3117 1031 3188 μᾶλλόν
1084 3119 1230 3171 ἐστιν
1275 3120 1303 3172 6
1345 3118 1622 3188 ὑϐρισθεὶς
1672 3122 1786 3182 τοῖς
1816 3120 2094 3190 ρήμασινς

432 3203 668 3267 Ἐκεῖνος
707 3205 805 3274 μὲν
836 3205 944 3276 γάρ
980 3204 1125 3276 άπερ
1151 3201 1300 3276 εἶχεν
1334 3207 1584 3276 ἤκουσεν,
1625 3200 1779 3270 0610;
1821 3207 1902 3272 δὲ,
1954 3207 2098 3278 ἀπερ

418 3289 518 3343 οὐκ
563 3287 706 3361 εἶχεν
733 3309 746 3323 ο
793 3291 933 3345 ὥστε
967 3293 1161 3364 ἐκείνῳ
1209 3296 1308 3363 μὲν
1354 3294 1505 3347 οὑδέν
1557 3293 1719 3348 πλέον
1766 3295 1990 3364 γέγονεν
2018 3298 2097 3360 εἰς

417 3377 678 3448 αἰσχύνης
729 3377 906 3446 λόγον,
949 3378 1126 3449 τούτῳ
1171 3380 1228 3433 δὲ
1275 3381 1440 3452 πολλὴ
1487 3382 1584 3452 τῆς
1631 3382 2019 3454 ἀσχημοσύνης
2058 3385 2092 3456 ἡ

418 3464 724 3535 προσθήκη.
784 3466 920 3520 Ἀλλ’
949 3466 1088 3520 ἔστω
1135 3468 1258 3521 τινὰ
1298 3469 1459 3522 πάλιν
1504 3470 1840 3540 εἰργασμένα
1878 3472 1906 3511 δ
1952 3473 2094 3541 τιρά-

417 3567 623 3621 γματα,
646 3553 737 3605 καὶ
772 3553 930 3623 μόνος
950 3555 979 3607 6
1007 3552 1248 3624 ὑϐρίζων
1274 3554 1411 3608 αὑτὰ
1463 3556 1798 3623 γινωσκέτω·
1835 3553 1954 3610 εἶτα
1984 3560 2091 3630 πρὸ

416 3635 604 3690 τούτου
635 3638 820 3706 σιγῶν,
849 3641 1250 3711 ἐκπομπευέτω
1277 3642 1373 3712 τὴν
1397 3640 1555 3713 ὕϐριν
1581 3659 1596 3673 ·
1625 3645 1718 3696 καί
1743 3643 1915 3709 οὕτως
1937 3641 2092 3711 0610;

417 3723 667 3796 ὕϐρισται
724 3727 942 3796 μᾶλλον.
998 3727 1171 3794 ’Πῶςς
1247 3729 1440 3798 Κήρυξ
1509 3730 1797 3802 γενόμενος
1865 3733 2087 3798 κακίας,

480 3890 502 3917 ⁸
533 3890 764 3941 Ediderat
788 3891 955 3941 Monlf.
999 3893 1106 3942 Ἐπὶ
1138 3895 1218 3942 τὸν
1245 3896 1442 3944 σαυτοῦ.
1470 3896 1686 3946 Lecliuni
1723 3906 1902 3947 uestrae
1927 3899 2091 3949 favent

413 3953 521 4000 tres
554 3966 690 4014 mss.,
739 3954 888 4003 Savil.
930 3959 985 4004 et
1026 3956 1152 4004 Bibl.
1179 3955 1316 4006 Enl'r.
1385 3959 1411 3998 δ
1438 3958 1578 4007 Alius
1617 3962 1934 4022 κεκρυμμένα.

1200 391 1258 446 S.
1299 388 1584 447 JOANN‘IS
1621 385 2111 446 CHRYSOSTOHI
2149 386 2479 444 ARCHIEP.
2521 384 3071 444 CONSTANTINOP.

3799 389 3917 446 εει

2212 499 2594 570 ἀσυνειδησίας
2625 500 2862 553 ἀπίστου
2893 498 3050 564 δόξαν
3073 498 3250 552 λαϐών
3269 517 3283 530 ·
3323 500 3419 553 καὶ
3455 502 3668 566 πάντας
3695 503 3912 568 εὐθέως

2213 587 2576 653 ἐγκαλοῦντας
2603 585 2743 655 ὕψει,
2777 588 2874 639 καὶ
2915 583 3140 640 τοιαῦτα
3178 586 3458 658 πανταχοῦ
3513 589 3784 658 λέγοντας
3809 609 3825 623 ⁸
3857 597 3910 646 εἰ

2211 675 2320 745 γὰρ
2349 673 2411 746 δὴ
2441 673 2600 742 φόνον
2634 674 2873 744 συνῄδει,
2904 675 3060 744 φησί,
3092 673 3270 727 πάντα
3303 675 3540 730 κενώσαι
3562 678 3738 749 ἐχρῆν
3762 695 3776 708 ·
3812 681 3909 735 καὶ

2210 762 2299 815 τὸν
2334 761 2429 830 μὲν
2458 760 2534 823 ὼς
2561 760 2681 814 οὐδὲ
2711 761 2998 830 ἄνθρωπον
3009 761 3138 815 δντα
3159 762 3592 834 ἀποστρέφονται
3612 805 3627 828 ,
3651 766 3905 836 μισοῦσι,

2211 848 2396 919 θηρίον
2422 844 2561 902 εἷναί
2592 866 2756 918 φασιν
2780 849 2929 920 ώμὸν
2961 850 3054 902 καὶ
3081 850 3287 920 ἀπηνές
3311 865 3324 878 °
3381 851 3558 922 τούτῳ
3585 853 3646 906 δέ
3704 871 3906 922 συγγι-

2211 936 2478 989 νώσκουσι
2503 935 2702 1007 μᾶλλον
2731 937 2764 1008 ἣ
2795 937 3004 1004 ἐκείνῳ.
3035 937 3150 1006 Οὐχ
3171 935 3314 990 οὕτω
3337 936 3446 1008 γὰρ
3458 939 3583 1001 106;
3600 939 3909 1011 τραύματα

2212 1023 2436 1093 ἔχοντας
2462 1023 2752 1095 μισοῦμεν,
2789 1023 2864 1087 ώς
2897 1025 3022 1087 τοὺς
3042 1024 3410 1078 ἐκκαλύπτειν
3439 1026 3581 1079 αὑτά
3637 1026 3908 1097 βιαζομέ-

2209 1128 2331 1175 νους
2360 1114 2455 1166 καὶ
2481 1113 2775 1166 δεικνύναι.
2805 1112 2960 1166 Οὕτω
2991 1112 3088 1165 καὶ
3109 1106 3266 1175 0610;
3298 1112 3522 1184 ὕϐρισεν
3544 1114 3647 1168 οὐκ
3687 1117 3908 1170 ἐκεῖνον

2211 1201 2390 1268 μόνον,
2439 1199 2574 1254 ἀλλά
2625 1201 2719 1252 καὶ
2763 1199 2956 1253 ἐαυτὸν
3009 1200 3104 1252 καὶ
3153 1199 3279 1262 τοὺς
3331 1201 3634 1266 ἀκούοντας
3673 1204 3776 1256 καὶ
3804 1205 3908 1274 τὴν

2208 1286 2394 1356 κοινὴν
2439 1287 2601 1355 φύσιν
2663 1287 2770 1339 τῶν
2805 1285 3145 1357 ἀνθρώπων·
3207 1285 3406 1357 ἔπληξε
3452 1288 3544 1341 τὸν
3591 1291 3904 1361 ἀκροατὴν,

2205 1377 2359 1430 οὑδέν
2392 1378 2596 1446 ἀγαθὸν
2626 1379 2944 1449 εἰργάσατο.
2981 1378 3082 1432 Διά
3111 1377 3270 1431 τοῦτό
3305 1395 3468 1448 φησιν
3498 1379 3760 1443 δΠαῦλος
3789 1396 3804 1410 ·
3831 1383 3905 1432 El

2206 1482 2296 1531 τις
2328 1465 2551 1536 ἀγαθός
2577 1467 2761 1535 λόγος
2791 1466 2942 1535 πρὸς
2963 1465 3314 1536 οἰκοδομὴν,
3345 1468 3444 1520 ἵνα
3461 1466 3544 1532 δῷ
3573 1466 3755 1536 χάριν
3771 1469 3905 1534 τοῖς

2206 1557 2558 1610 ἁκούουσιν.
2615 1555 2875 1626 Εὔφημον
2923 1555 3256 1628 κτησώμεθα
3293 1554 3565 1624 γλῶτταν,
3617 1557 3708 1610 ἵνα
3741 1551 3905 1626 ὦμεν

2206 1644 2444 1698 ποθεινοί.
2479 1650 2572 1698 καὶ
2605 1644 2914 1715 ἐπέραστοι.
2960 1643 3121 1696 ’Λλλά
3147 1645 3256 1714 γὰρ
3298 1645 3379 1707 είς
3426 1642 3586 1696 τοῦτο
3648 1645 3903 1715 προῆλθε

2206 1733 2404 1796 κακίας
2431 1735 2666 1797 ᾶπαντα,
2695 1733 2837 1786 ὥστε
2885 1733 2968 1801 ἐφ’
2999 1729 3080 1795 οἷς
3126 1731 3568 1800 ἐγκαλύπτεσθαι
3616 1731 3750 1795 ἔδει,
3807 1735 3904 1786 ἐπὶ

2202 1820 2412 1882 τούτοις
2467 1820 2693 1883 πολλοὺς
2743 1822 2996 1891 γαυριᾷν.
3047 1821 3114 1873 Ἃ
3155 1818 3306 1893 [248]
3344 1821 3451 1892 γὰρ
3485 1821 3814 1875 ἀπειλοῦσιν
3850 1826 3904 1876 οἰ

2203 1909 2387 1960 πολλοὶ
2412 1908 2639 1961 τοιαῦτά
2664 1911 2834 1961 ἐστιν·
2871 1909 2944 1962 Οὑ
2974 1908 3198 1962 δύναται
3230 1910 3476 1977 ἐνεγκεῖν
3508 1910 3608 1979 τὴν
3637 1910 3905 1978 γλῶσσάν

2205 2019 2345 2070 μου,
2385 2003 2538 2070 φησί.
2593 2001 2856 2065 Γυναικδς
2907 2001 2974 2054 τά
3011 2003 3270 2072 ῥήματα,
3319 2001 3492 2072 γραὸς
3541 2001 3902 2073 μεθυούσης,

2200 2089 2646 2159 ἀσχημονούσης.
2679 2088 2787 2142 τῶν
2811 2088 2900 2140 ἐπ’
2922 2082 3126 2158 ἀγορᾶς
3158 2089 3492 2158 συρομένων,
3533 2091 3900 2159 προαγωγοῦ.

2202 2176 2367 2228 υὺδέν
2384 2175 2732 2246 αἰσχρότερον
2753 2175 3082 2228 τούτων.τῶν
3101 2175 3384 2246 ῥημάτων,
3403 2175 3557 2228 οὐδὲν
3573 2177 3906 2247 ἀνανδρότε-

2204 2280 2317 2332 ρον,
2373 2263 2525 2315 οὑδέν
2576 2262 3093 2330 γυναικωδέστερον,
3126 2263 3184 2314 ἐν
3221 2264 3288 2332 τῇ
3323 2261 3540 2335 γλώττῃ
3581 2265 3682 2333 τὴν
3738 2265 3905 2335 ἰσχὺν

2200 2352 2365 2420 ἔχειν,
2413 2352 2506 2403 ἐπὶ
2556 2350 2634 2420 τῷ
2677 2351 2939 2420 λοιδορεῖν
2989 2350 3132 2421 μέγα
3183 2354 3423 2421 φρονεῖν,
3468 2352 3729 2424 καθάπερ
3758 2355 3812 2407 οἰ
3844 2358 3904 2408 ἐν

2201 2439 2468 2507 πομπαῖς,
2495 2438 2744 2507 καθάπερ
2771 2439 2820 2489 οἰ
2856 2439 3036 2507 μῖμοί,
3070 2439 3164 2491 καὶ
3203 2440 3518 2510 παράσιτοι,
3581 2440 3680 2492 καὶ
3734 2443 3904 2495 κόλα-

2199 2541 2311 2588 κες.
2347 2527 2530 2594 Χοῖροι
2580 2525 2781 2594 μᾶλλόν
2837 2528 2975 2578 εἰσιν
3018 2526 3050 2596 ἢ
3106 2524 3404 2596 ἄνθρωποι,
3435 2527 3552 2579 ὅσοι
3574 2528 3672 2580 ἐπὶ
3715 2529 3902 2600 τούτῳ

2200 2613 2578 2682 σεμνύνονται.
2604 2613 2737 2666 Δέον
2771 2613 3070 2683 κατορύξαι
3097 2614 3329 2679 σαυτὸν,
3379 2614 3500 2667 δέον
3550 2617 3601 2668 εἰ
3655 2617 3755 2670 καί
3813 2635 3901 2681 τις

2197 2701 2384 2772 ἕτερός
2411 2719 2494 2755 σοι
2525 2701 2697 2756 ταῦτα
2723 2701 3045 2772 ἐμαρτύρει,
3068 2701 3290 2770 φεύγειν
3310 2701 3408 2772 τὴν
3444 2704 3764 2775 μαρτυρίαν
3820 2706 3900 2769 ὡς

2201 2787 2425 2858 ἐχθρὰν,
2475 2790 2571 2842 καὶ
2630 2789 2923 2858 ἀνανδρινο
2957 2789 3020 2841 σὺ
3073 2788 3129 2840 δὲ
3176 2787 3352 2858 κήρυξ
3380 2787 3594 2860 ὕϐρεων
3627 2791 3894 2859 γέγονας.

2211 2875 2353 2928 Ἀλλ’
2377 2877 2532 2929 οὐδὲν
2558 2877 2648 2930 τὸν
2683 2877 2871 2938 κακῶς
2929 2876 3200 2928 ἀκούοντα
3261 2875 3460 2944 βλάψαι
3507 2877 3741 2949 δυνήσῃ.
3804 2883 3898 2932 Διδ

2196 2961 2522 3030 παρακαλῶ,
2559 2962 2912 3033 ἐννοήσαντες
2956 2963 3055 3032 ὅση
3110 2965 3144 3032 ἡ
3199 2963 3388 3025 κακία,
3421 2964 3503 3016 ὅτι
3551 2965 3649 3017 καὶ
3689 2967 3898 3031 ἐγκαυ-

2197 3047 2400 3117 χῶνται
2427 3048 2632 3113 πολλοὶ,
2659 3048 3048 3119 ἀνανήψωμεν,
3093 3048 3521 3120 διορθωσώμεθα
3568 3053 3702 3115 τοὺς
3749 3052 3897 3105 οὕτω

2202 3137 2595 3207 μαινομένους,
2669 3136 2948 3207 ἀνέλωμεν
3007 3137 3184 3193 ταῦτα
3248 3140 3313 3192 ἐκ
3377 3140 3477 3210 τῆς
3546 3141 3764 3207 πόλεως
3827 3144 3898 3196 τὰ

2201 3225 2475 3295 συνέδρια,
2533 3222 2966 3296 καλλωπίσωμεν
3009 3225 3168 3298 ἡμῶν
3221 3226 3320 3297 τὴν
3369 3227 3621 3296 γλῶτταν
3647 3267 3662 3294 ,
3708 3229 3898 3301 πάσης

2198 3313 2538 3384 κακηγορίας
2569 3323 2591 3350 ο
2653 3313 3096 3384 ἀπαλλάξωμεν,
3164 3315 3253 3369 ἵνα
3329 3315 3654 3388 δυνηθῶμεν
3721 3319 3897 3374 καθαο

2201 3399 2450 3472 ρεύοντες
2478 3399 2585 3452 τῶν
2615 3401 3056 3472 ἁμαρτημάτων,
3089 3403 3190 3476 τὴν
3240 3404 3448 3458 ἀνωθεν
3502 3405 3724 3460 εὕνοιαν
3775 3410 3896 3461 ἐπι·

2205 3488 2537 3553 σπάσασθαι,
2583 3490 2678 3542 καὶ
2733 3489 2835 3559 τῆς
2902 3491 3054 3561 παρὰ
3111 3490 3206 3546 τοῦ
3269 3491 3407 3546 Θεοῦ
3469 3493 3894 3565 φιλανθρωπίας

2198 3575 2521 3645 ἀξιωθῆναι,
2540 3576 2722 3648 χάριτι
2739 3576 2832 3628 καὶ
2855 3578 3161 3649 οἰκτιρμοῖς
3189 3578 3283 3632 τοῦ
3311 3580 3658 3648 Μονογενοῦς
3693 3584 3892 3648 αὑτοῦ,

2200 3663 2319 3734 μεθ’
2337 3658 2398 3717 06
2423 3663 2502 3734 τῷ
2531 3664 2708 3735 Πατρὶ
2731 3663 2848 3735 ἅμα
2869 3663 2946 3736 τῷ
2975 3666 3118 3736 ἀγίῳ
3146 3667 3429 3738 Πνεύματι
3457 3669 3609 3733 δόξα,
3659 3673 3892 3743 κράτος.

2194 3748 2349 3819 τιμὴ,
2381 3749 2474 3805 νῦν
2521 3751 2616 3805 καὶ
2657 3751 2763 3818 ἀεὶ,
2813 3752 2907 3806 καὶ
2947 3753 3029 3817 εἰς
3084 3753 3212 3818 106;
3247 3754 3450 3819 αἰῶνας
3475 3755 3589 3810 τῶν
3648 3759 3891 3814 αἰώνων.

2215 3839 2401 3911 Ἀμήν.

2263 3964 2286 3993 ⁸
2332 3963 2415 4013 Sic
2461 3978 2575 4013 mss.
2614 3965 3070 4030 Εόὶἰίκατηγορίας.

523 4071 3854 4111 ...—__...____.__._____.__._________________________

1897 4163 2148 4216 ΟΜΙΛῘΑ
2181 4166 2306 4219 AB'.

418 4251 802 4322 Διέτριϐονίδὲ
828 4249 970 4313 ἐκεῖ,
1007 4249 1182 4319 φησι,
1208 4253 1432 4319 χρόνον
1452 4255 1562 4306 οὐκ
1592 4254 1801 4322 ὀλίγον
1815 4255 1941 4308 σὺν
1969 4257 2094 4322 τοῖς

484 4321 791 4392 μαθηταῖς.
817 4321 927 4392 Καί
969 4336 1128 4386 τινες
1169 4323 1563 4392 κατελθόντες
1611 4321 1728 4377 ἀπὸ
1781 4323 1891 4389 τῆς
1943 4321 2094 4380 ’Iov;

484 4391 676 4458 δαίας,
728 4391 1078 4463 ἐδίδασκον*
1106 4391 1248 4454 τοὺς
1299 4392 1634 4463 ἀδελφοὺς,
1679 4393 1769 4446 ὅτι
1816 4395 1957 4447 Ἐὰν
2006 4394 2093 4463 μὴ

486 4463 914 4586 ῧεριτέμνησθε
944 4458 1024 4525 τῷ
1049 4461 1170 4516 ἔθει
1211 4458 1530 4530 Μωϋσέώς,
1563 4458 1634 4518 οὐ
1665 4463 1931 4520 δύνασθε
1963 4458 2097 4518 σὶυὲ

527 4548 684 4586 ηναι.

527 4548 684 4596 ηναμ

486 4629 557 4684 α’.
577 4631 717 4699 Ὅρα
739 4629 1016 4699 πανταχοῦ
1039 4629 1140 4700 τῆς
1160 4631 1238 4693 εἰς
1260 4627 1328 4682 τὰ
1347 4628 1474 4700 ἓθνη
1501 4631 1848 4701 μεταϐάσεως
1872 4645 1896 4672 ι
1924 4633 2093 4700 ἀναγ-

417 4717 576 4770 καίαν
604 4716 703 4786 τὴν
738 4717 911 4787 ἀρχὴν
957 4719 1050 4771 ἀπ’
1091 4717 1270 4771 αὐτῶν
1311 4718 1695 4788 εἰσαγομένην.
1737 4720 1850 4790 Πρὸ
1901 4721 2092 4773 τούτου

418 4801 816 4873 ἐγκαλούμενος
860 4805 1264 4875 ἀπελογήσατο,
1298 4806 1393 4859 καί
1417 4807 1475 4859 ἐν
1505 4805 1656 4871 τάξει
1693 4807 1990 4875 ἀπολογίας
2034 4808 2094 4860 τὸ

419 4891 526 4943 πᾶν
561 4885 713 4943 εἶπεν
733 4906 747 4920 '
779 4893 914 4960 ὅπερ
937 4891 1336 4960 εὑπαράδεκτον
1359 4893 1450 4946 τὸν
1480 4893 1637 4962 λόγον
1664 4893 1866 4947 ἐποίει·
1903 4895 2092 4947 ἔπειτα

417 4975 525 5028 τῶν
591 4976 861 5030 Ἰουδαίων
923 4977 1404 5047 ἀποστραφέντων,
1461 4978 1632 5043 οὕτως
1675 4975 1838 5050 ἦλθεν
1892 4983 1971 5044 εἰς
2024 4982 2092 5035 τὰ

418 5063 569 5133 ἔθνη.
613 5062 879 5116 Ἐνταῦθα
909 5063 1072 5117 πάλιν
1105 5063 1275 5134 ἀλλην
1303 5065 1575 5135 ἀμετρίαν
1601 5065 1739 5136 ὁρῶν
1762 5067 2090 5136 φερομένην,

418 5149 588 5213 οὕτως
633 5151 813 5221 ἵστησι
847 5150 937 5203 τὸν
992 5150 1176 5220 νόμον.
1239 5151 1459 5216 Ἐπειδὴ
1509 5151 1636 5222 γὰρ,
1665 5151 1759 5204 ἅτε
1812 5156 1963 5222 παρά
1999 5154 2092 5205 τοῦ

419 5236 552 5288 Θεοῦ
615 5237 975 5307 διδαχθέντες,
1039 5237 1348 5307 ἀδιαφόρως
1388 5237 1689 5304 διελέγοντο
1747 5241 1898 5300 πᾶσι,
1935 5239 2094 5292 τοῦτο

419 5327 498 5386 εἰς
531 5324 686 5391 ζῆλον
719 5326 894 5395 ἤγαγε
922 5327 1048 5388 τοὺς
1080 5325 1186 5378 ἀπὸ
1218 5325 1507 5379 Ἰουδαίων.
1543 5326 1652 5380 Καὶ
1684 5328 1784 5380 οὑκ
1815 5329 2091 5380 ἐδίδασκον

419 5412 604 5473 ἁπλῶς
655 5412 976 5482 περιτομὴν,
1016 5412 1132 5465 ἀλλ’
1162 5414 1243 5465 ὃτι
1289 5413 1408 5466 οὐδὲ
1445 5413 1684 5484 σωθῆναι
1716 5415 1965 5470 δύνασθε.
2014 5409 2089 5470 U6

413 5499 719 5552 τούναντίον
750 5497 1003 5569 εὔκαιρον
1039 5496 1108 5570 ἦν
1143 5499 1322 5567 λέγειν
1345 5540 1359 5565 ,
1395 5500 1476 5553 ὅτι
1506 5503 1953 5573 περιτεμνόμενοι
1982 5521 2087 5556 σω-

418 5587 574 5656 θῆναι
594 5587 654 5638 οὑ
676 5585 924 5640 δύνασθε.
961 5588 1122 5658 Ὁρᾷς
1149 5590 1393 5658 συνεχεῖς
1409 5588 1535 5652 106;
1566 5592 1906 5661 πειρσ.σμοῦς
1937 5591 2084 5644 ἔνδο-

417 5676 526 5736 θεν,
557 5673 789 5738 ἕξωθεν;
820 5673 1011 5737 Καλῶς
1055 5674 1112 5727 δέ
1131 5675 1501 5746 οἰκονομεῖται
1536 5677 1694 5730 τοῦτο
1733 5680 1945 5733 Παύλου
1986 5699 2087 5733 πα-

419 5759 620 5829 ρόντος.
644 5760 727 5811 ἵνα
746 5760 994 5830 ἀντείπῃ.
1011 5762 1119 5814 Καὶ
1136 5764 1234 5816 οὑκ
1255 5758 1406 5818 εἶπεν
1429 5766 1456 5817 6
1476 5764 1709 5828 Παῦλος·
1737 5751 1801 5818 Τί
1819 5768 1926 5839 γάρ
1950 5787 1961 5832 ;
1990 5771 2087 5822 οὑκ

416 5846 530 5914 εἰμὶ
559 5845 863 5910 ἀξιόπιστος
891 5847 997 5900 ἀπὸ
1026 5849 1292 5903 τοσούτων
1317 5853 1592 5924 σημείων;
1627 5852 1738 5906 ἀλλ’
1765 5856 1991 5925 ἐπείσθη
2022 5856 2089 5908 δι’

477 5966 494 5990 ⁸
512 5967 636 6018 Tres
656 5983 768 6019 mss.
794 5971 1100 6034 διορθώσεως.

2200 4261 2458 4324 ἐκείνους.
2489 4263 2600 4314 Καὶ
2631 4263 2731 4332 ὅρα
2768 4262 3096 4333 μανθάνουσι
3142 4263 3330 4318 λοιπὸν
3361 4268 3562 4334 πάντες
3591 4274 3665 4326 τὰ
3711 4277 3794 4340 εἰς
3821 4280 3892 4332 τά

2199 4346 2324 4418 ἔθνη
2359 4350 2699 4418 γεγενημένα
2747 4351 2842 4403 καὶ
2883 4351 3252 4421 Σαμαρεῖται,
3292 4355 3386 4408 κα)⁸
3417 4356 3664 4428 ἔχαιρον.
3704 4365 3889 4420 raro.

2192 4434 2382 4503 μένης
2426 4433 2540 4490 οὖν
2596 4436 2871 4503 στάσεως
2917 4439 3014 4492 καί
3046 4437 3350 4508 ζητήσεως
3399 4447 3510 4500 οὐκ
3561 4429 3784 4520 όλίάὲης
3809 4456 3888 4520 τῷ

2196 4522 2414 4584 Παύλῳ
2446 4522 2544 4575 καὶ
2578 4522 2655 4587 τῷ
2682 4523 2954 4593 Βαρνάϐᾳ
2991 4525 3143 4594 πρὸς
3184 4531 3427 4598 αὐτοὺς,
3461 4533 3696 4599 ἔταξαν
3744 4543 3888 4596 ἀνα·

2197 4609 2423 4662 ϐαίνειν
2459 4609 2567 4664 τὸν
2601 4611 2844 4664 Παῦλον
2881 4613 2982 4666 καὶ
3018 4616 3373 4684 Βαρνάϐαν,
3409 4623 3510 4674 καί
3552 4641 3730 4694 τινας
3775 4629 3885 4684 ἆλ-

2195 4698 2345 4760 λους
2375 4697 2443 4761 ἐξ
2479 4697 2676 4752 αὐτῶν
2703 4698 2852 4765 πρὸς
2876 4700 3020 4766 τοὺς
3053 4703 3462 4770 ἀποστόλουςκ
3481 4711 3579 4762 καί
3612 4720 3884 4779 πρεσϐυ-

2194 4782 2401 4850 τέρους
2428 4787 2509 4851 εἰς
2559 4787 2958 4854 Ἰερουσαλὴμ
2984 4790 3117 4856 περί
3148 4791 3255 4845 τοῦ
3281 4791 3607 4863 ζητήματος
3636 4803 3880 4860 τούτου.

2198 4873 2284 4956 Οί
2310 4871 2417 4937 μὲν
2457 4872 2568 4924 οὐν
2599 4873 3085 4941 προπεμφθέντες
3140 4877 3260 4932 ὑπὸ
3313 4879 3426 4949 τῆς
3480 4883 3879 4956 Ἐκκλησίας,

2193 4955 2508 5023 διήρχοντο
2543 4959 2656 5027 τὴν
2700 4960 2985 5028 Φοινίκην
3036 4963 3135 5015 καὶ
3182 4965 3518 5035 Σαμάρειαν
3570 4955 3884 5043 ἐκδιηγού·

2189 5060 2358 5110 μενοι
2381 5044 2493 5111 τὴν
2514 5045 2890 5114 ἐπιστροφὴν
2912 5047 3028 5101 τῶν
3047 5049 3238 5104 ἐθνῶν
3253 5067 3265 5080 ·
3292 5055 3389 5108 καί
3413 5054 3666 5110 ἐποίουν
3685 5066 3883 5130 χαρὰν

2191 5129 2461 5198 μεγάλην
2480 5132 2630 5186 πᾶσι
2657 5132 2781 5198 τοῖς
2813 5134 3116 5205 ἀδελφοῖς.
3159 5142 3643 5211 Παραγενόμενοι
3685 5129 3878 5218 δέίείς

2210 5218 2618 5290 Ἰερουσαλὴμ,
2670 5222 3098 5294 ἀπεδέχθησαν
3151 5229 3271 5283 ὑπὸ
3328 5231 3441 5296 τῆς
3502 5233 3880 5306 Ἐκκλησία(

2192 5306 2290 5358 καί
2344 5306 2462 5396 τῶν
2494 5309 2857 5378 ἀποστόλων
2900 5314 2998 5366 καὶ
3045 5314 3164 5368 τῶν
3199 5320 3656 5387 πρεσϐυτέρων,
3690 5325 3880 5396 ἀνήγε-

2192 5395 2399 5462 τειλάν
2443 5413 2508 5450 τε
2562 5398 2680 5450 ὅσα
2736 5399 2768 5450 ό
2804 5399 2948 5466 Θεὸς
2988 5402 3245 5471 ἐποίησε
3284 5406 3412 5473 μετ’
3471 5410 3692 5466 αὐτῶν.
3734 5395 3881 5485 Ὅρα

2195 5484 2330 5554 πόση
2365 5485 2654 5554 οἰκονομία
2688 5485 2916 5554 γίνεται.
2959 5491 3414 5562 Ἐξανέστησαν
3450 5495 3517 5550 δέ
3555 5517 3710 5568 τινες
3759 5484 3881 5557 τών

2191 5571 2307 5623 ἀπὸ
2343 5571 2453 5639 τῆς
2479 5571 2762 5640 (ιίρέσεως
2795 5574 2915 5628 τῶν
2959 5580 3298 5646 Φαρισαίων
3325 5590 3803 5656 πεπιστευκότες
3829 5594 3875 5656 δ,

2187 5660 2490 5729 λέγοντες,
2521 5661 2610 5713 ὅτι
2639 5661 2738 5714 Δεῖ
2760 5665 3134 5735 περιτέμνειν
3164 5671 3406 5738 αὐτοὺς,
3433 5661 3878 5747 παραγγέλλειν

2190 5766 2252 5799 τε
2293 5749 2492 5814 τηρεῖν
2534 5751 2641 5801 τὸν
2691 5751 2878 5819 νόμον
2917 5756 3235 5824 Μωϋσέως.
3285 5759 3438 5833 [249]
3466 5765 3873 5835 Συνήχθησαν

2191 5835 2255 5887 δὲ
2287 5838 2339 5888 οἱ
2366 5838 2698 5891 ἀπόστολοι
2748 5841 2846 5893 καί
2878 5844 2930 5894 οὶ
2963 5846 3356 5916 πρεσϐύτεροι
3408 5849 3557 5905 ἰδεῖν
3601 5855 3732 5923 περί
3772 5858 3874 5913 τοῦ

2259 5980 2284 6019 b
2311 5981 2517 6040 Quidam
2571 5995 2684 6032 mss.
2733 5988 3141 6046 πεπιστευκότων,
