4034 6428
161 443 272 505 933

163 576 223 619 ιιι
253 564 512 620 vomitum
537 561 721 620 edant.
752 559 878 616 Scio
904 573 1000 612 vos
1029 557 1144 611 inec
1164 571 1287 611 cum
1313 569 1510 610 nausea
1537 552 1727 607 audire
1754 568 1769 578 ·

159 654 259 711 sed
295 664 422 710 tunc
449 656 530 709 sic
557 669 653 709 vos
694 651 836 706 affici
864 650 1023 704 velim
1047 707 1059 718 ,
1094 663 1216 703 cum
1264 647 1351 700 illa
1396 646 1510 699 fieri
1543 643 1768 707 videtis,

158 761 265 801 nec
290 745 359 800 de
379 761 437 800 re
466 745 554 800 illa
577 743 853 800 obiectari.
875 739 1208 795 lmmundior
1233 748 1318 794 est
1344 736 1770 792 contumeliosus

159 851 298 896 cane
323 843 628 890 revertente
649 833 715 888 ad
740 831 996 887 vomitum
1028 845 1208 884 suum.
1240 829 1295 884 Si
1322 827 1466 884 enim
1487 834 1769 897 postquam

159 929 333 984 semel
365 928 648 993 evomuit,
699 933 973 990 cessaret,
1023 938 1130 977 non
1177 929 1325 977 esset
1368 920 1488 974 cani
1532 915 1767 980 similis;

156 1023 204 1077 si
236 1037 368 1076 vero
400 1035 612 1076 rursum
643 1019 832 1076 eadem
865 1018 981 1088 ipsa
1022 1023 1275 1078 evomat,
1323 1013 1500 1082 palam
1530 1022 1616 1066 εει
1643 1023 1767 1065 eum

153 1112 350 1166 eadem
381 1112 493 1181 ipsa
521 1110 845 1165 comedisse.
875 1107 1012 1175 Quid
1040 1106 1131 1160 illo
1157 1101 1618 1159 abominabilius?
1643 1097 1770 1170 quid

154 1204 431 1271 impurius
460 1203 552 1255 illo
579 1217 706 1265 ore,
735 1201 825 1270 qui
859 1201 995 1253 tales
1023 1195 1231 1251 mandit
1259 1191 1454 1250 escas?
1481 1190 1645 1262 Atqui
1669 1189 1772 1244 hoc

151 1308 298 1362 opus
326 1300 412 1348 est
451 1305 689 1356 natura,
721 1290 849 1346 illud
896 1289 1158 1353 minime;
1193 1287 1302 1341 imo
1330 1293 1387 1341 et
1421 1283 1526 1339 hoc
1553 1292 1607 1338 et
1638 1280 1770 1336 illud

149 1395 348 1438 contra
381 1393 626 1437 naturam
655 1391 755 1437 est.
790 1367 1076 1448 Quomodo
1095 1380 1120 1432 'l
1147 1377 1263 1432 Non
1293 1374 1589 1432 secundum
1622 1383 1774 1428 mtu-

151 1494 274 1532 ram
304 1486 387 1532 est
411 1477 531 1532 sine
559 1491 718 1530 causa
747 1473 1132 1530 contumeliam
1176 1469 1379 1525 inferre
1400 1510 1415 1534 ,
1458 1467 1553 1524 sed
1582 1475 1769 1520 contra

152 1579 410 1626 naturam
439 1586 452 1622 :
485 1570 642 1640 igitur
685 1567 815 1621 nihil
847 1576 905 1621 ut
936 1565 1098 1619 homo
1147 1563 1418 1634 loquitur,
1460 1560 1553 1615 sed
1581 1559 1682 1614 alia
1712 1567 1772 1611 ut

151 1662 272 1716 fera
295 1703 311 1728 ,
339 1660 444 1715 alia
475 1670 531 1714 ut
568 1659 770 1713 furens.
806 1654 1274 1724 Quemadmodum
1319 1666 1450 1720 ergo
1476 1663 1770 1719 corporeus

153 1754 388 1808 morbus
429 1760 626 1822 pra-ter
666 1761 911 1804 naturam
939 1757 1056 1810 cst,
1090 1749 1168 1802 sic
1195 1757 1250 1800 et
1296 1745 1384 1798 hic
1430 1743 1668 1798 morbus.
1701 1741 1771 1795 Et

153 1844 286 1913 quia
318 1854 515 1913 praeter
557 1849 800 1896 naturam
833 1849 952 1906 est,
1006 1838 1052 1893 si
1095 1839 1145 1892 in
1189 1837 1280 1891 illo
1324 1845 1600 1897 moretur,
1634 1849 1766 1901 pau—

155 1935 312 1987 latim
357 1933 534 2002 perit;
587 1932 636 1985 in
671 1946 738 1985 eo
783 1940 964 1983 autem
993 1929 1136 1998 quod
1167 1927 1464 1982 secundum
1518 1935 1765 1978 naturam

153 2033 245 2081 est
293 2038 555 2088 morans,
607 2038 713 2076 non
771 2021 988 2092 peribit.
1046 2020 1260 2074 Mallem
1315 2017 1591 2071 convivari
1645 2033 1767 2071 cum

159 2117 384 2171 homine
433 2116 602 2169 lutum
654 2114 887 2179 edente,
941 2129 1100 2183 quam
1149 2128 1271 2167 cum
1320 2112 1442 2166 talia
1495 2112 1764 2181 loquente.

152 2211 358 2262 Annon
412 2205 610 2260 videtis
661 2221 855 2276 porcos
899 2215 1110 2259 stercus
1142 2204 1411 2273 edentes?
1443 2205 1533 2257 Sic
1561 2211 1616 2257 et
1657 2202 1764 2257 isti.

151 2301 296 2369 Quid
326 2301 469 2355 enim
501 2298 694 2354 foedius
740 2299 919 2352 verbis
941 2337 956 2361 ,
999 2313 1120 2367 qua:
1163 2298 1455 2366 loquuntur
1484 2304 1765 2350 contume-

153 2391 327 2446 liosi?
377 2392 438 2445 lli
485 2399 680 2445 curant
727 2390 861 2444 nihil
905 2404 1096 2444 sanum
1139 2389 1321 2458 loqui,
1371 2388 1503 2441 nihil
1536 2401 1765 2457 purum,

152 2483 253 2538 sed
277 2483 322 2536 si
346 2483 475 2552 quid
508 2481 705 2537 foedum
735 2522 748 2545 ,
779 2482 821 2535 si
851 2481 976 2550 quid
1007 2491 1164 2550 turpe
1185 2521 1199 2545 ,
1232 2478 1282 2533 id
1312 2495 1474 2550 agere
1498 2489 1552 2534 et
1572 2477 1723 2533 effari
1751 2496 1763 2532 :

159 2577 418 2647 quodque
466 2577 680 2644 gravius
725 2584 839 2640 est,
868 2574 995 2628 dum
1024 2589 1143 2629 sese
1174 2573 1463 2642 deturpant
1488 2613 1504 2637 ,
1536 2572 1671 2626 alios
1709 2587 1769 2627 se

151 2669 451 2738 deturpare
482 2677 686 2736 putant.
723 2666 875 2734 Quod
904 2666 1047 2720 enim
1095 2680 1216 2720 sese
1265 2664 1594 2734 deturpent,
1642 2664 1768 2720 inde

155 2760 348 2828 liquet.
379 2758 458 2813 Ne
485 2757 614 2812 mihi
648 2758 789 2812 cnim
822 2771 918 2814 eos
938 2798 953 2822 ,
985 2756 1076 2827 qui
1125 2755 1406 2811 mendacia
1435 2760 1762 2825 loquuntur,

150 2851 404 2921 alleges;
457 2848 554 2904 sed
603 2849 675 2903 sit
728 2847 976 2919 qumdam
1024 2847 1252 2918 insignis
1300 2847 1596 2914 meretrix,
1652 2847 1768 2902 sive

149 2946 279 3013 quis
317 2945 450 2998 alius
475 2959 541 2998 ex
570 2956 764 3008 scena,
796 2943 888 3014 qui
926 2958 1052 2998 cum
1077 2943 1185 2997 alio
1213 2957 1444 3013 pugnam
1465 2955 1716 2999 conserat
1749 2962 1762 2998 :

151 3037 284 3093 hine
313 3038 403 3093 ille
434 3037 534 3106 ipsi
564 3038 662 3092 ista
694 3038 976 3107 loquatur,
1012 3036 1100 3090 hic
1131 3051 1348 3091 rursum
1387 3037 1576 3091 eadem
1605 3052 1763 3107 repe-

150 3141 233 3185 tat
266 3150 279 3184 :
328 3141 446 3185 uter
475 3131 645 3200 magis
691 3130 1019 3186 contumelia
1049 3129 1329 3184 afficitur?
1356 3129 1491 3185 Nam
1521 3130 1610 3185 ille
1639 3132 1764 3201 qui-

147 3222 280 3277 dem
313 3222 456 3291 quod
505 3239 668 3292 penes
701 3238 759 3276 se
791 3223 1014 3286 habuit,
1044 3222 1251 3278 audivit
1281 3240 1295 3288 ;
1331 3223 1419 3278 hic
1449 3209 1577 3278 vero
1619 3224 1764 3294 quod

150 3329 264 3368 non
297 3314 533 3377 habuit;
567 3314 746 3383 itaque
796 3313 870 3368 illi
918 3313 1054 3368 nihil
1101 3315 1333 3368 accessit
1375 3315 1760 3384 turpitudinis;

148 3405 278 3460 huic
306 3421 436 3460 vero
464 3405 770 3475 plurimum.
797 3403 904 3459 Sed
934 3406 1042 3459 sint
1065 3405 1310 3475 quredam
1329 3406 1487 3482 .edita
1515 3406 1532 3438 ¹
1564 3421 1761 3476 opera,

147 3513 269 3566 qua:
301 3497 454 3552 solus
499 3496 588 3552 illc
635 3496 1064 3552 contumeliosus
1111 3499 1360 3563 noverit;
1394 3497 1625 3567 deinde,
1671 3501 1761 3570 qui

147 3599 277 3645 ante
299 3598 572 3655 tacuerat,
595 3590 975 3644 contumeliam
1001 3589 1190 3644 efferat
1221 3607 1234 3642 :
1269 3590 1349 3645 sic
1370 3605 1586 3662 quoque
1616 3591 1758 3647 idem

147 3681 266 3751 ipse
299 3682 470 3751 magis
499 3681 824 3735 contumelia
866 3680 1090 3736 allectus
1120 3688 1222 3735 est.
1254 3681 1585 3748 Quomodo?
1617 3684 1760 3739 Prae-

146 3788 213 3828 eo
259 3774 481 3853 malitiae
531 3772 736 3839 factus,
788 3772 1128 3828 infidelitatis
1177 3772 1378 3830 famam
1431 3777 1668 3847 accipit:
1703 3787 1759 3832 et

212 3915 229 3945 ⁸
264 3911 412 3963 Alius
432 3912 602 3973 habet,
621 3918 826 3974 secreta,
851 3925 959 3975 pro,
985 3911 1138 3962 edita.

1137 434 1205 494 1N
1245 429 1425 492 seu
1473 405 2004 491 Aposrownbn.
2049 432 2284 489 llOlllL.
2333 432 2550 488 χχχιι.

3386 438 3491 496 2ἷᾶ

1879 565 2072 605 omnes
2113 551 2296 606 subito
2320 566 2382 606 se
2424 552 2732 604 incusantes
2780 549 3013 614 videbit,
3048 566 3111 606 ac
3143 553 3267 606 talia
3298 551 3491 624 ubique

1883 643 2211 714 loquentes:
2245 643 2303 698 Si
2344 643 2526 708 enim,
2573 641 2860 711 inquient,
2913 642 3192 700 homicidii
3240 647 3494 701 conscius

1879 748 2033 810 erat,
2067 737 2248 794 omnia
2297 736 2584 793 enuntiare
2629 737 2914 806 oportebat
2946 754 2962 793 :
2993 751 3294 809 omnesque
3339 738 3492 794 illum

1878 831 2032 900 quasi
2061 846 2131 886 ne
2161 830 2324 884 homo
2361 828 2583 900 quidem
2610 829 2682 883 sit
2711 836 3068 896 aversantur,
3098 829 3225 884 odio
3251 829 3494 899 habent,

1878 921 2050 978 feram
2077 938 2200 979 esse
2228 923 2418 978 dicunt
2447 922 2742 977 immanem
2772 940 2788 988 ;
2822 921 2948 976 huic
2975 938 3108 978 vero
3135 923 3308 995 magis
3334 924 3494 993 igno—

1878 1025 2068 1082 scunt,
2095 1030 2256 1086 quam
2289 1015 2388 1070 illi.
2419 1014 2535 1069 Non
2561 1015 2705 1068 enim
2735 1013 2959 1084 perinde
2989 1030 3084 1069 eos
3106 1057 3119 1079 ,
3148 1016 3240 1086 qui
3269 1016 3492 1071 vulnera

1882 1106 2088 1162 habent
2114 1149 2129 1175 ,
2161 1107 2288 1162 odio
2319 1106 2582 1162 habemus
2604 1148 2619 1171 ,
2649 1118 2814 1176 atque
2846 1106 3000 1172 illos,
3030 1108 3120 1177 qui
3153 1122 3217 1162 ea
3247 1108 3496 1163 revelare

1877 1209 2097 1270 cogunt.
2132 1199 2206 1254 lta
2234 1207 2290 1253 et
2314 1198 2401 1252 hic
2423 1198 2753 1254 contumelia
2779 1197 2961 1254 affecit
2985 1213 3096 1254 non
3124 1197 3276 1254 illum
3303 1200 3489 1265 modo,

1878 1291 1972 1347 sed
1995 1293 2155 1347 etiam
2184 1291 2424 1362 seipsum
2445 1301 2500 1348 et
2523 1292 2806 1348 audientes
2832 1307 3290 1366 communemque
3318 1295 3493 1351 homi-

1879 1401 2010 1439 num
2040 1392 2285 1440 naturam
2319 1402 2333 1439 :
2367 1384 2628 1454 perculsit
2657 1385 2991 1453 auditorem,
3017 1387 3153 1442 nihil
3184 1387 3310 1442 honi
3338 1386 3490 1443 fecit.

1879 1478 2005 1532 Ideo
2033 1479 2162 1532 dicit
2190 1478 2388 1532 Paulus
2421 1493 2437 1532 :
2472 1477 2535 1534 Si
2556 1479 2670 1549 quis
2694 1479 2855 1534 bonus
2884 1495 3051 1535 sermo
3081 1481 3154 1534 ad
3177 1481 3490 1550 wdiﬁcatio-

1877 1586 1990 1625 nem
2011 1614 2026 1636 ,
2057 1581 2110 1624 ut
2131 1572 2214 1625 det
2234 1573 2454 1641 gratiam
2483 1573 2804 1647 audientibus
2830 1573 3062 1648 (Ep/tes.
3095 1578 3150 1631 4.
3178 1577 3250 1633 29
3272 1577 3308 1646 ).
3343 1577 3488 1632 Bona

1879 1663 2190 1733 loquentem
2243 1663 2537 1720 habeamus
2587 1664 2822 1736 linguam
2846 1709 2861 1732 ,
2896 1674 2954 1721 ut
2989 1668 3163 1722 simus
3205 1668 3490 1723 desidera-

1876 1755 2011 1810 biles
2049 1764 2106 1810 et
2144 1756 2424 1811 amabiles.
2471 1755 2668 1811 Verum
2707 1772 2946 1828 eousque
2972 1758 3193 1814 malitiae
3220 1776 3492 1830 pervene-

1877 1855 2003 1900 runt
2043 1848 2224 1901 omnia
2247 1890 2262 1912 ,
2291 1856 2349 1902 ut
2389 1847 2458 1903 de
2484 1849 2682 1918 quibus
2711 1849 3038 1905 erubescere
3075 1861 3389 1922 oporteret,
3425 1854 3492 1908 de

1876 1937 1941 1992 iis
1986 1938 2230 2009 plerique
2259 1939 2583 2010 glorientur.
2633 1940 2761 1994 limo
2807 1940 3127 2012 plerumque
3173 1944 3493 2000 minitantur

1875 2031 2142 2100 quidam:
2190 2031 2305 2085 Non
2361 2033 2564 2102 poteris
2619 2034 2858 2104 linguam
2907 2050 3083 2089 meam
3139 2036 3305 2092 ferre.
3365 2038 3493 2094 ΙΙωο

1876 2121 2122 2177 mulieris
2166 2123 2330 2177 verba
2379 2132 2544 2188 sunt,
2606 2126 2807 2178 vetulae
2859 2125 3024 2180 ebriae
3070 2136 3126 2181 et
3171 2127 3440 2182 indi-cora:
3472 2171 3487 2194 ,

1874 2227 2064 2266 eorum
2106 2213 2196 2282 qui
2228 2213 2400 2269 forum
2432 2216 2774 2285 frequentant
2794 2257 2809 2280 ,
2841 2216 3073 2271 lenonis.
3102 2215 3247 2272 Nihil
3279 2219 3491 2288 turpius

1876 2307 1960 2361 his
2004 2308 2214 2372 verbis,
2261 2306 2396 2360 nihil
2443 2309 2559 2362 vir'o
2600 2307 2905 2378 indignius,
2952 2309 3086 2364 nihil
3129 2311 3487 2377 muliebrius,

1874 2414 2038 2469 quam
2066 2400 2118 2453 in
2167 2400 2350 2469 lingua
2392 2399 2561 2454 robur
2612 2399 2853 2466 habere,
2909 2401 2963 2454 in
3010 2403 3272 2457 Conviciis
3319 2404 3487 2457 altum

1873 2507 2067 2563 sapere
2091 2535 2106 2559 ,
2140 2501 2196 2547 ut
2225 2492 2262 2547 ii
2291 2494 2382 2562 qui
2424 2493 2477 2547 in
2525 2494 2743 2564 pompis
2788 2503 2991 2565 agunt,
3026 2503 3082 2550 ut
3115 2496 3300 2564 mimi,
3333 2512 3490 2567 para-

1874 2586 2004 2650 siti,
2036 2585 2366 2642 adulatores.
2400 2585 2553 2641 Porci
2600 2578 2774 2658 magis
2796 2629 2812 2655 ,
2846 2605 3007 2659 quam
3050 2587 3300 2645 homines
3326 2600 3488 2656 sunt,

1873 2679 1964 2749 qui
2013 2678 2085 2733 de
2138 2677 2334 2734 talibus
2382 2679 2702 2750 gloriantur.
2753 2681 2888 2735 Cum
2934 2691 3213 2753 oporteret
3258 2684 3488 2754 teipsqu

1872 2769 2162 2838 defodere,
2197 2785 2320 2826 cum
2344 2781 2663 2841 oporteret,
2713 2772 2758 2826 si
2789 2773 2913 2843 quis
2938 2788 3002 2827 ea
3032 2774 3126 2828 tibi
3161 2775 3488 2832 testiﬁcare-

1875 2875 1990 2930 tur,
2010 2865 2380 2919 testimonium
2405 2863 2589 2936 fugere
2610 2866 2762 2936 quasi
2789 2866 3069 2922 inimicum
3090 2875 3147 2923 et
3171 2884 3276 2924 non
3297 2870 3485 2927 virile:

1873 2968 1930 3013 tu
1960 2974 2092 3014 vero
2129 2973 2308 3029 praeco
2350 2959 2799 3015 contumeliarum
2839 2975 2920 3015 es.
2955 2960 3064 3015 Sed
3109 2961 3244 3016 nihil
3287 2963 3488 3020 laedere

1873 3051 2076 3122 poteris
2125 3066 2290 3117 eum,
2343 3051 2434 3122 qui
2489 3052 2633 3106 male
2676 3051 2848 3107 audit.
2897 3052 3264 3119 Quamobrem
3317 3071 3486 3126 rogo,

1870 3144 2172 3213 cogitantes
2197 3153 2397 3215 quanta
2429 3147 2500 3198 sit
2547 3145 2785 3215 nequitia
2808 3185 2824 3210 ,
2871 3145 2940 3201 de
2966 3161 3070 3217 qua
3101 3158 3155 3203 et
3184 3149 3490 3218 gloriantur

1870 3234 2088 3306 quidam
2112 3277 2127 3301 ,
2163 3236 2548 3306 resipiscamus
2570 3279 2585 3302 ,
2610 3237 2968 3315 emendemus
2991 3254 3090 3295 eos
3119 3242 3210 3310 qui
3235 3242 3313 3296 sic
3345 3243 3489 3297 insa-

1869 3326 2027 3381 niunt
2045 3367 2063 3394 ,
2089 3326 2434 3382 eliminemus
2459 3343 2492 3383 e
2517 3329 2738 3383 civitate
2767 3329 2864 3384 hos
2889 3343 3185 3387 consessus
3205 3372 3221 3398 ,
3246 3332 3484 3403 linguam

1869 3433 2127 3474 ornemus
2156 3429 2396 3474 nostram
2418 3461 2431 3484 ,
2463 3427 2519 3475 et
2549 3419 2618 3474 ab
2641 3420 2790 3474 omni
2829 3420 3121 3477 maledicto
3145 3423 3440 3479 liberemus
3464 3465 3483 3494 ,

1869 3521 1928 3567 ut
1973 3513 2244 3584 possimus
2267 3527 2299 3567 a
2332 3513 2568 3582 peccatis
2601 3514 2838 3583 purgati.
2890 3530 3183 3584 supernam
3233 3522 3481 3574 benevo-

1868 3606 2089 3661 lentiam
2122 3604 2280 3660 nobis
2311 3604 2605 3659 conciliare
2626 3646 2640 3669 ,
2689 3615 2744 3659 et
2775 3605 2867 3660 Dei
2894 3605 3184 3671 clementia
3232 3609 3482 3680 dignari,

1866 3700 2040 3771 gratia
2069 3707 2125 3754 et
2155 3697 2594 3753 miserationibus
2628 3696 2898 3768 Unigeniti
2932 3700 3086 3770 ejus,
3128 3703 3347 3771 quicum
3375 3705 3481 3760 Pa-

1867 3797 1936 3850 tri
1987 3799 2044 3850 et
2094 3794 2318 3864 Spiritui
2385 3803 2575 3849 sancto
2625 3794 2838 3864 gloria,
2892 3796 3214 3865 imperium,
3267 3799 3480 3867 honor,

1867 3903 2010 3942 nunc
2040 3895 2094 3942 et
2122 3901 2372 3956 semper,
2404 3894 2462 3940 et
2489 3886 2540 3939 in
2567 3886 2766 3941 saecula
2796 3887 3147 3945 saeculorum.
3182 3891 3376 3946 Amen.

1413 4091 1765 4154 HOMILIA
1813 4090 2092 4154 XXXII.

143 4254 197 4294 ν.
237 4239 329 4294 27.
359 4237 553 4292 Morati
581 4246 697 4291 sunt
717 4246 887 4290 autent
914 4237 981 4289 ibi
1007 4247 1204 4306 tempus
1235 4252 1336 4289 non
1363 4237 1618 4290 modicum
1639 4254 1752 4291 cum

215 4330 505 4400 discipulis.
543 4329 671 4386 CAP.
709 4330 794 4384 l5.
839 4329 891 4383 1.
946 4327 1014 4383 Et
1051 4328 1259 4396 quidam
1304 4327 1659 4384 descendentes
1691 4330 1754 4383 de

211 4423 430 4488 Iudaea,
461 4423 706 4477 docebant
735 4423 920 4492 fratres
954 4438 972 4476 :
1005 4421 1140 4488 Quia
1183 4422 1281 4475 nisi
1312 4421 1752 4477 circuntcidamini

210 4516 492 4570 secundum
519 4531 710 4568 morem
739 4513 936 4584 Moysi:
958 4555 974 4578 ,
1013 4530 1114 4567 non
1141 4515 1350 4583 potestis
1379 4515 1591 4568 salvari.

211 4610 265 4662 l.
303 4606 436 4661 Vide
480 4606 677 4675 ubique
712 4607 993 4660 transitum
1034 4607 1100 4659 ad
1137 4615 1328 4678 gentes
1359 4608 1670 4661 necessu-io
1717 4623 1746 4662 a

134 4698 343 4755 Iudaeis
385 4697 684 4752 inductum.
728 4698 978 4752 Antehac
1005 4707 1290 4752 accusatus
1320 4699 1589 4754 rationem
1619 4699 1747 4754 red-

134 4791 347 4855 debat,
402 4798 458 4844 et
503 4789 810 4845 excusantis
856 4804 1008 4844 more
1057 4791 1238 4844 omnia
1291 4790 1642 4861 loquebatur:
1693 4794 1746 4849 id

133 4883 281 4952 quod
326 4896 633 4937 sermonem
675 4882 845 4952 magis
890 4891 1172 4952 acceptum
1206 4882 1504 4949 reddebat;
1547 4884 1746 4942 deinde

134 4976 340 5032 Iudaeis
381 4976 796 5042 aversantibus,
843 4975 990 5031 venit
1037 4976 1105 5030 ad
1152 4987 1365 5047 gentes.
1401 4977 1501 5033 Hic
1547 4978 1742 5035 iterum

131 5069 322 5124 videns
346 5067 508 5122 aliam
529 5069 934 5123 altercationem
958 5110 972 5136 ,
1002 5068 1175 5138 legem
1200 5071 1404 5125 statuit.
1432 5070 1568 5137 Quia
1596 5071 1740 5127 enim

131 5172 321 5235 utpote
348 5178 378 5217 a
411 5163 522 5217 Deo
555 5162 738 5228 docti,
773 5161 1241 5217 indiscriminatim
1274 5163 1527 5220 omnibus
1553 5165 1742 5234 loque-

130 5259 348 5324 bantur,
372 5257 475 5312 hoc
502 5255 720 5313 Judaeos
736 5257 826 5328 qui
855 5256 1081 5311 aderant
1109 5256 1175 5311 ad
1197 5257 1371 5313 zelum
1401 5258 1733 5328 provocavit.

127 5351 240 5406 Nec
265 5349 428 5405 modo
450 5349 918 5405 circumcisionem
941 5349 1245 5419 docebant,
1275 5350 1368 5406 sed
1411 5352 1572 5405 etiam
1619 5353 1738 5407 sine

126 5446 214 5500 illa
243 5445 476 5501 salutem
504 5445 694 5501 haberi
735 5461 842 5501 non
871 5461 1032 5519 posse
1055 5446 1328 5502 dicebant.
1358 5447 1454 5501 Cui
1491 5448 1568 5502 rei
1600 5462 1735 5500 con-

126 5539 288 5594 traria
318 5537 518 5594 docere
546 5539 867 5610 oportebat,
912 5555 1108 5611 nempe
1138 5540 1182 5594 si
1225 5540 1686 5595 circumcidamini
1715 5583 1731 5608 ,

122 5632 352 5687 salutem
401 5633 660 5703 consequi
723 5648 830 5688 non
879 5632 1127 5701 potestis.
1181 5632 1367 5688 Viden’
1419 5631 1731 5702 frequentes

123 5724 451 5779 tentationes
495 5724 638 5779 intus
685 5733 742 5781 et
789 5724 942 5781 foris.
979 5724 1145 5780 Recte
1176 5734 1357 5779 autem
1407 5725 1730 5794 providetur

122 5815 224 5870 hoc
250 5812 366 5871 ﬁeri
401 5815 567 5872 Paulo
595 5825 898 5887 praesente,
950 5826 1007 5871 ut
1038 5816 1384 5871 contradicat.
1445 5817 1561 5872 Non
1589 5816 1729 5870 dixit

120 5911 316 5968 l‘sulus
359 5927 372 5964 ε
414 5909 553 5982 Ouid
602 5912 789 5968 enim?
832 5925 1013 5967 annon
1056 5904 1192 5965 sum
1221 5909 1326 5966 l‘nle
1368 5909 1562 5980 dignus
1606 5921 1728 5979 post

1864 4245 1945 4291 tot
1988 4235 2188 4307 signa?
2229 4234 2325 4290 sed
2362 4244 2583 4305 propter
2610 4235 2733 4290 illos
2768 4250 2976 4293 morem
3004 4240 3190 4308 gessit.
3225 4241 3292 4296 Et
3330 4242 3475 4309 vide,

1861 4330 2078 4385 discunt
2103 4344 2296 4387 omnes
2325 4345 2409 4393 ea,
2443 4344 2564 4400 qua:
2595 4330 2646 4383 in
2677 4341 2868 4400 gentes
2895 4329 3036 4386 facta
3065 4343 3241 4402 erant,
3275 4338 3477 4391 etiam-

1859 4437 1965 4493 que
1996 4421 2356 4487 Samaritani,
2404 4432 2460 4476 et
2496 4421 2758 4492 gaudent.
2798 4423 2856 4477 2.
2892 4423 3058 4480 Facta
3083 4442 3202 4499 ergo
3229 4429 3473 4484 seditione

1857 4523 1904 4568 et
1949 4514 2230 4586 questione
2269 4530 2373 4567 non
2402 4514 2615 4567 minima
2655 4512 2830 4568 Paulo
2855 4527 2905 4570 et
2935 4516 3194 4573 Barnabas
3226 4522 3472 4576 adversus

1857 4605 1996 4673 illos,
2024 4613 2309 4659 statuerunt
2339 4615 2393 4657 ut
2422 4610 2751 4659 ascenderant
2789 4604 2994 4662 Paulus
3029 4620 3076 4663 et
3107 4608 3400 4679 Barnabas,
3421 4625 3473 4669 et

1853 4697 2064 4767 quidam
2084 4696 2178 4750 alii
2198 4713 2262 4750 ea:
2286 4696 2390 4749 illis
2409 4699 2476 4748 ad
2494 4699 2755 4766 apostolos
2777 4707 2824 4751 et
2847 4702 3166 4772 presbyteros
3185 4705 3236 4758 in
3250 4704 3469 4762 Jerusa-

1856 4787 1954 4842 lem
1989 4805 2146 4858 super
2183 4789 2280 4842 hac
2309 4790 2606 4855 qtuestione.
2636 4792 2688 4845 '5.
2719 4789 2814 4845 Illi
2839 4808 2959 4863 ergo
2990 4797 3244 4864 prwmissi
3270 4799 3332 4853 ab
3362 4799 3471 4853 Ec-

1853 4881 2008 4933 clesia
2037 4879 2416 4951 pertransibunt
2449 4878 2745 4934 Pltaznicem
2773 4892 2823 4936 et
2848 4881 3172 4955 Samariam,
3201 4900 3470 4946 narrantes

1852 4974 2232 5028 conversionem
2261 4977 2489 5044 gentium
2514 4990 2533 5029 :
2568 4986 2614 5027 et
2645 4976 2902 5046 faciebant
2931 4979 3181 5048 gaudium
3220 5000 3468 5056 magnum

1851 5065 2086 5119 omnibus
2129 5064 2396 5136 fratribus.
2439 5066 2498 5120 4.
2530 5064 2658 5120 Cum
2687 5077 2858 5120 autem
2898 5070 3148 5124 venissent
3193 5072 3467 5148 Jerosoly-

1849 5175 1986 5211 mam
2006 5200 2023 5227 ,
2051 5159 2274 5227 suscepti
2304 5169 2420 5212 sunt
2448 5157 2511 5211 ab
2532 5157 2763 5212 Ecclesia
2785 5169 2830 5213 et
2859 5161 2923 5214 ab
2951 5157 3201 5232 apostolis
3231 5177 3280 5221 et
3300 5169 3465 5222 senio-

1846 5255 2010 5320 ribus,
2038 5255 2397 5308 annuntiantes
2415 5263 2606 5324 quanta
2637 5253 2776 5309 Deus
2807 5256 3006 5328 fecisset
3035 5272 3151 5311 cum
3171 5259 3300 5315 illis.
3328 5261 3464 5318 Vide

1846 5364 1970 5403 cum
2014 5357 2212 5419 quanta
2257 5347 2562 5403 (Economia
2604 5361 2692 5402 res
2731 5359 2974 5418 geratur.
3023 5351 3080 5406 5.
3111 5350 3464 5410 Surrexerunt

1843 5453 2015 5497 autem
2040 5443 2249 5514 quidam
2277 5443 2340 5496 de
2365 5442 2545 5496 lueresi
2568 5439 2979 5510 Pharisaeorum,
3002 5445 3089 5516 qui
3109 5446 3457 5514 crediderant,

1842 5537 2066 5591 dicentes
2090 5551 2108 5590 :
2137 5535 2272 5603 Quia
2293 5545 2488 5605 oportet
2517 5536 2880 5591 circumcidere
2900 5546 3004 5604 eos,
3036 5540 3314 5610 prticipae
3333 5558 3460 5612 quo-

1839 5644 1939 5700 que
1973 5643 2173 5683 servare
2220 5628 2379 5698 legem
2419 5625 2609 5698 Moysi.
2641 5627 2694 5684 6.
2727 5626 3188 5702 Conveneruntqus
3234 5635 3458 5702 apostoli

1838 5729 1886 5773 et
1917 5720 2140 5773 seniores
2166 5717 2338 5772 videre
2381 5719 2446 5771 de
2489 5718 2640 5773 uerbo
2671 5720 2786 5775 hoc.
2818 5721 2871 5775 7.
2902 5719 3032 5775 Cum
3053 5733 3223 5777 autem
3266 5741 3454 5794 magna

1837 5812 2141 5884 conquisitio
2189 5813 2366 5881 ﬁeret,
2411 5829 2627 5884 surgens
2666 5813 2855 5871 Petrus
2892 5816 3022 5870 dixit
3061 5817 3132 5870 ad
3170 5831 3259 5871 eos
3283 5835 3302 5872 :
3335 5817 3452 5876 Viri

1836 5908 2022 5978 fratres
2046 5950 2059 5976 ,
2092 5923 2179 5961 vos
2215 5905 2361 5962 scitis
2383 5908 2630 5978 quoniam
2655 5909 2720 5960 ab
2752 5905 2979 5979 antiquis
3009 5908 3188 5966 diebus
3223 5910 3358 5966 Deus
3393 5928 3446 5967 m
