4034 6410
580 433 685 490 ’ἱῖὸ

585 551 722 605 robis
747 550 890 620 elegit
916 564 1003 618 per
1034 563 1092 601 os
1120 559 1285 598 meum
1310 539 1491 595 audire
1526 544 1696 609 gentes
1726 530 1930 607 verbum
1950 538 2164 593 evange-

584 643 661 707 lii,
708 650 756 695 et
792 639 1015 694 credere.
1056 635 1188 691 Vide
1235 633 1451 688 Petrum
1493 627 1601 699 jam
1629 624 1758 680 olim
1786 628 2088 691 separatum
2142 629 2172 668 a

588 734 823 802 negotio,
858 740 911 787 et
940 729 1199 784 hactenus
1227 724 1605 795 judaizantem.
1650 716 1747 770 Vos
1786 713 1942 776 scitis,
1980 707 2169 802 inquit.

587 800 751 881 Forte
790 823 1013 878 aderant
1040 835 1103 875 ex
1154 818 1253 884 iis,
1299 816 1385 887 qui
1436 813 1562 867 olim
1604 810 1989 864 accusaverant
2018 800 2169 854 illum

584 920 726 975 circa
754 916 1082 979 Cornelium,
1110 921 1166 969 et
1193 908 1416 981 ingressi
1444 913 1570 962 sunt
1592 918 1714 957 eum
1743 900 1835 955 illo
1865 914 1879 950 :
1905 896 2025 952 ideo
2053 894 2175 947 illos

585 1009 800 1065 adducit
826 1017 1008 1065 testes.
1039 1004 1115 1060 Ab
1141 1001 1359 1073 antiquis
1397 997 1572 1052 diebus
1596 993 1741 1065 elegit
1766 991 1820 1046 in
1849 988 1983 1043 vobis
2009 984 2172 1039 Dens.

587 1101 725 1171 Quid
754 1112 857 1165 εει,
878 1100 945 1155 In
978 1096 1151 1152 vobis?
1171 1093 1267 1149 Vel
1294 1092 1344 1146 in
1372 1088 1679 1149 Palaestina,
1708 1082 1902 1153 inquit,
1923 1078 2007 1133 vel
2038 1092 2176 1171 prat-

589 1168 831 1250 sentihus
856 1189 1024 1245 vobis.
1059 1186 1160 1241 Per
1186 1201 1241 1239 os
1268 1198 1453 1238 meum.
1480 1178 1614 1235 Vide
1634 1173 1903 1246 quomodo
1926 1168 2178 1225 ostendat

594 1286 758 1339 Deum
809 1296 906 1352 per
951 1293 1015 1334 se
1064 1276 1378 1346 loquutum,
1406 1281 1462 1327 et
1507 1268 1639 1325 nihil
1682 1268 1992 1322 humanum.
2023 1259 2077 1317 8.
2112 1258 2177 1314 Et

590 1374 818 1429 cordium
840 1370 1072 1442 cognitor
1101 1366 1241 1421 Deus
1270 1365 1565 1435 testiﬁcatus
1594 1369 1668 1415 est
1697 1359 1843 1431 ipsis.
1887 1355 1967 1411 Ad
2014 1353 2174 1424 spiri«

587 1464 779 1520 rituale
811 1460 1176 1518 testimonium
1205 1456 1423 1513 adducit
1450 1455 1593 1510 illos.
1627 1450 1767 1506 Dans
1790 1450 1892 1504 illis
1922 1446 2177 1517 Spiritum

585 1564 835 1617 sanctum,
869 1553 1000 1607 sicut
1021 1560 1069 1605 et
1096 1550 1258 1604 nobis.
1295 1546 1424 1602 Vide
1453 1541 1722 1615 quomodo
1750 1540 1950 1610 ubique
1988 1548 2178 1609 gentes

586 1655 850 1715 exaequat.
885 1644 940 1699 9.
992 1641 1056 1696 Et
1097 1641 1225 1695 nihil
1261 1636 1500 1692 discernit
1538 1636 1670 1692 inter
1696 1650 1787 1687 nos
1815 1641 1860 1687 et
1896 1630 2044 1695 illos,
2075 1628 2179 1698 ﬁde

587 1740 864 1809 purificans
908 1736 1063 1790 corda
1104 1749 1295 1787 eorum.
1334 1734 1373 1785 Α
1417 1730 1522 1785 lide
1567 1727 1679 1784 sola
1706 1766 1721 1789 ,
1755 1724 1959 1796 inquit,
1987 1722 2175 1777 eadem

584 1828 905 1899 consequuti
927 1835 1071 1883 sunt.
1099 1826 1161 1880 Et
1180 1823 1295 1880 htec
1322 1822 1424 1878 illis
1451 1820 1648 1875 monita
1673 1818 1895 1882 dantur;
1920 1816 2028 1870 imo
2050 1826 2179 1869 vero

584 1922 685 1977 hos
709 1919 903 1976 docere
942 1926 1144 1990 potest,
1174 1915 1276 1971 [ide
1305 1914 1417 1969 sola
1446 1926 1567 1968 esse
1596 1925 1751 1981 opus,
1783 1918 1838 1963 et
1865 1922 1969 1963 non
1999 1906 2179 1975 ope-ri-

583 2012 683 2067 bus
710 2010 792 2065 vel
820 1996 1245 2066 circumcisione.
1275 2004 1460 2073 Neque
1501 2002 1645 2057 enim
1676 2001 1790 2055 hare
1830 1999 2014 2053 dicunt
2057 2006 2178 2050 tan-

586 2114 704 2157 tum
732 2108 795 2156 ut
824 2100 1063 2171 gentium
1092 2110 1309 2154 causam
1336 2102 1531 2164 agant;
1560 2090 1655 2146 sed
1684 2092 1844 2145 etiam
1876 2088 1995 2143 illos
2026 2086 2180 2142 insti-

589 2202 747 2246 tuunt
767 2232 781 2258 ,
818 2200 873 2246 ut
919 2187 1202 2245 discedant
1225 2203 1253 2240 a
1286 2186 1423 2256 lege.
1452 2182 1559 2240 Sed
1587 2191 1766 2236 tamen
1801 2179 2036 2235 nondum
2064 2178 2180 2232 haec

584 2282 790 2337 dicttut.
828 2280 913 2337 10.
948 2278 1101 2333 Nunc
1120 2293 1237 2348 ergo
1257 2293 1348 2331 cur
1374 2275 1575 2331 tentatis
1602 2272 1767 2327 Deum
1793 2272 2050 2343 imponere
2083 2272 2178 2338 ju-

588 2392 709 2445 gum
743 2389 895 2444 super
925 2371 1148 2426 ceruices
1186 2365 1559 2439 discipulorum
1583 2406 1599 2429 ,
1644 2364 1780 2435 quod
1814 2378 1974 2433 neque
2013 2371 2180 2432 patres

583 2465 747 2520 nostri
773 2478 930 2534 neque
966 2478 1057 2516 nos
1076 2468 1279 2532 portare
1300 2458 1555 2527 potuimus
1570 2455 1597 2508 .9
1618 2456 1704 2509 ll.
1725 2452 1833 2509 Sed
1854 2470 1943 2523 per
1958 2452 2180 2524 gratiam

587 2556 795 2611 Domini
833 2553 960 2609 Jcsu
999 2552 1249 2607 credimus
1293 2548 1481 2604 salvari
1518 2545 1943 2620 quemadmodum
1984 2551 2030 2599 et
2076 2541 2176 2596 illi.

586 2647 725 2716 Quid
752 2656 835 2704 est
861 2644 992 2701 illud
1016 2686 1029 2710 ,
1061 2642 1291 2698 Tentatis
1320 2640 1485 2695 Deum
1514 2638 1539 2693 2
1568 2634 1677 2693 Cur
1704 2651 1809 2691 non
1837 2636 2075 2701 creditis,
2102 2634 2182 2688 in-

586 2738 868 2810 quit,Deo?
897 2751 993 2792 cur
1017 2734 1234 2791 tentatis
1260 2734 1403 2796 eum,
1436 2730 1586 2801 quasi
1616 2743 1724 2784 non
1748 2727 1915 2798 possit
1933 2726 2034 2780 lide
2061 2740 2178 2779 ser-

590 2832 749 2887 vare?
791 2830 972 2900 Itaque
1014 2824 1346 2882 infidelitatis
1390 2834 1473 2879 est
1514 2823 1687 2892 legem
1719 2820 1941 2876 inferre.
1976 2816 2183 2875 Deinde

594 2922 832 2978 ostendit
879 2935 999 2976 eam
1042 2918 1149 2974 illis
1194 2933 1299 2971 non
1354 2914 1520 2970 fuisse
1563 2914 1747 2968 utilem
1790 2922 1895 2967 :ct
1931 2920 2097 2966 totum
2128 2909 2183 2967 in

588 3018 781 3086 legem,
811 3028 917 3067 non
950 3012 1001 3066 in
1036 3010 1160 3065 illos
1191 3008 1367 3080 rejicit
1390 3050 1407 3073 ,
1439 3016 1599 3077 atque
1629 3007 2028 3063 accusationem
2056 3019 2179 3059 sne—

589 3108 736 3162 cidit.
768 3104 916 3171 Quod
944 3120 1045 3157 non
1072 3103 1332 3174 potuimus
1359 3116 1469 3165 nos,
1503 3099 1708 3169 inquit,
1735 3107 1781 3153 et
1820 3107 1997 3169 patres
2026 3098 2184 3151 nostri

592 3209 816 3269 portare.
837 3194 943 3251 Sed
963 3211 1051 3264 per
1074 3193 1291 3264 gratiam
1306 3189 1514 3245 Domini
1539 3189 1571 3243 ,Ι
1579 3206 1664 3244 esu
1693 3190 1945 3244 credimus
1972 3188 2182 3255 salvari,

591 3286 1015 3358 quemadmodum
1060 3294 1107 3339 el
1153 3283 1252 3338 illi.
1282 3284 1491 3351 Quanta
1520 3283 1713 3337 virtute
1738 3282 1893 3352 plena
1919 3289 2044 3336 sunt
2070 3284 2186 3336 ha‘c

594 3380 796 3437 verba?
824 3380 954 3445 Quae
989 3376 1184 3432 Paulus
1220 3375 1405 3430 multis
1452 3376 1502 3430 in
1548 3374 1786 3444 Epistola
1818 3373 1885 3427 ad
1915 3372 2187 3428 llomauos

593 3473 751 3540 dixit,
771 3470 958 3527 eadem
984 3479 1037 3524 et
1065 3470 1150 3524 hic
1170 3469 1320 3523 dicit.
1350 3466 1411 3523 Si
1434 3467 1568 3523 enim
1594 3467 1880 3533 Abraham,
1910 3466 2099 3537 inquit,
2126 3481 2191 3521 ea;

598 3565 834 3635 operibus
846 3562 1162 3634 justiﬁcatus
1187 3570 1293 3625 est,
1336 3560 1480 3613 habet
1502 3559 1721 3630 gloriam
1744 3598 1760 3626 ,
1800 3556 1891 3613 sed
1924 3574 2026 3611 non
2050 3556 2191 3629 apud

600 3654 764 3710 Deum
797 3653 972 3724 (Itoni.
996 3652 1048 3706 4.
1078 3649 1157 3722 2).
1185 3649 1372 3705 Viden’
1401 3651 1501 3703 hoc
1528 3649 1651 3705 illos
1677 3649 1847 3719 magis
1871 3648 2153 3703 institui-re
2172 3690 2188 3714 ,

599 3762 758 3817 quam
791 3752 980 3815 gentes
1006 3742 1337 3797 defendere?
1367 3739 1473 3796 Sed
1499 3740 1546 3795 si
1586 3739 1803 3812 quidem
1849 3740 2056 3811 absque
2084 3742 2189 3794 ulla

604 3838 889 3893 occasione
918 3836 1034 3890 hace
1062 3834 1323 3901 dixisset,
1352 3833 1489 3889 forte
1531 3848 1637 3889 non
1680 3844 1963 3904 suspectus
2010 3843 2189 3900 esset;

602 3931 758 3985 initio
774 3940 950 3983 autem
972 3926 1098 3981 hinc
1123 3935 1361 3996 sumpto,
1392 3924 1587 3980 deinde
1615 3925 1733 3981 sine
1761 3924 1908 3981 mbtu
1934 3926 2189 3997 loquitur.

605 4022 673 4076 Et
700 4020 822 4075 vide
852 4016 1119 4089 quomodo
1148 4018 1347 4087 ubique
1372 4016 1574 4081 omnia,
1606 4032 1729 4087 qua:
1758 4016 1962 4072 inimici
2004 4032 2188 4072 move-

605 4123 753 4174 runt.
780 4112 881 4166 illis
910 4111 1133 4181 prosint.
1161 4109 1273 4163 Nisi
1300 4109 1443 4163 enim
1471 4109 1543 4163 illi
1576 4108 1889 4175 movissent,
1918 4107 2036 4163 hsce
2054 4108 2194 4163 dicta

609 4224 714 4260 non
742 4206 988 4270 fuissent,
1015 4217 1112 4258 nec
1132 4203 1290 4257 etiam
1318 4216 1438 4273 quae
1458 4210 1774 4271 sequuntur.
1807 4199 1941 4255 Hinc
1961 4199 2194 4267 discunt,

608 4300 753 4371 quod
786 4298 997 4354 etiamsi
1040 4308 1227 4367 gentes
1256 4295 1453 4352 adduci
1500 4295 1834 4363 noluissent,
1868 4309 1975 4350 non
2020 4304 2198 4350 tamen

611 4407 733 4449 esse
761 4393 878 4445 illas
908 4388 1302 4458 despiciendas.
1330 4386 1439 4444 Sed
1466 4401 1627 4457 supra
1654 4388 1795 4443 dicta
1834 4389 2196 4458 esploremus.

612 4484 678 4539 In
722 4484 891 4547 vobis,
941 4483 1140 4550 inquit,
1178 4482 1358 4552 elegit,
1400 4493 1449 4535 et
1490 4480 1553 4534 ab
1593 4480 1810 4549 antiquis
1838 4480 2032 4534 diebus.
2088 4479 2203 4536 Hoc

614 4578 762 4641 dicit,
784 4574 1073 4631 ostendens
1099 4574 1150 4628 id
1175 4574 1328 4642 olim,
1359 4589 1462 4628 non
1490 4588 1631 4628 nunc
1657 4573 1840 4630 fuisse.
1872 4574 1987 4629 Non
2015 4589 2202 4644 parum

616 4677 796 4721 autem
824 4675 926 4731 est,
963 4666 1105 4736 quod
1134 4666 1299 4719 etiam
1321 4663 1522 4720 Judmis
1550 4665 1895 4721 credentibus
1926 4666 2028 4721 hoc
2052 4684 2206 4721 aver-

618 4767 779 4811 titur.
811 4758 1023 4811 Duobus
1068 4773 1195 4811 vero
1227 4757 1314 4824 id,
1348 4756 1491 4828 quod
1516 4756 1680 4823 dicit,
1713 4760 2062 4814 conlirmatur
2082 4800 2097 4825 ,
2154 4770 2209 4815 et

622 4861 861 4918 tempore
889 4860 939 4902 et
969 4850 1103 4903 loco.
1136 4850 1201 4904 Et
1228 4850 1369 4919 quod
1400 4848 1589 4920 Elegit,
1618 4849 1755 4905 bene
1787 4868 1799 4905 :
1834 4853 1973 4907 sicut
2000 4852 2051 4907 in
2081 4855 2208 4923 ipsis

622 4959 728 4997 non
757 4942 910 5006 dixit,
948 4940 1161 5007 Voluit,
1192 4939 1501 5012 scd,Elegit.
1534 4941 1815 4998 Undenam
1846 4944 1897 4999 id
1928 4945 2136 5014 liquet?
2164 4950 2203 5000 Α

621 5034 853 5105 Spiritu,
886 5032 1079 5103 inquit.
1112 5032 1314 5088 Deinde
1342 5032 1576 5087 ostendit
1608 5050 1711 5088 non
1743 5038 1929 5105 gratia:
1962 5046 2167 5091 luliltlln
2190 5079 2205 5105 ,

622 5129 717 5183 sed
748 5127 908 5182 etiam
952 5123 1166 5180 virtutis
1198 5124 1562 5180 testimonium
1615 5125 1717 5180 hoc
1744 5127 1847 5182 illis
1875 5144 1996 5184 esse.
2022 5171 2037 5195 ,
2068 5131 2209 5199 quod

628 5223 763 5276 nihil
790 5222 967 5275 minus
996 5218 1125 5289 ip~is
1154 5219 1405 5287 pra-beat.
1434 5218 1572 5273 Nihil
1601 5220 1767 5286 enim,
1792 5222 1982 5291 inquit,
2012 5224 2214 5278 discer-

628 5314 705 5367 nit
735 5318 873 5366 inter
921 5326 1019 5365 nos
1047 5318 1103 5364 et
1130 5310 1269 5365 illos.
1302 5309 1442 5382 Ergo
1482 5326 1576 5367 cor
1606 5313 1803 5384 ubique
1840 5316 2211 5384 quaerendum.

631 5407 695 5460 Et
726 5412 1025 5475 opportune
1049 5403 1186 5459 dixit
1218 5420 1231 5457 :
1264 5401 1503 5459 Gordium
1535 5409 1766 5477 cognitor
1806 5406 1947 5461 Deus
1969 5411 2214 5477 testiﬁca-

633 5510 715 5551 tus
739 5508 809 5551 est
831 5497 990 5567 ipsis;
1030 5498 1167 5551 sicut
1194 5506 1247 5550 et
1275 5496 1382 5550 illic
1412 5512 1426 5550 :
1458 5496 1535 5551 Tu
1556 5537 1571 5564 ,
1604 5496 1842 5566 Domine,
1870 5500 2101 5554 cordium
2132 5520 2218 5555 co-

638 5590 809 5661 gnitor
833 5588 1078 5654 omnium,
1108 5589 1314 5644 ostende
1342 5588 1361 5661 (
1383 5589 1495 5643 Act.
1524 5592 1575 5645 1.
1603 5590 1673 5647 24
1695 5592 1736 5662 ).
1779 5592 1913 5660 Quia
1941 5595 2083 5648 enim
2115 5597 2217 5652 hoc

635 5682 785 5747 vult,
832 5680 958 5735 vide
981 5680 1109 5751 quid
1139 5680 1330 5737 inferat
1366 5700 1379 5736 :
1414 5682 1562 5736 Nihil
1602 5682 1839 5738 discernit
1882 5686 2012 5740 inter
2052 5705 2143 5742 nos
2171 5700 2218 5743 et

644 5771 955 5843 ipsos.Cum
986 5772 1201 5831 illorum
1247 5777 1608 5832 testimonium
1640 5776 1881 5846 diceret,
1931 5790 2055 5840 tunc
2108 5800 2219 5839 ma-

1294 420 1351 477 S.
1390 413 1670 476 JOANNIS
1706 401 2181 466 CllllVSOSTOMl
2220 399 2536 456 AllClllEP.
2577 397 3105 456 CONSTANTlNOP.

3776 400 3887 459 25G

2278 534 2441 588 gnum
2473 520 2599 575 illttd
2629 520 2825 578 eﬂ‘atus
2845 533 2929 579 est
2955 565 2969 587 ,
3000 524 3143 595 quod
3181 524 3375 579 Paulus
3398 526 3475 581 ait
3505 544 3520 581 :
3552 521 3744 595 Neque
3785 530 3889 582 cir-

2276 614 2518 669 cumcisio
2543 616 2665 684 quid
2688 615 2839 683 calet,
2871 633 3031 687 neque
3062 619 3367 691 prtepntiunt
3405 619 3480 690 (l.
3504 617 3629 675 Cor.
3660 621 3711 675 7.
3746 620 3882 692 19);

2277 712 2352 770 et,
2386 703 2452 757 Ut
2472 704 2599 760 duos
2619 706 2803 761 condat
2825 709 2879 762 in
2904 712 3174 780 semeptisa
3203 709 3421 781 (Ep/tes.
3445 710 3499 765 2.
3533 711 3646 779 l5).
3675 712 3886 768 Horum

2278 797 2516 852 omnium
2540 798 2747 853 semina
2778 800 2831 854 in
2866 803 3129 857 concione
3159 803 3303 857 Petri
3350 804 3637 859 habentur.
3674 804 3746 859 Et
3778 821 3885 860 non

2278 887 2430 954 dixit,
2459 887 2601 945 Inter
2627 905 2722 945 eos
2746 892 2836 963 qui
2867 908 2931 947 ex
2964 894 3409 963 circumcisione;
3442 897 3717 963 sed,lnter
3746 916 3845 953 nos
3872 942 3890 966 ,

2279 977 2332 1034 id
2376 988 2503 1047 est,
2547 982 2843 1051 apostolos.
2879 984 3122 1050 Deinde,
3169 1002 3235 1041 ne
3274 987 3522 1042 videatur
3550 992 3888 1046 contumelia

2279 1086 2400 1128 esse
2440 1073 2609 1139 illud,
2668 1073 2857 1141 Nihil,
2900 1076 3085 1145 adjicit
3134 1093 3150 1131 :
3205 1077 3339 1132 Fide
3385 1081 3675 1149 puri/itam
3726 1084 3893 1137 corda

2280 1181 2474 1219 eorum.
2512 1165 2577 1219 Et
2610 1166 2733 1221 hinc
2760 1168 2897 1222 tollit
2927 1171 3309 1240 suspicionem.
3343 1171 3678 1242 Expurgavit
3706 1176 3888 1243 primo

2280 1270 2620 1322 sermonem,
2652 1268 2705 1313 et
2738 1268 2865 1315 tunc
2909 1262 3147 1316 Osltfntlll
3175 1278 3278 1317 non
3310 1265 3506 1320 malum
3534 1266 3713 1337 legem
3740 1310 3755 1335 ,
3791 1269 3888 1325 sed

2281 1350 2403 1405 illos
2425 1351 2666 1407 infirmos
2694 1367 2835 1407 esse.

2350 1442 2406 1496 2.
2436 1443 2566 1497 Vide
2593 1444 2866 1515 quomodo
2888 1446 3204 1502 terribiliter
3230 1448 3461 1505 desinat.
3486 1449 3630 1506 Nihil
3660 1468 3729 1509 ex
3758 1470 3888 1524 pro-

2282 1534 2458 1604 phetis
2488 1537 2724 1606 loquitur
2746 1538 2897 1607 ipsis,
2928 1539 3023 1595 sed
3050 1556 3114 1595 ex
3143 1543 3502 1610 praesentibus
3532 1544 3721 1609 rebus,
3753 1562 3889 1615 qua-

2282 1645 2399 1684 rum
2425 1632 2522 1700 ipsi
2556 1640 2721 1687 testes
2743 1642 2920 1687 erant.
2941 1632 3073 1689 Jure
3101 1644 3155 1689 et
3186 1634 3264 1689 illi
3284 1646 3470 1705 postea
3498 1639 3885 1706 testificantur,

2281 1730 2337 1775 et
2380 1734 2685 1776 sermonem
2720 1723 2976 1778 roborant
3008 1740 3073 1779 ex
3106 1726 3170 1780 iis
3195 1768 3210 1793 ,
3255 1741 3377 1799 qua:
3414 1729 3525 1798 jam
3560 1728 3708 1784 facta
3738 1741 3884 1787 sunt.

2286 1812 2352 1867 Et
2397 1812 2517 1867 vide
2557 1829 2570 1866 :
2610 1813 2663 1868 in
2712 1813 2952 1870 Ecclesia
2998 1817 3260 1886 permittit
3304 1820 3478 1890 primo
3523 1823 3888 1892 quatstionem

2284 1904 2509 1967 moveri,
2542 1913 2596 1958 et
2628 1912 2753 1959 tunc
2781 1905 3038 1977 loquitur.
3068 1907 3204 1977 Quia
3234 1910 3395 1980 igitur
3419 1927 3527 1966 non
3562 1916 3892 1969 memoravit

2282 1995 2649 2061 Cll‘t‘llmClSUS,
2679 1996 2774 2052 sed
2801 2008 2989 2069 gentes
3014 1999 3143 2069 (hoc
3174 2003 3317 2056 enim
3349 2005 3602 2073 paulatim
3638 2006 3887 2062 insinua-

2285 2097 2432 2152 tum,
2464 2087 2668 2143 firmius
2694 2090 2996 2158 evadebat;
3029 2092 3159 2147 illud
3193 2110 3322 2147 vero
3344 2097 3606 2151 tentantis
3634 2109 3791 2165 erat,
3821 2114 3889 2155 an

2286 2181 2461 2250 possit
2490 2191 2609 2250 post
2636 2182 2807 2252 legem
2838 2184 3118 2256 servare);
3152 2186 3273 2241 vide
3304 2188 3429 2258 quid
3458 2188 3619 2244 faciat
3652 2210 3668 2245 :
3700 2202 3891 2247 osten-

2284 2272 2361 2325 dit
2390 2272 2507 2326 illus
2530 2273 2581 2327 in
2610 2274 2851 2342 periculo
2878 2290 3019 2340 esse,
3049 2277 3097 2332 si
3124 2277 3343 2347 quidem
3375 2280 3445 2344 id,
3478 2284 3625 2350 qqu
3659 2299 3771 2337 non
3807 2300 3890 2353 lo-

2285 2364 2382 2418 tuit
2408 2365 2489 2420 lex
2514 2404 2530 2429 ,
2566 2365 2737 2433 putuit
2767 2365 2901 2420 ﬁdes
2926 2384 2940 2432 ;
2971 2367 3061 2421 illa
3097 2384 3223 2422 vero
3252 2370 3515 2438 cadente,
3547 2388 3785 2431 necesse
3810 2386 3896 2431 est

2285 2453 2404 2508 illos
2438 2455 2488 2508 in
2513 2455 2804 2533 perniciem
2832 2457 2927 2511 ire.
2955 2456 3064 2512 Nec
3090 2458 3243 2524 dixit,
3271 2460 3533 2517 lncreduli
3562 2465 3723 2533 estis,
3747 2466 3894 2537 quod

2284 2546 2562 2601 molestius
2610 2546 2833 2612 fuisset,
2875 2563 2995 2603 cum
3043 2551 3275 2608 maxime
3319 2568 3406 2608 res
3444 2556 3621 2612 evicta
3661 2557 3895 2613 fuisset.

2292 2637 2647 2710 Jcrosolymis
2674 2639 2837 2708 igitur
2874 2655 2941 2695 ex
2970 2643 3220 2711 gentibus
3262 2646 3390 2700 nulli
3434 2658 3591 2701 erant
3624 2687 3640 2716 ,
3697 2653 3897 2708 Antio-

2284 2731 2421 2786 chiae
2468 2740 2649 2787 autem
2681 2731 2851 2788 fuisse
2894 2744 3127 2790 constat.
3175 2735 3298 2791 Ideo
3342 2740 3707 2810 commigrant
3734 2784 3751 2808 ,
3795 2759 3899 2801 nec

2284 2822 2497 2878 modico
2529 2832 2772 2891 tempore
2800 2825 2958 2881 isthic
2986 2837 3224 2883 manent.
3257 2829 3680 2890 lnsurrexerunt
3708 2847 3898 2894 autem

2285 2912 2501 2983 quidam
2529 2912 2597 2969 de
2624 2914 2935 2982 Pharisaais,
2965 2915 3147 2972 adhuc
3168 2920 3483 2978 ambitionis
3507 2925 3704 2981 morbo
3738 2928 3889 2983 labo-

2288 3013 2491 3071 rantes,
2535 3013 2591 3059 et
2616 3004 2859 3060 volentes
2888 3006 2990 3061 sibi
3020 3007 3228 3063 harere
3258 3024 3354 3065 eos
3378 3053 3394 3078 ,
3423 3014 3513 3082 qui
3542 3028 3610 3069 ex
3639 3019 3900 3085 gentibus

2288 3104 2462 3149 erant.
2495 3095 2653 3165 Atqui
2702 3104 2759 3151 et
2802 3096 2998 3153 Paulus
3040 3099 3094 3154 in
3127 3099 3243 3171 lege
3272 3100 3463 3159 doctus
3505 3114 3625 3159 erat
3650 3147 3666 3171 ,
3719 3124 3905 3177 neque

2290 3192 2470 3240 tamen
2501 3185 2579 3240 sic
2602 3194 2719 3241 erat
2745 3184 2975 3243 affectus
3006 3204 3019 3241 :
3052 3200 3333 3260 postquam
3359 3202 3540 3247 autem
3567 3195 3699 3251 inde
3729 3214 3900 3254 vene-

2290 3287 2405 3339 rat,
2430 3276 2542 3346 jam
2570 3274 2764 3348 dogma
2795 3288 3099 3336 accuratius
3127 3292 3264 3338 erat.
3316 3282 3449 3337 Nam
3485 3285 3532 3339 si
3579 3286 3654 3353 ii,
3686 3290 3783 3358 qui
3816 3291 3905 3345 Je-

2292 3369 2582 3440 rosolymis
2612 3379 2759 3438 sunt,
2806 3372 2939 3427 nihil
2986 3374 3293 3443 hujusmodi
3338 3379 3685 3448 prmcipiunt,
3732 3384 3908 3439 multo

2292 3459 2472 3516 minus
2493 3461 2567 3516 hi.
2601 3462 2790 3518 Viden‘
2823 3474 3083 3536 quotquot
3111 3468 3466 3539 principatum
3488 3487 3595 3525 non
3625 3473 3905 3542 ambiunt,

2296 3554 2348 3608 in
2380 3553 2486 3609 fide
2508 3554 2787 3625 gaudere?
2826 3555 2943 3611 Non
2972 3559 3269 3614 ambitiosa:
3301 3560 3462 3630 igitur
3503 3574 3667 3619 erant
3717 3583 3910 3622 narra-

2299 3648 2494 3716 tiones,
2522 3663 2698 3719 neque
2724 3648 2793 3704 ad
2821 3651 3260 3721 ostentationem,
3292 3654 3387 3709 sed
3417 3653 3486 3710 ad
3523 3655 3909 3714 defensionem

2300 3740 2699 3811 praedicationis
2764 3744 3015 3813 gentibus
3070 3744 3226 3800 facta:
3282 3764 3295 3800 :
3355 3748 3480 3802 ideo
3528 3750 3666 3803 nihil
3717 3751 3912 3807 dicunt

2299 3850 2485 3891 eorum
2513 3876 2528 3902 ,
2562 3850 2683 3905 qua:
2709 3850 2834 3891 cum
2861 3835 3066 3892 Judzeis
3092 3839 3192 3893 sibi
3220 3851 3543 3896 evenerant.
3570 3843 3770 3915 Magna
3795 3857 3915 3901 erat

2301 3928 2593 3998 pertinacia
2624 3927 3041 3997 Pharisaeorum,
3069 3930 3160 4001 qui
3190 3931 3353 3987 etiam
3385 3945 3500 4002 post
3534 3933 3699 3992 fidem
3733 3937 3913 4009 legrm

2303 4021 2587 4074 tuebantur
2610 4059 2625 4081 ,
2653 4032 2753 4074 nec
2777 4021 3225 4092 obtemperabant
3258 4025 3535 4093 apostolis.
3574 4027 3687 4082 Sed
3738 4030 3866 4085 vide
3893 4070 3909 4094 .

2302 4129 2461 4182 quam
2520 4122 2799 4169 mansuete
2857 4130 2959 4171 nec
3003 4130 3126 4171 cum
3181 4118 3503 4175 auctoritate
3549 4121 3852 4191 loquantur
3896 4139 3909 4176 :

2304 4204 2419 4261 haec
2444 4206 2926 4277 quippeamahilia
2955 4217 3080 4263 sunt
3101 4250 3116 4275 ,
3153 4212 3429 4282 magisque
3454 4215 3639 4268 animo
3669 4218 3914 4288 inlignn-

2305 4307 2412 4353 tur.
2438 4298 2633 4353 Viden'
2655 4313 2919 4369 nusquam
2952 4314 3074 4355 esse
3119 4305 3407 4359 verborum
3436 4311 3869 4366 ostentationem
3902 4358 3911 4376 ,

2306 4392 2399 4446 sed
2426 4406 2522 4461 per
2546 4406 2634 4446 res
2664 4391 2807 4461 ipsas
2833 4393 2917 4463 agi
2945 4402 3000 4449 et
3029 4409 3127 4465 per
3145 4394 3405 4465 Spiritum
3433 4409 3679 4455 sanctum
3705 4404 3729 4457 3
3757 4406 3913 4460 Atta-

2308 4500 2430 4540 mcn
2463 4499 2584 4540 cum
2618 4493 2695 4539 tot
2718 4484 2911 4541 indicia
2942 4485 3207 4543 haberent
3232 4531 3247 4553 ,
3291 4489 3466 4545 adhuc
3494 4506 3791 4551 mansuete
3840 4500 3919 4551 ln-

2308 4588 2566 4648 quuntur.
2604 4577 2669 4632 Et
2695 4577 2854 4645 vide,
2900 4592 3007 4634 non
3040 4580 3291 4644 veniunt,
3320 4585 3622 4639 accusaturi
3654 4600 3753 4641 eos
3774 4630 3792 4654 ,
3826 4590 3918 4659 qui

2314 4669 2615 4725 Antiochise
2663 4680 2856 4737 erant;
2902 4671 2999 4726 sed
3029 4672 3177 4726 illinc
3207 4673 3401 4728 iterum
3431 4677 3781 4733 occasionem
3824 4695 3918 4734 su-

2313 4774 2484 4819 munt.
2512 4763 2598 4819 Sic
2625 4763 3026 4819 meditabantur
3054 4763 3174 4819 aliis
3205 4780 3438 4835 prmesse
3461 4808 3475 4831 ,
3505 4768 3595 4838 qui
3650 4774 3922 4840 apostolis

2314 4856 2676 4911 nescientibus
2707 4856 3028 4926 reprehensi
3058 4871 3202 4912 sunt.
3246 4860 3497 4914 Attamen
3546 4860 3685 4917 nihil
3717 4862 3917 4922 horum

2316 4949 2389 5002 illi
2418 4950 2790 5018 protulerunt;
2824 4959 2879 5005 at
2909 4950 2999 5005 ubi
3032 4950 3345 5020 probarunt,
3377 4962 3501 5008 tunc
3533 4955 3923 5016 vehementius

2316 5044 2576 5099 scribunt.
2632 5044 2881 5115 Magnum
2937 5053 3086 5099 certe
3145 5044 3342 5116 ubique
3389 5046 3593 5101 bonum
3638 5052 3922 5120 mquitas:

2318 5130 2503 5206 nequit:
2548 5152 2619 5190 2m
2667 5137 2790 5191 dico
2813 5178 2827 5203 ,
2874 5150 2981 5191 non
3011 5135 3393 5206 frigiditatem;
3421 5140 3737 5207 aequitatem
3764 5184 3783 5210 ,
3815 5160 3924 5199 non

2319 5229 2676 5283 adulationem
2714 5248 2725 5281 ε
2759 5229 2875 5282 hmo
2919 5229 3061 5282 enim
3110 5230 3338 5284 multum
3381 5231 3523 5285 inter
3574 5247 3634 5287 se
3692 5235 3924 5290 distant.

2395 5318 2485 5373 Ira
2517 5321 2789 5393 frenanda.
2819 5350 2889 5360 —
2917 5319 3058 5376 Nihil
3090 5321 3313 5377 Paulum
3358 5324 3723 5393 exasperabat
3747 5369 3760 5392 ,
3791 5330 3925 5383 nihil

2324 5411 2564 5467 Petrum.
2595 5414 2730 5469 Cum
2764 5413 2931 5468 habes
2951 5413 3463 5481 demonstrationes,
3489 5431 3589 5471 cur
3620 5419 3883 5477 irasceris
3906 5424 3930 5475 ἳ

2323 5522 2389 5559 an
2436 5516 2492 5559 ut
2516 5506 2637 5561 illas
2667 5506 2938 5560 enerVes?
2963 5506 3078 5561 Non
3108 5516 3286 5577 potest
3313 5522 3566 5578 umquam
3591 5510 3766 5567 iratus
3800 5530 3926 5584 per-

2324 5597 2557 5652 suaderi.
2606 5598 2777 5651 Etiam
2809 5597 2921 5652 heri
2952 5598 3019 5653 de
3049 5600 3126 5653 ira
3172 5598 3561 5667 disseruimus;
3594 5602 3730 5657 nihil
3782 5614 3931 5660 vetat

2325 5692 2609 5761 quominus
2659 5690 2823 5744 etiam
2878 5690 3036 5745 hodie
3092 5710 3106 5746 :
3174 5689 3426 5763 frequens
3494 5691 3635 5747 forte
3691 5695 3932 5750 hortatio

2325 5785 2593 5859 quidpiam
2638 5785 2855 5840 e7liciet.
2892 5784 3022 5840 Nam
3046 5786 3395 5858 pharmacum
3433 5788 3543 5841 vim
3577 5786 3790 5845 habens
3833 5804 3925 5841 cu-
