4034 6444
133 632 328 701 ,πίτυν
354 624 593 681 τούτου.
655 619 904 690 Πολλῆς
934 617 1000 673 δέ
1047 614 1439 686 συζητήσεως
1481 609 1838 701 γενομένης,

139 697 417 780 ἀναστὰς
441 711 665 781 Πέτρος
684 706 818 765 εἷπε
839 708 991 777 πρὸς
1005 704 1232 771 αὐτούς
1250 716 1266 732 °
1291 703 1536 772 Ἄνδρες
1556 697 1837 770 ἀδελφοὶ,

133 805 312 877 ὑμεῖς
337 801 692 865 ἐπίστασθε,
725 798 814 852 ὅτι
838 798 923 867 ἀφ
938 797 953 817 '
977 792 1218 866 ἡμερῶν
1239 793 1508 864 ἀρχαίων
1532 792 1566 845 ό
1596 789 1742 854 Θεὸς

135 876 288 964 ὑμῖν
329 889 653 956 ἐξελέξατο
694 885 794 942 διὰ
833 884 943 940 τοῦ
992 883 1293 954 στόματός
1315 898 1439 952 μου
1472 877 1736 935 ἀκοῦσαι
1768 876 1844 932 τὰ

135 979 293 1049 ἔθνη
315 979 424 1035 τὸν
441 980 632 1047 λόγον
651 973 759 1030 τοῦ
791 972 1170 1043 εὐαγγελίου,
1202 969 1301 1024 καί
1329 967 1678 1024 πιστεῦσαι.
1700 966 1844 1037 Ὅρα

133 1068 232 1124 τὸν
264 1068 473 1140 Πέτρον
518 1063 727 1121 ἀνωθεν
766 1060 1179 1135 κεχωρισμένον
1210 1058 1307 1113 τοῦ
1359 1056 1713 1130 πράγματος,
1747 1053 1844 1108 καὶ

141 1156 314 1228 μέχρι
347 1154 444 1209 τοῦ
492 1152 591 1209 νῦν
651 1150 1010 1217 ἰουδαΐζοντα.
1054 1148 1257 1217 Ὑμεῖς
1290 1145 1646 1210 ἐπίστασθε,
1683 1143 1839 1215 φησί.

139 1243 296 1317 [249]
324 1242 589 1316 Παρῆσαν
614 1241 747 1306 ἴσως
776 1240 874 1296 καὶ
906 1239 954 1293 οἱ
982 1235 1381 1307 ἐγκαλέσαντες
1407 1232 1558 1304 αὐτῷ
1582 1232 1676 1287 ἐπὶ
1700 1233 1846 1303 Κορ-

137 1320 330 1408 νηλίου
373 1333 567 1398 πάλαι,
622 1331 719 1386 καί
769 1327 1107 1392 εἰσελθόντες
1151 1328 1271 1398 μετ’
1314 1323 1523 1380 αὐτοῦ’
1560 1322 1650 1377 διά
1685 1321 1845 1375 τοῦτο

135 1423 342 1486 αὐτοὺς
395 1421 636 1493 παράγει
683 1418 993 1491 μάρτυρας.
1046 1415 1175 1486 Ἀφ’
1203 1410 1446 1484 ἡμερῶν
1467 1411 1738 1481 ἀρχαίων
1773 1410 1846 1465 ἐν

134 1514 286 1585 ὑμῖν
318 1516 353 1568 ό
383 1511 526 1579 Θεὸς
550 1509 896 1576 ἐξελέξατο.
934 1507 1000 1561 Τί
1031 1509 1202 1570 ἐστιν,
1243 1506 1349 1568 Ἐν
1376 1503 1555 1574 ὑμῒν;
1597 1503 1758 1556 Ἤτοι
1787 1503 1844 1555 ἐν

136 1600 480 1672 Παλαιστίνῃ
506 1641 522 1666 ,
561 1600 760 1670 φησιν,
791 1597 826 1668 ἢ
864 1595 1154 1667 παρόντων
1190 1592 1377 1665 ὑμῶν..
1402 1593 1508 1646 Διὰ
1557 1590 1664 1645 τοῦ
1703 1591 1844 1645 στό-

123 1689 328 1761 ματός
347 1705 492 1757 μου.
527 1687 673 1756 Ὅρα
701 1684 819 1747 πῶς
839 1684 1083 1739 δείκνυσι
1104 1682 1196 1735 τὸν
1225 1680 1359 1733 Θεὸν
1385 1679 1452 1732 δι’
1481 1678 1646 1733 αὺτοῦ
1676 1677 1842 1746 φθεγ-

129 1777 387 1849 γόμενον,
420 1776 517 1829 καὶ
542 1773 695 1828 οὐδὲν
719 1771 1084 1844 ἀνθρώπινον.
1145 1769 1254 1824 Καὶ
1290 1772 1322 1823 ό
1353 1765 1842 1837 καρδιογνώστης

131 1865 285 1934 Θεὸς
309 1865 727 1935 ἐμαρτύρησεν
744 1861 971 1928 αὐτοῖς.
1019 1860 1142 1914 Ἐπὶ
1169 1859 1272 1929 τὴν
1301 1855 1684 1928 πνευματικὴν
1710 1855 1842 1908 ἀνά-

127 1973 220 2026 γει
278 1951 588 2025 μαρτυρίαν
642 1949 862 2013 αὐτούς.
897 1948 1050 2015 Δοὺς
1095 1946 1305 2013 αὐτοῖς
1363 1945 1430 1999 τὸ
1489 1944 1734 2012 Πνεῦμα
1773 1943 1840 1995 τὸ

125 2025 328 2110 ἅγιον,
381 2038 582 2105 καθὼς
612 2036 712 2090 καί
754 2033 918 2104 ἡμῖν.
951 2034 1097 2104 Ὅρα
1146 2031 1262 2094 πῶς
1290 2043 1322 2075 ι
1354 2028 1640 2100 πανταχοῦ
1669 2025 1845 2093 ἐξισοῖ

125 2128 202 2182 τά
231 2125 384 2197 ἔθνη.
427 2125 539 2180 Kal
593 2122 779 2178 οὐδὲν
826 2120 1089 2189 διέκρινε
1136 2118 1367 2191 μεταξὺ
1401 2116 1575 2188 ἡμῶν
1619 2134 1682 2170 τε
1741 2115 1841 2170 καί

124 2212 356 2278 αὐτῶν,
406 2211 485 2281 τῇ
546 2212 750 2265 πίστει
799 2209 1137 2277 καθαρίσας
1175 2207 1278 2274 τὰς
1312 2206 1568 2276 καρδίας
1615 2203 1837 2261 αὐτῶν.

140 2304 282 2360 ’Δπὺ
326 2303 428 2374 τῆς
482 2301 720 2366 πίστεως
778 2300 971 2373 μόνης,
1027 2299 1185 2370 φησὶ,
1223 2297 1334 2351 τῶν
1383 2297 1567 2352 αὐτῶν
1625 2296 1838 2367 ἔτυχον.

127 2392 422 2447 Κάκείνων
476 2388 652 2445 ταῦτα
685 2388 1048 2460 ἐντρεπτικά·
1085 2386 1291 2458 μᾶλλον
1329 2385 1386 2440 δὲ
1419 2386 1514 2441 καὶ
1542 2385 1788 2449 ἐκείνους
1811 2385 1840 2425 b

123 2480 343 2546 διδάξαι
367 2477 617 2542 δύναται,
647 2477 731 2530 ὅτι
756 2475 996 2541 πίστεως
1033 2474 1116 2529 δεῖ
1146 2475 1320 2546 μόνης
1339 2515 1357 2541 ,
1393 2473 1492 2528 καί
1521 2473 1622 2527 οὐκ
1660 2471 1842 2544 ἔργων

125 2569 256 2626 οὐδὲ
305 2566 633 2639 περιτομῆς.
691 2565 768 2619 Οὐ
817 2563 928 2636 γάρ
962 2563 1028 2635 δὴ
1063 2563 1204 2634 ὑπὲρ
1259 2561 1371 2616 τῶν
1420 2560 1592 2616 ἐθνῶν
1642 2560 1841 2615 ἀπολο-

126 2658 394 2729 γούμενοι
443 2654 620 2709 ταῦτα
657 2654 882 2724 λέγουσι
931 2653 1117 2725 μόνον,
1172 2650 1315 2705 ἀλλά
1360 2650 1652 2714 κάκείνους
1709 2667 1840 2703 παι-

123 2747 380 2810 δεύοντες
418 2743 727 2814 ἀποστῆναι
773 2742 868 2798 τοῦ
914 2742 1106 2813 νόμου.
1153 2739 1317 2794 me.
1363 2739 1505 2804 τέως
1544 2738 1698 2793 οὔπω
1752 2738 1843 2792 λέ-

125 2853 291 2906 γουσι
320 2833 500 2888 τοῦτο.
528 2831 657 2887 Νῦν
687 2827 806 2886 οὖν
848 2831 909 2885 τί
955 2827 1262 2900 πειράζετε
1297 2829 1405 2884 τὸν
1435 2827 1589 2883 Θεὸν
1625 2824 1843 2881 ἐπιθεῗο

123 2941 230 2999 ται
264 2921 448 2992 ζυγὸν
484 2920 585 2974 ἐπὶ
621 2919 732 2974 τὸν
762 2917 1075 2988 τράχηλον
1119 2916 1240 2971 τῶν
1265 2914 1554 2988 μαθητῶν
1599 2914 1673 2969 ὃν
1701 2915 1843 2969 οὐτε

125 2995 181 3067 οἱ
221 3013 482 3079 πατέρες
517 3007 711 3078 ἡμῶν,
739 3009 881 3062 οὔτε
913 3005 1086 3076 ἡμεῖς
1110 3005 1460 3074 ἰσχύσαμεν
1483 3002 1836 3070 βαστάσαι,

140 3099 335 3156 Ἀλλά
361 3099 460 3154 διὰ
496 3096 605 3167 τῆς
636 3097 881 3167 χάριτος
907 3095 1015 3150 τοῦ
1045 3095 1270 3164 Κυρίου
1305 3092 1513 3161 Ἰησοῦ
1554 3094 1841 3148 πιστεύοι

122 3205 244 3260 μεν
294 3186 609 3256 σωθῆναι,
669 3185 802 3240 καθ’
837 3184 912 3238 ὃν
969 3184 1196 3252 τρόπον
1247 3181 1538 3238 κάκεῖνοι.
1585 3181 1651 3234 Τί
1697 3183 1838 3248 ἐστι,

129 3273 442 3346 Πειράζετε
477 3273 588 3328 τὸν
629 3272 818 3335 Θεόν;
855 3271 921 3326 Τί
960 3272 1270 3336 ἀπιστεῖτε,
1303 3269 1459 3340 φησί,
1496 3269 1575 3340 τῷ
1605 3268 1755 3340 Θεῷ;
1786 3270 1839 3324 τί

130 3362 428 3441 πειράζετε
455 3361 620 3416 αὐτὸν
643 3361 720 3425 ὼς
746 3361 846 3413 οὐκ
881 3358 1138 3431 ἰσχύοντα
1159 3357 1336 3411 σῶσαι
1357 3360 1422 3429 τῇ
1444 3357 1626 3411 πίστει
1648 3374 1664 3423 ;
1692 3359 1839 3430 Ἀρα

129 3451 392 3516 ἀπιστίας
446 3449 566 3504 ἐστί
596 3448 656 3504 τὸ
681 3448 771 3503 τὸν
795 3448 960 3519 νόμον
993 3448 1290 3519 εἰσφέρειν.
1328 3442 1461 3499 Εῐτα
1478 3446 1720 3526 δείκνυσι
1743 3446 1838 3499 καὶ

129 3541 332 3605 αὐτοὺς
365 3539 520 3594 οὐδὲν
564 3536 1009 3608 ὠφελουμένους,
1051 3534 1148 3588 καὶ
1171 3535 1233 3587 τὸ
1276 3535 1387 3587 πᾶν
1431 3532 1524 3586 ἐπὶ
1557 3532 1649 3586 τὸν
1673 3532 1839 3604 νόμον

130 3631 380 3702 στρέφει,
409 3629 513 3681 οὐκ
547 3620 633 3680 ἐπ⁴
667 3625 889 3689 αὐτοὺς,
925 3623 1021 3679 καὶ
1041 3623 1142 3693 τὴν
1169 3622 1509 3694 κατηγορίαν
1536 3622 1839 3692 ὑποτέμνε-

127 3736 238 3772 ται.
281 3721 392 3772 Ὃν
413 3718 526 3771 οὐκ
555 3715 901 3784 ἰσχύσαμεν
923 3712 1092 3782 ἡμεῖς
1123 3712 1226 3766 καί
1253 3714 1308 3766 οἰ
1353 3712 1611 3781 πατέρες
1641 3711 1836 3782 ἡμῶν,

129 3809 286 3878 φησί,
313 3805 631 3872 βαστάσαι
649 3820 662 3834 ·
709 3803 874 3860 ἀλλὰ
897 3803 997 3858 διὰ
1026 3801 1136 3872 τῆς
1186 3801 1432 3872 χάριτος
1461 3802 1570 3856 τοῦ
1608 3804 1836 3870 Κυρίου

143 3895 353 3963 Ἰησοῦ
373 3894 744 3964 πιστεύομεν
759 3891 1028 3962 σωθῆναι
1045 3892 1176 3945 καθ’
1198 3889 1273 3945 ὃν
1295 3890 1523 3958 τρόπον
1544 3889 1831 3944 κάκεῖνοι.

129 3983 313 4054 Πόσης
360 3983 650 4053 δυνάμεως
689 3979 853 4051 γέμει
896 3976 1074 4033 ταῦτα
1129 3977 1202 4032 τὰ
1258 3979 1510 4050 ῥήματαί
1576 3978 1760 4048 "Amp
1807 3979 1836 4031 ό

127 4072 345 4135 Παῦλος
369 4069 458 4124 διά
500 4069 714 4124 πολλῶν
747 4069 806 4122 ἐν
849 4067 915 4140 τῇ
948 4067 1086 4138 πρὸς
1129 4067 1441 4137 Ῥωμαίους
1469 4061 1591 4120 εἷπε
1611 4107 1625 4130 ,
1657 4065 1836 4121 ταῦτα

127 4162 225 4215 καὶ
257 4155 432 4223 οὗτος.
452 4159 521 4211 Εἰ
537 4157 649 4228 γὰρ
690 4154 964 4226 Ἀϐραὰμ,
986 4155 1175 4227 φησὶν,
1195 4154 1266 4219 ἐξ
1281 4154 1474 4224 ἔργων
1494 4153 1831 4223 ἐδικαιιὶιθη.

126 4251 256 4318 ἔχει
303 4249 608 4316 καύχημα,
664 4244 804 4300 ἀλλ’
863 4246 936 4299 οὐ
991 4243 1144 4312 πρὸς
1173 4243 1282 4297 τὸν
1319 4244 1488 4298 Θεόν.
1527 4242 1710 4316 Ὁρᾷς,
1750 4243 1833 4298 ὅτι

125 4340 337 4394 τούτων
367 4336 568 4410 μᾶλλόν
595 4336 711 4389 ἐστι
745 4331 907 4388 τοῦτο
933 4331 1306 4396 παιδευτικὸν,
1336 4332 1370 4404 ἢ
1394 4330 1662 4401 ἀπολογία
1691 4331 1832 4405 ὑπὲρ

127 4429 241 4485 τῶν
266 4428 471 4495 ὲθνῶν;
532 4425 674 4480 Ἀλλ’
713 4425 763 4479 εἰ
792 4423 892 4497 μὲν
924 4423 1098 4497 χωρὶς
1135 4425 1467 4496 προφάσεως
1511 4423 1690 4478 ταῦτα
1719 4423 1834 4478 ἕλεα

127 4536 247 4589 γεν,
310 4517 441 4581 ἴσως
471 4513 724 4586 οὐδαμῶς
780 4512 1026 4577 ὕποπτος
1071 4507 1140 4583 ἦν
1163 4525 1177 4542 °
1224 4512 1405 4584 ἀρχῆς
1447 4512 1503 4566 δέ
1532 4511 1832 4584 λαϐόμενος

126 4605 404 4670 ἐντεῦθεν,
435 4603 628 4658 λοιπὸν
661 4601 832 4666 ἀδεῶς
877 4600 1198 4671 φθέγγεται.
1241 4599 1356 4655 Kal
1394 4601 1501 4672 ὅρα
1549 4601 1830 4671 πανταχοῦ

125 4697 196 4751 τὰ
220 4695 373 4767 παρὰ
401 4692 512 4747 τῶν
541 4691 753 4763 ἐχθρῶν
785 4690 904 4763 μετ’
937 4689 1122 4744 αὐτῶν
1163 4689 1448 4762 γινόμενα.
1491 4691 1556 4744 Εἰ
1604 4691 1680 4763 μὴ
1720 4689 1832 4764 γάρ

125 4784 392 4855 ἐκίνησαν
425 4783 645 4848 ἐκεῖνοι,
673 4779 774 4832 οὐκ
793 4778 859 4833 ἀν
892 4778 1067 4832 ταῦτα
1094 4778 1312 4848 ἐλέχθη,
1354 4778 1463 4832 οὐδ’
1497 4779 1564 4834 ἂν
1595 4779 1664 4833 τὰ
1693 4779 1832 4850 μετὰ

124 4872 326 4928 ταῦτα.
371 4867 657 4923 Ἐντεῦθεν
698 4866 1100 4939 μανθάνουσιν,
1154 4867 1236 4920 ὅτι
1275 4869 1337 4924 ,εἰ
1371 4868 1467 4920 καὶ
1522 4868 1597 4940 μὴ
1657 4885 1831 4940 προσ-

124 4960 364 5030 άγεσθαι
395 4958 588 5028 ἤθελον
621 4956 690 5009 τὰ
714 4955 842 5028 ἔθνη
864 4995 877 5020 ,
914 4956 974 5008 οὐ
1009 4954 1091 5008 δεῖ
1119 4955 1323 5018 αὐτοὺς
1366 4957 1638 5028 παρορᾷν.
1689 4957 1829 5010 Ἀλλ’

128 5048 331 5116 ἴδωμεν
381 5046 590 5101 ἀνωθεν
630 5044 699 5097 τὰ
732 5043 1022 5115 εἰρημένα.
1067 5043 1171 5098 Ἑν
1205 5043 1366 5112 ὑμῖν,
1410 5045 1596 5114 φησὶν,
1628 5043 1832 5110 ἐξελέ-

127 5135 296 5200 ξατο,
343 5133 442 5188 καί
476 5133 578 5202 ἀφ’
610 5129 850 5201 ἡμερῶν
873 5132 1161 5201 ἀρχαίων.
1205 5131 1381 5184 Τοῦτο
1424 5127 1568 5198 εἰπε,
1612 5131 1832 5195 δεικνὺς

126 5225 212 5278 ὅτι
247 5223 450 5287 πάλαι,
480 5223 541 5275 οὐ
579 5219 695 5275 νῦν.
730 5220 815 5277 Οὐ
838 5219 1031 5292 μικρὸν
1074 5220 1132 5275 δὲ
1171 5220 1233 5273 τὸ
1281 5222 1375 5275 καὶ
1423 5221 1699 5276 Ἰουδαίων
1740 5239 1832 5275 πι-

130 5312 434 5368 στευόντων
455 5311 618 5365 τοῦτο
647 5310 1090 5382 ἀποστραφῆναι.
1122 5309 1227 5364 Δύο
1252 5309 1465 5374 τούτοις
1501 5310 1530 5363 ὃ
1565 5309 1714 5380 λέγει
1741 5329 1832 5364 πι-

129 5399 381 5469 στοῦται,
410 5398 490 5471 τῷ
517 5398 695 5471 καιρῷ
721 5400 817 5452 καὶ
841 5397 919 5469 τῷ
940 5399 1113 5469 τόπῳ.
1148 5399 1257 5453 Kal
1303 5399 1386 5463 τὸ,
1432 5398 1792 5465 Ἐξελέξατο
1813 5439 1829 5466 ,

129 5489 347 5552 καλῶς·
391 5488 585 5560 ὥσπερ
627 5488 714 5542 ἐπ’
759 5487 941 5542 αὐτῶν
967 5488 1069 5541 οὐκ
1120 5483 1300 5551 εἶπεν,
1341 5487 1659 5559 Ἠθέλησεν,
1692 5487 1830 5552 ἀλλ’,

141 5575 524 5642 Ἐξελέξατο.
561 5576 734 5630 Πόθεν
767 5575 928 5629 τοῦτο
951 5574 1148 5645 δῆλον;
1198 5575 1333 5628 Ἀπὸ
1359 5574 1455 5629 τοῦ
1487 5576 1829 5647 Πνεύματος,

130 5664 320 5738 φησίν.
354 5661 488 5717 Εἶτα
524 5663 796 5719 δείκνυσιν
826 5665 948 5734 οὐχὶ
975 5664 1199 5734 χάριτος
1232 5650 1443 5731 ἁπλῶς,
1472 5664 1588 5718 ἀλλ’
1625 5665 1830 5737 ἀρετῆς

131 5751 438 5827 μαρτύριον
481 5752 667 5816 αὐτοῖς
704 5751 864 5805 τοῦτο
910 5751 1234 5823 γινόμενον,
1281 5753 1377 5806 καὶ
1406 5754 1561 5807 οὐδὲν
1604 5753 1829 5808 ἔλαττον

130 5843 320 5905 αὐτοῖς
367 5839 674 5911 παρασχόν.
726 5839 894 5894 Οὐδὲν
944 5841 1076 5911 γάρ,
1126 5842 1281 5911 φησὶ,
1327 5841 1564 5911 διέκρινε
1617 5841 1829 5912 μεταξὺ

131 5926 292 5996 ἡμῶν
320 5944 379 5980 τε
407 5927 502 5986 καὶ
531 5927 731 5981 αὐτῶν.
761 5928 906 5999 ’Δρα
937 5928 1165 6000 καρδίας
1204 5929 1286 5981 δεῖ
1310 5927 1592 5999 πανταχοῦ
1626 5929 1829 5998 ζητεῖν.

134 6015 246 6069 Kal
276 6016 550 6088 εὐκαίρως
591 6012 781 6069 εἶπεν·
826 6018 890 6070 '0
931 6017 1421 6086 καρδιογνώστης
1464 6017 1609 6083 Θεὸς
1650 6017 1832 6086 ἐμαρ-

197 6131 380 6206 ξνορα
397 6133 506 6207 πῶς
522 6132 669 6183 deest
700 6133 750 6183 in
776 6133 1087 6197 quibusdam.
1158 6131 1187 6173 ι’
1220 6131 1314 6183 Alii
1342 6129 1492 6182 ταῦτα
1521 6133 1826 6183 παιδευτικά.

134 6209 284 6247 ταυτα
306 6210 384 6244 και
409 6209 633 6253 εκεινους.

1175 501 1243 557 ΙΝ
1274 498 1458 558 ACTA
1493 492 2039 554 APOSTOLORUM.
2075 488 2314 549 ιιοιιιι..
2363 490 2580 546 XXXII.

3547 479 3655 536 256

1945 609 2216 677 τύρησεν
2244 606 2454 674 αὐτοῖς
2479 623 2494 637 ν
2525 605 2604 669 ὡς
2636 605 2734 659 καὶ
2758 606 2896 668 ἐκεῖ,
2921 603 3028 669 Σὺ,
3063 606 3266 672 Κύριε,
3298 602 3654 676 καρδιογνῶο

1947 710 2068 752 στα
2093 696 2360 763 πάντων,
2389 694 2737 760 ἀνάδειξον.
2768 693 2893 749 ’Ὁτι
2927 691 3037 765 γὰρ
3065 692 3229 746 τοῦτο
3251 690 3523 762 βούλεται,
3551 697 3656 765 ὅρα

1957 786 2005 841 τί
2041 785 2197 861 [250]
2233 787 2433 857 ἐπάγει
2451 806 2466 820 ·
2497 788 2583 842 ὅτι
2607 783 2804 840 Οὐδὲν
2833 782 3107 854 διέκρινε.
3126 784 3362 854 μεταξὺ
3391 784 3562 854 ἡμῶν
3590 803 3654 840 τε

1948 876 2052 934 καί
2078 875 2300 932 αὐτῶν.
2338 877 2472 932 Ὅτε
2515 869 2672 930 εἶπεν
2701 873 2886 928 αὐτῶν
2915 874 3017 943 τὴν
3057 874 3408 946 μαρτυρίαν,
3442 874 3563 927 τότε
3591 873 3655 928 τὸ

1949 964 2098 1036 μέγα
2129 964 2290 1020 τοῦτο
2311 964 2640 1036 ἐφθέγξατο,
2667 964 2808 1034 ὅπερ
2839 961 3053 1026 Παῦλός
3079 979 3246 1032 φησιν
3267 979 3280 994 ·
3316 962 3468 1016 Οὔτε
3496 979 3657 1031 περι-

1944 1053 2099 1124 τομή
2152 1072 2208 1108 τι
2257 1056 2458 1125 ἰσχύει
2479 1093 2494 1119 ,
2539 1053 2680 1108 οὔτε
2715 1051 3093 1121 ἀκροϐυστία
3116 1069 3130 1083 ·
3189 1050 3308 1115 καὶ,
3337 1051 3463 1105 Ἵνα
3509 1051 3657 1118 τοὺς

1937 1142 2058 1199 ’δύο
2085 1144 2268 1214 κτίσῃ
2294 1143 2366 1198 ἐν
2395 1143 2613 1211 ἐαυτῷ.
2645 1143 2874 1198 ΙΙάντων
2915 1142 3125 1196 τούτων
3155 1141 3226 1196 τὰ
3270 1141 3567 1214 σπέρματα
3597 1143 3656 1196 ἐν

1945 1234 2013 1304 τῇ
2062 1231 2273 1304 Πέτρου
2311 1231 2633 1304 δημηγορίᾳ
2685 1234 2886 1285 κεῖται.
2936 1231 3050 1286 Kal
3096 1231 3198 1285 οὐκ
3221 1225 3367 1292 εἰπε,
3423 1229 3547 1284 Τῶν
3591 1232 3658 1285 ἐκ

1945 1319 2290 1392 περιτομῆς,
2329 1318 2503 1384 ἀλλά,
2535 1318 2781 1384 Μεταξὺ
2815 1317 3008 1389 ἡμῶν,
3045 1319 3328 1384 τουτέστι,
3367 1319 3477 1374 τῶν
3520 1322 3660 1376 ἀπ.-

1947 1408 2174 1462 στόλων.
2209 1405 2365 1474 Εἶτα,
2405 1407 2494 1462 ἵνα
2533 1407 2609 1478 μὴ
2644 1407 2773 1479 δόξῃ
2805 1403 2967 1480 ⁶ύϐρις
3001 1401 3145 1463 εἶναι
3185 1407 3250 1462 τδ
3291 1407 3524 1474 Οὐδὲν,
3555 1411 3660 1463 ἐπ-

1947 1496 2106 1566 άγει’
2169 1497 2381 1552 Πίστει
2416 1498 2758 1566 καθαρίσας
2821 1497 2932 1564 τὰς
2980 1497 3235 1568 καρδίας
3280 1496 3505 1554 αὐτῶν.
3545 1499 3659 1555 Kal

1945 1588 2164 1659 ἀναιρεῖ
2193 1585 2295 1659 τὴν
2337 1585 2597 1640 ὑπόνοιαν
2637 1584 2726 1638 διά
2762 1585 2980 1641 τούτου.
3024 1585 3361 1659 Ἐξεκάθαρε
3390 1587 3659 1659 πρότερον

1944 1675 2038 1729 τὸν
2083 1676 2262 1745 λόγον,
2296 1675 2393 1729 καὶ
2429 1675 2552 1729 τότε
2596 1675 2873 1729 δείκνυσιν
2902 1675 3024 1747 οὑχί
3057 1676 3299 1748 πονηρὸν
3329 1674 3422 1730 τὸν
3463 1675 3654 1747 νόμον,

1946 1763 2063 1818 ἀλλ’
2092 1765 2293 1828 αὐτοὺς
2325 1763 2598 1828 ἀσθενεῖς.

2021 1853 2086 1923 β’.
2122 1853 2272 1924 Ὅρα
2311 1853 2430 1917 πῶς
2472 1855 2554 1918 εἰς
2596 1853 2830 1926 φοϐερὸν
2862 1852 3182 1924 κατέληξεν.
3212 1851 3383 1907 Οὐδὲν
3413 1852 3521 1907 ἀπὸ
3546 1853 3673 1907 τῶι..

1948 1941 2246 2012 προφητῶν
2301 1942 2486 2006 αὐτοῖς
2539 1941 2871 2010 διαλέγεται,
2920 1939 3179 1996 ἀλλ”ἀπὸ
3212 1941 3322 1994 τῶν
3364 1940 3657 2012 παρόντων

1947 2030 2316 2101 πραγμάτων,
2342 2023 2419 2084 ῶν
2443 2030 2598 2085 αὐτοὶ
2627 2031 2911 2104 μάρτυρες
2931 2025 3094 2102 ἦσαν.
3123 2030 3366 2092 Εἰκότως
3385 2030 3480 2083 καί
3500 2029 3658 2082 αὐτοὶ

1944 2117 2134 2172 λοιπὸν
2210 2118 2689 2195 ἐπιμαρτυροῦσι,
2758 2119 2851 2173 καὶ
2910 2118 3005 2172 τὸν
3068 2117 3232 2188 λόγον
3300 2117 3663 2190 ἰσχυρότερον-

1945 2207 2163 2260 ποιοῦσι
2186 2210 2301 2272 τοῖς
2339 2207 2441 2280 ἢδη
2468 2209 2808 2279 γενομένοις.
2847 2208 2958 2262 Kal
2984 2209 3111 2279 ὅρα,
3139 2211 3198 2261 ἐν
3245 2210 3315 2279 τῇ
3352 2206 3660 2280 Ἐκκλησία

1947 2298 2229 2366 συγχωρεῖ
2273 2295 2492 2368 πρῶτον
2544 2295 2780 2367 ζήτησιν
2830 2296 3128 2365 γενέσθαι,
3167 2294 3261 2351 καὶ
3306 2294 3430 2349 τότε
3479 2294 3655 2364 λέγει.

1959 2384 2115 2438 Ἐπεὶ
2156 2379 2254 2440 οὖν
2307 2385 2408 2439 οὐκ
2445 2380 2587 2453 εἷπε,
2645 2385 2768 2439 Τῶν
2824 2386 2889 2439 ἐκ
2938 2385 3272 2456 περιτομῆς,
3332 2385 3494 2451 ἀλλά,
3535 2384 3658 2438 Τῶν

1945 2472 2119 2526 ἐθνῶν
2172 2471 2372 2540 (τοῦτο
2405 2472 2517 2545 γὰρ
2581 2473 2725 2528 κατά
2785 2473 2985 2546 μικρὸν
3039 2474 3388 2542 ἐπαγόμενον
3444 2473 3660 2542 ἐγίνετο

1949 2562 2324 2635 ἰσχυρότερον,
2373 2564 2554 2617 ἐκεῖνο
2587 2563 2647 2618 δὲ
2688 2558 2758 2636 ἦν
2788 2563 3167 2634 πειράζοντος,
3214 2564 3264 2616 εἰ
3306 2561 3534 2616 δύναται
3561 2562 3659 2616 καὶ

1948 2651 2090 2722 μετά
2114 2651 2282 2722 νόμον
2313 2653 2564 2722 σῶσαι),
2600 2652 2706 2723 δρα
2749 2651 2803 2704 τί
2836 2654 2985 2706 ποιεῖ
3006 2670 3019 2682 ·
3047 2651 3325 2705 δείκνυσιν
3356 2650 3556 2716 αὐτοὺς
3597 2652 3657 2705 ἐν

1945 2739 2202 2811 κινδύνῳ,
2255 2741 2310 2795 εί
2336 2757 2400 2810 γε
2434 2741 2575 2813 ὅπερ
2607 2741 2710 2796 οὐκ
2769 2740 2992 2812 ἴσχυσεν
3020 2742 3050 2794 ό
3099 2742 3303 2812 νόμος,
3357 2742 3581 2811 ἴσχυσεν
3621 2741 3657 2813 ἡ

1945 2827 2165 2892 πίστις⁴
2215 2828 2423 2898 ταύτης
2465 2829 2524 2882 δέ
2579 2829 2995 2900 ἐκπιπτούσης,
3041 2829 3262 2900 ἀνάγκη
3315 2829 3561 2892 αὐτουςι
3598 2831 3658 2883 ἐν

1944 2914 2195 2988 ἀπωλείᾳ
2232 2910 2397 2970 εἶναι.
2426 2915 2539 2971 Kal
2592 2917 2694 2971 οὐκ
2742 2913 2935 2983 εἶπεν,
2988 2917 3340 2981 ’Δπιστεῖτε,
3393 2917 3536 2989 ὅπερ
3587 2911 3659 2990 ἦν

1945 3001 2375 3078 φορτικώτερὸν,
2409 3006 2506 3061 καί
2537 3005 2715 3062 ταῦτα
2743 3005 3115 3078 ἐληλεγμένου
3150 3005 3246 3058 τοῦ
3300 3005 3655 3077 πράγματος.

1957 3093 2048 3148 Ἐν
2076 3094 2180 3164 μὲν
2237 3090 2331 3149 οὖν
2386 3097 2500 3159 τοῖς
2559 3094 2967 3167 Ἰεροσολύμοις
3026 3095 3130 3149 οὐκ
3177 3090 3322 3165 ἦσαν
3373 3093 3434 3159 ἐξ
3480 3092 3657 3151 ἐθνῶν

1941 3197 2108 3246 τινες,
2141 3183 2202 3236 ἐν
2226 3182 2284 3237 δέ
2328 3183 2634 3256 ’Δντιοχείᾳ
2662 3182 2810 3247 εἰκὸς
2834 3178 3002 3240 εῖναι.
3039 3182 3140 3237 Διά
3176 3181 3338 3236 τοῦτο
3360 3182 3458 3238 καὶ
3489 3181 3656 3254 ἀπέρο

1941 3288 2150 3341 χονται,
2182 3271 2278 3324 καὶ
2302 3270 2643 3343 διατρίϐουσι
2684 3271 2880 3342 χρόνον
2922 3271 3024 3325 οὐκ
3077 3270 3261 3339 ὀλίγον
3300 3273 3436 3324 ἐκεῖ.
3477 3271 3658 3336 Ἐξαν-

1943 3359 2186 3430 έστησαν
2241 3359 2300 3414 δέ
2353 3375 2504 3422 τινες
2537 3357 2651 3413 τῶν
2706 3359 3048 3432 Φαρισαίων,
3110 3359 3191 3414 ἔτι
3221 3358 3512 3426 νοσοῦντες
3552 3360 3656 3433 τὴν

1943 3446 2264 3519 φιλαρχίαν,
2309 3446 2406 3500 καὶ
2461 3446 2781 3518 βουλόμενοι
2820 3448 2960 3519 πρὸς
2994 3448 3196 3513 αὐτοὺς
3226 3447 3374 3520 ἔχειν
3422 3450 3553 3514 τοὺς
3592 3449 3658 3518 ἐξ

1941 3534 2135 3590 ἐθνῶν.
2197 3536 2394 3591 Καίτοι
2453 3537 2549 3591 καὶ
2585 3536 2800 3601 Παῦλος
2849 3538 3174 3610 νομομαθὴς
3228 3536 3318 3611 ἦν,
3377 3538 3495 3593 ἀλλ’
3550 3541 3653 3594 οὑκ

1940 3622 2150 3695 ἔπασχε
2181 3623 2372 3679 τοῦτο·
2425 3624 2617 3696 ἐπειδὴ
2661 3624 2719 3679 δέ
2756 3625 2974 3680 ἐκεῖθεν
3015 3621 3184 3698 ἦλθε,
3227 3629 3322 3681 καὶ
3371 3628 3433 3682 τὸ
3472 3627 3654 3700 δόγμα

1940 3713 2338 3784 ἀκριϐέστερον
2369 3713 2612 3783 ἐγένετο.
2646 3713 2710 3767 Εἰ
2735 3713 2847 3786 γὰρ
2895 3716 2944 3768 οἰ
2970 3717 3029 3768 ἐν
3071 3716 3470 3787 Ἰεροσολύμοις
3498 3717 3652 3783 ὄντες

1939 3801 2093 3856 οὐδὲν
2125 3801 2369 3858 τοιοῦτον
2396 3803 2775 3868 ἐπιτάττουσι,
2820 3803 3004 3874 πολλῷ
3043 3805 3245 3874 μᾶλλον
3276 3798 3442 3860 οὗτοι.
3484 3805 3652 3878 Ὁρᾷς

1937 3887 2055 3943 ὅσοι
2087 3888 2166 3961 μὴ
2221 3889 2572 3961 φιλαρχοῦσι,
2615 3891 2907 3963 χαίρουσιν
2947 3892 3006 3945 ἐν
3041 3895 3108 3964 τῇ
3149 3891 3368 3962 πίστει;
3401 3894 3476 3948 Οὐ
3506 3894 3652 3965 φιλο-

1937 3979 2130 4048 τιμίας
2167 3978 2350 4032 τοίνυν
2376 3983 2445 4033 τά
2484 3979 2809 4052 διηγήματα
2844 3980 2967 4034 οὑδέ
3013 3981 3329 4049 ἐπιδείξεως
3368 3977 3439 4053 ἦν
3461 4024 3476 4051 ,
3511 3982 3652 4037 ἀλλά

1938 4067 2240 4137 ἀπολογίας
2269 4066 2364 4122 τοῦ
2395 4070 2476 4134 εἰς
2515 4067 2586 4124 τὰ
2624 4068 2753 4139 ἐθνη
2795 4069 3194 4141 κηρύγματος·
3232 4069 3316 4124 διὸ
3364 4073 3459 4126 καὶ
3492 4071 3648 4128 οὐδὲν

1936 4156 2157 4225 λέγουσι
2179 4157 2290 4211 τῶν
2316 4159 2398 4222 εἰς
2418 4158 2552 4222 τοὺς
2594 4158 2888 4223 Ἰουδαίους
2910 4159 3367 4230 συμϐεϐηκότων.
3401 4160 3581 4233 Πολλὴ
3610 4163 3646 4234 ἡ

1936 4244 2245 4317 ἐπιτριϐὴδ
2285 4243 2397 4299 τῶν
2447 4245 2799 4318 Φαρισαίων,
2845 4247 2944 4301 καὶ
3002 4247 3142 4319 μετά
3191 4247 3291 4321 τὴν
3331 4249 3516 4302 πίστιν
3563 4249 3648 4303 ἔτι

1937 4331 2417 4405 νομοθετούντων,
2476 4335 2572 4390 καὶ
2621 4335 2682 4389 οὐ
2741 4335 3086 4408 πειθομένων
3132 4339 3247 4401 τοῖς
3299 4336 3642 4404 ἀποστόλοις.

1949 4421 2092 4477 Ἀλλ’
2128 4423 2233 4493 ὅρα
2263 4423 2508 4487 ἐκείνους
2529 4465 2544 4491 ,
2581 4421 2700 4488 πῶς
2734 4423 3001 4488 ἐπιεικῶς
3030 4425 3128 4479 καὶ
3169 4427 3232 4479 οὐ
3262 4425 3404 4497 μετά
3448 4426 3651 4482 αύθεν·

1935 4511 2089 4575 τείας
2139 4510 2524 4580 διαλέγονταιο
2569 4511 2640 4564 τὰ
2695 4511 2807 4584 γὰρ
2863 4511 3095 4567 τοιαῦτα
3139 4513 3492 4586 ἐπιθυμητὰ,
3550 4517 3646 4570 καὶ

1937 4599 2159 4672 πέπηγε
2195 4599 2422 4671 μᾶλλον,
2480 4601 2647 4673 Ὁρᾷς
2687 4600 2930 4672 οὐδαμοῦ
2959 4600 3136 4670 λόγων
3173 4601 3477 4672 ἐπίδειξιν,
3506 4603 3645 4658 ἀλλά

1933 4688 2034 4760 τὴν
2069 4688 2159 4744 διὰ
2197 4689 2308 4743 τῶν
2347 4689 2715 4760 πραγμάτων,
2745 4687 2846 4762 τὴν
2873 4689 2962 4746 διὰ
2991 4688 3084 4744 τοῦ
3109 4689 3465 4762 Πνεύματος;
3502 4691 3642 4747 Ἀλλ’

1934 4778 2086 4848 ὅμως
2120 4778 2211 4831 καὶ
2239 4777 2469 4832 τοιαῦτα
2508 4776 2726 4850 ἔχοντες
2756 4779 3057 4850 τεκμήρια,
3102 4778 3182 4832 ἔτι
3214 4780 3480 4846 ἐπιεικῶς
3527 4781 3645 4838 δια-

1935 4866 2205 4936 λέγονται.
2244 4866 2356 4921 Kal
2401 4866 2538 4938 ὅρα·
2573 4867 2675 4920 οὐκ
2724 4867 3062 4938 ἀπέρχονται
3091 4867 3479 4934 διαϐάλλοντες
3515 4871 3643 4934 τοὺς

1935 4956 1995 5008 ἐν
2036 4955 2360 5027 Ἀντιοχείᾳ,
2381 4954 2496 5009 ἀλλ’
2524 4955 2737 5010 ἐκεῖθεν
2759 4956 2922 5010 πάλιν
2945 4956 3330 5027 λαμϐάνουσιν
3357 4960 3642 5032 ἀφορμήν.

1935 5043 2126 5110 Οὕτως
2158 5045 2434 5117 ἐμελέτων
2461 5044 2523 5099 τὺ
2561 5046 2877 5118 φιλαρχεῖν,
2905 5047 2956 5101 οἰ
2998 5047 3095 5101 καὶ
3139 5049 3242 5102 οὐκ
3273 5050 3495 5105 εἰδότων
3529 5052 3646 5106 τῶν-

1935 5135 2256 5191 ἀποστόλων
2279 5136 2668 5208 ἐμέμφθησαν.
2708 5137 2850 5190 Ἀλλ’
2880 5138 3032 5207 ὅμως
3062 5136 3217 5194 οὐδὲν
3242 5139 3451 5194 τούτων
3491 5134 3640 5196 οὗτοι

1936 5225 2290 5295 προήνεγκαν
2325 5241 2338 5254 ⁸
2397 5225 2514 5278 ἀλλ’
2558 5227 2648 5280 ὅτε
2703 5224 3035 5292 ἀπέδειξαν,
3081 5227 3207 5281 τότε
3279 5229 3640 5301 σφοδρότερον

1936 5313 2231 5383 γράφουσι.
2272 5311 2435 5382 Μέγα
2488 5313 2600 5385 γὰρ
2658 5314 2692 5384 ἠ
2748 5315 3023 5370 ἐπιείκεια
3095 5317 3377 5388 πανταχοῦ
3438 5319 3636 5373 καλόν·

1935 5401 2211 5454 ἐπιείκεια
2254 5399 2421 5471 λέγω,
2455 5402 2514 5455 οὐ
2548 5402 2865 5474 ψυχρότης·
2904 5403 3204 5471 ἐπιείκεια,
3248 5406 3310 5458 οὑ
3341 5407 3636 5462 κολακεία’

1935 5489 2072 5543 πολὺ
2098 5489 2208 5561 γὰρ
2236 5489 2410 5543 ταῦτα
2434 5490 2724 5564 διέστηκεν
2744 5492 2842 5546 ἀπ’
2868 5492 3140 5564 ἀλλήλων.

2006 5573 2175 5628 Οὐδὲν
2206 5571 2360 5646 [251]
2395 5574 2669 5647 ἐτράχυνε
2701 5575 2940 5643 Παῦλον,
2979 5575 3135 5630 οὐδὲν
3184 5577 3416 5650 Πέτρον.
3459 5581 3633 5634 Ὅταν

1936 5662 2066 5734 ἔχῃς
2102 5662 2437 5730 ἀποδείξεις,
2472 5664 2527 5718 τί
2563 5663 2761 5737 ὀργίζῃ
2790 5681 2806 5732 ;
2843 5664 2876 5736 ἢ
2919 5665 3008 5718 ίνα
3039 5665 3134 5718 καὶ
3154 5665 3364 5730 ταύτας
3395 5669 3664 5740 ἀκύρους,

1939 5754 2204 5825 ποιήσῃς;
2253 5752 2370 5806 Οὐκ
2417 5753 2534 5806 ἐστι
2571 5756 2663 5808 τὸν
2714 5753 3074 5826 ὀργιζόμενον
3106 5753 3294 5808 πεῖσαί
3323 5773 3477 5811 ποτε.
3529 5760 3640 5812 Kal

1937 5840 2063 5911 χθὲς
2095 5841 2226 5912 περί
2256 5841 2431 5912 ὀργῆς
2464 5841 2820 5914 διελέχθημεν
2845 5859 2859 5872 ⁸
2893 5842 3048 5897 οὐδὲν
3078 5842 3134 5897 δὲ
3166 5842 3367 5897 κωλύει
3407 5848 3501 5899 καὶ
3541 5849 3637 5919 τή-

1940 5946 2110 6002 μείνν
2136 5946 2148 5958 ·
2202 5931 2234 5999 ἡ
2267 5929 2374 6001 γὰρ
2437 5930 2691 6002 συνέχεια
2744 5932 2874 5996 ίσως
2910 5931 3212 6005 ἐργάσεταί
3246 5950 3322 5987 τι.
3362 5935 3477 5988 Kal
3529 5936 3639 6007 γὰρ

1940 6019 2233 6087 φάρμακον
2284 6020 2346 6071 τὸ
2407 6019 2639 6090 δύναμιν
2666 6019 2788 6091 ἔχον
2839 6021 3106 6094 ἀφανίσαι
3159 6020 3406 6093 τραῦμα,
3454 6022 3520 6076 ἂν
3563 6025 3668 6096 μὴ.

2005 6132 2195 6214 ".l'dcm
2223 6137 2563 6202 ἐκπιπτούσης,
2610 6142 2698 6206 δρα
2725 6140 2914 6199 αὐτούς.
2991 6141 3018 6184 ιτ
3049 6143 3258 6204 Quidam
3281 6142 3433 6200 πολλή
3462 6144 3510 6194 δὲ
3535 6144 3613 6195 tm

1949 6208 2105 6256 τῇιδη.
