4034 6410
445 468 550 526 ΞΠ

456 579 695 653 συνεχῶς
742 579 987 650 ἐπιτεθῇ,
1034 577 1095 632 τὺ
1126 579 1237 634 πᾶν
1273 578 1544 635 ἀπώλεσε.
1604 579 1692 652 Μὴ
1737 581 1802 652 δὴ
1847 580 2116 654 νομίζετε,

454 669 796 738 κατάγνωσιν
827 666 981 738 ὑμῶν
1031 663 1191 735 εἶναι,
1225 665 1288 720 τὸ
1326 667 1564 738 συνεχῶς
1617 670 1746 740 περί
1782 669 1892 722 τῶν
1940 669 2123 722 αὐτῶν

453 751 794 823 διαλέγεσθαι
819 771 834 786 ο
863 755 911 806 εἰ
962 754 1072 826 γάρ
1112 753 1575 826 κατεγνώκειμεν,
1605 756 1706 809 οὐκ
1748 755 1816 810 ἀν
1839 756 2122 826 διελέχθη-

460 859 591 916 μεν·
619 841 715 897 νῦν
746 841 802 895 δέ
823 841 1138 907 ἐλπίζοντες
1175 842 1389 914 μεγάλα
1413 844 1563 914 ἡμᾶς
1585 843 1915 914 κερδαίνειν,
1946 844 2125 900 ταῦτα

455 929 826 1001 φθεγγόμεθα.
887 931 1015 985 Εῖθε
1091 931 1200 1002 γὰρ
1252 932 1492 1002 συνεχῶς
1561 933 1695 1003 περὶ
1765 931 1874 985 τῶν
1950 933 2128 985 αὐτῶν

455 1021 743 1090 ἐλέγομενί
776 1019 886 1073 είθε
947 1019 1084 1091 μηδέ
1142 1016 1210 1090 ἦν
1239 1019 1373 1090 άλλη
1420 1037 1506 1083 τις
1559 1021 1733 1090 λόγων
1785 1021 2130 1092 ὑπόθεσιςῆ

455 1107 695 1176 φροντὶς,
731 1106 847 1160 ἀλλ’
879 1107 1028 1170 ὅπως
1059 1106 1168 1158 τῶν
1198 1105 1388 1159 παθῶν
1410 1110 1774 1180 κρατήσωμεν
1797 1109 1904 1162 τῶν
1929 1109 2132 1179 ἡμετέ-

457 1196 592 1260 ρωνί
627 1193 751 1258 Πῶς
773 1195 880 1265 γὰρ
904 1195 1006 1246 ούκ
1026 1193 1246 1257 ἀτοπον,
1274 1193 1558 1263 βασιλεῦσι
1573 1197 1671 1267 μὲν
1692 1197 1750 1250 ἐν
1779 1199 1959 1268 τρυφῇ
1993 1195 2129 1261 ζῶσι

455 1283 552 1336 καὶ
581 1282 818 1353 τοσαύτῃ
847 1284 976 1353 τιμῇ
1010 1282 1216 1352 μηδένα
1245 1279 1383 1336 εἶναι
1414 1283 1594 1352 λόγον,
1617 1286 1758 1356 μήτε
1791 1285 1884 1338 ἐπὶ
1918 1286 2130 1355 τραπέ-

456 1375 576 1444 ζης.
617 1374 749 1444 μηδὲ
773 1374 829 1426 ἐν
850 1371 992 1441 ἄλλῳ
1025 1372 1215 1444 μηδενὶ
1246 1374 1445 1445 καιρῷ,
1486 1374 1622 1428 ἀλλά
1677 1375 1798 1438 πῶς
1830 1375 1992 1444 μόνον
2017 1374 2129 1427 τῶν

455 1461 730 1531 πολεμίων
761 1469 780 1490 ⁸
817 1461 1095 1530 κρατῆσαι
1153 1460 1254 1526 δεῖ,
1285 1463 1381 1515 καὶ
1414 1461 1504 1515 διά
1537 1464 1696 1516 τοῦτο
1727 1462 1848 1516 καθ’
1884 1463 2126 1532 ἑκάστην

454 1545 668 1616 ἡμέραν
691 1542 980 1611 συλλόγους
1007 1547 1204 1608 ποιεῖν,
1235 1546 1329 1597 καί
1365 1548 1703 1616 στρατηγοὺς
1727 1548 1820 1599 καὶ
1853 1545 2121 1618 στρατιώ-

454 1649 556 1695 τας
575 1631 917 1696 καταλέγειν,
951 1633 1046 1686 καὶ
1067 1633 1265 1703 φόρους
1294 1635 1566 1697 ἀπαιτεῖν,
1587 1635 1680 1686 καί
1697 1634 1806 1686 τῶν
1834 1634 2130 1688 πολιτικῶν

456 1721 798 1792 πραγμάτων
819 1718 1023 1783 ταύτας
1039 1721 1132 1773 δύο
1158 1721 1338 1783 αἰτίας
1359 1721 1662 1789 ἀναγκαίας
1685 1718 1823 1775 εἶναι
1853 1723 2126 1794 ἡγεῖσθαι,

455 1809 602 1870 ὅπως
633 1807 726 1863 καὶ
769 1807 878 1861 τῶν
922 1805 1300 1878 πολεμούντων
1351 1809 1690 1879 κρατήσωσι,
1735 1812 1830 1863 καὶ
1873 1811 1998 1874 τοὺς
2048 1812 2129 1863 οἰ-

456 1894 638 1957 κείους
691 1895 750 1946 ἐν
805 1894 998 1968 εἰρήνη
1048 1895 1497 1964 καταστήσωσινο
1547 1896 1697 1966 ἡμᾶς
1743 1896 1798 1949 δὲ
1831 1897 1967 1968 μηδὲ
1997 1897 2130 1968 δναρ

456 1981 638 2034 θέλειν
666 1980 735 2034 τά
782 1980 1009 2034 τοιαῦτα
1063 1980 1431 2049 διαλέγεσθαι,
1477 1983 1593 2036 ἀλλ’
1621 1985 1774 2048 ὅπως
1818 1984 1919 2055 μὲν
1959 1985 2130 2056 ἀγρὸν

456 2067 820 2140 ὡνησώμεθα,
847 2069 941 2122 καὶ
979 2070 1130 2132 ὅπως
1161 2069 1495 2140 ἀνδράποδα,
1528 2072 1623 2124 καὶ
1643 2071 1792 2135 ὅπως
1828 2072 1997 2125 πλείω
2031 2072 2128 2144 τὴν

455 2155 645 2208 ούσίαν
678 2155 1016 2225 ποιήσωμεν,
1046 2153 1169 2208 καθ’
1214 2155 1451 2226 ἑκάστην
1502 2156 1717 2227 ἡμέραν
1752 2156 2126 2228 διαλεγόμενοι

455 2241 515 2294 ού
542 2241 892 2312 λαμϐάνομεν
916 2241 1078 2311 κόρον
1101 2257 1113 2270 ⁸
1142 2242 1268 2313 περὶ
1290 2241 1346 2295 δὲ
1372 2241 1480 2296 τῶν
1515 2245 1573 2296 ἐν
1612 2247 1744 2316 ἡμῖν
1785 2247 2128 2316 πραγμάτων

455 2327 681 2382 καὶτῶν
701 2327 868 2391 ὅντως
893 2329 1049 2400 ἡμῶν
1074 2329 1198 2382 οῦτε
1228 2330 1382 2383 αὐτοὶ
1421 2330 1602 2399 λέγειν
1644 2332 1973 2404 βουλόμεθα,
2006 2335 2128 2388 οὐδὲ

455 2417 662 2487 ἑτέρων
709 2416 975 2485 λεγόντων
1013 2417 1318 2488 ἀνεχόμεθα
1369 2418 1616 2485 ἀκούειν;
1657 2421 1791 2491 Περὶ
1833 2422 1976 2484 τίνος
2010 2417 2125 2487 οὖν,

455 2506 577 2558 εἰπέ
631 2523 739 2574 μοι,
801 2504 1145 2573 διαλέγεσθαι
1210 2506 1434 2576 βούλει;
1493 2508 1624 2577 περὶ
1647 2507 1907 2577 ἀρίστου;
1965 2508 2127 2562 Ἀλλά

453 2593 625 2646 ταῦτα
666 2592 946 2663 μαγείρων
999 2592 1066 2646 τά
1110 2595 1351 2664 ῥήματα.
1406 2593 1566 2646 Ἀλλά
1611 2595 1739 2664 περὶ
1786 2595 2121 2666 χρημάτωνς

465 2681 624 2735 Ἀλλά
649 2684 822 2737 ταῦτα
854 2681 1115 2753 καπήλων
1164 2683 1259 2735 καὶ
1319 2684 1598 2754 ἐμπόρων.
1635 2684 1797 2738 Ἀλλά
1829 2687 1957 2758 περί
2009 2705 2126 2741 κτι-

455 2772 712 2841 σμάτιην;
759 2770 920 2822 Ἀλλά
941 2769 1117 2824 ταῦτα
1153 2771 1425 2824 τεκτόνων
1467 2773 1561 2825 καὶ
1608 2773 1928 2844 οἰκοδόμων.
1963 2776 2126 2830 Ἀλλά

452 2859 583 2928 περὶ
619 2858 757 2932 γῆπςς
802 2856 960 2910 Ἀλλά
992 2857 1162 2910 ταῦτα
1187 2859 1468 2929 γεωργῶν.
1507 2858 1698 2929 Ἦμῶν
1738 2860 1794 2914 δὲ
1828 2861 1980 2915 οὐδὲν
2010 2863 2128 2916 ἕτε-

456 2947 548 3017 ρόν
566 2948 714 2999 ἐστιν
735 2946 916 3016 ἔργον,
953 2944 1072 2998 ἀλλ’
1103 2945 1135 3016 ἡ
1166 2945 1287 3008 πῶς
1325 2944 1558 3000 πλοῦτον
1598 2949 2070 3019 περιποιησόμεθα
2097 2952 2127 2992 b

449 3037 515 3108 τῇ
546 3034 711 3104 ψυχῇ.
739 3032 832 3103 Μὴ
853 3033 1032 3087 τοίνυν
1059 3032 1374 3104 προσκορὴς
1399 3033 1428 3085 6
1462 3033 1617 3102 λόγος
1650 3035 1908 3104 γινέσθω.
1944 3037 2044 3092 Διά
2073 3039 2125 3092 τί

449 3121 557 3192 γάρ
594 3119 1032 3191 μηδεὶςέγκαλεῖ
1067 3118 1144 3188 τῷ
1181 3120 1350 3189 ἰατρῷ
1387 3122 1516 3190 περὶ
1558 3123 1811 3193 ἰατρικῆς
1839 3124 1926 3176 ἀεὶ
1949 3123 2125 3179 διαλε-

448 3207 685 3278 γομένῳ,
720 3206 857 3279 μηδέ
903 3210 1018 3267 τοῖς
1072 3206 1252 3271 ἀλλοις
1302 3209 1415 3271 τοῖς
1465 3208 1818 3280 δημιουργοῖς
1848 3213 1976 3283 περὶ
2016 3212 2126 3267 τῶν

449 3290 664 3343 οἰκείων
716 3290 921 3360 τεχνῶν
961 3289 1248 3358 λέγουσιν;
1289 3290 1348 3344 Εἰ
1391 3291 1490 3360 μέν
1523 3291 1630 3362 γάρ
1679 3291 1853 3356 οῦτως
1888 3296 2025 3364 ἡμῖν
2057 3291 2125 3367 ἦν

449 3373 856 3444 κατωρθωμένα
890 3373 959 3426 τά
1005 3374 1113 3427 τῶν
1158 3373 1373 3437 παθῶν,
1401 3373 1475 3438 ὡς
1513 3375 1588 3446 μὴ
1623 3375 1832 3429 δεῖσθαι
1878 3378 2125 3451 ὑπομνήο

450 3476 608 3523 σεως,
637 3459 862 3524 εἰκότως
885 3459 950 3514 ἀν
977 3479 1059 3524 τις
1079 3460 1514 3532 ἡμῖν-ἐνεκάλεσε
1543 3462 1854 3534 φιλοτιμίαν
1886 3467 1979 3520 καὶ
2004 3469 2124 3521 ἐπί-

446 3548 642 3611 δειξιν·
679 3548 882 3618 μᾶλλον
916 3548 970 3600 δὲ
1002 3549 1125 3602 ούδέ
1147 3548 1343 3612 οὕτως.
1380 3548 1443 3602 Εἰ
1499 3549 1609 3622 γάρ
1641 3553 1735 3605 καὶ
1766 3553 2120 3622 κατώρθωτο,

449 3636 543 3688 καὶ
575 3635 745 3698 οῦτως
780 3637 947 3706 ἐχρῆν
972 3635 1337 3704 διαλέγεσθαι,
1369 3635 1511 3690 ὥστε
1543 3639 1620 3708 μὴ
1651 3639 1979 3695 ἀναπεσεῖνο
2002 3644 2125 3697 ἐπεὶ

449 3724 546 3776 καὶ
579 3724 752 3794 ἰατροὶ
780 3725 901 3793 οὐχὶ
929 3723 1196 3785 νοσοῦσιν,
1238 3724 1378 3778 ἀλλά
1410 3725 1502 3778 καὶ
1533 3726 1839 3793 ὑγιαίνουσι
1859 3729 2126 3800 διαλέγονο

447 3828 561 3875 ται,
599 3811 692 3863 καὶ
749 3810 896 3864 ἐστιν
941 3811 1126 3875 αὐτοῖς
1176 3811 1355 3882 βιϐλία
1409 3813 1666 3885 τοιαύτης
1712 3819 2120 3887 πραγματείας,

445 3903 557 3962 τοῖς
583 3900 702 3969 μὲν,
733 3900 818 3952 ἵνα
847 3901 946 3971 τῆς
978 3901 1135 3953 νόσου
1191 3900 1603 3968 ἀπαλλάττωσι,
1638 3905 1747 3978 τοῖς
1775 3905 1852 3970 δὲ,
1907 3907 1994 3958 ἵνα
2024 3908 2123 3978 τὴν

450 3987 640 4054 ὑγείαν
673 3987 1127 4057 διαφυλάττωσιν.
1158 3989 1324 4041 Ὥστε
1382 3991 1429 4040 εἰ
1469 3991 1566 4042 καὶ
1619 3991 1959 4062 ὑγιαίνομεν,
2003 3995 2122 4048 ούδέ

447 4075 622 4136 οὕτως
649 4075 950 4144 ἀποστῆναι
980 4077 1168 4146 ἐχρῆν,
1195 4074 1336 4130 ἀλλά
1379 4077 1554 4130 πάντα
1587 4082 1759 4132 ποιεῖν
1779 4079 1919 4134 ῶστε
1943 4083 2124 4156 διατη-

455 4162 678 4234 ρηθῆναι
701 4162 798 4234 τήν
820 4162 1007 4231 ὑγείαν
1033 4165 1184 4234 ἡμῖν.

464 4239 468 4243 ’
519 4256 589 4319 γ’.
617 4253 784 4304 Ὅταν
817 4251 873 4304 δὲ
889 4252 981 4304 καὶ
1007 4254 1274 4323 νοσῶμεν,
1303 4254 1461 4326 διπλῆ
1499 4255 1606 4309 τῶν
1632 4255 1854 4328 λόγωνὴ
1883 4260 2116 4333 ἀνάγκηο

454 4339 550 4408 μία
589 4339 706 4410 μὲν,
761 4339 1140 4411 ἀπαλλαγῆναι
1177 4344 1274 4410 τῆς
1319 4343 1504 4395 νόσουο
1552 4343 1783 4417 δευτέρα
1819 4346 1897 4411 δὲ,
1941 4349 2120 4402 ἀπαλ-

450 4432 711 4497 λαγέντας
764 4432 836 4502 μὴ
889 4435 1206 4501 περιπεσεῖν
1261 4434 1444 4487 πάλιν.
1491 4435 1701 4489 Οὐκοῦν
1747 4437 2118 4511 θεραπευτικῇ

453 4521 660 4591 μεθόδῳ
679 4521 1039 4591 διαλεγόμεθα
1065 4522 1181 4587 νῦν,
1212 4523 1312 4592 ούχ
1334 4525 1547 4596 ὑγιεινῇ
1578 4529 1957 4598 πραγματεία.
1993 4530 2120 4593 Πῶς

448 4606 540 4671 οἷιν
567 4611 632 4664 ὢ)
660 4627 743 4674 τις
798 4611 858 4663 τὸ
912 4611 1084 4674 κακὸν
1131 4611 1291 4665 τοῦτο
1339 4614 1590 4682 ἐκκόψειε
1641 4617 1850 4681 πάθος;
1886 4617 2002 4682 πῶς
2029 4618 2120 4671 τὸν

451 4699 675 4770 σφοδρὸν
694 4699 1030 4752 ὑποστείλειε
1061 4712 1083 4740 ε
1120 4702 1389 4772 πυρετόν;
1430 4703 1660 4774 Ἰδωμεν
1694 4703 1857 4758 πόθεν
1901 4705 2117 4777 ἐτέχθη,

448 4786 598 4857 [252]
628 4787 831 4859 καὶτὴν
862 4787 1042 4841 αἰτίαν
1077 4789 1374 4860 ἀνέλωμεν.
1400 4789 1571 4843 Πόθεν
1586 4791 1865 4845 τίκτεσθαι
1892 4793 2116 4861 εἰωθεν;

462 4877 553 4942 Ἐξ
567 4875 875 4942 ἀλαζονείας
893 4881 988 4934 καὶ
1003 4880 1260 4944 ἀπονοίας
1275 4882 1720 4954 πολλῆς.Ταύτην
1739 4880 1830 4937 οὖν
1844 4885 2120 4956 ἀνέλωμεν

451 4963 548 5043 τὴν
567 4963 764 5026 αἰτίαν,
789 4965 883 5028 καὶ
917 4966 1282 5037 συνανῄρηται
1303 4969 1478 5023 καὶτὸ
1501 4969 1734 5040 νόσημα.
1751 4971 1817 5024 Τί
1844 4972 1901 5026 δὲ
1927 4974 1958 5043 ἡ
1987 4973 2119 5027 ἀλα-

449 5041 661 5119 ζονεία;
702 5051 869 5105 πόθεν
915 5054 1192 5119 τίκτεται;
1241 5055 1384 5126 τάχα
1423 5056 1535 5129 γὰρ
1592 5057 1756 5113 πάλιν
1795 5061 1880 5130 ἐφ’
1923 5041 2118 5133 ἑτέραν

447 5139 620 5211 ἀρχὴν
665 5138 1052 5210 κινδυνεύομεν
1105 5139 1369 5204 ἀνελθεῖν.
1427 5143 1638 5197 Οὐκοῦν
1691 5146 1764 5215 ’ἡν
1801 5145 1867 5198 ἂν
1907 5148 1934 5199 6
1961 5147 2117 5215 λόγος

447 5228 815 5298 ὑφηγήσηται,
861 5227 1066 5306 ταύτην
1146 5227 1474 5301 βαδίζωμεν,
1524 5231 1674 5294 ὅπως
1725 5231 1978 5290 κάτωθεν
2023 5238 2118 5289 καὶ

448 5313 738 5385 πρόρριζον
769 5314 1090 5390 ἀνασπασθῇ
1115 5315 1171 5368 τὸ
1204 5317 1396 5372 κακόν.
1431 5317 1605 5373 Πόθεν
1625 5313 1764 5391 οὗνή
1800 5319 2115 5390 ἀλαζονεία;

460 5401 555 5452 Ἐκ
575 5401 668 5454 τοῦ
712 5401 786 5473 μὴ
818 5401 1246 5456 ἐπισκέπτεσθαι
1285 5404 1354 5459 τὰ
1396 5405 1666 5478 ἡμέτερα,
1696 5407 1813 5465 ἀλλ’
1842 5408 1984 5478 ὑπὲρ
2019 5411 2119 5480 μὲν

449 5489 663 5567 φύσεως
690 5491 812 5560 γῆς,
865 5491 1043 5544 καίτοι
1066 5491 1167 5544 οὐκ
1193 5491 1352 5555 ὄντας
1374 5482 1679 5565 γεωργοὺς,
1723 5496 2116 5568 πολυπραγμο-

447 5579 579 5640 νεῖν,
621 5576 714 5628 καὶ
740 5578 877 5648 ὑπὲρ
904 5578 1119 5647 φύσεως
1145 5579 1352 5659 φυτῶν,
1374 5580 1469 5636 καὶ
1487 5582 1629 5654 ὑπὲρ
1661 5584 1874 5652 φύσεως
1888 5585 2116 5658 χρυσοῦ,

448 5665 626 5716 καίτοι
663 5664 764 5717 οὐκ
785 5664 944 5730 ὂντας
970 5667 1270 5746 ἐμπόρους,
1290 5668 1382 5721 καὶ
1408 5669 1548 5741 ὑπὲρ
1567 5670 1818 5742 ἱματίων,
1847 5673 1941 5727 καὶ
1975 5674 2116 5747 ὑπὲρ

486 5830 1333 5916 3:939:91’923‘3‘9‘?’1623"“
1357 5843 1452 5916 ῖῶῡθ
1475 5843 1731 5916 τεολεμίαικε·
1801 5846 1830 5886 ³
1852 5850 1985 5905 Unus
2009 5856 2112 5916 πῶς

449 5895 651 5944 πλοῦτον
675 5895 1006 5958 έργασόμθά,’
1055 5900 1078 5931 ο
1104 5897 1240 5950 Idem
1263 5895 1467 5968 σροδρὸν
1490 5895 1840 5962 ὑποδιαλίσῑκ.
1855 5895 1984 5905 "NV
2014 5895 2113 5919 ww“

1249 456 1308 521 ὃ.
1348 465 1634 542 JUANNIS
1669 465 2164 525 CHRYSOSTUMI
2203 467 2524 526 ARCHIEP.
2565 466 3148 527 CONSTANTINOP._

3817 463 3939 520 εδδ

2233 583 2472 637 πάντωνο
2489 579 2630 652 ὑπὲρ
2653 583 2710 636 δὲ
2729 582 2884 653 ἡμῶν
2900 583 2990 636 καὶ
3007 582 3108 653 τῆς
3123 578 3401 653 ἡμετέρας
3413 583 3632 651 φύσεως
3651 587 3937 657 μηδέποτε

2233 669 2520 741 ἀνέχεσθαι
2573 668 2734 722 τοῦτο
2761 673 2957 724 ποιεῖν.
3007 670 3118 724 Καὶ
3173 669 3257 733 τίς
3289 670 3494 739 ἀγνοεῖ,
3526 674 3686 744 φησὶ,
3712 674 3818 746 τὴν
3845 677 3938 728 οῖ-

2234 757 2385 811 κείαν
2413 756 2610 828 φύσιν;
2650 757 2864 811 Πολλοί·
2895 758 3038 828 τάχα
3067 757 3124 811 δὲ
3146 758 3351 822 πάντες
3381 758 3523 830 πλὴν
3559 760 3766 836 ὀλίγων
3787 779 3804 793 ⁸
3830 762 3935 816 καὶ

2232 848 2280 898 εἰ
2307 843 2586 916 βούλεσθε,
2622 843 2877 898 ἐντεῦθεν
2933 845 3148 915 ποιήσω
3189 844 3280 898 τὸν
3323 843 3567 916 ἔλεγχον.
3613 847 3759 901 Birth
3814 848 3934 920 γάρ

2234 951 2346 1002 μοι,
2375 931 2429 986 τί
2447 931 2578 985 ποτέ
2599 935 2748 985 ἐστιν
2768 931 3054 1000 ἄνθρωπος
3076 950 3091 997 ;
3113 930 3182 984 El
3202 949 3288 995 τις
3315 931 3642 1004 ἐρωτηθείη,
3667 934 3792 988 Τίνι
3816 935 3934 990 τῶν

2229 1018 2440 1086 ἀλόγων
2463 1017 2736 1087 διέστηκε,
2761 1016 2879 1079 πῶς
2915 1018 3189 1087 συγγενής
3215 1018 3331 1070 ἐστι
3362 1017 3471 1073 τῶν
3509 1019 3569 1073 ὲν
3598 1019 3847 1091 οὐρανῷ,
3868 1023 3933 1074 τί

2228 1103 2453 1158 δύναται
2509 1102 2570 1169 ἐξ
2600 1101 2888 1175 ἀνθρώπου
2936 1103 3236 1171 γενέσθαις
3287 1104 3364 1175 μὴ
3410 1105 3705 1177 δυνήσεται
3733 1106 3798 1172 ἐξ
3831 1109 3935 1171 ερ-

2231 1191 2383 1256 θείας
2431 1191 2838 1265 ἀποκριθῆναι;
2914 1191 3029 1244 Ούκ
3067 1189 3245 1259 ἔγωγε
3284 1187 3461 1262 οἶμαι.
3495 1181 3771 1266 Καθάπερ
3812 1197 3932 1267 γὰρ

2229 1282 2322 1334 ἐπὶ
2350 1279 2482 1352 ὕλης
2519 1281 2685 1344 τινὸς,
2713 1280 2860 1335 οὕτω
2890 1280 2986 1333 καὶ
3030 1281 3124 1332 ἐπὶ
3149 1277 3441 1349 ἀνθρώπου
3465 1280 3525 1334 τὸ
3556 1281 3658 1352 μέν
3688 1282 3932 1336 ὑποκείο

2231 1385 2394 1438 μενον
2419 1367 2708 1440 ἄνθρωπος
2731 1385 2744 1398 ·
2785 1367 3010 1421 δύναται
3053 1367 3110 1421 δέ
3141 1365 3403 1436 γενέσθαι
3432 1369 3527 1421 καὶ
3565 1369 3806 1438 ἄγγελος
3832 1371 3935 1423 καὶ

2227 1454 2436 1525 θηρίον.
2467 1451 2615 1524 *Δρα
2635 1456 2696 1508 ού
2728 1455 2880 1509 δοκεῖ
2911 1455 3064 1519 ξένος
3085 1450 3227 1508 εῖναι
3246 1455 3274 1507 6
3301 1454 3464 1523 λόγος
3483 1448 3676 1524 οὗτοςς
3722 1459 3929 1511 Καίτοι

2230 1542 2490 1605 πολλάκις
2512 1541 2673 1595 αύτδν
2700 1543 2758 1594 ἐν
2783 1544 2901 1605 ταῖς
2933 1541 3176 1613 Γραφαῖς
3205 1541 3500 1610 ἠκούσατε.
3530 1544 3673 1614 Περὶ
3693 1545 3797 1614 μὲν
3815 1546 3934 1616 γάρ

2226 1647 2389 1683 τινων
2413 1629 2715 1702 ἀνθρώπων
2742 1629 3089 1698 ἐλέγετο,ὅτι
3137 1630 3423 1699 Ἀγγελος
3473 1632 3697 1700 Κυρίου
3753 1634 3930 1686 ἐστί’

2227 1718 2327 1772 καί
2351 1721 2422 1773 ἐκ
2450 1767 2465 1773 -
2477 1719 2748 1789 χειλέων,
2801 1718 2978 1787 φησί,
3040 1717 3251 1780 αὐτοῦ,
3290 1715 3625 1784 ζητήσουσι
3671 1721 3892 1788 κρίσιν
3916 1739 3930 1749 ’

2231 1807 2327 1861 καὶ
2356 1807 2540 1862 πάλιν
2577 1806 2965 1862 Ἀποστέλλω
2996 1805 3103 1859 τὸν
3139 1805 3401 1874 ἄγγελόν
3422 1822 3542 1874 μου
3589 1805 3705 1875 πρὸ
3738 1823 3937 1876 κρεσ-

2223 1895 2392 1949 ,ώπου
2426 1911 2578 1950 σου·
2637 1895 2766 1966 περὶ
2801 1893 2860 1947 δέ
2906 1910 3092 1957 τινων,
3125 1894 3351 1962 Ὀφεις,
3397 1892 3746 1964 γεννήματα
3803 1896 3936 1965 ἐχι-

2227 1980 2406 2035 δνῶν.
2448 1981 2649 2035 Λοιπὸν
2682 1982 2748 2051 δὴ
2781 1980 2933 2053 παρὰ
2963 1981 3091 2043 τοὺς
3127 1980 3447 2050 χρωμένους
3471 1981 3530 2034 τὸ
3568 1984 3682 2036 πᾶν
3697 1981 3936 2037 δύναται

2227 2071 2482 2139 γενέσθαι
2525 2071 2620 2124 καὶ
2666 2068 2921 2137 ἄγγελος,
2955 2067 3360 2138 καὶᾶνθρωπος
3385 2081 3432 2122 ι.
3469 2069 3536 2122 Τί
3559 2068 3727 2138 λέγω,
3756 2071 3938 2140 ἀγγε-

2225 2157 2316 2220 λος
2337 2174 2354 2223 ;
2381 2159 2492 2210 Καὶ
2517 2157 2654 2210 Θεοῦ
2681 2157 2873 2211 τέκνον
2893 2172 2905 2186 ·
2927 2154 3074 2223 Ἐγὼ
3100 2155 3213 2227 γάρ
3233 2151 3394 2222 εἶπα,
3421 2157 3578 2227 φησὶ,
3600 2159 3737 2212 Θεοί
3756 2159 3934 2222 ἐστε.

2233 2245 2330 2298 καὶ
2359 2243 2477 2298 vlo!
2516 2245 2815 2313 Ὑψίστου
2847 2241 3091 2309 πάντες.
3123 2243 3234 2295 Καὶ
3282 2242 3342 2296 τὸ
3380 2243 3444 2314 δὴ
3475 2243 3683 2314 μεῖζον,
3712 2245 3802 2300 ὅτι
3829 2247 3936 2299 τοῦ

2228 2331 2484 2400 γενέσθαι
2524 2333 2620 2384 καὶ
2656 2331 2780 2394 θεὸς
2823 2331 2919 2384 καὶ
2973 2328 3208 2399 ἄγγελος
3248 2330 3342 2396 καὶ
3397 2329 3536 2384 Θεοῦ
3582 2331 3787 2386 τέκνον
3829 2336 3936 2405 τὴν

2228 2420 2476 2486 ἐξουσίαν
2507 2419 2671 2482 αὐτὸς
2705 2419 3132 2490 ἐγκεχείρισται.
3160 2417 3271 2471 Καὶ
3299 2417 3446 2472 ἐστιν
3493 2417 3790 2489 ἄνθρωπος
3829 2423 3936 2490 ἀγ-

2226 2506 2384 2574 γέλου
2441 2506 2795 2578 δημιουργός.
2847 2506 3007 2576 Τάχα
3067 2505 3216 2576 ὑμᾶς
3267 2504 3576 2577 ἐθορύϐησε
3626 2507 3694 2559 τὺ
3727 2507 3933 2580 ρἧας

2239 2594 2380 2648 Ἀλλ’
2412 2594 2642 2649 ἀκούετε
2665 2591 2760 2648 τοῦ
2795 2592 3036 2664 Χριστοῦ
3066 2593 3348 2662 λέγοντος·
3395 2594 3494 2648 Ἑν
3532 2593 3608 2662 τῇ
3650 2595 3936 2651 dmoni-

2225 2697 2318 2736 σει
2339 2684 2480 2737 οὔτε
2502 2682 2803 2752 γαμοῦσιν
2824 2682 2965 2736 οὔτε
2994 2682 3413 2750 γαμίσκονται,
3447 2683 3590 2738 ἀλλ’
3631 2685 3802 2738 εἰσίν
3849 2687 3935 2751 ὡς

2227 2767 2488 2838 ἄγγελον
2526 2769 2619 2822 καὶ
2645 2768 2831 2833 πάλιν,
2883 2767 2946 2822 '0
2977 2767 3317 2837 δυνάμενος
3381 2769 3598 2839 χωρεῖν
3634 2774 3929 2845 χωρείτω.

2229 2858 2408 2919 Ὂλως
2447 2856 2505 2909 δὲ
2558 2858 2592 2927 ἡ
2646 2855 2820 2928 ἀρετὴ
2854 2855 3122 2926 ἀγγέλους
3175 2858 3353 2910 ποιεῖ’
3400 2856 3610 2930 ταύτης
3654 2859 3716 2913 δὲ
3761 2863 3933 2932 ἡμεῖς

2226 2946 2440 3016 κύριοι·
2473 2944 2582 3015 ἀρα
2635 2944 2900 3013 ἀγγέλους
2954 2942 3234 3014 δυνάμεθα
3283 2943 3664 3018 δημιουργεῖν.
3699 2948 3815 3002 κᾶν
3850 2950 3931 3023 μή

2225 3038 2292 3106 τῇ
2323 3033 2504 3104 φύσει,
2533 3031 2671 3087 ἀλλά
2697 3035 2762 3104 τῇ
2788 3034 3126 3117 προαιρέσει.
3149 3031 3370 3105 Ταύτης
3393 3034 3492 3105 μὲν
3514 3035 3626 3117 γάρ
3641 3037 3930 3109 ἀπούσης,

2225 3123 2376 3175 οὐδὲν
2401 3120 2593 3192 δφελος
2621 3119 2857 3189 ἄγγελον
2887 3115 3029 3173 εἶναι
3076 3119 3177 3192 τήν
3219 3120 3383 3192 φύσιν
3401 3134 3414 3148 ·
3443 3121 3541 3176 καὶ
3556 3115 3719 3194 δηλοῖ
3747 3126 3778 3178 6
3802 3127 3932 3181 διά⁴

2227 3209 2382 3273 ϐολος
2400 3209 2557 3263 τοῦτο
2582 3208 2658 3263 ὣν
2675 3209 2784 3274 πρὸ
2804 3207 2998 3262 τούτου
3023 3225 3035 3236 ⁸
3066 3209 3273 3280 ταύτης
3307 3209 3366 3264 δὲ
3410 3209 3724 3282 παρούσης,
3767 3214 3930 3268 οὐδὲν

2227 3297 2424 3369 βλάϐος
2451 3297 2737 3368 ἄνθρωπον
2767 3291 3033 3370 εἶναιτὴν
3067 3298 3232 3367 φύσιν
3255 3316 3270 3332 σ
3303 3301 3400 3354 καὶ
3443 3299 3598 3369 δηλοῖ
3657 3302 3929 3376 Ἰωάννης

2221 3385 2511 3457 ἄνθρωπος
2538 3384 2634 3449 ὢν,
2664 3385 2759 3439 καὶ
2801 3383 2988 3448 Ἠλίας
3016 3387 3096 3449 εἰς
3115 3385 3208 3439 τὸν
3240 3385 3469 3456 οὐρανὸν
3503 3385 3776 3454 ἀνελθὼν,
3804 3393 3931 3445 ’καὶ

2225 3475 2425 3538 πάντες
2453 3475 2502 3527 οἰ
2545 3473 2831 3545 μέλλοντες
2860 3474 3086 3529 ἀπιέναι
3121 3476 3258 3529 ἐκεῖ.
3292 3467 3452 3529 Οὗτοι
3483 3476 3587 3548 μὲν
3615 3475 3732 3548 γὰρ
3782 3482 3931 3549 μετά

2226 3561 2478 3633 σώματος
2507 3562 2610 3616 ούκ
2639 3560 3002 3634 ἐκωλύθησαν
3026 3563 3118 3617 τὸν
3148 3563 3376 3638 οὐρανὸν
3409 3567 3583 3623 οἰκεῖν
3605 3583 3619 3597 ο
3641 3568 3854 3622 ἐκεῖνοι
3873 3569 3930 3624 δὲ

2223 3651 2507 3722 ἀσώματοι
2537 3651 2710 3718 ὄντες,
2734 3652 2835 3704 ούκ
2861 3651 3210 3724 ἠδυνήθησαν
3239 3655 3429 3723 μεῖναι,
3448 3655 3507 3711 ἐν
3530 3653 3776 3727 οὐρανῷ.
3803 3659 3930 3729 Μη-

2225 3741 2336 3803 δεὶς
2366 3740 2544 3793 τοίνυν
2595 3738 2831 3808 ἀλγείτω
2869 3739 3006 3810 μηδὲ
3038 3740 3421 3810 ἀγανακτείτω
3444 3742 3472 3782 ιδ
3505 3743 3643 3814 πρὸς
3674 3744 3780 3816 τὴν
3819 3746 3928 3816 φύ-

2224 3846 2309 3883 σιν
2350 3829 2424 3893 ὡς
2445 3829 2866 3900 ἐμποδίζουσαν,
2904 3827 3039 3882 ἀλλά
3063 3828 3202 3900 πρὸς
3233 3828 3333 3901 τὴν
3365 3830 3715 3902 προαίρεσιν.
3764 3837 3930 3891 Λέων

2223 3918 2428 3982 ἐκεῖνος
2453 3917 2670 3986 ἐγένετο
2707 3917 2767 3984 ἐξ
2787 3917 3118 3988 ἀσωμάτου’
3156 3918 3289 3972 Ἰδοὺ
3343 3919 3474 3989 γάρ,
3533 3923 3694 3991 φησὶ,
3729 3923 3786 3977 Ὁ
3833 3928 3928 3996 ἐχ.

2222 4007 2362 4074 θρός
2391 4005 2560 4076 ἡμῶν
2595 4006 2676 4072 ὡς
2707 4004 2867 4059 λέων
2904 4005 3244 4075 ὼρυόμενος
3282 4006 3684 4076 περιέρχεται,
3732 4011 3927 4081 ζητῶν

2224 4096 2359 4148 τίνα
2389 4095 2678 4163 καταπίῃ·
2703 4096 2865 4166 ἡμεῖς
2897 4092 3121 4162 ἄγγελοι
3161 4094 3270 4148 ἀπὸ
3316 4095 3610 4166 σωμάτων.
3644 4099 3926 4173 Καθάπερ

2221 4184 2331 4255 γάρ
2360 4183 2413 4236 εί
2429 4201 2514 4247 τις
2547 4183 2683 4254 ὓλην
2708 4178 2888 4254 εὑρὼν
2939 4181 3258 4253 πολύτιμον,
3291 4183 3390 4236 οὐκ
3432 4183 3507 4238 ὢν
3538 4188 3826 4260 τεχνίτης,
3859 4193 3926 4246 ἂν

2222 4272 2616 4345 καταφρονήσῃ
2642 4271 2846 4341 ταύτης
2875 4269 3048 4343 [255],
3071 4270 3322 4343 μεγάλως
3343 4272 3785 4346 ζημιωθήσεται,
3809 4277 3925 4336 οἷον

2222 4359 2254 4430 ἢ
2287 4359 2712 4432 μαργαρίτας,ἢ
2746 4359 2959 4429 κόχλον,
2996 4359 3244 4430 ἡέτερόν
3285 4377 3340 4413 τι
3373 4361 3621 4416 τοιοῦτον
3644 4380 3658 4393 ·
3687 4367 3840 4422 οῦτω
3858 4373 3921 4442 δὴ

2221 4448 2316 4499 καὶ
2342 4449 2503 4518 ἡμεῖς
2531 4447 2626 4500 ἐὰν
2649 4448 3012 4517 ἀγνοήσωμεν
3041 4446 3139 4519 τὴν
3163 4448 3440 4522 ἡμετέραν
3475 4449 3664 4520 φύσιν,
3703 4458 3917 4529 σφόδρα

2219 4535 2392 4605 αύτῆς
2411 4534 2903 4605 καταφρονήσομεν
2923 4551 2936 4564 ⁶
2958 4533 3025 4589 ἂν
3074 4535 3130 4589 δὲ
3176 4537 3414 4608 γνῶμεν,
3473 4539 3678 4612 πολλὴν
3710 4543 3916 4598 ἐπιδει-

2222 4620 2424 4692 ξόμεθα
2450 4623 2711 4692 σπουδὴν,
2744 4623 2840 4676 καὶ
2888 4621 2957 4675 τά
3007 4624 3243 4694 μέγιστα
3295 4626 3740 4698 καρπωσόμεθα.
3789 4634 3920 4688 Ἀπὺ

2220 4711 2328 4780 γάρ
2343 4709 2544 4780 ταύτης
2572 4709 2789 4780 ίμάτιον
2813 4709 3023 4778 γίνεται
3055 4710 3353 4781 βασιλικὸν,
3388 4715 3497 4767 ἀπὸ
3524 4717 3743 4789 ταύτης
3769 4722 3918 4776 οἰκία

2220 4797 2429 4864 γίνεται
2462 4796 2739 4868 βασιλικὴ,
2767 4797 2877 4850 ἀπὸ
2921 4797 3126 4868 ταύτης
3171 4799 3308 4870 μέλη
3352 4801 3567 4868 γίνεται
3616 4803 3914 4873 βασιλικά·

2220 4885 2396 4978 πάντα
2428 4883 2684 4978 βασιλικά
2708 4895 2756 4939 ε.
2783 4885 2877 4978 Mi]
2908 4885 2974 4957 δὴ
2997 4887 3474 4959 καταχρησώμεθα
3502 4891 3583 4953 εἰς
3619 4892 3911 4978 βλάϐηντῇ

2217 4971 2392 5044 οἰκείᾳ
2415 4972 2595 5040 φύσει.
2624 4972 2808 5043 Βραχύ
2840 4990 2892 5026 τι
2937 4974 3069 5045 παρ’
3116 4975 3386 5044 ἀγγέλους
3419 4979 3570 5048 ἡμᾶς
3597 4979 3742 5050 wn
3758 4971 3910 5048 τωσε,

2218 5059 2294 5128 τῷ
2314 5059 2528 5131 θανάτῳ
2548 5061 2710 5128 λέγω⁶
2745 5061 2882 5115 ἀλλά
2905 5053 3002 5115 καὶ
3035 5060 3195 5116 τοῦτο
3225 5063 3616 5136 ἀπειλήφαμεν
3628 5068 3691 5120 τὸ
3711 5068 3908 5144 βραχύ.

2219 5147 2383 5199 Οὐδὲν
2413 5144 2502 5203 οὖν
2532 5148 2593 5201 τὸ
2617 5148 2827 5200 κωλύον
2857 5150 3005 5220 ἡμᾶς
3038 5149 3289 5219 ἀγγέλων
3310 5151 3566 5220 γενέσθαι
3599 5155 3804 5224 ἐγγὺς,
3848 5161 3912 5214 ἂν

2219 5233 2479 5304 θέλωμεν.
2505 5235 2836 5306 Θελὴσωμεν
2853 5237 3054 5301 τοίνυν,
3079 5237 3422 5310 θελήσωμεν,
3446 5239 3543 5294 καὶ
3566 5240 3909 5317 ἐξασκήσαν-

2217 5339 2308 5385 τες
2341 5324 2566 5387 ἑαυτοὺς
2589 5322 2747 5387 δόξαν
2776 5323 3195 5396 ἀναπέμψωμεν
3220 5326 3298 5398 τῷ
3339 5327 3521 5396 Πατρὶ
3546 5329 3647 5381 καὶ
3675 5330 3761 5402 τῷ
3796 5334 3908 5406 Υἱῴ

2218 5413 2311 5464 καὶ
2337 5412 2412 5482 τῷ
2444 5413 2585 5482 ἀγίῳ
2617 5411 2920 5483 Πνεύματι,
2946 5412 3042 5469 νῦν
3072 5415 3168 5468 καὶ
3193 5415 3302 5483 ἀεὶ,
3337 5415 3432 5469 καὶ
3455 5417 3537 5480 εἰς
3553 5417 3683 5482 τοὺς
3699 5421 3907 5487 αἰῶνας

2217 5497 2325 5552 τῶν
2354 5499 2567 5553 αἰώνων
2607 5499 2800 5569 Ἀμήν.

2281 5797 2524 5868 ..μοι-ει.
2557 5802 2638 5868 καὶ
2668 5803 2890 5868 θεὸς-καὶ
2929 5805 3192 5868 ἄνθρωπος,
3234 5805 3383 5854 male.
3452 5805 3479 5844 ι’
3504 5804 3586 5854 Sic
3610 5805 3813 5868 quidam
3841 5815 3894 5862 οι

2219 5859 2403 5937 @3119;
2446 5862 2620 5937 Μοςςι.
2665 5864 2869 5937 ἀλγείτω
2893 5859 3103 5937 ιξιιιιρ-ω.
3161 5859 3199 5898 ἐ
3231 5867 3418 5926 Verba,
3443 5867 3598 5937 «6.1m
3631 5859 3893 5937 ’βασιλιχὲζ

2222 5933 2252 5968 e
2285 5921 2435 5973 tribus
2457 5926 2596 5975 codd.
2630 5931 2683 5974 et
2707 5921 2870 6003 ωτι-ε.
2907 5928 3062 5981 Savil.
3102 5937 3305 5997 recepta
3333 5921 3465 5979 sum.
3514 5921 3650 5981 Εοιτζ
