4034 6444
141 532 246 588 237

137 639 294 694 randi
328 634 519 693 vulnus
539 677 554 702 ,
583 635 683 690 nisi
715 633 1030 704 frequenter
1059 636 1380 699 apponatur,
1413 633 1580 680 tutum
1614 636 1738 691 pcr-

135 730 240 782 dit.
290 727 369 784 Ne
397 727 591 798 putetis
622 740 717 780 vos
745 721 1095 780 condemnari
1143 735 1208 776 ex
1247 716 1513 788 frequenti
1557 715 1742 782 lituus-

136 821 290 876 modi
338 822 582 877 oratione
628 837 644 874 :
685 820 730 874 si
777 819 921 874 enim
971 831 1068 872 vos
1117 814 1572 875 condemnarem,
1633 821 1741 860 nun

136 915 498 970 coneionarcr
531 931 545 969 :
578 928 722 968 nunc
752 928 879 967 vero
905 918 1188 980 sperantes
1215 921 1312 960 vos
1339 904 1571 958 multum
1616 899 1743 954 hinc

139 1007 446 1062 lucraturos
471 1021 626 1074 esse,
657 1007 772 1060 haec
801 1005 1093 1074 loquimur.
1128 1000 1342 1057 Utinam
1377 1003 1636 1067 perpetuo
1678 992 1745 1045 de

139 1097 335 1153 iisdem
365 1097 710 1169 loqueremur
741 1113 752 1150 :
790 1099 994 1151 utinam
1033 1093 1174 1149 nulla
1207 1098 1350 1146 esset
1389 1089 1494 1142 alia
1522 1085 1739 1140 concio-

139 1190 306 1245 nandi
336 1190 546 1245 occasio
571 1189 656 1244 vel
687 1204 814 1244 cura
841 1229 856 1253 ,
891 1201 1052 1258 quam
1081 1182 1356 1255 quomodo
1384 1180 1513 1234 vitia
1560 1184 1744 1232 nostra

137 1297 480 1352 superemus.
526 1281 1000 1352 Quomodoenim
1046 1293 1152 1333 non
1199 1275 1496 1331 absurdum
1544 1271 1744 1336 fuerit,

138 1372 362 1444 regibus
393 1375 444 1428 in
477 1373 684 1429 deliciis
717 1372 1049 1437 viventibus,
1081 1379 1136 1425 et
1168 1377 1316 1423 tanto
1339 1367 1545 1420 honore
1565 1405 1582 1428 ,
1613 1361 1746 1417 nihil

136 1463 288 1517 aliud
337 1479 480 1519 curas
515 1479 635 1520 esse
665 1464 746 1518 vel
780 1465 831 1518 in
865 1477 1048 1524 mensa
1071 1502 1086 1528 ,
1119 1461 1204 1516 vel
1234 1459 1343 1513 alio
1371 1457 1565 1528 quovis
1608 1465 1746 1510 tem-

137 1568 310 1622 pore,
337 1571 500 1624 quam
543 1556 817 1627 quomodo
852 1554 1096 1610 inimicos
1123 1553 1338 1606 vincere
1370 1556 1650 1620 oporteat,
1693 1556 1749 1601 et

137 1659 202 1697 ea
234 1645 303 1700 de
328 1659 488 1702 causa
519 1647 756 1718 quntidie
780 1655 1082 1702 conventus
1110 1659 1273 1716 agere
1293 1686 1308 1710 ,
1341 1642 1507 1698 duces
1546 1655 1608 1696 ac
1647 1640 1749 1694 mi-

137 1734 266 1791 lites
292 1737 562 1808 adlegere,
597 1738 791 1794 tributa
834 1737 1088 1808 exigere;
1131 1745 1184 1790 et
1214 1735 1267 1790 in
1296 1733 1548 1788 civilibus
1586 1732 1749 1786 rebus

143 1827 246 1883 bas
277 1830 413 1886 duas
443 1839 648 1885 tantum
680 1846 767 1885 res
798 1827 1134 1886 necessarias
1164 1841 1285 1882 esse
1307 1835 1499 1897 putare
1525 1866 1538 1890 ,
1566 1832 1624 1878 ut
1649 1823 1748 1877 ini«

137 1922 268 1977 niici
319 1923 636 1991 vincantur,
665 1932 723 1979 et
761 1925 844 1978 sui
877 1925 929 1977 in
958 1938 1088 1992 pace
1117 1921 1310 1991 degant
1339 1925 1356 1972 :'
1383 1933 1482 1974 nos
1511 1932 1640 1974 vero
1680 1931 1748 1971 ne

138 2031 240 2084 per
281 2017 553 2072 somnium
580 2017 798 2088 quidem
825 2017 894 2073 de
923 2017 1009 2070 bis
1041 2023 1270 2070 tractare
1295 2056 1308 2074 .
1349 2012 1446 2068 sed
1474 2011 1748 2083 quomodo

138 2122 330 2178 agrum
377 2119 655 2175 amamus,
703 2107 976 2179 quomodo
1018 2121 1236 2172 servos,
1295 2103 1569 2176 quomodo
1616 2117 1749 2171 opes

138 2215 436 2271 augeamus
461 2243 476 2267 ,
510 2202 751 2271 quotidie
780 2201 898 2256 sine
927 2214 1127 2255 nausea
1158 2212 1444 2260 curemus;
1487 2195 1553 2250 de
1583 2194 1748 2249 rebus

137 2302 323 2346 autem
357 2293 557 2347 nostris
586 2303 639 2347 et
672 2307 797 2348 vere
825 2291 1024 2346 nostris
1053 2305 1152 2345 nec
1177 2289 1356 2360 loqui,
1390 2303 1565 2358 neque
1615 2287 1748 2341 alios

138 2383 386 2438 dicentes
415 2385 603 2439 audire
634 2384 898 2438 velimus?
929 2384 1044 2452 Qua
1075 2383 1140 2438 de
1173 2398 1231 2437 re
1255 2396 1384 2450 ergo
1414 2380 1491 2434 vis
1513 2380 1749 2434 dissera-

139 2476 267 2530 tur?
293 2491 358 2530 an
388 2476 458 2530 de
489 2476 750 2546 prandio?
779 2475 885 2531 Sed
919 2476 1033 2529 haec
1060 2473 1129 2529 ad
1154 2489 1357 2543 coquos
1390 2472 1547 2527 verba
1585 2470 1750 2540 perti-

139 2576 294 2622 nent.
328 2568 410 2622 Au
439 2567 508 2622 de
536 2569 814 2638 pecuniis?
844 2566 954 2623 Sed
979 2566 1095 2620 haec
1122 2565 1510 2635 negotiantium
1545 2574 1670 2617 sunt
1695 2571 1749 2617 et

138 2669 526 2715 mercatorum.
552 2665 633 2714 An
657 2661 723 2716 de
745 2660 1026 2716 aediliciis?
1049 2657 1155 2713 Sed
1187 2657 1303 2712 haec
1325 2655 1745 2711 architectorum

138 2761 192 2803 et
223 2750 544 2806 latomornm
577 2760 723 2806 sunt.
751 2753 830 2805 An
855 2751 921 2806 de
950 2761 1091 2807 terra
1115 2750 1137 2801 ?
1164 2748 1270 2805 Sed
1303 2748 1418 2803 hac
1448 2747 1514 2801 ad
1545 2745 1750 2817 agrico-

135 2843 240 2898 las.
265 2841 433 2898 Nobis
459 2859 586 2900 vero
607 2844 813 2899 nullum
837 2843 982 2899 aliud
1003 2852 1087 2898 est
1108 2857 1262 2912 opus,
1294 2856 1452 2910 quam
1477 2838 1749 2910 quomodo

136 2934 359 2990 divitias
390 2951 640 3005 paremus
679 2939 895 2991 animae.
951 2935 1029 2991 Ne
1068 2948 1197 3005 ergo
1239 2931 1547 2986 fastidiosus
1593 2929 1748 2984 vobis

137 3039 326 3081 sermo
359 3027 448 3081 sit.
479 3026 589 3081 Cur
617 3028 760 3082 enim
791 3027 972 3082 nullus
1011 3035 1230 3082 accusat
1265 3023 1532 3079 medicum
1560 3063 1571 3086 ,
1603 3021 1746 3092 quod

138 3133 360 3187 semper
382 3120 450 3176 de
479 3121 745 3176 medicina
771 3121 1022 3191 loquatur
1041 3162 1054 3184 ,
1081 3135 1257 3190 neque
1287 3119 1426 3173 alios
1469 3117 1705 3172 artifices
1727 3159 1742 3184 ,

139 3211 285 3281 quod
324 3213 390 3267 de
432 3222 548 3268 arte
579 3229 673 3269 sua
702 3215 1011 3271 disserant?
1035 3215 1088 3271 Si
1121 3229 1352 3284 namque
1393 3213 1518 3266 vitia
1564 3227 1636 3266 no
1668 3219 1746 3266 tra

141 3302 221 3358 sic
260 3303 466 3359 domita
496 3315 680 3361 essent
701 3347 717 3374 ,
754 3317 813 3362 ut
843 3322 952 3362 non
981 3308 1118 3362 ultra
1148 3305 1367 3360 monitis
1412 3319 1551 3374 opus
1583 3303 1750 3358 babe-

144 3404 298 3463 rent,
325 3396 450 3465 jure
478 3397 601 3466 quis
623 3413 722 3453 nos
749 3398 1044 3462 incusaret,
1072 3398 1214 3468 quod
1237 3398 1305 3451 ad
1332 3396 1746 3451 ostentationem

144 3485 291 3554 loqui
324 3488 625 3553 vellemus;
675 3490 783 3545 imo
814 3505 988 3560 neque
1017 3490 1117 3545 sic.
1148 3488 1278 3543 Nam
1320 3487 1530 3543 etiamsi
1561 3503 1749 3544 emen-

144 3580 266 3634 data
295 3591 502 3648 essent,
531 3582 611 3639 sic
639 3598 856 3653 quoque
886 3581 1212 3638 monendum
1240 3593 1417 3648 esset,
1439 3597 1510 3636 ne
1543 3582 1752 3637 recide-

145 3685 348 3726 remus.
381 3673 816 3729 Etenim-medici
851 3689 955 3728 non
983 3689 1156 3743 :egros
1187 3682 1430 3735 tantum,
1460 3671 1555 3726 sed
1585 3673 1749 3727 etiam

146 3763 283 3818 bene
304 3765 545 3821 valentes
574 3768 942 3837 alloquuntur,
971 3767 1246 3836 librosque
1274 3766 1476 3820 habent
1499 3779 1665 3834 super
1687 3780 1751 3821 ea

146 3873 241 3921 re,
292 3869 350 3911 ut
388 3868 442 3913 et
491 3859 710 3915 morbos
757 3868 978 3921 curent,
1023 3868 1078 3913 et
1121 3857 1480 3913 valetudinem
1512 3866 1751 3912 servent.

147 3947 331 4017 Itaque
358 3950 457 4004 etsi
497 3952 614 4004 sani
656 3965 934 4016 essemus,
969 3965 1142 4020 neque
1175 3951 1252 4004 sic
1292 3949 1558 4004 absistere
1594 3963 1756 4017 opor-

149 4051 286 4095 teret
307 4081 323 4106 ,
357 4042 452 4098 sed
483 4043 662 4097 omnia
693 4044 871 4097 facere
903 4051 959 4096 ut
987 4041 1352 4096 valetudinem
1383 4055 1752 4096 servaremus.

219 4133 274 4185 ‘5.
297 4131 607 4202 Arrogantia
622 4134 876 4202 quomodo
891 4133 1120 4186 curanda
1145 4134 1230 4198 sit,
1248 4143 1293 4185 et
1312 4132 1446 4186 unde
1462 4132 1756 4186 oriatur.—

147 4223 287 4277 Cum
315 4232 494 4279 autem
521 4234 842 4294 :egrotemus
863 4267 878 4290 ,
909 4224 1106 4293 duplex
1134 4232 1218 4278 est
1243 4222 1533 4278 verborum
1564 4238 1756 4281 neces-

147 4318 318 4384 sitas,
353 4326 463 4373 tum
494 4328 548 4372 ut
574 4335 602 4373 a
635 4319 824 4374 morbo
851 4319 1168 4384 liberemur,
1199 4329 1309 4371 tum
1334 4326 1390 4370 ut
1418 4309 1655 4382 liberati,
1683 4334 1751 4372 ne

149 4426 366 4466 rursum
417 4410 734 4466 incidamus.
783 4408 926 4481 Ergo
977 4409 1199 4465 curandi
1252 4409 1565 4464 metbodum
1614 4425 1756 4465 nunc

149 4512 468 4570 tractamus,
503 4517 602 4558 nec
623 4503 691 4558 de
711 4505 940 4558 sanitate
965 4503 1162 4572 agitur.
1188 4501 1471 4569 Quomodo
1493 4503 1614 4572 quis
1642 4517 1755 4557 ma-

149 4595 268 4647 lum
313 4593 417 4649 hoc
463 4595 649 4649 vitium
697 4594 1017 4650 exscindat?
1061 4593 1334 4665 quomodo
1375 4594 1754 4650 vehementem

148 4683 304 4738 sedet
342 4685 586 4741 febrem?
626 4685 918 4742 Videamus
952 4686 1098 4743 unde
1138 4697 1255 4742 orta
1302 4688 1407 4752 sit,
1440 4695 1496 4742 et
1537 4701 1754 4742 causam

149 4767 615 4833 tollamus.‘Unde
639 4777 765 4832 oriri
795 4778 976 4832 solet?
1006 4779 1085 4832 Ex
1117 4774 1424 4848 arrogantia
1453 4787 1509 4832 et
1547 4787 1758 4835 tumore

150 4867 345 4921 multo.
385 4866 534 4922 lianc
563 4883 694 4938 ergo
729 4883 947 4924 causam
991 4870 1276 4935 tollamus,
1312 4871 1641 4940 morbosque
1669 4886 1760 4926 su-

153 4959 329 5013 blatus
359 4959 481 5014 erit.
509 4959 648 5026 Quid
675 4969 758 5016 est
778 4962 1119 5031 arrogantia?
1151 4962 1293 5018 unde
1323 4964 1595 5017 nascitur?
1617 4963 1757 5018 forte

150 5065 389 5119 namque
407 5050 518 5119 jam
548 5051 693 5106 aliud
720 5053 1044 5122 principium
1066 5054 1215 5108 adire
1243 5053 1631 5123 periclitamur.
1662 5054 1763 5124 lgi-

153 5152 242 5196 tur
266 5158 427 5212 quam
455 5157 637 5198 sermo
663 5144 919 5200 indicabit
951 5145 1090 5199 viam
1118 5187 1132 5212 ,
1165 5146 1309 5200 illam
1342 5160 1655 5217 sequemur,
1701 5156 1762 5201 ut

151 5235 358 5290 malum
388 5235 646 5293 radicitus
685 5238 998 5292 evellamus.
1038 5237 1195 5294 Unde
1225 5253 1357 5310 ergo
1397 5240 1572 5295 oritur
1607 5255 1761 5294 arru-

152 5325 370 5398 gantia?
402 5327 479 5382 Ex
511 5341 612 5392 eo,
641 5329 783 5399 quod
809 5338 993 5384 nostra
1017 5345 1123 5385 non
1155 5330 1500 5399 exploremus
1527 5346 1541 5394 ς
1572 5329 1666 5386 sed
1694 5329 1764 5386 de

154 5428 348 5473 natura
379 5420 595 5490 quidem
627 5428 783 5476 terrae
804 5463 820 5488 ,
867 5422 969 5477 etsi
999 5422 1252 5492 agricolae
1285 5436 1390 5476 non
1421 5422 1590 5477 simus
1611 5465 1626 5489 ,
1669 5438 1764 5478 cu-

156 5512 300 5568 riose
329 5514 693 5582 inquiramus,
720 5523 776 5569 et
803 5513 873 5570 de
900 5524 1090 5569 natura
1120 5515 1443 5584 plantarum,
1473 5515 1543 5570 de
1573 5526 1764 5570 natura

155 5606 273 5659 auri
299 5644 314 5667 ,
345 5604 447 5659 etsi
491 5614 823 5661 mercatores
857 5621 962 5660 non
1002 5607 1172 5662 simus
1196 5649 1210 5671 ,
1260 5608 1330 5662 de
1377 5607 1717 5663 vestimentis
1744 5649 1758 5674 ,

155 5695 333 5766 deque
375 5695 661 5762 omnibus;
694 5695 762 5753 de
793 5697 951 5753 nobis
979 5707 1161 5753 autem
1183 5740 1198 5766 ,
1228 5698 1401 5769 deque
1433 5709 1623 5753 natura
1666 5713 1764 5754 no-

157 5798 293 5859 atra,
323 5802 392 5846 ne
419 5788 700 5846 minimum
724 5787 944 5862 quidem
971 5804 1248 5848 curamus.
1276 5789 1344 5848 Et
1370 5791 1509 5864 quis,
1532 5791 1762 5864 inquies,

1088 517 1152 573 ιθ]
1199 513 1376 572 ACTA
1405 470 1952 569 arosrownw.
2003 503 2232 559 lIOMIL.
2279 500 2496 557 nx".

3362 495 3479 552 933

1852 619 2064 687 ignorat
2093 626 2341 672 naturam
2382 613 2583 670 suam?
2620 613 2810 680 Multi,
2859 620 2914 667 et
2945 611 3120 680 forte,
3159 610 3348 682 paucis
3367 626 3468 666 ex.

1851 711 2022 779 ceptis
2049 752 2063 774 ,
2093 724 2284 765 omnes
2316 726 2328 760 :
2361 717 2444 774 et,
2477 709 2520 763 si
2552 707 2760 776 placet,
2795 706 2922 762 hinc
2949 706 3142 760 ducam
3171 720 3464 774 argumen-

1855 813 1986 858 tum.
2031 804 2124 858 Dic
2151 803 2294 858 enim
2323 802 2475 864 mihi,
2505 799 2633 872 quid
2666 809 2750 855 est
2781 799 2987 854 homo?
3033 797 3090 854 Si
3131 796 3254 867 quis
3285 797 3459 851 inter-

1855 904 2028 966 roget,
2059 894 2174 963 Qua
2208 894 2262 948 in
2290 909 2349 950 re
2375 893 2557 949 diﬂ'ert
2587 895 2614 947 a
2647 892 2820 946 brutis
2842 892 2865 945 ?
2891 889 3166 961 quomodo
3207 897 3470 959 cognatus

1855 998 1936 1044 est
1966 987 2312 1043 caelestibus?
2356 986 2482 1057 quid
2533 995 2708 1056 potest
2735 1003 2801 1040 cx
2832 986 3050 1040 homine
3081 986 3195 1039 fieri
3219 984 3242 1038 ?
3270 999 3336 1038 an
3370 1000 3468 1052 pn-

1854 1081 1985 1135 teris
2011 1089 2154 1137 recte
2183 1080 2554 1149 respondere?
2583 1080 2696 1134 Non
2720 1079 2938 1150 quidem
2969 1090 3117 1149 puto.
3144 1079 3295 1134 Sicut
3320 1080 3467 1134 enim

1856 1171 1907 1225 in
1940 1174 2164 1227 materia
2193 1172 2448 1244 quadam,
2476 1172 2555 1227 sic
2581 1183 2635 1227 et
2663 1174 2714 1227 in
2744 1172 2963 1228 homine
2995 1173 3217 1227 materia
3247 1171 3469 1242 quidem

1858 1276 1936 1318 cSt
1971 1263 2173 1330 homo;
2221 1272 2399 1333 potest
2439 1273 2619 1318 autem
2665 1263 2780 1320 ﬁeri
2827 1272 2882 1319 et
2916 1263 3140 1334 angelus
3184 1274 3240 1318 et
3274 1264 3468 1319 bestia.

1856 1355 2050 1409 Annon
2095 1355 2364 1410 videbitur
2407 1365 2700 1412 extraneas
2730 1355 2815 1411 hic
2856 1357 3082 1411 sermo?
3127 1357 3288 1426 Atqui
3321 1372 3470 1428 saepe

1856 1447 2004 1502 illum
2043 1448 2096 1502 in
2125 1447 2422 1518 Scripturis
2451 1450 2698 1504 aud-istis.
2745 1449 2819 1504 De
2847 1449 3170 1519 quihusdam
3198 1451 3342 1506 enim
3373 1449 3475 1506 ho-

1857 1541 2089 1595 minibus
2120 1541 2401 1597 dicebatur
2430 1560 2443 1595 :
2477 1541 2704 1614 Angelus
2752 1540 2960 1595 Domini
2999 1553 3113 1596 est:
3145 1552 3194 1597 et
3233 1559 3299 1596 ea:
3324 1544 3470 1598 labiis

1855 1635 1966 1703 ejus
2011 1641 2238 1702 quwrent
2272 1633 2532 1706 judicium
2573 1633 2590 1706 (
2620 1632 2851 1687 Malach.
2879 1632 2934 1686 ἓ.
2965 1633 2996 1686 7
3018 1633 3072 1698 );
3121 1643 3176 1688 et
3205 1651 3422 1689 rursum
3451 1676 3464 1700 ,

1856 1722 2062 1778 Mittam
2093 1725 2332 1796 angelum
2377 1741 2545 1780 meum
2583 1736 2700 1778 ante
2742 1727 2928 1798 faciem
2975 1736 3114 1779 tuam
3139 1725 3270 1800 (Id.
3301 1728 3354 1783 '5.
3389 1729 3468 1796 l):

1855 1815 1924 1871 de
1950 1817 2270 1886 quihusdam
2299 1831 2429 1872 vero
2454 1859 2467 1882 ,
2518 1815 2794 1886 Serpentes
2820 1857 2834 1882 ,
2892 1817 3152 1888 genimina
3181 1819 3470 1888 viperarum

1857 1907 2092 1979 (Matt/2.
2130 1908 2213 1962 l2.
2246 1909 2316 1963 54
2343 1915 2380 1977 ).
2427 1909 2648 1963 Demnm
2680 1909 2977 1963 sccundmn
3021 1909 3283 1980 cujusque
3314 1925 3468 1966 usum

1857 2011 2032 2071 potest
2061 2001 2173 2056 ﬁcri
2203 2011 2256 2056 ct
2285 2001 2508 2072 angelus
2533 2011 2587 2056 et
2618 2002 2780 2056 homo
2802 2002 2841 2053 ¹.
2875 2002 3011 2068 Quid
3042 2002 3184 2065 dico,
3215 2004 3474 2073 angelus?

1857 2096 2030 2149 Etiam
2079 2095 2168 2148 Dei
2203 2095 2360 2149 illius.
2409 2093 2567 2159 Nam,
2600 2094 2720 2147 ait:
2765 2093 2880 2164 Ego
2923 2095 3074 2162 dixi,
3123 2093 3214 2149 Dii
3242 2097 3382 2163 estis,
3427 2107 3474 2149 et

1857 2185 1952 2253 ﬁlii
1981 2184 2184 2239 Επείεὶ
2208 2201 2380 2240 omnes
2411 2185 2588 2254 (Psal.
2618 2184 2706 2239 8|.
2737 2182 2815 2251 6).
2847 2183 3114 2256 Quodque
3141 2185 3318 2256 majus
3348 2197 3431 2241 est
3457 2229 3471 2250 ,

1857 2285 2176 2346 potestatem
2208 2278 2436 2346 accepit,
2465 2287 2520 2331 ut
2549 2276 2639 2330 ftat
2668 2285 2722 2331 et
2752 2277 2916 2329 hamo
2947 2284 3000 2330 et
3026 2277 3251 2347 angelus
3291 2287 3346 2332 et
3379 2277 3474 2332 Dei

1857 2367 2020 2421 (ilius.
2062 2369 2156 2422 list
2187 2369 2348 2422 homo
2378 2378 2434 2422 et
2462 2368 2639 2437 angeli
2669 2377 2905 2422 creator.
2951 2366 3208 2423 Fortasse
3239 2385 3336 2424 vos
3368 2369 3473 2425 hoc

1855 2458 2056 2514 dictum
2089 2459 2465 2525 perturbavit?
2497 2459 2605 2514 Sed
2636 2459 2819 2514 audite
2846 2458 3124 2514 Christum
3151 2461 3425 2516 dicentum
3456 2482 3466 2515 :

1856 2548 1924 2604 In
1949 2550 2311 2606 resurrectione
2338 2566 2499 2619 neque
2536 2550 2725 2605 nubent
2765 2567 2926 2621 neque
2952 2553 3136 2621 nuptui
3163 2553 3435 2605 tradentur
3458 2597 3470 2616 ,

1854 2642 1945 2696 sed
1971 2652 2090 2696 sunt
2115 2644 2243 2694 sicut
2273 2642 2441 2711 angeli
2473 2641 2646 2711 (Luc.
2690 2643 2782 2698 90.
2838 2643 2927 2698 35.
2961 2643 3031 2697 56
3055 2643 3073 2714 )
3101 2661 3115 2711 ;
3149 2654 3203 2698 et
3233 2660 3472 2709 rursum,

1860 2736 1961 2802 Qui
1984 2746 2145 2805 potest
2170 2751 2372 2805 capere,
2404 2737 2574 2806 capiat
2605 2729 2823 2804 (Matth.
2858 2737 2947 2792 l9.
2980 2737 3108 2809 12).
3153 2737 3208 2792 In
3263 2755 3474 2791 summa

1857 2827 2026 2881 virtus
2062 2827 2286 2898 angelos
2328 2826 2457 2883 facit
2488 2849 2500 2885 :
2533 2830 2702 2882 virtus
2745 2831 2796 2890 in
2833 2839 3015 2883 nostra
3051 2838 3319 2899 potestate
3349 2840 3430 2885 est
3459 2849 3472 2884 :

1857 2933 1988 2988 ergo
2011 2919 2232 2989 angelos
2257 2934 2545 2989 possumus
2569 2935 2780 2986 creare,
2813 2923 2916 2975 etsi
2947 2935 3052 2975 non
3083 2931 3296 2987 natura,
3326 2933 3476 2978 certe

1858 3014 2154 3083 proposito.
2203 3013 2412 3069 Virtute
2439 3029 2670 3084 namque
2697 3015 2926 3070 absente
2953 3057 2967 3082 ,
3002 3015 3138 3070 nihil
3185 3016 3428 3086 proderit
3450 3055 3469 3082 ,

1856 3107 1900 3161 si
1938 3108 2028 3176 qui
2058 3107 2221 3162 etiam
2254 3107 2480 3179 angelus
2526 3117 2714 3162 natura
2743 3106 2908 3162 fuerit
2937 3124 2952 3174 ;
2999 3108 3050 3162 id
3085 3108 3228 3180 quod
3265 3125 3332 3165 ex
3362 3108 3483 3164 dia-

1856 3196 1983 3253 bolo
2031 3198 2236 3269 liquet,
2285 3201 2374 3270 qui
2420 3208 2548 3254 ante
2589 3199 2817 3270 angelus
2863 3198 3009 3253 fuit:
3047 3201 3245 3257 virtute
3290 3213 3475 3257 autem

1857 3301 2128 3359 prmsente
2149 3332 2163 3357 ,
2207 3291 2340 3346 nihil
2367 3292 2550 3346 damni
2579 3301 2668 3347 est
2692 3293 2969 3347 hominem
2999 3308 3122 3347 esse
3151 3305 3342 3347 natura
3363 3336 3376 3358 ,
3419 3305 3479 3348 ut

1857 3397 1926 3438 ex
1967 3383 2179 3440 Joanne
2205 3385 2295 3454 qui
2329 3385 2492 3439 homo
2527 3395 2644 3440 erat
2668 3427 2683 3451 ,
2729 3395 2785 3440 et
2816 3401 2882 3440 es
2929 3386 3044 3440 Elia
3086 3386 3252 3457 liquet
3288 3389 3378 3456 qui
3422 3389 3474 3442 in

1858 3474 2052 3530 omium
2079 3475 2356 3543 ascendit,
2386 3491 2450 3531 ex
2483 3476 2845 3546 omnibusque
2872 3478 2964 3547 qui
2996 3491 3062 3532 eo
3092 3477 3294 3532 abituri
3327 3490 3471 3532 sunt.

1859 3565 1925 3622 Hi
1955 3582 2182 3637 namque
2207 3567 2333 3622 licet
2360 3569 2646 3637 corporei,-
2689 3583 2798 3622 nun
2829 3567 3188 3637 prohibentur
3232 3569 3477 3624 habitare

1859 3659 2093 3725 caelum;
2133 3659 2207 3714 illi
2241 3673 2370 3714 vero
2395 3659 2701 3730 incorporei
2727 3660 2894 3727 licet,
2939 3675 3045 3716 non
3091 3667 3384 3730 potuerunt
3423 3662 3474 3717 in

1860 3751 1993 3806 caelo
2041 3766 2280 3807 niauere.
2322 3752 2495 3808 Nemo
2543 3753 2703 3822 igitur
2750 3763 2981 3826 angatur
3028 3755 3112 3809 vel
3167 3754 3477 3827 indignetur

1862 3856 2048 3901 contra
2077 3857 2324 3902 naturam
2357 3849 2513 3919 quasi
2543 3848 2611 3904 ab
2640 3849 2728 3903 illa
2759 3850 3118 3921 impediatur,
3150 3851 3246 3906 sed
3289 3860 3478 3906 contra
3558 3870 3564 3920 μ

1862 3939 2200 4008 propositum
2229 3940 2542 3995 voluntatis.
2584 3940 2696 3997 Leo
2737 3942 2987 3997 diabolus
3033 3943 3259 3999 affectus
3286 3951 3371 3998 est
3405 3958 3474 3999 ex
3566 3931 3570 3935 ”

1863 4033 2181 4104 incorporeo
2215 4052 2228 4087 :
2263 4034 2403 4089 Ecce
2426 4075 2441 4099 ,
2477 4035 2684 4106 inquit,
2719 4035 3060 4092 Adversarius
3092 4047 3264 4091 noster
3289 4036 3471 4090 diabo-

1863 4127 1944 4180 lus
1972 4137 2229 4197 tamquam
2254 4128 2333 4182 teo
2363 4129 2570 4200 rugiens
2597 4129 2797 4196 circuit,
2828 4145 3062 4201 quaren.‘
3091 4145 3238 4200 quem
3267 4129 3473 4183 devoret

1865 4219 1939 4290 (l.
1971 4219 2093 4274 Pet.
2120 4221 2174 4275 5.
2208 4219 2288 4292 8);
2335 4235 2436 4276 nos
2472 4222 2648 4293 angeli
2679 4237 2707 4276 a
2747 4222 3091 4294 corporibus.
3142 4221 3212 4279 Ut
3246 4222 3392 4278 enim
3433 4224 3484 4277 si

1865 4314 1985 4384 quis
2012 4314 2246 4383 pretiosa
2276 4315 2494 4370 inventa
2537 4315 2762 4371 materia
2785 4357 2801 4382 ,
2850 4331 2975 4372 cum
3007 4333 3112 4371 non
3143 4317 3212 4372 sit
3242 4316 3434 4370 artifex
3461 4357 3475 4380 ,

1865 4415 1920 4460 et
1946 4405 2092 4459 illam
2118 4405 2382 4476 despiciat
2403 4422 2598 4478 magno
2615 4407 2851 4462 afficitur
2872 4407 3094 4474 damno,
3124 4407 3239 4462 sive
3265 4422 3473 4477 marga-

1867 4497 2032 4562 ritas,
2079 4498 2191 4552 sive
2224 4498 2452 4552 uniones
2473 4539 2488 4564 ,
2537 4499 2652 4554 sive
2678 4498 2809 4568 quid
2837 4499 3015 4555 simile
3057 4499 3322 4569 repererit
3356 4517 3369 4552 :
3399 4500 3479 4554 sic

1868 4599 1922 4644 et
1967 4603 2065 4644 nos
2108 4591 2152 4643 si
2199 4590 2506 4660 ignoremus
2550 4600 2795 4646 naturam
2847 4601 3091 4647 nostram
3120 4634 3134 4658 ,
3182 4592 3476 4646 admodum

1869 4681 2013 4734 illam
2045 4680 2449 4750 despiciemus;
2483 4682 2529 4738 si
2561 4697 2691 4738 vero
2721 4698 3014 4738 noscamus
3043 4683 3061 4754 (
3089 4683 3236 4738 Psat.
3267 4684 3321 4740 8.
3353 4685 3432 4756 6)
3465 4727 3478 4751 ,

1868 4773 2093 4827 multum
2125 4771 2500 4828 adhibebimus
2525 4775 2783 4842 studium,
2813 4783 3138 4846 etmagnum
3161 4776 3370 4830 lucrum
3397 4791 3485 4832 re-

1869 4865 2222 4936 portabimus.
2253 4866 2331 4922 Ex
2358 4866 2459 4922 hac
2486 4867 2631 4923 enim
2663 4867 2869 4937 regium
2897 4867 2958 4922 fit
2985 4868 3393 4936 indumentum,
3416 4883 3486 4923 es

1869 4957 1972 5012 hac
1997 4957 2188 5013 domus
2207 4959 2376 5030 regia,
2401 4974 2468 5014 ex
2500 4961 2600 5014 hac
2626 4959 2774 5030 regia
2802 4959 3078 5015 membra:
3109 4959 3290 5014 omnia
3314 4959 3484 5029 regia.

1870 5051 1948 5106 Ne
1974 5059 2164 5107 natura
2191 5061 2376 5107 nostra
2399 5052 2687 5106 abutamur
2713 5052 2767 5107 in
2799 5053 3056 5109 damnum
3081 5063 3348 5110 nostrum.
3377 5054 3499 5109 Nos-

1872 5146 2060 5214 parum
2093 5145 2334 5201 minores
2361 5145 2569 5216 angelis
2590 5143 2752 5211 fecit,
2784 5161 2851 5201 ex
2878 5148 3358 5218 morte,,inquam;
3388 5149 3501 5203 sed-

1871 5253 2060 5308 parum
2107 5237 2235 5292 illud
2278 5238 2388 5308 jam
2439 5238 2769 5308 recepimus.
2829 5237 2974 5293 Nihil
3025 5239 3186 5309 igitur
3229 5240 3485 5308 prohibet

1872 5330 2163 5399 quominus
2191 5331 2376 5384 statim
2405 5331 2584 5401 angeli
2621 5332 2792 5387 simus
2817 5372 2831 5397 ,
2863 5332 2910 5386 si
2941 5331 3195 5386 velimus.
3241 5331 3486 5388 Velimus
3578 5369 3586 5378 ι

1873 5437 2037 5492 ergo,
2085 5423 2352 5487 velimus,
2404 5434 2459 5480 et
2505 5439 2605 5479 nos
2657 5425 2805 5494 ipsos
2843 5425 3208 5481 exercitantes
3255 5426 3484 5495 gloriam

1875 5514 2172 5571 referamus
2208 5515 2355 5571 Patri
2386 5525 2440 5572 et
2465 5516 2605 5572 Filio
2650 5527 2706 5572 ct
2733 5517 2960 5586 Spiritui
3000 5527 3190 5574 sancto
3211 5559 3225 5586 ,
3259 5535 3403 5574 nunc
3430 5530 3504 5576 et.

1875 5623 2110 5681 seraper,
2139 5619 2196 5666 et
2223 5610 2276 5665 in
2305 5611 2504 5666 saecula
2531 5610 2878 5666 saeculorum.
2911 5613 3112 5668 Amen.

1942 5767 1958 5776 —
1995 5744 2160 5810 lore].
2183 5743 2329 5810 legit,
2355 5751 2402 5795 et
2422 5751 2550 5795 Deus
2573 5743 2802 5810 et_homo,
2827 5743 2958 5797 male
2983 5758 2998 5798 :
3025 5750 3238 5807 nam..ut
3262 5757 3327 5797 ex
3350 5751 3487 5796 serie

1876 5804 2051 5872 liquet,
2077 5804 2348 5872 legendum
2373 5812 2471 5871 est,
2495 5805 2714 5872 mactus.
