4034 6452
641 475 752 537 239

1339 469 1395 526 S.
1436 461 1712 526 JOANNIS
1749 458 2216 520 CIIBYSOSTOIII
2256 456 2575 513 Al‘tCIIlEP.
2616 459 3150 518 CONSTANTINOP.

3821 460 3919 523 240

639 581 3909 613 ___________________..___________—____.____________

1926 647 2268 709 HOMILIA
2317 646 2617 708 XXXIII.

623 804 754 860 (In.
796 805 884 862 I5.
926 820 977 858 ν.
1023 804 1111 859 15.
1167 800 1234 856 Et
1274 810 1537 870 postquam
1589 799 1893 855 tacuerunt,
1949 788 2214 857 respondit

689 896 935 959 Jacobus,
958 896 1132 950 dicens
1155 910 1174 949 :
1208 892 1311 948 Viri
1330 894 1533 964 fratres,
1557 888 1731 941 audite
1753 901 1847 939 me.
1870 884 1958 938 14.
1999 882 2208 937 Simeon

693 989 917 1042 narravit
940 988 1192 1059 quomodo
1218 986 1436 1054 primum
1463 981 1601 1036 Deus
1627 979 1841 1034 visitavit
1866 1017 1882 1044 ,
1909 985 1963 1030 ut
1988 982 2209 1028 sumeret

692 1098 757 1135 ex
774 1080 1001 1152 gentibus
1025 1079 1269 1150 populum
1291 1077 1344 1130 in
1368 1076 1573 1130 nomine
1591 1090 1703 1128 suo.
1736 1073 1823 1127 I5.
1850 1068 1917 1123 Et
1942 1068 2059 1121 huic
2080 1083 2203 1121 ron-

692 1182 878 1226 sonant
902 1186 1153 1225 sermones
1182 1170 1567 1237 prephetarum.

688 1265 742 1316 1.
784 1262 877 1315 llic
903 1262 1187 1331 episcopus
1211 1268 1327 1313 erat
1356 1258 1405 1311 in
1431 1255 1880 1327 Jerosolymitana
1920 1250 2158 1305 Ecclesia
2186 1265 2200 1301 :

626 1352 840 1421 deoque
889 1360 1191 1420 postremus
1238 1349 1473 1418 loquitur
1503 1364 1516 1401 :
1548 1357 1601 1401 et
1642 1345 1895 1414 impletur
1934 1340 2061 1396 illud
2094 1359 2103 1390 :
2133 1338 2201 1392 In

616 1458 699 1495 ore
722 1442 937 1495 duorum
959 1441 1034 1496 vel
1054 1441 1209 1494 trium
1231 1439 1430 1494 testium
1451 1438 1602 1493 stabit
1624 1454 1770 1492 omne
1790 1434 1992 1490 verbum
2017 1430 2195 1501 (Deut.

618 1533 701 1586 I7.
729 1532 811 1601 ὃ).
840 1530 971 1587 Vide
992 1542 1169 1585 autem
1193 1540 1248 1585 et
1275 1530 1432 1600 hujus
1454 1528 1807 1600 prudentiam,
1840 1524 1928 1595 qui
1956 1540 2019 1577 ex
2050 1522 2199 1577 novis

610 1636 663 1679 et
690 1639 756 1680 ex
784 1626 1049 1679 veteribus
1075 1622 1349 1693 prophetis
1371 1622 1689 1677 sententiam
1716 1634 1866 1672 suam
1893 1616 2195 1671 continuat.

609 1716 725 1770 Non
752 1717 894 1770 enim
926 1725 1130 1783 poterat
1157 1713 1374 1785 aliquod
1401 1728 1536 1783 opus
1560 1710 1850 1767 ostendere
1879 1718 1937 1763 ut
1966 1708 2155 1762 Petrus
2176 1748 2192 1772 ,

609 1819 667 1863 ut
696 1808 903 1862 Paulus.
938 1808 1003 1862 Et
1031 1808 1164 1862 bene
1193 1807 1464 1875 provisum
1494 1813 1579 1859 est
1603 1846 1615 1868 ,
1646 1812 1702 1857 ut
1730 1803 1800 1857 ab
1829 1801 1931 1856 illis
1961 1800 2073 1853 lucc
2097 1801 2192 1853 lie-

610 1910 725 1951 rent
752 1940 765 1963 ,
810 1898 898 1966 qui
932 1914 1036 1951 non
1069 1896 1355 1952 habitaturi
1385 1903 1540 1951 erant
1564 1893 1953 1963 Jerosolymis;
1982 1900 2036 1944 et
2068 1889 2149 1943 hic
2174 1929 2189 1952 ,

602 1990 693 2059 qui
732 1989 1211 2057 litt-solymitanos
1251 1987 1517 2050 docebat,
1554 2000 1652 2040 nec
1678 1986 1947 2039 obnoxius
1978 1982 2081 2036 illis
2109 1996 2195 2035 cs-

602 2088 691 2131 set
715 2120 729 2142 ,
772 2096 871 2134 rec
898 2080 1111 2135 illorum
1141 2079 1417 2134 sententia:
1445 2077 1745 2147 Oppositus.
1778 2076 1846 2129 Et
1876 2074 1999 2145 quid
2027 2073 2191 2127 dicit?

618 2169 722 2222 Viri
749 2173 952 2243 fratres,
984 2173 1157 2226 audite
1184 2188 1279 2224 me.
1312 2170 1537 2241 Symeon
1566 2172 1811 2223 narravit.
1853 2166 2075 2233 Quidam
2105 2165 2191 2219 di-

608 2271 735 2316 cunt
775 2266 913 2317 Luuc
942 2264 1086 2318 illum
1116 2278 1271 2324 esse,
1316 2262 1405 2333 qui
1448 2278 1477 2317 a
1519 2262 1660 2317 Luca
1690 2270 2055 2322 memoratur,
2099 2259 2187 2311 alii

600 2356 763 2409 alium
790 2356 1180 2425 cognominem.
1224 2355 1347 2410 Sive
1377 2356 1493 2419 hic,
1526 2356 1639 2407 sive
1667 2354 1757 2407 ille
1785 2354 1883 2415 sit,
1916 2368 2021 2405 non
2049 2350 2188 2404 ulte-

600 2448 713 2501 rius
736 2446 1135 2516 inquirendum,
1167 2447 1260 2501 sed
1288 2462 1350 2501 ea
1378 2458 1497 2517 qum
1523 2445 1652 2500 dicit
1680 2454 1736 2499 ut
1762 2442 2067 2498 necessaria
2093 2457 2187 2496 ex-

602 2538 840 2607 cipienda
878 2547 1021 2592 sunt.
1078 2537 1184 2590 Viri
1223 2543 1428 2607 fratres,
1474 2537 1664 2607 inquit.
1706 2536 1894 2604 Magna
1938 2534 2035 2586 viri
2066 2548 2181 2586 mo-

598 2627 804 2692 destia,
850 2635 903 2681 et
930 2626 1218 2697 perfectior
1255 2638 1335 2682 est
1383 2627 1501 2691 hrrc
1545 2627 1734 2681 concio
1760 2666 1775 2690 ,
1819 2640 1936 2694 qua:
1982 2622 2187 2706 scilicet

602 2717 761 2771 linem
788 2717 950 2772 rebus
972 2719 1230 2788 imponat.
1265 2717 1530 2785 Quomodo
1562 2718 1780 2786 primum
1809 2715 1947 2769 Deus
1967 2715 2186 2768 visitarit

548 2868 551 2873 η
597 2819 652 2861 ut
674 2817 888 2862 sumeret
914 2824 978 2862 ea:
1005 2810 1233 2877 gentibus
1265 2808 1512 2879 papulum
1541 2808 1742 2861 nomine
1768 2809 1926 2868 illius.
1971 2808 2037 2860 Et
2065 2806 2185 2861 huic

562 2886 563 2889 ¹
596 2909 873 2953 consonant
896 2916 1147 2954 sermones
1176 2900 1559 2969 praphetarnm.
1602 2898 1735 2965 Quia
1765 2899 1858 2952 ille
1883 2913 1912 2951 a
1942 2905 2184 2964 tempore

599 3002 753 3045 notus
779 3000 915 3057 erat,
945 3006 1043 3045 nec
1071 2990 1175 3043 tide
1201 2990 1393 3059 dignus
1420 2989 1736 3053 habebatur,
1767 2988 1908 3058 quod
1935 2988 2184 3057 antiquus

598 3100 701 3141 non
715 3095 879 3151 esset,
894 3095 1127 3140 veterem
1146 3098 1357 3154 quoque
1382 3083 1715 3154 prophetiam
1732 3082 1954 3146 inducit,
1974 3081 2178 3135 dicens:

597 3176 742 3229 Sicut
769 3178 1012 3247 scriptum
1039 3186 1112 3229 est
1138 3190 1157 3229 :
1190 3174 1277 3229 I6.
1306 3174 1494 3229 Postea
1522 3183 1762 3239 revertar,
1792 3184 1840 3227 et
1864 3172 2182 3240 retediﬁcabo

596 3269 973 3322 tabernaculum
1002 3266 1169 3322 David
1193 3268 1329 3337 quod
1354 3267 1563 3334 decidit,
1596 3278 1643 3320 et
1664 3268 1854 3337 erigant
1884 3264 2016 3319 illud
2043 3280 2062 3319 :
2087 3266 2178 3320 I7.

595 3369 649 3412 ut
679 3360 934 3428 requirant
954 3360 1121 3413 cazteri
1142 3359 1400 3413 hominum
1425 3358 1701 3411 Dominum
1722 3365 1767 3410 et
1793 3372 1965 3410 omnes
1985 3364 2175 3426 gentes,

595 3468 745 3521 super
770 3468 893 3521 quas
921 3452 1204 3506 invocatum
1230 3461 1305 3505 est
1330 3467 1508 3505 nomen
1536 3466 1721 3515 meum,
1753 3450 1879 3503 dicit
1902 3448 2176 3515 Dominus,

597 3542 683 3609 qui
731 3543 854 3612 facit
880 3532 987 3597 haec
1026 3543 1200 3596 omnia
1241 3542 1434 3612 (Amos
1461 3540 1514 3595 9.
1560 3540 1687 3611 II).
1726 3539 1862 3607 Quid
1896 3539 2070 3609 ergo?
2111 3554 2178 3592 an

594 3642 771 3686 erecta
797 3642 878 3687 cst
899 3632 1270 3703 Jerosolyma?
1306 3647 1482 3686 annon
1512 3632 1689 3701 potius
1709 3631 1883 3686 diruta
1912 3630 2007 3684 fuit
2027 3630 2050 3683 ἲ
2074 3629 2179 3685 Sed

600 3738 704 3777 non
734 3724 816 3778 his
839 3723 907 3778 de
951 3723 1113 3778 rebus
1150 3724 1264 3792 ipse
1299 3725 1553 3794 loquitur.
1596 3723 1661 3777 Et
1698 3738 1856 3790 quam
1901 3721 2029 3775 dicit
2062 3735 2183 3776 ere-

596 3815 826 3869 ctionem
842 3815 868 3867 ἲ
885 3816 1015 3870 Eam
1035 3831 1155 3886 qua-
1169 3824 1290 3885 post
1310 3816 1653 3888 Babylonem.
1680 3816 1764 3870 I8.
1793 3815 1932 3869 Nota
1950 3833 1981 3867 a
1995 3817 2181 3869 saeculo

597 3916 714 3960 sunt
745 3906 851 3959 Deo
875 3908 1045 3960 omnia
1072 3923 1225 3976 Opera
1250 3924 1364 3962 sua.
1410 3907 1613 3960 Deinde
1637 3922 1795 3975 quam
1840 3904 1945 3959 Ildc
1984 3906 2179 3976 dignus

598 4014 776 4053 sermo
802 3998 871 4053 sit
906 4000 1097 4065 innuit,
1145 4000 1268 4069 quia
1308 4000 1441 4055 nihil
1488 4014 1726 4063 novum,
1776 3999 1871 4054 sed
1916 4000 1983 4053 ab
2027 4000 2179 4055 initio

599 4090 778 4144 nutnia
801 4092 1092 4159 prastituta
1111 4102 1253 4145 sunt.
1270 4091 1521 4161 Sequitur
1541 4091 1827 4144 sententia.
1846 4090 1933 4145 I9.
1960 4091 2181 4159 Propter

598 4181 732 4250 quod
770 4197 861 4251 ego
886 4182 1070 4251 judico
1095 4222 1109 4243 ,
1153 4197 1252 4233 non
1281 4181 1551 4249 inquietari
1575 4196 1690 4245 eos,
1734 4182 1819 4249 qui
1846 4197 1909 4234 ea:
1948 4181 2180 4250 gentibus

598 4280 953 4325 convertuntur
977 4272 1046 4324 ad
1066 4269 1253 4337 Deum,
1285 4269 1376 4325 20.
1406 4270 1494 4323 sed
1515 4270 1728 4323 scribere
1754 4271 1828 4322 ad
1848 4286 1953 4333 eos,
1983 4280 2037 4323 ut
2064 4271 2179 4325 abs-

599 4365 788 4417 tineant
829 4381 882 4418 sc
917 4381 949 4417 a
984 4365 1495 4419 contaminationibus
1530 4364 1919 4417 simulacrorum
1938 4377 1989 4416 et
2016 4365 2179 4433 forni-

600 4458 795 4510 catione
821 4466 867 4509 et
888 4455 1137 4523 stt/focale
1158 4466 1203 4509 et
1225 4457 1487 4527 sanguine.
1506 4457 1597 4510 2I.
1626 4456 1826 4526 Moyses
1853 4457 1985 4509 enim
2005 4472 2035 4507 a
2058 4466 2181 4509 tem-

602 4549 804 4617 poribus
824 4548 1040 4617 antiquis
1061 4564 1149 4616 per
1175 4565 1345 4602 omnes
1371 4549 1594 4602 civitates
1620 4548 1765 4602 habet
1786 4550 1873 4618 qui
1902 4550 2179 4617 prtedicent

599 4654 713 4692 eum
738 4639 789 4690 in
816 4638 1105 4709 synagogis,
1133 4638 1218 4692 ubi
1239 4655 1327 4709 per
1351 4655 1500 4693 omne
1521 4638 1786 4692 sabbatum
1814 4640 2015 4709 legitur.
2045 4639 2180 4705 Quia

599 4729 673 4782 i'li
708 4744 811 4781 nou
842 4728 1123 4783 audierant
1160 4728 1227 4783 de
1270 4729 1384 4799 lege
1409 4771 1423 4795 ,
1459 4731 1651 4784 merito
1686 4731 1799 4784 haec
1842 4730 2068 4799 imperat
2110 4732 2180 4784 de
2206 4710 2218 4729 ἲ

600 4822 747 4890 lege,
795 4837 861 4876 ue
900 4822 1140 4876 videatur
1167 4822 1309 4876 illam
1343 4824 1625 4892 abrogare.
1670 4824 1735 4877 Et
1760 4823 1880 4878 vide
1909 4825 2179 4894 quomodo

602 4926 707 4963 non
743 4915 881 4964 sinat
920 4926 1014 4966 eos
1061 4912 1175 4966 lucc
1220 4928 1284 4967 ex
1330 4914 1445 4982 lege
1471 4915 1690 4981 audire,
1736 4915 1830 4970 sed
1862 4930 1928 4969 ex
1958 4916 2135 4985 seipso
2162 4957 2177 4981 ,

600 5000 785 5053 dicens
807 5042 820 5063 ,
848 5000 1033 5055 Iudico
1058 5020 1185 5071 ego;
1215 5006 1266 5059 id
1298 5014 1380 5058 est
1402 5047 1415 5072 ,
1445 5022 1474 5060 a
1504 5002 1707 5075 meipso
1732 5048 1747 5073 ,
1779 5023 1881 5060 non
1917 5024 2036 5077 quia
2074 5023 2178 5060 au-

600 5093 706 5146 divi
736 5110 799 5148 ex
828 5094 960 5163 lege.
997 5096 1214 5149 Demum
1241 5111 1522 5151 commune
1546 5098 1735 5167 dogma
1761 5100 2049 5167 profertur.
2080 5101 2170 5154 22..

604 5184 748 5239 Tunc
776 5186 966 5253 placuit
994 5189 1236 5254 apostolis
1262 5200 1309 5242 et
1334 5189 1613 5243 senioribus
1650 5200 1694 5242 et
1735 5194 1870 5243 omni
1897 5192 2139 5247 Ecclesia:
2161 5236 2175 5259 ,

600 5276 781 5345 eligere
818 5278 951 5330 viros
981 5294 1043 5331 ea:
1070 5280 1171 5344 eis,
1220 5290 1269 5333 et
1298 5281 1491 5334 mittere
1519 5281 1839 5335 Antiochiam
1866 5300 1977 5335 cum
2012 5283 2178 5337 Paulo

600 5380 647 5422 et
677 5367 912 5423 Barnaba
938 5370 1132 5424 Judam
1153 5412 1166 5435 ,
1216 5373 1301 5441 qui
1325 5374 1775 5443 cognominabatur
1798 5372 2054 5427 Barsabas
2075 5417 2089 5439 ,
2132 5385 2178 5429 et

604 5460 790 5525 Silam,
818 5463 950 5515 viros
973 5465 1159 5531 primos
1181 5464 1231 5515 in
1258 5467 1520 5533 fratribus,
1543 5467 1633 5521 25.
1656 5468 1931 5522 scribentes
1956 5486 2044 5537 per
2069 5486 2180 5522 ma-

603 5568 724 5603 num
754 5567 923 5604 eorum
952 5553 1079 5608 hare.
1124 5554 1256 5608 Vide
1286 5555 1406 5609 illus
1432 5572 1535 5608 non
1572 5564 1768 5611 temere
1798 5559 1883 5609 illa
1915 5569 2174 5624 statuere;

603 5640 696 5694 sed
726 5650 783 5693 ut
811 5644 1071 5696 sententia
1105 5644 1205 5699 (ide
1234 5644 1391 5713 digna
1424 5648 1529 5708 sit,
1560 5647 1775 5699 mittunt
1805 5648 1902 5703 hos
1936 5664 1963 5701 a
1996 5664 2053 5704 se
2073 5691 2086 5715 ,
2124 5661 2179 5703 ut

605 5731 837 5798 suspecti
866 5746 973 5785 non
1004 5746 1184 5787 essent
1215 5734 1409 5789 Paulus
1438 5744 1491 5791 et
1518 5737 1714 5791 socius.
1759 5737 1824 5792 Et
1861 5740 1982 5794 vide
2019 5756 2176 5809 quam

603 5820 835 5890 graviter
863 5823 981 5879 illos
1011 5824 1351 5894 objurgaules
1377 5828 1612 5883 scribant
1640 5848 1651 5882 :
1682 5830 1929 5898 Apostoli,
1958 5836 2176 5889 seniores

2315 797 2362 840 et
2385 788 2567 854 fratres
2593 790 2654 842 iis
2679 833 2692 851 ,
2722 792 2809 859 qui
2832 803 2950 846 sunt
2979 792 3278 857 Antiochia,
3306 797 3359 849 in
3389 796 3545 869 Syria
3575 806 3620 848 et
3649 797 3700 849 in
3737 794 3906 849 Cilicia

2314 880 2557 946 fratribus
2584 883 2671 951 qui
2696 899 2759 937 ea:
2793 887 3025 955 gentibus
3049 931 3062 951 ,
3111 890 3346 943 salutem.
3384 887 3471 943 2t.
3504 890 3782 957 Quoniam
3822 907 3907 943 au-

2311 970 2527 1026 divimus
2551 974 2672 1042 quia
2701 975 2907 1043 quidam
2946 992 3010 1030 ex
3049 978 3191 1032 nobis
3234 980 3559 1035 turbaverunt
3591 998 3698 1039 vos.
3744 980 3898 1035 verbis

2312 1072 2580 1117 evertentes
2621 1066 2821 1120 animas
2851 1078 3038 1122 vestras
3059 1110 3073 1134 ,
3107 1068 3328 1123 dicentes
3358 1081 3410 1121 ut
3461 1072 3897 1125 circumcidumiul

2309 1166 2355 1207 et
2384 1156 2589 1211 servetis
2623 1156 2811 1229 legem,
2865 1162 3045 1230 quibus
3066 1179 3166 1215 non
3192 1164 3565 1218 mandavimus.
3609 1164 3901 1220 Sufﬁciens

2307 1255 2423 1299 erat
2453 1248 2723 1303 accusatio
2751 1252 3063 1306 temeritatis
3090 1253 3324 1318 illorum,
3360 1265 3417 1308 et
3445 1255 3600 1324 digna
3626 1258 3899 1324 apostolo-

2308 1338 2711 1407 rumzequitate,
2760 1341 2892 1395 nihil
2937 1342 3107 1411 majus
3145 1344 3280 1397 ultra
3302 1344 3616 1399 dicentium.
3646 1347 3738 1401 25.
3778 1345 3903 1400 Pla-

2305 1428 2409 1480 cuit
2441 1429 2585 1483 nobis
2629 1429 2852 1484 collectis
2878 1431 2930 1484 in
2976 1449 3133 1486 unum
3160 1435 3342 1506 eligere
3373 1436 3504 1489 viros
3535 1447 3580 1489 et
3607 1438 3812 1491 mittere
3838 1440 3899 1492 ad

2306 1534 2410 1583 vos,
2441 1537 2551 1572 cum
2576 1522 2849 1576 carissimis
2880 1526 3066 1578 nostris
3096 1523 3335 1580 Barnaba
3360 1539 3407 1580 et
3436 1526 3619 1591 Paulo,
3651 1527 3743 1583 26.
3779 1531 3898 1583 viris

2301 1614 2391 1678 qm‘
2407 1612 2718 1666 tradiderunt
2740 1615 2935 1667 animos
2967 1632 3086 1669 suas
3114 1633 3206 1687 pro
3241 1618 3445 1672 nomine
3482 1618 3688 1671 θον-τινὶ
3734 1622 3901 1673 nostri

2307 1703 2432 1757 Jesu
2449 1703 2655 1759 Christi.
2678 1706 2860 1778 Itaque
2880 1710 3199 1775 ostenditur,
3221 1726 3325 1765 non
3347 1712 3622 1783 tyrannice
3650 1729 3767 1766 rem
3790 1715 3895 1783 agi,

2298 1796 2548 1851 Omnibus
2569 1797 2680 1853 hinc
2703 1799 2934 1868 placere.
2954 1813 3007 1856 et
3027 1802 3143 1858 haec
3157 1818 3276 1858 cum
3295 1803 3687 1860 deliberatione
3707 1807 3895 1871 scribi,

2298 1886 2533 1953 EleCtos,
2564 1889 2829 1958 inquiunt,
2859 1894 2999 1948 viros
3023 1910 3083 1946 ex
3112 1894 3285 1948 nobis.
3319 1895 3520 1949 Deinde
3545 1912 3611 1949 ne
3645 1897 3899 1952 videatur

2295 1995 2359 2034 ex
2390 1980 2653 2035 calumnia
2684 1982 2831 2037 Pauli
2861 1995 2912 2039 et
2944 1984 3201 2040 Barnaba:
3236 1986 3357 2041 illos
3392 1987 3526 2041 mitti
3553 2027 3567 2049 ,
3619 1992 3898 2056 perpende

2296 2071 2477 2126 Iaudes
2506 2073 2741 2142 ipsorum
2779 2093 2790 2127 :
2831 2072 2983 2139 Viris,
3014 2075 3281 2145 inquiunt,
3311 2078 3399 2147 qui
3425 2078 3749 2132 tradiderunt
3776 2082 3895 2133 ani-

2294 2182 2402 2219 mas
2431 2183 2549 2219 suas
2580 2183 2672 2237 pro
2702 2168 2904 2222 nomine
2935 2168 3146 2222 Domini
3173 2171 3332 2225 nostri
3360 2170 3487 2225 Jesu
3536 2172 3752 2226 Christi.
3798 2174 3891 2228 27.

2296 2256 2368 2308 Mi
2401 2258 2527 2309 imus
2557 2274 2675 2328 ergo
2703 2258 2897 2311 ludam
2926 2269 2973 2313 et
3003 2260 3168 2314 Silam
3191 2301 3207 2327 ,
3242 2263 3332 2330 qui
3362 2272 3407 2315 et
3436 2264 3537 2331 ipsi
3566 2264 3706 2317 vobis
3733 2267 3897 2319 verbis

2293 2352 2508 2418 referent
2537 2349 2729 2402 eadem.
2760 2349 2847 2405 28.
2906 2348 3079 2404 Visum
3112 2362 3186 2405 est
3218 2353 3349 2405 enim
3384 2354 3602 2423 Spiritui
3631 2368 3817 2409 sancto
3847 2368 3895 2410 et

2291 2440 2450 2493 nobis.
2493 2439 2634 2493 Nihil
2662 2456 2790 2511 ergo
2822 2441 3110 2495 humanum
3133 2484 3147 2504 ,
3178 2443 3223 2496 si
3251 2442 3481 2513 Spiritus
3510 2445 3625 2499 hth
3657 2457 3888 2502 statuat.

2291 2530 2444 2584 Nihil
2473 2534 2609 2585 ultra
2636 2534 2830 2603 imponi
2862 2535 2998 2587 vobis
3025 2536 3211 2589 oneris.
3259 2535 3491 2590 Rursum
3521 2552 3660 2592 onus
3694 2550 3891 2594 vocant

2289 2622 2482 2693 legem.
2507 2622 2645 2679 Hinc
2671 2624 2737 2677 de
2766 2624 2872 2679 illis
2901 2625 3027 2693 ipsis
3057 2626 3318 2680 rationem
3350 2627 3600 2681 reddunt.
3639 2628 3759 2683 Nisi
3784 2634 3891 2683 ha'c

2288 2715 2593 2781 necessaria,
2646 2714 2738 2771 29.
2800 2726 2853 2769 ut
2906 2716 3199 2770 abstineatis
3250 2732 3336 2772 vos
3391 2719 3453 2771 ab
3510 2720 3792 2773 immolatis
3824 2722 3894 2772 si-

2287 2806 2645 2860 mulacrorum
2722 2816 2769 2859 et
2814 2805 3063 2872 suffocato
3090 2816 3135 2860 et
3161 2808 3493 2879 fornicatione
3521 2819 3568 2863 et
3596 2813 3852 2881 sanguine
3873 2854 3888 2877 ,

2287 2911 2319 2947 a
2344 2896 2523 2965 quibus
2542 2897 2877 2951 custodientes
2898 2914 3003 2963 vos,
3019 2901 3140 2952 bene
3158 2900 3339 2969 agetis.
3361 2898 3487 2955 Haec
3502 2916 3638 2955 nova
3666 2902 3753 2957 lex
3786 2920 3887 2957 non

2287 2987 2526 3058 praecipit
2556 3003 2570 3039 :
2614 3004 2874 3057 nusquam
2906 2992 3047 3043 enim
3076 2989 3143 3045 de
3172 2990 3257 3045 his
3290 2992 3539 3061 loquutus
3584 3002 3670 3049 est
3712 2995 3872 3050 Chri-

2285 3090 2422 3141 stus;
2448 3079 2541 3134 sed
2570 3094 2600 3132 a
2625 3080 2739 3150 lege
2768 3079 2884 3135 IttEC
2907 3092 3144 3135 sumunt.
3169 3081 3240 3136 Et
3264 3082 3536 3151 su/focato,
3569 3087 3762 3157 inquit.
3797 3088 3887 3144 Hic

2286 3171 2490 3226 eadem
2514 3172 2751 3226 cohibet.
2802 3173 2889 3226 50.
2937 3171 3029 3226 Illi
3056 3190 3175 3243 ergo
3201 3175 3400 3229 dimissi
3425 3190 3672 3231 venerunt
3698 3179 3885 3234 Antio-

2286 3262 2452 3315 chiam
2473 3302 2487 3325 ,
2518 3272 2563 3314 et
2588 3274 2891 3332 congregata
2928 3263 3250 3318 multitudine
3276 3306 3289 3327 ,
3345 3265 3671 3322 tradiderunt
3695 3272 3884 3339 episto-

2286 3352 2410 3405 lom.
2439 3352 2526 3406 51.
2562 3352 2725 3417 Quam
2748 3369 2863 3405 cum
2891 3353 3147 3423 legissent,
3175 3356 3337 3425 gavisi
3362 3367 3481 3409 sunt
3516 3374 3676 3427 super
3703 3377 3885 3415 conso-

2286 3444 2490 3498 latione.
2544 3444 2736 3498 Postea
2778 3455 2834 3498 ut
2863 3446 3112 3500 ostendat
3150 3447 3422 3517 quomodo
3464 3449 3588 3505 illos
3617 3453 3882 3507 consolati

2284 3538 2424 3602 sint,
2466 3537 2645 3591 subdit
2679 3553 2690 3589 :
2724 3538 2810 3591 52.
2862 3536 3031 3591 Iudas
3060 3550 3230 3594 autem
3251 3551 3299 3595 et
3324 3540 3466 3595 Silas
3490 3584 3505 3606 ,
3553 3553 3601 3597 et
3639 3545 3746 3614 ipsi
3770 3562 3881 3600 cum

2286 3639 2445 3682 essent
2472 3629 2762 3698 praphette,
2810 3630 2958 3683 verba
2989 3631 3207 3699 plurimo
3233 3632 3481 3686 consolati
3508 3644 3628 3687 sunt
3655 3641 3843 3704 fratres
3870 3680 3879 3688 .

2285 3730 2332 3773 et
2356 3720 2799 3787 confirmaverunt.
2845 3721 2937 3777 55.
2972 3720 3135 3775 Facto
3159 3731 3327 3776 autem
3363 3724 3431 3776 ibi
3458 3725 3731 3794 aliquanto
3759 3738 3883 3783 tem-

2286 3828 2408 3881 pore
2427 3851 2442 3877 ,
2468 3812 2662 3865 dimissi
2688 3822 2805 3866 sunt
2829 3829 2943 3866 cum
2972 3830 3100 3883 pace
3129 3830 3161 3867 a
3186 3816 3431 3886 fratribus
3457 3816 3527 3869 ad
3556 3820 3845 3887 apostolos.

2354 3902 2408 3956 2.
2438 3902 2504 3955 In
2536 3901 2763 3956 Ecclesia
2790 3905 2961 3957 nullus
2986 3904 3168 3973 fastus.
3188 3904 3389 3959 --Non
3426 3906 3561 3961 ultra
3589 3909 3883 3967 seditiones

2286 4007 2339 4050 et
2366 4011 2556 4066 pugnae
2588 4016 2601 4048 :
2631 3994 2856 4064 ideoque
2878 3996 3207 4051 conﬁrmatis
3231 3997 3336 4051 illis
3360 4040 3374 4064 ,
3400 4016 3520 4052 cum
3562 4016 3695 4069 pace
3734 4005 3881 4059 abie-

2285 4097 2409 4143 runt
2440 4105 2452 4139 :
2485 4086 2739 4141 adversus
2768 4087 2989 4142 Paulum
3022 4088 3165 4143 enim
3197 4090 3648 4146 contentiosiores
3680 4106 3837 4148 erant
3868 4114 3879 4146 :

2283 4195 2347 4233 ac
2373 4178 2565 4233 deinde
2594 4178 2790 4233 Paulus
2817 4177 2994 4233 docet.
3025 4179 3115 4233 Sic
3144 4179 3322 4233 nullus
3355 4179 3523 4235 fastus
3544 4192 3662 4237 erat
3696 4185 3750 4238 iu
3781 4186 3880 4240 Ec-

2283 4272 2445 4327 clesia
2473 4313 2488 4338 ,
2537 4271 2631 4325 sed
2682 4272 2819 4326 bene
2867 4272 3158 4325 constituta
3203 4274 3404 4328 omnia.
3439 4274 3507 4327 Et
3550 4276 3717 4332 vide:
3765 4291 3883 4348 post

2286 4362 2500 4416 Petrum
2534 4363 2726 4417 Paulus
2755 4362 2991 4431 loquitur
3017 4402 3030 4425 ,
3061 4371 3116 4416 et
3145 4377 3305 4417 nemo
3335 4365 3578 4432 reprimit
3605 4383 3619 4429 ;
3652 4366 3885 4422 Iacobus

2286 4461 2594 4520 exspectat,
2624 4467 2725 4505 nec
2750 4452 2925 4505 exsilit
2956 4469 2969 4505 :
3008 4450 3083 4504 illi
3126 4452 3267 4506 enim
3296 4454 3630 4522 principatus
3655 4472 3879 4513 concre-

2285 4541 2427 4595 ditus
2453 4552 2585 4596 erat.
2615 4541 2754 4595 Nihil
2783 4542 2868 4595 hic
2893 4540 3129 4596 Joannes
3152 4570 3177 4606 ,~
3211 4543 3342 4597 nihil
3386 4544 3475 4597 alii
3518 4549 3751 4612 apostoli
3802 4551 3883 4603 lo-

2286 4644 2519 4703 quuntur
2540 4675 2552 4698 ,
2587 4634 2677 4688 sed
2710 4643 2926 4699 tacent,
2959 4649 3059 4689 nec
3086 4634 3429 4705 indignantur
3453 4654 3467 4690 :
3492 4639 3569 4691 sic
3597 4655 3735 4694 vana
3766 4646 3853 4712 glo

2288 4727 2365 4779 ria
2417 4727 2565 4778 vacui
2622 4724 2784 4778 animi
2837 4733 3008 4779 erant.
3062 4724 3169 4780 Sed
3213 4727 3493 4794 snperiora
3549 4741 3879 4798 repetamus.

2290 4817 2567 4888 Postquam
2605 4828 2906 4883 tacuerunt,
2958 4819 3168 4886 inquit,
3205 4820 3467 4886 respondit
3504 4820 3736 4877 lacubus
3761 4868 3775 4890 ,
3807 4828 3879 4877 di»

2284 4928 2398 4965 cens
2426 4928 2445 4965 :
2476 4911 2682 4966 Simcon
2715 4913 2936 4964 narravit
2960 4914 3210 4980 quomodo
3234 4914 3453 4983 primum
3477 4915 3615 4971 Deus
3639 4920 3878 4973 visitarit.

2287 5002 2439 5054 Initio
2467 5003 2837 5056 vehementius
2867 5002 3054 5055 Petrus
3081 4992 3400 5073 loquebatur
3424 5048 3438 5071 ,
3464 5006 3553 5062 hic
3576 5024 3707 5063 vero
3734 5028 3882 5065 tuan-

2286 5098 2505 5149 suetius.
2543 5095 2613 5149 Ita
2642 5112 2856 5165 semper
2890 5097 3191 5153 faciendum
3223 5111 3305 5156 est
3335 5103 3383 5157 ei
3408 5146 3423 5169 ,
3456 5106 3547 5173 qui
3591 5104 3645 5159 iu
3690 5123 3882 5178 magna

2288 5196 2549 5256 potestate
2586 5196 2708 5242 est:
2755 5204 2983 5242 onerosa
3030 5190 3148 5246 aliis
3191 5192 3446 5248 mittenda
3476 5236 3490 5262 ,
3540 5195 3657 5264 ipse
3703 5209 3882 5253 autem

2286 5284 2463 5335 mitius
2493 5298 2653 5352 agere
2693 5282 2873 5336 debet.
2916 5283 3083 5340 Recte
3133 5285 3309 5341 dixit:
3360 5287 3567 5342 Simeon
3612 5295 3883 5355 narravit,

2285 5380 2431 5441 quasi
2465 5376 2553 5428 ille
2583 5374 2809 5427 aliorum
2842 5372 3039 5429 referat
3063 5379 3407 5431 sententiam.
3444 5379 3577 5433 Vide
3606 5384 3884 5450 quomodo

2288 5465 2387 5518 hoc
2416 5466 2691 5535 antiquum
2723 5480 2843 5519 esse
2870 5468 3135 5522 ostendat.
3172 5468 3239 5522 Ut
3286 5480 3534 5535 sumeret,
3578 5470 3797 5541 inquit,
3832 5492 3890 5526 ea:

2284 5555 2508 5624 gentibus
2540 5556 2784 5623 populum
2816 5559 3007 5609 nomini
3037 5575 3148 5610 suo.
3192 5558 3307 5611 Non
3341 5560 3513 5612 solum
3548 5561 3720 5631 elegit
3746 5607 3761 5627 ,
3797 5566 3888 5617 St'd

2284 5646 2442 5700 etiam
2473 5646 2675 5700 nomini
2708 5662 2845 5713 suo;
2897 5649 2949 5703 id
2985 5660 3065 5704 est
3093 5692 3105 5713 ,
3155 5651 3339 5718 gloriae
3385 5666 3513 5705 sure.
3548 5653 3667 5707 Νηιι
3724 5657 3889 5725 pudet

2286 5754 2476 5793 nomen
2496 5756 2647 5793 suum
2665 5756 2730 5794 ex
2746 5746 3111 5812 assumptione
3133 5745 3366 5811 gentium
3394 5746 3622 5815 gloriam
3649 5765 3852 5803 vocare
3874 5766 3889 5803 :

2288 5832 2400 5888 hate
2426 5835 2565 5888 enim
2600 5834 2769 5903 major
2800 5844 2878 5889 est
2907 5836 3096 5905 gloria.
3148 5836 3243 5890 llic
3287 5852 3413 5892 vero
3454 5840 3578 5908 quid
3633 5857 3891 5912 maguum
