4034 6408
417 578 617 652 ἐτιρων
657 577 832 648 λέγειν
867 574 1112 647 γνώμην.
1145 574 1287 646 Ὅρα
1326 575 1440 637 πῶς
1482 572 1719 626 δείκνυσι
1775 567 2004 624 παλαιὸν
2029 566 2090 620 δν

412 667 590 721 τοῦτο.
626 664 842 721 Λαϐεῖν
871 664 939 729 ἐξ
967 661 1158 718 ἐθνῶν
1181 662 1353 724 λαὸν,
1382 659 1533 728 φησί,
1573 657 1655 722 τῷ
1695 657 1938 726 ὀνόματι
1977 655 2084 708 οὐ·

415 754 540 808 τοῦ.
589 753 700 822 Οὐχ
739 752 923 816 ἁπλῶς
976 750 1273 816 ἐξελέξατο,
1311 747 1444 800 ἀ)λά
1485 745 1563 816 τῷ
1616 745 1836 814 ὀνόματι
1883 739 2083 796 αὑτοῦ·

412 842 674 905 τουτέστι,
715 843 780 910 τῇ
819 840 946 911 δόξῃ
984 838 1168 892 αὐτοῦ.
1205 837 1315 889 Οὐκ
1353 832 1668 903 αἰσχύνεται
1703 831 1761 884 :6
1793 830 1960 900 ὄνομα
1992 829 2092 882 αῦ-

412 927 506 980 τοῦ
555 930 632 998 τῇ⁸
653 926 918 998 προλήψει
957 926 1061 978 τῶν
1111 923 1280 976 ἐθνῶν
1318 921 1472 985 δόξαν
1512 919 1712 973 καλῶν.
1760 918 1930 970 Τοῦτο
1981 916 2089 986 γάρ

417 1014 616 1086 μείζων
656 1015 802 1080 δόξα.
857 1011 1119 1066 Ἐνταῦθά
1166 1028 1217 1063 τι
1269 1010 1361 1063 καὶ
1390 1009 1536 1080 μέγα
1569 1007 1885 1060 αἰνίττεται.
1928 1005 2088 1057 Ποῖον

410 1103 603 1164 τοῦτος
662 1101 804 1165 Ὅτι,
855 1099 1006 1168 φησί,
1047 1098 1152 1169 πρὸ
1196 1097 1413 1150 πάντων
1468 1092 1631 1150 οῦτοι.
1690 1094 1849 1148 Μετὰ
1900 1093 2088 1146 ταῦτα

411 1185 787 1254 ἀναστρέψω,
822 1185 920 1238 καί
974 1182 1445 1252 ἀνοικοδομήσω,
1491 1182 1645 1252 φησί,
1685 1179 1800 1248 τὴν
1845 1178 2087 1245 σκηνὴν

418 1273 591 1327 Δαυίδ
635 1273 749 1339 τὴν
774 1269 1172 1324 πεπτωκυῖαν.
1210 1269 1277 1321 Et
1309 1287 1393 1332 τις
1432 1268 1674 1338 ἀκριϐῶς
1710 1267 1958 1337 σκοποίη,
1991 1267 2086 1318 νῦν

411 1361 507 1431 τὴν
541 1357 813 1428 βασιλείαν
845 1355 1137 1426 ἱσταμένην
1179 1355 1270 1408 τοῦ
1309 1354 1470 1408 Δαυὶδ
1508 1355 1679 1426 εὖροι.
1711 1352 1816 1406 Τοῦ
1859 1354 2082 1422 ἐκγόνου

411 1449 517 1518 γάρ
556 1445 720 1499 αὑτοῦ
757 1443 1150 1514 βασιλεύοντος,
1205 1442 1478 1513 πανταχοῦ
1534 1442 1762 1511 ἕστηκεν
1809 1439 1965 1510 αῦτη.
2019 1441 2083 1492 Τί

409 1535 515 1605 γὰρ
571 1531 762 1601 δφελος
798 1531 905 1584 τῶν
948 1530 1262 1600 οἰκημάτων
1302 1531 1396 1582 καὶ
1433 1529 1530 1598 τῆς
1565 1527 1794 1592 πόλεως,
1833 1527 1942 1580 τῶν
1983 1527 2084 1579 ὑπ-

409 1622 717 1676 ακουόντων
748 1619 846 1673 οὐκ
885 1618 1094 1682 δντων;
1133 1620 1282 1670 ποῖον
1320 1615 1375 1668 δὲ
1416 1614 1612 1684 βλάϐος
1647 1617 1710 1667 ἐκ
1742 1615 1841 1684 τῆς
1885 1613 2079 1668 καθαι-

413 1711 613 1780 ρέσεως
642 1706 743 1776 τῆς
766 1705 989 1767 πόλεως,
1020 1704 1235 1756 πάντων
1266 1703 1358 1754 καὶ
1392 1701 1491 1763 τὰς
1527 1699 1704 1770 ψυχὰς
1744 1699 2082 1769 βουλομένων

408 1795 714 1857 ἐπιδοῦναι;
756 1793 916 1844 Ὥστε
955 1791 1015 1842 o6
1057 1789 1217 1859 μόνον
1255 1788 1505 1858 ἔστηκεν,
1541 1787 1676 1841 ἀλλά
1713 1787 1805 1839 καὶ
1829 1787 2079 1856 λαμπρο-

406 1884 540 1953 τέρα
572 1881 788 1934 πάντων
814 1878 1030 1947 γέγονε·
1073 1875 1350 1946 πανταχοῦ
1386 1874 1496 1946 γάρ
1535 1874 1629 1928 νῦν
1683 1877 1780 1944 τῆς
1837 1872 2084 1942 οἰκουμέ-

407 1986 504 2040 νης
536 1968 740 2041 ᾅδεται.
777 1967 987 2020 Ἐκεῖνο
1022 1962 1214 2032 ἐξέϐη·
1267 1961 1462 2016 οὐκοῦν
1501 1962 1595 2015 καὶ
1649 1961 1806 2014 τοῦτο
1854 1960 2080 2030 ἐκϐῆναι

405 2059 503 2112 δεῖ,
542 2057 724 2110 Εἰπὼν
757 2055 835 2118 δέ,
893 2053 1000 2108 Καί
1039 2052 1517 2121 ἀνοικοδομήσω,
1568 2050 1763 2118 ἐπάγει
1833 2049 1924 2100 καὶ
1983 2048 2081 2118 τὴν

405 2146 584 2198 αἰτίαν
600 2142 692 2196 τοῦ
713 2143 801 2196 διά
826 2142 899 2207 τί,
926 2141 1129 2207 λέγων·
1161 2139 1361 2202 Ὅπως
1384 2136 1790 2203 ἐκζητήσωσιν
1823 2138 1875 2188 οἰ
1904 2134 2081 2188 κατά-

403 2235 604 2286 λοιποι
635 2229 756 2284 τῶν
798 2225 1122 2297 ἀνθρώπων
1168 2225 1275 2279 τὸν
1323 2226 1566 2292 Κύριον.
1632 2224 1694 2275 Εἰ
1751 2223 1928 2274 τοίνυν
1995 2221 2083 2274 διὰ

404 2317 560 2370 τοῦτο
607 2316 864 2386 ἐξανέστη
899 2317 932 2385 ἡ
962 2315 1115 2377 πόλις
1173 2312 1263 2365 διά
1298 2312 1390 2364 τὸν
1451 2311 1512 2374 ἐξ
1564 2310 1763 2369 αὐτῶν,
1808 2309 1967 2377 δῆλον
2001 2310 2083 2361 ὃτι

404 2408 502 2476 τῆς
546 2403 836 2474 οἰκοδομῆς
889 2403 987 2471 τῆς
1047 2401 1255 2462 πόλεως
1295 2398 1467 2452 αἴτιον
1507 2396 1696 2465 γέγονε
1750 2397 1809 2448 :6
1850 2395 1914 2448 τά
1954 2395 2080 2466 ἔθνη

405 2492 691 2562 κληθῆναι.
725 2491 881 2553 Τίνες
908 2489 1045 2542 εἰσιν
1071 2491 1133 2542 Ol
1159 2487 1540 2549 κατάλοιποι;
1578 2489 1638 2538 Ol
1670 2485 2082 2552 ὑπολειπόμενοι

403 2581 542 2634 τότε.
605 2577 743 2629 Ἀλλ’
769 2578 870 2647 ὅρα
908 2575 1074 2627 αὑτὸν
1117 2574 1210 2625 καὶ
1247 2573 1346 2642 τὴν
1382 2572 1537 2637 τάξιν
1580 2573 1932 2640 φυλάττοντα,
1987 2571 2083 2623 καὶ

403 2669 687 2736 δευτέρους
717 2665 912 2727 αὐτοὺς
970 2662 1278 2730 εἰσάγοντα.
1319 2658 1489 2728 Λέγει
1517 2661 1754 2729 Κύριος,
1803 2663 1836 2713 ό
1873 2658 2084 2724 ποιῶν,

407 2756 559 2825 φησί,
595 2753 782 2806 ταῦτα
830 2749 1046 2804 πάντα.
1098 2748 1173 2802 O6
1217 2746 1361 2814 λέγει
1396 2745 1579 2818 μόνον,
1610 2745 1744 2799 ἀλλά
1779 2745 1874 2798 καὶ
1908 2749 2083 2800 ποιεῖ·

405 2846 514 2914 ἀρα
556 2839 692 2894 Θεοῦ
723 2839 880 2909 ἔργον
910 2839 942 2908 ή
977 2837 1166 2907 κλῆσις
1186 2834 1294 2887 τῶν
1321 2833 1685 2888 ἐθνῶν.¹’Δλλο
1703 2829 1772 2905 ἦν
1804 2832 1864 2886 τὸ
1893 2834 2088 2904 ζητού-

410 2947 592 3002 μενον,
646 2930 782 2997 ὅπερ
847 2924 1181 2994 σαφέστερον
1221 2921 1314 2974 καὶ
1367 2921 1574 2990 Πέτρος
1611 2919 1832 2989 ἔλεγεν·
1886 2921 1949 2974 06
2008 2922 2090 2974 δεῖ

405 3018 599 3078 αὐτοὺς
641 3011 1084 3086 περιτέμνεσθαι.
1127 3010 1191 3062 Τί
1219 3009 1399 3062 τοίνυν
1435 3007 1612 3061 ταῦτα
1662 3008 1995 3080 δημηγορεῖς
2023 3025 2084 3074 ·;

405 3104 558 3179 [256]
590 3104 663 3157 U6
694 3103 801 3171 γὰρ
828 3099 892 3170 δὴ
925 3098 1083 3152 τοῦτο
1107 3097 1312 3164 ἔλεγον,
1333 3097 1414 3148 ὅτι
1438 3096 1498 3149 06
1521 3096 1602 3148 δεῖ
1629 3096 1825 3158 αὐτοὺς
1840 3095 2089 3165 δέχεσθαι

406 3191 783 3251 πιστεύοντας,
827 3187 940 3240 ἀλλ’
976 3187 1055 3238 ὅτι
1108 3183 1248 3255 μετὰ
1279 3185 1467 3254 νόμου.
1503 3183 1614 3237 Kal
1638 3183 1794 3235 τοῦτο
1827 3185 1853 3236 ό
1889 3183 2091 3254 Πέτρος

407 3280 584 3342 καλῶς
622 3276 1062 3349 ἐδημηγόρησεν·
1107 3271 1221 3325 ἀλλ’
1277 3271 1465 3343 ἐπειδὴ
1504 3271 1664 3324 τοῦτο
1697 3270 1945 3341 ἐθορύϐει
1987 3271 2091 3340 μά-

404 3381 558 3422 λισ;α
588 3366 803 3418 πάντων
820 3363 944 3425 τοὺς
968 3360 1259 3431 ἀκροατὰς,
1290 3358 1552 3411 καὶτοῦτο
1583 3357 1874 3428 θεραπεύει
1904 3359 2090 3414 πάλιν.

407 3457 516 3511 Καὶ
541 3457 663 3525 ὅρα,
685 3454 820 3522 ὅπερ
838 3450 1003 3520 ἐχρῆν
1031 3447 1482 3518 νομοθετηθῆναι,
1501 3447 1583 3499 ὅτι
1612 3447 1674 3499 06
1691 3446 1772 3499 δεῖ
1802 3446 2090 3516 φυλάττειν

415 3545 494 3596 τὸν
547 3542 730 3612 νόμον,
783 3543 810 3591 6
864 3537 1069 3606 Πέτρος
1107 3537 1370 3604 εἰσήγαγε
1397 3552 1409 3564 ·
1470 3534 1531 3586 :6
1570 3534 1625 3586 δέ
1669 3535 1960 3604 ἡμέτερον,
1994 3537 2089 3589 καὶ

408 3631 574 3684 πάλαι
624 3624 979 3696 παραδεχθέν,
1017 3621 1174 3674 τοῦτο
1231 3617 1385 3684 06:6;
1426 3638 1581 3691 φησι,
1621 3623 1715 3673 καὶ
1765 3623 2090 3694 ἐνδιατρίϐει

406 3718 617 3786 ἐκείνῳ,
650 3715 788 3783 ὑπὲρ
815 3708 873 3764 o6
899 3710 1051 3763 οὐδὲν
1082 3708 1412 3778 γέγραπται,
1443 3708 1530 3760 ἵνα
1584 3707 1765 3760 αὐτῶν
1815 3708 2086 3779 θεραπεύο

407 3822 504 3868 σας
561 3804 659 3873 τὴν
721 3800 961 3854 διάνοιαν
996 3797 1070 3868 τῷ
1109 3798 1612 3866 συγκεχωρημένῳ,
1659 3796 1930 3867 εὐκαίρως
1981 3799 2091 3850 εἰσ-

407 3889 594 3958 αγάγῃ
626 3887 717 3937 καὶ
746 3883 922 3935 τοῦτο.
968 3881 1064 3933 Διὸ
1095 3879 1208 3947 ἐγὼ
1231 3883 1408 3946 κρίνω
1429 3878 1514 3946 μὴ
1547 3879 1944 3952 παρενοχλεῖν
1965 3879 2090 3945 τοῖς

407 3976 526 4030 ἀπὸ
573 3971 691 4025 τῶν
716 3969 907 4023 ἐθνῶν
942 3967 1401 4036 ἐπιστρέφουσι·
1440 3967 1706 4031 τουτέστι,
1745 3967 1817 4037 μὴ
1868 3967 2092 4037 ἀνατρέ-

409 4079 552 4115 πειν.
593 4060 655 4112 Εἰ
691 4057 797 4127 γὰρ
824 4059 851 4109 ὁ
889 4055 1018 4118 Θεὸς
1054 4055 1330 4117 ἐκάλεσεν,
1372 4048 1528 4107 αὗται
1579 4053 1634 4105 δὲ
1672 4055 1730 4106 αἰ
1768 4055 2090 4126 παρατηρή-

410 4168 523 4214 σεις
551 4152 577 4189 δ
614 4147 998 4218 ἀνατρέπουσι,
1038 4144 1116 4213 τῷ
1171 4145 1288 4214 Θεῷ
1331 4142 1695 4214 πολεμοῦμεν.
1745 4145 1855 4197 Καὶ
1909 4146 2090 4210 καλῶς

411 4235 553 4299 εἷπε,
630 4235 757 4300 Τοῖς
810 4233 929 4288 ἀπὸ
989 4231 1108 4284 τῶν
1163 4229 1354 4287 ἐθνῶν
1408 4231 1864 4301 ἐπιστρέφουσι,
1909 4233 2088 4304 δηλῶν

413 4327 507 4379 καὶ
537 4323 630 4376 τοῦ
655 4321 786 4375 Θεοῦ
817 4321 914 4392 τήν
949 4319 1155 4373 ἀνωθεν
1215 4319 1342 4389 περὶ
1377 4320 1575 4382 αὐτοὺς
1626 4321 1957 4390 οἰκονομίαν,
1993 4322 2088 4374 καὶ

411 4413 472 4466 τὸ
501 4411 704 4464 τούτων
743 4407 1071 4470 καταπειθές
1121 4408 1214 4460 καὶ
1260 4408 1476 4477 ἕτοιμον
1503 4410 1581 4470 εἰς
1633 4409 1731 4477 τὴν
1777 4408 1992 4478 κλῆσιν.
2022 4409 2086 4461 Τί

413 4505 551 4564 ἐστι,
583 4498 770 4566 Κρίνω
797 4495 948 4564 ὲτώ;
993 4496 1137 4546 Ἀντὶ
1165 4495 1279 4559 τοῦ,
1322 4496 1438 4565 μετ’
1473 4495 1720 4560 ἐξουσίας
1752 4495 1896 4563 λέγω
1928 4496 2088 4550 τοῦτο

413 4585 574 4641 εἶναι.
605 4585 769 4640 Ἀλλ’
803 4583 1130 4637 ἐπιστεῖλαι
1155 4583 1360 4648 αὺτοῖς
1393 4582 1498 4636 τοῦ
1521 4582 1870 4651 ἀπέχεσθαι,
1898 4585 2084 4654 φησὶν,

415 4674 533 4729 ἀπὸ
563 4671 681 4726 τῶν
706 4669 1133 4739 ἀλισγημάτων
1163 4668 1279 4722 τῶν
1300 4669 1560 4723 εἰδώλων
1586 4672 1685 4723 καί
1729 4669 1828 4738 τῆς
1861 4673 2088 4738 πορνεί-

415 4779 489 4827 ας
539 4761 636 4814 καί
679 4759 786 4814 τοῦ
835 4757 1086 4811 πνικτοῦ
1118 4757 1348 4810 καὶτοῦ
1374 4759 1639 4826 αἵματος.
1685 4752 1855 4812 Αὗται
1897 4760 2005 4830 γάρ
2038 4762 2086 4814 εἰ

417 4850 512 4902 καὶ
570 4847 896 4916 σωματικαὶ,
952 4844 1064 4898 ἀλλ’
1120 4845 1414 4912 ἀναγκαῖαι
1468 4846 1851 4914 φυλάττεσθαι,
1899 4849 2085 4919 ἐπειδὴ

423 4935 634 5008 μεγάλα
668 4933 981 5003 εἰργάζοντο
1000 4933 1164 4986 κακά.
1210 4933 1321 4985 Καὶ
1353 4933 1437 4986 ἵνα
1470 4936 1541 5004 μή
1571 4951 1656 4996 τις
1686 4935 2086 5008 ἀνθυπενέγκῃ,

421 5023 523 5077 Διά
549 5021 602 5075 τί
630 5021 706 5092 μὴ
735 5021 828 5073 καὶ
859 5019 1132 5081 Ἰουδαίοις
1166 5020 1232 5071 τά
1263 5019 1398 5072 αὺτά
1427 5021 1842 5092 ἐπιστέλλομεν;
1878 5025 2089 5093 ἐπήγαο

420 5128 487 5182 γε
522 5109 726 5179 λέγων·
757 5104 1018 5173 Μωῦσῆς
1043 5107 1110 5158 ἐκ
1142 5105 1363 5176 γενεῶν
1391 5109 1652 5175 ἀρχαίων
1695 5113 1844 5164 κατὰ
1908 5114 2089 5166 πόλιν

422 5198 564 5264 τοὺς
599 5195 1022 5264 κηρύσσοντας
1065 5194 1284 5248 ἑαυτὸν
1315 5194 1473 5262 ἔχει·
1532 5196 1798 5262 τουτέστι,
1851 5199 2090 5270 Μωῦσῆς

424 5282 602 5343 αὐτοῖς
634 5278 941 5346 διαλέγεται
992 5277 1248 5347 συνεχῶς.
1289 5278 1458 5332 Τοῦτο
1507 5279 1614 5350 γάρ
1641 5281 1756 5332 ἐστι
1817 5281 1899 5347 τὸ,
1937 5283 2092 5336 Κατά

427 5363 535 5423 πᾶν
570 5366 835 5422 σάϐϐατον
891 5365 1414 5435 ἀναγινωσκόμενος.
1449 5366 1592 5435 Ὅρα
1637 5367 1777 5438 πόση
1813 5370 1844 5438 ἡ
1887 5386 2091 5436 συγκα-

427 5456 676 5518 τάϐασις.
711 5452 880 5507 Ἔνθα
906 5451 1059 5504 οὐδὲν
1081 5451 1366 5519 ἔϐλαπτεν,
1393 5454 1691 5523 ἐπέστησεν
1727 5456 1911 5519 αὐτοῖς
1949 5457 2093 5511 διδά-

429 5545 648 5608 σκαλον,
680 5541 774 5595 καὶ
819 5540 1108 5612 ἐχαρίσατο
1158 5541 1316 5611 χάριν
1344 5531 1496 5595 οὐδὲν
1541 5543 1958 5612 ἐμποδίζουσαν,
1981 5546 2096 5600 ἐπι-

429 5632 634 5703 τρέψας
663 5629 929 5692 Ἰουδαίοις
953 5627 1173 5683 ἀκούειν
1219 5624 1382 5684 αὑτοῦ
1436 5631 1577 5684 κατὰ
1607 5632 1804 5699 πάντα,
1835 5637 1927 5688 καὶ
1988 5636 2095 5687 άπ-

429 5722 578 5787 άγων
630 5717 756 5779 τοὺς
794 5714 853 5779 ἐξ
882 5715 1083 5769 ἐθνῶν·
1133 5713 1252 5770 εἶτα
1278 5715 1344 5769 δι’
1374 5711 1449 5772 ὧν
1496 5718 1670 5785 ἔδοξεν
1718 5721 1879 5774 αὑτὸν
1906 5726 2091 5794 τιμᾷν,

431 5807 521 5858 καὶ
552 5803 833 5871 ἐφιστάναι
863 5803 974 5866 τοῖς
997 5803 1210 5870 ἐαυτοῦ,
1240 5803 1328 5858 διά
1351 5804 1555 5858 τούτων
1585 5807 1839 5875 ἀπήγαγε
1866 5808 1932 5861 τὰ
1966 5808 2092 5879 ἔθνη

433 5892 490 5954 ἐξ
535 5889 717 5943 αὐτοῦ.
763 5888 862 5943 Διά
917 5889 968 5940 τί
1006 5885 1098 5943 οὖν
1131 5891 1205 5963 μή
1237 5892 1364 5964 παρ’
1392 5893 1556 5946 αὑτοῦ
1592 5895 1954 5965 μανθάνουσις
1995 5898 2094 5950 Διά

496 6029 512 6049 ⁸
550 6029 743 6094 Morel,
772 6031 1072 6094 δημηγορεῖν.
1140 6030 1167 6072 δ
1191 6033 1306 6098 Alii,
1351 6035 1601 6086 ἐκάλεσεν·
1649 6039 1697 6085 αἰ
1739 6037 1790 6085 δὲ
1823 6037 2066 6101 παραιγιρῆ

450 6125 562 6165 suc.

1222 463 1280 518 S.
1314 455 1594 519 JOANNIS
1631 451 2122 515 CHRYSOSTOMI
2167 449 2494 507 ARCHIEP.
2538 446 3084 506 CONSTANTINOI'.

3784 445 3898 500 2ἰεί

2193 565 2293 636 τὴν
2338 565 2543 619 οἰκείαν
2591 564 2894 620 ἀπείθειαν.
2959 560 3240 616 Ἐντεῦθεν
3286 561 3583 630 δείκνυσιν,
3642 567 3735 620 δτι
3797 569 3898 620 καὶ

2193 653 2414 715 τούτους
2435 652 2583 705 οὐδὲν
2599 653 2849 707 πλέονδεί
2866 651 3172 722 φυλάττειν.
3194 651 3255 703 Εἰ
3277 650 3333 703 δὲ
3349 651 3447 703 οὐκ
3463 654 3894 725 ἐπιστέλλομεν,

2191 741 2287 810 οὑχ
2304 738 2379 802 ὼς
2393 738 2712 808 ὀφειλόντων
2724 739 2903 791 αὐτῶν
2926 738 3085 790 πλέον
3102 755 3151 790 τι
3177 736 3484 804 φυλάττειν,
3505 738 3620 792 ἀλλ’
3635 741 3714 804 ὡς
3733 741 3891 811 ἐχόν-

2188 847 2293 882 των
2310 828 2398 880 τὸν
2415 828 2666 895 λέγοντα.
2692 827 2800 880 Καὶ
2821 828 2922 880 οὐκ
2949 822 3090 887 εἷπε,
3135 826 3225 895 Μὴ
3273 825 3646 890 σκανδαλίζειν
3675 829 3891 890 a6to6;

2191 915 2324 986 μηδέ
2359 914 2780 984 καταστρέφειν,
2803 915 2941 983 ὅπερ
2970 913 3182 975 Παῦλος
3211 912 3359 980 λέγει
3400 911 3689 977 Γαλάταις,
3718 913 3889 980 ἀλλά,

2187 1001 2282 1068 Μὴ
2296 1000 2695 1069 παρενοχλεῖν
2713 1017 2726 1029 ·
2745 1000 2881 1069 ὅπερ
2899 999 3048 1051 οὐδὲν
3063 997 3334 1050 δείκνυσιν
3357 997 3415 1051 δν
3433 999 3491 1051 τὸ
3514 1000 3887 1070 κατόρθωμα,

2185 1088 2300 1140 ἀλλ’
2329 1087 2360 1159 ἢ
2394 1090 2552 1158 μόνον
2576 1086 2877 1157 ἐνόχλησιν.
2912 1084 3098 1145 υῦτως
3125 1082 3345 1148 ἐξέλυσε
3387 1083 3450 1136 ’τὸ
3475 1087 3608 1138 πᾶν.
3644 1087 3763 1139 Καὶ
3792 1087 3887 1139 δοο

2185 1179 2272 1229 κεῖ
2303 1175 2399 1246 μὲν
2423 1177 2516 1228 καὶ
2543 1176 2634 1228 τὸν
2660 1175 2822 1244 νόμον
2852 1175 3041 1243 τηρεῖν
3070 1171 3147 1241 τῷ
3177 1171 3236 1234 ἐξ
3261 1170 3426 1224 αὐτοῦ
3453 1171 3632 1242 ταῦτα
3664 1172 3885 1239 λαϐεῖν,

2184 1264 2339 1317 ἔλυσε
2363 1264 2418 1316 δὲ
2444 1263 2608 1316 αὑτὸν
2642 1262 2720 1332 τῷ
2758 1262 2893 1332 μόνα
2920 1260 3126 1314 λαϐεῖν.
3158 1260 3351 1313 Καίτοι
3382 1276 3446 1328 γε
3482 1260 3753 1324 πολλάκις
3788 1263 3887 1314 αὑ-

2184 1355 2294 1415 τοῖς
2318 1352 2456 1422 ὑπὲρ
2482 1351 2688 1404 τούτων
2720 1348 2967 1419 διελέχθη
2988 1365 3003 1380 ·
3041 1347 3156 1400 ἀλλ’
3182 1347 3270 1400 ἴνα
3306 1347 3432 1418 δόξῃ
3459 1349 3554 1399 καὶ
3581 1348 3678 1400 τὸν
3715 1349 3888 1419 νόμον

2189 1442 2368 1510 τιμᾷν,
2411 1439 2504 1492 καὶ
2531 1436 2705 1491 ταῦτα
2745 1438 2842 1508 οὐχ
2871 1435 2945 1500 ὡς
2973 1436 3082 1490 ἀπὸ
3124 1437 3404 1497 Μωῦσέως
3425 1435 3622 1504 λέγων,
3656 1435 3780 1489 ἀλλ’
3811 1437 3888 1498 ὼς

2179 1529 2286 1582 ἀπὸ
2305 1527 2413 1580 τῶν
2434 1525 2770 1591 ἀποστόλων,
2797 1525 2891 1578 καὶ
2921 1525 3009 1578 ἴνα
3031 1523 3230 1586 πολλάς
3260 1525 3460 1594 ποιήσῃ
3492 1523 3591 1586 τὰς
3629 1525 3885 1587 ἐντολὰς,

2179 1632 2276 1686 την
2297 1614 2422 1685 μίαν
2444 1614 2627 1668 διεῖλε.
2655 1612 2828 1666 Τοῦτο
2862 1612 3100 1683 μάλιστα
3125 1612 3324 1675 αὐτοὺς
3358 1611 3692 1665 ἀνέπαυσεν.
3721 1613 3888 1665 Οἰκο-

2178 1702 2415 1772 νομικῶς
2458 1703 2515 1754 δέ
2573 1701 2765 1770 γέγονε
2812 1700 2906 1753 καὶ
2962 1700 2995 1769 ἡ
3049 1698 3372 1766 ἀντιλογία,
3430 1698 3516 1751 ἵνα
3577 1702 3720 1768 μετά
3785 1700 3888 1768 τὴν

2178 1789 2486 1856 ἀντιλογίαν
2535 1787 2876 1858 βεϐαιότερον
2919 1785 3040 1861 ᾖτὺ
3069 1787 3272 1856 δόγμα·
3311 1828 3324 1840 .
3367 1787 3506 1840 Τότε
3545 1785 3725 1849 ἔδοξε
3757 1788 3887 1853 τοῖς

2178 1877 2562 1942 ἀποστόλοις,
2630 1876 2815 1945 φησὶν,
2881 1874 3109 1942 ἄνδρας
3158 1873 3538 1943 ἡγουμένους
3615 1874 3691 1925 ἐν
3757 1876 3887 1940 τοῖς

2178 1965 2464 2034 ἀδελφοῖς
2499 1967 2749 2034 πέμψαι.
2779 1965 2854 2018 06
2886 1964 3014 2028 τοὺς
3052 1965 3337 2035 τυχόντας,
3380 1963 3516 2017 ἀλλὰ
3555 1969 3684 2027 τοὺς
3715 1967 3889 2034 ἡγου-

2183 2053 2376 2122 μένους
2411 2052 2722 2121 πέμπουσιν
2743 2051 3124 2122 ἐκλεξάμενοι·
3161 2051 3288 2117 Τοῖς
3311 2050 3463 2104 κατά
3483 2051 3884 2119 Ἀντιόχειαν,

2181 2139 2349 2212 φησι,
2405 2139 2505 2193 καί
2549 2139 2774 2206 Συρίαν
2822 2138 2922 2192 καὶ
2973 2139 3284 2205 Κιλικίαν,
3346 2139 3476 2192 ἔνθα
3528 2140 3591 2193 :6
3662 2142 3888 2212 νόσημα

2181 2227 2400 2296 ἐτέχθη.

2253 2322 2319 2382 γ’.
2353 2313 2504 2386 [257]
2528 2314 2668 2383 Ὅρα
2690 2312 2854 2383 μηδὲν
2871 2313 3127 2384 φορτικὸν
3144 2313 3172 2353 δ
3201 2313 3566 2369 κατ’ἐκείνων
3595 2316 3886 2384 λέχοντας,

2180 2400 2292 2454 ἀλλ’
2336 2403 2416 2461 εἰς
2449 2399 2505 2452 ἒν
2539 2399 2781 2471 ὁρῶντας
2823 2400 3003 2468 μόνον,
3045 2399 3186 2454 ὥστε
3233 2401 3538 2473 ἀνατρέψαι
3567 2404 3629 2456 τὸ
3674 2422 3913 2476 ’(εγενη-

2185 2490 2343 2560 μένον
2361 2504 2374 2517 ·
2407 2488 2564 2540 τοῦτο
2592 2487 2700 2559 γάρ
2726 2488 2960 2550 καὶτοὺς
2984 2489 3101 2540 ἐκεῖ
3125 2489 3517 2553 στασιάζοντας
3536 2493 3886 2563 ὁμολογῆσαι

2180 2579 2502 2632 ἐποίει.οὺκ
2531 2573 2703 2642 εἷπον,
2726 2577 2807 2629 ὅτι
2835 2578 2885 2630 οἰ
2913 2576 3249 2642 ἀπατεῶνες,
3268 2579 3315 2630 οἰ
3339 2577 3640 2649 λυμεῶνες,
3666 2583 3763 2634 καὶ
3783 2585 3888 2635 ὅσα

2181 2665 2404 2720 τοιαῦτα
2429 2679 2444 2694 ·
2476 2665 2656 2718 καίτοι
2689 2665 2816 2716 ἔνθα
2837 2665 3025 2734 ἐχρῆν,
3061 2667 3204 2718 ποιεῖ
3232 2665 3365 2719 αὐτὸ
3389 2665 3624 2733 Παῦλος,
3649 2669 3730 2734 ὡς
3751 2672 3888 2724 ὅταν

2181 2753 2336 2826 λέγῃ·
2362 2754 2430 2806 Ὣ
2467 2752 2706 2819 πλήρης
2727 2751 2954 2815 παντὸς
2983 2751 3169 2805 δόλου
3192 2768 3204 2779 ·
3231 2752 3466 2807 ἐνταῦθα
3494 2753 3551 2805 δὲ
3586 2756 3886 2826 κατορθω-

2183 2839 2385 2901 θέντος,
2449 2837 2548 2890 οὐκ
2593 2836 2673 2888 ἐτι
2720 2834 2876 2905 χρεία
2923 2833 3012 2905 ἧν.
3060 2837 3170 2890 Καὶ
3215 2838 3336 2908 ὅρα,
3373 2838 3434 2890 06
3476 2837 3757 2904 τιθέασιν,
3795 2843 3881 2896 δτι

2182 2926 2326 2988 τινὲς
2359 2925 2415 2990 ἐξ
2449 2923 2605 2994 ήμῶν
2635 2922 2932 2975 ἐκέλευσαν
2967 2923 3111 2993 ὑμᾶς
3135 2923 3227 2978 τὸν
3251 2923 3414 2995 νόμον
3440 2929 3635 2996 τηρεῖν
3666 2945 3680 2958 ·
3739 2929 3884 2995 ἀλλ’,

2182 3010 2523 3078 Ἔτάραξαν
2573 3003 2731 3077 ὑμᾶς
2768 3010 2977 3079 λόγοις
3004 3011 3542 3079 ἀνασκευάζοντες.
3577 3016 3753 3068 Οὺδέν
3785 3036 3887 3070 xu-

2189 3097 2447 3169 ριώτερον
2484 3099 2582 3167 τῆς
2607 3097 2805 3159 λέξεως
2838 3111 2850 3124 ·
2877 3097 3052 3160 οὐδεὶς
3075 3098 3246 3161 οὕτως
3287 3096 3429 3154 εἷπε.
3486 3102 3601 3165 Τάς
3641 3105 3750 3174 ήδη
3794 3105 3887 3174 βε-

2189 3185 2515 3248 ϐαιωθείσας
2550 3183 2751 3253 ψυχάς,
2777 3185 2962 3253 φησὶν,
2995 3183 3484 3252 ἀνασκευάζοντες,
3511 3189 3771 3263 καθάπερ
3791 3194 3888 3246 ἐπὶ

2188 3267 2592 3342 οἰκοδομῆςτά
2641 3271 2736 3324 ὑπ’
2777 3269 3004 3325 ἐκείνων
3050 3275 3397 3343 γεγενημένα
3437 3275 3706 3340 τιθέντες.
3763 3275 3886 3346 Οἷς,

2189 3363 2375 3448 φησὶν,
2407 3364 2479 3415 οὐ
2513 3359 2993 3428 διεστειλάμεθα.
3033 3360 3292 3424 Ἕδοξεν
3313 3358 3429 3416 οὖν
3461 3364 3606 3430 ἡμῖν
3637 3372 3889 3437 γενομέ-

2187 3447 2316 3514 νοις
2349 3447 2731 3518 ὁμοθυμαδὸν
2750 3448 2872 3501 σὺν
2911 3447 3034 3513 τοῖς
3066 3449 3415 3516 ἀγαπητοῖς.
3457 3451 3522 3503 Εἰ
3577 3453 3887 3525 ἀγαπητοὶ,

2187 3538 2246 3590 06
2284 3536 2796 3607 καταφρονήσουσιν
2828 3535 3009 3589 αὐτῶν
3044 3550 3059 3567 ·
3089 3537 3138 3588 εἰ
3183 3537 3510 3608 παρέδωκαν
3544 3541 3648 3602 τάς
3677 3543 3889 3614 ψυχάς,

2186 3627 2281 3678 καὶ
2309 3625 2464 3678 αὑτοί
2480 3623 2787 3690 ἀξιόπιστοξ
2813 3624 2970 3676 εἰσιν.
3001 3625 3503 3693 Ἀπεστάλκαμεν
3526 3623 3664 3692 οὖν,
3691 3634 3890 3700 φησὶν,

2185 3712 2415 3766 Ἰούδαν
2444 3711 2542 3764 καί
2567 3712 2777 3773 Σίλαν,
2802 3710 2897 3764 καί
2924 3711 3150 3775 αὐτοὺς
3191 3710 3288 3764 διὰ
3333 3713 3522 3781 λόγου
3573 3715 3890 3786 ἀπαγγέλ-

2185 3803 2411 3866 λοντας
2438 3799 2511 3853 τὰ
2539 3798 2710 3853 αὐτά.
2744 3799 2891 3850 Ἔδει
2916 3797 3025 3868 γάρ
3058 3798 3131 3868 μή
3159 3799 3257 3869 τὴν
3285 3801 3582 3872 ἐπιστολὴν
3619 3811 3890 3876 παρεῖναι

2191 3888 2370 3957 μόνον,
2407 3887 2494 3937 ἵνα
2528 3886 2604 3956 μή
2635 3885 2891 3952 λέγωσιν,
2933 3886 3016 3937 ὃτι
3063 3887 3448 3956 συνήρπασαν,
3474 3889 3557 3943 ὅτι
3591 3892 3736 3946 ἄλλα
3770 3896 3890 3948 ἀντ’

2186 3974 2360 4028 ἄλλων
2385 3969 2568 4026 εἶπαν.
2606 3971 2676 4024 Τὸ
2708 3970 2987 4041 ἐγκώμιον
3016 3971 3077 4024 :6
3120 3973 3245 4043 περὶ
3307 3975 3521 4029 Παῦλον
3576 3981 3890 4052 ἐνέφραξεν

2184 4061 2364 4114 αὐτῶν
2396 4061 2464 4114 τά
2497 4059 2763 4129 στόματα.
2797 4059 2896 4112 Διά
2918 4060 3025 4129 γάρ
3052 4058 3212 4113 τοῦτο
3240 4061 3366 4115 οὔτε
3394 4064 3612 4130 Παῦλος
3653 4068 3886 4140 ἔρχεται

2189 4150 2347 4218 μόνον
2369 4146 2493 4200 οὔτε
2523 4145 2830 4218 Βαρνάϐας,
2865 4147 3000 4199 ἀλλά
3020 4149 3114 4200 καὶ
3141 4148 3293 4202 ἄλλοι
3340 4150 3449 4204 ἀπὸ
3481 4151 3584 4222 τῆς
3644 4156 3886 4229 Ἐκκλη-

2185 4237 2327 4302 σίας,
2357 4235 2444 4288 ἵνα
2472 4233 2549 4304 μὴ
2581 4233 2821 4296 ὕποπτος
2852 4229 2921 4307 ᾖ,
2967 4235 3156 4307 ἐπειδὴ
3217 4237 3383 4300 αὐτὸς
3432 4238 3888 4311 ἀντελαμϐάνετο

2181 4323 2274 4374 τοῦ
2305 4323 2597 4392 δόγματος,
2628 4321 2752 4373 οὔτε
2778 4322 2828 4372 οἰ
2855 4322 2965 4373 ἀπὸ
2997 4321 3392 4393 Ἱεροσολύμων
3420 4325 3591 4395 μόνοι.
3624 4331 3886 4387 Δείκνυσι

2185 4410 2301 4471 πῶς
2327 4408 2630 4474 ἀξιόπιστοί
2657 4409 2796 4460 εἰσιν
2827 4423 2841 4436 ·
2872 4407 2973 4462 οὐκ
3009 4409 3320 4472 ἐξισοῦντες
3359 4412 3608 4480 ἑαυτοὺς,
3657 4420 3831 4486 φησίν
3870 4439 3883 4452 ·

2183 4498 2282 4565 οὐχ
2316 4494 2458 4548 οὕτω
2491 4495 2790 4565 μαίνονται.
2821 4495 2920 4547 Διά
2942 4513 3023 4547 τοι
3055 4495 3214 4548 τοῦτο
3246 4499 3339 4550 καὶ
3367 4500 3450 4562 τὸ,
3511 4501 3886 4575 Ἀνθρώποις

2185 4580 2634 4649 παραδεδωκόσι
2668 4583 2773 4645 τὰς
2789 4583 2996 4649 ψυχὰς
3031 4581 3232 4636 αὐτῶν
3259 4585 3410 4653 ὑπὲρ
3440 4586 3548 4641 τοῦ
3571 4589 3884 4660 ὀνόματος

2184 4673 2290 4726 τοῦ
2345 4674 2566 4740 Κυρίου
2620 4669 2791 4741 ἡμῶν
2812 4672 3017 4740 Ἰησοῦ
3050 4675 3334 4742 Χριστοῦ,
3381 4679 3696 4752 προσέθηκε
3731 4700 3746 4712 ·
3789 4686 3886 4737 καὶ

2183 4763 2326 4824 τίνος
2367 4761 2551 4812 ἕνεκεν
2601 4754 2774 4823 εἶπεν,
2842 4760 3054 4825 Ἔδοξε
3103 4761 3182 4826 τῷ
3233 4765 3380 4832 ἁγίῳ
3416 4767 3725 4836 ιινεύματι
3784 4773 3884 4826 καί

2182 4847 2346 4917 ἡμῖν,
2374 4848 2551 4900 καίτοι
2571 4847 2730 4917 ἤρκει
2760 4848 2956 4912 εἰπεῖν,
2995 4846 3078 4912 Τῷ
3106 4848 3254 4919 ἁγίῳ
3279 4853 3616 4920 Πνεύματι;
3648 4855 3724 4909 T6
3756 4859 3882 4928 μὲν,

2191 4933 2274 4999 Τῷ
2305 4934 2450 5003 ἁγίῳ
2481 4934 2800 5001 Πνεύματι,
2833 4934 2926 4985 ἵνα
2963 4934 3036 5005 μὴ
3075 4935 3370 5006 νομίσωσιν
3399 4938 3753 5011 ἀνθρώπινον
3810 4943 3886 4998 εἰ-

2184 5039 2272 5074 ναι
2309 5039 2320 5050 ·
2352 5021 2510 5086 τὸδὲ,
2560 5022 2752 5088 Ἡμῖν,
2787 5012 3227 5092 ἴναδιδαχθῶσιν
3250 5066 3264 5089 ,
3301 5025 3383 5078 ὃτι
3432 5027 3525 5080 καὶ
3565 5029 3727 5082 αὐτοὶ
3789 5036 3886 5087 καὶ

2187 5107 2562 5176 ἀποδέχονται,
2613 5107 2706 5160 καὶ
2760 5109 2816 5160 ἐν
2851 5112 3120 5181 περιτομῇ
3169 5109 3342 5175 ὄντες.
3407 5111 3618 5180 Μηδὲν
3661 5116 3886 5180 πλέον,

2188 5193 2372 5264 φησὶν,
2400 5194 2769 5248 ἐπιτίθεσθαι
2792 5195 2987 5263 βάρος
3000 5197 3163 5266 ὑμῖν.
3186 5198 3374 5251 Ταῦτα
3393 5199 3670 5268 λέγουσιν,
3690 5203 3884 5275 ἐπειδὴ

2190 5281 2324 5351 πρὸς
2354 5281 2678 5351 ἀνθρώπους
2703 5282 2952 5346 ἀσθενεῖς
2984 5283 3066 5337 ἔτι
3100 5286 3126 5337 ό
3159 5283 3317 5353 λόγος
3341 5282 3428 5356 ἦν,
3475 5287 3569 5341 καὶ
3629 5291 3884 5362 πεφοϐη-

2193 5367 2384 5436 μένους
2413 5365 2612 5430 αὐτούς
2635 5383 2652 5399 ·
2675 5367 2763 5420 διά
2794 5368 2952 5421 τοῦτο
2990 5371 3082 5423 καὶ
3147 5370 3308 5427 τοῦτο
3352 5373 3702 5443 πρόσκειται.
3765 5379 3884 5429 Δεί-

2191 5471 2343 5508 κνυσι
2361 5455 2417 5508 δὲ
2434 5455 2554 5524 οὐχὶ
2576 5455 3036 5522 συγκαταϐάσεως
3057 5457 3186 5511 δντα
3206 5459 3296 5512 τὸν
3328 5458 3506 5528 λόγον,
3538 5461 3662 5514 οὐδὲ
3690 5465 3884 5536 ἐπειδὴ

2190 5542 2460 5611 ἐφείδοντο
2510 5542 2691 5595 αὐτῶν
2740 5544 2860 5597 οὐδὲ
2908 5544 2984 5608 ὡς
3009 5545 3253 5599 ἀσθενῶν
3285 5563 3299 5577 ·
3337 5547 3475 5600 ἀλλά
3521 5551 3839 5603 τούναντίον
3869 5571 3880 5582 ·

2191 5631 2356 5700 πολλὴ
2389 5631 2499 5700 γὰρ
2553 5629 2648 5683 καὶ
2679 5630 2787 5684 τῶν
2835 5631 3172 5686 διδασκάλων
3217 5633 3381 5698 αἰδὼς
3412 5630 3482 5705 ἦν
3502 5651 3518 5666 ·
3564 5637 3746 5689 ἐκεῖνο
3772 5639 3882 5707 γάρ

2190 5719 2441 5788 περιττὸν
2473 5717 2640 5787 βάρος
2659 5715 2746 5789 ἦν.
2775 5720 2918 5789 Ὄρα
2944 5720 3206 5792 βραχεῖαν
3233 5722 3524 5794 ἐπιστολὴν
3547 5724 3702 5776 οὐδὲν
3721 5725 3882 5779 πλέον

2191 5801 2439 5872 ἔχουσαν,
2465 5801 2586 5854 οὑδέ
2617 5803 2963 5866 κατασκευάς
2997 5805 3116 5857 οὑδέ
3139 5805 3558 5876 συλλογισμοὺς,
3592 5808 3711 5860 ἀλλ’
3756 5811 3878 5863 ἐπει

2191 5907 2378 5959 ταγμα
2415 5902 2460 5927 ε·
2497 5889 2811 5960 Πνεῦματος
2843 5891 2951 5964 γάρ
2983 5889 3051 5963 ἦν
3077 5893 3390 5963 νομοθεσία.
3430 5897 3577 5948 Ἂνω
3610 5900 3700 5947 καὶ
3727 5901 3880 5953 κάτω

2279 5996 2305 6064 _“
2333 5995 2623 6064 Sequenlia,
2654 5997 2840 6046 τότε,...
2870 5998 3025 6064 φησίν,
3047 5999 3226 6064 όεευιιι
3249 6002 3297 6048 in
3325 6014 3438 6049 uno.
3510 6001 3535 6040 ιι
3566 6003 3718 6060 Idem,
3748 6004 3880 6064 "Op:

2194 6057 2326 6103 οὐδὲν
2362 6059 2722 6121 φορτικώτερον.

2197 6134 2338 6179 ματα.

2794 6064 2814 6089 ε
2845 6060 3068 6122 Quidam,
3111 6061 3218 6110 οὐδὲ
3253 6063 3523 6126 λογισμοὺς,
3550 6064 3653 6112 ἀλλ’
3678 6060 3879 6126 ἐπιταγ-
