4034 6452
152 533 255 588 211

154 642 481 699 snhindicat.
511 637 794 709 Quodnam
823 633 992 692 illud?
1015 632 1080 689 lii
1104 674 1121 701 ,
1153 632 1364 703 inquit,
1393 638 1520 686 ante
1543 641 1754 684 omnes.

159 735 350 790 Postea
377 748 510 788 vero
537 738 823 786 convertam
845 743 927 781 me
949 735 997 780 et
1024 723 1348 794 recediﬁcabo
1378 718 1762 776 tabernaculum

155 826 334 882 David
351 868 365 892 ,
393 826 530 897 quod
558 823 763 878 decidit.
792 820 847 876 Si
870 819 992 890 quis
1017 826 1269 874 accurate
1289 815 1576 886 exploret,
1606 810 1766 866 Davi-

153 921 244 975 dis
275 933 499 990 regnum
525 930 668 974 nunc
693 923 840 970 stare
869 910 1124 968 inveniet.
1149 910 1284 966 Nam
1306 920 1429 963 eum
1458 922 1527 963 ex
1550 920 1617 961 eo
1641 919 1772 976 pro-

152 1020 356 1082 gnatus
384 1016 574 1081 regnet
602 1049 617 1075 ,
650 1015 757 1061 stat
784 1005 982 1076 ubique
1017 1019 1242 1075 regnum
1287 1002 1426 1072 ejus.
1454 998 1593 1068 Quid
1637 1011 1767 1068 pro-

155 1111 286 1158 sunt
316 1103 462 1159 enim
494 1099 765 1156 domicilia
794 1108 846 1153 et
878 1096 1005 1151 urbs
1029 1137 1046 1165 ,
1087 1097 1132 1152 si
1163 1094 1362 1150 subditi
1391 1107 1498 1148 non
1527 1091 1676 1146 sint?
1714 1096 1771 1144 et

155 1195 292 1267 quid
318 1194 498 1250 damni
532 1209 598 1249 ex
627 1192 773 1248 urbis
799 1189 1018 1246 excidio
1041 1231 1058 1255 ,
1091 1203 1213 1243 cum
1243 1201 1434 1242 omnes
1461 1185 1623 1239 etiam
1649 1181 1768 1236 ani-

157 1301 281 1344 mas
309 1301 435 1342 suas
463 1285 780 1357 impendere
807 1283 1013 1339 velint?
1045 1281 1229 1351 Itaque
1271 1294 1395 1348 non.
1429 1276 1592 1333 modo
1621 1283 1723 1330 stat
1752 1315 1768 1340 ,

155 1380 258 1436 sed
287 1389 340 1435 et
360 1380 603 1435 omnimn
625 1375 1123 1449 splendidissimum
1151 1371 1348 1427 factum
1372 1380 1458 1426 est
1483 1389 1496 1423 :
1525 1384 1646 1423 nam
1679 1383 1774 1438 per

157 1482 335 1527 totum
363 1486 506 1526 nunc
534 1470 719 1526 orbem
752 1467 1077 1523 celebratur.
1112 1463 1243 1520 Illud
1273 1464 1455 1518 evenit
1484 1479 1499 1521 :
1549 1476 1679 1538 ergo
1715 1470 1772 1516 et

157 1565 266 1619 Izoc
295 1564 513 1619 evenire
544 1568 777 1630 oportet.
816 1558 920 1614 Ubi
957 1569 1135 1613 autem
1168 1557 1301 1610 dixit
1331 1598 1346 1622 ,
1382 1553 1730 1622 Retediﬁcnbo
1755 1594 1771 1618 ,

154 1670 378 1709 causam
410 1652 558 1707 addit
589 1671 601 1705 :
633 1650 699 1706 Ut
725 1651 987 1721 requirant
1011 1649 1180 1704 caeteri
1207 1649 1435 1702 homines
1465 1646 1770 1700 Dominum.

153 1747 211 1801 Si
243 1760 373 1816 ergo
403 1743 528 1799 ideo
558 1752 736 1799 erecta
766 1752 849 1798 est
878 1741 1069 1796 civitas
1099 1749 1321 1811 propter
1359 1755 1482 1793 eum
1512 1780 1527 1804 ,
1572 1737 1662 1808 qui
1706 1752 1772 1793 cx

157 1837 295 1907 ipsis
318 1877 332 1900 ,
379 1835 558 1907 palam
595 1845 678 1890 cst
715 1833 1058 1889 remdilicatte
1087 1833 1324 1888 civitatis
1353 1845 1571 1886 causam
1611 1830 1776 1884 luisse

155 1929 400 1998 gentium
428 1927 790 1980 vocationem.
839 1924 1069 1992 Quinam
1117 1931 1243 1977 sunt
1292 1920 1541 1992 Reliqui?
1574 1919 1655 1974 Illi
1684 1920 1774 1988 qui

160 2029 295 2074 tunc
326 2018 787 2087 relinquebantur.
821 2015 926 2071 Sed
957 2015 1079 2070 vide
1107 2015 1257 2069 illum
1287 2023 1343 2069 et
1382 2012 1629 2068 ordinem
1676 2025 1776 2066 cu-

158 2111 370 2165 stodire
392 2150 408 2174 ,
441 2119 496 2185 et
521 2107 789 2164 secundos
815 2107 941 2163 illos
968 2105 1247 2161 inducere.
1295 2104 1438 2157 Dixit
1482 2101 1736 2157 Dominus
1757 2142 1773 2168 ,

155 2203 249 2274 qui
276 2202 402 2272 facit
429 2201 536 2254 [nec
561 2201 751 2254 omnia.
781 2197 900 2253 Non
928 2196 1093 2252 modo
1133 2195 1308 2262 dicit,
1355 2195 1451 2249 sed
1497 2201 1553 2250 et
1600 2187 1726 2247 facit
1759 2209 1774 2245 :

158 2309 296 2364 ergo
328 2293 419 2347 Dei
452 2306 588 2361 opus
612 2298 696 2345 est
726 2290 938 2345 vocatio
967 2288 1229 2359 gentium.
1272 2285 1431 2341 Aliud
1474 2295 1590 2340 erat
1633 2283 1776 2355 quod

158 2384 510 2456 quterebatur
530 2423 544 2446 ,
573 2382 716 2454 quod
740 2383 939 2437 clarius
965 2379 1182 2436 dicebat
1205 2379 1397 2434 Petrus
1426 2396 1438 2430 :
1461 2376 1579 2433 Non
1608 2391 1775 2445 apor-

162 2487 242 2532 tet
275 2477 397 2531 illos
425 2473 762 2530 circumcidi.
790 2472 898 2528 Cur
926 2486 1056 2544 ergo
1088 2472 1205 2527 haec
1233 2468 1614 2544 concionaris?
1636 2467 1778 2524 Sane

160 2586 273 2627 non
309 2568 410 2624 hoc
443 2568 699 2624 dicebant
738 2567 858 2633 illi,
900 2565 1046 2637 quod
1095 2564 1383 2621 credentes
1430 2578 1535 2618 non
1578 2561 1772 2618 admit.

161 2662 313 2719 tendi
345 2669 560 2726 essent,
589 2659 683 2715 sed
710 2660 852 2730 quod
881 2673 1004 2714 cum
1045 2657 1165 2728 lege
1204 2655 1546 2711 admittendi.
1580 2654 1649 2708 Et
1677 2654 1778 2708 hoc

161 2757 329 2811 ctiam
362 2754 555 2810 Petrus
599 2753 736 2809 bene
772 2755 1123 2806 concionatus
1166 2759 1287 2818 est;
1332 2749 1425 2805 sed
1475 2748 1600 2818 quia
1649 2747 1779 2802 illud

163 2847 405 2901 maxime
434 2847 674 2900 omnium
706 2843 983 2899 auditores
1012 2841 1304 2909 turbabat,
1339 2841 1444 2895 hoc
1476 2841 1640 2896 etiam
1685 2838 1779 2894 Ja.

164 2939 340 2994 cobus
365 2943 538 2991 curat.
565 2932 634 2995 Et
659 2935 782 2990 vide
804 2976 819 3000 ,
855 2934 908 2990 id
935 2933 1080 3005 quod
1111 2933 1398 3003 oportebat
1427 2932 1544 3002 lege
1574 2929 1737 2986 Statui
1763 2971 1778 2995 ,

163 3047 279 3088 non
309 3027 631 3084 servandam
659 3041 782 3082 esse
811 3027 982 3096 legem
1007 3067 1023 3093 ,
1057 3026 1109 3081 id
1137 3024 1328 3081 Petrus
1355 3023 1566 3079 induxit
1594 3042 1607 3077 :
1638 3023 1782 3095 quod

165 3136 303 3176 vero
329 3128 574 3176 nostrum
605 3127 690 3174 est
715 3160 730 3186 ,
754 3117 1009 3188 quodque
1019 3116 1132 3187 jam
1156 3116 1282 3171 olim
1306 3126 1619 3185 susceptum
1643 3114 1740 3169 fuit
1764 3156 1781 3183 ,

168 3215 278 3270 hoc
302 3214 434 3269 dicit
462 3213 566 3268 iste
589 3251 606 3279 ,
638 3220 695 3267 et
725 3219 975 3266 versatur
1003 3210 1056 3265 in
1084 3223 1152 3266 eo
1179 3251 1196 3278 ,
1223 3209 1292 3265 de
1333 3225 1442 3278 quo
1483 3208 1616 3263 nihil
1647 3209 1783 3263 scri-

169 3316 324 3377 ptum
370 3313 517 3368 erat;
565 3311 624 3357 ut
667 3317 763 3373 per
811 3316 926 3356 rem
970 3314 1290 3357 concessam
1340 3301 1553 3355 illorum
1599 3309 1785 3355 curata

170 3407 399 3463 mente,
453 3397 555 3451 hoc
591 3395 753 3450 etiam
807 3400 1115 3464 opportune
1168 3392 1471 3448 induceret.
1521 3391 1648 3446 Ideo
1694 3409 1786 3464 ego

172 3490 348 3562 iudico
379 3503 482 3542 non
510 3487 783 3555 inquietari
804 3501 887 3540 eos
911 3527 927 3552 ,
945 3485 1032 3555 qui
1051 3501 1118 3539 ea:
1134 3484 1366 3555 gentibus
1384 3494 1746 3538 convertuntur
1769 3502 1788 3547 :

173 3583 230 3639 id
258 3588 341 3638 est
363 3622 380 3649 ,
408 3597 516 3636 non
544 3578 873 3635 avertendos
899 3593 1043 3634 esse.
1088 3577 1226 3633 Nam
1265 3578 1309 3632 si
1355 3578 1497 3632 Deus
1534 3579 1746 3632 vocavit
1771 3619 1785 3645 ,

173 3687 234 3731 et
263 3674 368 3728 illa:
395 3671 803 3728 observationes
835 3679 1121 3736 avertunt,
1153 3678 1340 3724 contra
1376 3669 1545 3724 Deum
1578 3684 1789 3739 pugna-

175 3781 322 3821 mus.
353 3764 421 3818 Et
445 3757 596 3818 recte
621 3763 796 3829 dixit,
852 3761 955 3828 Qui
1000 3778 1064 3816 ea:
1108 3761 1339 3832 gentibus
1387 3771 1785 3822 convertuntur.

177 3857 465 3912 declarans
493 3871 780 3926 supernam
830 3855 899 3909 de
926 3854 1034 3909 illis
1058 3852 1151 3908 Dei
1184 3853 1579 3924 providentiam
1600 3893 1619 3923 ,
1642 3855 1792 3922 ipso-

179 3963 415 4019 rumque
438 3946 850 4017 obsequentiam
879 3945 1092 4001 voeanti
1118 3945 1628 4016 obtemperantium.
1655 3943 1794 4012 Quid

178 4043 285 4098 sibi
337 4040 450 4095 vult
484 4039 614 4095 illud
641 4080 656 4106 ,
695 4038 885 4092 Iudico
923 4037 1062 4110 ego?
1103 4036 1158 4092 Id
1200 4047 1324 4102 est,
1365 4051 1488 4092 cum
1527 4045 1796 4105 potestate

182 4134 311 4190 dico
341 4148 456 4188 rem
488 4132 556 4186 ita
587 4145 728 4187 esse.
764 4130 870 4184 Sed
895 4128 1219 4183 scribendum
1243 4129 1370 4197 ipsis
1407 4144 1515 4182 esse
1545 4137 1598 4180 ut
1633 4127 1795 4180 absti-

183 4234 341 4280 neant
363 4265 378 4289 ,
414 4223 620 4292 inquit,
648 4225 710 4276 ab
731 4221 1008 4275 immolatis
1035 4219 1292 4299 idolorum
1318 4259 1333 4284 ,
1360 4236 1393 4272 a
1419 4219 1758 4290 fornicatione
1778 4259 1793 4285 ,

182 4336 220 4373 a
246 4315 499 4384 suffocato
536 4328 584 4370 et
617 4316 888 4387 sanguine.
933 4314 1058 4368 Haec
1099 4315 1245 4370 enim
1294 4313 1419 4370 licet
1449 4312 1753 4383 corporalia
1779 4352 1794 4376 ,

184 4410 478 4465 observatu
531 4408 834 4462 necessaria
876 4414 1043 4472 sunt,
1086 4405 1211 4475 quia
1265 4420 1458 4474 magna
1515 4404 1799 4474 pariebant

187 4503 352 4557 mala.
381 4499 461 4555 Nc
483 4501 605 4568 quis
627 4513 755 4553 vero
781 4496 1039 4566 objiciat:
1065 4497 1247 4565 Quare
1273 4511 1381 4551 non
1405 4496 1609 4552 Judaeis
1635 4497 1796 4552 etiam

187 4594 319 4650 talia
347 4591 671 4647 scribimus?
694 4590 878 4658 adjicit
904 4607 917 4643 :
956 4589 1158 4661 Moyses
1186 4606 1219 4642 a
1244 4590 1552 4661 temporibus
1577 4590 1800 4660 antiquis

189 4701 286 4758 per
315 4699 488 4736 omnes
517 4683 740 4736 civitates
764 4681 908 4735 habet
949 4681 1034 4754 qui
1071 4682 1347 4750 prtedicent
1385 4697 1537 4748 eum;
1579 4682 1631 4736 id
1681 4691 1797 4751 est,

192 4777 410 4848 Moyses
437 4775 539 4829 illis
566 4773 878 4843 frequenter
905 4774 1164 4844 loquitur.
1212 4773 1328 4830 Hoc
1356 4775 1460 4830 sibi
1505 4776 1619 4830 vult
1657 4776 1802 4831 enim

193 4868 329 4926 illud
351 4910 368 4936 ,
416 4866 518 4921 Per
545 4883 694 4922 omne
716 4865 978 4920 sabbatum
1007 4866 1210 4938 legitur.
1263 4866 1394 4922 Vide
1437 4877 1696 4936 quantum
1745 4883 1805 4924 se

193 4968 539 5029 attemperet.
564 4957 665 5014 Ubi
696 4957 833 5012 nihil
857 4958 1073 5024 nocuit,
1097 4957 1378 5012 doctorem
1402 4957 1507 5013 illis
1531 4959 1762 5014 instituit
1787 5001 1802 5028 ,

195 5063 254 5106 et
281 5049 761 5124 gratiamlargitus
789 5057 909 5116 est,
944 5048 1081 5103 nihil
1121 5050 1502 5119 impedientem
1527 5093 1542 5117 ,
1578 5053 1806 5121 permit~

197 5155 322 5199 tens
346 5141 550 5198 iudicis
579 5152 634 5196 ut
666 5141 818 5196 illum
847 5155 942 5208 per
971 5139 1151 5195 omnia
1184 5140 1440 5206 audiant,
1485 5149 1541 5197 et
1577 5143 1809 5213 gentiles

198 5235 269 5288 ab
287 5247 354 5288 eo
378 5231 654 5288 abducens
680 5249 693 5286 :
719 5231 914 5286 deinde
933 5247 997 5285 ex
1019 5231 1086 5286 iis
1109 5272 1122 5297 ,
1154 5230 1310 5302 queis
1327 5232 1611 5288 videbatur
1633 5235 1807 5304 ipsum

200 5326 477 5380 honorare
507 5334 562 5380 et
591 5324 702 5379 suis
731 5324 1008 5379 doctorem
1024 5326 1358 5379 constituere
1377 5365 1394 5390 ,
1415 5335 1607 5396 gentes
1626 5327 1811 5382 abillo

199 5416 451 5474 abduxit.
471 5413 579 5470 Cur
599 5430 728 5486 ergo
747 5415 816 5470 ab
837 5415 1058 5471 illo~non
1079 5414 1335 5470 discunt?
1351 5414 1432 5472 01)
1450 5409 1812 5488 inobsequen-

203 5512 335 5568 tiam
364 5524 540 5565 suam.
571 5507 707 5563 Hinc
728 5506 1005 5574 ostendit,
1036 5507 1168 5577 ipsis
1200 5507 1332 5563 nihil
1356 5509 1495 5565 ultra
1517 5511 1814 5566 observan-

201 5601 336 5658 dum
365 5614 510 5656 esse.
539 5599 693 5669 Quod
723 5599 767 5654 si
799 5614 908 5653 non
939 5598 1242 5654 scribamus
1265 5641 1282 5666 ,
1316 5613 1423 5654 non
1451 5609 1534 5655 est
1561 5601 1706 5672 quod
1736 5603 1811 5656 illi

205 5693 446 5751 debeant
471 5691 674 5762 aliquid
704 5691 935 5761 amplius
953 5691 1284 5760 observare;
1307 5691 1403 5748 sed
1426 5692 1570 5763 quod
1593 5693 1668 5748 illi
1697 5692 1816 5750 haec

208 5790 482 5844 dicentem
508 5785 760 5842 habeant.
789 5785 902 5841 Nec
925 5784 1057 5842 dicit
1085 5805 1100 5843 :
1128 5785 1206 5841 Ne
1233 5785 1660 5842 scandalizemus
1687 5802 1810 5856 eos,

210 5894 390 5952 neque
414 5878 791 5934 subvertamus
812 5918 828 5944 ,
857 5884 920 5933 ut
951 5875 1149 5934 Paulus
1171 5876 1379 5934 Calatis
1403 5877 1540 5935 dixit
1566 5879 1585 5951 (
1609 5876 1735 5936 (ιαμ
1753 5880 1783 5939 1

210 5968 311 6044 ης
344 5967 441 6026 sed
467 6010 483 6037 ,
518 5967 999 6041 Neittquietemus:
1028 5969 1081 6026 id
1120 5969 1264 6038 quod
1309 5970 1441 6028 nihil
1488 5974 1634 6029 aliud
1681 5989 1817 6046 Opus

1128 515 1195 575 IN
1235 498 1419 574 seu
1461 488 1993 571 spos'roLonuu.
2037 511 2270 570 HOMIL.
2312 509 2556 569 χχχιιι.

3392 505 3502 565 219

1873 625 2075 683 indicat
2100 671 2116 696 ,
2147 643 2311 700 quam
2339 624 2806 684 obturbationem.
2846 622 2938 680 Sic
2981 631 3152 679 totum
3193 622 3378 679 solvit.
3420 624 3493 680 Et

1871 719 2086 776 videtur
2112 721 2334 792 quidem
2364 721 2528 776 etiam
2566 718 2742 789 legem
2783 731 3046 784 servare,
3091 716 3240 787 quod
3287 731 3351 772 ex
3402 716 3494 770 illa

1874 812 1995 870 haec
2021 824 2295 878 assumat;
2329 814 2425 870 sed
2455 813 2616 869 solvit
2645 812 2794 868 illam
2819 852 2836 877 ,
2867 811 3010 882 quod
3045 810 3164 867 haec
3191 809 3310 866 sola
3339 824 3499 865 assu-

1875 916 2009 962 mat.
2029 908 2190 979 Atqui
2214 923 2360 979 sacpe
2383 909 2490 964 illis
2509 907 2578 962 de
2605 906 2691 961 his
2711 907 2965 977 loquutus
2987 913 3071 960 est
3095 921 3109 971 ;
3145 906 3239 959 sed
3265 912 3323 959 ut
3344 903 3500 958 vide-

1875 1009 2031 1055 retur
2082 1002 2248 1056 etiam
2301 999 2474 1071 legem
2519 999 2834 1065 honorare,
2881 1011 3059 1069 neque
3107 995 3226 1051 haec
3269 996 3420 1066 quasi
3469 1010 3502 1050 ιι

1875 1087 2069 1161 Moyse
2098 1090 2283 1145 dicere
2309 1130 2324 1156 ,
2358 1090 2454 1146 sed
2483 1090 2637 1160 quasi
2670 1089 2741 1144 ab
2778 1088 3079 1160 apostolis;
3123 1096 3175 1142 et
3226 1095 3286 1142 ut
3328 1085 3501 1141 multa

1877 1176 2080 1234 faceret
2107 1189 2409 1253 praecepta,
2460 1194 2628 1235 unum
2677 1178 2880 1234 divisit.
2925 1177 3041 1234 Hoc
3085 1178 3211 1232 illos
3256 1176 3500 1232 maxime

1877 1268 2104 1326 sedavit.
2161 1271 2240 1326 Ex
2291 1270 2630 1342 providentia
2657 1285 2787 1327 vero
2815 1269 3086 1326 dissensio
3116 1269 3252 1324 facta
3281 1277 3365 1324 est
3391 1309 3405 1330 .
3437 1277 3497 1321 ut

1881 1371 2006 1433 post
2035 1362 2430 1419 dissensionem
2460 1363 2671 1419 firmius
2697 1371 2844 1419 esset
2873 1361 3090 1434 dogma.
3127 1360 3273 1416 Tunc
3302 1360 3501 1433 placuit

1879 1457 2128 1526 apostolis
2155 1498 2170 1523 ,
2203 1456 2409 1527 inquit,
2436 1457 2572 1512 uiros
2603 1456 2876 1527 primarios
2904 1456 2959 1510 in
2994 1455 3246 1526 fratribus
3279 1455 3500 1509 mittere.

1878 1547 1996 1602 Non
2024 1549 2274 1615 vulgares
2299 1591 2313 1615 ,
2339 1548 2432 1604 sed
2461 1549 2762 1618 praecipuos
2787 1549 3007 1602 mittunt
3035 1547 3276 1612 electos;
3307 1545 3385 1600 lis
3412 1548 3505 1616 qui

1881 1641 2168 1694 Antiochia:
2192 1650 2337 1693 erant
2361 1681 2375 1703 ,
2411 1641 2624 1710 inquit,
2667 1640 2721 1693 in
2769 1638 2926 1710 Syria
2966 1649 3011 1694 et
3060 1639 3112 1693 in
3153 1637 3337 1693 Cilicia
3362 1680 3377 1704 ,
3409 1638 3504 1694 ubi

1880 1733 2105 1788 morbus
2129 1744 2282 1788 ortus
2313 1734 2507 1789 fuerat.

1953 1829 2008 1882 '5.
2056 1827 2187 1882 Vide
2211 1827 2485 1896 quomodo
2514 1825 2645 1881 nihil
2689 1825 2979 1881 molestum
3009 1831 3201 1880 contra
3238 1823 3362 1878 illos
3411 1821 3502 1878 di-

1882 1928 2008 1974 cant
2032 1961 2048 1985 ,
2081 1919 2175 1975 sed
2204 1919 2255 1974 id
2291 1935 2457 1974 unum
2487 1926 2773 1990 spectent,
2816 1926 2876 1972 ιιι
2922 1925 3070 1972 recte
3115 1931 3206 1972 res
3253 1926 3503 1972 curetur.

1883 2013 1997 2068 Hoc
2027 2015 2171 2070 enim
2205 2013 2477 2069 alliciebat
2501 2054 2517 2080 ,
2547 2022 2607 2067 ut
2648 2014 2735 2084 qui
2782 2012 2894 2067 illic
2941 2011 3269 2067 seditionem
3318 2025 3507 2067 move-

1881 2115 2044 2168 rant,
2094 2104 2508 2160 conﬁterentur.
2559 2104 2677 2160 Non
2719 2104 3016 2171 dixerunt,
3072 2101 3403 2159 Seductores
3452 2113 3509 2158 et

1883 2198 2214 2268 perniciosi,
2247 2208 2304 2253 et
2334 2198 2418 2253 his
2445 2199 2643 2253 similia
2670 2215 2685 2263 ;
2718 2197 2846 2253 licet
2872 2197 2963 2252 ubi
2991 2212 3128 2267 opus
3156 2203 3243 2252 est
3279 2195 3382 2250 hoc
3427 2193 3512 2273 fa-

1883 2289 1992 2344 ciat
2023 2289 2220 2344 Paulus
2244 2330 2262 2356 ,
2295 2299 2356 2344 ut
2386 2304 2508 2344 eum
2541 2289 2672 2344 dicit
2700 2306 2713 2342 :
2748 2286 2795 2343 O
2820 2288 2969 2360 plene
3012 2287 3155 2342 omni
3190 2285 3312 2341 dolo
3345 2285 3505 2358 (Act.

1885 2383 1973 2438 15.
2008 2383 2155 2448 10)1
2192 2382 2279 2437 hic
2308 2397 2442 2437 vero
2469 2397 2593 2438 cum
2635 2380 2909 2436 emendati
2952 2389 3136 2436 essent
3160 2422 3175 2445 ,
3231 2395 3340 2434 non
3390 2393 3509 2436 erat

1883 2491 2040 2546 opus.
2069 2475 2139 2531 Et
2170 2476 2296 2531 vide
2327 2493 2340 2530 :
2371 2490 2476 2530 non
2517 2475 2621 2530 hoc
2667 2483 2910 2545 ponunt,
2957 2473 3189 2543 Quidam
3233 2488 3301 2529 ex
3348 2471 3509 2529 nobis

1881 2568 2161 2640 jusserunt
2186 2584 2284 2624 vos
2316 2567 2496 2639 legem
2535 2582 2799 2634 servare;
2849 2567 2982 2634 sed,
3029 2565 3382 2622 Turbaverunt
3417 2582 3508 2620 eos
3573 2588 3578 2593 -

1883 2663 2046 2718 verbis
2093 2672 2389 2717 euertentcs.
2435 2661 2593 2716 Nulla
2644 2659 2817 2731 magis
2859 2660 3081 2732 prapria
3127 2658 3298 2714 dictio
3344 2669 3506 2721 erat;

1886 2757 2069 2813 nullus
2100 2756 2171 2810 ita
2201 2754 2360 2811 dixit.
2391 2754 2616 2809 Animas
2645 2768 2767 2824 quae
2790 2752 2904 2823 jam
2930 2752 3156 2807 ﬁrmata:
3186 2761 3346 2808 erant
3370 2794 3385 2814 ,
3419 2752 3508 2806 in-

1885 2851 2036 2920 quit,
2059 2848 2456 2910 subvertentes,
2480 2846 2636 2917 quasi
2659 2847 2712 2901 in
2733 2844 2966 2901 :edillciu
2990 2887 3006 2911 ,
3026 2861 3146 2916 qua:
3164 2846 3234 2900 ab
3249 2846 3352 2900 illis
3371 2845 3510 2901 facta

1884 2949 2046 2996 erant
2093 2948 2381 3011 ponentes.
2433 2938 2674 3006 Quibus,
2723 2939 2937 3008 inquit,
2991 2954 3097 2993 non
3152 2938 3514 3010 prtecepimus.

1892 3031 2097 3087 Placuit
2131 3047 2250 3103 ergo
2279 3029 2422 3084 nobis
2447 3047 2549 3084 una
2570 3029 2796 3085 collectis
2817 3029 3129 3084 unanimiter
3149 3046 3265 3084 cum
3294 3023 3516 3084 dilectis.

1889 3122 1948 3179 Si
1975 3122 2156 3177 dilecti
2185 3164 2201 3188 ,
2231 3137 2339 3177 non
2367 3129 2722 3176 contemnent
2745 3135 2841 3175 eos
2870 3137 2884 3174 :
2930 3119 2976 3174 si
3012 3119 3354 3175 tradiderunt
3391 3119 3517 3175 ani-

1889 3230 2048 3282 mas,
2106 3215 2208 3283 ipsi
2263 3228 2478 3284 quoque
2523 3211 2630 3268 fide
2674 3211 2819 3282 digni
2870 3216 3019 3268 sunt.
3069 3209 3313 3266 Misimus
3352 3228 3516 3283 ergo,

1891 3307 2110 3378 inquit,
2144 3305 2338 3359 Judnm
2364 3315 2411 3359 et
2444 3303 2616 3359 Silant
2641 3345 2655 3369 ,
2701 3312 2749 3358 et
2787 3304 2927 3374 ipsos
2961 3303 3111 3359 verba
3149 3305 3520 3358 annuntiautes

1894 3400 2021 3456 haec.
2055 3399 2354 3470 Oportebat
2381 3399 2525 3452 enim
2553 3441 2568 3464 ,
2604 3405 2663 3452 ut
2690 3412 2799 3453 non
2823 3396 3057 3467 epistola
3085 3397 3200 3452 sola
3229 3411 3520 3466 compare-

1894 3502 2019 3558 ret,
2051 3507 2116 3546 ne
2145 3490 2394 3544 dicerent
2444 3491 2592 3559 ipsos
2631 3489 2932 3544 extorsisse
2958 3529 2974 3554 ,
3024 3497 3079 3546 et
3117 3488 3220 3543 alia
3271 3503 3369 3558 pro
3401 3487 3523 3542 aliis

1895 3585 2118 3641 dixisse.
2149 3584 2290 3639 Laus
2318 3583 2467 3638 Pauli
2494 3592 2547 3637 et
2569 3583 2702 3637 socii
2731 3597 2920 3638 eorum
2943 3596 3040 3638 ora
3065 3582 3357 3637 obstruxit.
3393 3581 3524 3639 Ideo

1897 3692 2128 3746 namque
2157 3690 2331 3745 neque
2380 3675 2578 3729 Paulus
2619 3663 2772 3730 solus
2820 3689 3000 3744 neque
3045 3674 3324 3729 Barnabas
3368 3674 3520 3730 solus

1897 3770 2084 3834 venit,
2115 3766 2212 3822 scd
2243 3767 2403 3821 etiam
2432 3767 2521 3820 alii
2554 3766 2622 3820 de
2652 3765 2896 3821 Ecclesia
2923 3808 2938 3831 ,
2974 3782 3045 3822 ne
3081 3765 3286 3821 utervis
3324 3753 3548 3837 suspeo'

1898 3869 2019 3916 etus
2047 3869 2230 3924 esset,
2264 3857 2388 3928 quia
2422 3858 2613 3926 dogma
2647 3857 2778 3913 illud
2821 3859 3105 3929 amplexus
3150 3865 3298 3923 erat,
3347 3873 3526 3926 neque

1903 3953 1937 4006 ii
1973 3958 2176 4005 tantum
2219 3950 2311 4019 qui
2366 3949 2434 4002 ab
2480 3949 2862 4021 Jerosolymis.
2912 3947 3164 4006 Ostendit
3209 3949 3525 4022 quam'ﬂde

1902 4041 2049 4112 digni
2079 4042 2185 4095 sint
2213 4058 2225 4092 :
2261 4055 2364 4094 non
2396 4050 2749 4109 exzequantes
2777 4054 2836 4094 se
2858 4081 2871 4106 ,
2906 4041 3077 4110 inquit
3110 4056 3125 4107 ;
3161 4055 3337 4110 neque
3373 4041 3521 4095 enim

1904 4132 1976 4187 ita
2008 4131 2303 4187 insaniunt.
2353 4129 2587 4199 Ideoque
2625 4129 2834 4184 addidit
2883 4131 3014 4186 illud
3038 4173 3054 4197 ,
3085 4125 3410 4186 Hominibus
3439 4133 3526 4202 qui

1905 4224 2227 4277 tradiderunt
2254 4221 2458 4276 animas
2479 4239 2598 4276 suas
2631 4239 2725 4290 pro
2752 4223 2956 4279 nomine
2986 4220 3193 4277 Domini
3215 4224 3375 4277 nostri
3394 4221 3526 4277 Iesu

1905 4314 2117 4370 Christi.
2152 4315 2219 4370 Et
2243 4329 2341 4368 cur
2365 4314 2538 4378 dixit,
2574 4311 2753 4367 Visum
2783 4323 2853 4367 est
2877 4314 3099 4382 Spiritui
3129 4325 3306 4369 sancto
3342 4325 3386 4370 et
3426 4331 3526 4369 no.

1909 4407 1984 4462 bis
2010 4451 2024 4474 ,
2051 4423 2216 4478 quum
2250 4405 2527 4461 sufﬁceret
2553 4405 2759 4461 dixisse
2785 4447 2800 4471 ,
2835 4406 3058 4477 Spiritui
3079 4417 3254 4462 sancto
3280 4409 3304 4461 .’
3346 4407 3478 4461 Illud
3507 4449 3523 4474 ,

1909 4499 2131 4570 Spiritui
2161 4508 2339 4553 sancto
2364 4540 2376 4561 ,
2403 4499 2624 4568 ponitur
2648 4540 2661 4564 ,
2692 4513 2758 4553 ne
2790 4508 3041 4568 putarent
3071 4500 3366 4554 humanum
3399 4498 3525 4569 quid

1909 4591 2233 4659 esse;illud
2284 4605 2452 4656 vero,
2508 4588 2675 4644 Nobis
2701 4632 2714 4653 ,
2745 4599 2805 4643 ut
2848 4590 3121 4646 discerent
3171 4591 3315 4662 ipsos
3360 4592 3526 4647 etiam

1909 4684 2277 4741 admittendos
2333 4699 2490 4750 esse,
2548 4685 2678 4740 licet
2731 4683 2784 4737 in
2841 4684 3256 4742 circumcisione
3318 4695 3526 4742 essent.

1913 4778 2068 4833 Nihil
2093 4780 2229 4832 ultra
2251 4819 2266 4842 ,
2292 4779 2541 4847 inquiunt
2565 4818 2580 4843 ,
2603 4778 2743 4832 vobis
2769 4776 2965 4849 imponi
2984 4792 3139 4836 onus.
3157 4778 3281 4833 Haec
3299 4777 3487 4834 dicunt
3512 4821 3529 4847 ,

1913 4872 2036 4941 quia
2068 4870 2136 4926 ad
2164 4869 2408 4925 inﬁrmos
2437 4885 2620 4925 sermo
2646 4879 2765 4924 erat
2789 4911 2806 4937 ,
2833 4878 2892 4925 et
2918 4869 3300 4926 iormidolosos
3328 4887 3342 4922 :
3374 4870 3532 4928 ideo-

1913 4977 2020 5032 que
2048 4974 2101 5017 et
2128 4961 2231 5017 hoc
2260 4962 2535 5031 adjicitur.
2564 4959 2812 5016 Ostendit
2841 4973 3020 5017 autem
3047 4977 3154 5019 non
3184 4963 3532 5034 indulgentia:

1916 5070 2225 5111 sermonem
2256 5068 2377 5109 esse
2399 5096 2414 5120 ,
2444 5061 2499 5107 ut
2534 5064 2823 5124 parcerent
2863 5053 2970 5109 illis
3015 5063 3075 5109 ut
3117 5055 3386 5121 inﬁrmis;
3423 5057 3557 5112 imo.

1916 5158 2126 5202 contra.
2161 5147 2386 5217 Magnus
2411 5145 2556 5200 enim
2582 5144 2868 5201 doctorum
2897 5147 3074 5215 pudor
3103 5155 3220 5202 erat
3249 5167 3263 5202 :
3313 5146 3365 5202 id
3401 5163 3532 5202 vero

1918 5238 2251 5309 superﬂuum
2280 5238 2471 5292 luisset
2495 5252 2653 5292 onus.
2682 5237 2816 5292 Vide
2843 5237 3063 5294 brevem
3085 5238 3368 5309 epistolam
3399 5237 3534 5292 nihil

1919 5329 2233 5385 redundans
2263 5329 2554 5384 habentem
2581 5371 2597 5397 ,
2653 5343 2754 5383 nec
2803 5338 3123 5399 apparatum
3162 5342 3262 5385 nec
3307 5329 3535 5401 syllogi-

1921 5437 2066 5476 smos
2089 5463 2104 5487 ,
2136 5421 2229 5476 sed
2259 5431 2591 5492 praeceptum
2625 5439 2638 5476 :
2671 5428 2790 5476 erat
2811 5421 2954 5477 enim
2988 5421 3070 5475 lex
3095 5420 3346 5491 Spiritus.
3375 5421 3534 5491 Stcpe

1923 5512 2026 5568 hoc
2056 5521 2254 5567 vocant
2291 5527 2451 5568 onus.
2492 5511 2812 5585 Congregata
2846 5512 3174 5568 multitudine
3211 5515 3535 5570 tradiderunt

1921 5603 2212 5674 epistolam.
2248 5605 2376 5660 Post
2399 5604 2686 5676 epistolam
2713 5615 2768 5661 et
2797 5605 2898 5676 ipsi
2934 5605 3112 5661 verbis
3154 5605 3537 5662 exhortantur.

1924 5695 2034 5751 Ilac
2062 5697 2187 5751 item
2221 5712 2282 5751 re
2305 5711 2444 5767 opus
2468 5704 2589 5752 erat
2613 5736 2627 5761 ,
2660 5707 2718 5752 ιιι
2734 5696 2801 5752 ab
2823 5699 2970 5751 onmi
2996 5697 3305 5767 suspicione
3331 5698 3537 5754 libera-

1925 5797 2132 5846 rentur.
2173 5787 2240 5842 Et
2264 5789 2365 5858 ipsi
2389 5827 2404 5852 ,
2438 5789 2647 5859 inquit,
2674 5805 2790 5843 cum
2820 5800 2981 5845 essent
3011 5789 3311 5861 prophetia,
3343 5808 3538 5850 seruio-

1926 5882 2073 5937 nibus
2105 5882 2282 5936 multis
2309 5880 2570 5936 exhortati
2608 5895 2729 5938 sunt
2775 5883 2980 5954 fratres.
3028 5885 3198 5950 Quam
3237 5883 3345 5940 title
3389 5885 3539 5956 digni

1932 5985 2118 6034 essent
2150 5975 2233 6032 hic
2254 5973 2598 6043 ostenditur;
2655 5976 2918 6049 potuisset
2942 5985 2996 6033 ct
3042 5975 3241 6033 Paulus
3265 6019 3280 6042 ,
3309 5979 3407 6036 sed
3436 5977 3542 6036 hos
