  <div class='ocr_page' id='page_1' title='image "/cluster/home/n/w/nwhite01/storage/ocr_20150623/60/ien.35556001660885/249.png"; bbox 0 0 4034 6426; ppageno 0'>
   <div class='ocr_carea' id='block_1_1' title="bbox 543 490 655 549">
    <p class='ocr_par' dir='ltr' id='par_1_1' title="bbox 543 490 655 549">
     <span class='ocr_line' id='line_1_1' title="bbox 543 490 655 549; baseline -0.036 -1"><span class='ocrx_word' id='word_1_1' title='bbox 543 490 655 549; x_wconf 59' lang='grc' dir='ltr'><strong>ξιξ</strong></span> 
     </span>
    </p>
   </div>
   <div class='ocr_carea' id='block_1_2' title="bbox 547 592 2130 667">
    <p class='ocr_par' dir='ltr' id='par_1_2' title="bbox 547 592 2130 667">
     <span class='ocr_line' id='line_1_2' title="bbox 547 592 2130 667; baseline -0.007 -15"><span class='ocrx_word' id='word_1_2' title='bbox 547 598 741 652; x_wconf 82' lang='lat' dir='ltr'><strong>adesse</strong></span> <span class='ocrx_word' id='word_1_3' title='bbox 769 611 901 667; x_wconf 85' lang='lat' dir='ltr'><strong>opus</strong></span> <span class='ocrx_word' id='word_1_4' title='bbox 929 604 1064 650; x_wconf 86' lang='lat' dir='ltr'><strong>erat.</strong></span> <span class='ocrx_word' id='word_1_5' title='bbox 1102 592 1266 648; x_wconf 79' lang='lat' dir='ltr'><strong>Facto</strong></span> <span class='ocrx_word' id='word_1_6' title='bbox 1295 603 1459 647; x_wconf 73' lang='lat' dir='ltr'><strong>autem</strong></span> <span class='ocrx_word' id='word_1_7' title='bbox 1488 592 1556 645; x_wconf 84' lang='lat' dir='ltr'><strong>ibi</strong></span> <span class='ocrx_word' id='word_1_8' title='bbox 1582 592 1843 660; x_wconf 80' lang='lat' dir='ltr'><strong>aliquanto</strong></span> <span class='ocrx_word' id='word_1_9' title='bbox 1878 600 2098 657; x_wconf 78' lang='lat' dir='ltr'><strong>tempore</strong></span> <span class='ocrx_word' id='word_1_10' title='bbox 2115 628 2130 653; x_wconf 90' lang='lat'><strong>,</strong></span> 
     </span>
    </p>
   </div>
   <div class='ocr_carea' id='block_1_3' title="bbox 548 678 2135 751">
    <p class='ocr_par' dir='ltr' id='par_1_3' title="bbox 548 678 2135 751">
     <span class='ocr_line' id='line_1_3' title="bbox 548 678 2135 751; baseline -0.008 -9"><span class='ocrx_word' id='word_1_11' title='bbox 548 689 745 742; x_wconf 73' lang='lat' dir='ltr'><strong>dimissi</strong></span> <span class='ocrx_word' id='word_1_12' title='bbox 770 696 888 741; x_wconf 79' lang='lat' dir='ltr'><strong>sunt</strong></span> <span class='ocrx_word' id='word_1_13' title='bbox 933 701 1047 738; x_wconf 73' lang='lat' dir='ltr'><strong>cum</strong></span> <span class='ocrx_word' id='word_1_14' title='bbox 1091 700 1232 751; x_wconf 75' lang='lat' dir='ltr'><strong>pace.</strong></span> <span class='ocrx_word' id='word_1_15' title='bbox 1280 683 1393 738; x_wconf 88' lang='lat' dir='ltr'><strong>Non</strong></span> <span class='ocrx_word' id='word_1_16' title='bbox 1439 682 1548 751; x_wconf 84' lang='lat' dir='ltr'><strong>jam</strong></span> <span class='ocrx_word' id='word_1_17' title='bbox 1594 681 1829 745; x_wconf 83' lang='lat' dir='ltr'><strong>seditio,</strong></span> <span class='ocrx_word' id='word_1_18' title='bbox 1884 694 1989 732; x_wconf 90' lang='lat' dir='ltr'><strong>non</strong></span> <span class='ocrx_word' id='word_1_19' title='bbox 2025 678 2135 747; x_wconf 90' lang='lat' dir='ltr'><strong>jam</strong></span> 
     </span>
    </p>
   </div>
   <div class='ocr_carea' id='block_1_4' title="bbox 545 771 2133 839">
    <p class='ocr_par' dir='ltr' id='par_1_4' title="bbox 545 771 2133 839">
     <span class='ocr_line' id='line_1_4' title="bbox 545 771 2133 839; baseline -0.004 -7"><span class='ocrx_word' id='word_1_20' title='bbox 545 778 780 833; x_wconf 82' lang='lat' dir='ltr'><strong>aversio.</strong></span> <span class='ocrx_word' id='word_1_21' title='bbox 815 776 913 831; x_wconf 91' lang='lat' dir='ltr'><strong>llic</strong></span> <span class='ocrx_word' id='word_1_22' title='bbox 940 776 1068 830; x_wconf 90' lang='lat' dir='ltr'><strong>mihi</strong></span> <span class='ocrx_word' id='word_1_23' title='bbox 1100 774 1307 829; x_wconf 81' lang='lat' dir='ltr'><strong>videtur</strong></span> <span class='ocrx_word' id='word_1_24' title='bbox 1336 774 1459 827; x_wconf 88' lang='lat' dir='ltr'><strong>illos</strong></span> <span class='ocrx_word' id='word_1_25' title='bbox 1503 771 1780 827; x_wconf 74' lang='lat' dir='ltr'><strong>dexteram</strong></span> <span class='ocrx_word' id='word_1_26' title='bbox 1830 773 2133 839; x_wconf 80' lang='lat' dir='ltr'><strong>accepisse,</strong></span> 
     </span>
    </p>
   </div>
   <div class='ocr_carea' id='block_1_5' title="bbox 551 863 2136 938">
    <p class='ocr_par' dir='ltr' id='par_1_5' title="bbox 551 863 2136 938">
     <span class='ocr_line' id='line_1_5' title="bbox 551 863 2136 938; baseline -0.004 -15"><span class='ocrx_word' id='word_1_27' title='bbox 551 883 605 923; x_wconf 87' lang='lat' dir='ltr'><strong>ut</strong></span> <span class='ocrx_word' id='word_1_28' title='bbox 640 869 756 938; x_wconf 86' lang='lat' dir='ltr'><strong>ipse</strong></span> <span class='ocrx_word' id='word_1_29' title='bbox 784 869 859 922; x_wconf 89' lang='lat' dir='ltr'><strong>ait</strong></span> <span class='ocrx_word' id='word_1_30' title='bbox 885 887 898 923; x_wconf 91' lang='lat'><strong>:</strong></span> <span class='ocrx_word' id='word_1_31' title='bbox 933 868 1176 923; x_wconf 66' lang='lat' dir='ltr'><strong>Dextera:</strong></span> <span class='ocrx_word' id='word_1_32' title='bbox 1200 866 1449 920; x_wconf 79' lang='lat' dir='ltr'><strong>dederunt</strong></span> <span class='ocrx_word' id='word_1_33' title='bbox 1478 866 1603 917; x_wconf 83' lang='lat' dir='ltr'><strong>mihi</strong></span> <span class='ocrx_word' id='word_1_34' title='bbox 1640 875 1686 918; x_wconf 80' lang='lat' dir='ltr'><strong>et</strong></span> <span class='ocrx_word' id='word_1_35' title='bbox 1723 863 1975 918; x_wconf 78' lang='lat' dir='ltr'><strong>Burnabre</strong></span> <span class='ocrx_word' id='word_1_36' title='bbox 1997 880 2136 917; x_wconf 87' lang='lat' dir='ltr'><strong>com-</strong></span> 
     </span>
    </p>
   </div>
   <div class='ocr_carea' id='block_1_6' title="bbox 548 954 2141 1034">
    <p class='ocr_par' dir='ltr' id='par_1_6' title="bbox 548 954 2141 1034">
     <span class='ocr_line' id='line_1_6' title="bbox 548 954 2141 1034; baseline -0.004 -20"><span class='ocrx_word' id='word_1_37' title='bbox 548 961 806 1014; x_wconf 74' lang='lat' dir='ltr'><strong>munionis</strong></span> <span class='ocrx_word' id='word_1_38' title='bbox 833 959 856 1034; x_wconf 87' lang='lat'><strong>(</strong></span> <span class='ocrx_word' id='word_1_39' title='bbox 884 959 1055 1015; x_wconf 67' lang='lat' dir='ltr'><strong>Calai.</strong></span> <span class='ocrx_word' id='word_1_40' title='bbox 1087 961 1138 1014; x_wconf 74' lang='grc'><strong>2.</strong></span> <span class='ocrx_word' id='word_1_41' title='bbox 1170 958 1265 1027; x_wconf 88' lang='lat'><strong>9).</strong></span> <span class='ocrx_word' id='word_1_42' title='bbox 1302 958 1488 1012; x_wconf 85' lang='lat' dir='ltr'><strong>Postea</strong></span> <span class='ocrx_word' id='word_1_43' title='bbox 1522 956 1687 1012; x_wconf 89' lang='lat' dir='ltr'><strong>dicit:</strong></span> <span class='ocrx_word' id='word_1_44' title='bbox 1718 954 1869 1008; x_wconf 79' lang='lat' dir='ltr'><strong>Nihil</strong></span> <span class='ocrx_word' id='word_1_45' title='bbox 1897 955 2023 1007; x_wconf 83' lang='lat' dir='ltr'><strong>mihi</strong></span> <span class='ocrx_word' id='word_1_46' title='bbox 2048 956 2141 1007; x_wconf 84' lang='lat' dir='ltr'><strong>ad-</strong></span> 
     </span>
    </p>
   </div>
   <div class='ocr_carea' id='block_1_7' title="bbox 544 1045 2138 1122">
    <p class='ocr_par' dir='ltr' id='par_1_7' title="bbox 544 1045 2138 1122">
     <span class='ocr_line' id='line_1_7' title="bbox 544 1045 2138 1122; baseline -0.004 -19"><span class='ocrx_word' id='word_1_47' title='bbox 544 1048 788 1104; x_wconf 75' lang='lat' dir='ltr'><strong>diderunt</strong></span> <span class='ocrx_word' id='word_1_48' title='bbox 826 1048 847 1112; x_wconf 69' lang='grc' dir='ltr'><strong>ί</strong></span> <span class='ocrx_word' id='word_1_49' title='bbox 872 1048 1008 1103; x_wconf 83' lang='lat' dir='ltr'><strong>Ibid.</strong></span> <span class='ocrx_word' id='word_1_50' title='bbox 1038 1065 1083 1101; x_wconf 80' lang='grc' dir='ltr'><strong>υ.</strong></span> <span class='ocrx_word' id='word_1_51' title='bbox 1119 1048 1214 1122; x_wconf 86' lang='lat'><strong>6).</strong></span> <span class='ocrx_word' id='word_1_52' title='bbox 1255 1048 1383 1117; x_wconf 85' lang='lat' dir='ltr'><strong>Ejus</strong></span> <span class='ocrx_word' id='word_1_53' title='bbox 1406 1063 1635 1117; x_wconf 81' lang='lat' dir='ltr'><strong>namque</strong></span> <span class='ocrx_word' id='word_1_54' title='bbox 1656 1045 1973 1101; x_wconf 88' lang='lat' dir='ltr'><strong>sententiam</strong></span> <span class='ocrx_word' id='word_1_55' title='bbox 2006 1059 2138 1098; x_wconf 89' lang='lat' dir='ltr'><strong>con-</strong></span> 
     </span>
    </p>
   </div>
   <div class='ocr_carea' id='block_1_8' title="bbox 551 1134 2139 1207">
    <p class='ocr_par' dir='ltr' id='par_1_8' title="bbox 551 1134 2139 1207">
     <span class='ocr_line' id='line_1_8' title="bbox 551 1134 2139 1207; baseline -0.004 -12"><span class='ocrx_word' id='word_1_56' title='bbox 551 1142 836 1195; x_wconf 81' lang='lat' dir='ltr'><strong>ﬁrmarunt</strong></span> <span class='ocrx_word' id='word_1_57' title='bbox 856 1182 873 1207; x_wconf 89' lang='lat'><strong>,</strong></span> <span class='ocrx_word' id='word_1_58' title='bbox 908 1138 1262 1195; x_wconf 90' lang='lat' dir='ltr'><strong>laudaveruut</strong></span> <span class='ocrx_word' id='word_1_59' title='bbox 1285 1180 1302 1205; x_wconf 92' lang='lat'><strong>,</strong></span> <span class='ocrx_word' id='word_1_60' title='bbox 1334 1154 1450 1193; x_wconf 79' lang='lat' dir='ltr'><strong>eam</strong></span> <span class='ocrx_word' id='word_1_61' title='bbox 1482 1149 1537 1193; x_wconf 91' lang='lat' dir='ltr'><strong>et</strong></span> <span class='ocrx_word' id='word_1_62' title='bbox 1568 1138 1743 1192; x_wconf 77' lang='lat' dir='ltr'><strong>mirati</strong></span> <span class='ocrx_word' id='word_1_63' title='bbox 1769 1144 1914 1191; x_wconf 90' lang='lat' dir='ltr'><strong>sunt.</strong></span> <span class='ocrx_word' id='word_1_64' title='bbox 1944 1134 2139 1192; x_wconf 81' lang='lat' dir='ltr'><strong>Osten-</strong></span> 
     </span>
    </p>
   </div>
   <div class='ocr_carea' id='block_1_9' title="bbox 549 1232 2140 1303">
    <p class='ocr_par' dir='ltr' id='par_1_9' title="bbox 549 1232 2140 1303">
     <span class='ocr_line' id='line_1_9' title="bbox 549 1232 2140 1303; baseline -0.002 -16"><span class='ocrx_word' id='word_1_65' title='bbox 549 1232 630 1287; x_wconf 88' lang='lat' dir='ltr'><strong>dit</strong></span> <span class='ocrx_word' id='word_1_66' title='bbox 656 1235 757 1287; x_wconf 89' lang='lat' dir='ltr'><strong>hoc</strong></span> <span class='ocrx_word' id='word_1_67' title='bbox 781 1247 937 1303; x_wconf 77' lang='lat' dir='ltr'><strong>posse</strong></span> <span class='ocrx_word' id='word_1_68' title='bbox 955 1232 1209 1287; x_wconf 84' lang='lat' dir='ltr'><strong>humanis</strong></span> <span class='ocrx_word' id='word_1_69' title='bbox 1235 1232 1527 1287; x_wconf 82' lang='lat' dir='ltr'><strong>ratiociniis</strong></span> <span class='ocrx_word' id='word_1_70' title='bbox 1548 1232 1820 1301; x_wconf 90' lang='lat' dir='ltr'><strong>conspici,</strong></span> <span class='ocrx_word' id='word_1_71' title='bbox 1849 1247 1947 1285; x_wconf 90' lang='lat' dir='ltr'><strong>nec</strong></span> <span class='ocrx_word' id='word_1_72' title='bbox 1966 1232 2140 1284; x_wconf 88' lang='lat' dir='ltr'><strong>solum</strong></span> 
     </span>
    </p>
   </div>
   <div class='ocr_carea' id='block_1_10' title="bbox 550 1322 2142 1396">
    <p class='ocr_par' dir='ltr' id='par_1_10' title="bbox 550 1322 2142 1396">
     <span class='ocr_line' id='line_1_10' title="bbox 550 1322 2142 1396; baseline -0.002 -17"><span class='ocrx_word' id='word_1_73' title='bbox 550 1339 582 1379; x_wconf 92' lang='lat' dir='ltr'><strong>a</strong></span> <span class='ocrx_word' id='word_1_74' title='bbox 608 1325 808 1392; x_wconf 75' lang='lat' dir='ltr'><strong>Spiritu</strong></span> <span class='ocrx_word' id='word_1_75' title='bbox 833 1367 849 1391; x_wconf 88' lang='lat'><strong>,</strong></span> <span class='ocrx_word' id='word_1_76' title='bbox 882 1326 1004 1396; x_wconf 87' lang='lat' dir='ltr'><strong>quia</strong></span> <span class='ocrx_word' id='word_1_77' title='bbox 1030 1325 1363 1381; x_wconf 85' lang='lat' dir='ltr'><strong>admiserunt</strong></span> <span class='ocrx_word' id='word_1_78' title='bbox 1394 1336 1667 1395; x_wconf 81' lang='lat' dir='ltr'><strong>peccatum</strong></span> <span class='ocrx_word' id='word_1_79' title='bbox 1714 1334 1959 1379; x_wconf 86' lang='lat' dir='ltr'><strong>oorrectu</strong></span> <span class='ocrx_word' id='word_1_80' title='bbox 2001 1322 2142 1378; x_wconf 81' lang='lat' dir='ltr'><strong>difh-</strong></span> 
     </span>
    </p>
   </div>
   <div class='ocr_carea' id='block_1_11' title="bbox 551 1414 2140 1487">
    <p class='ocr_par' dir='ltr' id='par_1_11' title="bbox 551 1414 2140 1487">
     <span class='ocr_line' id='line_1_11' title="bbox 551 1414 2140 1487; baseline -0.001 -17"><span class='ocrx_word' id='word_1_81' title='bbox 551 1417 695 1471; x_wconf 91' lang='lat' dir='ltr'><strong>cile:</strong></span> <span class='ocrx_word' id='word_1_82' title='bbox 731 1420 863 1472; x_wconf 84' lang='lat' dir='ltr'><strong>tales</strong></span> <span class='ocrx_word' id='word_1_83' title='bbox 906 1416 1106 1487; x_wconf 83' lang='lat' dir='ltr'><strong>quippe</strong></span> <span class='ocrx_word' id='word_1_84' title='bbox 1154 1432 1241 1472; x_wconf 89' lang='lat' dir='ltr'><strong>res</strong></span> <span class='ocrx_word' id='word_1_85' title='bbox 1282 1432 1387 1470; x_wconf 91' lang='lat' dir='ltr'><strong>non</strong></span> <span class='ocrx_word' id='word_1_86' title='bbox 1428 1428 1589 1487; x_wconf 88' lang='lat' dir='ltr'><strong>egent</strong></span> <span class='ocrx_word' id='word_1_87' title='bbox 1629 1416 1851 1487; x_wconf 82' lang='lat' dir='ltr'><strong>Spiritu.</strong></span> <span class='ocrx_word' id='word_1_88' title='bbox 1898 1414 2140 1469; x_wconf 86' lang='lat' dir='ltr'><strong>Ostendit</strong></span> 
     </span>
    </p>
   </div>
   <div class='ocr_carea' id='block_1_12' title="bbox 554 1506 2140 1577">
    <p class='ocr_par' dir='ltr' id='par_1_12' title="bbox 554 1506 2140 1577">
     <span class='ocr_line' id='line_1_12' title="bbox 554 1506 2140 1577; baseline 0.002 -18"><span class='ocrx_word' id='word_1_89' title='bbox 554 1515 748 1560; x_wconf 62' lang='lat' dir='ltr'><strong>emta-ra</strong></span> <span class='ocrx_word' id='word_1_90' title='bbox 804 1521 910 1561; x_wconf 92' lang='lat' dir='ltr'><strong>non</strong></span> <span class='ocrx_word' id='word_1_91' title='bbox 960 1523 1081 1562; x_wconf 89' lang='lat' dir='ltr'><strong>esse</strong></span> <span class='ocrx_word' id='word_1_92' title='bbox 1132 1508 1471 1574; x_wconf 81' lang='lat' dir='ltr'><strong>necessaria;</strong></span> <span class='ocrx_word' id='word_1_93' title='bbox 1524 1508 1631 1561; x_wconf 84' lang='lat' dir='ltr'><strong>into</strong></span> <span class='ocrx_word' id='word_1_94' title='bbox 1677 1506 1945 1577; x_wconf 83' lang='lat' dir='ltr'><strong>superﬂua</strong></span> <span class='ocrx_word' id='word_1_95' title='bbox 1986 1520 2140 1570; x_wconf 85' lang='lat' dir='ltr'><strong>esse,</strong></span> 
     </span>
    </p>
   </div>
   <div class='ocr_carea' id='block_1_13' title="bbox 554 1597 2144 1667">
    <p class='ocr_par' dir='ltr' id='par_1_13' title="bbox 554 1597 2144 1667">
     <span class='ocr_line' id='line_1_13' title="bbox 554 1597 2144 1667; baseline 0 -16"><span class='ocrx_word' id='word_1_96' title='bbox 554 1597 817 1667; x_wconf 75' lang='lat' dir='ltr'><strong>siquidem</strong></span> <span class='ocrx_word' id='word_1_97' title='bbox 851 1599 965 1653; x_wconf 65' lang='lat' dir='ltr'><strong>hate</strong></span> <span class='ocrx_word' id='word_1_98' title='bbox 1004 1599 1325 1653; x_wconf 83' lang='lat' dir='ltr'><strong>necessaria.</strong></span> <span class='ocrx_word' id='word_1_99' title='bbox 1371 1598 1447 1651; x_wconf 78' lang='lat' dir='ltr'><strong>Ab</strong></span> <span class='ocrx_word' id='word_1_100' title='bbox 1495 1598 1573 1651; x_wconf 80' lang='lat' dir='ltr'><strong>his</strong></span> <span class='ocrx_word' id='word_1_101' title='bbox 1620 1598 1665 1651; x_wconf 78' lang='lat' dir='ltr'><strong>si</strong></span> <span class='ocrx_word' id='word_1_102' title='bbox 1702 1598 2015 1652; x_wconf 74' lang='lat' dir='ltr'><strong>servaverilis</strong></span> <span class='ocrx_word' id='word_1_103' title='bbox 2057 1613 2144 1651; x_wconf 78' lang='lat' dir='ltr'><strong>vos</strong></span> 
     </span>
    </p>
   </div>
   <div class='ocr_carea' id='block_1_14' title="bbox 554 1686 2141 1759">
    <p class='ocr_par' dir='ltr' id='par_1_14' title="bbox 554 1686 2141 1759">
     <span class='ocr_line' id='line_1_14' title="bbox 554 1686 2141 1759; baseline 0.001 -18"><span class='ocrx_word' id='word_1_104' title='bbox 554 1690 714 1756; x_wconf 78' lang='lat' dir='ltr'><strong>ipsos,</strong></span> <span class='ocrx_word' id='word_1_105' title='bbox 741 1689 911 1759; x_wconf 89' lang='lat' dir='ltr'><strong>inquit</strong></span> <span class='ocrx_word' id='word_1_106' title='bbox 935 1732 948 1751; x_wconf 91' lang='lat'><strong>,</strong></span> <span class='ocrx_word' id='word_1_107' title='bbox 973 1688 1100 1743; x_wconf 70' lang='lat' dir='ltr'><strong>bene</strong></span> <span class='ocrx_word' id='word_1_108' title='bbox 1133 1690 1347 1759; x_wconf 77' lang='lat' dir='ltr'><strong>facietis.</strong></span> <span class='ocrx_word' id='word_1_109' title='bbox 1372 1688 1617 1743; x_wconf 87' lang='lat' dir='ltr'><strong>Declarat</strong></span> <span class='ocrx_word' id='word_1_110' title='bbox 1635 1688 1764 1742; x_wconf 89' lang='lat' dir='ltr'><strong>nihil</strong></span> <span class='ocrx_word' id='word_1_111' title='bbox 1789 1686 1918 1758; x_wconf 74' lang='lat' dir='ltr'><strong>ipsis</strong></span> <span class='ocrx_word' id='word_1_112' title='bbox 1933 1686 2141 1752; x_wconf 87' lang='lat' dir='ltr'><strong>deesse,</strong></span> 
     </span>
    </p>
   </div>
   <div class='ocr_carea' id='block_1_15' title="bbox 554 1778 2142 1843">
    <p class='ocr_par' dir='ltr' id='par_1_15' title="bbox 554 1778 2142 1843">
     <span class='ocr_line' id='line_1_15' title="bbox 554 1778 2142 1843; baseline -0.001 -8"><span class='ocrx_word' id='word_1_113' title='bbox 554 1780 649 1835; x_wconf 83' lang='lat' dir='ltr'><strong>sed</strong></span> <span class='ocrx_word' id='word_1_114' title='bbox 679 1781 781 1836; x_wconf 90' lang='lat' dir='ltr'><strong>hoc</strong></span> <span class='ocrx_word' id='word_1_115' title='bbox 808 1780 1078 1836; x_wconf 80' lang='lat' dir='ltr'><strong>sufﬁcere.</strong></span> <span class='ocrx_word' id='word_1_116' title='bbox 1112 1780 1327 1835; x_wconf 86' lang='lat' dir='ltr'><strong>Poterat</strong></span> <span class='ocrx_word' id='word_1_117' title='bbox 1350 1789 1405 1834; x_wconf 88' lang='lat' dir='ltr'><strong>et</strong></span> <span class='ocrx_word' id='word_1_118' title='bbox 1430 1780 1546 1834; x_wconf 88' lang='lat' dir='ltr'><strong>sine</strong></span> <span class='ocrx_word' id='word_1_119' title='bbox 1573 1779 1778 1843; x_wconf 88' lang='lat' dir='ltr'><strong>literis,</strong></span> <span class='ocrx_word' id='word_1_120' title='bbox 1810 1778 1906 1834; x_wconf 86' lang='lat' dir='ltr'><strong>sed</strong></span> <span class='ocrx_word' id='word_1_121' title='bbox 1952 1789 2011 1833; x_wconf 92' lang='lat' dir='ltr'><strong>ut</strong></span> <span class='ocrx_word' id='word_1_122' title='bbox 2060 1780 2142 1835; x_wconf 90' lang='lat' dir='ltr'><strong>lex</strong></span> 
     </span>
    </p>
   </div>
   <div class='ocr_carea' id='block_1_16' title="bbox 556 1869 2149 1941">
    <p class='ocr_par' dir='ltr' id='par_1_16' title="bbox 556 1869 2149 1941">
     <span class='ocr_line' id='line_1_16' title="bbox 556 1869 2149 1941; baseline -0.001 -17"><span class='ocrx_word' id='word_1_123' title='bbox 556 1870 628 1925; x_wconf 87' lang='lat' dir='ltr'><strong>ita</strong></span> <span class='ocrx_word' id='word_1_124' title='bbox 674 1871 875 1941; x_wconf 85' lang='lat' dir='ltr'><strong>scripta</strong></span> <span class='ocrx_word' id='word_1_125' title='bbox 915 1881 1099 1935; x_wconf 88' lang='lat' dir='ltr'><strong>esset,</strong></span> <span class='ocrx_word' id='word_1_126' title='bbox 1140 1870 1423 1940; x_wconf 79' lang='lat' dir='ltr'><strong>epistolam</strong></span> <span class='ocrx_word' id='word_1_127' title='bbox 1465 1871 1695 1924; x_wconf 89' lang='lat' dir='ltr'><strong>mittunt.</strong></span> <span class='ocrx_word' id='word_1_128' title='bbox 1732 1869 1800 1923; x_wconf 88' lang='lat' dir='ltr'><strong>Et</strong></span> <span class='ocrx_word' id='word_1_129' title='bbox 1825 1870 2018 1924; x_wconf 85' lang='lat' dir='ltr'><strong>iterum</strong></span> <span class='ocrx_word' id='word_1_130' title='bbox 2044 1910 2059 1936; x_wconf 93' lang='lat'><strong>,</strong></span> <span class='ocrx_word' id='word_1_131' title='bbox 2092 1880 2149 1923; x_wconf 89' lang='lat' dir='ltr'><strong>ut</strong></span> 
     </span>
    </p>
   </div>
   <div class='ocr_carea' id='block_1_17' title="bbox 556 1944 2145 2032">
    <p class='ocr_par' dir='ltr' id='par_1_17' title="bbox 556 1944 2145 2032">
     <span class='ocr_line' id='line_1_17' title="bbox 556 1944 2145 2032; baseline -0.002 -15"><span class='ocrx_word' id='word_1_132' title='bbox 556 1960 659 2032; x_wconf 86' lang='lat' dir='ltr'><strong>legi</strong></span> <span class='ocrx_word' id='word_1_133' title='bbox 689 1944 1167 2032; x_wconf 76' lang='lat' dir='ltr'><strong>obtetttperareni,</strong></span> <span class='ocrx_word' id='word_1_134' title='bbox 1200 1972 1253 2015; x_wconf 82' lang='lat' dir='ltr'><strong>ct</strong></span> <span class='ocrx_word' id='word_1_135' title='bbox 1283 1962 1390 2015; x_wconf 89' lang='lat' dir='ltr'><strong>illis</strong></span> <span class='ocrx_word' id='word_1_136' title='bbox 1414 1960 1701 2028; x_wconf 77' lang='lat' dir='ltr'><strong>dicebam,</strong></span> <span class='ocrx_word' id='word_1_137' title='bbox 1733 1970 1789 2016; x_wconf 87' lang='lat' dir='ltr'><strong>et</strong></span> <span class='ocrx_word' id='word_1_138' title='bbox 1814 1963 1888 2016; x_wconf 92' lang='lat' dir='ltr'><strong>illi</strong></span> <span class='ocrx_word' id='word_1_139' title='bbox 1930 1962 2034 2017; x_wconf 90' lang='lat' dir='ltr'><strong>hoc</strong></span> <span class='ocrx_word' id='word_1_140' title='bbox 2072 1962 2145 2015; x_wconf 87' lang='lat' dir='ltr'><strong>fa-</strong></span> 
     </span>
    </p>
   </div>
   <div class='ocr_carea' id='block_1_18' title="bbox 554 2054 2148 2124">
    <p class='ocr_par' dir='ltr' id='par_1_18' title="bbox 554 2054 2148 2124">
     <span class='ocr_line' id='line_1_18' title="bbox 554 2054 2148 2124; baseline -0.001 -13"><span class='ocrx_word' id='word_1_141' title='bbox 554 2057 801 2120; x_wconf 83' lang='lat' dir='ltr'><strong>ciebant,</strong></span> <span class='ocrx_word' id='word_1_142' title='bbox 833 2065 1034 2110; x_wconf 90' lang='lat' dir='ltr'><strong>etcum</strong></span> <span class='ocrx_word' id='word_1_143' title='bbox 1072 2068 1221 2124; x_wconf 89' lang='lat' dir='ltr'><strong>pace.</strong></span> <span class='ocrx_word' id='word_1_144' title='bbox 1266 2054 1462 2109; x_wconf 83' lang='lat' dir='ltr'><strong>Verum</strong></span> <span class='ocrx_word' id='word_1_145' title='bbox 1512 2069 1580 2109; x_wconf 92' lang='lat' dir='ltr'><strong>ne</strong></span> <span class='ocrx_word' id='word_1_146' title='bbox 1630 2054 1950 2109; x_wconf 79' lang='lat' dir='ltr'><strong>offendicula</strong></span> <span class='ocrx_word' id='word_1_147' title='bbox 1992 2056 2148 2109; x_wconf 86' lang='lat' dir='ltr'><strong>nobis</strong></span> 
     </span>
    </p>
   </div>
   <div class='ocr_carea' id='block_1_19' title="bbox 559 2145 2148 2215">
    <p class='ocr_par' dir='ltr' id='par_1_19' title="bbox 559 2145 2148 2215">
     <span class='ocr_line' id='line_1_19' title="bbox 559 2145 2148 2215; baseline -0.001 -14"><span class='ocrx_word' id='word_1_148' title='bbox 559 2148 668 2201; x_wconf 90' lang='lat' dir='ltr'><strong>sint</strong></span> <span class='ocrx_word' id='word_1_149' title='bbox 698 2147 956 2201; x_wconf 74' lang='lat' dir='ltr'><strong>hrrctici.</strong></span> <span class='ocrx_word' id='word_1_150' title='bbox 998 2146 1127 2200; x_wconf 78' lang='lat' dir='ltr'><strong>Vide</strong></span> <span class='ocrx_word' id='word_1_151' title='bbox 1157 2146 1298 2200; x_wconf 90' lang='lat' dir='ltr'><strong>enim</strong></span> <span class='ocrx_word' id='word_1_152' title='bbox 1347 2146 1399 2199; x_wconf 94' lang='lat' dir='ltr'><strong>in</strong></span> <span class='ocrx_word' id='word_1_153' title='bbox 1443 2145 1702 2215; x_wconf 86' lang='lat' dir='ltr'><strong>principio</strong></span> <span class='ocrx_word' id='word_1_154' title='bbox 1752 2145 2148 2214; x_wconf 71' lang='lat' dir='ltr'><strong>pru&#39;dicationis</strong></span> 
     </span>
    </p>
   </div>
   <div class='ocr_carea' id='block_1_20' title="bbox 556 2236 2145 2307">
    <p class='ocr_par' dir='ltr' id='par_1_20' title="bbox 556 2236 2145 2307">
     <span class='ocr_line' id='line_1_20' title="bbox 556 2236 2145 2307; baseline 0.001 -16"><span class='ocrx_word' id='word_1_155' title='bbox 556 2248 684 2306; x_wconf 91' lang='lat' dir='ltr'><strong>quot</strong></span> <span class='ocrx_word' id='word_1_156' title='bbox 711 2238 1033 2293; x_wconf 85' lang='lat' dir='ltr'><strong>oil‘eudicula</strong></span> <span class='ocrx_word' id='word_1_157' title='bbox 1066 2256 1081 2292; x_wconf 88' lang='lat'><strong>:</strong></span> <span class='ocrx_word' id='word_1_158' title='bbox 1110 2253 1215 2292; x_wconf 91' lang='lat' dir='ltr'><strong>non</strong></span> <span class='ocrx_word' id='word_1_159' title='bbox 1242 2238 1365 2292; x_wconf 88' lang='lat' dir='ltr'><strong>dico</strong></span> <span class='ocrx_word' id='word_1_160' title='bbox 1391 2253 1452 2291; x_wconf 82' lang='lat' dir='ltr'><strong>ea</strong></span> <span class='ocrx_word' id='word_1_161' title='bbox 1473 2278 1489 2305; x_wconf 94' lang='lat'><strong>,</strong></span> <span class='ocrx_word' id='word_1_162' title='bbox 1521 2252 1640 2307; x_wconf 73' lang='lat' dir='ltr'><strong>qua:</strong></span> <span class='ocrx_word' id='word_1_163' title='bbox 1662 2236 1731 2291; x_wconf 88' lang='lat' dir='ltr'><strong>ab</strong></span> <span class='ocrx_word' id='word_1_164' title='bbox 1760 2238 1825 2292; x_wconf 82' lang='lat' dir='ltr'><strong>iis</strong></span> <span class='ocrx_word' id='word_1_165' title='bbox 1854 2238 1943 2307; x_wconf 90' lang='lat' dir='ltr'><strong>qui</strong></span> <span class='ocrx_word' id='word_1_166' title='bbox 1976 2238 2105 2292; x_wconf 87' lang='lat' dir='ltr'><strong>foris</strong></span> <span class='ocrx_word' id='word_1_167' title='bbox 2131 2253 2145 2303; x_wconf 90' lang='lat'><strong>;</strong></span> 
     </span>
    </p>
   </div>
   <div class='ocr_carea' id='block_1_21' title="bbox 556 2328 2153 2399">
    <p class='ocr_par' dir='ltr' id='par_1_21' title="bbox 556 2328 2153 2399">
     <span class='ocr_line' id='line_1_21' title="bbox 556 2328 2153 2399; baseline -0.001 -17"><span class='ocrx_word' id='word_1_168' title='bbox 556 2329 643 2383; x_wconf 89' lang='lat' dir='ltr'><strong>illa</strong></span> <span class='ocrx_word' id='word_1_169' title='bbox 673 2329 871 2399; x_wconf 87' lang='lat' dir='ltr'><strong>quippe</strong></span> <span class='ocrx_word' id='word_1_170' title='bbox 900 2328 1029 2382; x_wconf 87' lang='lat' dir='ltr'><strong>nihil</strong></span> <span class='ocrx_word' id='word_1_171' title='bbox 1060 2339 1251 2393; x_wconf 88' lang='lat' dir='ltr'><strong>erant;</strong></span> <span class='ocrx_word' id='word_1_172' title='bbox 1283 2329 1378 2382; x_wconf 86' lang='lat' dir='ltr'><strong>sed</strong></span> <span class='ocrx_word' id='word_1_173' title='bbox 1408 2343 1528 2397; x_wconf 68' lang='lat' dir='ltr'><strong>qute</strong></span> <span class='ocrx_word' id='word_1_174' title='bbox 1568 2328 1734 2383; x_wconf 88' lang='lat' dir='ltr'><strong>intus.</strong></span> <span class='ocrx_word' id='word_1_175' title='bbox 1782 2328 1965 2383; x_wconf 87' lang='lat' dir='ltr'><strong>Primo</strong></span> <span class='ocrx_word' id='word_1_176' title='bbox 2008 2331 2153 2383; x_wconf 83' lang='lat' dir='ltr'><strong>Ana-</strong></span> 
     </span>
    </p>
   </div>
   <div class='ocr_carea' id='block_1_22' title="bbox 558 2417 2148 2487">
    <p class='ocr_par' dir='ltr' id='par_1_22' title="bbox 558 2417 2148 2487">
     <span class='ocr_line' id='line_1_22' title="bbox 558 2417 2148 2487; baseline 0.001 -14"><span class='ocrx_word' id='word_1_177' title='bbox 558 2419 677 2473; x_wconf 88' lang='lat' dir='ltr'><strong>nias</strong></span> <span class='ocrx_word' id='word_1_178' title='bbox 704 2437 717 2472; x_wconf 87' lang='lat'><strong>:</strong></span> <span class='ocrx_word' id='word_1_179' title='bbox 748 2418 943 2473; x_wconf 87' lang='lat' dir='ltr'><strong>deinde</strong></span> <span class='ocrx_word' id='word_1_180' title='bbox 965 2434 1242 2483; x_wconf 91' lang='lat' dir='ltr'><strong>murmur;</strong></span> <span class='ocrx_word' id='word_1_181' title='bbox 1272 2417 1397 2472; x_wconf 90' lang='lat' dir='ltr'><strong>hinc</strong></span> <span class='ocrx_word' id='word_1_182' title='bbox 1418 2418 1599 2473; x_wconf 84' lang='lat' dir='ltr'><strong>Simon</strong></span> <span class='ocrx_word' id='word_1_183' title='bbox 1624 2434 1847 2487; x_wconf 83' lang='lat' dir='ltr'><strong>magns;</strong></span> <span class='ocrx_word' id='word_1_184' title='bbox 1882 2427 2062 2487; x_wconf 86' lang='lat' dir='ltr'><strong>postea</strong></span> <span class='ocrx_word' id='word_1_185' title='bbox 2092 2419 2148 2487; x_wconf 89' lang='lat' dir='ltr'><strong>ii,</strong></span> 
     </span>
    </p>
   </div>
   <div class='ocr_carea' id='block_1_23' title="bbox 562 2510 2150 2581">
    <p class='ocr_par' dir='ltr' id='par_1_23' title="bbox 562 2510 2150 2581">
     <span class='ocr_line' id='line_1_23' title="bbox 562 2510 2150 2581; baseline 0.001 -19"><span class='ocrx_word' id='word_1_186' title='bbox 562 2512 651 2581; x_wconf 86' lang='lat' dir='ltr'><strong>qui</strong></span> <span class='ocrx_word' id='word_1_187' title='bbox 680 2511 895 2566; x_wconf 78' lang='lat' dir='ltr'><strong>Petrum</strong></span> <span class='ocrx_word' id='word_1_188' title='bbox 936 2510 1261 2565; x_wconf 83' lang='lat' dir='ltr'><strong>accusabant</strong></span> <span class='ocrx_word' id='word_1_189' title='bbox 1286 2511 1357 2565; x_wconf 91' lang='lat' dir='ltr'><strong>ob</strong></span> <span class='ocrx_word' id='word_1_190' title='bbox 1384 2511 1731 2577; x_wconf 84' lang='lat' dir='ltr'><strong>Cornelium;</strong></span> <span class='ocrx_word' id='word_1_191' title='bbox 1775 2512 1876 2566; x_wconf 92' lang='lat' dir='ltr'><strong>sub</strong></span> <span class='ocrx_word' id='word_1_192' title='bbox 1918 2511 2034 2566; x_wconf 66' lang='lat' dir='ltr'><strong>haec</strong></span> <span class='ocrx_word' id='word_1_193' title='bbox 2066 2510 2150 2565; x_wconf 89' lang='lat' dir='ltr'><strong>fa-</strong></span> 
     </span>
    </p>
   </div>
   <div class='ocr_carea' id='block_1_24' title="bbox 558 2600 1799 2670">
    <p class='ocr_par' dir='ltr' id='par_1_24' title="bbox 558 2600 1799 2670">
     <span class='ocr_line' id='line_1_24' title="bbox 558 2600 1799 2670; baseline -0.002 -13"><span class='ocrx_word' id='word_1_194' title='bbox 558 2617 708 2667; x_wconf 86' lang='lat' dir='ltr'><strong>mes;</strong></span> <span class='ocrx_word' id='word_1_195' title='bbox 738 2600 953 2655; x_wconf 88' lang='lat' dir='ltr'><strong>demum</strong></span> <span class='ocrx_word' id='word_1_196' title='bbox 988 2600 1089 2655; x_wconf 92' lang='lat' dir='ltr'><strong>hoc</strong></span> <span class='ocrx_word' id='word_1_197' title='bbox 1118 2602 1293 2670; x_wconf 91' lang='lat' dir='ltr'><strong>ipsum</strong></span> <span class='ocrx_word' id='word_1_198' title='bbox 1324 2610 1482 2669; x_wconf 90' lang='lat' dir='ltr'><strong>caput</strong></span> <span class='ocrx_word' id='word_1_199' title='bbox 1515 2602 1799 2657; x_wconf 90' lang='lat' dir='ltr'><strong>malorum.</strong></span> 
     </span>
    </p>
   </div>
   <div class='ocr_carea' id='block_1_25' title="bbox 630 2689 2141 2763">
    <p class='ocr_par' dir='ltr' id='par_1_25' title="bbox 630 2689 2141 2763">
     <span class='ocr_line' id='line_1_25' title="bbox 630 2689 2141 2763; baseline 0.002 -19"><span class='ocrx_word' id='word_1_200' title='bbox 630 2689 753 2744; x_wconf 86' lang='lat' dir='ltr'><strong>Non</strong></span> <span class='ocrx_word' id='word_1_201' title='bbox 775 2700 934 2758; x_wconf 81' lang='lat' dir='ltr'><strong>potest</strong></span> <span class='ocrx_word' id='word_1_202' title='bbox 956 2690 1037 2744; x_wconf 80' lang='lat' dir='ltr'><strong>hic</strong></span> <span class='ocrx_word' id='word_1_203' title='bbox 1064 2690 1250 2745; x_wconf 83' lang='lat' dir='ltr'><strong>bonum</strong></span> <span class='ocrx_word' id='word_1_204' title='bbox 1270 2708 1376 2746; x_wconf 80' lang='lat' dir='ltr'><strong>esse</strong></span> <span class='ocrx_word' id='word_1_205' title='bbox 1391 2692 1499 2745; x_wconf 80' lang='lat' dir='ltr'><strong>sine</strong></span> <span class='ocrx_word' id='word_1_206' title='bbox 1524 2692 1677 2746; x_wconf 86' lang='lat' dir='ltr'><strong>malo.</strong></span> <span class='ocrx_word' id='word_1_207' title='bbox 1698 2721 1771 2733; x_wconf 88' lang='lat'><strong>-</strong></span> <span class='ocrx_word' id='word_1_208' title='bbox 1786 2692 1971 2763; x_wconf 86' lang='lat' dir='ltr'><strong>Neque</strong></span> <span class='ocrx_word' id='word_1_209' title='bbox 1998 2693 2141 2747; x_wconf 90' lang='lat' dir='ltr'><strong>enim</strong></span> 
     </span>
    </p>
   </div>
   <div class='ocr_carea' id='block_1_26' title="bbox 562 2782 2152 2856">
    <p class='ocr_par' dir='ltr' id='par_1_26' title="bbox 562 2782 2152 2856">
     <span class='ocr_line' id='line_1_26' title="bbox 562 2782 2152 2856; baseline 0.005 -24"><span class='ocrx_word' id='word_1_210' title='bbox 562 2792 743 2852; x_wconf 75' lang='lat' dir='ltr'><strong>potest</strong></span> <span class='ocrx_word' id='word_1_211' title='bbox 771 2784 967 2837; x_wconf 87' lang='lat' dir='ltr'><strong>bonum</strong></span> <span class='ocrx_word' id='word_1_212' title='bbox 995 2782 1283 2852; x_wconf 84' lang='lat' dir='ltr'><strong>quodpiam</strong></span> <span class='ocrx_word' id='word_1_213' title='bbox 1313 2798 1454 2849; x_wconf 87' lang='lat' dir='ltr'><strong>esse,</strong></span> <span class='ocrx_word' id='word_1_214' title='bbox 1487 2783 1614 2853; x_wconf 92' lang='lat' dir='ltr'><strong>quin</strong></span> <span class='ocrx_word' id='word_1_215' title='bbox 1643 2784 1711 2838; x_wconf 89' lang='lat' dir='ltr'><strong>sit</strong></span> <span class='ocrx_word' id='word_1_216' title='bbox 1746 2784 1906 2838; x_wconf 85' lang='lat' dir='ltr'><strong>etiam</strong></span> <span class='ocrx_word' id='word_1_217' title='bbox 1937 2785 2152 2856; x_wconf 84' lang='lat' dir='ltr'><strong>aliquod</strong></span> 
     </span>
    </p>
   </div>
   <div class='ocr_carea' id='block_1_27' title="bbox 567 2874 2153 2945">
    <p class='ocr_par' dir='ltr' id='par_1_27' title="bbox 567 2874 2153 2945">
     <span class='ocr_line' id='line_1_27' title="bbox 567 2874 2153 2945; baseline 0.002 -16"><span class='ocrx_word' id='word_1_218' title='bbox 567 2876 787 2929; x_wconf 83' lang='lat' dir='ltr'><strong>malum.</strong></span> <span class='ocrx_word' id='word_1_219' title='bbox 819 2874 897 2931; x_wconf 89' lang='lat' dir='ltr'><strong>Ne</strong></span> <span class='ocrx_word' id='word_1_220' title='bbox 927 2875 1105 2944; x_wconf 89' lang='lat' dir='ltr'><strong>itaque</strong></span> <span class='ocrx_word' id='word_1_221' title='bbox 1137 2876 1432 2941; x_wconf 87' lang='lat' dir='ltr'><strong>turbemur,</strong></span> <span class='ocrx_word' id='word_1_222' title='bbox 1460 2876 1505 2929; x_wconf 89' lang='lat' dir='ltr'><strong>si</strong></span> <span class='ocrx_word' id='word_1_223' title='bbox 1534 2876 1751 2945; x_wconf 71' lang='lat' dir='ltr'><strong>quidam</strong></span> <span class='ocrx_word' id='word_1_224' title='bbox 1782 2876 2153 2933; x_wconf 85' lang='lat' dir='ltr'><strong>scandalizen-</strong></span> 
     </span>
    </p>
   </div>
   <div class='ocr_carea' id='block_1_28' title="bbox 566 2965 2153 3037">
    <p class='ocr_par' dir='ltr' id='par_1_28' title="bbox 566 2965 2153 3037">
     <span class='ocr_line' id='line_1_28' title="bbox 566 2965 2153 3037; baseline 0.003 -18"><span class='ocrx_word' id='word_1_225' title='bbox 566 2975 685 3030; x_wconf 86' lang='lat' dir='ltr'><strong>tur;</strong></span> <span class='ocrx_word' id='word_1_226' title='bbox 732 2966 826 3020; x_wconf 91' lang='lat' dir='ltr'><strong>sed</strong></span> <span class='ocrx_word' id='word_1_227' title='bbox 873 2976 928 3021; x_wconf 88' lang='lat' dir='ltr'><strong>et</strong></span> <span class='ocrx_word' id='word_1_228' title='bbox 972 2980 1068 3034; x_wconf 91' lang='lat' dir='ltr'><strong>pro</strong></span> <span class='ocrx_word' id='word_1_229' title='bbox 1109 2965 1192 3019; x_wconf 86' lang='lat' dir='ltr'><strong>his</strong></span> <span class='ocrx_word' id='word_1_230' title='bbox 1235 2971 1431 3036; x_wconf 73' lang='lat' dir='ltr'><strong>gratias</strong></span> <span class='ocrx_word' id='word_1_231' title='bbox 1468 2980 1685 3035; x_wconf 89' lang='lat' dir='ltr'><strong>agamus</strong></span> <span class='ocrx_word' id='word_1_232' title='bbox 1730 2966 1860 3033; x_wconf 90' lang='lat' dir='ltr'><strong>Deo,</strong></span> <span class='ocrx_word' id='word_1_233' title='bbox 1890 2968 2010 3037; x_wconf 85' lang='lat' dir='ltr'><strong>quia</strong></span> <span class='ocrx_word' id='word_1_234' title='bbox 2052 2984 2153 3024; x_wconf 87' lang='lat' dir='ltr'><strong>nos</strong></span> 
     </span>
    </p>
   </div>
   <div class='ocr_carea' id='block_1_29' title="bbox 564 3055 2149 3127">
    <p class='ocr_par' dir='ltr' id='par_1_29' title="bbox 564 3055 2149 3127">
     <span class='ocr_line' id='line_1_29' title="bbox 564 3055 2149 3127; baseline 0.003 -18"><span class='ocrx_word' id='word_1_235' title='bbox 564 3058 900 3127; x_wconf 74' lang='lat' dir='ltr'><strong>probatiores</strong></span> <span class='ocrx_word' id='word_1_236' title='bbox 925 3056 1109 3111; x_wconf 75' lang='lat' dir='ltr'><strong>efficit.</strong></span> <span class='ocrx_word' id='word_1_237' title='bbox 1154 3055 1337 3125; x_wconf 84' lang='lat' dir='ltr'><strong>Neque</strong></span> <span class='ocrx_word' id='word_1_238' title='bbox 1382 3058 1527 3112; x_wconf 92' lang='lat' dir='ltr'><strong>enim</strong></span> <span class='ocrx_word' id='word_1_239' title='bbox 1571 3056 1891 3113; x_wconf 78' lang='lat' dir='ltr'><strong>afflictiones</strong></span> <span class='ocrx_word' id='word_1_240' title='bbox 1920 3066 2149 3126; x_wconf 90' lang='lat' dir='ltr'><strong>tantum,</strong></span> 
     </span>
    </p>
   </div>
   <div class='ocr_carea' id='block_1_30' title="bbox 563 3148 2153 3222">
    <p class='ocr_par' dir='ltr' id='par_1_30' title="bbox 563 3148 2153 3222">
     <span class='ocr_line' id='line_1_30' title="bbox 563 3148 2153 3222; baseline 0.003 -19"><span class='ocrx_word' id='word_1_241' title='bbox 563 3165 592 3203; x_wconf 86' lang='lat' dir='ltr'><strong>s</strong></span> <span class='ocrx_word' id='word_1_242' title='bbox 612 3148 658 3202; x_wconf 91' lang='lat' dir='ltr'><strong>-d</strong></span> <span class='ocrx_word' id='word_1_243' title='bbox 686 3150 845 3209; x_wconf 82' lang='lat' dir='ltr'><strong>etiam</strong></span> <span class='ocrx_word' id='word_1_244' title='bbox 872 3149 1194 3204; x_wconf 89' lang='lat' dir='ltr'><strong>tentationes</strong></span> <span class='ocrx_word' id='word_1_245' title='bbox 1227 3163 1323 3203; x_wconf 90' lang='lat' dir='ltr'><strong>nos</strong></span> <span class='ocrx_word' id='word_1_246' title='bbox 1350 3150 1741 3219; x_wconf 82' lang='lat' dir='ltr'><strong>splendidiores</strong></span> <span class='ocrx_word' id='word_1_247' title='bbox 1769 3152 2019 3208; x_wconf 87' lang='lat' dir='ltr'><strong>reddunt.</strong></span> <span class='ocrx_word' id='word_1_248' title='bbox 2051 3153 2153 3222; x_wconf 87' lang='lat' dir='ltr'><strong>Qui</strong></span> 
     </span>
    </p>
   </div>
   <div class='ocr_carea' id='block_1_31' title="bbox 567 3240 2153 3314">
    <p class='ocr_par' dir='ltr' id='par_1_31' title="bbox 567 3240 2153 3314">
     <span class='ocr_line' id='line_1_31' title="bbox 567 3240 2153 3314; baseline 0.004 -21"><span class='ocrx_word' id='word_1_249' title='bbox 567 3240 732 3306; x_wconf 86' lang='lat' dir='ltr'><strong>enim,</strong></span> <span class='ocrx_word' id='word_1_250' title='bbox 764 3241 975 3294; x_wconf 81' lang='lat' dir='ltr'><strong>nemine</strong></span> <span class='ocrx_word' id='word_1_251' title='bbox 1000 3240 1051 3293; x_wconf 91' lang='lat' dir='ltr'><strong>in</strong></span> <span class='ocrx_word' id='word_1_252' title='bbox 1083 3256 1322 3296; x_wconf 86' lang='lat' dir='ltr'><strong>errorem</strong></span> <span class='ocrx_word' id='word_1_253' title='bbox 1358 3242 1644 3297; x_wconf 86' lang='lat' dir='ltr'><strong>inducente</strong></span> <span class='ocrx_word' id='word_1_254' title='bbox 1664 3285 1677 3305; x_wconf 91' lang='lat'><strong>,</strong></span> <span class='ocrx_word' id='word_1_255' title='bbox 1713 3244 1920 3299; x_wconf 76' lang='lat' dir='ltr'><strong>veritati</strong></span> <span class='ocrx_word' id='word_1_256' title='bbox 1954 3244 2153 3314; x_wconf 70' lang='lat' dir='ltr'><strong>haeret,</strong></span> 
     </span>
    </p>
   </div>
   <div class='ocr_carea' id='block_1_32' title="bbox 570 3330 2158 3406">
    <p class='ocr_par' dir='ltr' id='par_1_32' title="bbox 570 3330 2158 3406">
     <span class='ocr_line' id='line_1_32' title="bbox 570 3330 2158 3406; baseline 0.008 -23"><span class='ocrx_word' id='word_1_257' title='bbox 570 3346 675 3383; x_wconf 88' lang='lat' dir='ltr'><strong>non</strong></span> <span class='ocrx_word' id='word_1_258' title='bbox 701 3330 992 3386; x_wconf 80' lang='lat' dir='ltr'><strong>vehemens</strong></span> <span class='ocrx_word' id='word_1_259' title='bbox 1022 3332 1261 3387; x_wconf 76' lang='lat' dir='ltr'><strong>veritatis</strong></span> <span class='ocrx_word' id='word_1_260' title='bbox 1286 3342 1492 3388; x_wconf 84' lang='lat' dir='ltr'><strong>amator</strong></span> <span class='ocrx_word' id='word_1_261' title='bbox 1518 3335 1703 3398; x_wconf 78' lang='lat' dir='ltr'><strong>fuerit;</strong></span> <span class='ocrx_word' id='word_1_262' title='bbox 1737 3337 1829 3390; x_wconf 85' lang='lat' dir='ltr'><strong>sed</strong></span> <span class='ocrx_word' id='word_1_263' title='bbox 1859 3337 1947 3406; x_wconf 91' lang='lat' dir='ltr'><strong>qui</strong></span> <span class='ocrx_word' id='word_1_264' title='bbox 1978 3340 2158 3395; x_wconf 87' lang='lat' dir='ltr'><strong>multis</strong></span> 
     </span>
    </p>
   </div>
   <div class='ocr_carea' id='block_1_33' title="bbox 569 3421 2157 3497">
    <p class='ocr_par' dir='ltr' id='par_1_33' title="bbox 569 3421 2157 3497">
     <span class='ocr_line' id='line_1_33' title="bbox 569 3421 2157 3497; baseline 0.005 -21"><span class='ocrx_word' id='word_1_265' title='bbox 569 3421 962 3477; x_wconf 83' lang='lat' dir='ltr'><strong>retrahentibus</strong></span> <span class='ocrx_word' id='word_1_266' title='bbox 1001 3422 1169 3479; x_wconf 70' lang='lat' dir='ltr'><strong>lueret</strong></span> <span class='ocrx_word' id='word_1_267' title='bbox 1189 3465 1203 3487; x_wconf 94' lang='lat'><strong>,</strong></span> <span class='ocrx_word' id='word_1_268' title='bbox 1236 3424 1321 3479; x_wconf 90' lang='lat' dir='ltr'><strong>ille</strong></span> <span class='ocrx_word' id='word_1_269' title='bbox 1350 3425 1550 3480; x_wconf 84' lang='lat' dir='ltr'><strong>clarus.</strong></span> <span class='ocrx_word' id='word_1_270' title='bbox 1599 3426 1737 3494; x_wconf 89' lang='lat' dir='ltr'><strong>Quid</strong></span> <span class='ocrx_word' id='word_1_271' title='bbox 1765 3427 1932 3497; x_wconf 86' lang='lat' dir='ltr'><strong>ergo?</strong></span> <span class='ocrx_word' id='word_1_272' title='bbox 1959 3444 2025 3482; x_wconf 90' lang='lat' dir='ltr'><strong>an</strong></span> <span class='ocrx_word' id='word_1_273' title='bbox 2057 3428 2157 3485; x_wconf 91' lang='lat' dir='ltr'><strong>bac</strong></span> 
     </span>
    </p>
   </div>
   <div class='ocr_carea' id='block_1_34' title="bbox 571 3512 2157 3585">
    <p class='ocr_par' dir='ltr' id='par_1_34' title="bbox 571 3512 2157 3585">
     <span class='ocr_line' id='line_1_34' title="bbox 571 3512 2157 3585; baseline 0.004 -19"><span class='ocrx_word' id='word_1_274' title='bbox 571 3512 638 3566; x_wconf 90' lang='lat' dir='ltr'><strong>de</strong></span> <span class='ocrx_word' id='word_1_275' title='bbox 659 3527 817 3566; x_wconf 88' lang='lat' dir='ltr'><strong>causa</strong></span> <span class='ocrx_word' id='word_1_276' title='bbox 846 3512 978 3567; x_wconf 81' lang='lat' dir='ltr'><strong>(lunt</strong></span> <span class='ocrx_word' id='word_1_277' title='bbox 1003 3514 1291 3569; x_wconf 82' lang='lat' dir='ltr'><strong>scandala?</strong></span> <span class='ocrx_word' id='word_1_278' title='bbox 1318 3514 1433 3568; x_wconf 89' lang='lat' dir='ltr'><strong>Non</strong></span> <span class='ocrx_word' id='word_1_279' title='bbox 1462 3515 1604 3581; x_wconf 89' lang='lat' dir='ltr'><strong>dico,</strong></span> <span class='ocrx_word' id='word_1_280' title='bbox 1643 3518 1781 3585; x_wconf 89' lang='lat' dir='ltr'><strong>quod</strong></span> <span class='ocrx_word' id='word_1_281' title='bbox 1816 3518 1923 3571; x_wconf 83' lang='lat' dir='ltr'><strong>Deo</strong></span> <span class='ocrx_word' id='word_1_282' title='bbox 1950 3517 2051 3573; x_wconf 92' lang='lat' dir='ltr'><strong>hoc</strong></span> <span class='ocrx_word' id='word_1_283' title='bbox 2076 3521 2157 3573; x_wconf 85' lang='lat' dir='ltr'><strong>fa-</strong></span> 
     </span>
    </p>
   </div>
   <div class='ocr_carea' id='block_1_35' title="bbox 570 3604 2157 3681">
    <p class='ocr_par' dir='ltr' id='par_1_35' title="bbox 570 3604 2157 3681">
     <span class='ocr_line' id='line_1_35' title="bbox 570 3604 2157 3681; baseline 0.006 -24"><span class='ocrx_word' id='word_1_284' title='bbox 570 3606 747 3659; x_wconf 86' lang='lat' dir='ltr'><strong>ciente</strong></span> <span class='ocrx_word' id='word_1_285' title='bbox 778 3618 790 3658; x_wconf 92' lang='lat'>:</span> <span class='ocrx_word' id='word_1_286' title='bbox 822 3604 995 3669; x_wconf 89' lang='lat' dir='ltr'><strong>absit;</strong></span> <span class='ocrx_word' id='word_1_287' title='bbox 1043 3605 1137 3659; x_wconf 91' lang='lat' dir='ltr'><strong>sed</strong></span> <span class='ocrx_word' id='word_1_288' title='bbox 1176 3606 1316 3676; x_wconf 91' lang='lat' dir='ltr'><strong>quod</strong></span> <span class='ocrx_word' id='word_1_289' title='bbox 1359 3608 1450 3662; x_wconf 91' lang='lat' dir='ltr'><strong>ille</strong></span> <span class='ocrx_word' id='word_1_290' title='bbox 1485 3624 1583 3677; x_wconf 90' lang='lat' dir='ltr'><strong>per</strong></span> <span class='ocrx_word' id='word_1_291' title='bbox 1618 3609 1827 3663; x_wconf 82' lang='lat' dir='ltr'><strong>Illorum</strong></span> <span class='ocrx_word' id='word_1_292' title='bbox 1868 3613 2157 3681; x_wconf 88' lang='lat' dir='ltr'><strong>nequitiam</strong></span> 
     </span>
    </p>
   </div>
   <div class='ocr_carea' id='block_1_36' title="bbox 570 3696 2161 3775">
    <p class='ocr_par' dir='ltr' id='par_1_36' title="bbox 570 3696 2161 3775">
     <span class='ocr_line' id='line_1_36' title="bbox 570 3696 2161 3775; baseline 0.008 -25"><span class='ocrx_word' id='word_1_293' title='bbox 570 3697 727 3751; x_wconf 88' lang='lat' dir='ltr'><strong>nobis</strong></span> <span class='ocrx_word' id='word_1_294' title='bbox 759 3696 1049 3753; x_wconf 84' lang='lat' dir='ltr'><strong>bencfaciat</strong></span> <span class='ocrx_word' id='word_1_295' title='bbox 1081 3715 1095 3751; x_wconf 93' lang='lat'><strong>:</strong></span> <span class='ocrx_word' id='word_1_296' title='bbox 1127 3714 1249 3754; x_wconf 90' lang='lat' dir='ltr'><strong>nam</strong></span> <span class='ocrx_word' id='word_1_297' title='bbox 1294 3701 1405 3770; x_wconf 87' lang='lat' dir='ltr'><strong>ipse</strong></span> <span class='ocrx_word' id='word_1_298' title='bbox 1446 3702 1530 3755; x_wconf 91' lang='lat' dir='ltr'><strong>illa</strong></span> <span class='ocrx_word' id='word_1_299' title='bbox 1576 3703 1687 3756; x_wconf 81' lang='lat' dir='ltr'><strong>fieri</strong></span> <span class='ocrx_word' id='word_1_300' title='bbox 1734 3720 2024 3775; x_wconf 82' lang='lat' dir='ltr'><strong>numquam</strong></span> <span class='ocrx_word' id='word_1_301' title='bbox 2066 3724 2161 3762; x_wconf 77' lang='lat' dir='ltr'><strong>vo-</strong></span> 
     </span>
    </p>
   </div>
   <div class='ocr_carea' id='block_1_37' title="bbox 571 3788 2155 3869">
    <p class='ocr_par' dir='ltr' id='par_1_37' title="bbox 571 3788 2155 3869">
     <span class='ocr_line' id='line_1_37' title="bbox 571 3788 2155 3869; baseline 0.009 -29"><span class='ocrx_word' id='word_1_302' title='bbox 571 3788 777 3846; x_wconf 80' lang='lat' dir='ltr'><strong>luisset.</strong></span> <span class='ocrx_word' id='word_1_303' title='bbox 807 3789 888 3844; x_wconf 87' lang='lat' dir='ltr'><strong>Da</strong></span> <span class='ocrx_word' id='word_1_304' title='bbox 914 3792 1047 3859; x_wconf 77' lang='lat' dir='ltr'><strong>illis,</strong></span> <span class='ocrx_word' id='word_1_305' title='bbox 1080 3792 1271 3862; x_wconf 88' lang='lat' dir='ltr'><strong>inquit,</strong></span> <span class='ocrx_word' id='word_1_306' title='bbox 1301 3805 1355 3847; x_wconf 81' lang='lat' dir='ltr'><strong>ut</strong></span> <span class='ocrx_word' id='word_1_307' title='bbox 1392 3810 1548 3847; x_wconf 82' lang='lat' dir='ltr'><strong>unum</strong></span> <span class='ocrx_word' id='word_1_308' title='bbox 1577 3796 1679 3849; x_wconf 82' lang='lat' dir='ltr'><strong>sint</strong></span> <span class='ocrx_word' id='word_1_309' title='bbox 1708 3796 1886 3865; x_wconf 82' lang='lat' dir='ltr'><strong>(Joan.</strong></span> <span class='ocrx_word' id='word_1_310' title='bbox 1927 3800 2007 3853; x_wconf 88' lang='lat' dir='ltr'><strong>l7.</strong></span> <span class='ocrx_word' id='word_1_311' title='bbox 2038 3799 2155 3869; x_wconf 77' lang='lat' dir='ltr'><strong>2i).</strong></span> 
     </span>
    </p>
   </div>
   <div class='ocr_carea' id='block_1_38' title="bbox 569 3872 2157 3959">
    <p class='ocr_par' dir='ltr' id='par_1_38' title="bbox 569 3872 2157 3959">
     <span class='ocr_line' id='line_1_38' title="bbox 569 3872 2157 3959; baseline 0.007 -21"><span class='ocrx_word' id='word_1_312' title='bbox 569 3882 702 3938; x_wconf 89' lang='lat' dir='ltr'><strong>Cum</strong></span> <span class='ocrx_word' id='word_1_313' title='bbox 748 3894 925 3940; x_wconf 86' lang='lat' dir='ltr'><strong>autem</strong></span> <span class='ocrx_word' id='word_1_314' title='bbox 975 3886 1222 3940; x_wconf 86' lang='lat' dir='ltr'><strong>scandala</strong></span> <span class='ocrx_word' id='word_1_315' title='bbox 1274 3888 1438 3954; x_wconf 83' lang='lat' dir='ltr'><strong>fiunt,</strong></span> <span class='ocrx_word' id='word_1_316' title='bbox 1473 3888 1602 3942; x_wconf 85' lang='lat' dir='ltr'><strong>nihil</strong></span> <span class='ocrx_word' id='word_1_317' title='bbox 1648 3872 1777 3959; x_wconf 76' lang='lat' dir='ltr'><strong>ipsis</strong></span> <span class='ocrx_word' id='word_1_318' title='bbox 1823 3902 2036 3959; x_wconf 88' lang='lat' dir='ltr'><strong>nocent,</strong></span> <span class='ocrx_word' id='word_1_319' title='bbox 2066 3894 2157 3949; x_wconf 88' lang='lat' dir='ltr'><strong>sed</strong></span> 
     </span>
    </p>
   </div>
   <div class='ocr_carea' id='block_1_39' title="bbox 573 3977 2157 4053">
    <p class='ocr_par' dir='ltr' id='par_1_39' title="bbox 573 3977 2157 4053">
     <span class='ocr_line' id='line_1_39' title="bbox 573 3977 2157 4053; baseline 0.005 -23"><span class='ocrx_word' id='word_1_320' title='bbox 573 3977 733 4030; x_wconf 89' lang='lat' dir='ltr'><strong>etiam</strong></span> <span class='ocrx_word' id='word_1_321' title='bbox 758 3985 982 4047; x_wconf 88' lang='lat' dir='ltr'><strong>prosunt</strong></span> <span class='ocrx_word' id='word_1_322' title='bbox 1000 3977 1135 4041; x_wconf 90' lang='lat' dir='ltr'><strong>illis;</strong></span> <span class='ocrx_word' id='word_1_323' title='bbox 1166 3978 1303 4031; x_wconf 90' lang='lat' dir='ltr'><strong>sicut</strong></span> <span class='ocrx_word' id='word_1_324' title='bbox 1322 3989 1373 4034; x_wconf 90' lang='lat' dir='ltr'><strong>et</strong></span> <span class='ocrx_word' id='word_1_325' title='bbox 1396 3980 1723 4049; x_wconf 73' lang='lat' dir='ltr'><strong>martyribus</strong></span> <span class='ocrx_word' id='word_1_326' title='bbox 1744 3982 1889 4037; x_wconf 89' lang='lat' dir='ltr'><strong>inviti</strong></span> <span class='ocrx_word' id='word_1_327' title='bbox 1914 3995 2157 4053; x_wconf 86' lang='lat' dir='ltr'><strong>prosunt,</strong></span> 
     </span>
    </p>
   </div>
   <div class='ocr_carea' id='block_1_40' title="bbox 572 4067 2159 4139">
    <p class='ocr_par' dir='ltr' id='par_1_40' title="bbox 572 4067 2159 4139">
     <span class='ocr_line' id='line_1_40' title="bbox 572 4067 2159 4139; baseline 0.006 -19"><span class='ocrx_word' id='word_1_328' title='bbox 572 4068 661 4137; x_wconf 90' lang='lat' dir='ltr'><strong>qui</strong></span> <span class='ocrx_word' id='word_1_329' title='bbox 691 4068 811 4121; x_wconf 90' lang='lat' dir='ltr'><strong>illos</strong></span> <span class='ocrx_word' id='word_1_330' title='bbox 837 4067 903 4121; x_wconf 88' lang='lat' dir='ltr'><strong>ad</strong></span> <span class='ocrx_word' id='word_1_331' title='bbox 932 4067 1242 4139; x_wconf 87' lang='lat' dir='ltr'><strong>martyrium</strong></span> <span class='ocrx_word' id='word_1_332' title='bbox 1278 4069 1524 4135; x_wconf 89' lang='lat' dir='ltr'><strong>trahunt;</strong></span> <span class='ocrx_word' id='word_1_333' title='bbox 1555 4086 1661 4125; x_wconf 94' lang='lat' dir='ltr'><strong>non</strong></span> <span class='ocrx_word' id='word_1_334' title='bbox 1687 4084 1864 4127; x_wconf 89' lang='lat' dir='ltr'><strong>tamen</strong></span> <span class='ocrx_word' id='word_1_335' title='bbox 1896 4089 1926 4128; x_wconf 89' lang='lat' dir='ltr'><strong>a</strong></span> <span class='ocrx_word' id='word_1_336' title='bbox 1954 4074 2063 4129; x_wconf 92' lang='lat' dir='ltr'><strong>Deo</strong></span> <span class='ocrx_word' id='word_1_337' title='bbox 2092 4075 2159 4130; x_wconf 88' lang='lat' dir='ltr'><strong>ad</strong></span> 
     </span>
    </p>
   </div>
   <div class='ocr_carea' id='block_1_41' title="bbox 576 4158 2162 4235">
    <p class='ocr_par' dir='ltr' id='par_1_41' title="bbox 576 4158 2162 4235">
     <span class='ocr_line' id='line_1_41' title="bbox 576 4158 2162 4235; baseline 0.006 -24"><span class='ocrx_word' id='word_1_338' title='bbox 576 4158 676 4213; x_wconf 85' lang='lat' dir='ltr'><strong>huc</strong></span> <span class='ocrx_word' id='word_1_339' title='bbox 704 4158 1047 4228; x_wconf 88' lang='lat' dir='ltr'><strong>impelluntur</strong></span> <span class='ocrx_word' id='word_1_340' title='bbox 1082 4176 1095 4212; x_wconf 91' lang='lat'><strong>:</strong></span> <span class='ocrx_word' id='word_1_341' title='bbox 1126 4159 1204 4214; x_wconf 89' lang='lat' dir='ltr'><strong>sic</strong></span> <span class='ocrx_word' id='word_1_342' title='bbox 1233 4170 1286 4214; x_wconf 89' lang='lat' dir='ltr'><strong>ct</strong></span> <span class='ocrx_word' id='word_1_343' title='bbox 1318 4163 1419 4216; x_wconf 91' lang='lat' dir='ltr'><strong>hoc</strong></span> <span class='ocrx_word' id='word_1_344' title='bbox 1449 4160 1588 4229; x_wconf 89' lang='lat' dir='ltr'><strong>loco,</strong></span> <span class='ocrx_word' id='word_1_345' title='bbox 1620 4177 1687 4216; x_wconf 91' lang='lat' dir='ltr'><strong>ne</strong></span> <span class='ocrx_word' id='word_1_346' title='bbox 1712 4163 1989 4219; x_wconf 86' lang='lat' dir='ltr'><strong>videamus</strong></span> <span class='ocrx_word' id='word_1_347' title='bbox 2018 4166 2162 4235; x_wconf 89' lang='lat' dir='ltr'><strong>quod</strong></span> 
     </span>
    </p>
   </div>
   <div class='ocr_carea' id='block_1_42' title="bbox 573 4251 2163 4327">
    <p class='ocr_par' dir='ltr' id='par_1_42' title="bbox 573 4251 2163 4327">
     <span class='ocr_line' id='line_1_42' title="bbox 573 4251 2163 4327; baseline 0.006 -22"><span class='ocrx_word' id='word_1_348' title='bbox 573 4252 721 4305; x_wconf 92' lang='lat' dir='ltr'><strong>multi</strong></span> <span class='ocrx_word' id='word_1_349' title='bbox 760 4251 1208 4307; x_wconf 82' lang='lat' dir='ltr'><strong>scandalizentur.</strong></span> <span class='ocrx_word' id='word_1_350' title='bbox 1253 4251 1365 4307; x_wconf 83' lang='lat' dir='ltr'><strong>Hoc</strong></span> <span class='ocrx_word' id='word_1_351' title='bbox 1404 4253 1659 4308; x_wconf 90' lang='lat' dir='ltr'><strong>indicium</strong></span> <span class='ocrx_word' id='word_1_352' title='bbox 1701 4264 1785 4309; x_wconf 89' lang='lat' dir='ltr'><strong>est</strong></span> <span class='ocrx_word' id='word_1_353' title='bbox 1820 4254 2011 4327; x_wconf 80' lang='lat' dir='ltr'><strong>dogma</strong></span> <span class='ocrx_word' id='word_1_354' title='bbox 2041 4272 2163 4314; x_wconf 89' lang='lat' dir='ltr'><strong>esse</strong></span> 
     </span>
    </p>
   </div>
   <div class='ocr_carea' id='block_1_43' title="bbox 575 4342 2163 4420">
    <p class='ocr_par' dir='ltr' id='par_1_43' title="bbox 575 4342 2163 4420">
     <span class='ocr_line' id='line_1_43' title="bbox 575 4342 2163 4420; baseline 0.008 -26"><span class='ocrx_word' id='word_1_355' title='bbox 575 4342 856 4407; x_wconf 82' lang='lat' dir='ltr'><strong>eximium,</strong></span> <span class='ocrx_word' id='word_1_356' title='bbox 891 4343 1033 4413; x_wconf 89' lang='lat' dir='ltr'><strong>quod</strong></span> <span class='ocrx_word' id='word_1_357' title='bbox 1079 4344 1231 4398; x_wconf 90' lang='lat' dir='ltr'><strong>multi</strong></span> <span class='ocrx_word' id='word_1_358' title='bbox 1272 4345 1525 4400; x_wconf 91' lang='lat' dir='ltr'><strong>simulent</strong></span> <span class='ocrx_word' id='word_1_359' title='bbox 1552 4354 1607 4401; x_wconf 90' lang='lat' dir='ltr'><strong>et</strong></span> <span class='ocrx_word' id='word_1_360' title='bbox 1637 4347 1911 4401; x_wconf 89' lang='lat' dir='ltr'><strong>imitentur</strong></span> <span class='ocrx_word' id='word_1_361' title='bbox 1942 4365 1957 4402; x_wconf 87' lang='lat'><strong>:</strong></span> <span class='ocrx_word' id='word_1_362' title='bbox 1988 4364 2163 4420; x_wconf 88' lang='lat' dir='ltr'><strong>neque</strong></span> 
     </span>
    </p>
   </div>
   <div class='ocr_carea' id='block_1_44' title="bbox 575 4433 2164 4509">
    <p class='ocr_par' dir='ltr' id='par_1_44' title="bbox 575 4433 2164 4509">
     <span class='ocr_line' id='line_1_44' title="bbox 575 4433 2164 4509; baseline 0.006 -23"><span class='ocrx_word' id='word_1_363' title='bbox 575 4437 717 4486; x_wconf 87' lang='lat' dir='ltr'><strong>enim</strong></span> <span class='ocrx_word' id='word_1_364' title='bbox 744 4433 1059 4490; x_wconf 86' lang='lat' dir='ltr'><strong>simularent</strong></span> <span class='ocrx_word' id='word_1_365' title='bbox 1086 4436 1187 4489; x_wconf 81' lang='lat' dir='ltr'><strong>nisi</strong></span> <span class='ocrx_word' id='word_1_366' title='bbox 1220 4434 1420 4490; x_wconf 89' lang='lat' dir='ltr'><strong>bonum</strong></span> <span class='ocrx_word' id='word_1_367' title='bbox 1447 4446 1609 4491; x_wconf 82' lang='lat' dir='ltr'><strong>esset.</strong></span> <span class='ocrx_word' id='word_1_368' title='bbox 1653 4436 1720 4492; x_wconf 87' lang='lat' dir='ltr'><strong>Et</strong></span> <span class='ocrx_word' id='word_1_369' title='bbox 1749 4436 1851 4493; x_wconf 92' lang='lat' dir='ltr'><strong>hoc</strong></span> <span class='ocrx_word' id='word_1_370' title='bbox 1873 4438 1983 4509; x_wconf 91' lang='lat' dir='ltr'><strong>jam</strong></span> <span class='ocrx_word' id='word_1_371' title='bbox 2011 4441 2164 4496; x_wconf 82' lang='lat' dir='ltr'><strong>vobis</strong></span> 
     </span>
    </p>
   </div>
   <div class='ocr_carea' id='block_1_45' title="bbox 578 4524 996 4595">
    <p class='ocr_par' dir='ltr' id='par_1_45' title="bbox 578 4524 996 4595">
     <span class='ocr_line' id='line_1_45' title="bbox 578 4524 996 4595; baseline 0.005 -18"><span class='ocrx_word' id='word_1_372' title='bbox 578 4526 750 4595; x_wconf 80' lang='lat' dir='ltr'><strong>palam</strong></span> <span class='ocrx_word' id='word_1_373' title='bbox 784 4524 996 4581; x_wconf 80' lang='lat' dir='ltr'><strong>faciam.</strong></span> 
     </span>
    </p>
   </div>
   <div class='ocr_carea' id='block_1_46' title="bbox 647 4617 2165 4689">
    <p class='ocr_par' dir='ltr' id='par_1_46' title="bbox 647 4617 2165 4689">
     <span class='ocr_line' id='line_1_46' title="bbox 647 4617 2165 4689; baseline 0.007 -18"><span class='ocrx_word' id='word_1_374' title='bbox 647 4618 701 4672; x_wconf 74' lang='grc'><strong>4.</strong></span> <span class='ocrx_word' id='word_1_375' title='bbox 722 4617 995 4688; x_wconf 83' lang='lat' dir='ltr'><strong>Unguenta</strong></span> <span class='ocrx_word' id='word_1_376' title='bbox 1014 4634 1131 4688; x_wconf 69' lang='lat' dir='ltr'><strong>qum</strong></span> <span class='ocrx_word' id='word_1_377' title='bbox 1144 4618 1430 4689; x_wconf 76' lang='lat' dir='ltr'><strong>fragrantia</strong></span> <span class='ocrx_word' id='word_1_378' title='bbox 1449 4630 1593 4686; x_wconf 86' lang='lat' dir='ltr'><strong>sunt,</strong></span> <span class='ocrx_word' id='word_1_379' title='bbox 1614 4637 1643 4676; x_wconf 89' lang='lat' dir='ltr'><strong>a</strong></span> <span class='ocrx_word' id='word_1_380' title='bbox 1666 4624 1846 4679; x_wconf 91' lang='lat' dir='ltr'><strong>multis</strong></span> <span class='ocrx_word' id='word_1_381' title='bbox 1861 4624 2165 4681; x_wconf 88' lang='lat' dir='ltr'><strong>adulteran-</strong></span> 
     </span>
    </p>
   </div>
   <div class='ocr_carea' id='block_1_47' title="bbox 576 4708 2164 4781">
    <p class='ocr_par' dir='ltr' id='par_1_47' title="bbox 576 4708 2164 4781">
     <span class='ocr_line' id='line_1_47' title="bbox 576 4708 2164 4781; baseline 0.005 -18"><span class='ocrx_word' id='word_1_382' title='bbox 576 4716 684 4774; x_wconf 90' lang='lat' dir='ltr'><strong>tur,</strong></span> <span class='ocrx_word' id='word_1_383' title='bbox 715 4719 770 4763; x_wconf 91' lang='lat' dir='ltr'><strong>ut</strong></span> <span class='ocrx_word' id='word_1_384' title='bbox 791 4749 804 4773; x_wconf 88' lang='lat'><strong>,</strong></span> <span class='ocrx_word' id='word_1_385' title='bbox 838 4708 983 4764; x_wconf 76' lang='lat' dir='ltr'><strong>verbi</strong></span> <span class='ocrx_word' id='word_1_386' title='bbox 1014 4710 1179 4779; x_wconf 85' lang='lat' dir='ltr'><strong>gratia</strong></span> <span class='ocrx_word' id='word_1_387' title='bbox 1200 4750 1215 4777; x_wconf 92' lang='lat'><strong>,</strong></span> <span class='ocrx_word' id='word_1_388' title='bbox 1252 4710 1433 4765; x_wconf 82' lang='lat' dir='ltr'><strong>folium</strong></span> <span class='ocrx_word' id='word_1_389' title='bbox 1461 4714 1679 4767; x_wconf 89' lang='lat' dir='ltr'><strong>amomi.</strong></span> <span class='ocrx_word' id='word_1_390' title='bbox 1710 4714 1843 4781; x_wconf 86' lang='lat' dir='ltr'><strong>Quia</strong></span> <span class='ocrx_word' id='word_1_391' title='bbox 1872 4716 2015 4771; x_wconf 90' lang='lat' dir='ltr'><strong>enim</strong></span> <span class='ocrx_word' id='word_1_392' title='bbox 2045 4733 2164 4771; x_wconf 88' lang='lat' dir='ltr'><strong>rara</strong></span> 
     </span>
    </p>
   </div>
   <div class='ocr_carea' id='block_1_48' title="bbox 580 4802 2169 4878">
    <p class='ocr_par' dir='ltr' id='par_1_48' title="bbox 580 4802 2169 4878">
     <span class='ocr_line' id='line_1_48' title="bbox 580 4802 2169 4878; baseline 0.007 -25"><span class='ocrx_word' id='word_1_393' title='bbox 580 4810 702 4855; x_wconf 82' lang='lat' dir='ltr'><strong>sunt</strong></span> <span class='ocrx_word' id='word_1_394' title='bbox 722 4810 776 4855; x_wconf 89' lang='lat' dir='ltr'><strong>et</strong></span> <span class='ocrx_word' id='word_1_395' title='bbox 803 4805 1123 4866; x_wconf 86' lang='lat' dir='ltr'><strong>necessaria,</strong></span> <span class='ocrx_word' id='word_1_396' title='bbox 1142 4802 1303 4857; x_wconf 87' lang='lat' dir='ltr'><strong>multa</strong></span> <span class='ocrx_word' id='word_1_397' title='bbox 1321 4804 1500 4872; x_wconf 89' lang='lat' dir='ltr'><strong>spuria</strong></span> <span class='ocrx_word' id='word_1_398' title='bbox 1527 4804 1676 4859; x_wconf 88' lang='lat' dir='ltr'><strong>fiunt.</strong></span> <span class='ocrx_word' id='word_1_399' title='bbox 1710 4806 1879 4862; x_wconf 86' lang='lat' dir='ltr'><strong>Nemo</strong></span> <span class='ocrx_word' id='word_1_400' title='bbox 1900 4807 2059 4878; x_wconf 87' lang='lat' dir='ltr'><strong>igitur</strong></span> <span class='ocrx_word' id='word_1_401' title='bbox 2082 4825 2169 4865; x_wconf 87' lang='lat' dir='ltr'><strong>vo-</strong></span> 
     </span>
    </p>
   </div>
   <div class='ocr_carea' id='block_1_49' title="bbox 583 4894 2169 4967">
    <p class='ocr_par' dir='ltr' id='par_1_49' title="bbox 583 4894 2169 4967">
     <span class='ocr_line' id='line_1_49' title="bbox 583 4894 2169 4967; baseline 0.005 -19"><span class='ocrx_word' id='word_1_402' title='bbox 583 4894 740 4949; x_wconf 90' lang='lat' dir='ltr'><strong>luerit</strong></span> <span class='ocrx_word' id='word_1_403' title='bbox 778 4910 887 4949; x_wconf 89' lang='lat' dir='ltr'><strong>rem</strong></span> <span class='ocrx_word' id='word_1_404' title='bbox 920 4894 1078 4949; x_wconf 89' lang='lat' dir='ltr'><strong>vilem</strong></span> <span class='ocrx_word' id='word_1_405' title='bbox 1115 4894 1439 4951; x_wconf 87' lang='lat' dir='ltr'><strong>adulterare.</strong></span> <span class='ocrx_word' id='word_1_406' title='bbox 1480 4896 1597 4951; x_wconf 83' lang='lat' dir='ltr'><strong>Vita</strong></span> <span class='ocrx_word' id='word_1_407' title='bbox 1627 4912 1757 4967; x_wconf 90' lang='lat' dir='ltr'><strong>pura</strong></span> <span class='ocrx_word' id='word_1_408' title='bbox 1786 4900 1982 4955; x_wconf 92' lang='lat' dir='ltr'><strong>multos</strong></span> <span class='ocrx_word' id='word_1_409' title='bbox 2011 4900 2169 4956; x_wconf 85' lang='lat' dir='ltr'><strong>habet</strong></span> 
     </span>
    </p>
   </div>
   <div class='ocr_carea' id='block_1_50' title="bbox 582 4986 2170 5057">
    <p class='ocr_par' dir='ltr' id='par_1_50' title="bbox 582 4986 2170 5057">
     <span class='ocr_line' id='line_1_50' title="bbox 582 4986 2170 5057; baseline 0.005 -16"><span class='ocrx_word' id='word_1_410' title='bbox 582 4987 672 5057; x_wconf 88' lang='lat' dir='ltr'><strong>qui</strong></span> <span class='ocrx_word' id='word_1_411' title='bbox 699 5001 756 5040; x_wconf 90' lang='lat' dir='ltr'><strong>se</strong></span> <span class='ocrx_word' id='word_1_412' title='bbox 781 4986 1081 5041; x_wconf 88' lang='lat' dir='ltr'><strong>adulterent</strong></span> <span class='ocrx_word' id='word_1_413' title='bbox 1112 5006 1126 5041; x_wconf 87' lang='lat'><strong>:</strong></span> <span class='ocrx_word' id='word_1_414' title='bbox 1157 5003 1315 5043; x_wconf 90' lang='lat' dir='ltr'><strong>nemo</strong></span> <span class='ocrx_word' id='word_1_415' title='bbox 1338 4997 1515 5043; x_wconf 88' lang='lat' dir='ltr'><strong>autem</strong></span> <span class='ocrx_word' id='word_1_416' title='bbox 1545 4991 1800 5047; x_wconf 87' lang='lat' dir='ltr'><strong>simulare</strong></span> <span class='ocrx_word' id='word_1_417' title='bbox 1830 5008 1888 5048; x_wconf 91' lang='lat' dir='ltr'><strong>se</strong></span> <span class='ocrx_word' id='word_1_418' title='bbox 1911 4994 2037 5049; x_wconf 83' lang='lat' dir='ltr'><strong>velit</strong></span> <span class='ocrx_word' id='word_1_419' title='bbox 2070 4994 2170 5049; x_wconf 86' lang='lat' dir='ltr'><strong>im-</strong></span> 
     </span>
    </p>
   </div>
   <div class='ocr_carea' id='block_1_51' title="bbox 583 5078 2171 5154">
    <p class='ocr_par' dir='ltr' id='par_1_51' title="bbox 583 5078 2171 5154">
     <span class='ocr_line' id='line_1_51' title="bbox 583 5078 2171 5154; baseline 0.006 -22"><span class='ocrx_word' id='word_1_420' title='bbox 583 5078 835 5149; x_wconf 87' lang='lat' dir='ltr'><strong>probum,</strong></span> <span class='ocrx_word' id='word_1_421' title='bbox 859 5078 950 5133; x_wconf 88' lang='lat' dir='ltr'><strong>sed</strong></span> <span class='ocrx_word' id='word_1_422' title='bbox 981 5078 1156 5147; x_wconf 88' lang='lat' dir='ltr'><strong>potius</strong></span> <span class='ocrx_word' id='word_1_423' title='bbox 1181 5079 1523 5133; x_wconf 90' lang='lat' dir='ltr'><strong>monachum.</strong></span> <span class='ocrx_word' id='word_1_424' title='bbox 1556 5082 1691 5149; x_wconf 86' lang='lat' dir='ltr'><strong>Quid</strong></span> <span class='ocrx_word' id='word_1_425' title='bbox 1722 5099 1850 5153; x_wconf 83' lang='lat' dir='ltr'><strong>ergo</strong></span> <span class='ocrx_word' id='word_1_426' title='bbox 1879 5086 2171 5154; x_wconf 85' lang='lat' dir='ltr'><strong>gentilibus</strong></span> 
     </span>
    </p>
   </div>
   <div class='ocr_carea' id='block_1_52' title="bbox 583 5169 2170 5240">
    <p class='ocr_par' dir='ltr' id='par_1_52' title="bbox 583 5169 2170 5240">
     <span class='ocr_line' id='line_1_52' title="bbox 583 5169 2170 5240; baseline 0.004 -14"><span class='ocrx_word' id='word_1_427' title='bbox 583 5170 915 5226; x_wconf 86' lang='lat' dir='ltr'><strong>dixerimus?</strong></span> <span class='ocrx_word' id='word_1_428' title='bbox 944 5169 1102 5225; x_wconf 83' lang='lat' dir='ltr'><strong>Venit</strong></span> <span class='ocrx_word' id='word_1_429' title='bbox 1133 5170 1345 5240; x_wconf 90' lang='lat' dir='ltr'><strong>gentilis</strong></span> <span class='ocrx_word' id='word_1_430' title='bbox 1376 5180 1430 5227; x_wconf 89' lang='lat' dir='ltr'><strong>et</strong></span> <span class='ocrx_word' id='word_1_431' title='bbox 1454 5172 1568 5238; x_wconf 87' lang='lat' dir='ltr'><strong>ait,</strong></span> <span class='ocrx_word' id='word_1_432' title='bbox 1598 5173 1733 5229; x_wconf 81' lang='lat' dir='ltr'><strong>Volo</strong></span> <span class='ocrx_word' id='word_1_433' title='bbox 1764 5176 1876 5231; x_wconf 86' lang='lat' dir='ltr'><strong>fieri</strong></span> <span class='ocrx_word' id='word_1_434' title='bbox 1906 5176 2170 5232; x_wconf 87' lang='lat' dir='ltr'><strong>Christia-</strong></span> 
     </span>
    </p>
   </div>
   <div class='ocr_carea' id='block_1_53' title="bbox 581 5263 2167 5338">
    <p class='ocr_par' dir='ltr' id='par_1_53' title="bbox 581 5263 2167 5338">
     <span class='ocr_line' id='line_1_53' title="bbox 581 5263 2167 5338; baseline 0.004 -19"><span class='ocrx_word' id='word_1_435' title='bbox 581 5278 703 5329; x_wconf 88' lang='lat' dir='ltr'><strong>nus,</strong></span> <span class='ocrx_word' id='word_1_436' title='bbox 733 5264 827 5318; x_wconf 88' lang='lat' dir='ltr'><strong>sed</strong></span> <span class='ocrx_word' id='word_1_437' title='bbox 853 5264 1033 5319; x_wconf 87' lang='lat' dir='ltr'><strong>nescio</strong></span> <span class='ocrx_word' id='word_1_438' title='bbox 1060 5264 1143 5318; x_wconf 93' lang='lat' dir='ltr'><strong>cui</strong></span> <span class='ocrx_word' id='word_1_439' title='bbox 1170 5263 1473 5319; x_wconf 67' lang='lat' dir='ltr'><strong>adhazream</strong></span> <span class='ocrx_word' id='word_1_440' title='bbox 1506 5285 1518 5320; x_wconf 88' lang='lat'><strong><em>:</em></strong></span> <span class='ocrx_word' id='word_1_441' title='bbox 1550 5268 1731 5321; x_wconf 66' lang='lat' dir='ltr'><strong>multa:</strong></span> <span class='ocrx_word' id='word_1_442' title='bbox 1760 5269 1897 5338; x_wconf 87' lang='lat' dir='ltr'><strong>apud</strong></span> <span class='ocrx_word' id='word_1_443' title='bbox 1931 5286 2025 5324; x_wconf 89' lang='lat' dir='ltr'><strong>vos</strong></span> <span class='ocrx_word' id='word_1_444' title='bbox 2047 5281 2167 5326; x_wconf 78' lang='lat' dir='ltr'><strong>sunt</strong></span> 
     </span>
    </p>
   </div>
   <div class='ocr_carea' id='block_1_54' title="bbox 584 5355 2171 5431">
    <p class='ocr_par' dir='ltr' id='par_1_54' title="bbox 584 5355 2171 5431">
     <span class='ocr_line' id='line_1_54' title="bbox 584 5355 2171 5431; baseline 0.004 -22"><span class='ocrx_word' id='word_1_445' title='bbox 584 5370 795 5425; x_wconf 66' lang='lat' dir='ltr'><strong>pugnae,</strong></span> <span class='ocrx_word' id='word_1_446' title='bbox 821 5355 1114 5410; x_wconf 88' lang='lat' dir='ltr'><strong>seditiones</strong></span> <span class='ocrx_word' id='word_1_447' title='bbox 1139 5366 1193 5409; x_wconf 88' lang='lat' dir='ltr'><strong>et</strong></span> <span class='ocrx_word' id='word_1_448' title='bbox 1216 5358 1473 5412; x_wconf 91' lang='lat' dir='ltr'><strong>tumultus</strong></span> <span class='ocrx_word' id='word_1_449' title='bbox 1502 5376 1514 5410; x_wconf 94' lang='lat'><strong>:</strong></span> <span class='ocrx_word' id='word_1_450' title='bbox 1541 5358 1681 5429; x_wconf 90' lang='lat' dir='ltr'><strong>quod</strong></span> <span class='ocrx_word' id='word_1_451' title='bbox 1714 5360 1904 5429; x_wconf 88' lang='lat' dir='ltr'><strong>dogma</strong></span> <span class='ocrx_word' id='word_1_452' title='bbox 1933 5361 2171 5431; x_wconf 80' lang='lat' dir='ltr'><strong>eligam?</strong></span> 
     </span>
    </p>
   </div>
   <div class='ocr_carea' id='block_1_55' title="bbox 583 5446 2167 5520">
    <p class='ocr_par' dir='ltr' id='par_1_55' title="bbox 583 5446 2167 5520">
     <span class='ocr_line' id='line_1_55' title="bbox 583 5446 2167 5520; baseline 0.004 -18"><span class='ocrx_word' id='word_1_453' title='bbox 583 5450 722 5518; x_wconf 90' lang='lat' dir='ltr'><strong>quod</strong></span> <span class='ocrx_word' id='word_1_454' title='bbox 753 5448 1068 5518; x_wconf 67' lang='lat' dir='ltr'><strong>praeferam?</strong></span> <span class='ocrx_word' id='word_1_455' title='bbox 1095 5446 1301 5517; x_wconf 89' lang='lat' dir='ltr'><strong>Singuli</strong></span> <span class='ocrx_word' id='word_1_456' title='bbox 1329 5450 1511 5503; x_wconf 89' lang='lat' dir='ltr'><strong>dicunt</strong></span> <span class='ocrx_word' id='word_1_457' title='bbox 1543 5469 1555 5505; x_wconf 94' lang='lat'><strong>:</strong></span> <span class='ocrx_word' id='word_1_458' title='bbox 1579 5450 1693 5520; x_wconf 89' lang='lat' dir='ltr'><strong>Ego</strong></span> <span class='ocrx_word' id='word_1_459' title='bbox 1717 5453 1995 5508; x_wconf 85' lang='lat' dir='ltr'><strong>veritatem</strong></span> <span class='ocrx_word' id='word_1_460' title='bbox 2028 5454 2167 5509; x_wconf 81' lang='lat' dir='ltr'><strong>dico.</strong></span> 
     </span>
    </p>
   </div>
   <div class='ocr_carea' id='block_1_56' title="bbox 584 5540 2171 5612">
    <p class='ocr_par' dir='ltr' id='par_1_56' title="bbox 584 5540 2171 5612">
     <span class='ocr_line' id='line_1_56' title="bbox 584 5540 2171 5612; baseline 0.004 -17"><span class='ocrx_word' id='word_1_461' title='bbox 584 5540 682 5595; x_wconf 92' lang='lat' dir='ltr'><strong>Cui</strong></span> <span class='ocrx_word' id='word_1_462' title='bbox 727 5542 977 5605; x_wconf 57' lang='lat' dir='ltr'><strong>cedam,</strong></span> <span class='ocrx_word' id='word_1_463' title='bbox 1022 5541 1112 5612; x_wconf 91' lang='lat' dir='ltr'><strong>qui</strong></span> <span class='ocrx_word' id='word_1_464' title='bbox 1158 5541 1289 5596; x_wconf 90' lang='lat' dir='ltr'><strong>nihil</strong></span> <span class='ocrx_word' id='word_1_465' title='bbox 1334 5540 1723 5611; x_wconf 87' lang='lat' dir='ltr'><strong>Scripturarum</strong></span> <span class='ocrx_word' id='word_1_466' title='bbox 1764 5544 1971 5599; x_wconf 84' lang='lat' dir='ltr'><strong>sciam?</strong></span> <span class='ocrx_word' id='word_1_467' title='bbox 2001 5545 2066 5599; x_wconf 87' lang='lat' dir='ltr'><strong>Et</strong></span> <span class='ocrx_word' id='word_1_468' title='bbox 2095 5546 2171 5601; x_wconf 90' lang='lat' dir='ltr'><strong>illi</strong></span> 
     </span>
    </p>
   </div>
   <div class='ocr_carea' id='block_1_57' title="bbox 586 5633 2169 5703">
    <p class='ocr_par' dir='ltr' id='par_1_57' title="bbox 586 5633 2169 5703">
     <span class='ocr_line' id='line_1_57' title="bbox 586 5633 2169 5703; baseline 0.003 -15"><span class='ocrx_word' id='word_1_469' title='bbox 586 5633 839 5701; x_wconf 89' lang='lat' dir='ltr'><strong>utrinque</strong></span> <span class='ocrx_word' id='word_1_470' title='bbox 879 5633 1018 5687; x_wconf 90' lang='lat' dir='ltr'><strong>idem</strong></span> <span class='ocrx_word' id='word_1_471' title='bbox 1070 5633 1369 5703; x_wconf 80' lang='lat' dir='ltr'><strong>proferunt.</strong></span> <span class='ocrx_word' id='word_1_472' title='bbox 1410 5633 1552 5688; x_wconf 86' lang='lat' dir='ltr'><strong>Sane</strong></span> <span class='ocrx_word' id='word_1_473' title='bbox 1583 5634 1685 5689; x_wconf 90' lang='lat' dir='ltr'><strong>hoc</strong></span> <span class='ocrx_word' id='word_1_474' title='bbox 1712 5634 2000 5691; x_wconf 89' lang='lat' dir='ltr'><strong>admodum</strong></span> <span class='ocrx_word' id='word_1_475' title='bbox 2033 5637 2091 5690; x_wconf 88' lang='lat' dir='ltr'><strong>Iit</strong></span> <span class='ocrx_word' id='word_1_476' title='bbox 2116 5637 2169 5692; x_wconf 90' lang='lat' dir='ltr'><strong>in</strong></span> 
     </span>
    </p>
   </div>
   <div class='ocr_carea' id='block_1_58' title="bbox 587 5723 2167 5801">
    <p class='ocr_par' dir='ltr' id='par_1_58' title="bbox 587 5723 2167 5801">
     <span class='ocr_line' id='line_1_58' title="bbox 587 5723 2167 5801; baseline 0.003 -21"><span class='ocrx_word' id='word_1_477' title='bbox 587 5723 762 5780; x_wconf 80' lang='lat' dir='ltr'><strong>nobis.</strong></span> <span class='ocrx_word' id='word_1_478' title='bbox 795 5723 925 5777; x_wconf 85' lang='lat' dir='ltr'><strong>Nam</strong></span> <span class='ocrx_word' id='word_1_479' title='bbox 951 5724 995 5777; x_wconf 91' lang='lat' dir='ltr'><strong>si</strong></span> <span class='ocrx_word' id='word_1_480' title='bbox 1023 5724 1238 5793; x_wconf 91' lang='lat' dir='ltr'><strong>quidem</strong></span> <span class='ocrx_word' id='word_1_481' title='bbox 1268 5724 1572 5780; x_wconf 88' lang='lat' dir='ltr'><strong>diceremus</strong></span> <span class='ocrx_word' id='word_1_482' title='bbox 1601 5739 1697 5779; x_wconf 88' lang='lat' dir='ltr'><strong>nos</strong></span> <span class='ocrx_word' id='word_1_483' title='bbox 1726 5726 2021 5801; x_wconf 82' lang='lat' dir='ltr'><strong>ratiociniis</strong></span> <span class='ocrx_word' id='word_1_484' title='bbox 2044 5743 2167 5784; x_wconf 90' lang='lat' dir='ltr'><strong>cre-</strong></span> 
     </span>
    </p>
   </div>
   <div class='ocr_carea' id='block_1_59' title="bbox 588 5817 2171 5888">
    <p class='ocr_par' dir='ltr' id='par_1_59' title="bbox 588 5817 2171 5888">
     <span class='ocr_line' id='line_1_59' title="bbox 588 5817 2171 5888; baseline 0.003 -15"><span class='ocrx_word' id='word_1_485' title='bbox 588 5818 717 5873; x_wconf 87' lang='lat' dir='ltr'><strong>dere</strong></span> <span class='ocrx_word' id='word_1_486' title='bbox 742 5858 755 5882; x_wconf 88' lang='lat'><strong>.</strong></span> <span class='ocrx_word' id='word_1_487' title='bbox 795 5818 985 5871; x_wconf 90' lang='lat' dir='ltr'><strong>merito</strong></span> <span class='ocrx_word' id='word_1_488' title='bbox 1017 5817 1307 5872; x_wconf 87' lang='lat' dir='ltr'><strong>turbareris</strong></span> <span class='ocrx_word' id='word_1_489' title='bbox 1332 5837 1345 5873; x_wconf 92' lang='lat'>:</span> <span class='ocrx_word' id='word_1_490' title='bbox 1375 5818 1418 5873; x_wconf 91' lang='lat' dir='ltr'><strong>si</strong></span> <span class='ocrx_word' id='word_1_491' title='bbox 1451 5834 1577 5873; x_wconf 85' lang='lat' dir='ltr'><strong>vero</strong></span> <span class='ocrx_word' id='word_1_492' title='bbox 1607 5818 1896 5888; x_wconf 84' lang='lat' dir='ltr'><strong>Scripturis</strong></span> <span class='ocrx_word' id='word_1_493' title='bbox 1926 5836 2023 5876; x_wconf 91' lang='lat' dir='ltr'><strong>nos</strong></span> <span class='ocrx_word' id='word_1_494' title='bbox 2052 5837 2171 5878; x_wconf 83' lang='lat' dir='ltr'><strong>cre-</strong></span> 
     </span>
    </p>
   </div>
   <div class='ocr_carea' id='block_1_60' title="bbox 592 5909 2168 5987">
    <p class='ocr_par' dir='ltr' id='par_1_60' title="bbox 592 5909 2168 5987">
     <span class='ocr_line' id='line_1_60' title="bbox 592 5909 2168 5987; baseline 0.006 -23"><span class='ocrx_word' id='word_1_495' title='bbox 592 5909 715 5966; x_wconf 85' lang='lat' dir='ltr'><strong>dere</strong></span> <span class='ocrx_word' id='word_1_496' title='bbox 747 5912 1017 5979; x_wconf 85' lang='lat' dir='ltr'><strong>dicamus,</strong></span> <span class='ocrx_word' id='word_1_497' title='bbox 1054 5911 1220 5984; x_wconf 87' lang='lat' dir='ltr'><strong>iisque</strong></span> <span class='ocrx_word' id='word_1_498' title='bbox 1248 5915 1579 5987; x_wconf 88' lang='lat' dir='ltr'><strong>simplicibus</strong></span> <span class='ocrx_word' id='word_1_499' title='bbox 1607 5926 1660 5972; x_wconf 87' lang='lat' dir='ltr'><strong>et</strong></span> <span class='ocrx_word' id='word_1_500' title='bbox 1691 5917 1860 5986; x_wconf 83' lang='lat' dir='ltr'><strong>veris,</strong></span> <span class='ocrx_word' id='word_1_501' title='bbox 1898 5919 2048 5975; x_wconf 80' lang='lat' dir='ltr'><strong>facile</strong></span> <span class='ocrx_word' id='word_1_502' title='bbox 2078 5920 2168 5975; x_wconf 89' lang='lat' dir='ltr'><strong>tibi</strong></span> 
     </span>
    </p>
   </div>
   <div class='ocr_carea' id='block_1_61' title="bbox 1286 463 3085 538">
    <p class='ocr_par' dir='ltr' id='par_1_61' title="bbox 1286 463 3085 538">
     <span class='ocr_line' id='line_1_61' title="bbox 1286 463 3085 538; baseline -0.011 0"><span class='ocrx_word' id='word_1_503' title='bbox 1286 480 1345 538; x_wconf 69' lang='grc'><strong>3.</strong></span> <span class='ocrx_word' id='word_1_504' title='bbox 1382 476 1657 537; x_wconf 73' lang='lat' dir='ltr'><strong>JOANNlS</strong></span> <span class='ocrx_word' id='word_1_505' title='bbox 1693 470 2159 533; x_wconf 75' lang='lat' dir='ltr'><strong>CllllYSOSTOMl</strong></span> <span class='ocrx_word' id='word_1_506' title='bbox 2198 464 2512 525; x_wconf 75' lang='lat' dir='ltr'><strong>ARCIIIEP.</strong></span> <span class='ocrx_word' id='word_1_507' title='bbox 2554 463 3085 522; x_wconf 75' lang='lat' dir='ltr'><strong>CONSTANTINOP.</strong></span> 
     </span>
    </p>
   </div>
   <div class='ocr_carea' id='block_1_62' title="bbox 3732 469 3845 526">
    <p class='ocr_par' dir='ltr' id='par_1_62' title="bbox 3732 469 3845 526">
     <span class='ocr_line' id='line_1_62' title="bbox 3732 469 3845 526; baseline 0.018 -2"><span class='ocrx_word' id='word_1_508' title='bbox 3732 469 3845 526; x_wconf 66' lang='grc' dir='ltr'><strong>ΞΗ</strong></span> 
     </span>
    </p>
   </div>
   <div class='ocr_carea' id='block_1_63' title="bbox 2250 582 3843 654">
    <p class='ocr_par' dir='ltr' id='par_1_63' title="bbox 2250 582 3843 654">
     <span class='ocr_line' id='line_1_63' title="bbox 2250 582 3843 654; baseline 0.006 -19"><span class='ocrx_word' id='word_1_509' title='bbox 2250 583 2407 637; x_wconf 88' lang='lat' dir='ltr'><strong>fuerit</strong></span> <span class='ocrx_word' id='word_1_510' title='bbox 2427 582 2690 649; x_wconf 80' lang='lat' dir='ltr'><strong>judicare.</strong></span> <span class='ocrx_word' id='word_1_511' title='bbox 2716 582 2771 637; x_wconf 88' lang='lat' dir='ltr'><strong>Si</strong></span> <span class='ocrx_word' id='word_1_512' title='bbox 2790 584 2908 651; x_wconf 78' lang='lat' dir='ltr'><strong>quis</strong></span> <span class='ocrx_word' id='word_1_513' title='bbox 2930 601 3050 639; x_wconf 88' lang='lat' dir='ltr'><strong>cum</strong></span> <span class='ocrx_word' id='word_1_514' title='bbox 3074 584 3178 640; x_wconf 92' lang='lat' dir='ltr'><strong>illis</strong></span> <span class='ocrx_word' id='word_1_515' title='bbox 3198 588 3485 654; x_wconf 65' lang='lat' dir='ltr'><strong>consentit,</strong></span> <span class='ocrx_word' id='word_1_516' title='bbox 3501 587 3843 645; x_wconf 77' lang='lat' dir='ltr'><strong>Christianus</strong></span> 
     </span>
    </p>
   </div>
   <div class='ocr_carea' id='block_1_64' title="bbox 2245 673 3840 745">
    <p class='ocr_par' dir='ltr' id='par_1_64' title="bbox 2245 673 3840 745">
     <span class='ocr_line' id='line_1_64' title="bbox 2245 673 3840 745; baseline 0.005 -20"><span class='ocrx_word' id='word_1_517' title='bbox 2245 684 2360 739; x_wconf 76' lang='lat' dir='ltr'><strong>est;</strong></span> <span class='ocrx_word' id='word_1_518' title='bbox 2392 673 2435 727; x_wconf 92' lang='lat' dir='ltr'><strong>si</strong></span> <span class='ocrx_word' id='word_1_519' title='bbox 2480 682 2680 742; x_wconf 82' lang='lat' dir='ltr'><strong>pugnat</strong></span> <span class='ocrx_word' id='word_1_520' title='bbox 2721 689 2843 728; x_wconf 92' lang='lat' dir='ltr'><strong>cum</strong></span> <span class='ocrx_word' id='word_1_521' title='bbox 2891 674 3018 741; x_wconf 90' lang='lat' dir='ltr'><strong>illis,</strong></span> <span class='ocrx_word' id='word_1_522' title='bbox 3059 678 3147 730; x_wconf 90' lang='lat' dir='ltr'><strong>hic</strong></span> <span class='ocrx_word' id='word_1_523' title='bbox 3192 677 3371 745; x_wconf 88' lang='lat' dir='ltr'><strong>procul</strong></span> <span class='ocrx_word' id='word_1_524' title='bbox 3416 689 3501 732; x_wconf 88' lang='lat' dir='ltr'><strong>cst</strong></span> <span class='ocrx_word' id='word_1_525' title='bbox 3539 695 3569 733; x_wconf 86' lang='lat' dir='ltr'><strong>a</strong></span> <span class='ocrx_word' id='word_1_526' title='bbox 3607 696 3840 733; x_wconf 77' lang='lat' dir='ltr'><strong>ratione.</strong></span> 
     </span>
    </p>
   </div>
   <div class='ocr_carea' id='block_1_65' title="bbox 2245 764 3845 839">
    <p class='ocr_par' dir='ltr' id='par_1_65' title="bbox 2245 764 3845 839">
     <span class='ocr_line' id='line_1_65' title="bbox 2245 764 3845 839; baseline 0.004 -22"><span class='ocrx_word' id='word_1_527' title='bbox 2245 764 2381 832; x_wconf 89' lang='lat' dir='ltr'><strong>Quid</strong></span> <span class='ocrx_word' id='word_1_528' title='bbox 2403 779 2553 834; x_wconf 87' lang='lat' dir='ltr'><strong>ergo,</strong></span> <span class='ocrx_word' id='word_1_529' title='bbox 2585 764 2629 817; x_wconf 85' lang='lat' dir='ltr'><strong>si</strong></span> <span class='ocrx_word' id='word_1_530' title='bbox 2661 764 2749 819; x_wconf 79' lang='lat' dir='ltr'><strong>ille</strong></span> <span class='ocrx_word' id='word_1_531' title='bbox 2776 766 2993 820; x_wconf 90' lang='lat' dir='ltr'><strong>veniens</strong></span> <span class='ocrx_word' id='word_1_532' title='bbox 3023 767 3237 831; x_wconf 78' lang='lat' dir='ltr'><strong>dixerit,</strong></span> <span class='ocrx_word' id='word_1_533' title='bbox 3266 770 3344 823; x_wconf 88' lang='lat' dir='ltr'><strong>sic</strong></span> <span class='ocrx_word' id='word_1_534' title='bbox 3372 768 3568 824; x_wconf 86' lang='lat' dir='ltr'><strong>habere</strong></span> <span class='ocrx_word' id='word_1_535' title='bbox 3596 773 3845 839; x_wconf 79' lang='lat' dir='ltr'><strong>Scriptu-</strong></span> 
     </span>
    </p>
   </div>
   <div class='ocr_carea' id='block_1_66' title="bbox 2246 857 3844 931">
    <p class='ocr_par' dir='ltr' id='par_1_66' title="bbox 2246 857 3844 931">
     <span class='ocr_line' id='line_1_66' title="bbox 2246 857 3844 931; baseline 0.006 -23"><span class='ocrx_word' id='word_1_536' title='bbox 2246 870 2392 917; x_wconf 87' lang='lat' dir='ltr'><strong>raut;</strong></span> <span class='ocrx_word' id='word_1_537' title='bbox 2428 867 2480 909; x_wconf 95' lang='lat' dir='ltr'><strong>tu</strong></span> <span class='ocrx_word' id='word_1_538' title='bbox 2513 871 2637 909; x_wconf 85' lang='lat' dir='ltr'><strong>vero</strong></span> <span class='ocrx_word' id='word_1_539' title='bbox 2663 857 2766 911; x_wconf 72' lang='lat' dir='ltr'><strong>aliv‘</strong></span> <span class='ocrx_word' id='word_1_540' title='bbox 2798 858 2959 912; x_wconf 88' lang='lat' dir='ltr'><strong>modo</strong></span> <span class='ocrx_word' id='word_1_541' title='bbox 2988 858 3207 923; x_wconf 84' lang='lat' dir='ltr'><strong>dixeris,</strong></span> <span class='ocrx_word' id='word_1_542' title='bbox 3241 870 3294 915; x_wconf 87' lang='lat' dir='ltr'><strong>et</strong></span> <span class='ocrx_word' id='word_1_543' title='bbox 3323 861 3538 918; x_wconf 85' lang='lat' dir='ltr'><strong>diverse</strong></span> <span class='ocrx_word' id='word_1_544' title='bbox 3568 864 3844 931; x_wconf 84' lang='lat' dir='ltr'><strong>interpre-</strong></span> 
     </span>
    </p>
   </div>
   <div class='ocr_carea' id='block_1_67' title="bbox 2247 947 3844 1017">
    <p class='ocr_par' dir='ltr' id='par_1_67' title="bbox 2247 947 3844 1017">
     <span class='ocr_line' id='line_1_67' title="bbox 2247 947 3844 1017; baseline 0.008 -18"><span class='ocrx_word' id='word_1_545' title='bbox 2247 948 2427 1001; x_wconf 85' lang='lat' dir='ltr'><strong>tetnini</strong></span> <span class='ocrx_word' id='word_1_546' title='bbox 2472 947 2795 1017; x_wconf 87' lang='lat' dir='ltr'><strong>Scriptnras,</strong></span> <span class='ocrx_word' id='word_1_547' title='bbox 2826 966 3016 1007; x_wconf 84' lang='lat' dir='ltr'><strong>sensus</strong></span> <span class='ocrx_word' id='word_1_548' title='bbox 3057 953 3265 1007; x_wconf 88' lang='lat' dir='ltr'><strong>illarum</strong></span> <span class='ocrx_word' id='word_1_549' title='bbox 3313 955 3716 1012; x_wconf 81' lang='lat' dir='ltr'><strong>distrahentes?</strong></span> <span class='ocrx_word' id='word_1_550' title='bbox 3762 958 3844 1012; x_wconf 83' lang='lat' dir='ltr'><strong>Tu</strong></span> 
     </span>
    </p>
   </div>
   <div class='ocr_carea' id='block_1_68' title="bbox 2247 1040 3849 1116">
    <p class='ocr_par' dir='ltr' id='par_1_68' title="bbox 2247 1040 3849 1116">
     <span class='ocr_line' id='line_1_68' title="bbox 2247 1040 3849 1116; baseline 0.007 -23"><span class='ocrx_word' id='word_1_551' title='bbox 2247 1040 2434 1108; x_wconf 79' lang='lat' dir='ltr'><strong>igitur,</strong></span> <span class='ocrx_word' id='word_1_552' title='bbox 2466 1040 2552 1094; x_wconf 87' lang='lat' dir='ltr'><strong>die</strong></span> <span class='ocrx_word' id='word_1_553' title='bbox 2597 1042 2747 1107; x_wconf 86' lang='lat' dir='ltr'><strong>mihi,</strong></span> <span class='ocrx_word' id='word_1_554' title='bbox 2776 1052 3084 1099; x_wconf 87' lang='lat' dir='ltr'><strong>nteutetnne</strong></span> <span class='ocrx_word' id='word_1_555' title='bbox 3126 1044 3291 1099; x_wconf 86' lang='lat' dir='ltr'><strong>habes</strong></span> <span class='ocrx_word' id='word_1_556' title='bbox 3333 1063 3396 1101; x_wconf 91' lang='lat' dir='ltr'><strong>ac</strong></span> <span class='ocrx_word' id='word_1_557' title='bbox 3430 1048 3734 1116; x_wconf 74' lang='lat' dir='ltr'><strong>judicium?</strong></span> <span class='ocrx_word' id='word_1_558' title='bbox 3776 1050 3849 1105; x_wconf 75' lang='lat' dir='ltr'><strong>Et</strong></span> 
     </span>
    </p>
   </div>
   <div class='ocr_carea' id='block_1_69' title="bbox 2246 1130 3848 1208">
    <p class='ocr_par' dir='ltr' id='par_1_69' title="bbox 2246 1130 3848 1208">
     <span class='ocr_line' id='line_1_69' title="bbox 2246 1130 3848 1208; baseline 0.01 -30"><span class='ocrx_word' id='word_1_559' title='bbox 2246 1130 2513 1199; x_wconf 83' lang='lat' dir='ltr'><strong>quomodo</strong></span> <span class='ocrx_word' id='word_1_560' title='bbox 2560 1132 2792 1201; x_wconf 90' lang='lat' dir='ltr'><strong>possim,</strong></span> <span class='ocrx_word' id='word_1_561' title='bbox 2844 1132 3068 1203; x_wconf 87' lang='lat' dir='ltr'><strong>inquiet,</strong></span> <span class='ocrx_word' id='word_1_562' title='bbox 3098 1149 3218 1189; x_wconf 90' lang='lat' dir='ltr'><strong>cum</strong></span> <span class='ocrx_word' id='word_1_563' title='bbox 3263 1137 3500 1190; x_wconf 88' lang='lat' dir='ltr'><strong>nesciam</strong></span> <span class='ocrx_word' id='word_1_564' title='bbox 3543 1138 3848 1208; x_wconf 70' lang='lat' dir='ltr'><strong>diiudicare</strong></span> 
     </span>
    </p>
   </div>
   <div class='ocr_carea' id='block_1_70' title="bbox 2248 1222 3850 1299">
    <p class='ocr_par' dir='ltr' id='par_1_70' title="bbox 2248 1222 3850 1299">
     <span class='ocr_line' id='line_1_70' title="bbox 2248 1222 3850 1299; baseline 0.004 -26"><span class='ocrx_word' id='word_1_565' title='bbox 2248 1223 2459 1275; x_wconf 83' lang='lat' dir='ltr'><strong>vestra?</strong></span> <span class='ocrx_word' id='word_1_566' title='bbox 2497 1222 2792 1293; x_wconf 84' lang='lat' dir='ltr'><strong>discipulus</strong></span> <span class='ocrx_word' id='word_1_567' title='bbox 2821 1239 2942 1279; x_wconf 82' lang='lat' dir='ltr'><strong>esse</strong></span> <span class='ocrx_word' id='word_1_568' title='bbox 2969 1226 3123 1289; x_wconf 80' lang='lat' dir='ltr'><strong>volo,</strong></span> <span class='ocrx_word' id='word_1_569' title='bbox 3160 1237 3214 1280; x_wconf 92' lang='lat' dir='ltr'><strong>tu</strong></span> <span class='ocrx_word' id='word_1_570' title='bbox 3247 1243 3374 1282; x_wconf 89' lang='lat' dir='ltr'><strong>vero</strong></span> <span class='ocrx_word' id='word_1_571' title='bbox 3402 1245 3487 1283; x_wconf 91' lang='lat' dir='ltr'><strong>me</strong></span> <span class='ocrx_word' id='word_1_572' title='bbox 3511 1230 3623 1299; x_wconf 85' lang='lat' dir='ltr'><strong>jam</strong></span> <span class='ocrx_word' id='word_1_573' title='bbox 3652 1232 3850 1286; x_wconf 76' lang='lat' dir='ltr'><strong>ductu-</strong></span> 
     </span>
    </p>
   </div>
   <div class='ocr_carea' id='block_1_71' title="bbox 2250 1311 3849 1392">
    <p class='ocr_par' dir='ltr' id='par_1_71' title="bbox 2250 1311 3849 1392">
     <span class='ocr_line' id='line_1_71' title="bbox 2250 1311 3849 1392; baseline 0.007 -28"><span class='ocrx_word' id='word_1_574' title='bbox 2250 1326 2360 1366; x_wconf 87' lang='lat' dir='ltr'><strong>rem</strong></span> <span class='ocrx_word' id='word_1_575' title='bbox 2388 1311 2536 1367; x_wconf 87' lang='lat' dir='ltr'><strong>facis.</strong></span> <span class='ocrx_word' id='word_1_576' title='bbox 2567 1313 2622 1368; x_wconf 93' lang='lat' dir='ltr'><strong>Si</strong></span> <span class='ocrx_word' id='word_1_577' title='bbox 2652 1313 2767 1367; x_wconf 74' lang='lat' dir='ltr'><strong>inec</strong></span> <span class='ocrx_word' id='word_1_578' title='bbox 2794 1314 3010 1382; x_wconf 80' lang='lat' dir='ltr'><strong>dixerit,</strong></span> <span class='ocrx_word' id='word_1_579' title='bbox 3038 1317 3164 1384; x_wconf 90' lang='lat' dir='ltr'><strong>quid</strong></span> <span class='ocrx_word' id='word_1_580' title='bbox 3202 1319 3684 1387; x_wconf 86' lang='lat' dir='ltr'><strong>respondebimus?</strong></span> <span class='ocrx_word' id='word_1_581' title='bbox 3708 1337 3849 1392; x_wconf 88' lang='lat' dir='ltr'><strong>quo-</strong></span> 
     </span>
    </p>
   </div>
   <div class='ocr_carea' id='block_1_72' title="bbox 2248 1403 3853 1482">
    <p class='ocr_par' dir='ltr' id='par_1_72' title="bbox 2248 1403 3853 1482">
     <span class='ocr_line' id='line_1_72' title="bbox 2248 1403 3853 1482; baseline 0.007 -24"><span class='ocrx_word' id='word_1_582' title='bbox 2248 1403 2409 1459; x_wconf 89' lang='lat' dir='ltr'><strong>modo</strong></span> <span class='ocrx_word' id='word_1_583' title='bbox 2443 1406 2517 1459; x_wconf 91' lang='lat' dir='ltr'><strong>illi</strong></span> <span class='ocrx_word' id='word_1_584' title='bbox 2559 1406 3034 1475; x_wconf 84' lang='lat' dir='ltr'><strong>persuadebimus?</strong></span> <span class='ocrx_word' id='word_1_585' title='bbox 3070 1410 3483 1482; x_wconf 86' lang='lat' dir='ltr'><strong>lntcrrogemus.</strong></span> <span class='ocrx_word' id='word_1_586' title='bbox 3523 1429 3592 1468; x_wconf 86' lang='lat' dir='ltr'><strong>an</strong></span> <span class='ocrx_word' id='word_1_587' title='bbox 3635 1415 3739 1470; x_wconf 90' lang='lat' dir='ltr'><strong>hoc</strong></span> <span class='ocrx_word' id='word_1_588' title='bbox 3778 1415 3853 1470; x_wconf 85' lang='lat' dir='ltr'><strong>sit</strong></span> 
     </span>
    </p>
   </div>
   <div class='ocr_carea' id='block_1_73' title="bbox 2248 1497 3849 1574">
    <p class='ocr_par' dir='ltr' id='par_1_73' title="bbox 2248 1497 3849 1574">
     <span class='ocr_line' id='line_1_73' title="bbox 2248 1497 3849 1574; baseline 0.007 -22"><span class='ocrx_word' id='word_1_589' title='bbox 2248 1497 2497 1553; x_wconf 85' lang='lat' dir='ltr'><strong>obtentus</strong></span> <span class='ocrx_word' id='word_1_590' title='bbox 2528 1516 2541 1551; x_wconf 91' lang='lat'><strong>:</strong></span> <span class='ocrx_word' id='word_1_591' title='bbox 2573 1498 2996 1570; x_wconf 87' lang='lat' dir='ltr'><strong>interrogemus,</strong></span> <span class='ocrx_word' id='word_1_592' title='bbox 3029 1519 3095 1557; x_wconf 89' lang='lat' dir='ltr'><strong>an</strong></span> <span class='ocrx_word' id='word_1_593' title='bbox 3120 1505 3353 1574; x_wconf 88' lang='lat' dir='ltr'><strong>gentiles</strong></span> <span class='ocrx_word' id='word_1_594' title='bbox 3379 1506 3617 1562; x_wconf 88' lang='lat' dir='ltr'><strong>damnet.</strong></span> <span class='ocrx_word' id='word_1_595' title='bbox 3648 1506 3849 1563; x_wconf 81' lang='lat' dir='ltr'><strong>Omni—</strong></span> 
     </span>
    </p>
   </div>
   <div class='ocr_carea' id='block_1_74' title="bbox 2250 1590 3850 1667">
    <p class='ocr_par' dir='ltr' id='par_1_74' title="bbox 2250 1590 3850 1667">
     <span class='ocr_line' id='line_1_74' title="bbox 2250 1590 3850 1667; baseline 0.008 -25"><span class='ocrx_word' id='word_1_596' title='bbox 2250 1605 2319 1643; x_wconf 93' lang='lat' dir='ltr'><strong>no</strong></span> <span class='ocrx_word' id='word_1_597' title='bbox 2355 1590 2627 1660; x_wconf 89' lang='lat' dir='ltr'><strong>quidpiam</strong></span> <span class='ocrx_word' id='word_1_598' title='bbox 2655 1591 2798 1647; x_wconf 87' lang='lat' dir='ltr'><strong>dicet</strong></span> <span class='ocrx_word' id='word_1_599' title='bbox 2830 1610 2843 1645; x_wconf 87' lang='lat'><strong>:</strong></span> <span class='ocrx_word' id='word_1_600' title='bbox 2878 1609 3053 1664; x_wconf 89' lang='lat' dir='ltr'><strong>neque</strong></span> <span class='ocrx_word' id='word_1_601' title='bbox 3079 1595 3221 1649; x_wconf 89' lang='lat' dir='ltr'><strong>cnim</strong></span> <span class='ocrx_word' id='word_1_602' title='bbox 3249 1612 3357 1651; x_wconf 93' lang='lat' dir='ltr'><strong>non</strong></span> <span class='ocrx_word' id='word_1_603' title='bbox 3387 1597 3654 1654; x_wconf 90' lang='lat' dir='ltr'><strong>damnatis</strong></span> <span class='ocrx_word' id='word_1_604' title='bbox 3698 1600 3812 1655; x_wconf 86' lang='lat' dir='ltr'><strong>illis</strong></span> <span class='ocrx_word' id='word_1_605' title='bbox 3832 1642 3850 1667; x_wconf 92' lang='lat'><strong>,</strong></span> 
     </span>
    </p>
   </div>
   <div class='ocr_carea' id='block_1_75' title="bbox 2248 1679 3853 1758">
    <p class='ocr_par' dir='ltr' id='par_1_75' title="bbox 2248 1679 3853 1758">
     <span class='ocr_line' id='line_1_75' title="bbox 2248 1679 3853 1758; baseline 0.006 -25"><span class='ocrx_word' id='word_1_606' title='bbox 2248 1679 2313 1734; x_wconf 87' lang='lat' dir='ltr'><strong>ad</strong></span> <span class='ocrx_word' id='word_1_607' title='bbox 2358 1690 2539 1737; x_wconf 86' lang='lat' dir='ltr'><strong>nostra</strong></span> <span class='ocrx_word' id='word_1_608' title='bbox 2579 1684 2819 1739; x_wconf 86' lang='lat' dir='ltr'><strong>accedet.</strong></span> <span class='ocrx_word' id='word_1_609' title='bbox 2864 1684 3258 1758; x_wconf 88' lang='lat' dir='ltr'><strong>interrogemus</strong></span> <span class='ocrx_word' id='word_1_610' title='bbox 3286 1703 3387 1757; x_wconf 89' lang='lat' dir='ltr'><strong>qua</strong></span> <span class='ocrx_word' id='word_1_611' title='bbox 3415 1689 3482 1743; x_wconf 90' lang='lat' dir='ltr'><strong>de</strong></span> <span class='ocrx_word' id='word_1_612' title='bbox 3513 1704 3673 1743; x_wconf 87' lang='lat' dir='ltr'><strong>causa</strong></span> <span class='ocrx_word' id='word_1_613' title='bbox 3711 1705 3853 1744; x_wconf 82' lang='lat' dir='ltr'><strong>cau—</strong></span> 
     </span>
    </p>
   </div>
   <div class='ocr_carea' id='block_1_76' title="bbox 2250 1770 3855 1835">
    <p class='ocr_par' dir='ltr' id='par_1_76' title="bbox 2250 1770 3855 1835">
     <span class='ocr_line' id='line_1_76' title="bbox 2250 1770 3855 1835; baseline 0.006 -10"><span class='ocrx_word' id='word_1_614' title='bbox 2250 1770 2513 1833; x_wconf 54' lang='lat' dir='ltr'><strong>dvmuct;</strong></span> <span class='ocrx_word' id='word_1_615' title='bbox 2548 1790 2652 1828; x_wconf 92' lang='lat' dir='ltr'><strong>non</strong></span> <span class='ocrx_word' id='word_1_616' title='bbox 2693 1775 2836 1830; x_wconf 89' lang='lat' dir='ltr'><strong>enim</strong></span> <span class='ocrx_word' id='word_1_617' title='bbox 2882 1786 3081 1832; x_wconf 89' lang='lat' dir='ltr'><strong>temere</strong></span> <span class='ocrx_word' id='word_1_618' title='bbox 3121 1778 3461 1833; x_wconf 90' lang='lat' dir='ltr'><strong>condemnat.</strong></span> <span class='ocrx_word' id='word_1_619' title='bbox 3507 1779 3855 1835; x_wconf 81' lang='lat' dir='ltr'><strong>Manifestum</strong></span> 
     </span>
    </p>
   </div>
   <div class='ocr_carea' id='block_1_77' title="bbox 2251 1864 3852 1940">
    <p class='ocr_par' dir='ltr' id='par_1_77' title="bbox 2251 1864 3852 1940">
     <span class='ocr_line' id='line_1_77' title="bbox 2251 1864 3852 1940; baseline 0.007 -23"><span class='ocrx_word' id='word_1_620' title='bbox 2251 1876 2333 1918; x_wconf 90' lang='lat' dir='ltr'><strong>est</strong></span> <span class='ocrx_word' id='word_1_621' title='bbox 2371 1864 2635 1920; x_wconf 89' lang='lat' dir='ltr'><strong>dicturum</strong></span> <span class='ocrx_word' id='word_1_622' title='bbox 2664 1882 2805 1922; x_wconf 88' lang='lat' dir='ltr'><strong>esse.</strong></span> <span class='ocrx_word' id='word_1_623' title='bbox 2840 1869 2965 1937; x_wconf 90' lang='lat' dir='ltr'><strong>quia</strong></span> <span class='ocrx_word' id='word_1_624' title='bbox 3005 1871 3225 1924; x_wconf 90' lang='lat' dir='ltr'><strong>numina</strong></span> <span class='ocrx_word' id='word_1_625' title='bbox 3268 1872 3355 1925; x_wconf 88' lang='lat' dir='ltr'><strong>illa</strong></span> <span class='ocrx_word' id='word_1_626' title='bbox 3400 1882 3526 1927; x_wconf 92' lang='lat' dir='ltr'><strong>sunt</strong></span> <span class='ocrx_word' id='word_1_627' title='bbox 3558 1883 3852 1940; x_wconf 69' lang='lat' dir='ltr'><strong>creaturae,</strong></span> 
     </span>
    </p>
   </div>
   <div class='ocr_carea' id='block_1_78' title="bbox 2252 1957 3857 2034">
    <p class='ocr_par' dir='ltr' id='par_1_78' title="bbox 2252 1957 3857 2034">
     <span class='ocr_line' id='line_1_78' title="bbox 2252 1957 3857 2034; baseline 0.008 -27"><span class='ocrx_word' id='word_1_628' title='bbox 2252 1970 2351 2009; x_wconf 84' lang='lat' dir='ltr'><strong>nec</strong></span> <span class='ocrx_word' id='word_1_629' title='bbox 2378 1970 2499 2011; x_wconf 82' lang='lat' dir='ltr'><strong>esse</strong></span> <span class='ocrx_word' id='word_1_630' title='bbox 2536 1957 2619 2010; x_wconf 88' lang='lat' dir='ltr'><strong>illa</strong></span> <span class='ocrx_word' id='word_1_631' title='bbox 2662 1958 2957 2014; x_wconf 89' lang='lat' dir='ltr'><strong>increatum</strong></span> <span class='ocrx_word' id='word_1_632' title='bbox 2999 1959 3189 2014; x_wconf 87' lang='lat' dir='ltr'><strong>Deum.</strong></span> <span class='ocrx_word' id='word_1_633' title='bbox 3237 1960 3426 2017; x_wconf 81' lang='lat' dir='ltr'><strong>Recte.</strong></span> <span class='ocrx_word' id='word_1_634' title='bbox 3463 1963 3520 2018; x_wconf 91' lang='lat' dir='ltr'><strong>Si</strong></span> <span class='ocrx_word' id='word_1_635' title='bbox 3564 1963 3669 2020; x_wconf 92' lang='lat' dir='ltr'><strong>hoc</strong></span> <span class='ocrx_word' id='word_1_636' title='bbox 3707 1964 3857 2034; x_wconf 89' lang='lat' dir='ltr'><strong>apud</strong></span> 
     </span>
    </p>
   </div>
   <div class='ocr_carea' id='block_1_79' title="bbox 2250 2046 3855 2127">
    <p class='ocr_par' dir='ltr' id='par_1_79' title="bbox 2250 2046 3855 2127">
     <span class='ocr_line' id='line_1_79' title="bbox 2250 2046 3855 2127; baseline 0.008 -26"><span class='ocrx_word' id='word_1_637' title='bbox 2250 2046 2383 2103; x_wconf 87' lang='lat' dir='ltr'><strong>alias</strong></span> <span class='ocrx_word' id='word_1_638' title='bbox 2429 2049 2663 2105; x_wconf 77' lang='lat' dir='ltr'><strong>haereses</strong></span> <span class='ocrx_word' id='word_1_639' title='bbox 2709 2050 2980 2119; x_wconf 83' lang='lat' dir='ltr'><strong>inveniat,</strong></span> <span class='ocrx_word' id='word_1_640' title='bbox 3010 2055 3339 2109; x_wconf 84' lang='lat' dir='ltr'><strong>contrarium</strong></span> <span class='ocrx_word' id='word_1_641' title='bbox 3371 2070 3500 2112; x_wconf 91' lang='lat' dir='ltr'><strong>vero</strong></span> <span class='ocrx_word' id='word_1_642' title='bbox 3537 2057 3680 2127; x_wconf 90' lang='lat' dir='ltr'><strong>apud</strong></span> <span class='ocrx_word' id='word_1_643' title='bbox 3713 2072 3855 2127; x_wconf 81' lang='lat' dir='ltr'><strong>nos,</strong></span> 
     </span>
    </p>
   </div>
   <div class='ocr_carea' id='block_1_80' title="bbox 2252 2145 3851 2209">
    <p class='ocr_par' dir='ltr' id='par_1_80' title="bbox 2252 2145 3851 2209">
     <span class='ocr_line' id='line_1_80' title="bbox 2252 2145 3851 2209; baseline 0.011 -20"><span class='ocrx_word' id='word_1_644' title='bbox 2252 2154 2359 2207; x_wconf 93' lang='lat' dir='ltr'><strong>quo</strong></span> <span class='ocrx_word' id='word_1_645' title='bbox 2387 2154 2523 2209; x_wconf 88' lang='lat' dir='ltr'><strong>opus</strong></span> <span class='ocrx_word' id='word_1_646' title='bbox 2551 2150 2634 2195; x_wconf 88' lang='lat' dir='ltr'><strong>est</strong></span> <span class='ocrx_word' id='word_1_647' title='bbox 2662 2145 2947 2198; x_wconf 79' lang='lat' dir='ltr'><strong>sermone?</strong></span> <span class='ocrx_word' id='word_1_648' title='bbox 2985 2145 3184 2201; x_wconf 91' lang='lat' dir='ltr'><strong>Omnes</strong></span> <span class='ocrx_word' id='word_1_649' title='bbox 3212 2147 3534 2203; x_wconf 83' lang='lat' dir='ltr'><strong>confitemur</strong></span> <span class='ocrx_word' id='word_1_650' title='bbox 3564 2148 3851 2207; x_wconf 88' lang='lat' dir='ltr'><strong>Christum</strong></span> 
     </span>
    </p>
   </div>
   <div class='ocr_carea' id='block_1_81' title="bbox 2253 2230 3852 2310">
    <p class='ocr_par' dir='ltr' id='par_1_81' title="bbox 2253 2230 3852 2310">
     <span class='ocr_line' id='line_1_81' title="bbox 2253 2230 3852 2310; baseline 0.009 -27"><span class='ocrx_word' id='word_1_651' title='bbox 2253 2243 2374 2284; x_wconf 90' lang='lat' dir='ltr'><strong>csse</strong></span> <span class='ocrx_word' id='word_1_652' title='bbox 2402 2230 2588 2286; x_wconf 89' lang='lat' dir='ltr'><strong>Deum.</strong></span> <span class='ocrx_word' id='word_1_653' title='bbox 2629 2232 2733 2288; x_wconf 90' lang='lat' dir='ltr'><strong>Sed</strong></span> <span class='ocrx_word' id='word_1_654' title='bbox 2762 2233 3038 2289; x_wconf 83' lang='lat' dir='ltr'><strong>videamus</strong></span> <span class='ocrx_word' id='word_1_655' title='bbox 3063 2237 3151 2305; x_wconf 90' lang='lat' dir='ltr'><strong>qtti</strong></span> <span class='ocrx_word' id='word_1_656' title='bbox 3181 2248 3451 2307; x_wconf 84' lang='lat' dir='ltr'><strong>pugnent,</strong></span> <span class='ocrx_word' id='word_1_657' title='bbox 3482 2239 3572 2310; x_wconf 87' lang='lat' dir='ltr'><strong>qui</strong></span> <span class='ocrx_word' id='word_1_658' title='bbox 3606 2256 3713 2295; x_wconf 91' lang='lat' dir='ltr'><strong>non</strong></span> <span class='ocrx_word' id='word_1_659' title='bbox 3747 2256 3852 2310; x_wconf 82' lang='lat' dir='ltr'><strong>pu-</strong></span> 
     </span>
    </p>
   </div>
   <div class='ocr_carea' id='block_1_82' title="bbox 2255 2324 3861 2402">
    <p class='ocr_par' dir='ltr' id='par_1_82' title="bbox 2255 2324 3861 2402">
     <span class='ocr_line' id='line_1_82' title="bbox 2255 2324 3861 2402; baseline 0.007 -27"><span class='ocrx_word' id='word_1_660' title='bbox 2255 2332 2438 2390; x_wconf 83' lang='lat' dir='ltr'><strong>gucnt.</strong></span> <span class='ocrx_word' id='word_1_661' title='bbox 2472 2324 2579 2378; x_wconf 85' lang='lat' dir='ltr'><strong>Nos</strong></span> <span class='ocrx_word' id='word_1_662' title='bbox 2607 2326 2696 2395; x_wconf 91' lang='lat' dir='ltr'><strong>qui</strong></span> <span class='ocrx_word' id='word_1_663' title='bbox 2722 2326 2948 2382; x_wconf 87' lang='lat' dir='ltr'><strong>dicimus</strong></span> <span class='ocrx_word' id='word_1_664' title='bbox 2966 2344 3087 2383; x_wconf 89' lang='lat' dir='ltr'><strong>esse</strong></span> <span class='ocrx_word' id='word_1_665' title='bbox 3116 2329 3283 2384; x_wconf 90' lang='lat' dir='ltr'><strong>Deum</strong></span> <span class='ocrx_word' id='word_1_666' title='bbox 3306 2372 3319 2387; x_wconf 91' lang='lat'><strong>.</strong></span> <span class='ocrx_word' id='word_1_667' title='bbox 3349 2330 3510 2400; x_wconf 88' lang='lat' dir='ltr'><strong>digna</strong></span> <span class='ocrx_word' id='word_1_668' title='bbox 3543 2332 3654 2386; x_wconf 91' lang='lat' dir='ltr'><strong>Dco</strong></span> <span class='ocrx_word' id='word_1_669' title='bbox 3680 2331 3861 2402; x_wconf 85' lang='lat' dir='ltr'><strong>loqui-</strong></span> 
     </span>
    </p>
   </div>
   <div class='ocr_carea' id='block_1_83' title="bbox 2259 2414 3858 2489">
    <p class='ocr_par' dir='ltr' id='par_1_83' title="bbox 2259 2414 3858 2489">
     <span class='ocr_line' id='line_1_83' title="bbox 2259 2414 3858 2489; baseline 0.008 -25"><span class='ocrx_word' id='word_1_670' title='bbox 2259 2427 2409 2477; x_wconf 91' lang='lat' dir='ltr'><strong>mur,</strong></span> <span class='ocrx_word' id='word_1_671' title='bbox 2452 2414 2594 2482; x_wconf 87' lang='lat' dir='ltr'><strong>quod</strong></span> <span class='ocrx_word' id='word_1_672' title='bbox 2637 2424 2951 2484; x_wconf 85' lang='lat' dir='ltr'><strong>potestatem</strong></span> <span class='ocrx_word' id='word_1_673' title='bbox 2994 2417 3206 2484; x_wconf 86' lang='lat' dir='ltr'><strong>habeat,</strong></span> <span class='ocrx_word' id='word_1_674' title='bbox 3235 2419 3376 2489; x_wconf 90' lang='lat' dir='ltr'><strong>quod</strong></span> <span class='ocrx_word' id='word_1_675' title='bbox 3404 2434 3511 2475; x_wconf 91' lang='lat' dir='ltr'><strong>non</strong></span> <span class='ocrx_word' id='word_1_676' title='bbox 3542 2420 3613 2475; x_wconf 88' lang='lat' dir='ltr'><strong>sit</strong></span> <span class='ocrx_word' id='word_1_677' title='bbox 3638 2436 3858 2489; x_wconf 87' lang='lat' dir='ltr'><strong>servus,</strong></span> 
     </span>
    </p>
   </div>
   <div class='ocr_carea' id='block_1_84' title="bbox 2256 2503 3861 2577">
    <p class='ocr_par' dir='ltr' id='par_1_84' title="bbox 2256 2503 3861 2577">
     <span class='ocr_line' id='line_1_84' title="bbox 2256 2503 3861 2577; baseline 0.009 -23"><span class='ocrx_word' id='word_1_678' title='bbox 2256 2503 2397 2571; x_wconf 91' lang='lat' dir='ltr'><strong>quod</strong></span> <span class='ocrx_word' id='word_1_679' title='bbox 2436 2505 2507 2559; x_wconf 87' lang='lat' dir='ltr'><strong>sit</strong></span> <span class='ocrx_word' id='word_1_680' title='bbox 2544 2504 2701 2571; x_wconf 84' lang='lat' dir='ltr'><strong>libe&#39;r,</strong></span> <span class='ocrx_word' id='word_1_681' title='bbox 2729 2506 2869 2576; x_wconf 91' lang='lat' dir='ltr'><strong>quod</strong></span> <span class='ocrx_word' id='word_1_682' title='bbox 2901 2523 2929 2561; x_wconf 88' lang='lat' dir='ltr'><strong>a</strong></span> <span class='ocrx_word' id='word_1_683' title='bbox 2960 2508 3137 2577; x_wconf 89' lang='lat' dir='ltr'><strong>seipso</strong></span> <span class='ocrx_word' id='word_1_684' title='bbox 3168 2510 3347 2563; x_wconf 87' lang='lat' dir='ltr'><strong>omnia</strong></span> <span class='ocrx_word' id='word_1_685' title='bbox 3370 2509 3531 2566; x_wconf 80' lang='lat' dir='ltr'><strong>faciat</strong></span> <span class='ocrx_word' id='word_1_686' title='bbox 3560 2529 3575 2566; x_wconf 90' lang='lat'><strong>:</strong></span> <span class='ocrx_word' id='word_1_687' title='bbox 3611 2512 3700 2567; x_wconf 89' lang='lat' dir='ltr'><strong>ille</strong></span> <span class='ocrx_word' id='word_1_688' title='bbox 3728 2528 3861 2569; x_wconf 79' lang='lat' dir='ltr'><strong>vero</strong></span> 
     </span>
    </p>
   </div>
   <div class='ocr_carea' id='block_1_85' title="bbox 2256 2595 3863 2669">
    <p class='ocr_par' dir='ltr' id='par_1_85' title="bbox 2256 2595 3863 2669">
     <span class='ocr_line' id='line_1_85' title="bbox 2256 2595 3863 2669; baseline 0.009 -22"><span class='ocrx_word' id='word_1_689' title='bbox 2256 2608 2465 2651; x_wconf 87' lang='lat' dir='ltr'><strong>contra.</strong></span> <span class='ocrx_word' id='word_1_690' title='bbox 2506 2595 2738 2651; x_wconf 80' lang='lat' dir='ltr'><strong>Rursum</strong></span> <span class='ocrx_word' id='word_1_691' title='bbox 2768 2597 3064 2669; x_wconf 80' lang='lat' dir='ltr'><strong>interrogo,</strong></span> <span class='ocrx_word' id='word_1_692' title='bbox 3096 2601 3138 2655; x_wconf 89' lang='lat' dir='ltr'><strong>si</strong></span> <span class='ocrx_word' id='word_1_693' title='bbox 3171 2602 3495 2658; x_wconf 85' lang='lat' dir='ltr'><strong>medicinam</strong></span> <span class='ocrx_word' id='word_1_694' title='bbox 3524 2601 3741 2660; x_wconf 85' lang='lat' dir='ltr'><strong>discere</strong></span> <span class='ocrx_word' id='word_1_695' title='bbox 3768 2622 3863 2661; x_wconf 80' lang='lat' dir='ltr'><strong>re-</strong></span> 
     </span>
    </p>
   </div>
   <div class='ocr_carea' id='block_1_86' title="bbox 2257 2682 3862 2764">
    <p class='ocr_par' dir='ltr' id='par_1_86' title="bbox 2257 2682 3862 2764">
     <span class='ocr_line' id='line_1_86' title="bbox 2257 2682 3862 2764; baseline 0.009 -29"><span class='ocrx_word' id='word_1_696' title='bbox 2257 2682 2343 2749; x_wconf 91' lang='lat' dir='ltr'><strong>lis,</strong></span> <span class='ocrx_word' id='word_1_697' title='bbox 2375 2701 2499 2739; x_wconf 83' lang='lat' dir='ltr'><strong>nunt</strong></span> <span class='ocrx_word' id='word_1_698' title='bbox 2522 2685 2697 2741; x_wconf 87' lang='lat' dir='ltr'><strong>obiter</strong></span> <span class='ocrx_word' id='word_1_699' title='bbox 2721 2696 2775 2742; x_wconf 92' lang='lat' dir='ltr'><strong>ct</strong></span> <span class='ocrx_word' id='word_1_700' title='bbox 2798 2688 3177 2757; x_wconf 87' lang='lat' dir='ltr'><strong>perfunctorie,</strong></span> <span class='ocrx_word' id='word_1_701' title='bbox 3203 2708 3405 2761; x_wconf 57' lang='lat' dir='ltr'><strong>Qili&#39;BaO,</strong></span> <span class='ocrx_word' id='word_1_702' title='bbox 3427 2708 3489 2748; x_wconf 83' lang='lat' dir='ltr'><strong>ca</strong></span> <span class='ocrx_word' id='word_1_703' title='bbox 3516 2710 3636 2764; x_wconf 78' lang='lat' dir='ltr'><strong>qua:</strong></span> <span class='ocrx_word' id='word_1_704' title='bbox 3664 2694 3862 2750; x_wconf 89' lang='lat' dir='ltr'><strong>dicun-</strong></span> 
     </span>
    </p>
   </div>
   <div class='ocr_carea' id='block_1_87' title="bbox 2260 2776 3862 2856">
    <p class='ocr_par' dir='ltr' id='par_1_87' title="bbox 2260 2776 3862 2856">
     <span class='ocr_line' id='line_1_87' title="bbox 2260 2776 3862 2856; baseline 0.01 -30"><span class='ocrx_word' id='word_1_705' title='bbox 2260 2782 2345 2826; x_wconf 90' lang='lat' dir='ltr'><strong>tur</strong></span> <span class='ocrx_word' id='word_1_706' title='bbox 2366 2776 2643 2844; x_wconf 72' lang='lat' dir='ltr'><strong>suscipias,</strong></span> <span class='ocrx_word' id='word_1_707' title='bbox 2672 2779 2881 2833; x_wconf 83' lang='lat' dir='ltr'><strong>tametsi</strong></span> <span class='ocrx_word' id='word_1_708' title='bbox 2910 2780 3073 2835; x_wconf 82' lang='lat' dir='ltr'><strong>multa</strong></span> <span class='ocrx_word' id='word_1_709' title='bbox 3095 2782 3233 2851; x_wconf 89' lang='lat' dir='ltr'><strong>apud</strong></span> <span class='ocrx_word' id='word_1_710' title='bbox 3260 2783 3380 2838; x_wconf 92' lang='lat' dir='ltr'><strong>illos</strong></span> <span class='ocrx_word' id='word_1_711' title='bbox 3400 2785 3505 2839; x_wconf 89' lang='lat' dir='ltr'><strong>sint</strong></span> <span class='ocrx_word' id='word_1_712' title='bbox 3526 2786 3778 2856; x_wconf 87' lang='lat' dir='ltr'><strong>dogmata</strong></span> <span class='ocrx_word' id='word_1_713' title='bbox 3804 2789 3862 2842; x_wconf 71' lang='lat' dir='ltr'><strong>“l</strong></span> 
     </span>
    </p>
   </div>
   <div class='ocr_carea' id='block_1_88' title="bbox 2259 2865 3863 2948">
    <p class='ocr_par' dir='ltr' id='par_1_88' title="bbox 2259 2865 3863 2948">
     <span class='ocr_line' id='line_1_88' title="bbox 2259 2865 3863 2948; baseline 0.009 -27"><span class='ocrx_word' id='word_1_714' title='bbox 2259 2865 2312 2921; x_wconf 90' lang='lat' dir='ltr'><strong>Si</strong></span> <span class='ocrx_word' id='word_1_715' title='bbox 2342 2883 2471 2938; x_wconf 90' lang='lat' dir='ltr'><strong>ergo</strong></span> <span class='ocrx_word' id='word_1_716' title='bbox 2498 2870 2815 2941; x_wconf 90' lang='lat' dir='ltr'><strong>simpliciter</strong></span> <span class='ocrx_word' id='word_1_717' title='bbox 2852 2874 3030 2927; x_wconf 88' lang='lat' dir='ltr'><strong>omnia</strong></span> <span class='ocrx_word' id='word_1_718' title='bbox 3071 2892 3189 2943; x_wconf 68' lang='lat' dir='ltr'><strong>quae</strong></span> <span class='ocrx_word' id='word_1_719' title='bbox 3225 2877 3411 2932; x_wconf 87' lang='lat' dir='ltr'><strong>audies</strong></span> <span class='ocrx_word' id='word_1_720' title='bbox 3450 2879 3684 2948; x_wconf 83' lang='lat' dir='ltr'><strong>accipias</strong></span> <span class='ocrx_word' id='word_1_721' title='bbox 3706 2922 3723 2947; x_wconf 95' lang='lat'><strong>,</strong></span> <span class='ocrx_word' id='word_1_722' title='bbox 3758 2880 3863 2936; x_wconf 92' lang='lat' dir='ltr'><strong>hoc</strong></span> 
     </span>
    </p>
   </div>
   <div class='ocr_carea' id='block_1_89' title="bbox 2258 2958 3863 3041">
    <p class='ocr_par' dir='ltr' id='par_1_89' title="bbox 2258 2958 3863 3041">
     <span class='ocr_line' id='line_1_89' title="bbox 2258 2958 3863 3041; baseline 0.011 -32"><span class='ocrx_word' id='word_1_723' title='bbox 2258 2958 2356 3011; x_wconf 83' lang='lat' dir='ltr'><strong>viri</strong></span> <span class='ocrx_word' id='word_1_724' title='bbox 2386 2975 2489 3015; x_wconf 90' lang='lat' dir='ltr'><strong>non</strong></span> <span class='ocrx_word' id='word_1_725' title='bbox 2518 2973 2659 3016; x_wconf 76' lang='lat' dir='ltr'><strong>esset</strong></span> <span class='ocrx_word' id='word_1_726' title='bbox 2682 2979 2694 3013; x_wconf 87' lang='lat'><strong>:</strong></span> <span class='ocrx_word' id='word_1_727' title='bbox 2714 2962 2758 3015; x_wconf 90' lang='lat' dir='ltr'><strong>si</strong></span> <span class='ocrx_word' id='word_1_728' title='bbox 2786 2973 2963 3017; x_wconf 83' lang='lat' dir='ltr'><strong>autem</strong></span> <span class='ocrx_word' id='word_1_729' title='bbox 2986 2965 3187 3034; x_wconf 90' lang='lat' dir='ltr'><strong>judicio</strong></span> <span class='ocrx_word' id='word_1_730' title='bbox 3211 2980 3264 3021; x_wconf 91' lang='lat' dir='ltr'><strong>et</strong></span> <span class='ocrx_word' id='word_1_731' title='bbox 3287 2978 3465 3023; x_wconf 89' lang='lat' dir='ltr'><strong>mente</strong></span> <span class='ocrx_word' id='word_1_732' title='bbox 3486 2969 3691 3035; x_wconf 86' lang='lat' dir='ltr'><strong>valeas,</strong></span> <span class='ocrx_word' id='word_1_733' title='bbox 3716 2973 3863 3041; x_wconf 91' lang='lat' dir='ltr'><strong>quod</strong></span> 
     </span>
    </p>
   </div>
   <div class='ocr_carea' id='block_1_90' title="bbox 2260 3048 3860 3123">
    <p class='ocr_par' dir='ltr' id='par_1_90' title="bbox 2260 3048 3860 3123">
     <span class='ocr_line' id='line_1_90' title="bbox 2260 3048 3860 3123; baseline 0.011 -21"><span class='ocrx_word' id='word_1_734' title='bbox 2260 3048 2459 3103; x_wconf 88' lang='lat' dir='ltr'><strong>bonum</strong></span> <span class='ocrx_word' id='word_1_735' title='bbox 2489 3066 2778 3123; x_wconf 85' lang='lat' dir='ltr'><strong>verumque</strong></span> <span class='ocrx_word' id='word_1_736' title='bbox 2807 3064 2888 3109; x_wconf 89' lang='lat' dir='ltr'><strong>est</strong></span> <span class='ocrx_word' id='word_1_737' title='bbox 2916 3056 3137 3110; x_wconf 88' lang='lat' dir='ltr'><strong>omnino</strong></span> <span class='ocrx_word' id='word_1_738' title='bbox 3162 3059 3319 3114; x_wconf 82' lang='lat' dir='ltr'><strong>scies.</strong></span> <span class='ocrx_word' id='word_1_739' title='bbox 3366 3059 3560 3114; x_wconf 82' lang='lat' dir='ltr'><strong>Filium</strong></span> <span class='ocrx_word' id='word_1_740' title='bbox 3590 3077 3691 3116; x_wconf 89' lang='lat' dir='ltr'><strong>nos</strong></span> <span class='ocrx_word' id='word_1_741' title='bbox 3718 3062 3860 3118; x_wconf 85' lang='lat' dir='ltr'><strong>dici-</strong></span> 
     </span>
    </p>
   </div>
   <div class='ocr_carea' id='block_1_91' title="bbox 2260 3144 3865 3225">
    <p class='ocr_par' dir='ltr' id='par_1_91' title="bbox 2260 3144 3865 3225">
     <span class='ocr_line' id='line_1_91' title="bbox 2260 3144 3865 3225; baseline 0.009 -30"><span class='ocrx_word' id='word_1_742' title='bbox 2260 3157 2398 3207; x_wconf 83' lang='lat' dir='ltr'><strong>mus,</strong></span> <span class='ocrx_word' id='word_1_743' title='bbox 2424 3144 2638 3214; x_wconf 90' lang='lat' dir='ltr'><strong>etquod</strong></span> <span class='ocrx_word' id='word_1_744' title='bbox 2664 3161 2847 3201; x_wconf 89' lang='lat' dir='ltr'><strong>verum</strong></span> <span class='ocrx_word' id='word_1_745' title='bbox 2872 3158 2953 3202; x_wconf 88' lang='lat' dir='ltr'><strong>est</strong></span> <span class='ocrx_word' id='word_1_746' title='bbox 2976 3147 3203 3206; x_wconf 91' lang='lat' dir='ltr'><strong>dicimus</strong></span> <span class='ocrx_word' id='word_1_747' title='bbox 3234 3170 3245 3203; x_wconf 90' lang='lat'><strong>:</strong></span> <span class='ocrx_word' id='word_1_748' title='bbox 3273 3151 3346 3205; x_wconf 92' lang='lat' dir='ltr'><strong>illi</strong></span> <span class='ocrx_word' id='word_1_749' title='bbox 3375 3167 3503 3208; x_wconf 86' lang='lat' dir='ltr'><strong>vero</strong></span> <span class='ocrx_word' id='word_1_750' title='bbox 3529 3154 3718 3209; x_wconf 90' lang='lat' dir='ltr'><strong>dicunt</strong></span> <span class='ocrx_word' id='word_1_751' title='bbox 3742 3156 3865 3225; x_wconf 82' lang='lat' dir='ltr'><strong>qui-</strong></span> 
     </span>
    </p>
   </div>
   <div class='ocr_carea' id='block_1_92' title="bbox 2262 3232 3863 3316">
    <p class='ocr_par' dir='ltr' id='par_1_92' title="bbox 2262 3232 3863 3316">
     <span class='ocr_line' id='line_1_92' title="bbox 2262 3232 3863 3316; baseline 0.01 -29"><span class='ocrx_word' id='word_1_752' title='bbox 2262 3232 2407 3299; x_wconf 90' lang='lat' dir='ltr'><strong>dem,</strong></span> <span class='ocrx_word' id='word_1_753' title='bbox 2437 3236 2531 3289; x_wconf 85' lang='lat' dir='ltr'><strong>sed</strong></span> <span class='ocrx_word' id='word_1_754' title='bbox 2561 3250 2664 3290; x_wconf 92' lang='lat' dir='ltr'><strong>non</strong></span> <span class='ocrx_word' id='word_1_755' title='bbox 2697 3239 3041 3295; x_wconf 87' lang='lat' dir='ltr'><strong>confitentur.</strong></span> <span class='ocrx_word' id='word_1_756' title='bbox 3073 3240 3142 3296; x_wconf 83' lang='lat' dir='ltr'><strong>Ut</strong></span> <span class='ocrx_word' id='word_1_757' title='bbox 3169 3258 3297 3296; x_wconf 84' lang='lat' dir='ltr'><strong>vero</strong></span> <span class='ocrx_word' id='word_1_758' title='bbox 3317 3244 3512 3299; x_wconf 90' lang='lat' dir='ltr'><strong>clarius</strong></span> <span class='ocrx_word' id='word_1_759' title='bbox 3540 3246 3757 3316; x_wconf 88' lang='lat' dir='ltr'><strong>loquar,</strong></span> <span class='ocrx_word' id='word_1_760' title='bbox 3784 3248 3863 3303; x_wconf 89' lang='lat' dir='ltr'><strong>illi</strong></span> 
     </span>
    </p>
   </div>
   <div class='ocr_carea' id='block_1_93' title="bbox 2261 3327 3862 3404">
    <p class='ocr_par' dir='ltr' id='par_1_93' title="bbox 2261 3327 3862 3404">
     <span class='ocr_line' id='line_1_93' title="bbox 2261 3327 3862 3404; baseline 0.011 -27"><span class='ocrx_word' id='word_1_761' title='bbox 2261 3327 2521 3395; x_wconf 89' lang='lat' dir='ltr'><strong>quosdam</strong></span> <span class='ocrx_word' id='word_1_762' title='bbox 2550 3328 2767 3393; x_wconf 88' lang='lat' dir='ltr'><strong>habent,</strong></span> <span class='ocrx_word' id='word_1_763' title='bbox 2796 3346 2825 3385; x_wconf 91' lang='lat' dir='ltr'><strong>a</strong></span> <span class='ocrx_word' id='word_1_764' title='bbox 2851 3332 3046 3401; x_wconf 86' lang='lat' dir='ltr'><strong>quibus</strong></span> <span class='ocrx_word' id='word_1_765' title='bbox 3072 3334 3445 3404; x_wconf 86' lang='lat' dir='ltr'><strong>appellantur,</strong></span> <span class='ocrx_word' id='word_1_766' title='bbox 3479 3338 3862 3395; x_wconf 62' lang='lat' dir='ltr'><strong>ltmresiarcltm</strong></span> 
     </span>
    </p>
   </div>
   <div class='ocr_carea' id='block_1_94' title="bbox 2261 3424 3866 3495">
    <p class='ocr_par' dir='ltr' id='par_1_94' title="bbox 2261 3424 3866 3495">
     <span class='ocr_line' id='line_1_94' title="bbox 2261 3424 3866 3495; baseline 0.009 -21"><span class='ocrx_word' id='word_1_767' title='bbox 2261 3429 2409 3475; x_wconf 77' lang='lat' dir='ltr'><strong>Certe</strong></span> <span class='ocrx_word' id='word_1_768' title='bbox 2440 3437 2634 3477; x_wconf 90' lang='lat' dir='ltr'><strong>nomen</strong></span> <span class='ocrx_word' id='word_1_769' title='bbox 2668 3440 2681 3478; x_wconf 90' lang='lat'><strong>:</strong></span> <span class='ocrx_word' id='word_1_770' title='bbox 2714 3424 2791 3478; x_wconf 89' lang='lat' dir='ltr'><strong>sic</strong></span> <span class='ocrx_word' id='word_1_771' title='bbox 2832 3425 3058 3493; x_wconf 74' lang='lat' dir='ltr'><strong>singula:</strong></span> <span class='ocrx_word' id='word_1_772' title='bbox 3090 3426 3353 3495; x_wconf 71' lang='lat' dir='ltr'><strong>hmreses;</strong></span> <span class='ocrx_word' id='word_1_773' title='bbox 3384 3430 3537 3485; x_wconf 90' lang='lat' dir='ltr'><strong>nobis</strong></span> <span class='ocrx_word' id='word_1_774' title='bbox 3566 3431 3649 3484; x_wconf 89' lang='lat' dir='ltr'><strong>vir</strong></span> <span class='ocrx_word' id='word_1_775' title='bbox 3680 3432 3866 3488; x_wconf 86' lang='lat' dir='ltr'><strong>nullus</strong></span> 
     </span>
    </p>
   </div>
   <div class='ocr_carea' id='block_1_95' title="bbox 2264 3516 3867 3592">
    <p class='ocr_par' dir='ltr' id='par_1_95' title="bbox 2264 3516 3867 3592">
     <span class='ocr_line' id='line_1_95' title="bbox 2264 3516 3867 3592; baseline 0.007 -25"><span class='ocrx_word' id='word_1_776' title='bbox 2264 3528 2458 3569; x_wconf 86' lang='lat' dir='ltr'><strong>nomen</strong></span> <span class='ocrx_word' id='word_1_777' title='bbox 2493 3516 2714 3580; x_wconf 88' lang='lat' dir='ltr'><strong>indidit,</strong></span> <span class='ocrx_word' id='word_1_778' title='bbox 2746 3517 2837 3571; x_wconf 89' lang='lat' dir='ltr'><strong>sed</strong></span> <span class='ocrx_word' id='word_1_779' title='bbox 2871 3520 2981 3587; x_wconf 90' lang='lat' dir='ltr'><strong>ipsa</strong></span> <span class='ocrx_word' id='word_1_780' title='bbox 3016 3518 3168 3573; x_wconf 84' lang='lat' dir='ltr'><strong>ﬁdes.</strong></span> <span class='ocrx_word' id='word_1_781' title='bbox 3205 3519 3401 3574; x_wconf 86' lang='lat' dir='ltr'><strong>Verum</strong></span> <span class='ocrx_word' id='word_1_782' title='bbox 3435 3522 3537 3576; x_wconf 90' lang='lat' dir='ltr'><strong>hoc</strong></span> <span class='ocrx_word' id='word_1_783' title='bbox 3566 3535 3867 3592; x_wconf 74' lang='lat' dir='ltr'><strong>prmtextus</strong></span> 
     </span>
    </p>
   </div>
   <div class='ocr_carea' id='block_1_96' title="bbox 2264 3605 3865 3684">
    <p class='ocr_par' dir='ltr' id='par_1_96' title="bbox 2264 3605 3865 3684">
     <span class='ocr_line' id='line_1_96' title="bbox 2264 3605 3865 3684; baseline 0.006 -25"><span class='ocrx_word' id='word_1_784' title='bbox 2264 3605 2622 3677; x_wconf 89' lang='lat' dir='ltr'><strong>obtentusque</strong></span> <span class='ocrx_word' id='word_1_785' title='bbox 2666 3617 2767 3662; x_wconf 84' lang='lat' dir='ltr'><strong>est.</strong></span> <span class='ocrx_word' id='word_1_786' title='bbox 2808 3606 2917 3663; x_wconf 88' lang='lat' dir='ltr'><strong>Cur</strong></span> <span class='ocrx_word' id='word_1_787' title='bbox 2954 3609 3129 3673; x_wconf 90' lang='lat' dir='ltr'><strong>enim,</strong></span> <span class='ocrx_word' id='word_1_788' title='bbox 3162 3626 3374 3681; x_wconf 71' lang='lat' dir='ltr'><strong>quaeso,</strong></span> <span class='ocrx_word' id='word_1_789' title='bbox 3412 3613 3627 3684; x_wconf 90' lang='lat' dir='ltr'><strong>quando</strong></span> <span class='ocrx_word' id='word_1_790' title='bbox 3657 3626 3865 3669; x_wconf 83' lang='lat' dir='ltr'><strong>vestem</strong></span> 
     </span>
    </p>
   </div>
   <div class='ocr_carea' id='block_1_97' title="bbox 2266 3699 3865 3772">
    <p class='ocr_par' dir='ltr' id='par_1_97' title="bbox 2266 3699 3865 3772">
     <span class='ocr_line' id='line_1_97' title="bbox 2266 3699 3865 3772; baseline 0.007 -24"><span class='ocrx_word' id='word_1_791' title='bbox 2266 3704 2541 3764; x_wconf 89' lang='lat' dir='ltr'><strong>empturus</strong></span> <span class='ocrx_word' id='word_1_792' title='bbox 2567 3711 2646 3764; x_wconf 92' lang='lat' dir='ltr'><strong>es,</strong></span> <span class='ocrx_word' id='word_1_793' title='bbox 2680 3699 2922 3767; x_wconf 86' lang='lat' dir='ltr'><strong>quamvis</strong></span> <span class='ocrx_word' id='word_1_794' title='bbox 2954 3700 3005 3755; x_wconf 94' lang='lat' dir='ltr'><strong>in</strong></span> <span class='ocrx_word' id='word_1_795' title='bbox 3027 3708 3145 3755; x_wconf 83' lang='lat' dir='ltr'><strong>arte</strong></span> <span class='ocrx_word' id='word_1_796' title='bbox 3174 3701 3397 3756; x_wconf 84' lang='lat' dir='ltr'><strong>textoria</strong></span> <span class='ocrx_word' id='word_1_797' title='bbox 3422 3703 3725 3772; x_wconf 87' lang='lat' dir='ltr'><strong>imperitus,</strong></span> <span class='ocrx_word' id='word_1_798' title='bbox 3758 3720 3865 3759; x_wconf 92' lang='lat' dir='ltr'><strong>non</strong></span> 
     </span>
    </p>
   </div>
   <div class='ocr_carea' id='block_1_98' title="bbox 2266 3785 3867 3864">
    <p class='ocr_par' dir='ltr' id='par_1_98' title="bbox 2266 3785 3867 3864">
     <span class='ocr_line' id='line_1_98' title="bbox 2266 3785 3867 3864; baseline 0.008 -25"><span class='ocrx_word' id='word_1_799' title='bbox 2266 3785 2353 3841; x_wconf 83' lang='lat' dir='ltr'><strong>illa</strong></span> <span class='ocrx_word' id='word_1_800' title='bbox 2381 3786 2586 3857; x_wconf 89' lang='lat' dir='ltr'><strong>profers</strong></span> <span class='ocrx_word' id='word_1_801' title='bbox 2605 3790 2764 3845; x_wconf 83' lang='lat' dir='ltr'><strong>verba</strong></span> <span class='ocrx_word' id='word_1_802' title='bbox 2797 3810 2810 3845; x_wconf 92' lang='lat'><strong>:</strong></span> <span class='ocrx_word' id='word_1_803' title='bbox 2844 3789 3038 3846; x_wconf 88' lang='lat' dir='ltr'><strong>Emere</strong></span> <span class='ocrx_word' id='word_1_804' title='bbox 3068 3794 3269 3855; x_wconf 88' lang='lat' dir='ltr'><strong>nescio,</strong></span> <span class='ocrx_word' id='word_1_805' title='bbox 3297 3809 3382 3847; x_wconf 90' lang='lat' dir='ltr'><strong>me</strong></span> <span class='ocrx_word' id='word_1_806' title='bbox 3408 3792 3684 3864; x_wconf 89' lang='lat' dir='ltr'><strong>decipiunt</strong></span> <span class='ocrx_word' id='word_1_807' title='bbox 3710 3812 3725 3861; x_wconf 96' lang='lat'><strong>;</strong></span> <span class='ocrx_word' id='word_1_808' title='bbox 3772 3796 3867 3852; x_wconf 68' lang='lat' dir='ltr'><strong>sed</strong></span> 
     </span>
    </p>
   </div>
   <div class='ocr_carea' id='block_1_99' title="bbox 2256 3880 3866 3950">
    <p class='ocr_par' dir='ltr' id='par_1_99' title="bbox 2256 3880 3866 3950">
     <span class='ocr_line' id='line_1_99' title="bbox 2256 3880 3866 3950; baseline 0.008 -18"><span class='ocrx_word' id='word_1_809' title='bbox 2256 3880 2400 3933; x_wconf 83' lang='lat' dir='ltr'><strong>nihil</strong></span> <span class='ocrx_word' id='word_1_810' title='bbox 2428 3895 2530 3935; x_wconf 92' lang='lat' dir='ltr'><strong>non</strong></span> <span class='ocrx_word' id='word_1_811' title='bbox 2550 3882 2663 3950; x_wconf 88' lang='lat' dir='ltr'><strong>agis</strong></span> <span class='ocrx_word' id='word_1_812' title='bbox 2688 3890 2744 3935; x_wconf 90' lang='lat' dir='ltr'><strong>ut</strong></span> <span class='ocrx_word' id='word_1_813' title='bbox 2763 3881 2983 3937; x_wconf 78' lang='lat' dir='ltr'><strong>discas?</strong></span> <span class='ocrx_word' id='word_1_814' title='bbox 3008 3882 3181 3936; x_wconf 87' lang='lat' dir='ltr'><strong>Etiam</strong></span> <span class='ocrx_word' id='word_1_815' title='bbox 3208 3884 3252 3936; x_wconf 90' lang='lat' dir='ltr'><strong>si</strong></span> <span class='ocrx_word' id='word_1_816' title='bbox 3275 3883 3485 3949; x_wconf 88' lang='lat' dir='ltr'><strong>quidvis</strong></span> <span class='ocrx_word' id='word_1_817' title='bbox 3505 3885 3652 3939; x_wconf 88' lang='lat' dir='ltr'><strong>aliud</strong></span> <span class='ocrx_word' id='word_1_818' title='bbox 3678 3902 3866 3944; x_wconf 88' lang='lat' dir='ltr'><strong>emere</strong></span> 
     </span>
    </p>
   </div>
   <div class='ocr_carea' id='block_1_100' title="bbox 2266 3974 3866 4047">
    <p class='ocr_par' dir='ltr' id='par_1_100' title="bbox 2266 3974 3866 4047">
     <span class='ocr_line' id='line_1_100' title="bbox 2266 3974 3866 4047; baseline 0.005 -20"><span class='ocrx_word' id='word_1_819' title='bbox 2266 3974 2470 4044; x_wconf 90' lang='lat' dir='ltr'><strong>cupias,</strong></span> <span class='ocrx_word' id='word_1_820' title='bbox 2490 3974 2666 4027; x_wconf 92' lang='lat' dir='ltr'><strong>omnia</strong></span> <span class='ocrx_word' id='word_1_821' title='bbox 2688 3975 2903 4030; x_wconf 88' lang='lat' dir='ltr'><strong>curiose</strong></span> <span class='ocrx_word' id='word_1_822' title='bbox 2924 3975 3189 4045; x_wconf 90' lang='lat' dir='ltr'><strong>perquiris</strong></span> <span class='ocrx_word' id='word_1_823' title='bbox 3210 3992 3225 4041; x_wconf 95' lang='lat'><strong>;</strong></span> <span class='ocrx_word' id='word_1_824' title='bbox 3256 3975 3343 4030; x_wconf 91' lang='lat' dir='ltr'><strong>bic</strong></span> <span class='ocrx_word' id='word_1_825' title='bbox 3364 3992 3490 4032; x_wconf 87' lang='lat' dir='ltr'><strong>vero</strong></span> <span class='ocrx_word' id='word_1_826' title='bbox 3514 3977 3585 4032; x_wconf 91' lang='lat' dir='ltr'><strong>ita</strong></span> <span class='ocrx_word' id='word_1_827' title='bbox 3605 3978 3866 4047; x_wconf 84' lang='lat' dir='ltr'><strong>loqueris.</strong></span> 
     </span>
    </p>
   </div>
   <div class='ocr_carea' id='block_1_101' title="bbox 2268 4066 3868 4140">
    <p class='ocr_par' dir='ltr' id='par_1_101' title="bbox 2268 4066 3868 4140">
     <span class='ocr_line' id='line_1_101' title="bbox 2268 4066 3868 4140; baseline 0.003 -20"><span class='ocrx_word' id='word_1_828' title='bbox 2268 4066 2449 4135; x_wconf 85' lang='lat' dir='ltr'><strong>Itaque</strong></span> <span class='ocrx_word' id='word_1_829' title='bbox 2473 4066 2551 4121; x_wconf 90' lang='lat' dir='ltr'><strong>sic</strong></span> <span class='ocrx_word' id='word_1_830' title='bbox 2581 4067 2807 4137; x_wconf 89' lang='lat' dir='ltr'><strong>loquens</strong></span> <span class='ocrx_word' id='word_1_831' title='bbox 2827 4109 2842 4133; x_wconf 95' lang='lat'><strong>,</strong></span> <span class='ocrx_word' id='word_1_832' title='bbox 2880 4066 3011 4122; x_wconf 90' lang='lat' dir='ltr'><strong>nihil</strong></span> <span class='ocrx_word' id='word_1_833' title='bbox 3047 4068 3269 4122; x_wconf 90' lang='lat' dir='ltr'><strong>omnino</strong></span> <span class='ocrx_word' id='word_1_834' title='bbox 3296 4069 3577 4140; x_wconf 88' lang='lat' dir='ltr'><strong>suscipies.</strong></span> <span class='ocrx_word' id='word_1_835' title='bbox 3608 4069 3694 4125; x_wconf 88' lang='lat' dir='ltr'><strong>Sit</strong></span> <span class='ocrx_word' id='word_1_836' title='bbox 3722 4071 3868 4125; x_wconf 83' lang='lat' dir='ltr'><strong>enim</strong></span> 
     </span>
    </p>
   </div>
   <div class='ocr_carea' id='block_1_102' title="bbox 2266 4158 3867 4231">
    <p class='ocr_par' dir='ltr' id='par_1_102' title="bbox 2266 4158 3867 4231">
     <span class='ocr_line' id='line_1_102' title="bbox 2266 4158 3867 4231; baseline 0.004 -19"><span class='ocrx_word' id='word_1_837' title='bbox 2266 4158 2459 4228; x_wconf 90' lang='lat' dir='ltr'><strong>aliquis</strong></span> <span class='ocrx_word' id='word_1_838' title='bbox 2485 4159 2691 4215; x_wconf 90' lang='lat' dir='ltr'><strong>nullum</strong></span> <span class='ocrx_word' id='word_1_839' title='bbox 2713 4160 2933 4215; x_wconf 90' lang='lat' dir='ltr'><strong>omnino</strong></span> <span class='ocrx_word' id='word_1_840' title='bbox 2953 4160 3144 4231; x_wconf 84' lang='lat' dir='ltr'><strong>dogma</strong></span> <span class='ocrx_word' id='word_1_841' title='bbox 3170 4160 3405 4227; x_wconf 89' lang='lat' dir='ltr'><strong>habens;</strong></span> <span class='ocrx_word' id='word_1_842' title='bbox 3432 4160 3478 4216; x_wconf 90' lang='lat' dir='ltr'><strong>si</strong></span> <span class='ocrx_word' id='word_1_843' title='bbox 3503 4160 3648 4217; x_wconf 89' lang='lat' dir='ltr'><strong>dicat</strong></span> <span class='ocrx_word' id='word_1_844' title='bbox 3671 4162 3761 4218; x_wconf 90' lang='lat' dir='ltr'><strong>ille</strong></span> <span class='ocrx_word' id='word_1_845' title='bbox 3789 4163 3867 4229; x_wconf 90' lang='lat' dir='ltr'><strong>id,</strong></span> 
     </span>
    </p>
   </div>
   <div class='ocr_carea' id='block_1_103' title="bbox 2267 4251 3871 4321">
    <p class='ocr_par' dir='ltr' id='par_1_103' title="bbox 2267 4251 3871 4321">
     <span class='ocr_line' id='line_1_103' title="bbox 2267 4251 3871 4321; baseline 0.007 -19"><span class='ocrx_word' id='word_1_846' title='bbox 2267 4251 2409 4321; x_wconf 88' lang='lat' dir='ltr'><strong>quod</strong></span> <span class='ocrx_word' id='word_1_847' title='bbox 2442 4261 2494 4307; x_wconf 89' lang='grc' dir='ltr'><strong>ιιι</strong></span> <span class='ocrx_word' id='word_1_848' title='bbox 2524 4252 2591 4308; x_wconf 90' lang='lat' dir='ltr'><strong>de</strong></span> <span class='ocrx_word' id='word_1_849' title='bbox 2617 4252 2935 4308; x_wconf 84' lang='lat' dir='ltr'><strong>Christianis</strong></span> <span class='ocrx_word' id='word_1_850' title='bbox 2964 4252 3105 4309; x_wconf 90' lang='lat' dir='ltr'><strong>dicis</strong></span> <span class='ocrx_word' id='word_1_851' title='bbox 3135 4271 3150 4308; x_wconf 89' lang='lat'><strong>:</strong></span> <span class='ocrx_word' id='word_1_852' title='bbox 3182 4254 3352 4310; x_wconf 88' lang='lat' dir='ltr'><strong>Tanta</strong></span> <span class='ocrx_word' id='word_1_853' title='bbox 3381 4254 3667 4311; x_wconf 88' lang='lat' dir='ltr'><strong>multitudo</strong></span> <span class='ocrx_word' id='word_1_854' title='bbox 3695 4256 3871 4313; x_wconf 79' lang='lat' dir='ltr'><strong>homi-</strong></span> 
     </span>
    </p>
   </div>
   <div class='ocr_carea' id='block_1_104' title="bbox 2270 4345 3867 4418">
    <p class='ocr_par' dir='ltr' id='par_1_104' title="bbox 2270 4345 3867 4418">
     <span class='ocr_line' id='line_1_104' title="bbox 2270 4345 3867 4418; baseline 0.005 -21"><span class='ocrx_word' id='word_1_855' title='bbox 2270 4360 2394 4397; x_wconf 91' lang='lat' dir='ltr'><strong>num</strong></span> <span class='ocrx_word' id='word_1_856' title='bbox 2423 4353 2526 4411; x_wconf 89' lang='lat' dir='ltr'><strong>est,</strong></span> <span class='ocrx_word' id='word_1_857' title='bbox 2552 4355 2606 4399; x_wconf 90' lang='lat' dir='ltr'><strong>et</strong></span> <span class='ocrx_word' id='word_1_858' title='bbox 2628 4346 2773 4401; x_wconf 87' lang='lat' dir='ltr'><strong>varia</strong></span> <span class='ocrx_word' id='word_1_859' title='bbox 2803 4345 3002 4401; x_wconf 86' lang='lat' dir='ltr'><strong>habent</strong></span> <span class='ocrx_word' id='word_1_860' title='bbox 3028 4346 3314 4416; x_wconf 83' lang='lat' dir='ltr'><strong>dogmata;</strong></span> <span class='ocrx_word' id='word_1_861' title='bbox 3353 4347 3489 4401; x_wconf 87' lang='lat' dir='ltr'><strong>alius</strong></span> <span class='ocrx_word' id='word_1_862' title='bbox 3516 4348 3737 4418; x_wconf 87' lang='lat' dir='ltr'><strong>gentilis</strong></span> <span class='ocrx_word' id='word_1_863' title='bbox 3765 4359 3867 4415; x_wconf 84' lang='lat' dir='ltr'><strong>est,</strong></span> 
     </span>
    </p>
   </div>
   <div class='ocr_carea' id='block_1_105' title="bbox 2271 4434 3873 4510">
    <p class='ocr_par' dir='ltr' id='par_1_105' title="bbox 2271 4434 3873 4510">
     <span class='ocr_line' id='line_1_105' title="bbox 2271 4434 3873 4510; baseline 0.006 -23"><span class='ocrx_word' id='word_1_864' title='bbox 2271 4434 2406 4489; x_wconf 89' lang='lat' dir='ltr'><strong>alius</strong></span> <span class='ocrx_word' id='word_1_865' title='bbox 2432 4436 2669 4504; x_wconf 70' lang='lat' dir='ltr'><strong>Judazus,</strong></span> <span class='ocrx_word' id='word_1_866' title='bbox 2694 4436 2831 4491; x_wconf 91' lang='lat' dir='ltr'><strong>alius</strong></span> <span class='ocrx_word' id='word_1_867' title='bbox 2851 4435 3187 4492; x_wconf 89' lang='lat' dir='ltr'><strong>Christianus</strong></span> <span class='ocrx_word' id='word_1_868' title='bbox 3218 4457 3231 4494; x_wconf 90' lang='lat'><strong>:</strong></span> <span class='ocrx_word' id='word_1_869' title='bbox 3260 4438 3466 4493; x_wconf 90' lang='lat' dir='ltr'><strong>nullum</strong></span> <span class='ocrx_word' id='word_1_870' title='bbox 3493 4439 3752 4510; x_wconf 87' lang='lat' dir='ltr'><strong>amplecti</strong></span> <span class='ocrx_word' id='word_1_871' title='bbox 3774 4440 3873 4498; x_wconf 90' lang='lat' dir='ltr'><strong>do-</strong></span> 
     </span>
    </p>
   </div>
   <div class='ocr_carea' id='block_1_106' title="bbox 2269 4528 3874 4603">
    <p class='ocr_par' dir='ltr' id='par_1_106' title="bbox 2269 4528 3874 4603">
     <span class='ocr_line' id='line_1_106' title="bbox 2269 4528 3874 4603; baseline 0.001 -18"><span class='ocrx_word' id='word_1_872' title='bbox 2269 4546 2391 4603; x_wconf 89' lang='lat' dir='ltr'><strong>gma</strong></span> <span class='ocrx_word' id='word_1_873' title='bbox 2435 4537 2648 4600; x_wconf 89' lang='lat' dir='ltr'><strong>oportet</strong></span> <span class='ocrx_word' id='word_1_874' title='bbox 2676 4546 2689 4581; x_wconf 89' lang='lat'><strong>:</strong></span> <span class='ocrx_word' id='word_1_875' title='bbox 2721 4528 2797 4583; x_wconf 90' lang='lat' dir='ltr'><strong>illi</strong></span> <span class='ocrx_word' id='word_1_876' title='bbox 2823 4528 2965 4583; x_wconf 90' lang='lat' dir='ltr'><strong>enim</strong></span> <span class='ocrx_word' id='word_1_877' title='bbox 2994 4528 3135 4585; x_wconf 90' lang='lat' dir='ltr'><strong>inter</strong></span> <span class='ocrx_word' id='word_1_878' title='bbox 3164 4543 3223 4583; x_wconf 90' lang='lat' dir='ltr'><strong>se</strong></span> <span class='ocrx_word' id='word_1_879' title='bbox 3250 4538 3489 4599; x_wconf 87' lang='lat' dir='ltr'><strong>pugnant</strong></span> <span class='ocrx_word' id='word_1_880' title='bbox 3520 4546 3535 4584; x_wconf 90' lang='lat'><strong>:</strong></span> <span class='ocrx_word' id='word_1_881' title='bbox 3568 4544 3671 4600; x_wconf 85' lang='lat' dir='ltr'><strong>ego</strong></span> <span class='ocrx_word' id='word_1_882' title='bbox 3703 4529 3874 4588; x_wconf 81' lang='lat' dir='ltr'><strong>disci-</strong></span> 
     </span>
    </p>
   </div>
   <div class='ocr_carea' id='block_1_107' title="bbox 2272 4618 3875 4693">
    <p class='ocr_par' dir='ltr' id='par_1_107' title="bbox 2272 4618 3875 4693">
     <span class='ocr_line' id='line_1_107' title="bbox 2272 4618 3875 4693; baseline 0.002 -18"><span class='ocrx_word' id='word_1_883' title='bbox 2272 4622 2429 4693; x_wconf 91' lang='lat' dir='ltr'><strong>pulus</strong></span> <span class='ocrx_word' id='word_1_884' title='bbox 2458 4636 2599 4687; x_wconf 91' lang='lat' dir='ltr'><strong>sum,</strong></span> <span class='ocrx_word' id='word_1_885' title='bbox 2622 4619 2788 4690; x_wconf 90' lang='lat' dir='ltr'><strong>judex</strong></span> <span class='ocrx_word' id='word_1_886' title='bbox 2812 4634 2933 4675; x_wconf 86' lang='lat' dir='ltr'><strong>esse</strong></span> <span class='ocrx_word' id='word_1_887' title='bbox 2960 4620 3106 4686; x_wconf 87' lang='lat' dir='ltr'><strong>nolo,</strong></span> <span class='ocrx_word' id='word_1_888' title='bbox 3129 4634 3305 4691; x_wconf 88' lang='lat' dir='ltr'><strong>neque</strong></span> <span class='ocrx_word' id='word_1_889' title='bbox 3331 4620 3495 4675; x_wconf 92' lang='lat' dir='ltr'><strong>ullum</strong></span> <span class='ocrx_word' id='word_1_890' title='bbox 3520 4618 3717 4691; x_wconf 84' lang='lat' dir='ltr'><strong>dogma</strong></span> <span class='ocrx_word' id='word_1_891' title='bbox 3740 4636 3875 4678; x_wconf 86' lang='lat' dir='ltr'><strong>eon-</strong></span> 
     </span>
    </p>
   </div>
   <div class='ocr_carea' id='block_1_108' title="bbox 2272 4710 3876 4781">
    <p class='ocr_par' dir='ltr' id='par_1_108' title="bbox 2272 4710 3876 4781">
     <span class='ocr_line' id='line_1_108' title="bbox 2272 4710 3876 4781; baseline 0.001 -14"><span class='ocrx_word' id='word_1_892' title='bbox 2272 4712 2527 4767; x_wconf 88' lang='lat' dir='ltr'><strong>demnare</strong></span> <span class='ocrx_word' id='word_1_893' title='bbox 2558 4729 2570 4764; x_wconf 90' lang='lat'>:</span> <span class='ocrx_word' id='word_1_894' title='bbox 2601 4726 2705 4765; x_wconf 91' lang='lat' dir='ltr'><strong>non</strong></span> <span class='ocrx_word' id='word_1_895' title='bbox 2736 4712 2847 4781; x_wconf 87' lang='lat' dir='ltr'><strong>jam</strong></span> <span class='ocrx_word' id='word_1_896' title='bbox 2894 4711 2985 4766; x_wconf 93' lang='lat' dir='ltr'><strong>ille</strong></span> <span class='ocrx_word' id='word_1_897' title='bbox 3029 4719 3325 4780; x_wconf 67' lang='lat' dir='ltr'><strong>prmtextus</strong></span> <span class='ocrx_word' id='word_1_898' title='bbox 3368 4710 3541 4766; x_wconf 90' lang='lat' dir='ltr'><strong>locum</strong></span> <span class='ocrx_word' id='word_1_899' title='bbox 3581 4711 3772 4767; x_wconf 88' lang='lat' dir='ltr'><strong>habet.</strong></span> <span class='ocrx_word' id='word_1_900' title='bbox 3803 4711 3876 4769; x_wconf 83' lang='lat' dir='ltr'><strong>Ut</strong></span> 
     </span>
    </p>
   </div>
   <div class='ocr_carea' id='block_1_109' title="bbox 2274 4799 3873 4871">
    <p class='ocr_par' dir='ltr' id='par_1_109' title="bbox 2274 4799 3873 4871">
     <span class='ocr_line' id='line_1_109' title="bbox 2274 4799 3873 4871; baseline -0.001 -13"><span class='ocrx_word' id='word_1_901' title='bbox 2274 4804 2416 4859; x_wconf 89' lang='lat' dir='ltr'><strong>enim</strong></span> <span class='ocrx_word' id='word_1_902' title='bbox 2444 4801 2803 4857; x_wconf 88' lang='lat' dir='ltr'><strong>adulterinum</strong></span> <span class='ocrx_word' id='word_1_903' title='bbox 2830 4801 3027 4871; x_wconf 88' lang='lat' dir='ltr'><strong>ejicere</strong></span> <span class='ocrx_word' id='word_1_904' title='bbox 3055 4800 3297 4869; x_wconf 87' lang='lat' dir='ltr'><strong>potuisti,</strong></span> <span class='ocrx_word' id='word_1_905' title='bbox 3316 4800 3393 4855; x_wconf 90' lang='lat' dir='ltr'><strong>sic</strong></span> <span class='ocrx_word' id='word_1_906' title='bbox 3416 4802 3618 4871; x_wconf 86' lang='lat' dir='ltr'><strong>poteris</strong></span> <span class='ocrx_word' id='word_1_907' title='bbox 3638 4799 3750 4857; x_wconf 89' lang='lat' dir='ltr'><strong>huc</strong></span> <span class='ocrx_word' id='word_1_908' title='bbox 3779 4816 3873 4858; x_wconf 85' lang='lat' dir='ltr'><strong>ac-</strong></span> 
     </span>
    </p>
   </div>
   <div class='ocr_carea' id='block_1_110' title="bbox 2274 4893 3875 4969">
    <p class='ocr_par' dir='ltr' id='par_1_110' title="bbox 2274 4893 3875 4969">
     <span class='ocr_line' id='line_1_110' title="bbox 2274 4893 3875 4969; baseline 0 -18"><span class='ocrx_word' id='word_1_909' title='bbox 2274 4898 2491 4965; x_wconf 89' lang='lat' dir='ltr'><strong>cedens,</strong></span> <span class='ocrx_word' id='word_1_910' title='bbox 2516 4897 2641 4969; x_wconf 84' lang='lat' dir='ltr'><strong>quid</strong></span> <span class='ocrx_word' id='word_1_911' title='bbox 2674 4896 2743 4951; x_wconf 91' lang='lat' dir='ltr'><strong>sit</strong></span> <span class='ocrx_word' id='word_1_912' title='bbox 2768 4894 2895 4951; x_wconf 89' lang='lat' dir='ltr'><strong>utile</strong></span> <span class='ocrx_word' id='word_1_913' title='bbox 2922 4894 3225 4963; x_wconf 85' lang='lat' dir='ltr'><strong>explorare.</strong></span> <span class='ocrx_word' id='word_1_914' title='bbox 3258 4893 3391 4949; x_wconf 88' lang='lat' dir='ltr'><strong>Nam</strong></span> <span class='ocrx_word' id='word_1_915' title='bbox 3417 4895 3506 4963; x_wconf 91' lang='lat' dir='ltr'><strong>qui</strong></span> <span class='ocrx_word' id='word_1_916' title='bbox 3533 4893 3745 4950; x_wconf 87' lang='lat' dir='ltr'><strong>nullum</strong></span> <span class='ocrx_word' id='word_1_917' title='bbox 3775 4894 3875 4951; x_wconf 79' lang='lat' dir='ltr'><strong>do-</strong></span> 
     </span>
    </p>
   </div>
   <div class='ocr_carea' id='block_1_111' title="bbox 2273 4984 3871 5060">
    <p class='ocr_par' dir='ltr' id='par_1_111' title="bbox 2273 4984 3871 5060">
     <span class='ocr_line' id='line_1_111' title="bbox 2273 4984 3871 5060; baseline 0.001 -19"><span class='ocrx_word' id='word_1_918' title='bbox 2273 5005 2392 5060; x_wconf 87' lang='lat' dir='ltr'><strong>gma</strong></span> <span class='ocrx_word' id='word_1_919' title='bbox 2434 4988 2778 5053; x_wconf 88' lang='lat' dir='ltr'><strong>condemnat,</strong></span> <span class='ocrx_word' id='word_1_920' title='bbox 2811 4985 2913 5041; x_wconf 92' lang='lat' dir='ltr'><strong>hoc</strong></span> <span class='ocrx_word' id='word_1_921' title='bbox 2942 4984 3099 5041; x_wconf 88' lang='lat' dir='ltr'><strong>facile</strong></span> <span class='ocrx_word' id='word_1_922' title='bbox 3123 4984 3268 5041; x_wconf 92' lang='lat' dir='ltr'><strong>dicet</strong></span> <span class='ocrx_word' id='word_1_923' title='bbox 3296 5002 3311 5040; x_wconf 89' lang='lat'><strong>:</strong></span> <span class='ocrx_word' id='word_1_924' title='bbox 3341 4985 3430 5055; x_wconf 87' lang='lat' dir='ltr'><strong>qui</strong></span> <span class='ocrx_word' id='word_1_925' title='bbox 3463 4999 3592 5040; x_wconf 89' lang='lat' dir='ltr'><strong>vero</strong></span> <span class='ocrx_word' id='word_1_926' title='bbox 3621 4985 3871 5054; x_wconf 86' lang='lat' dir='ltr'><strong>damnat,</strong></span> 
     </span>
    </p>
   </div>
   <div class='ocr_carea' id='block_1_112' title="bbox 2274 5075 3876 5149">
    <p class='ocr_par' dir='ltr' id='par_1_112' title="bbox 2274 5075 3876 5149">
     <span class='ocr_line' id='line_1_112' title="bbox 2274 5075 3876 5149; baseline -0.001 -14"><span class='ocrx_word' id='word_1_927' title='bbox 2274 5080 2375 5135; x_wconf 89' lang='lat' dir='ltr'><strong>etsi</strong></span> <span class='ocrx_word' id='word_1_928' title='bbox 2421 5080 2549 5135; x_wconf 89' lang='lat' dir='ltr'><strong>nihil</strong></span> <span class='ocrx_word' id='word_1_929' title='bbox 2594 5078 2787 5149; x_wconf 86' lang='lat' dir='ltr'><strong>eligat,</strong></span> <span class='ocrx_word' id='word_1_930' title='bbox 2830 5090 3115 5147; x_wconf 87' lang='lat' dir='ltr'><strong>progressu</strong></span> <span class='ocrx_word' id='word_1_931' title='bbox 3154 5076 3411 5146; x_wconf 85' lang='lat' dir='ltr'><strong>temporis</strong></span> <span class='ocrx_word' id='word_1_932' title='bbox 3447 5075 3647 5146; x_wconf 89' lang='lat' dir='ltr'><strong>poterit</strong></span> <span class='ocrx_word' id='word_1_933' title='bbox 3690 5075 3876 5133; x_wconf 83' lang='lat' dir='ltr'><strong>videre</strong></span> 
     </span>
    </p>
   </div>
   <div class='ocr_carea' id='block_1_113' title="bbox 2274 5165 3877 5241">
    <p class='ocr_par' dir='ltr' id='par_1_113' title="bbox 2274 5165 3877 5241">
     <span class='ocr_line' id='line_1_113' title="bbox 2274 5165 3877 5241; baseline -0.001 -18"><span class='ocrx_word' id='word_1_934' title='bbox 2274 5170 2401 5240; x_wconf 90' lang='lat' dir='ltr'><strong>quid</strong></span> <span class='ocrx_word' id='word_1_935' title='bbox 2420 5178 2685 5241; x_wconf 81' lang='lat' dir='ltr'><strong>oporteat.</strong></span> <span class='ocrx_word' id='word_1_936' title='bbox 2711 5167 2787 5222; x_wconf 90' lang='lat' dir='ltr'><strong>Ne</strong></span> <span class='ocrx_word' id='word_1_937' title='bbox 2811 5174 3100 5237; x_wconf 67' lang='lat' dir='ltr'><strong>prmtextus</strong></span> <span class='ocrx_word' id='word_1_938' title='bbox 3116 5181 3421 5237; x_wconf 66' lang='lat' dir='ltr'><strong>quaaramus</strong></span> <span class='ocrx_word' id='word_1_939' title='bbox 3446 5184 3460 5220; x_wconf 89' lang='lat'><strong>:</strong></span> <span class='ocrx_word' id='word_1_940' title='bbox 3477 5165 3655 5221; x_wconf 88' lang='lat' dir='ltr'><strong>omnia</strong></span> <span class='ocrx_word' id='word_1_941' title='bbox 3674 5168 3877 5240; x_wconf 89' lang='lat' dir='ltr'><strong>quippe</strong></span> 
     </span>
    </p>
   </div>
   <div class='ocr_carea' id='block_1_114' title="bbox 2278 5256 3877 5325">
    <p class='ocr_par' dir='ltr' id='par_1_114' title="bbox 2278 5256 3877 5325">
     <span class='ocr_line' id='line_1_114' title="bbox 2278 5256 3877 5325; baseline -0.001 -11"><span class='ocrx_word' id='word_1_942' title='bbox 2278 5260 2451 5315; x_wconf 87' lang='lat' dir='ltr'><strong>facilia</strong></span> <span class='ocrx_word' id='word_1_943' title='bbox 2477 5269 2627 5316; x_wconf 86' lang='lat' dir='ltr'><strong>sunt.</strong></span> <span class='ocrx_word' id='word_1_944' title='bbox 2657 5258 2751 5313; x_wconf 85' lang='lat' dir='ltr'><strong>Vis</strong></span> <span class='ocrx_word' id='word_1_945' title='bbox 2777 5256 3057 5312; x_wconf 90' lang='lat' dir='ltr'><strong>ostendam</strong></span> <span class='ocrx_word' id='word_1_946' title='bbox 3088 5257 3180 5311; x_wconf 92' lang='lat' dir='ltr'><strong>tibi</strong></span> <span class='ocrx_word' id='word_1_947' title='bbox 3210 5256 3325 5310; x_wconf 81' lang='lat' dir='ltr'><strong>haec</strong></span> <span class='ocrx_word' id='word_1_948' title='bbox 3352 5265 3673 5325; x_wconf 66' lang='lat' dir='ltr'><strong>praetextum</strong></span> <span class='ocrx_word' id='word_1_949' title='bbox 3706 5260 3877 5313; x_wconf 83' lang='lat' dir='ltr'><strong>esse?</strong></span> 
     </span>
    </p>
   </div>
   <div class='ocr_carea' id='block_1_115' title="bbox 2277 5345 3877 5421">
    <p class='ocr_par' dir='ltr' id='par_1_115' title="bbox 2277 5345 3877 5421">
     <span class='ocr_line' id='line_1_115' title="bbox 2277 5345 3877 5421; baseline -0.003 -15"><span class='ocrx_word' id='word_1_950' title='bbox 2277 5350 2395 5407; x_wconf 89' lang='lat' dir='ltr'><strong>Scis</strong></span> <span class='ocrx_word' id='word_1_951' title='bbox 2424 5367 2541 5421; x_wconf 57' lang='lat' dir='ltr'><strong>quae</strong></span> <span class='ocrx_word' id='word_1_952' title='bbox 2572 5347 2839 5414; x_wconf 87' lang='lat' dir='ltr'><strong>facienda,</strong></span> <span class='ocrx_word' id='word_1_953' title='bbox 2868 5364 2987 5419; x_wconf 70' lang='lat' dir='ltr'><strong>qua:</strong></span> <span class='ocrx_word' id='word_1_954' title='bbox 3018 5363 3124 5402; x_wconf 90' lang='lat' dir='ltr'><strong>non</strong></span> <span class='ocrx_word' id='word_1_955' title='bbox 3155 5345 3437 5403; x_wconf 82' lang='lat' dir='ltr'><strong>facienda?</strong></span> <span class='ocrx_word' id='word_1_956' title='bbox 3475 5360 3571 5400; x_wconf 89' lang='lat' dir='ltr'><strong>cur</strong></span> <span class='ocrx_word' id='word_1_957' title='bbox 3601 5361 3737 5418; x_wconf 88' lang='lat' dir='ltr'><strong>ergo</strong></span> <span class='ocrx_word' id='word_1_958' title='bbox 3769 5364 3877 5402; x_wconf 89' lang='lat' dir='ltr'><strong>non</strong></span> 
     </span>
    </p>
   </div>
   <div class='ocr_carea' id='block_1_116' title="bbox 2278 5439 3883 5513">
    <p class='ocr_par' dir='ltr' id='par_1_116' title="bbox 2278 5439 3883 5513">
     <span class='ocr_line' id='line_1_116' title="bbox 2278 5439 3883 5513; baseline -0.002 -14"><span class='ocrx_word' id='word_1_959' title='bbox 2278 5460 2398 5513; x_wconf 67' lang='lat' dir='ltr'><strong>qua:</strong></span> <span class='ocrx_word' id='word_1_960' title='bbox 2428 5443 2669 5499; x_wconf 84' lang='lat' dir='ltr'><strong>facienda</strong></span> <span class='ocrx_word' id='word_1_961' title='bbox 2709 5452 2833 5497; x_wconf 93' lang='lat' dir='ltr'><strong>sunt</strong></span> <span class='ocrx_word' id='word_1_962' title='bbox 2860 5441 2991 5495; x_wconf 85' lang='lat' dir='ltr'><strong>facis</strong></span> <span class='ocrx_word' id='word_1_963' title='bbox 3014 5484 3029 5508; x_wconf 92' lang='lat'><strong>,</strong></span> <span class='ocrx_word' id='word_1_964' title='bbox 3061 5441 3154 5496; x_wconf 88' lang='lat' dir='ltr'><strong>sed</strong></span> <span class='ocrx_word' id='word_1_965' title='bbox 3180 5456 3296 5509; x_wconf 66' lang='lat' dir='ltr'><strong>qum</strong></span> <span class='ocrx_word' id='word_1_966' title='bbox 3324 5455 3429 5494; x_wconf 92' lang='lat' dir='ltr'><strong>non</strong></span> <span class='ocrx_word' id='word_1_967' title='bbox 3459 5439 3742 5497; x_wconf 87' lang='lat' dir='ltr'><strong>facienda?</strong></span> <span class='ocrx_word' id='word_1_968' title='bbox 3773 5440 3883 5495; x_wconf 79' lang='lat' dir='ltr'><strong>Fac</strong></span> 
     </span>
    </p>
   </div>
   <div class='ocr_carea' id='block_1_117' title="bbox 2281 5533 3881 5604">
    <p class='ocr_par' dir='ltr' id='par_1_117' title="bbox 2281 5533 3881 5604">
     <span class='ocr_line' id='line_1_117' title="bbox 2281 5533 3881 5604; baseline -0.001 -14"><span class='ocrx_word' id='word_1_969' title='bbox 2281 5538 2387 5603; x_wconf 89' lang='lat' dir='ltr'><strong>illa,</strong></span> <span class='ocrx_word' id='word_1_970' title='bbox 2414 5548 2467 5593; x_wconf 87' lang='lat' dir='ltr'><strong>et</strong></span> <span class='ocrx_word' id='word_1_971' title='bbox 2492 5546 2635 5591; x_wconf 84' lang='lat' dir='ltr'><strong>reeta</strong></span> <span class='ocrx_word' id='word_1_972' title='bbox 2666 5536 2870 5589; x_wconf 89' lang='lat' dir='ltr'><strong>ratione</strong></span> <span class='ocrx_word' id='word_1_973' title='bbox 2895 5550 3074 5604; x_wconf 66' lang='lat' dir='ltr'><strong>qumre</strong></span> <span class='ocrx_word' id='word_1_974' title='bbox 3106 5548 3136 5587; x_wconf 90' lang='lat' dir='ltr'><strong>a</strong></span> <span class='ocrx_word' id='word_1_975' title='bbox 3168 5534 3299 5595; x_wconf 85' lang='lat' dir='ltr'><strong>Deo,</strong></span> <span class='ocrx_word' id='word_1_976' title='bbox 3322 5542 3376 5586; x_wconf 89' lang='lat' dir='ltr'><strong>et</strong></span> <span class='ocrx_word' id='word_1_977' title='bbox 3399 5533 3512 5603; x_wconf 89' lang='lat' dir='ltr'><strong>ipse</strong></span> <span class='ocrx_word' id='word_1_978' title='bbox 3534 5534 3626 5587; x_wconf 88' lang='lat' dir='ltr'><strong>tibi</strong></span> <span class='ocrx_word' id='word_1_979' title='bbox 3651 5534 3881 5588; x_wconf 86' lang='lat' dir='ltr'><strong>omnino</strong></span> 
     </span>
    </p>
   </div>
   <div class='ocr_carea' id='block_1_118' title="bbox 2280 5626 3884 5692">
    <p class='ocr_par' dir='ltr' id='par_1_118' title="bbox 2280 5626 3884 5692">
     <span class='ocr_line' id='line_1_118' title="bbox 2280 5626 3884 5692; baseline -0.004 -6"><span class='ocrx_word' id='word_1_980' title='bbox 2280 5630 2557 5686; x_wconf 78' lang='lat' dir='ltr'><strong>rcveiabit.</strong></span> <span class='ocrx_word' id='word_1_981' title='bbox 2586 5627 2724 5681; x_wconf 80' lang='lat' dir='ltr'><strong>Deus</strong></span> <span class='ocrx_word' id='word_1_982' title='bbox 2750 5627 2899 5692; x_wconf 85' lang='lat' dir='ltr'><strong>enim,</strong></span> <span class='ocrx_word' id='word_1_983' title='bbox 2928 5626 3118 5692; x_wconf 87' lang='lat' dir='ltr'><strong>inquit,</strong></span> <span class='ocrx_word' id='word_1_984' title='bbox 3149 5640 3249 5677; x_wconf 86' lang='lat' dir='ltr'><strong>non</strong></span> <span class='ocrx_word' id='word_1_985' title='bbox 3276 5633 3348 5677; x_wconf 84' lang='lat' dir='ltr'><strong>est</strong></span> <span class='ocrx_word' id='word_1_986' title='bbox 3376 5641 3711 5691; x_wconf 79' lang='lat' dir='ltr'><strong>personarum</strong></span> <span class='ocrx_word' id='word_1_987' title='bbox 3735 5641 3884 5679; x_wconf 77' lang='lat' dir='ltr'><strong>acre-</strong></span> 
     </span>
    </p>
   </div>
   <div class='ocr_carea' id='block_1_119' title="bbox 2282 5718 3884 5794">
    <p class='ocr_par' dir='ltr' id='par_1_119' title="bbox 2282 5718 3884 5794">
     <span class='ocr_line' id='line_1_119' title="bbox 2282 5718 3884 5794; baseline -0.002 -19"><span class='ocrx_word' id='word_1_988' title='bbox 2282 5734 2397 5793; x_wconf 82' lang='lat' dir='ltr'><strong>plor</strong></span> <span class='ocrx_word' id='word_1_989' title='bbox 2422 5722 2557 5794; x_wconf 80' lang='lat' dir='ltr'><strong>(Act.</strong></span> <span class='ocrx_word' id='word_1_990' title='bbox 2585 5720 2671 5776; x_wconf 84' lang='grc' dir='ltr'><strong>ιο.</strong></span> <span class='ocrx_word' id='word_1_991' title='bbox 2700 5719 2823 5789; x_wconf 71' lang='lat'><strong>34);</strong></span> <span class='ocrx_word' id='word_1_992' title='bbox 2855 5719 2948 5775; x_wconf 90' lang='lat' dir='ltr'><strong>sed</strong></span> <span class='ocrx_word' id='word_1_993' title='bbox 2978 5720 3030 5773; x_wconf 90' lang='lat' dir='ltr'><strong>in</strong></span> <span class='ocrx_word' id='word_1_994' title='bbox 3058 5719 3202 5774; x_wconf 92' lang='lat' dir='ltr'><strong>omni</strong></span> <span class='ocrx_word' id='word_1_995' title='bbox 3231 5724 3392 5788; x_wconf 88' lang='lat' dir='ltr'><strong>gente</strong></span> <span class='ocrx_word' id='word_1_996' title='bbox 3412 5718 3502 5789; x_wconf 94' lang='lat' dir='ltr'><strong>qui</strong></span> <span class='ocrx_word' id='word_1_997' title='bbox 3536 5718 3689 5773; x_wconf 90' lang='lat' dir='ltr'><strong>timet</strong></span> <span class='ocrx_word' id='word_1_998' title='bbox 3713 5718 3884 5774; x_wconf 89' lang='lat' dir='ltr'><strong>Deum</strong></span> 
     </span>
    </p>
   </div>
   <div class='ocr_carea' id='block_1_120' title="bbox 2348 5847 3891 5922">
    <p class='ocr_par' dir='ltr' id='par_1_120' title="bbox 2348 5847 3891 5922">
     <span class='ocr_line' id='line_1_120' title="bbox 2348 5847 3891 5922; baseline -0.002 -15"><span class='ocrx_word' id='word_1_999' title='bbox 2348 5862 2361 5893; x_wconf 74' lang='grc' dir='ltr'><strong>ι</strong></span> <span class='ocrx_word' id='word_1_1000' title='bbox 2401 5866 2526 5907; x_wconf 77' lang='lat' dir='ltr'><strong>Unus</strong></span> <span class='ocrx_word' id='word_1_1001' title='bbox 2550 5856 2784 5922; x_wconf 63' lang='lat' dir='ltr'><strong>habet...,</strong></span> <span class='ocrx_word' id='word_1_1002' title='bbox 2814 5852 3001 5922; x_wconf 63' lang='lat' dir='ltr'><strong>discere</strong></span> <span class='ocrx_word' id='word_1_1003' title='bbox 3026 5847 3173 5922; x_wconf 64' lang='lat' dir='ltr'><strong>velis;</strong></span> <span class='ocrx_word' id='word_1_1004' title='bbox 3198 5850 3387 5902; x_wconf 68' lang='lat' dir='ltr'><strong>unttclsi</strong></span> <span class='ocrx_word' id='word_1_1005' title='bbox 3436 5848 3588 5902; x_wconf 80' lang='lat' dir='ltr'><strong>multa</strong></span> <span class='ocrx_word' id='word_1_1006' title='bbox 3620 5850 3756 5915; x_wconf 82' lang='lat' dir='ltr'><strong>apud</strong></span> <span class='ocrx_word' id='word_1_1007' title='bbox 3778 5849 3891 5904; x_wconf 68' lang='grc' dir='ltr'><strong>ἔσω</strong></span> 
     </span>
    </p>
   </div>
   <div class='ocr_carea' id='block_1_121' title="bbox 2286 5916 3201 5985">
    <p class='ocr_par' dir='ltr' id='par_1_121' title="bbox 2286 5916 3201 5985">
     <span class='ocr_line' id='line_1_121' title="bbox 2286 5916 3201 5985; baseline -0.014 -11"><span class='ocrx_word' id='word_1_1008' title='bbox 2286 5928 2376 5974; x_wconf 64' lang='lat' dir='ltr'><strong>tiu:</strong></span> <span class='ocrx_word' id='word_1_1009' title='bbox 2402 5924 2645 5985; x_wconf 54' lang='lat' dir='ltr'><strong>dogmata,</strong></span> <span class='ocrx_word' id='word_1_1010' title='bbox 2668 5917 2861 5967; x_wconf 79' lang='lat' dir='ltr'><strong>omissis</strong></span> <span class='ocrx_word' id='word_1_1011' title='bbox 2885 5916 3201 5977; x_wconf 67' lang='lat' dir='ltr'><strong>interpomis.</strong></span> 
     </span>
    </p>
   </div>
  </div>
