4034 6420
446 417 560 474 ιιιδ

451 532 629 587 πάντα
683 529 1078 584 ἀπευθύνεσθαι
1126 532 1314 603 ἐχρῆν,
1355 535 1415 586 οὐ
1467 533 1668 602 πολλῆς
1706 534 1810 587 ἔδει
1842 535 2106 603 σκέψεως,

448 618 584 674 ἀλλά
613 616 704 669 τὸν
734 618 1187 690 παραμετροῦντα
1215 617 1434 673 εὔκολον
1468 615 1537 690 ἦν
1559 620 1744 674 λαϐεῖν
1775 637 1788 650 ·
1818 619 1991 684 οὕτως
2014 621 2108 672 καὶ

449 704 562 758 νῦν.
596 702 719 766 Πῶς
753 699 844 756 οὖν
871 704 931 756 οὐ
964 704 1255 775 συνορῶσις
1290 705 1466 758 Πολλὰ
1489 708 1666 770 ποιεῖ,
1711 708 1808 759 καὶ
1842 707 2110 777 πρόληψις

450 789 542 844 καὶ
567 788 902 858 ἀνθρώπιναι
935 790 1122 844 αἰτίαι.
1151 791 1320 844 Τοῦτο
1341 793 1583 861 καὶπερὶ
1612 793 1788 862 ἡμῶν,
1831 794 1986 862 φησί,
2012 794 2107 846 καὶ

447 877 642 928 ἐκεῖνοι
673 875 909 942 λέγουσι.
942 875 1097 941 Πῶς;
1143 878 1234 946 Μὴ
1275 877 1383 948 γάρ
1423 879 1803 948 ἀπεσχίσμεθα
1847 880 1946 948 τῆς
1983 880 2108 933 Ἐκ-

442 956 708 1026 κλησίας;
745 957 818 1027 μὴ
853 958 959 1024 γὰρ
982 959 1336 1028 αίρεσιάρχας
1361 960 1590 1030 ἐχομεν;
1644 960 1718 1031 μὴ
1753 960 1860 1030 γάρ
1884 962 1980 1014 ἀπ’
2013 964 2110 1014 ἀν-

447 1033 683 1112 θρώπων
730 1043 1076 1113 καλούμεθα;
1126 1045 1200 1115 μὴ
1232 1047 1339 1115 γάρ
1395 1047 1806 1117 προηγούμενος
1837 1047 1992 1117 ἡμῶν
2025 1048 2109 1112 τίς

447 1128 618 1194 ἐστιν,
654 1129 841 1200 ὥσπερ
864 1131 938 1200 τῷ
971 1131 1067 1198 μὲν
1095 1133 1382 1202 Μαρκίων,
1409 1134 1485 1202 τῷ
1513 1134 1568 1186 δὲ
1591 1135 1910 1204 Μανιχαῖος,
1941 1134 2018 1204 τῷ
2052 1135 2109 1188 δὲ

453 1211 692 1281 Ἀρειος,
714 1211 792 1282 τῷ
820 1213 878 1283 δέ
907 1213 1062 1276 ἀλλος
1093 1231 1174 1277 τις
1199 1216 1458 1286 αἱρέσεως
1485 1217 1759 1287 ἀρχηγός;
1820 1217 1882 1270 Εἰ
1919 1217 1976 1270 δὲ
2016 1221 2111 1272 καὶ

449 1299 609 1368 ἡμεῖς
637 1302 1004 1372 προσηγορίαν
1039 1303 1180 1365 τινὸς
1207 1302 1420 1372 ἔχομεν.
1450 1305 1564 1357 ἀλλ’
1599 1306 1658 1357 οὑ
1689 1306 1814 1368 τοὺς
1834 1304 1934 1375 τῆς
1959 1305 2110 1376 αἰρέ-

450 1398 586 1444 σεως
618 1383 908 1454 ἄρξαντας,
949 1388 1082 1441 ἀλλά
1103 1389 1226 1451 τοὺς
1252 1385 1589 1459 προστάντας
1619 1389 1773 1460 ήμῶν
1796 1390 1889 1444 καὶ
1914 1391 2105 1461 κυϐερσ

449 1470 716 1539 νήσαντας
770 1472 868 1543 τὴν
903 1475 1246 1544 Ἐκκλησίαν.
1273 1476 1384 1528 Οὐκ
1415 1476 1609 1546 ἔχομεν
1633 1476 1987 1540 διδασκάλους
2019 1479 2110 1530 ἐπὶ

447 1557 667 1628 τῆςγῆς
694 1575 706 1588 ο
746 1560 820 1630 μὴ
851 1561 1063 1627 γένοιτο
1095 1580 1109 1593 ο
1140 1562 1235 1614 ἕνα
1262 1561 1454 1631 ἔχομεν
1486 1564 1575 1615 τὸν
1607 1566 1664 1618 ἐν
1691 1568 1802 1627 τοῖς
1837 1567 2104 1635 οὐρανοῖς.

450 1643 728 1713 Κάκεῖνοι,
754 1650 907 1718 φησὶ,
936 1648 1166 1702 τάαὑτά
1205 1649 1616 1719 προϐάλλονται.
1667 1652 1805 1706 Ἀλλ’
1835 1654 2104 1722 ἐφέστηκε

448 1729 509 1783 τὸ
561 1731 728 1797 ὄνομα
764 1733 1104 1805 κατηγοροῦν
1149 1735 1348 1798 αὐτῶν,
1413 1738 1504 1788 καὶ
1543 1738 1850 1807 ὲμφράττον
1892 1740 1958 1792 τά
1991 1739 2109 1791 στό-

446 1833 613 1885 ματα.
647 1820 835 1873 Πολλοί
862 1833 886 1861 ι
914 1822 1199 1890 γεγόνασιν
1227 1823 1504 1894 Ἕλληνες,
1561 1825 1654 1876 καὶ
1708 1825 1880 1889 οὐδεὶς
1929 1827 2104 1880 ταῦτα

1195 417 1252 474 S.
1293 414 1574 473 JOANNIS
1619 416 2112 475 CHRYSOSTOMI
2164 414 2484 474 ARCHIEP.
2527 414 3079 473 CONSTANTINOP.

3779 412 3892 466 246

2208 531 2480 604 ἠρώτησε,
2533 532 2628 584 καὶ⁸
2681 532 2827 602 παρά
2877 531 3182 600 φιλοσόφοις
3218 524 3286 600 ἧν
3329 527 3522 589 ταῦτα,
3560 529 3656 582 καὶ
3703 529 3890 591 οὐδεὶς

2209 620 2452 691 ἐκωλύθη
2482 619 2591 673 τῶν
2623 621 2721 690 τὴν
2760 619 2926 690 ὀρθὴν
2951 619 3162 688 αἵρεσιν
3184 619 3440 689 ἐχόντων.
3495 617 3592 670 Διά
3611 617 3666 669 τί
3694 617 3773 686 μὴ
3806 614 3891 669 εἷ-

2209 724 2306 759 πον
2327 707 2414 758 ὅτε
2443 707 2617 760 ταῦτα
2641 708 2878 769 ἐκίνουν,
2910 708 2992 760 ὅτι
3019 707 3112 760 καὶ
3134 701 3277 761 οῦτοι
3311 705 3556 758 κάκεῖνοι
3596 704 3846 758 Ἰουδαῖοι
3875 719 3889 732 ·

2205 794 2311 846 τίνι
2339 793 2420 846 δεῖ
2447 795 2592 863 ἡμᾶς
2624 793 2936 858 πείθεσθαι;
2986 793 3125 846 Ἀλλ’
3153 792 3483 863 ἐπείσθησαν
3506 791 3581 854 ὼς
3612 791 3745 844 ἔδει.
3790 791 3892 844 Οὖ-

2209 880 2338 933 κοῦν
2368 881 2463 934 καὶ
2503 882 2666 951 ἡμεῖς
2715 880 3034 950 πειθώμεθα
3055 883 3165 941 τοῖς
3207 879 3299 933 τοῦ
3338 878 3475 934 Θεοῦ
3523 878 3734 950 νόμοις,
3793 880 3891 931 καὶ

2208 967 2386 1020 πάντα
2415 968 2742 1038 πράττωμεν
2777 967 2917 1020 κατά
2945 967 3005 1020 τὺ
3031 967 3180 1036 αὐτῷ
3213 967 3428 1031 δοκοῦν,
3461 967 3556 1021 καὶ
3603 965 3753 1019 κατά
3788 967 3891 1035 τὴν

2207 1053 2370 1108 αὐτοῦ
2401 1053 2654 1124 βούλησιν
2681 1051 3147 1122 πολιτευσώμεθα,
3165 1050 3239 1115 ώς
3263 1053 3342 1105 ἔτι
3362 1053 3526 1122 ἐσμὲν
3560 1055 3617 1106 ἐν
3642 1051 3723 1122 τῷ
3747 1069 3888 1120 παρ-

2206 1141 2319 1194 όντι
2351 1140 2469 1212 βίῳ,
2522 1141 2610 1196 ἵνα
2655 1141 2794 1212 μετὰ
2827 1139 3032 1210 ἀρετῆς
3071 1139 3163 1191 τὸν
3207 1139 3500 1192 ὑπόλοιπον
3537 1140 3738 1211 χρόνον
3784 1138 3887 1207 τῆς

2208 1226 2353 1298 ζωῆς
2388 1227 2548 1298 ἡμῶν
2577 1228 2946 1291 διανύσαντες,
3006 1225 3117 1279 τῶν
3175 1226 3605 1295 ἐπηγγελμένων
3657 1224 3887 1292 ἀγαθῶν

2206 1316 2319 1376 τοῖς
2380 1315 2670 1382 ἀγαπῶσιν
2724 1315 2886 1368 αὑτὸν
2932 1316 3207 1384 ἐπιτυχεῖν
3238 1311 3620 1382 δυνησώμεθα,
3658 1313 3757 1364 καὶ
3789 1311 3888 1363 σὺν

2206 1402 2316 1463 τοῖς
2346 1401 2774 1472 εύαρεστήσασιν
2800 1401 2950 1471 αὐτῷ
2988 1402 3156 1470 τιμῆς
3177 1401 3520 1470 ἀξιωθῶμεν,
3568 1400 3758 1470 χάριτι
3794 1396 3892 1449 καὶ

2208 1485 2586 1556 φιλανθρωπίᾳ
2616 1487 2709 1540 τοῦ
2749 1487 3072 1556 μονογενοῦς
3101 1487 3229 1542 Υίοῦ
3265 1487 3452 1549 αὐτοῦ,
3494 1488 3591 1539 καὶ
3641 1484 3740 1538 τοῦ
3779 1502 3883 1536 πα-

2207 1571 2395 1638 ναγίου
2427 1574 2521 1625 καὶ
2554 1573 2818 1636 ζωοποιοῦ
2855 1573 3192 1644 Πνεύματος,
3231 1575 3331 1644 τῆς
3359 1575 3489 1644 μιᾶς
3529 1573 3622 1625 καὶ
3647 1570 3891 1640 ἀληθοῦς

2209 1656 2482 1726 θεότητος,
2516 1659 2610 1713 νῦν
2633 1663 2727 1715 καὶ
2757 1661 2862 1727 ἀεὶ,
2885 1661 2978 1714 καὶ
3003 1663 3081 1724 εἰς
3105 1663 3232 1726 τοὺς
3263 1661 3465 1724 αἰῶνας
3494 1661 3604 1725 τῶν
3644 1659 3888 1712 αἰώνων.

2223 1743 2279 1794 ’Δ
2289 1743 2414 1811 μήν.

2270 1836 2299 1867 ⁸
2326 1836 2459 1886 Unus
2479 1837 2709 1900 στόματα.
2727 1841 2815 1887 Διά
2839 1839 2884 1887 τί
2901 1841 3085 1890 πολλοί.

484 1945 3739 1982 _.___________________________________

1972 2035 2214 2088 ΟΜΙΛΙΑ
2256 2037 2376 2090 ΛΔ⁹.

450 2122 690 2196 Παῦλος
731 2122 798 2174 δὲ
831 2124 926 2174 καὶ
980 2126 1290 2196 Βαρνάϐας
1319 2125 1608 2196 διέτριϐον
1648 2126 1717 2179 ἐν
1765 2127 2108 2196 Ἀντιοχείᾳ,

518 2192 905 2263 διδάσκοντες
934 2194 1028 2247 καὶ
1061 2192 1571 2262 εὐαγγελιζόμενοι
1591 2199 1740 2262 μετὰ
1763 2198 1860 2249 καὶ
1894 2192 2110 2263 ἐτέρων

519 2261 763 2332 ,πολλῶν
791 2261 895 2314 τὸν
915 2263 1098 2332 λόγον
1120 2261 1455 2328 τοῡκυριου
1498 2261 1655 2318 Μετὰ
1681 2264 1745 2316 δέ
1772 2281 1939 2329 τινας
1964 2261 2104 2332 ἦμέ-

511 2347 625 2397 ρας
654 2326 782 2411 εξπε
823 2326 1059 2411 Παῦλρς
1094 2332 1245 2411 πρὸς
1283 2326 1596 2411 Παρναϐαν
1625 2350 1650 2411 ο·
1687 2326 2109 2411 Ἐπιστρέῃρίανο

519 2417 617 2463 τες
646 2399 720 2464 δὴ
749 2399 1205 2468 ἐπισκεψώμεθα
1238 2403 1379 2465 τοὺς
1401 2402 1701 2468 ἀδελφοὺς
1731 2399 2113 2456 καταστᾶσαν

518 2463 717 2528 πόλιν,
767 2469 837 2519 ἐν
861 2463 1470 2538 λαῖςκιὶτηγτείλαμεν
1495 2463 1598 2524 τόν
1643 2463 1829 2535 λόγον
1861 2472 1966 2526 τοῦ
2001 2476 2108 2525 Κυ-

513 2538 667 2605 ρίου,
699 2538 823 2601 πῶς
850 2536 1120 2603 ἔχουσιν.

517 2627 585 2672 α’.
608 2619 750 2684 Ὅρα
775 2619 932 2672 πάλιν
957 2619 1133 2672 αὐτῶν
1157 2620 1217 2672 τὸ
1236 2620 1510 2684 ταπεινὸν,
1537 2620 1651 2684 πῶς
1672 2621 1766 2674 καὶ
1781 2622 1987 2692 ἐτέροις
2017 2641 2111 2693 με·

449 2705 717 2758 ταδιδόασι
743 2705 835 2757 τοῦ
864 2706 1044 2774 λόγου.
1073 2707 1185 2759 Καὶ
1231 2707 1329 2776 ἢδη
1369 2707 1467 2774 μὲν
1506 2705 1613 2758 τῶν
1651 2708 1962 2761 ἀποστόλων
2001 2709 2110 2762 τῶν

448 2792 648 2844 λοιπῶν
684 2791 744 2844 τὸ
767 2788 900 2862 ἦθος
931 2791 1238 2861 ἀνέγραψεν
1277 2793 1407 2862 ἡμῖν
1436 2794 1464 2845 6
1500 2793 1733 2858 Λουκᾶς,
1779 2795 1990 2858 δεικνὺς
2027 2795 2110 2848 ὅτι

447 2879 476 2930 6
516 2880 614 2950 μὲν
645 2878 994 2950 ἁπαλώτερος
1025 2874 1093 2949 ἦν
1125 2880 1220 2932 καὶ
1251 2879 1450 2948 μᾶλλον
1475 2881 1931 2950 συγγνωμονικός,
1957 2877 2111 2946 οὗτος

446 2967 502 3020 δὲ
527 2966 913 3036 ἀκριϐέστερος
943 2966 1038 3019 καὶ
1058 2955 1456 3038 αὐστηρότερος
1489 2983 1504 2999 ·
1530 2966 1762 3038 διάφορα
1785 2971 1892 3038 γάρ
1913 2972 2024 3021 ἐστι
2041 2969 2110 3022 τά

447 3054 760 3123 χαρίσματα
791 3072 802 3083 ⁸
842 3055 922 3106 ὅτι
974 3054 1031 3107 δὲ
1084 3054 1178 3106 καὶ
1221 3053 1378 3106 τοῦτο
1415 3053 1684 3124 χάρισμα,
1729 3054 1906 3122 δῆλον.
1968 3054 2108 3107 Ἀλλ’

449 3143 624 3194 ἐκεῖνο
656 3141 756 3208 μὲν
789 3142 993 3211 ἑτέροις
1018 3141 1205 3211 ἧθεσιν
1239 3140 1539 3212 ἀνθρώπων
1571 3141 1820 3213 ἁρμόζει,
1849 3141 2006 3194 τοῦτο
2053 3142 2112 3196 δέ

451 3229 676 3298 ἐτέροις·
705 3227 806 3281 κᾶν
835 3229 1373 3297 μετασκευάσωνται,
1403 3229 1625 3296 γέγονεν
1656 3230 1928 3299 ἄχρηστον
1958 3229 2110 3302 [261]

449 3313 653 3367 λοιπόν.
697 3315 806 3366 Καὶ
837 3315 983 3367 δοκεῖ
1028 3314 1125 3384 μὲν
1156 3309 1295 3368 εἷναί
1328 3331 1411 3377 τις
1444 3315 1813 3386 παροξυσμὸς,
1835 3315 1896 3368 τὸ
1924 3317 1981 3369 δὲ
2003 3318 2109 3369 πᾶν

449 3401 728 3470 οἰκονομία
754 3402 916 3454 ἐστίν.
952 3402 1114 3456 Ὥστε
1143 3401 1251 3475 γάρ
1294 3405 1421 3466 τοὺς
1472 3403 1845 3474 προσήκοντας
1883 3403 2112 3456 ἕκαστον

450 3485 644 3548 τόπους
689 3486 999 3552 ἀπολαϐεῖν,
1051 3488 1207 3541 τοῦτο
1263 3489 1493 3557 γίνεται.
1529 3489 1740 3552 Ἄλλως
1784 3489 1842 3541 δὲ
1872 3489 1967 3543 καὶ
2000 3489 2110 3542 ἔδει

455 3573 654 3635 πάντας
680 3573 775 3642 οὐχ
808 3573 1099 3643 ὁμοτίμους
1129 3571 1286 3639 εἶναι,
1313 3574 1449 3627 ἀλλὰ
1490 3575 1579 3628 τὸν
1619 3575 1716 3644 μὲν
1761 3575 1973 3646 ἄρχειν,
2019 3578 2110 3630 τὸν

450 3653 506 3708 δὲ
536 3654 794 3726 ἄρχεσθαι
819 3671 832 3684 ο
864 3656 958 3707 καὶ
1003 3657 1158 3708 τοῦτο
1183 3657 1546 3726 οἰκονομικόν.
1584 3656 1818 3728 Κύπριοι
1880 3661 1978 3729 μὲν
2003 3661 2112 3731 γὰρ

451 3741 600 3796 οὐδὲν
633 3741 871 3795 τοιοῦτον
898 3742 1257 3810 ἐπεδείξαντο,
1279 3740 1390 3797 οἷον
1410 3745 1458 3797 οἰ
1493 3745 1550 3797 ἐν
1591 3745 1890 3817 Ἀντιοχείᾳ
1937 3746 2032 3800 καὶ
2064 3749 2111 3800 οἰ

451 3829 626 3882 λοιποί
649 3847 664 3860 ο
695 3829 790 3883 καὶ
813 3831 1005 3884 ἐκεῖνοι
1036 3831 1232 3900 μᾶλλον
1256 3832 1462 3886 ἐδέοντο
1486 3833 1577 3886 τοῦ
1599 3832 1760 3903 ήθους
1781 3833 1875 3886 τοῦ
1897 3835 2115 3887 ἁπαλω-

452 3916 632 3987 τέρου,
678 3912 821 3970 οῦτοι
874 3916 932 3969 δὲ
978 3917 1188 3973 τούτου.
1244 3919 1554 3986 Βαρνάϐας
1601 3920 1669 3974 δὲ
1706 3922 2113 3976 ἐϐουλεύσατο

453 4002 946 4071 συμπαραλαϐεἷν
970 4004 1067 4057 καί
1099 4004 1382 4074 Ἰωάννην
1405 4006 1512 4060 τὸν
1545 4009 1925 4077 καλούμενον
1956 4010 2112 4075 Μάρ-

453 4106 564 4142 κον
599 4107 612 4121 ·
653 4090 892 4156 Παῦλος
913 4089 980 4143 δὲ
1004 4090 1180 4158 ἠξίου
1213 4093 1321 4145 τὸν
1369 4093 1721 4147 ἀποστάντα
1761 4096 1862 4149 ἀπ’
1913 4095 2112 4149 αὐτῶν

454 4177 569 4230 ἀπὸ
609 4179 978 4245 Παμφυλάς.
1009 4178 1104 4231 καί
1146 4179 1232 4247 μὴ
1266 4182 1642 4234 συνελθόντα
1690 4182 1894 4248 αὐτοῖς
1923 4185 2006 4248 εἰς
2048 4184 2112 4236 τὸ

455 4266 646 4332 ἔργον,
667 4265 750 4331 μὴ
774 4267 1262 4334 συμπαραλαϐεἷν
1291 4268 1523 4322 τοῦτον.
1558 4269 1827 4340 Ἐγένετο
1848 4267 1960 4326 οὖν
1976 4287 2116 4340 παρ-

460 4345 745 4414 οξυσμιλς,
799 4347 954 4401 ὥστε
991 4349 1354 4417 χωρισθῆναι
1385 4352 1606 4417 αὐτοὺς
1660 4352 1762 4406 ἀπ’
1801 4353 2111 4418 ἀλλήλων,

457 4429 563 4479 τόν
592 4445 650 4481 τε
677 4430 987 4496 Βαρνάϐαν
1009 4435 1422 4498 παραλαϐόντα
1455 4434 1559 4488 τόν
1580 4435 1844 4502 Μάρκον,
1869 4435 2118 4489 ἐκπλεῦ-

458 4525 558 4561 σαι
581 4513 666 4575 εἰς
696 4513 934 4577 Κύπρον
962 4530 975 4542 ·
1019 4513 1257 4579 Παῦλος
1298 4514 1365 4567 δὲ
1407 4517 1838 4584 ἐπιλεξάμενος
1905 4519 2111 4582 Σίλαν,

455 4595 672 4663 ἐξῆλθε
738 4598 1087 4667 παραδοθεὶς
1140 4599 1214 4667 τῇ
1265 4601 1458 4669 χάριτι
1520 4603 1624 4656 τοῦ
1677 4603 1824 4657 Θεοῦ
1854 4605 1972 4659 ὑπὸ
1996 4605 2115 4658 τῶν

457 4685 752 4753 ἀδελφῶν.
833 4686 989 4740 Οὕτω
1033 4689 1127 4740 καὶ
1183 4689 1239 4740 ἐν
1281 4693 1393 4752 τοῖς
1449 4693 1754 4761 προφήταις
1791 4693 2113 4763 εὑρίσκομεν

457 4773 740 4844 διαφόρους
780 4775 1002 4847 γνώμας
1038 4779 1131 4831 καὶ
1174 4779 1403 4850 διάφορα
1446 4782 1548 4851 ἤθη
1602 4794 1615 4808 '
1673 4777 1783 4835 οἷον
1835 4785 1863 4836 6
1933 4784 2115 4849 Ἠλίας

459 4863 746 4932 αὐστηρὸς,
781 4867 809 4916 ό
850 4867 1086 4934 Μωῡσῆς
1136 4869 1324 4937 πρᾶος.
1375 4870 1484 4922 Καὶ
1519 4870 1750 4923 ἐνταῦθα
1767 4872 1943 4924 τοίνυν
1995 4889 2118 4942 σφο-

457 4948 709 5018 δρότερός
772 4952 916 5003 ἐστιν
972 4954 1000 5004 6
1056 4953 1283 5016 Παῦλος.
1347 4953 1486 5008 Ἀλλ’
1561 4958 1662 5027 ὅρα
1720 4958 1815 5011 καὶ
1862 4959 2004 5012 οὕτω
2058 4962 2117 5013 τὸ

459 5037 698 5100 ἐπιεικὲς
756 5035 939 5091 αὐτοῦ.
991 5039 1212 5102 ⁸Ηξίου,
1266 5043 1416 5110 φησι,
1472 5043 1576 5096 τὸν
1626 5046 1978 5101 ἀποστάντα
2015 5049 2114 5100 ἀπ’

456 5122 652 5176 αὐτῶν
684 5124 798 5178 ἀπὸ
833 5126 1185 5194 Παμφυλίας
1209 5128 1291 5194 μὴ
1315 5134 1824 5198 συμπαραλαϐεῖν.
1850 5135 2116 5206 Καθάπερ

458 5209 566 5280 γάρ
597 5227 680 5274 τις
725 5213 1027 5281 στρατηγὸς
1061 5215 1158 5267 οὐκ
1194 5214 1259 5267 ἀν
1301 5215 1473 5268 ἒλοιτο
1500 5217 1588 5269 τὸν
1623 5220 1948 5290 σκευοφόρον
1972 5221 2117 5291 ἔχειν

460 5297 544 5348 ἀεὶ
571 5297 836 5368 βάναυσον
867 5314 881 5326 ⁸
912 5297 1083 5362 οὕτως
1109 5301 1226 5355 ούδέ
1255 5302 1280 5353 6
1312 5303 1627 5368 ἀπόστολος.
1672 5305 1838 5359 Τοῦτο
1870 5309 1963 5361 καὶ
1990 5312 2116 5371 τοὺς

458 5383 646 5448 ἀλλους
675 5386 950 5451 ἐπαίδευε,
974 5389 1066 5440 καὶ
1093 5388 1252 5442 αὐτὸν
1281 5391 1608 5461 ἐρῤύθμιζεν
1637 5395 1857 5448 ἐκεῖνον.
1883 5396 2114 5455 Οὐκοῦν,

461 5471 612 5540 φησί,
647 5472 811 5536 κακὸς
837 5476 864 5526 6
897 5474 1212 5545 Βαρνάϐας;
1262 5477 1526 5547 Οὐδαμῶς
1571 5498 1585 5514 ·
1625 5481 1760 5535 ἀλλὰ
1785 5483 1876 5536 καλ⁵
1912 5484 2117 5555 σφόδρα

458 5559 657 5611 ἄτοπον
691 5560 749 5612 τὸ
781 5560 1020 5630 νομίζειν
1046 5563 1218 5616 τοῦτο.
1241 5564 1364 5627 Πῶς
1389 5565 1444 5618 δὲ
1464 5566 1562 5620 οὐκ
1583 5568 1780 5622 ἄτοπον
1809 5570 1951 5640 ὑπὲρ
1975 5571 2118 5625 οῦτω

460 5644 786 5714 πράγματος
816 5648 1011 5717 μικροῦ
1043 5647 1226 5702 τοῦτον
1260 5649 1438 5719 λέγειν
1467 5652 1715 5719 γενέσθαι
1740 5657 1935 5724 κακόν;
1977 5658 2115 5712 Ἀλλ’

457 5731 579 5799 ὅρα,
612 5733 692 5785 ὅτι
721 5732 933 5803 πρῶτον
967 5734 1064 5804 μὲν
1089 5737 1255 5790 κακὸν
1281 5738 1430 5790 οὐδὲν
1459 5739 1693 5806 γέγονεν.
1729 5744 1776 5795 εἰ
1805 5743 2115 5815 ὁλοκλήροις

455 5818 659 5872 ἔθνεσιν
701 5819 1025 5890 ἀρκοῦντες,
1064 5823 1469 5893 ἀπεσχίσθησαν
1516 5828 1612 5881 ἀπ’
1660 5829 1934 5898 ἀλλήλων,
1976 5833 2110 5887 ἀλλά

453 5903 544 5960 καὶ
586 5906 724 5974 μέγα
772 5908 972 5975 ἀγαθόν
998 5928 1009 5941 ·
1042 5911 1226 5966 ἔπειτα
1264 5913 1344 5964 ὅτι
1381 5914 1428 5964 εἰ
1470 5915 1543 5984 μὴ
1575 5916 1730 5969 τοῦτο
1757 5913 1854 5986 ἦν,
1896 5917 1998 5969 ούκ
2044 5917 2108 5972 ἀν

459 5991 661 6047 εἴλοντο
692 5995 922 6060 εὐκόλως
957 5997 1168 6066 ἀφεῖναι
1198 5999 1473 6070 ἀλλήλους.
1503 6003 1570 6056 Συ
1603 6004 1656 6055 δέ
1701 6021 1788 6074 μοι
1827 6003 2105 6073 θαύμασον

2207 2129 2401 2183 τοῦτον
2419 2131 2552 2201 μηδὲ
2572 2130 2732 2185 τοῦτο
2758 2133 3065 2203 κρύψαντα.
3112 2132 3250 2185 Ἀλλ’
3285 2133 3332 2184 εἰ
3365 2133 3459 2184 καὶ
3489 2145 3514 2172 ι
3540 2131 3889 2202 χωρισθῆναι

2208 2217 2335 2284 ἔδει,
2363 2219 2519 2288 φησὶ,
2547 2220 2717 2291 χωρὶς
2740 2220 3114 2292 παροξυσμοῦ.
3149 2219 3403 2273 Μάλιστα
3431 2221 3529 2287 μὲν
3553 2215 3647 2272 οῦν
3672 2219 3768 2272 καὶ
3798 2221 3885 2271 ἐν-

2208 2305 2396 2358 τεῦθεν
2415 2306 2686 2360 δείκνυται
2713 2309 2780 2361 τά
2810 2308 3149 2380 ἀνθρώπινα.
3173 2308 3234 2360 Εἰ
3265 2306 3376 2377 γὰρ
3396 2307 3489 2359 ἐπὶ
3515 2307 3610 2359 τοῦ
3637 2307 3888 2377 Χριστοῦ

2209 2392 2367 2446 τοῦτο
2411 2394 2519 2448 ἔδει
2573 2396 2874 2462 γενέσθαι,
2928 2396 3106 2466 πολλῷ
3158 2394 3356 2463 μᾶλλον
3389 2393 3642 2447 ἐνταῦθα.
3673 2394 3889 2456 Ἀλλως

2209 2481 2266 2533 δὲ
2299 2483 2326 2532 ό
2364 2481 2714 2552 παροξυσμὸς
2745 2483 2844 2536 ούκ
2874 2482 2938 2536 ἂν
2965 2483 3054 2551 εἴη
3095 2481 3325 2550 φαῦλος,
3367 2482 3494 2533 ὅταν
3523 2481 3669 2549 ὑπὲρ
3703 2481 3885 2534 τοιού-

2208 2585 2315 2622 των
2361 2570 2589 2634 ἐκαστος
2631 2570 2951 2642 ἀμφισϐητῇ
2979 2611 2994 2628 .
3032 2570 3128 2622 καὶ
3168 2569 3308 2640 μετά
3354 2568 3562 2622 δικαίου
3595 2569 3781 2636 λόγου.
3823 2571 3888 2624 Εἰ

2214 2657 2311 2726 μὲν
2340 2652 2433 2709 οὖν
2466 2673 2548 2720 τις
2573 2657 2754 2708 αὐτῶν
2783 2658 2843 2708 τὸ
2893 2656 3088 2711 ἑαυτοῦ
3131 2656 3312 2726 ζητῶν
3357 2655 3713 2725 παρωξύνετο
3738 2696 3751 2718 ,
3794 2659 3890 2709 καὶ

2211 2743 2309 2814 τὴν
2338 2745 2417 2806 εἰς
2450 2744 2613 2798 αὑτὸν
2639 2744 2805 2814 τιμὴν
2824 2785 2840 2806 ,
2881 2743 3063 2807 καλῶς
3088 2761 3100 2772 ·
3134 2745 3184 2796 εἰ
3218 2744 3276 2796 δὲ
3301 2743 3592 2797 παιδεῦσαι
3619 2745 3718 2798 καί
3739 2744 3891 2798 διδά-

2213 2828 2299 2892 ξαι
2341 2831 2601 2900 ἑκάτερος
2633 2829 2975 2900 βουλόμενος,
3025 2833 3054 2882 6
3102 2832 3200 2900 μὲν
3241 2829 3469 2901 ταύτην,
3509 2831 3538 2882 ό
3582 2829 3641 2883 δὲ
3665 2832 3891 2901 ἐκείνην

2209 2915 2426 2978 ὥδευον,
2475 2914 2633 2968 τοῦτο
2686 2918 2835 2968 ποῖον
2880 2916 3170 2984 ἐγκλημα;
3215 2915 3392 2969 Πολλά
3436 2915 3530 2968 καὶ
3563 2916 3890 2987 ἀνθρωπίνῃ

2207 3001 2416 3072 διανοίᾳ
2462 3001 2678 3056 ἐποίουν
2707 3016 2723 3032 ⁸
2755 3002 2816 3054 οὑ
2863 3003 2971 3073 γάρ
3017 2999 3181 3072 ἦσαν¹
3208 3003 3404 3073 λίθοιῆ
3440 3003 3593 3066 ξύλα.
3632 3004 3747 3056 Καὶ
3785 3005 3892 3073 δρα

2211 3087 2422 3140 Παῦλον
2446 3088 2876 3159 κατηγοροῦντα,
2910 3091 3004 3142 καί
3032 3090 3130 3159 τὴν
3159 3091 3336 3143 αἰτίαν
3369 3090 3620 3157 λέγοντα.
3675 3091 3894 3162 ᾘδεῖτο

2209 3174 2319 3243 γάρ
2351 3173 2440 3227 τδν
2467 3174 2751 3245 Βαρνάϐαν
2781 3176 2888 3229 ἀπὸ
2940 3177 3445 3246 ταπεινοφροσύνης
3490 3176 3698 3246 πολλῆς
3727 3219 3744 3241 ,
3791 3179 3894 3232 ac;

2212 3264 2644 3333 κεκοινωνηκότα
2677 3265 2736 3317 ἐν
2764 3264 3036 3327 τοσούτοις
3077 3265 3224 3331 αύτῷ
3248 3267 3340 3317 καὶ
3369 3265 3487 3335 μετ’
3509 3264 3678 3318 αὑτοῦ
3714 3265 3852 3317 ὅντα
3873 3282 3888 3296 ·

2212 3349 2327 3401 ἀλλ’
2362 3351 2462 3420 οὐχ
2478 3350 2651 3413 οὕτως
2676 3351 2853 3420 ᾐδεῖτο
2878 3393 2892 3415 ,
2936 3351 3077 3404 ὥστε
3120 3353 3216 3405 καὶ
3255 3352 3501 3423 παριδεῖν
3525 3351 3586 3405 τὸ
3613 3351 3756 3406 δέον.
3795 3353 3895 3416 Τίς

2216 3436 2316 3507 μὲν
2341 3432 2434 3490 οὖν
2486 3437 2710 3507 ἄμεινον
2739 3439 3121 3499 ἐϐουλεύσατο,
3146 3441 3243 3510 οὐχ
3271 3440 3426 3510 ἡμῶν
3451 3439 3844 3510 ἀποφήνασθαι
3877 3457 3891 3470 ·

2212 3525 2349 3589 τέως
2377 3526 2452 3592 δὲ,
2482 3527 2563 3580 ὅτι
2601 3528 2811 3599 μεγάλη
2843 3529 3064 3595 γέγονεν
3095 3528 3394 3597 οἰκονομία,
3429 3529 3482 3580 εί
3510 3543 3574 3594 γε
3613 3523 3763 3580 οὗτοι
3792 3528 3895 3597 μὲν

2213 3612 2440 3684 ἔμελλον
2460 3613 2712 3685 δεύτερον
2740 3614 3083 3682 ἐπισκέψεως
3117 3613 3428 3678 ἀξιοῦσθαι,
3460 3615 3659 3666 ἐκεῖνοι
3686 3614 3746 3666 δέ
3769 3615 3894 3668 οὐδὲ

2213 3699 2381 3767 ἅπαξ.
2434 3702 2546 3770 Οὐχ
2575 3701 2762 3765 ἀπλῶς
2795 3701 3062 3774 διέτριϐον
3090 3703 3150 3754 ἐν
3194 3701 3492 3772 Ἀντιοχείᾳ
3512 3740 3526 3763 ,
3558 3701 3675 3753 ἀλλ’
3719 3700 3894 3753 ἐδίδαο

2214 3808 2362 3845 σκον.
2397 3793 2462 3844 Τί
2497 3793 2808 3857 ἐδίδασκον;
2840 3793 2892 3846 τί
2918 3793 2974 3845 δὲ
3001 3792 3446 3861 εύηγγελίξοντος
3499 3791 3638 3853 Τούς
3675 3809 3738 3844 τε
3788 3793 3890 3863 ἤδη

2215 3881 2457 3943 πιστοὺς,
2498 3880 2624 3943 τούς
2648 3897 2708 3932 τε
2738 3880 2968 3932 οὐδέπω.
3014 3878 3234 3949 Ἐπειδὴ
3265 3879 3371 3950 γάρ
3413 3878 3579 3948 μυρία
3612 3879 3893 3932 σκάνδαλα

2215 3961 2302 4036 ἦν,
2323 3967 2426 4019 ἔδει
2457 3969 2554 4037 τῆς
2583 3968 2763 4020 αὐτῶν
2791 3967 3118 4037 παρουσίας.
3156 3967 3229 4019 Τὸ
3275 3966 3606 4037 ζητούμενον
3629 4007 3643 4028 ,
3669 3967 3774 4038 οὐχ
3811 3968 3892 4020 ὅτι

2215 4053 2570 4124 διηνέχθησαν
2586 4053 2732 4126 [εδε]
2748 4058 2804 4108 ἐν
2819 4057 2936 4116 ταῖς
2956 4053 3223 4124 γνώμαις,
3241 4053 3351 4105 ἀλλ’
3368 4056 3450 4106 ὅτι
3466 4054 3782 4125 συγκατέϐη
3791 4072 3893 4107 σαν

2215 4142 2464 4212 ἀλλήλοις
2495 4143 2640 4195 ἰδεῖν.
2683 4141 2840 4195 Οὕτω
2882 4139 3066 4211 μεῖζον
3105 4141 3306 4208 ἀγαθὸν
3337 4141 3528 4208 γέγονε
3559 4143 3622 4193 τὸ
3653 4143 3680 4182 ιι
3723 4160 3895 4211 χωρι-

2215 4229 2444 4299 σθῆναι,
2483 4231 2578 4283 καί
2612 4230 2886 4300 πρόφασιν
2930 4231 2993 4280 ὲκ
3020 4229 3210 4281 τούτου
3243 4229 3303 4280 τὸ
3331 4231 3563 4298 πρᾶγμα
3592 4229 3780 4283 ἔλαϐε.
3827 4231 3891 4282 Τί

2215 4310 2338 4376 οὖνς
2376 4314 2561 4384 ἐχθροὶ
2609 4315 2996 4384 ἀνεχώρησαν;
3028 4314 3118 4384 Μὴ
3145 4316 3369 4380 γένοιτο.
3410 4313 3575 4384 Ὁρᾷς
3602 4315 3714 4384 γάρ
3751 4316 3891 4384 μετά

2216 4402 2371 4455 τοῦτο
2419 4402 2704 4471 Βαρνάϐαν
2765 4401 2972 4454 πολλῶν
3017 4402 3304 4471 ἐγκωμίων
3357 4401 3698 4455 ἀπολαύοντα
3740 4403 3892 4472 παρά

2217 4490 2430 4542 Παύλου
2456 4492 2510 4542 ἐν
2535 4493 2654 4552 ταῖς
2697 4489 3052 4550 Ἐπιστολαῖς.
3083 4489 3498 4558 Παροξυσμὸς,
3537 4492 3731 4559 φησὶν,
3765 4492 3892 4560 ἐγέ-

2217 4594 2352 4630 νετο
2379 4619 2393 4638 ,
2439 4578 2538 4630 ούκ
2567 4576 2753 4647 ¹ἔχθρα
2805 4577 2924 4629 οὐδὲ
2956 4575 3283 4643 φιλονεικία.
3320 4575 3585 4627 Τοσοῦτον
3613 4578 3835 4646 ἴσχυσεν
3864 4579 3890 4628 6

2218 4663 2596 4735 παροξυσμὸς,
2644 4663 2783 4715 ὥστε
2829 4664 3091 4732 χωρίσαι·
3125 4663 3215 4715 καὶ
3266 4663 3515 4724 εἰκότως.
3552 4661 3734 4734 Ὂπερ
3783 4665 3892 4734 γὰρ

2216 4751 2444 4814 ἕκαστος
2472 4750 2734 4803 ὑπέλαϐεν
2762 4746 2903 4802 εἶναι
2927 4749 3220 4813 λυσιτελὲς,
3253 4748 3406 4800 τοῦτο
3444 4748 3583 4817 μετά
3614 4750 3798 4803 ταῦτα
3829 4752 3890 4803 ού

2217 4840 2531 4907 προσήκατο
2553 4837 2641 4890 διὰ
2667 4837 2763 4906 τὴν
2794 4835 2928 4904 πρδς
2970 4837 3178 4887 ἐκεῖνον
3205 4835 3511 4891 κοινωνίαν.

2290 4926 2354 4996 β’.
2387 4926 2537 4994 Ἐμοὶ
2553 4924 2700 4978 δοκεῖ
2726 4923 2818 4976 καὶ
2849 4923 2987 4976 κατά
3017 4922 3232 4975 σύνεσιν
3253 4923 3579 4992 γεγενῆσθαι
3599 4923 3694 4977 τὸν
3717 4943 3889 4998 χωρι-

2220 5013 2371 5082 σμὸν,
2399 5013 2492 5065 καὶ
2521 5011 2656 5083 πρὸς
2686 5010 2944 5080 ἀλλήλους
2962 5013 3151 5074 εἰπεῖν,
3174 5013 3255 5064 ὅτι
3289 5009 3503 5080 Ἐπειδὴ
3540 5010 3653 5080 ἐγὼ
3678 5015 3742 5066 οὐ
3777 5014 3889 5084 βού-

2223 5113 2374 5170 λομαι
2443 5103 2504 5154 σὺ
2546 5101 2601 5154 δὲ
2638 5099 2833 5168 βούλει,
2877 5100 2962 5152 ἵνα
3005 5099 3079 5170 μὴ
3123 5099 3441 5170 μαχώμεθα,
3477 5099 3890 5172 διανειμώμεθα

2217 5191 2341 5252 τοὺς
2359 5188 2743 5250 τόπους,Ὣστε
2764 5187 2904 5240 πάνυ
2930 5190 3166 5250 εἴκοντες
3196 5187 3445 5257 ἀλλήλοις
3462 5186 3624 5241 τοῦτο
3645 5190 3885 5244 ἐποίουν.

2231 5277 2510 5332 Ἐϐούλετο
2541 5275 2650 5346 γὰρ
2683 5276 2872 5345 στῆναι
2905 5276 2965 5330 τὸ
2997 5275 3211 5328 Παύλου
3251 5275 3537 5346 Βαρνάϐας
3562 5292 3575 5306 ·
3599 5276 3690 5330 διά
3733 5278 3889 5332 τοῦτο

2217 5366 2307 5419 καί
2333 5363 2679 5434 ἀνεχώρησεν
2707 5379 2720 5391 ·
2763 5363 3011 5417 ἐϐούλετο
3040 5365 3135 5417 καὶ
3163 5361 3371 5426 Παῦλος
3404 5363 3609 5432 ὁμοίως
3646 5364 3708 5418 τὸ
3749 5369 3889 5420 ὲκεί-

2216 5473 2306 5509 νου
2324 5473 2335 5484 ·
2362 5454 2448 5506 διά
2471 5452 2630 5505 τοῦτο
2653 5453 2744 5505 καὶ
2769 5453 2928 5516 αὐτὸς
2951 5453 3012 5504 τὸ
3033 5454 3146 5505 ἴσον
3169 5455 3310 5504 ποιεῖ
3329 5451 3422 5505 καὶ⁵
3438 5452 3738 5523 ἀναχωρεῖ.
3766 5455 3886 5507 Εἴθε

2217 5545 2312 5597 καὶ
2343 5545 2506 5614 ἡμεῖς
2536 5540 2807 5606 τοιούτους
2829 5541 3206 5612 ἐχωριζόμεθα
3236 5542 3554 5613 χωρισμοὺς
3574 5583 3588 5604 ,
3622 5543 3767 5596 ὥστε
3801 5545 3887 5599 ἐπὶ

2218 5633 2480 5703 κήρυγμα
2508 5628 2760 5684 ἀπιέναιί
2808 5630 3050 5696 Παῦλος
3093 5629 3181 5693 δὲ,
3217 5631 3381 5700 φησὶν
3408 5671 3421 5691 ,
3450 5631 3887 5700 ἐπιλεξάμενος

2217 5719 2324 5772 τὸν
2355 5720 2543 5772 Σίλαν
2567 5717 2829 5786 .-ἐεῆλθε
2861 5717 3214 5786 παραδοθεὶς
3245 5717 3321 5786 τῇ
3356 5717 3549 5785 χάριτι
3582 5719 3693 5772 τοῦ
3742 5721 3886 5774 Θεοῦ

2216 5809 2334 5862 ὑπὸ
2383 5806 2499 5858 τῶν
2547 5805 2840 5873 ἀδελφῶν.
2886 5804 3209 5875 Θαυμαστὸς
3266 5807 3412 5858 ἐστιν
3451 5801 3604 5868 οὗτος
3644 5809 3673 5858 ὁ
3725 5810 3882 5879 ἀνὴρ,

2273 5953 2291 5976 ⁸
2318 5951 2452 5999 [Inus
2475 5949 2732 6013 κρύψαντα,
2779 5950 2899 6004 ὅλως
2925 5949 2973 5997 δὲ
3007 5950 3045 5997 ιί
3086 5951 3182 5998 καί.

3251 5948 3277 5987 ι’
3310 5951 3503 6009 Ἀγαθὸν
3547 5951 3665 5998 εἰναι
3709 5953 3782 6012 τό,
3814 5953 3880 5999 sh‘

2211 6013 2420 6076 quidJm.
