4034 6460
137 456 248 514 245

137 582 197 629 et
226 569 352 626 facit
374 565 660 638 justitiam,
691 570 945 632 acceptus
972 558 1049 614 illi
1072 569 1174 616 est.
1204 557 1322 615 Non
1355 565 1536 630 potest
1565 557 1632 621 is,
1653 554 1744 625 qui

138 669 349 734 absque
387 658 734 731 pra-judicata
777 654 1032 724 opinione
1069 652 1238 719 audit,
1271 664 1378 706 non
1413 647 1746 720 persuaderi.

139 756 213 813 Ct
255 755 403 810 enim
430 755 475 809 si
517 751 700 823 regula
739 748 986 820 quaedam
1027 755 1208 812 esset,
1250 743 1317 800 ad
1356 759 1517 815 quam
1559 756 1750 798 omnes

133 848 297 917 dirigi
320 853 617 915 oporteret,
643 857 748 896 non
773 841 939 895 multa
962 838 1398 894 consideratione
1422 849 1560 906 opus
1583 841 1748 896 esset,

134 937 236 992 sed
271 937 410 993 male
448 936 759 991 metientem
791 931 947 987 facile
974 929 1509 998 deprehenderemus
1545 968 1558 980 .
1595 926 1666 980 ita
1698 933 1753 980 et

134 1044 311 1084 nunc.
340 1028 626 1096 Quomodo
643 1040 783 1096 ergo
813 1038 920 1078 non
953 1022 1176 1077 vident?
1204 1021 1366 1077 Multa
1399 1017 1748 1084 id'el'liciunt,

129 1119 489 1190 pra-judicata
514 1116 718 1188 opinio,
752 1117 1109 1184 Immantrque
1129 1128 1329 1168 causae.
1353 1111 1468 1167 Hoc
1496 1111 1659 1166 etiam
1681 1107 1752 1165 de

134 1212 323 1279 nobis,
358 1212 590 1281 inquies,
621 1210 694 1264 illi
728 1208 934 1263 dicunt.
961 1205 1282 1275 Quomodo?
1307 1220 1434 1260 num
1463 1203 1530 1260 ab
1562 1203 1752 1258 Eccle-

133 1305 217 1359 sia
239 1320 346 1359 nos
367 1302 703 1358 excidimus?
734 1319 858 1356 num
885 1299 1273 1357 limi-esiarchas
1297 1297 1595 1353 habemus?
1622 1313 1750 1351 num

134 1394 210 1449 ab
237 1394 548 1449 hominibus
585 1409 782 1448 nomen
811 1391 1148 1462 accipimus?
1191 1405 1318 1444 num
1345 1388 1456 1443 dux
1483 1387 1750 1457 quispiam

133 1486 302 1541 nobis
345 1495 463 1549 est,
512 1495 569 1538 ut
620 1485 725 1540 illis
768 1483 1027 1550 Marcion,
1082 1483 1188 1537 illis
1232 1480 1596 1544 Maniclneus,
1646 1479 1752 1533 illis

133 1581 308 1635 Arius
331 1619 350 1646 ,
394 1579 497 1634 illis
527 1579 664 1632 alius
697 1577 918 1633 hmresis
947 1575 1232 1646 princeps?
1259 1572 1412 1642 Quod
1445 1573 1488 1627 si
1524 1586 1622 1625 nos
1652 1585 1751 1624 cu-

131 1671 375 1740 juspiam
407 1685 606 1724 nomen
642 1669 912 1733 feramus;
945 1676 1000 1722 at
1029 1683 1135 1722 non
1168 1666 1430 1722 habemus
1461 1672 1625 1719 sectze
1652 1678 1751 1716 au-

132 1770 346 1827 ctores,
379 1761 474 1816 sed
506 1759 790 1831 praefectos
817 1769 872 1814 et
898 1759 1287 1830 gubernatores
1315 1757 1597 1812 Ecclesiae.
1632 1756 1749 1810 Non

133 1853 407 1908 habemus
433 1852 723 1923 magistros
753 1867 917 1922 super
942 1861 1141 1907 terram
1169 1850 1362 1915 :absit,
1393 1865 1559 1904 unum
1589 1847 1756 1903 habe-

134 1963 264 2002 mus
310 1948 362 2000 in
402 1947 572 2001 uelis.
616 1946 696 2000 llli
727 1961 974 2017 quoque,
1007 1945 1248 2016 inquies,
1280 1944 1396 2000 hazc
1430 1943 1749 1999 obtendunt.

1072 443 1136 500 IN
1176 442 1360 500 ACTA
1399 434 1932 498 APOSTOLORUM.
1977 438 2206 495 llOMlL.
2241 438 2489 495 XXXIV.

3363 437 3469 494 246

1862 551 2058 611 Verum
2088 556 2289 614 habent
2315 572 2539 623 nomen,
2563 556 2708 628 quod
2737 554 2860 611 illos
2881 563 3122 620 accusat,
3148 552 3476 627 illorumque

1857 664 1951 703 ora
1979 648 2232 706 obstruit.
2266 649 2418 704 Multi
2448 648 2600 704 luere
2624 648 2876 718 gentiles,
2907 654 2962 702 et
3003 646 3183 702 nullus
3225 645 3343 704 haec
3382 648 3470 704 itt-

1858 741 2153 810 terrogavit
2181 758 2195 797 :
2230 750 2283 797 et
2305 740 2447 812 apud
2481 739 2838 809 philosophos
2864 737 2982 795 haec
3007 747 3184 805 erant,
3208 748 3265 794 et
3293 739 3477 796 nullus

1858 846 2076 897 eorum,
2105 833 2196 902 qui
2225 841 2430 888 rectam
2462 841 2665 887 sectam
2700 831 2965 886 haberent
2984 871 2999 896 ,
3029 828 3337 900 prohibitus
3369 837 3474 885 est.

1857 921 1968 976 Cur
1996 939 2102 978 non
2129 924 2405 990 dixerunt,
2437 923 2659 994 quando
2689 922 2807 978 haec
2836 922 3153 988 movebant,
3178 921 3321 992 quod
3343 932 3399 977 et
3421 921 3477 977 hi

1859 1024 1915 1072 et
1963 1015 2040 1071 illi
2083 1015 2256 1072 Judtei
2307 1025 2512 1080 essent,
2557 1025 2615 1072 et
2653 1014 2756 1071 utri
2799 1015 3184 1085 obtemperare
3211 1015 3474 1086 oportet?

1858 1106 1966 1162 Sed
2007 1117 2065 1161 ut
2109 1095 2396 1176 Oportebat
2423 1106 2890 1177 obtemperarunt.
2940 1106 3012 1161 Et
3056 1121 3157 1161 nos
3203 1121 3336 1176 ergo
3376 1107 3476 1162 Dei

1860 1195 2066 1268 legibus
2097 1197 2538 1267 obtemperemus
2563 1237 2580 1262 ,
2615 1207 2669 1253 et
2702 1197 2884 1251 omnia
2914 1205 2972 1252 ut
3001 1197 3101 1268 ipsi
3131 1197 3325 1267 placita
3355 1206 3483 1252 sunt

1856 1291 2159 1359 faciamus,
2209 1307 2274 1347 ac
2321 1291 2617 1348 secundum
2660 1289 2780 1360 ejus
2827 1290 3160 1346 voluntatem
3203 1290 3475 1357 vivamus,

1856 1386 1984 1441 dum
2014 1386 2068 1441 in
2099 1383 2353 1455 praesenti
2379 1387 2486 1438 vita
2515 1382 2782 1456 deglmus,
2812 1393 2872 1440 ut
2903 1384 2955 1439 in
2988 1383 3188 1439 virtute
3214 1383 3475 1454 przesenti

1861 1488 2130 1535 transacta
2160 1481 2267 1534 vita
2290 1521 2304 1546 ,
2339 1478 2602 1550 promissa
2636 1478 2989 1548 diligentibus
3014 1495 3074 1535 se
3106 1478 3244 1535 bona
3273 1494 3472 1535 conse-

1857 1588 2089 1644 quamur
2109 1616 2123 1638 ,
2155 1581 2212 1628 et
2240 1588 2363 1628 cum
2396 1571 2462 1626 iis
2490 1572 2580 1643 qui
2614 1571 2715 1642 ipsi
2749 1571 3072 1641 placuerunt
3102 1571 3438 1626 honoremur
3457 1612 3474 1638 ,

1857 1666 2027 1738 gratia
2054 1673 2110 1720 et
2136 1663 2469 1732 benignitate
2497 1663 2759 1734 unigeniti
2787 1661 2906 1718 Filii
2929 1662 3047 1733 ejus
3069 1671 3124 1717 et
3146 1661 3479 1718 sanctissimi

1858 1757 2168 1827 viviﬁcique
2201 1755 2440 1825 Spiritus
2460 1796 2476 1821 ,
2505 1757 2664 1812 unius
2695 1763 2753 1810 et
2779 1769 2922 1810 verae
2953 1755 3178 1810 Deitatis
3201 1796 3217 1824 ,
3251 1769 3397 1811 nunc
3425 1763 3484 1811 et

1859 1868 2100 1923 semper,
2129 1861 2183 1908 et
2209 1852 2263 1906 in
2286 1851 2482 1908 saecula
2509 1850 2855 1906 sateulorum.
2885 1853 3084 1906 Amen.

1482 2150 1837 2213 HOMlLlA
1881 2150 2188 2212 XXXIV.

133 2301 271 2358 Car.
307 2301 375 2357 l5
427 2317 480 2355 v.
510 2299 601 2357 35.
634 2300 832 2357 Paulus
853 2312 1022 2357 autem
1057 2310 1104 2356 et
1139 2301 1405 2359 Barnabas
1426 2300 1755 2355 morabantur

212 2393 524 2459 Antiochia,
553 2394 787 2448 docentes
809 2403 857 2448 et
884 2394 1289 2466 euangelizante:
1311 2410 1426 2447 cum
1446 2393 1566 2446 aliis
1591 2392 1754 2462 pluri-

213 2490 310 2541 bus
353 2487 557 2541 verbum
611 2485 842 2541 Domini.
890 2488 979 2543 36.
1028 2486 1156 2541 Post
1202 2488 1399 2558 aliquot
1443 2497 1613 2540 autem
1649 2486 1757 2540 dies

213 2581 348 2634 dixit
392 2581 461 2634 ad
502 2577 794 2634 Barnabam
838 2578 1038 2634 Paulus
1066 2595 1085 2634 :
1109 2577 1455 2643 Revertentes,
1500 2579 1757 2632 visitemus

213 2671 404 2737 fratres
427 2687 516 2741 per
537 2671 795 2725 universas
815 2671 1061 2736 civitates,
1083 2671 1137 2724 in
1166 2670 1345 2740 quibus
1367 2669 1757 2740 pradicavimtts

212 2761 424 2818 uerbum
448 2761 677 2826 Domini,
705 2762 961 2834 quomodo
987 2779 1042 2816 se
1062 2762 1301 2816 habeant.

215 2855 271 2907 1.
306 2851 385 2906 De
413 2852 570 2906 Pauli
603 2869 720 2907 cum
753 2852 994 2907 Barnaba
1026 2854 1363 2909 dissensione.
1390 2883 1464 2895 —
1493 2853 1630 2908 Vide
1660 2853 1760 2907 ite-

133 2960 267 3000 rum
299 2954 495 3015 quanta
530 2944 830 3000 humilitate
861 2961 1170 3002 sermonem
1199 2961 1323 3001 cum
1357 2946 1476 3000 aliis
1515 2959 1759 3000 commu-

133 3040 351 3094 nicent.
400 3038 464 3092 Et
490 3037 600 3108 jatn
629 3039 844 3108 quidem
875 3039 1202 3110 reliquorum
1230 3039 1600 3108 apostolorum
1623 3055 1758 3095 con-

133 3129 487 3185 suetudinem
528 3128 814 3199 descripsit
854 3130 1010 3185 nobis
1055 3129 1229 3185 Lucas
1253 3170 1267 3190 .
1301 3130 1596 3185 ostendens
1623 3131 1759 3186 alios

136 3220 432 3275 suaviores
458 3218 993 3290 indulgentioresque
1019 3234 1141 3276 esse
1159 3261 1176 3288 ,
1209 3221 1351 3276 alios
1377 3221 1680 3276 exactiores
1704 3231 1760 3276 et

136 3312 479 3368 austeriores
514 3329 527 3365 :
562 3311 774 3366 diversa
798 3327 1030 3382 namque
1054 3321 1181 3369 sunt
1201 3312 1342 3369 dona
1369 3331 1382 3367 :
1407 3313 1551 3385 quod
1577 3323 1758 3370 autem

136 3405 254 3462 hoc
285 3419 503 3476 quoque
529 3404 600 3459 sit
627 3404 827 3459 donum
859 3405 1048 3476 liquet.
1081 3405 1190 3462 Sed
1221 3407 1351 3462 illud
1386 3407 1606 3477 quidem
1638 3406 1761 3462 aliis

138 3497 430 3553 hominum
475 3496 717 3553 moribus
745 3498 1026 3568 competit,
1056 3497 1160 3553 hoc
1204 3509 1383 3554 autem
1419 3500 1576 3566 aliis;
1623 3509 1678 3555 et
1715 3500 1761 3554 si

134 3597 637 3654 commutarentur,
668 3589 874 3643 inutilia
899 3589 1092 3645 forent.
1118 3589 1346 3646 Videtur
1369 3591 1587 3663 quidem
1613 3607 1763 3662 quaa-

137 3683 275 3738 dam
303 3695 425 3737 esse
453 3681 758 3747 dissensio;
793 3689 964 3736 totum
992 3697 1125 3739 vero
1156 3686 1457 3740 meonomia
1490 3693 1594 3740 est.
1626 3683 1762 3740 illud

137 3775 297 3831 enim
317 3774 395 3839 lit,
417 3782 475 3827 ut
499 3774 862 3844 unusquisque
884 3773 1062 3829 locum
1081 3776 1170 3845 qui
1188 3775 1289 3831 sibi
1305 3777 1762 3833 conveniatoccu-

139 3875 262 3938 pet.
293 3865 545 3935 Alioquin
569 3880 698 3920 vero
715 3881 819 3922 non
842 3868 1144 3937 oportebat,
1162 3875 1221 3922 ut
1236 3883 1424 3924 omnes
1444 3870 1558 3940 pari
1580 3880 1766 3926 essent

139 3957 362 4013 honore
382 3999 398 4026 ,
434 3957 532 4012 sed
561 3966 615 4012 ut
645 3957 782 4013 alius
811 3967 1100 4028 pra-esset,
1128 3958 1270 4015 alius
1303 3960 1550 4017 subditus
1577 3971 1723 4017 esset
1747 3981 1760 4017 :

138 4061 204 4108 et
250 4052 351 4106 hoc
388 4052 549 4106 etiam
598 4050 950 4120 providentia:
989 4067 1127 4121 opus
1163 4063 1269 4108 est.
1316 4054 1502 4124 Cyprii
1535 4071 1766 4126 namque

139 4142 288 4196 nihil
321 4141 427 4196 tale
453 4141 848 4210 exhibuerant,
887 4142 1046 4213 quale
1084 4143 1409 4204 Antiocheni
1439 4156 1494 4202 et
1524 4149 1713 4218 reliqui
1749 4167 1762 4204 :

138 4245 201 4289 et
239 4232 314 4286 illi
341 4232 590 4300 mitiore,
624 4233 679 4288 hi
707 4234 982 4291 severiore
1011 4235 1272 4307 magistro
1300 4253 1436 4308 opus
1470 4237 1761 4294 habebant.

141 4328 243 4383 37.
263 4323 533 4379 Barnabas
556 4335 724 4390 autem
745 4326 939 4382 volebat
952 4344 1122 4383 secum
1136 4345 1396 4385 assumere
1414 4340 1461 4385 et
1484 4329 1762 4399 Joannem,

139 4417 240 4488 qui
265 4417 659 4486 cognominatur
689 4417 898 4472 Marcus
927 4435 946 4472 :
973 4420 1067 4475 38.
1100 4419 1301 4474 Paulus
1329 4431 1498 4475 autent
1529 4423 1762 4494 rogabat,

140 4519 202 4563 ut
224 4507 316 4578 qui
339 4508 648 4570 discessisset
671 4511 732 4563 ab
755 4511 824 4565 eis
846 4511 910 4566 de
938 4510 1278 4584 Pamphylia,
1308 4524 1353 4568 et
1377 4532 1478 4570 non
1501 4527 1629 4572 esset
1648 4534 1766 4571 cum

140 4607 223 4659 eis
253 4602 308 4656 in
340 4618 488 4671 opus,
513 4619 613 4657 non
643 4603 824 4658 debere
854 4605 1032 4674 recipi.
1059 4605 1150 4662 '59.
1180 4605 1347 4661 Facta
1377 4618 1448 4662 est
1478 4609 1638 4679 igitur
1660 4610 1767 4664 dis-

138 4697 320 4752 sensio
345 4736 360 4762 ,
391 4695 465 4748 ita
486 4705 540 4748 ut
570 4695 882 4751 discederent
904 4697 968 4750 ab
1000 4699 1210 4752 invicem
1233 4741 1248 4766 ,
1279 4709 1326 4754 et
1357 4699 1623 4755 Barnabas
1647 4703 1735 4773 qui
1746 4733 1764 4742 -

141 4791 271 4844 dem
299 4800 562 4857 assumpto
592 4789 770 4842 Murco
801 4792 1059 4860 navigaret
1087 4793 1138 4845 in
1163 4792 1386 4862 Cyprum
1411 4810 1430 4847 :
1449 4795 1536 4849 40.
1565 4793 1766 4850 Paulus

139 4899 270 4937 vero
309 4880 465 4934 electo
512 4880 626 4935 Sila
674 4882 933 4950 profectus
984 4892 1086 4947 est,
1133 4886 1353 4938 traditus
1395 4888 1577 4957 gratia:
1606 4885 1704 4942 Dei
1734 4906 1766 4943 a

141 4973 421 5046 fratribus.
453 4972 540 5028 Sic
565 4981 617 5027 ct
646 4975 695 5027 itt
724 4975 1002 5044 prophetis
1026 4975 1268 5032 diversas
1291 4981 1590 5034 sententias
1617 4997 1767 5035 cont-

143 5065 412 5138 perimus,
444 5075 498 5118 et
529 5066 704 5119 varios
733 5082 910 5121 mores
934 5086 946 5119 :
975 5069 1118 5123 verbi
1142 5071 1310 5136 gratia
1344 5070 1490 5126 Elius
1517 5083 1765 5130 austeras

138 5167 309 5224 erat,
343 5157 556 5226 Moyses
585 5157 747 5213 mitis.
795 5159 892 5212 llic
925 5159 1084 5229 igitur
1110 5160 1483 5217 vehementior
1509 5175 1590 5218 est
1621 5166 1764 5220 Pau-

140 5253 254 5305 lus.
297 5247 406 5304 Sed
451 5248 530 5302 sic
568 5257 743 5305 tamen
767 5251 890 5304 vide
921 5254 1389 5309 mansuetudinem
1411 5257 1548 5325 ejus.
1583 5257 1764 5329 Roga-

140 5347 252 5409 bat,
287 5342 482 5412 inquit,
508 5353 560 5396 ut
586 5344 673 5412 qui
697 5331 1006 5399 discessisset
1027 5346 1088 5399 ab
1109 5347 1181 5401 eis
1202 5348 1266 5401 de
1293 5347 1635 5421 Pamphylia,
1661 5369 1762 5407 non

137 5438 331 5492 debere
359 5437 538 5506 recipi.
589 5437 656 5493 Ut
692 5439 835 5493 enim
877 5439 986 5495 dux
1025 5442 1298 5496 exercitus
1327 5445 1494 5500 nollet
1527 5446 1762 5516 bajulum

138 5545 368 5600 semper
397 5529 596 5584 habere
624 5531 903 5586 sordidum
930 5573 947 5600 ,
986 5534 1066 5588 sic
1097 5550 1271 5605 neque
1301 5539 1601 5607 apostolus.
1650 5539 1764 5596 Hoc

137 5625 315 5679 etiam
349 5623 487 5677 alios
516 5622 733 5690 docuit,
766 5634 820 5678 et
851 5623 999 5680 illum
1042 5627 1371 5682 emendavit.
1406 5629 1623 5701 Ergone
1653 5632 1760 5685 im-

142 5717 354 5786 probus
402 5714 717 5770 Barnabas?
747 5716 998 5785 Minime;
1031 5719 1140 5774 imo
1169 5720 1326 5776 valde
1352 5721 1643 5778 absurdum
1671 5740 1761 5780 es-

139 5819 229 5862 set
257 5809 309 5861 td
341 5815 552 5877 putare.
586 5806 869 5876 Quomodo
895 5826 1003 5865 non
1032 5812 1325 5868 absurdum
1350 5826 1510 5881 esset,
1543 5817 1613 5871 ob
1644 5833 1760 5873 rem

141 5902 284 5958 adeo
311 5902 488 5958 levem
532 5901 682 5958 illum
722 5904 902 5972 dicere
945 5905 1297 5978 improbum?
1328 5909 1436 5966 Sed
1464 5911 1602 5982 vide,
1633 5915 1758 5986 pri-

1867 2312 2017 2366 mum
2049 2295 2174 2352 hinc
2203 2295 2339 2350 nihil
2362 2295 2854 2366 mali-provenisse,
2879 2295 2924 2351 si
2954 2310 3077 2352 cum
3105 2295 3332 2366 integris
3358 2311 3487 2366 gen-

1868 2389 2011 2444 tibus
2042 2386 2295 2443 sufﬁcere
2325 2396 2569 2457 possent,
2595 2388 2830 2458 separati
2860 2387 3002 2454 sint;
3037 2387 3146 2442 imo
3173 2389 3336 2443 etiam
3362 2386 3492 2444 hinc

1867 2496 2119 2551 magnum
2145 2479 2416 2551 prodiisse
2442 2479 2644 2534 bonum
2679 2496 2692 2534 :
2719 2477 2916 2535 deinde
2941 2520 2956 2542 .
2989 2482 3034 2535 si
3064 2480 3171 2535 hoc
3195 2496 3304 2534 non
3337 2480 3487 2536 acci-

1865 2574 2038 2629 disset
2062 2616 2077 2640 ,
2107 2590 2215 2627 non
2243 2571 2402 2628 facile
2428 2573 2672 2642 separari
2702 2572 3024 2628 voluissent.
3054 2572 3135 2627 Tu
3163 2588 3295 2628 vero
3326 2572 3493 2627 mire-

1867 2667 1941 2720 ris
1971 2666 2132 2720 velim
2157 2707 2173 2729 ,
2204 2664 2347 2735 quod
2384 2663 2557 2720 Lucas
2589 2664 2694 2720 hoc
2731 2680 2840 2719 non
2870 2655 3148 2720 celaverit.
3182 2664 3288 2720 Sed
3319 2664 3364 2719 si
3391 2680 3485 2720 se-

1867 2760 2044 2829 parari
2086 2759 2396 2830 oportebat,
2446 2760 2679 2830 inquies,
2725 2760 2918 2815 saltem
2962 2760 3082 2815 sine
3121 2760 3486 2817 dissensione.

1869 2853 1940 2906 At
1986 2851 2111 2906 hinc
2161 2853 2404 2907 maxime
2454 2851 2687 2906 humana
2737 2851 3120 2907 ostenduntur.
3163 2851 3296 2906 Nam
3342 2851 3388 2906 si
3433 2837 3491 2905 in

1868 2942 2088 3000 Christo
2133 2946 2421 3014 oportebat
2465 2947 2600 3012 lieri,
2647 2947 2818 3001 multo
2861 2946 3032 3016 magis
3079 2945 3188 3000 hic.
3236 2946 3489 3016 Alioquin

1869 3054 2002 3094 vero
2031 3038 2301 3094 dissensio
2330 3055 2436 3093 non
2471 3039 2609 3093 mala
2637 3047 2741 3106 est,
2769 3039 2988 3110 quando
3013 3039 3082 3093 de
3111 3037 3309 3093 talibus
3339 3037 3492 3108 quis-

1871 3130 2022 3201 piam
2054 3131 2356 3195 contendit,
2382 3142 2438 3186 et
2467 3147 2588 3186 cum
2617 3131 2759 3201 justa
2791 3131 3023 3186 ratione.
3046 3131 3104 3187 Si
3132 3142 3282 3188 certe
3301 3147 3491 3187 eorum

1868 3225 2137 3296 quispiam
2166 3241 2287 3296 quae
2333 3240 2431 3281 sua
2457 3235 2612 3282 erant
2644 3225 2733 3280 vel
2765 3225 3029 3280 honorem
3054 3239 3340 3295 quzerens,
3389 3240 3492 3280 ex-

1869 3328 2151 3388 asperatus
2173 3327 2336 3384 esset,
2369 3319 2509 3375 bene
2539 3317 2939 3389 improbaretur
2971 3335 2986 3372 :
3019 3318 3064 3374 si
3095 3332 3225 3373 vero
3257 3326 3492 3388 uterque

1870 3409 2068 3466 docere
2097 3411 2490 3482 instituereque
2521 3412 2709 3466 volens
2728 3452 2743 3474 ,
2778 3410 2916 3465 alter
2947 3409 3068 3476 hac,
3097 3410 3241 3466 alter
3264 3410 3370 3464 alia
3405 3409 3492 3464 via

1870 3502 2135 3571 processit
2178 3519 2190 3554 :
2233 3502 2378 3571 quod
2428 3502 2634 3557 erihten
2682 3500 2885 3556 luerit?
2933 3501 3206 3569 Multa‘ex
3255 3501 3492 3557 humana

1870 3600 2052 3647 mente
2094 3591 2364 3648 faciebant
2397 3609 2542 3647 :non
2574 3592 2718 3648 enim
2747 3601 2907 3648 erant
2946 3592 3155 3662 lapides
3193 3601 3286 3646 aut
3323 3592 3489 3662 ligna.

1871 3682 1944 3737 Et
1968 3683 2090 3738 vide
2119 3683 2342 3738 Paulum
2366 3693 2713 3739 acettsantem
2739 3693 2794 3740 et
2818 3699 3038 3740 causam
3061 3684 3354 3740 dicentem.
3385 3684 3494 3741 Re-

1871 3773 2165 3829 verebatur
2187 3774 2332 3829 enim
2361 3774 2663 3829 Barnabam
2695 3790 2805 3845 pra:
2830 3774 3136 3831 humilitate
3163 3776 3332 3830 multa
3355 3819 3369 3844 ,
3400 3777 3492 3847 qui

1872 3865 1928 3920 in
1960 3867 2122 3921 tantis
2153 3866 2315 3921 rebus
2342 3865 2443 3920 sibi
2471 3880 2699 3922 consors
2721 3876 2773 3921 et
2795 3881 2980 3922 secum
3013 3867 3220 3933 luerat;
3253 3867 3349 3924 sed
3382 3883 3490 3922 non

1873 3957 1945 4012 ita
1972 3957 2344 4022 reverebatur,
2368 3966 2428 4012 ut
2451 3956 2691 4013 ofﬁcium
2715 3959 3036 4030 negligeret.
3065 3959 3199 4017 Uter
3226 3976 3356 4030 ergo
3378 3977 3493 4017 me-

1872 4051 1977 4106 lius
1991 4051 2345 4118 eonsuluerit,
2369 4065 2474 4106 non
2488 4060 2572 4106 est
2593 4060 2836 4107 nostrum
2869 4052 3241 4122 pronuntiare,
3268 4054 3486 4109 interim

1873 4161 2006 4202 vero
2051 4160 2244 4215 magna
2276 4145 2378 4199 fuit
2407 4145 2708 4201 mcunomia
2735 4186 2750 4212 ,
2785 4145 2829 4200 si
2861 4145 3078 4214 quidem
3111 4145 3162 4200 hi
3196 4147 3491 4203 secundum

1871 4238 2239 4294 visitationem
2264 4238 2606 4308 assequuturi
2635 4247 2811 4305 erant,
2845 4239 2934 4293 alii
2970 4239 3193 4296 nullam.
3228 4239 3344 4295 Non
3374 4241 3494 4297 sine

1871 4346 2032 4387 causa
2075 4341 2256 4386 autem
2299 4331 2603 4387 Antiochia:
2648 4332 2842 4387 morati
2882 4343 3040 4401 sunt,
3078 4335 3172 4389 sed
3201 4333 3487 4390 docebant.

1872 4425 2014 4492 Quid
2050 4427 2360 4483 ducebant?
2406 4429 2532 4499 quid
2578 4428 3065 4500 evangelizabant?
3095 4429 3244 4485 Alios
3271 4429 3489 4500 quidem

1872 4518 2064 4575 fideles
2091 4563 2104 4586 ,
2153 4521 2290 4576 alios
2334 4520 2576 4577 nondum
2618 4521 2776 4577 tales.
2835 4520 2972 4589 Quia
3015 4522 3158 4577 enim
3205 4522 3486 4577 innumera

1872 4613 2127 4668 scandala
2164 4622 2354 4679 erant,
2394 4629 2532 4684 opus
2557 4624 2675 4669 erat
2707 4615 2926 4670 illorum
2963 4615 3270 4685 praesentia.
3304 4615 3360 4671 ln
3388 4615 3490 4672 hac

1872 4707 2174 4777 quaestione
2195 4709 2616 4774 observandum,
2641 4722 2748 4762 non
2781 4708 2834 4762 in
2861 4723 2969 4778 quo
2990 4707 3372 4777 dissenserint,
3393 4709 3490 4766 sed

1873 4799 1928 4852 in
1957 4814 2066 4869 quo
2095 4809 2284 4855 mutuo
2308 4801 2709 4856 consenserint.
2751 4799 2842 4855 Sic
2871 4800 3046 4871 majus
3077 4802 3278 4856 bonum
3306 4818 3371 4858 ex
3403 4819 3490 4858 se-

1873 4894 2154 4962 paratione
2184 4893 2419 4963 prodiit,
2449 4904 2607 4965 atque
2637 4894 2761 4949 inde
2791 4905 2972 4950 ortum
3003 4906 3106 4952 est.
3148 4896 3288 4964 Quid
3320 4898 3491 4968 ergo?

1873 4985 2148 5042 inimicine
2200 4987 2585 5042 recesserunt?
2645 4987 2833 5054 Absit;
2885 4988 3036 5044 vides
3095 4990 3238 5044 enim
3301 5002 3488 5059 postea

1872 5081 2174 5136 Barnabam
2213 5082 2399 5137 multis
2432 5083 2681 5139 laudibus
2715 5099 2743 5138 a
2774 5085 2942 5139 Paulo
2970 5084 3234 5164 celebrari
3267 5087 3318 5142 in
3362 5087 3490 5158 Epi-

1871 5174 2046 5228 stolis.
2075 5173 2356 5240 Dissensio,
2382 5175 2573 5246 inquit,
2595 5181 2733 5248 facta
2755 5187 2849 5244 est,
2873 5194 2980 5232 non
3005 5179 3284 5234 inimicitia
3315 5197 3489 5252 neque

1869 5271 2169 5324 contentio.
2209 5270 2440 5324 Tantum
2472 5271 2636 5325 valuit
2661 5271 2950 5338 dissensio,
2985 5283 3042 5328 ut
3069 5283 3484 5344 separarentur;

1872 5371 1926 5416 et
1949 5363 2073 5433 jure
2099 5362 2339 5434 quidem.
2363 5364 2497 5419 Nam
2522 5364 2664 5436 quod
2690 5374 2919 5437 uterque
2946 5367 3170 5436 putabat
3195 5369 3324 5425 utile
3347 5368 3485 5438 fore,

1875 5464 2064 5525 postea
2091 5472 2194 5510 non
2223 5456 2556 5523 admisisset,
2586 5472 2652 5511 eo
2678 5457 2820 5528 quod
2853 5458 3014 5513 simul
3043 5467 3227 5514 essent

1941 5547 1998 5602 2.
2026 5549 2150 5604 Mihi
2178 5549 2390 5604 videtur
2432 5551 2575 5604 illam
2606 5552 3004 5620 separationem
3039 5551 3334 5622 prudenter
3365 5568 3488 5610 esse

1869 5638 2066 5696 factam
2091 5683 2106 5707 ,
2148 5642 2378 5712 illosque
2411 5651 2598 5697 mutuo
2628 5642 2833 5700 dixisse
2863 5661 2877 5698 :
2907 5643 3355 5715 Quandoquidem
3385 5662 3488 5716 ego

1870 5734 2016 5798 nolo,
2054 5743 2107 5787 tu
2135 5745 2314 5789 autem
2346 5736 2455 5802 vis;
2487 5744 2544 5790 ut
2577 5752 2645 5791 ne
2675 5751 2994 5807 pugnemus,
3041 5736 3156 5792 loca
3192 5736 3484 5792 distribua-

1868 5841 2008 5880 mus.
2043 5826 2224 5897 ltaque
2253 5829 2480 5883 multum
2508 5828 2610 5885 sibi
2642 5838 2830 5885 mutuo
2871 5829 3130 5886 cedentes
3168 5829 3271 5885 hoc
3315 5829 3484 5887 facie-

1866 5917 2017 5974 bant.
2043 5917 2266 5976 Volebat
2293 5919 2563 5978 Barnabas
2590 5930 2735 5978 stare
2749 5922 2894 5995 quod
2924 5923 3123 5980 l'aulus
3144 5923 3491 5991 decreverat;
