4034 6450
600 425 707 483 247

597 542 719 598 ideo
737 536 956 594 recessit
980 555 995 591 :
1019 534 1233 590 volebat
1255 533 1502 589 similiter
1525 532 1716 587 Paulus
1731 532 1872 601 quod
1903 531 1977 587 illi
1994 532 2176 603 placeo

598 634 717 695 bat;
762 630 986 697 ideoque
1016 637 1068 682 et
1099 628 1211 695 ipse
1241 626 1462 681 recedit.
1496 622 1711 680 Utinam
1737 640 1836 679 nos
1860 639 2075 695 quoque
2100 633 2182 679 ta-

595 723 674 778 les
712 722 1080 789 separatioues
1122 717 1545 780 admitteremus,
1589 725 1648 769 ut
1679 715 1744 770 ad
1788 714 2184 785 praedicandum

592 813 886 867 abirentus.
919 807 1117 862 Paulus
1146 816 1340 868 autem,
1378 805 1571 875 inquit.
1604 806 1761 859 electo
1789 804 1903 860 Sila
1927 810 2185 876 profectus

588 913 685 970 est,
717 905 932 957 traditus
959 901 1139 972 gratia
1164 898 1255 953 Dei
1274 915 1306 952 α
1327 898 1593 970 fratribus.
1620 896 1963 951 Atltuirabilis
1985 907 2064 950 est
2095 896 2184 951 hic

596 996 677 1049 vir
718 1002 775 1050 et
804 994 958 1049 valde
1002 1005 1243 1063 magnus.
1278 990 1574 1045 Plurimum
1607 1004 1737 1044 vero
1763 988 1944 1044 Marco
1985 988 2184 1058 profuit

590 1087 704 1141 lucc
738 1100 933 1156 pugna.
980 1083 1127 1138 Pauli
1156 1096 1386 1152 namque
1411 1082 1668 1137 severitas
1696 1081 1961 1135 convertit
1989 1081 2137 1135 illum
2163 1121 2178 1145 ,

590 1176 895 1247 benignitas
919 1183 1096 1229 autem
1125 1173 1385 1228 Barnabas
1417 1171 1542 1227 fecit
1579 1179 1636 1226 ut
1667 1186 1734 1227 ue
1766 1170 2177 1241 relinqueretur.

588 1268 777 1339 Itaque
804 1276 1043 1338 pugnant
1068 1264 1305 1335 quidem.
1334 1262 1405 1319 ad
1432 1279 1596 1318 unum
1625 1278 1753 1317 vero
1783 1263 1942 1318 tinem
1971 1263 2179 1319 lucrum

589 1360 867 1430 pertingit.
901 1358 1119 1412 Paulum
1148 1357 1295 1412 enim
1328 1355 1519 1410 videns
1545 1353 2006 1431 velle'diseedere,
2038 1355 2176 1408 mul-

593 1459 703 1506 tum
733 1447 1050 1512 exterritus,
1094 1447 1333 1515 seipsum
1370 1443 1644 1499 damnavit
1672 1462 1686 1498 :
1716 1444 2018 1513 iterumque
2051 1443 2179 1496 Bar-

588 1540 783 1596 nabam
811 1539 999 1594 videns
1021 1539 1094 1593 ita
1120 1537 1220 1592 sibi
1252 1537 1672 1607 patrocinantem
1694 1577 1709 1601 ,
1740 1524 1896 1590 valde
1925 1535 2073 1589 illutn
2100 1534 2179 1586 di-

587 1635 737 1702 lexit,
760 1642 816 1689 et
834 1649 898 1689 ex
924 1632 1201 1687 doctorum
1221 1644 1395 1701 pugna
1415 1628 1733 1685 emendatus
1752 1638 1834 1684 est
1856 1627 2175 1698 discipulus:

587 1735 794 1781 tantum
834 1724 1004 1781 abfuit
1033 1740 1101 1779 ne
1132 1723 1184 1779 id
1224 1722 1548 1779 offendieulo
1590 1722 1690 1792 Ipsi
1729 1729 1890 1776 esset.
1933 1719 1988 1776 Si
2032 1720 2176 1775 enim

590 1836 690 1889 pro
718 1836 817 1877 suo
861 1821 913 1875 id
958 1822 1211 1875 fecissent
1254 1820 1479 1886 bonorc,
1509 1820 1630 1888 jure
1668 1818 1908 1873 oll'ensus
1949 1816 2175 1882 fuissrt;

587 1913 671 1966 sin
709 1926 808 1982 pro
847 1912 1013 1981 ipsius
1050 1912 1243 1977 salute,
1272 1920 1327 1967 et
1352 1910 1397 1964 si
1432 1919 1652 1979 propter
1682 1909 1731 1963 id
1764 1924 1925 1962 unum
1951 1918 2176 1962 conten-

587 2003 744 2069 dunt,
789 2014 846 2058 ut
884 2004 1169 2058 ostendant
1211 2018 1333 2057 eum
1373 2002 1461 2071 qui
1506 2002 1678 2071 ipsum
1716 1999 1998 2054 honoravit
2041 2000 2178 2053 bene

586 2094 937 2158 consuluisse,
974 2094 1097 2164 quid
1125 2094 1171 2145 al
1196 2093 1449 2147 surtlttnt?

662 2185 717 2240 3.
769 2185 898 2239 Vide
944 2184 1092 2238 Pauli
1146 2184 1480 2254 prudentiam
1526 2201 1541 2236 :
1587 2197 1690 2236 non
1741 2182 1886 2253 prius
1931 2183 1996 2235 ad
2042 2180 2176 2235 alias

589 2278 781 2333 transit
809 2277 998 2334 urbes.
1038 2292 1197 2347 quam
1227 2291 1355 2340 eas,
1398 2292 1517 2346 qua:
1555 2276 1774 2330 verbum
1821 2283 2174 2343 acceperant,

588 2370 877 2423 visitasset.
908 2370 969 2423 ll
987 2407 999 2421 .
1031 2366 1424 2421 Perambulabat
1452 2377 1620 2421 autem
1648 2368 1852 2437 Syriam
1878 2376 1925 2420 et
1947 2365 2177 2421 Ciliciam

594 2461 903 2527 conﬁrmans
928 2458 1204 2514 Ecclesias.
1224 2459 1375 2529 (Cap.
1398 2459 1565 2531 i6.)l.
1600 2458 1834 2513 Pervenit
1854 2472 2021 2513 autem
2044 2458 2174 2513 Der-

586 2550 678 2604 ben
716 2560 764 2603 et
791 2546 1045 2621 Lgstr‘ant.
1079 2550 1286 2605 Etenim
1314 2549 1535 2604 stultum
1571 2560 1652 2605 est
1691 2559 1893 2605 temere
1932 2566 2171 2605 currere.

588 2640 700 2696 lloe
733 2649 789 2696 et
816 2655 912 2694 nos
952 2640 1208 2696 faciamus
1240 2660 1254 2694 :
1302 2642 1504 2709 primos
1533 2641 1762 2709 primum
1808 2642 2132 2696 instruamus
2155 2682 2173 2707 ,

588 2749 656 2787 ne
699 2733 775 2787 illi
820 2732 1202 2801 impedimento
1244 2734 1351 2786 sint
1396 2732 1800 2801 posterioribus.
1853 2731 2125 2786 Visitemus
2157 2772 2173 2799 ,

590 2823 778 2893 inquit,
806 2829 989 2895 fratres
1014 2823 1266 2893 quomodo
1304 2840 1359 2877 se
1396 2824 1632 2877 habeant.
1671 2824 1783 2879 lloc
1816 2826 2021 2880 scilicet
2053 2824 2176 2892 jure

588 2914 898 2983 ignorabat;
942 2921 998 2967 ttt
1042 2914 1261 2969 veniens
1311 2914 1500 2970 fratres
1542 2915 1815 2970 inviseret.
1868 2915 1995 2969 Vide
2027 2917 2172 2970 illum

587 3019 801 3073 semper
832 3003 1042 3073 vigilem
1072 3013 1126 3058 et
1166 3004 1455 3059 sollicitum
1476 3044 1492 3069 ,
1536 3020 1636 3059 nec
1674 3005 1913 3062 desidem
1945 3005 2134 3061 sedere
2153 3045 2169 3069 ,

586 3096 684 3150 etsi
730 3095 1006 3148 innumera
1042 3095 1245 3150 subiret
1277 3095 1533 3165 pericula.
1563 3094 1725 3151 Vides
1763 3112 1868 3150 non
1901 3111 1963 3150 ex
1994 3095 2179 3149 formi-

586 3188 710 3242 dine
740 3186 1075 3242 Antiochiam
1101 3188 1330 3244 venisse.
1360 3187 1572 3243 Etenim
1603 3199 1657 3241 ut
1688 3189 1923 3243 medicus
1948 3197 2177 3259 :rgrotos

589 3278 770 3333 adibat
800 3297 813 3332 :
845 3288 899 3333 et
931 3278 1176 3333 visitandi
1210 3280 1583 3335 necessitatem
1612 3280 1922 3342 declaravit,
1951 3279 2172 3334 dicens:

587 3368 653 3424 In
680 3370 857 3440 quibus
894 3370 1281 3439 prazdicavimus
1324 3370 1525 3425 verbum
1582 3369 1822 3425 Recessit
1865 3370 2169 3431 Barnabas.

587 3471 770 3518 etnon
797 3463 933 3517 ultra
963 3464 1143 3518 socius
1170 3462 1287 3517 fuit.
1322 3463 1515 3525 Electa,
1550 3464 1737 3533 inquit.
1769 3463 1901 3529 Sila,
1935 3474 1981 3518 et
2012 3465 2174 3518 tradi-

589 3563 669 3607 tus
696 3556 873 3625 gratia:
902 3554 1017 3607 Dei.
1046 3555 1182 3623 Quid
1216 3554 1314 3609 hoc
1340 3557 1464 3611 est?
1493 3555 1700 3610 Precati
1729 3566 1871 3621 sunt,
1909 3556 2017 3611 Deo
2046 3572 2173 3627 sup-

587 3644 870 3715 plicarent.
926 3646 1057 3701 Vide
1114 3647 1309 3717 ubique
1363 3647 1659 3700 orationem
1710 3646 1931 3701 fratrum
1983 3664 2172 3719 magna

584 3749 763 3805 posse.
809 3738 886 3791 Ae
922 3736 1174 3806 deinceps
1214 3737 1375 3807 pedes
1421 3738 1743 3803 ambulabat,
1790 3748 1846 3793 ut
1891 3740 1942 3793 in
1984 3742 2173 3796 itinere

586 3828 886 3884 videntibus
926 3844 985 3885 se
1018 3829 1325 3899 prodesset;
1358 3840 1411 3885 et
1449 3831 1569 3899 jure
1610 3831 1839 3905 quidem.
1876 3831 2008 3885 Nam
2049 3847 2168 3887 cum

587 3918 923 3987 festinarent,
954 3923 1300 3992 navigabant;
1328 3940 1469 3979 nunc
1496 3940 1621 3979 vero
1649 3940 1753 3977 non
1784 3927 1931 3980 item.
1966 3925 2032 3979 Et
2059 3943 2173 3980 ecce

586 4012 866 4081 discipulus
909 4013 1115 4083 quidam
1149 4024 1255 4067 erat
1291 4014 1400 4068 illic
1433 4016 1635 4068 nomine
1676 4013 1987 4080 Timotheus,
2034 4017 2172 4085 ﬁlius

587 4103 811 4157 mulieris
834 4104 1035 4157 Judtza:
1062 4104 1249 4172 ﬁdelis,
1282 4115 1427 4174 patre
1451 4105 1649 4175 gentili.
1683 4105 1737 4159 2.
1778 4106 1908 4159 Huic
1940 4109 2167 4161 testimo-

588 4196 729 4247 nium
774 4195 958 4249 bonum
1002 4195 1274 4250 reddebant
1314 4200 1517 4267 fratres,
1558 4200 1646 4267 qni
1687 4197 1853 4252 lconii
1888 4212 1935 4253 et
1976 4200 2170 4270 Lgstris

589 4296 754 4340 erant.
799 4287 851 4343 3.
899 4286 1049 4341 Hunc
1076 4289 1231 4342 voluit
1258 4288 1460 4343 Paulus
1487 4307 1655 4344 secum
1682 4293 1938 4360 proﬁcisci
1963 4308 1982 4346 :
2009 4302 2054 4346 et
2082 4310 2167 4348 as-

589 4395 787 4433 sumens
800 4380 1110 4433 circumcidit
1122 4396 1235 4433 eum
1253 4388 1465 4452 prapter'
1485 4381 1714 4449 Jurlteos,
1731 4385 1814 4453 qui
1830 4396 1972 4438 erant
1988 4386 2039 4438 in
2068 4388 2172 4440 illis

588 4469 734 4524 locis.
767 4468 1004 4525 Sciebant
1031 4472 1161 4524 enim
1178 4488 1347 4525 omnes
1373 4475 1507 4540 quod
1527 4486 1670 4543 pater
1690 4478 1796 4544 ejus
1817 4488 1924 4541 erat
1944 4478 2165 4547 gentilis.

662 4560 817 4614 Pauli
857 4562 1143 4631 prudentia.
1196 4562 1381 4615 Omnia
1425 4575 1632 4631 prosunt
1674 4567 1882 4620 sanctis.
1925 4597 1997 4607 —
2037 4568 2171 4624 Vere

587 4662 805 4719 stupore
830 4652 987 4719 digna
1017 4662 1099 4706 est
1124 4652 1272 4707 Pauli
1304 4654 1603 4723 prudentia.
1632 4655 1731 4723 Qui
1769 4665 2045 4727 tantopere
2072 4677 2170 4729 pu—

588 4754 842 4811 guaverat
882 4755 1098 4815 propter
1138 4746 1599 4801 circumcisiouetn
1620 4789 1634 4811 ,
1663 4749 1750 4814 qui
1782 4750 1958 4803 omnia
1985 4767 2169 4805 move-

591 4846 693 4899 rat.
722 4846 775 4890 et
801 4852 903 4889 non
937 4838 1079 4905 prius
1105 4838 1327 4901 deStitit,
1355 4838 1527 4893 donec
1548 4855 1660 4893 rem
1693 4840 2008 4909 perliceret,
2036 4858 2170 4897 eon-

594 4928 801 4979 lirntato
827 4926 1070 4996 dogmate
1090 4970 1105 4995 ,
1133 4930 1465 4985 circumcidit
1494 4930 1830 5001 discipulum.
1868 4933 1982 4989 Non
2013 4935 2172 4989 modo

594 5018 727 5070 alios
766 5034 869 5071 non
907 5020 1139 5085 cohibet,
1176 5022 1268 5075 sed
1298 5022 1399 5077 hoc
1424 5035 1477 5076 et
1508 5024 1621 5093 ipse
1660 5027 1803 5080 facit.
1835 5026 1977 5081 Nihil
2006 5028 2172 5082 Paulo

594 5107 909 5177 prudentius
938 5127 950 5162 :
981 5116 1156 5164 omnia
1182 5151 1197 5175 ,
1230 5122 1287 5166 ut
1320 5113 1679 5169 conducerent
1717 5128 1960 5184 spectans
1983 5159 1998 5183 ,
2044 5120 2171 5174 nihil

592 5210 796 5253 temere
834 5210 888 5254 et
924 5216 988 5254 ex
1021 5203 1357 5270 prtejudicata
1384 5205 1635 5274 opinione
1670 5209 1880 5276 agebat.
1915 5208 2064 5262 lianc
2089 5226 2175 5263 vo-

591 5293 683 5345 luit
708 5335 722 5353 .
763 5293 966 5361 inquit.
998 5310 1167 5347 secum
1204 5298 1475 5365 proﬁcisci.
1510 5298 1621 5353 lloc
1654 5299 1895 5353 mirabile
1920 5308 2002 5354 est
2031 5300 2171 5369 quod

592 5386 939 5452 assotnpset-it
968 5401 1110 5440 eum.
1157 5386 1366 5457 PrOpter
1389 5388 1600 5444 Judwos
1622 5433 1635 5454 ,
1671 5392 1837 5461 inquit
1862 5433 1876 5454 .
1917 5394 2003 5459 qui
2032 5406 2173 5449 erttnt

590 5478 641 5529 in
669 5476 772 5529 illis
802 5476 942 5530 locis.
971 5476 1121 5551 [llaec
1142 5494 1297 5532 causa
1318 5482 1731 5537 circutttcideutli
1772 5482 1888 5555 fuit]
1917 5486 1992 5554 (α)
2021 5502 2032 5537 :
2065 5501 2171 5540 non

592 5572 733 5619 enirn
783 5569 1026 5643 tulissent
1067 5568 1253 5624 audire
1296 5573 1515 5625 verbum
1562 5574 1627 5628 ab
1672 5576 2066 5631 iueircumciso.
2109 5577 2174 5631 Et

590 5661 725 5712 cur?
754 5656 884 5714 Vide
916 5661 1228 5729 praeclarum
1258 5677 1392 5731 Opus
1421 5682 1433 5716 :
1462 5665 1829 5736 circumcidit,
1862 5677 1917 5723 ttt
1941 5670 2171 5725 cireum-

656 5839 733 5901 (a)
752 5841 943 5890 L'neinis
966 5838 1125 5890 clausa
1142 5840 1323 5892 desunt
1346 5844 1394 5893 in
1417 5856 1533 5895 uno.

1330 417 1388 476 S.
1427 416 1703 474 JOANNIS
1723 404 2174 472 ’(3111ὶῖ805ΤοᾺὲ

2281 412 2571 471 tilCﬂlEP.
2612 414 3146 474 CONSTANTINOP.

3790 423 3900 483 948

2295 532 2555 586 eisionem
2581 531 2796 587 tolleret
2826 551 2839 586 :
2865 533 3112 605 dogmata
3142 534 3283 590 enim
3314 535 3645 607 przcdicabat
3678 552 3900 611 apt-sto-

2291 622 2487 679 lorum.
2509 621 2704 678 Viden‘
2725 640 2977 695 pugnam,
2995 634 3053 682 et
3069 640 3164 697 per
3187 643 3419 699 pugnam
3441 630 3900 688 aliiicntiouent!

2286 714 2403 770 Non
2442 714 2512 769 ab
2537 715 2659 771 aliis
2698 716 3186 788 intpugnabautur;
3232 720 3327 776 sed
3357 722 3459 792 ipsi
3495 723 3779 780 contraria
3825 725 3898 781 fa-

2287 806 2526 874 cientes,
2558 807 2629 861 ita
2661 807 2957 863 Ecclesium
2983 809 3342 865 aedificabant.
3370 812 3570 883 Dogma
3595 814 3898 871 aﬂ'erebant

2288 912 2394 952 non
2440 898 2900 964 cireumeidendi,
2930 908 2988 955 et
3013 901 3369 959 circumcidit.
3414 905 3482 960 Et
3521 906 3892 971 abundabant.

2288 988 2458 1059 inquit
2479 1031 2497 1055 ,
2527 1006 2739 1044 numero
2771 990 3014 1062 quotidie.
3046 990 3298 1047 Vidistiu’
3327 996 3613 1051 utilitatem
3657 999 3891 1055 circum-

2290 1079 2549 1135 cisionis'l
2581 1080 2785 1136 Deinde
2816 1097 2921 1135 non
2966 1092 3208 1138 moratur
3250 1084 3358 1150 ibi,
3388 1086 3588 1156 quippe
3618 1089 3716 1158 qui
3765 1089 3895 1144 visi-

2286 1173 2431 1226 taudi
2483 1172 2652 1243 gratia
2698 1175 2980 1239 venisset;
3037 1174 3131 1231 sed
3188 1176 3357 1247 quid?
3412 1175 3565 1233 Ultra
3630 1180 3890 1248 procedit.

2283 1264 2341 1317 4.
2372 1261 2497 1317 Cum
2522 1272 2689 1316 autem
2716 1266 3086 1333 pertransirent
3110 1266 3335 1322 civitates
3352 1309 3368 1333 ,
3396 1269 3667 1325 tradebant
3699 1273 3772 1325 eis
3797 1288 3892 1325 cu-

2282 1354 2471 1405 stodire
2483 1353 2743 1422 dogmata,
2769 1369 2884 1422 qua
2903 1364 3049 1409 erant
3075 1358 3277 1411 decreta
3299 1357 3363 1410 ab
3383 1360 3631 1427 apostolis
3651 1371 3700 1414 et
3730 1365 3895 1416 senio-

2282 1440 2447 1504 ribus,
2488 1443 2575 1512 qui
2616 1454 2759 1495 eram
2786 1443 2840 1496 in
2862 1441 3174 1501 Jerusalem.
3203 1446 3256 1501 5.
3284 1445 3468 1517 Itaque
3492 1447 3742 1505 Ecclesia
3768 1469 3891 1506 cou-

2282 1533 2616 1599 ﬁnnabantnr
2669 1534 2771 1601 ﬁde
2793 1574 2809 1601 ,
2874 1543 2921 1589 et
2971 1536 3295 1592 abundabant
3365 1556 3575 1595 numero
3644 1547 3890 1613 quotidie.

2284 1622 2337 1677 6.
2372 1621 2710 1678 Transeuntes
2754 1634 2921 1680 autem
2951 1625 3237 1699 Phrygiam
3264 1640 3312 1683 et
3355 1629 3574 1687 Galatite
3611 1635 3890 1706 regionem,

2283 1715 2526 1783 prohibiti
2550 1733 2581 1768 a
2601 1716 2819 1785 Spiritu
2850 1729 3025 1772 sancto
3053 1720 3191 1790 loqui
3219 1720 3422 1775 verbum
3452 1723 3503 1776 in
3534 1724 3659 1777 Asia
3678 1766 3693 1791 ,
3724 1726 3780 1781 6.
3809 1745 3892 1782 re—

2283 1805 2403 1857 licta
2434 1804 2668 1876 Phrygia
2693 1815 2741 1861 et
2772 1806 3011 1876 Calatia,
3043 1810 3096 1863 in
3126 1812 3343 1865 mediam
3382 1815 3639 1885 regionem
3671 1818 3889 1886 {estina-

2281 1894 2421 1949 bant.
2456 1897 2508 1949 7.
2535 1896 2659 1951 Cum
2691 1900 2940 1954 venissent
2968 1910 3138 1955 autem
3167 1902 3221 1955 in
3248 1902 3493 1973 Mysiam,
3525 1909 3791 1961 tentabant
3814 1912 3887 1965 ire

2284 1990 2339 2043 in
2366 1989 2683 2063 Bithynicus,
2712 2003 2759 2046 et
2784 2010 2884 2048 non
2917 1995 3144 2063 permisit
3173 2012 3257 2050 eos
3285 1996 3529 2068 Spiritus.
3554 2000 3734 2066 Quare
3767 2017 3890 2071 pro-

2281 2080 2432 2135 bibiti
2461 2082 2674 2137 fuerunt
2700 2098 2804 2138 non
2835 2084 2986 2149 dicit,
3008 2085 3102 2140 sed
3133 2094 3336 2141 tantum
3366 2088 3666 2157 prohibitos
3699 2090 3888 2158 fuisse.

2284 2187 2383 2227 nos
2409 2173 2608 2229 docens
2640 2185 2696 2228 ttt
2735 2175 2911 2229 solum
2939 2176 3394 2245 obteutperetnus,
3429 2194 3529 2235 nec
3564 2195 3760 2236 causas
3808 2184 3889 2238 iu-

2284 2267 2595 2336 quiramus;
2627 2267 3025 2339 ostendensque
3061 2268 3187 2323 illos
3232 2270 3399 2324 multa
3450 2272 3687 2328 humano
3733 2290 3891 2330 more

2284 2358 2494 2413 fecisse.
2528 2359 2581 2413 8.
2619 2356 2746 2412 Cum
2774 2368 2948 2412 autem
2974 2362 3364 2428 pertransissent
3391 2360 3634 2432 Mysiam,
3677 2365 3895 2420 descen-

2282 2450 2465 2503 derunt
2494 2448 2765 2503 Troadem.
2797 2450 2851 2505 9.
2890 2450 2953 2503 Et
2980 2451 3106 2503 visio
3137 2468 3228 2522 per
3254 2462 3449 2508 noctem
3481 2452 3650 2507 Paulo
3681 2466 3893 2509 ostensa

2280 2551 2355 2595 est
2382 2556 2402 2594 :
2438 2540 2527 2593 Vir
2552 2540 2762 2611 quidam
2791 2551 2899 2595 erat
2932 2540 3146 2595 Macedo
3174 2551 3316 2598 stans
3334 2586 3349 2609 ,
3378 2544 3657 2615 deprecans
3688 2564 3812 2602 eum
3845 2560 3891 2603 et

2279 2633 2472 2700 dtcens,
2516 2632 2794 2688 Transiens
2842 2636 2895 2687 in
2950 2633 3328 2704 Macedoniam,
3377 2639 3566 2708 adjut-a
3616 2656 3728 2694 nos.
3778 2641 3893 2697 Cur

2280 2726 2436 2792 visio,
2463 2736 2516 2781 et
2544 2741 2641 2780 cur
2667 2725 2897 2795 Spiritus
2924 2736 3140 2782 sanctus
3166 2729 3279 2797 ipse
3301 2745 3405 2783 non
3428 2730 3634 2799 jussit?
3664 2732 3895 2790 Volebat

2280 2831 2377 2872 eos
2409 2816 2510 2873 ltoc
2536 2832 2748 2887 quoque
2776 2816 2937 2873 modo
2962 2818 3254 2875 attrahere.
3287 2821 3496 2875 Etenim
3523 2823 3727 2879 sanctis
3755 2840 3896 2895 quo-

2281 2925 2389 2977 que
2434 2910 2669 2965 visiones
2718 2924 2813 2979 per
2854 2911 3124 2965 somnium
3170 2922 3536 2982 apparuerunt
3576 2933 3590 2968 ;
3633 2924 3688 2969 et
3734 2915 3896 2973 initio

2276 3015 2494 3073 quoque
2523 3002 2642 3070 ipse
2678 3002 2943 3057 visionem
2975 3001 3159 3057 ltabuit
3187 3004 3421 3058 hominis
3456 3003 3815 3075 ingredientis
3843 3019 3898 3063 et

2279 3094 2603 3162 imponentis
2630 3094 2730 3148 sibi
2758 3109 2979 3150 manus.
3015 3095 3216 3150 Deinde
3236 3095 3358 3151 ideo
3384 3097 3558 3166 ipsum
3587 3097 3683 3152 illo
3702 3101 3893 3167 trahit,

2282 3197 2341 3239 ut
2387 3186 2699 3256 praedicatio
2737 3186 3142 3243 extenderetur.
3186 3189 3433 3260 Alioquin
3488 3205 3616 3246 vero
3666 3206 3744 3261 pri
3771 3206 3896 3263 ρτθτ

2283 3277 2385 3334 boe
2425 3276 2741 3348 prohibetur
2786 3280 2984 3334 morari
3032 3280 3085 3334 in
3126 3279 3247 3334 aliis
3290 3282 3615 3347 civitatibus,
3672 3283 3897 3340 Christo

2282 3368 2453 3438 ipsum
2481 3380 2720 3439 urgente.
2747 3369 2810 3424 Hi
2834 3386 3065 3442 namque
3086 3370 3292 3427 Joanne
3314 3371 3524 3427 frnituri
3542 3386 3701 3430 erant
3720 3378 3897 3433 multo

2280 3470 2539 3529 tempore,
2568 3471 2623 3514 et
2643 3457 2873 3516 fortasse
2904 3476 3010 3517 nou
3042 3462 3265 3518 multum
3296 3463 3565 3519 habebant
3589 3481 3768 3536 opus;
3800 3470 3897 3524 illo

2277 3563 2453 3607 autem
2501 3554 2732 3624 migrare
2778 3556 3083 3622 oportebat.
3138 3557 3202 3611 Et
3248 3559 3617 3625 pertntnsiens
3664 3561 3893 3617 demunt

2281 3644 2659 3713 proficiscitur.
2692 3645 2760 3700 10
2814 3644 2882 3700 Ut
2922 3657 3090 3701 autem
3118 3652 3279 3701 visum
3310 3649 3467 3717 vidit,
3496 3652 3672 3703 statim
3698 3656 3895 3722 quani-

2275 3737 2436 3789 vintus
2459 3737 2711 3805 proﬁcisci
2730 3737 2782 3791 in
2805 3735 3184 3805 Macedoniam,
3210 3740 3332 3793 certi
3352 3741 3476 3809 facti
3496 3742 3634 3811 quod
3662 3756 3896 3799 vocasset

2277 3844 2369 3881 nos
2422 3826 2562 3882 Deus
2612 3829 2963 3901 euangelizare
3007 3832 3099 3886 eis.
3143 3832 3233 3886 Η.
3279 3830 3595 3903 Navigantes
3644 3846 3823 3891 autem
3865 3854 3897 3890 a

2277 3917 2483 3973 Troade
2522 3931 2658 3974 recto
2702 3936 2853 3974 cursu
2892 3921 3119 3975 venimus
3155 3923 3209 3975 in
3240 3922 3675 3993 Samothraciam,
3719 3937 3769 3980 et
3810 3944 3897 3982 se-

2276 4012 2451 4080 quenti
2495 4009 2579 4065 die
2621 4009 2919 4078 Neapolim,
2968 4011 3052 4067 l2.
3096 4021 3141 4066 ct
3186 4013 3304 4067 inde
3337 4012 3625 4084 Philippos,
3658 4033 3781 4085 qua
3821 4029 3896 4073 est

2276 4105 2441 4171 prima
2468 4103 2629 4173 partis
2663 4101 2981 4157 Macedonia:
2997 4104 3191 4169 civitas,
3219 4106 3439 4159 colonia.
3466 4104 3695 4163 Eramus
3717 4122 3896 4164 autem

2274 4194 2327 4246 in
2358 4193 2453 4247 hac
2481 4194 2603 4247 urbe
2635 4192 2810 4249 diebus
2852 4194 3044 4265 aliquot
3092 4201 3422 4266 conferentes.
3466 4198 3556 4253 Sic
3597 4200 3672 4253 illi
3716 4202 3887 4257 etiam

2274 4284 2520 4341 Christus
2548 4295 2770 4356 apparet
2795 4285 3011 4353 dicens,
3054 4286 3243 4341 Cresari
3288 4300 3335 4342 te
3372 4300 3569 4358 oportet
3596 4292 3712 4346 sisti
3740 4292 3886 4365 (Act.

2239 4373 2367 4456 ⁹27.
2418 4374 2535 4445 24).
2594 4375 2795 4430 Deinde
2861 4376 2975 4430 loca
3029 4388 3311 4442 recenset,
3364 4380 3649 4437 historiam
3690 4385 3895 4455 quippe

2278 4476 2490 4534 texens,
2518 4478 2572 4522 et
2602 4468 2892 4524 ostendens
2917 4469 3132 4525 ubinam
3166 4483 3405 4527 moratus
3435 4474 3538 4540 sit;
3575 4476 3894 4549 indicatque

2282 4557 2429 4612 illunt
2460 4560 2511 4613 itt
2540 4559 2833 4630 majoribus
2855 4570 3146 4628 moratum,
3174 4564 3307 4617 alias
3328 4567 3680 4635 praeteriisse.
3712 4570 3898 4641 Digni-

2280 4662 2361 4707 tas
2389 4664 2471 4708 est
2508 4652 2741 4709 civitatis
2785 4655 3051 4711 coloniam
3097 4671 3238 4712 esse.
3272 4658 3377 4713 Sed
3408 4661 3695 4730 superiora
3729 4678 3895 4733 repe-

2281 4756 2476 4802 tamus.
2510 4747 2894 4803 Necessitatem
2925 4749 3185 4804 Barnabm
3214 4752 3459 4820 imponit,
3487 4754 3723 4811 dicens:
3759 4756 3897 4812 Visi-

2278 4848 2441 4893 tentus
2467 4840 2714 4905 civitates,
2742 4842 2793 4893 in
2823 4840 3005 4909 quibus
3030 4844 3445 4898 annuntiavimus
3474 4847 3706 4902 verbum.
3738 4849 3896 4905 Licet

2282 4945 2388 4982 non
2419 4940 2691 4999 oporteret
2718 4944 2906 5000 rogare
2943 4946 3065 4985 eum
3089 4972 3105 4993 ,
3136 4948 3295 5002 quem
3324 4943 3505 5002 postea
3529 4950 3898 4995 accusaturus

2277 5028 2413 5072 erat.

2350 5111 2404 5164 4.
2442 5109 2625 5163 Adhuc
2656 5121 2718 5164 de
2746 5111 3069 5179 separatione
3096 5114 3254 5167 μαυιί
3281 5124 3328 5167 et
3352 5112 3629 5170 Barnabte.
3660 5148 3741 5159 ——
3779 5119 3899 5175 lloc

2279 5203 2439 5257 etiam
2482 5201 2625 5257 circa
2675 5203 2841 5257 Deum
2889 5213 2944 5258 et
2989 5204 3225 5275 Moysem
3268 5207 3515 5277 legimus.
3570 5209 3665 5265 Ille
3698 5224 3893 5282 rogat,

2282 5294 2721 5358 Deus‘iraseitur;
2755 5304 2809 5347 ut
2833 5295 3046 5363 quando
3072 5295 3202 5351 dicit
3232 5314 3246 5351 :
3277 5295 3340 5352 Si
3361 5308 3505 5367 pater
3520 5301 3638 5370 ejus
3658 5305 3899 5373 περιήι-

2278 5394 2349 5438 set
2375 5386 2426 5437 in
2460 5386 2641 5455 faciem
2666 5387 2776 5456 ejus
2805 5386 2993 5458 (Nunt.
3032 5386 3115 5443 12.
3149 5389 3272 5458 M);
3300 5398 3354 5444 et
3380 5405 3593 5445 rursum
3618 5433 3634 5459 ,
3673 5394 3898 5449 Dimitte

2278 5494 2378 5543 nte,
2408 5488 2456 5530 et
2483 5479 2643 5532 iratus
2672 5479 2845 5532 delebo
2876 5480 3119 5549 populum
3149 5480 3280 5533 hunc
3309 5481 3502 5553 (Exod.
3537 5483 3629 5537 δί.
3670 5485 3812 5553 52);
3847 5497 3900 5540 et

2280 5568 2496 5624 Samuel
2523 5569 2735 5639 quando
2766 5572 2977 5642 lugebat
3003 5572 3216 5627 Sauletu
3245 5575 3322 5643 (l.
3361 5575 3484 5645 Reg.
3517 5578 3606 5632 15.
3628 5579 3729 5651 35)
3760 5598 3775 5635 :
3805 5596 3900 5649 per

2280 5673 2565 5732 utrumque
2592 5664 2732 5718 enim
2757 5681 2946 5736 magna
2973 5667 3225 5721 eveniunt
3248 5668 3408 5722 bona.
3438 5669 3528 5724 Sic
3553 5684 3609 5726 et
3635 5690 3783 5729 nunc
3807 5676 3898 5728 ille

2282 5755 2563 5820 irascitur,
2596 5755 2689 5809 sed
2720 5772 2824 5810 non
2856 5759 2974 5813 iste.
3004 5758 3117 5814 Hoc
3137 5760 3275 5829 apud
3308 5777 3407 5815 nos
3434 5762 3561 5816 item
3593 5767 3802 5820 evenit.
3833 5767 3899 5821 Et

2279 5846 2546 5903 dissensio
2578 5848 2855 5918 apposite,
2901 5860 2957 5905 ut
2997 5851 3087 5905 ille
3114 5853 3451 5922 erudiretur,
3487 5871 3587 5911 nec
3614 5859 3899 5914 videretur
