4034 6444
147 437 260 492 247

143 556 243 609 καὶ
281 551 484 624 σφόδρα
518 555 713 624 μέγας.
749 553 898 607 Πάνυ
928 550 982 604 δὲ
1009 550 1208 620 ὠψέλει
1237 549 1329 603 τὸν
1365 547 1596 619 Μάρκον
1620 545 1655 606 ή
1685 541 1836 613 μάχη

137 643 308 711 αῦτη.
341 642 415 696 Τὸ
446 643 545 712 μὲν
591 642 704 713 γάρ
745 641 960 694 Παύλου
989 639 1222 712 φοϐερὸν
1252 635 1592 707 ἐπέστρεψεν
1625 629 1791 686 αὑτὸν
1815 670 1831 694 ,

135 735 207 789 τὺ
235 733 294 785 δὲ
323 732 580 802 Βαρνάϐα
625 731 866 804 χρηστὸν
911 730 1088 782 ἐποίει
1141 728 1338 799 μηκέτι
1381 721 1781 795 ἀπολειφθῆναι
1809 735 1822 749 ⁸

140 820 289 874 ὥστε
315 821 581 892 μάχονται
605 820 724 891 μὲν.
758 818 897 890 πρὸς
928 817 986 892 ἓν
1020 818 1077 872 δὲ
1103 818 1257 880 τέλος
1281 815 1504 886 ἀπαντᾷ
1532 813 1595 867 τὸ
1617 811 1832 882 κέρδος.

138 911 259 964 Καὶ
297 909 405 981 γάρ
446 908 665 963 Παῦλον
701 907 847 979 ὁρῶν
880 906 1207 979 αἱρούμενον
1235 901 1566 971 ἀποστῆναι,
1598 903 1741 956 πάνυ
1769 901 1836 954 ἂν

139 997 387 1070 ἐφοϐήθη
436 997 532 1052 καὶ
587 996 837 1066 κατέγνω
878 995 1076 1050 ἑαυτοῦ
1102 1013 1115 1025 ·
1164 995 1260 1048 καὶ
1322 992 1488 1048 πάλιν
1541 989 1834 1062 Βαρνάϐαν

135 1085 291 1157 δρῶν
318 1085 493 1148 οὕτως
519 1084 684 1139 αὑτοῦ
705 1084 1088 1156 ἀντεχόμενον,
1105 1083 1250 1137 πάνυ
1280 1082 1348 1136 ἂν
1373 1081 1536 1135 αὑτὸν
1564 1079 1794 1150 ἐφίλησε
1814 1095 1828 1109 ·

135 1175 238 1227 καὶ
265 1171 603 1244 διωρθοῦτοὸ
625 1173 874 1244 μαθητὴς
903 1172 992 1226 διὰ
1017 1172 1115 1242 τῆς
1137 1170 1321 1242 μάχης
1343 1169 1452 1223 τῶν
1469 1167 1827 1222 διδασκάλων

132 1262 396 1316 τοσοῦτον
447 1263 640 1333 ἀπεῖχε
686 1261 783 1316 τοῦ
843 1259 1326 1332 σκανδαλισθῆναι.
1361 1258 1424 1312 Εἰ
1464 1258 1563 1330 μὲν
1605 1256 1715 1328 γὰρ
1743 1255 1832 1311 διά

131 1353 239 1422 τὴν
274 1353 356 1416 εἰς
391 1352 622 1417 ἑαυτοὺς
654 1351 826 1422 τιμὴν
864 1349 1024 1404 τοῦτο
1056 1349 1330 1420 ἔπραττον
1349 1387 1364 1410 ,
1392 1348 1620 1410 εἰκότως
1649 1362 1664 1375 ·
1693 1347 1742 1398 εἰ
1772 1345 1832 1399 δὲ

129 1440 226 1494 διὰ
251 1439 354 1512 τὴν
382 1441 552 1496 αὐτοῦ
583 1441 882 1512 σωτηρίαν,
918 1440 1016 1494 καὶ
1046 1439 1117 1492 δι’
1151 1438 1210 1491 ἓν
1247 1435 1651 1508 φιλονεικοῦσιν
1685 1435 1830 1489 ὥστε

128 1529 312 1594 δεῖξαι
360 1530 452 1584 τὸν
498 1529 833 1601 τιμήσαντα,
857 1529 1022 1584 αὑτὸν
1058 1527 1241 1592 καλῶς
1275 1524 1704 1599 βεϐουλευμένον
1726 1567 1742 1591 ,
1777 1523 1832 1578 τί

125 1617 339 1672 ἄτοπον
355 1634 370 1683 ;

203 1713 276 1776 γ’.
296 1706 441 1778 Ὅρα
456 1705 556 1778 τὴν
574 1705 791 1760 σύνεσιν
806 1705 901 1760 τοῦ
917 1705 1156 1760 Παύλουο
1173 1706 1237 1760 οὐ
1258 1703 1527 1776 πρότερον
1556 1702 1642 1757 ἐπ’
1664 1702 1831 1766 ἄλλας
1848 1739 1850 1742 μ

125 1795 359 1866 ἔρχεται
391 1794 598 1859 πόλεις,
632 1794 764 1865 πρὶν
791 1794 824 1868 ἢ
851 1793 952 1858 τὰς
974 1793 1275 1865 δεξαμένας
1301 1793 1395 1848 τὸν
1424 1791 1584 1861 λόγον
1607 1791 1834 1845 ἐπισκέ-

122 1882 356 1949 ιέασθαι.
382 1882 666 1951 Διήρχετο
689 1881 758 1935 δὲ
781 1880 896 1950 τὴν
921 1882 1149 1951 Συρίαν
1167 1879 1268 1936 καὶ
1284 1881 1564 1936 Κιλικίαν
1582 1879 1830 1947 ἐπιστη-

117 1969 307 2042 ρίζων
335 1970 446 2036 τὰς
486 1971 878 2038 Ἔκκλησίας.
930 1969 1294 2038 Κατήντησε
1347 1967 1416 2022 δὲ
1463 1971 1552 2035 εἰς
1601 1967 1830 2038 Δέρϐην

121 2061 226 2116 καί
280 2062 588 2130 Λύστραν.
641 2061 755 2114 Καὶ
801 2058 912 2131 γὰρ
964 2060 1155 2124 ἀνοίας
1206 2059 1356 2112 ἐστὶν
1409 2060 1531 2130 εἰκῇ
1584 2057 1825 2130 τρέχειν.

122 2148 307 2203 Τοῦτο
338 2150 434 2202 καὶ
469 2150 632 2219 ἡμεῖς
660 2148 908 2218 ποιῶμεν
936 2163 952 2178 ⁸
974 2149 1102 2211 τοὺς
1134 2146 1387 2221 πρώτους
1418 2146 1826 2219 πρῶτονιπαι-

120 2235 420 2308 δεύωμεν,
479 2237 567 2291 ἶνα
621 2237 700 2307 μὴ
747 2229 896 2291 οὗτοι
941 2237 1203 2308 ἐμπόδιον
1237 2236 1497 2305 γίνωνται
1530 2238 1645 2301 τοῖς
1685 2236 1829 2308 μετά

119 2324 326 2380 ταῦτα.
368 2323 892 2394 Ἐπισκεψώμεθα,
944 2326 1098 2396 φησί,
1151 2324 1296 2392 τοὺς
1341 2325 1648 2396 ἀδελφοὺς
1702 2324 1829 2392 πῶς

121 2411 368 2482 ἔχουσι.
394 2411 505 2466 Καὶ
536 2412 698 2466 τοῦτο
725 2413 911 2482 ὴγνόει
945 2413 1195 2478 εἰκότως,
1222 2413 1308 2466 ἵνα
1327 2411 1500 2466 ἐλθὼν
1522 2413 1650 2476 τοὺς
1673 2413 1834 2467 ἀδελέ

119 2501 264 2571 φοὺς
304 2501 694 2572 ἐπισκέψηται.
724 2503 867 2574 Ὅρα
898 2502 1064 2556 αὐτὸν
1094 2502 1182 2556 ἀεὶ
1207 2501 1636 2573 διεγηγερμένον
1655 2542 1671 2567 ,
1728 2519 1826 2572 με-

121 2586 433 2662 ριμνῶντα,
494 2591 595 2645 οὐκ
642 2591 971 2663 ἀνεχόμενον
1021 2591 1313 2664 καθῆσθαι,
1363 2593 1542 2647 καίτοι
1594 2591 1825 2664 μυρίους

117 2681 373 2751 ὑπέμενε
406 2679 704 2743 κινδύνους.
724 2681 892 2753 Ὁρᾷς
911 2721 925 2742 ,
955 2681 1041 2735 ὅτι
1067 2682 1128 2735 οὐ
1160 2680 1364 2745 δειλίας
1391 2677 1458 2753 ἦν
1492 2682 1552 2735 τὸ
1582 2683 1662 2744 εἰς
1706 2683 1823 2734 Ἀν-

115 2770 371 2840 τιόχειαν
403 2769 614 2836 ἑλθεῖν;
652 2769 925 2841 Καθάπερ
954 2769 1065 2842 γὰρ
1095 2770 1279 2841 ἰατρὸς
1313 2771 1408 2824 ἐπὶ
1433 2771 1560 2834 τοὺς
1593 2771 1825 2840 κάμνον-

113 2875 225 2920 τας
249 2855 422 2929 ἀπῄει
446 2896 461 2920 ,
489 2859 586 2912 ml
625 2857 726 2929 τὴν
755 2857 1004 2929 ἀνάγκην
1031 2859 1133 2928 τῆς
1173 2858 1520 2929 ἐπισκέψεως
1549 2858 1823 2930 ἐδήλωσεν

115 2945 321 3008 εἰπὼν,
361 2946 466 2999 Ἐν
489 2940 585 3011 αίς
608 2946 1091 3016 κατηγγείλαμεν
1122 2946 1230 3000 τὸν
1261 2947 1469 3018 λόγον.
1518 2947 1758 3019 Ἀπέστη
1793 2949 1824 3002 6

113 3033 444 3106 Βαρνάϐας,
482 3035 578 3088 ml
612 3033 800 3088 οὐκέτι
833 3033 1120 3106 συνῆλθεν.
1138 3034 1633 3106 Ἑπιλεξάμενος,
1663 3036 1821 3109 φησὶ,

108 3125 232 3178 τὸν
269 3123 485 3188 Σίλαν,
513 3125 611 3178 καὶ
644 3124 1000 3192 παραδοθεὶς
1055 3122 1133 3193 τῇ
1159 3124 1356 3195 χάριτι
1395 3125 1502 3179 τοῦ
1528 3128 1698 3180 Θεού.
1755 3125 1823 3180 Τί

109 3211 284 3268 τοῦτό
322 3214 502 3279 ὲστιν;
535 3211 803 3279 Ηῦξαντο,
841 3213 1028 3284 φησὶν,
1061 3214 1363 3286 ἐδεήθησαν
1385 3213 1480 3268 τοῦ
1508 3214 1824 3287 Θεοῦ.”ορα

110 3299 404 3371 πανταχοῦ
421 3317 488 3370 με
494 3301 634 3370 γάλα
645 3301 958 3373 δυναμένην
967 3301 1068 3375 τὴν
1080 3302 1247 3374 εὐχὴν
1261 3301 1398 3375 τῶσὶ
1409 3302 1538 3376 265]
1552 3303 1818 3374 ἀδελφῶν.

107 3391 234 3446 Kal
254 3388 445 3444 λοιπὸν
463 3389 603 3461 πεζῇ
625 3387 818 3456 ὥδευε,
838 3391 932 3444 ml
954 3390 1044 3446 διὰ
1074 3391 1175 3461 τῆς
1198 3392 1509 3464 ὁδοιπορίας
1539 3392 1822 3464 ὠφελῆσαι

105 3481 246 3554 τοὺς
275 3477 525 3551 ὁρῶντας
549 3478 876 3550 βουλόμενος
904 3496 918 3511 ⁸
950 3479 1340 3544 εἰκότως.”οτε
1364 3484 1466 3553 μὲν
1487 3482 1597 3554 γὰρ
1623 3483 1823 3540 ἔσπευ-

103 3553 228 3634 δον,
255 3567 452 3622 ἔπλεον
471 3587 485 3600 ·
515 3567 610 3622 νῦν
643 3567 701 3624 δὲ
728 3568 831 3623 οὐκ
861 3568 965 3622 ἔτι.
999 3568 1112 3623 Καὶ
1147 3569 1279 3625 ἰδοὺ
1311 3553 1593 3640 μαθητής
1618 3591 1710 3641 τις
1743 3570 1824 3646 ἦν

69 3697 72 3702 -
102 3659 251 3714 ἐκεῖ
274 3659 524 3728 ὀνόματι
553 3662 830 3729 Τιμόθεος
851 3703 866 3727 ,
894 3662 1027 3728 υίὸς
1060 3662 1351 3731 γυναικὸς
1391 3665 1680 3734 Ἰουδαίας
1735 3684 1824 3723 πι-

102 3747 299 3816 στῆς,
326 3748 554 3817 πατρὸς
577 3747 648 3802 δὲ
673 3750 986 3816 Ἕλληνος
1005 3765 1018 3780 ·
1041 3749 1111 3816 ὃς
1135 3751 1524 3820 ἐμαρτυρεῖτο
1553 3756 1678 3810 ὑπὸ
1701 3756 1822 3812 τῶν

100 3839 182 3892 ἑν
212 3838 521 3904 Λύστροις
548 3835 648 3891 καὶ
685 3838 920 3904 Ἰκωνίῳ
951 3836 1492 3907 ἀδελφῶν.Τοῦτον
1511 3841 1822 3911 ἠθέλησεν

102 3931 141 3982 ό
168 3927 428 3993 Παῦλος
457 3926 586 3980 σὺν
619 3924 782 3992 αὐτῷ
810 3925 1086 3991 ἐξελθεῖν
1105 3943 1120 3959 ο
1148 3927 1248 3982 καὶ
1296 3928 1505 3982 λαϐὼν
1558 3932 1822 4000 περιέτεο

95 4031 229 4084 μεν
254 4012 448 4068 αὐτὸν
477 4012 576 4069 διὰ
618 4013 761 4080 τοὺς
809 4013 1144 4077 Ἰουδαίους
1184 4014 1331 4083 τοὺς
1373 4015 1556 4086 ὄντας
1596 4019 1668 4073 ἐν
1696 4019 1822 4089 τοῖς

101 4107 331 4168 τόποις
360 4101 642 4168 ἐκείνοις.
682 4101 958 4174 ’ῌδεσαν
996 4100 1110 4173 γὰρ
1141 4102 1409 4172 ἅπαντες
1448 4106 1558 4161 τὸν
1594 4108 1822 4178 πατέρα

99 4189 332 4255 αὑτοῦ,
368 4187 459 4243 ὅτι
489 4189 733 4259 Ἕλλην
761 4188 1064 4261 ὑπῆρχεν.

183 4278 380 4344 ’Ἄξιον
408 4276 749 4348 ἐκπλαγῆναι
772 4277 868 4333 τοῦ
886 4279 1100 4334 Παύλου
1115 4279 1216 4353 τὴν
1244 4281 1482 4337 σύνεσιν.
1501 4285 1562 4338 ’0
1580 4287 1821 4344 τοσαῦτα

102 4369 512 4442 μαχεσάμενος
537 4369 666 4440 περὶ
694 4368 797 4440 τῆς
822 4371 1152 4442 περιτομῆς,
1181 4373 1210 4426 6
1238 4372 1417 4427 πάντα
1440 4377 1690 4444 κινήσας,
1721 4377 1819 4432 καὶ

103 4458 189 4530 μὴ
215 4455 490 4528 πρότερον
510 4455 777 4522 ἀποστὰς,
802 4457 909 4522 ἕως
928 4458 1016 4512 ὅτε
1045 4458 1403 4531 κατώρθωσε,
1420 4461 1516 4516 τοῦ
1547 4463 1816 4536 δόγματος

98 4543 484 4618 κυρωθέντος,
520 4545 842 4618 περιτέμνει
867 4545 958 4600 τὸν
991 4545 1262 4620 μαθητήν.
1295 4546 1373 4604 Οὐ
1406 4550 1570 4620 μόνον
1593 4553 1824 4625 ἐτέρους

97 4636 167 4690 οὐ
207 4631 440 4696 κωλύει,
472 4632 610 4689 ἀλλά
638 4634 734 4689 ml
754 4634 920 4700 αὐτὸς
940 4636 1102 4691 τοῦτο
1130 4637 1444 4710 ἐργάζεται.
1472 4639 1642 4695 Οὐδὲν
1665 4643 1818 4697 Παύ-

95 4725 202 4780 λου
235 4719 609 4796 συνετώτερον
634 4739 646 4752 ·
677 4721 820 4778 ὥστε
842 4723 1024 4779 πάντα
1056 4725 1196 4796 πρὸς
1221 4725 1286 4780 τὸ
1312 4727 1592 4800 συμφέρον
1621 4729 1772 4804 ἑώρα
1798 4748 1817 4767 ο

96 4813 268 4869 οὐδὲν
296 4811 489 4877 ἁπλῶς
517 4812 698 4867 ἐποίει
735 4812 1027 4884 προλήψει.
1063 4813 1290 4869 Τοῦτον
1310 4815 1602 4884 ἠθέλησε,
1627 4819 1816 4891 φησὶν,

95 4899 392 4969 ἐξελθεῖν
415 4900 540 4955 σὺν
558 4899 743 4966 αὐτῷ.
772 4901 851 4955 Τὸ
902 4901 1220 4972 θαυμαστὸν
1247 4903 1410 4958 τοῦτο
1429 4946 1444 4967 ,
1475 4906 1558 4959 ὅτι
1595 4910 1689 4962 ml
1720 4911 1817 4962 ἐπ-

96 4993 280 5063 ήγετο
302 4987 494 5044 αὐτόν.
512 4989 616 5043 Διὰ
649 4988 794 5057 τοὺς
822 4990 1176 5058 Ἰουδαίους,
1196 4992 1354 5063 φησὶ,
1372 4992 1517 5062 τοὺς
1543 4994 1726 5064 ὄντας
1745 4998 1818 5053 ἐν

95 5080 237 5148 τοῖς
267 5081 484 5146 τόποις
513 5079 795 5147 ἐκείνοις.
822 5079 975 5151 Αὕτη
1005 5083 1040 5153 ἠ
1073 5081 1225 5136 αἰτία
1255 5080 1352 5136 τοῦ
1381 5089 1709 5156 περιτεμεῖν
1734 5087 1762 5126 δ
1796 5104 1811 5120 ·

96 5173 159 5226 οὐ
195 5168 319 5240 γὰρ
350 5165 419 5221 ἂν
448 5165 751 5240 ἠνέσχοντο,
771 5169 926 5242 παρά
951 5169 1297 5242 ἀκροϐύστου
1327 5172 1420 5227 τὸν
1453 5172 1613 5243 λόγον
1643 5177 1814 5231 ἀκοῦ-

98 5277 225 5314 σαι.
266 5256 385 5312 Kal
411 5256 466 5310 τί
484 5255 656 5330 ;⁹Ὀρα
679 5257 741 5312 τὸ
770 5258 1106 5330 κατόρθωμα
1126 5277 1140 5291 ο
1167 5261 1518 5333 περιέτεμεν,
1547 5263 1635 5318 ἵνα
1659 5283 1817 5339 περι-

95 5347 288 5420 τομὴν
325 5345 534 5421 καθέλῃ
561 5365 575 5378 ·
607 5347 677 5402 τὰ
707 5348 957 5421 δόγματα
985 5350 1096 5424 γάρ
1129 5351 1399 5424 ἐκήρυττε
1428 5353 1499 5407 τά
1529 5353 1640 5408 τῶν
1672 5357 1815 5410 ἀπο-

99 5437 348 5494 στόλων.
387 5433 555 5510 Ὁρᾷς
603 5439 808 5509 μάχην,
860 5439 958 5494 ml
985 5439 1074 5496 διὰ
1123 5440 1304 5513 μάχης
1346 5443 1683 5516 οἰκοδομήν;
1732 5443 1812 5501 Οὐ

97 5523 245 5601 παρ’
295 5524 506 5595 ἑτέρων
561 5525 1004 5598 πολεμούμενοι,
1049 5528 1190 5592 ἀλλά
1243 5533 1338 5586 ml
1388 5532 1546 5588 αὐτοὶ
1593 5536 1814 5590 ὲναντία

97 5611 422 5677 ποιοῦντες,
448 5610 595 5667 οὕτω
620 5613 720 5686 τὴν
757 5615 1090 5688 Ἐκκλησίαν
1113 5616 1448 5690 ᾠκοδόμουν.
1474 5622 1662 5692 Δόγμα
1707 5624 1814 5677 είσο

96 5705 356 5777 ήνεγκαν
387 5701 463 5773 μὴ
493 5703 845 5776 περιτέμνειν
866 5744 882 5770 ,
925 5705 1023 5759 ml
1057 5707 1394 5779 περιτέμνει.
1435 5708 1546 5764 Καὶ
1565 5710 1810 5779 ἐπερίσ-

97 5805 324 5853 σευον,
349 5789 509 5862 φησὶ,
538 5789 621 5856 τῷ
653 5792 881 5864 ἀριθμῷ
907 5795 1037 5849 καθ’
1071 5795 1322 5866 ἡμέραν.
1356 5793 1510 5862 Εἶδες
1528 5799 1593 5852 το
1618 5801 1810 5871 κέρδος

98 5880 202 5952 τῆς
241 5881 595 5950 περιτομῆςς
645 5877 781 5935 Εἶτα
823 5881 1012 5938 λοιπὸν
1057 5885 1159 5938 οὐκ
1200 5885 1530 5959 ἐνδιατρίϐει
1567 5886 1804 5954 τούτοις,

100 5965 199 6022 ατε
259 5966 673 6038 ἐπισκέψασθαι
717 5969 890 6026 ἐλθών
916 5988 931 6000 ·
971 5973 1108 6029 ἀλλά
1141 5973 1232 6043 τί;
1291 5975 1490 6048 Πόρρω
1531 5977 1801 6049 πρόεισιν.

160 6072 182 6098 ⁸
214 6071 359 6148 ὕειυὲ
388 6074 502 6148 τορς
526 6076 745 6148 πρόνςους
779 6079 1015 6143 πρώτους.
1083 6083 1113 6124 1)
1147 6081 1284 6146 Huic,
1333 6082 1454 6140 αὕτη
1485 6081 1518 6137 ἡ
1547 6082 1677 6133 αἰτία
1714 6082 1802 6132 τοῦ

100 6137 395 6203 περιτεμὶἔν,
421 6137 608 6187 desum
641 6140 691 6188 in
734 6137 850 6190 und.

467 6228 742 6290 ΡΑτιιοι.
792 6226 908 6288 Gn.
958 6227 1083 6291 LX.

1137 432 1205 490 IN
1244 431 1429 490 ACTA
1467 423 2262 488 APOSTOLORUMJIOMIL.
2305 389 2548 486 xxwa

3526 423 3631 478 ΞΗ

1955 538 2056 610 Ὠς
2083 545 2153 598 δὲ
2182 545 2608 617 διεπορεύοντο
2637 546 2740 615 τὰς
2766 547 3002 622 πόλεις,
3028 545 3398 613 παρεδίδουν
3423 547 3632 612 αὐτοῖς

1920 627 2293 696 ’φυλάσσειν
2329 637 2402 690 τὰ
2442 637 2708 706 δόγματα
2745 635 2817 691 τὰ
2843 636 3166 716 κεκριμένα
3194 636 3314 690 ὑπὸ
3338 635 3460 691 τῶν
3483 636 3635 691 ἀπο·

1952 725 2186 778 στόλων
2209 725 2308 780 καί
2335 726 2456 780 τῶν
2479 725 2904 794 πρεσϐυτέρων
2932 723 3054 778 τῶν
3095 727 3166 779 ἐν
3213 725 3632 797 Ἰερουσαλήμ.

1944 812 2010 864 Al
2031 811 2151 881 μὲν
2172 806 2288 866 οὖν
2327 813 2692 880 Ἐκκλησίαι
2720 811 3114 881 ἐστερεοῦντο
3141 811 3219 880 τῇ
3260 814 3498 879 πίστει,
3535 814 3635 867 καὶ

1938 894 2345 964 ἐπερίσσευον
2366 908 2391 938 α
2417 894 2500 962 τῷ
2536 893 2763 966 ἀριθμῷ
2804 899 2935 951 καθ’
2971 897 3226 966 ἡμέραν.
3281 898 3633 965 Διελθόντες

1937 982 2009 1038 δὲ
2040 984 2160 1053 τὴν
2183 985 2454 1055 Φρυγίαν
2484 984 2585 1040 καὶ
2608 985 2726 1052 τὴν
2749 986 3108 1053 Γαλατικὴν
3149 985 3384 1056 χώραν,
3439 989 3635 1040 κωλυ-

1937 1073 2144 1141 θέντες
2163 1075 2284 1130 ὑπύ
2311 1075 2423 1130 τοῦ
2438 1075 2616 1145 ἁγίου
2643 1076 2999 1145 Πνεύματος
3020 1075 3298 1144 λαλῆσαι
3314 1075 3422 1130 τὸν
3445 1077 3636 1146 λόγον

1935 1162 2007 1217 ἐν
2021 1161 2097 1233 τῇ
2123 1163 2309 1232 Ἀσία,
2336 1165 2456 1233 τὴν
2475 1163 2744 1234 Φρυγίαν
2762 1164 2862 1219 καὶ
2889 1165 3006 1233 τὴν
3020 1165 3334 1220 Γαλατίαν
3354 1163 3633 1235 ἀφέντες,

1935 1254 2024 1319 εἰς
2047 1252 2166 1321 τὴν
2199 1254 2535 1324 μεσόγαιον
2583 1253 2911 1310 ἔσπευδον.
2958 1255 3279 1321 Ἐλθόντες
3317 1255 3471 1309 κατὰ
3517 1255 3636 1322 τὴν

1936 1343 2184 1397 Μυσίαν
2210 1341 2524 1412 ἐπείραζον
2549 1345 2639 1408 εἰς
2661 1343 2777 1411 τὴν
2802 1343 3095 1400 Βιθυνίαν
3126 1344 3509 1412 πορεύεσθαι,
3535 1342 3636 1398 καί

1935 1433 2051 1486 οὐκ
2083 1431 2297 1486 εἴασεν
2322 1432 2550 1499 αὐτοὺς
2584 1433 2652 1486 τὸ
2693 1432 2959 1503 Πνεῦμα.
2997 1431 3098 1486 Διά
3128 1433 3182 1486 τί
3221 1431 3320 1504 μὲν
3358 1427 3454 1486 οὖν
3497 1435 3637 1486 ἐκω-

1934 1521 2202 1594 λύθησαν,
2231 1523 2295 1576 οὐ
2330 1521 2484 1593 λέγει
2514 1540 2528 1553 '
2562 1523 2646 1577 ὅτι
2669 1522 2727 1577 δὲ
2762 1521 3118 1593 ἐκωλύθησαν
3137 1564 3152 1589 ,
3185 1519 3330 1590 εἷπε,
3360 1521 3636 1576 παιδεύων

1934 1612 2086 1683 ἡμᾶς
2119 1610 2407 1667 πείθεσθαι
2446 1611 2608 1684 μόνον
2643 1613 2738 1666 ml
2787 1612 2864 1683 μὴ
2901 1611 3088 1683 ζητεῖν
3137 1612 3238 1675 τάς
3286 1610 3504 1676 αἰτίας,
3539 1609 3635 1664 ml

1933 1701 2172 1764 δεικνὺς,
2194 1701 2278 1754 ὅτι
2305 1700 2480 1756 πολλὰ
2510 1701 2607 1756 ml
2634 1701 3002 1774 ἀνθρωπίνως
3021 1701 3262 1755 ἐποίουν.
3293 1701 3637 1768 Παρελθόν-

1935 1807 2037 1858 τες
2061 1787 2131 1844 δὲ
2159 1791 2277 1858 τὴν
2303 1791 2550 1846 Μυσίαν
2575 1789 2927 1859 κατέϐησαν
2951 1791 3040 1856 εἰς
3075 1789 3334 1859 Τρωάδα.
3354 1788 3468 1844 Καὶ
3497 1787 3636 1859 ὅρα-

1929 1851 2028 1950 ματ
2068 1878 2169 1932 διὰ
2215 1851 2325 1946 τῆς
2357 1877 2583 1946 νυκτὸς
2613 1851 2794 1949 ὤφθη.
2816 1878 2898 1946 τῷ
2928 1851 3152 1946 Παυλῷ
3177 1895 3189 1907 ·
3220 1877 3390 1947 Ἀνήρ
3431 1851 3637 1945 τιςνοῆν

1932 1966 2229 2023 Μακεδὼν
2275 1966 2511 2034 ἑστὼς,
2565 1967 2940 2038 παρακαλῶν
2989 1968 3182 2022 αὐτὸν
3244 1968 3344 2022 καὶ
3396 1965 3595 2036 λέγων
3620 1983 3634 1995 ο

1933 2056 2148 2123 Διαϐὰς
2171 2059 2260 2122 εἰς
2287 2056 2700 2121 Μακεδονίαν,
2733 2055 3061 2124 βοήθησον
3091 2054 3260 2123 ἡμῖν.
3289 2055 3391 2108 Διά
3419 2055 3473 2108 τί
3499 2055 3636 2124 ὅρα-

1936 2163 2015 2217 μα
2039 2187 2053 2207 .
2084 2147 2182 2200 καὶ
2317 2146 2379 2199 τὸ
2410 2146 2641 2217 Πνεῦμα
2685 2145 2747 2199 τὸ
2792 2145 2949 2214 ἅγιον
2987 2144 3307 2210 ἐκέλευσεν;
3347 2144 3635 2198 Ἐϐούλετο

1931 2235 2134 2297 αὐτοὺς
2163 2235 2258 2290 ml
2288 2233 2464 2300 οὕτως
2486 2234 2813 2302 ἐφέλκεσθαι
2836 2253 2849 2266 ·
2880 2234 3005 2288 ἐπεὶ
3029 2236 3124 2288 καὶ
3153 2237 3268 2298 τοῖς
3295 2233 3475 2304 ἁγίοις
3500 2234 3660 2312 ὄναρ,

1932 2321 2130 2394 ἐφάνη·
2171 2323 2265 2377 ml
2282 2322 2341 2391 ἐξ
2367 2323 2544 2395 ἀρχῆς
2561 2323 2725 2386 αὐτὸς
2741 2323 2929 2394 ὅραμα
2945 2319 3108 2383 εἶδεν.
3129 2323 3301 2395 ἄνδρα
3323 2321 3636 2376 εἰσελθόντα

1931 2413 2029 2466 ml
2054 2412 2314 2466 ἐπιθέντα
2339 2411 2490 2483 αὐτῴ
2513 2415 2728 2484 χεῖρας.
2752 2407 2887 2466 Εἶτα
2913 2411 3012 2466 καὶ
3032 2409 3124 2466 διὰ
3149 2410 3308 2466 τοῦτο
3329 2410 3494 2466 αὐτὸν
3519 2411 3637 2464 ἐκεῖ

1929 2501 2101 2568 ἕλκει,
2138 2501 2227 2555 ἵνα
2256 2500 2568 2572 ἐκτείνηται
2621 2499 2683 2553 τὸ
2735 2501 3026 2573 κήρυγμα.
3060 2499 3275 2564 ’Λλλως
3317 2501 3376 2554 δὲ
3416 2499 3513 2554 καὶ
3547 2497 3637 2554 διὰ

1927 2591 2092 2646 τοῦτο
2131 2591 2404 2646 κωλύεται
2440 2590 2785 2661 ἐνδιατρῖψαι
2823 2592 2950 2656 ταῖς
2979 2589 3172 2655 ἄλλαις
3207 2590 3448 2656 πόλεσιν,
3491 2592 3638 2644 επεί-

1929 2699 2121 2750 γοντος
2149 2681 2314 2736 αὐτὸν
2343 2680 2439 2735 τοῦ
2470 2681 2733 2754 Χριστοῦ.
2792 2675 2955 2736 Οὗτοι
2982 2681 3083 2754 μὲν
3103 2683 3214 2752 γὰρ
3244 2680 3470 2752 ἔμελλον
3499 2682 3637 2735 ἀπο-

1928 2770 2228 2825 λαύσεσθαι
2257 2770 2507 2825 Ἰωάννου
2525 2772 2620 2825 ml
2643 2770 2837 2842 χρόνον
2853 2769 3046 2836 πολὺν,
3068 2770 3165 2824 ml
3183 2768 3336 2843 [264]
3363 2770 3495 2834 ἴσως
3510 2769 3635 2825 οὐδὲ

1929 2861 2070 2916 πάνυ
2090 2860 2320 2916 ἐδέοντο*
2355 2861 2475 2914 ἐκεῖ
2487 2859 2544 2913 δὲ
2556 2858 2821 2914 ἀπελθεῖν
2853 2858 2984 2914 ἔδει.
3008 2859 3120 2914 Kal
3137 2859 3509 2931 ἀντιπεράσας
3527 2858 3639 2912 λοι-

1928 2947 2030 3003 πδν
2052 2948 2271 3015 ἔξεισιν.
2291 2949 2386 3014 Ὠς
2406 2947 2475 3001 δὲ
2502 2948 2570 3002 τὸ
2596 2947 2791 3019 ὅραμα
2817 2941 3238 3015 εἷδεν,εὐθέως
3258 2944 3636 3018 ἐζητήσαμεν

1925 3037 2200 3103 ἐξελθεῖν
2236 3039 2325 3104 εἰς
2358 3036 2765 3102 Μακεδονίαν,
2819 3034 3286 3107 συμϐιϐἀζοντες
3328 3035 3418 3091 δτι
3449 3052 3638 3106 προσ-

1932 3127 2218 3194 κέκληται
2271 3124 2431 3196 ὴμᾶς
2471 3128 2504 3181 6
2562 3127 2782 3196 Κύριος
2827 3127 3342 3198 εὐαγγελίσασθαι
3385 3127 3630 3193 αὐτούς.

1939 3217 2329 3286 Ἆναχθέντες
2372 3215 2442 3272 δὲ
2483 3216 2605 3273 ἀπὸ
2642 3215 2915 3287 Τρωάδος
2956 3216 3500 3288 εὐθυδρομήσαμεν
3546 3218 3637 3283 εἰς

1926 3305 2348 3376 Σαμοθρᾴκην,
2384 3306 2461 3376 τῇ
2489 3323 2555 3361 τε
2582 3306 2844 3377 ἐπιούσῃ
2885 3309 2974 3372 εἰς
3014 3305 3358 3370 Νεάπολιν,
3403 3305 3637 3362 ἐκεῖθέν

1927 3411 1992 3448 τε
2015 3397 2103 3462 εἰς
2126 3397 2470 3463 Φιλίππους
2492 3437 2506 3460 ,
2555 3396 2690 3464 ἣτις
2719 3397 2852 3452 ἐστὶ
2879 3397 3082 3465 πρώτη
3109 3395 3222 3464 τῆς
3252 3396 3636 3464 Μακεδονίας

1925 3487 2130 3553 πόλις,
2163 3480 2699 3555 κολώνειαῘΗμεν
2725 3483 2795 3538 δὲ
2816 3485 2888 3539 ἐν
2907 3481 3066 3554 αὐτῇ
3089 3482 3168 3552 τῇ
3199 3484 3373 3539 πόλει
3407 3484 3636 3554 διατρί-

1927 3574 2139 3637 ϐοντες
2165 3573 2394 3645 ἡμέρας
2420 3573 2614 3640 τινάς.
2645 3571 2842 3638 Οὕτως
2871 3571 3025 3644 αὐτῷ
3053 3575 3151 3627 καὶ
3177 3575 3206 3627 ὁ
3230 3573 3467 3645 Χριστὸς
3500 3575 3629 3643 φαί-

1925 3679 2079 3717 νεται
2111 3660 2288 3731 λέγων
2313 3703 2328 3727 ,
2364 3663 2446 3716 ὅτι
2475 3662 2739 3732 Καίσαρί
2773 3677 2849 3717 σε
2897 3661 2997 3717 δεῖ
3033 3663 3443 3732 παραστῆναι.
3497 3660 3632 3718 Εἶτα

1925 3747 2074 3818 λέγει
2110 3751 2202 3805 ml
2234 3751 2362 3815 τοὺς
2388 3751 2593 3815 τόπους
2613 3791 2630 3815 ,
2676 3751 2775 3806 ἀτε
2805 3751 3052 3823 ἱστορίαν
3094 3751 3486 3823 ἐξηγούμενος,
3536 3752 3634 3806 ml

1925 3837 2144 3902 δεικνὺς
2170 3838 2274 3890 ποῦ
2308 3838 2624 3910 ὲνεχρόνισε
2650 3854 2665 3870 ⁶
2695 3839 2792 3892 καὶ
2822 3839 3098 3894 δείκνυσιν
3118 3881 3133 3906 ,
3167 3839 3249 3894 δτι
3269 3841 3329 3892 ὲν
3354 3841 3474 3903 ταῖς
3509 3840 3630 3911 μεί-

1925 3923 2067 3992 ζοσι,
2097 3925 2198 3990 τὰς
2225 3927 2282 3980 δὲ
2306 3926 2476 3992 ἄλλας
2506 3927 2736 4000 παρῄει.
2780 3927 3030 4000 ’Δξίωμά
3062 3929 3182 3982 ἐστι
3211 3927 3422 3992 πόλεως
3459 3931 3492 4000 ἡ
3537 3946 3630 3982 κο⁹

1923 4014 2143 4069 λώνεια.
2176 4015 2318 4069 Ἀλλ’
2340 4014 2551 4071 ἄνωθεν
2577 4016 2778 4090 ἴδωμεν
2806 4017 2874 4072 τά
2906 4017 3202 4090 εἰρημένα.
3228 4017 3504 4088 Ἀνάγκην
3528 4034 3629 4071 πε-

1928 4103 2165 4174 ριτίθησι
2196 4102 2277 4174 τῷ
2305 4103 2568 4176 Βαρνάϐᾳ
2593 4105 2696 4176 τῆς
2727 4105 3045 4176 ἀποδημίας
3077 4105 3254 4176 λέγων
3282 4122 3298 4139 ο
3349 4106 3632 4161 Ἐπισκε-

1923 4191 2172 4262 ψώμεθα
2219 4192 2328 4259 τὰς
2362 4183 2592 4260 πόλεις
2619 4235 2632 4256 ,
2690 4194 2762 4248 ἐν
2815 4189 2915 4262 αἷς
2981 4195 3462 4266 κατηγγείλαμεν
3498 4190 3630 4250 τὸν

1921 4282 2132 4352 λόγον.
2161 4281 2357 4336 Καίτοι
2386 4282 2491 4336 οὐκ
2517 4281 2624 4336 ἔδει
2651 4281 2844 4350 ἀξιοῦν
2883 4283 3049 4338 αὐτὸν
3079 4282 3346 4355 μέλλοντα
3382 4300 3624 4355 κατηγο-

1927 4375 2040 4446 ρεῖν
2075 4371 2216 4444 μετά
2239 4371 2435 4427 ταῦτα.

1994 4461 2059 4517 δ’.
2076 4461 2252 4516 Τοῦτο
2274 4462 2372 4516 ml
2394 4461 2488 4515 ἐπὶ
2509 4460 2606 4515 τοῦ
2637 4461 2778 4515 Θεοῦ
2809 4462 3019 4530 γίνεται
3046 4459 3254 4517 καὶτοῦ
3273 4461 3574 4526 Μωῦσέως·
3597 4490 3626 4516 ι.

1925 4551 2026 4623 μὲν
2055 4549 2218 4617 ἀξιοῖ,
2249 4553 2277 4606 6
2301 4551 2359 4606 δὲ
2385 4550 2691 4621 ὀργίζεται.
2721 4546 2852 4606 Οἷον
2880 4550 2958 4616 ὡς
2989 4552 3120 4606 ὅταν
3151 4550 3308 4623 λέγῃ⁶
3352 4553 3424 4606 El
3451 4553 3486 4606 ό
3514 4565 3627 4607 πα-

1921 4639 2034 4710 τὴρ
2057 4638 2253 4708 αὐτῆς
2272 4638 2618 4695 ἐνέπτυσεν
2654 4641 2744 4707 εἰς
2782 4641 2850 4693 τὸ
2889 4640 3222 4709 πρόσωπον
3248 4637 3448 4710 αὐτῆς
3483 4657 3498 4672 ·
3532 4642 3627 4695 ml

1920 4729 2107 4796 πάλιν,
2144 4730 2322 4799 Ἄφες
2369 4744 2449 4798 με
2471 4768 2487 4793 ,
2519 4726 2621 4783 καὶ
2650 4728 2944 4799 θυμωθείς
2971 4729 3278 4800 ἐξαλείψω
3306 4729 3418 4785 τὸν
3467 4731 3627 4786 λαὸν

1919 4817 2141 4874 τοῦτον
2163 4834 2177 4848 ·
2202 4817 2298 4871 ml
2320 4819 2349 4871 6
2376 4815 2657 4889 Σαμουὴλ,
2677 4817 2808 4872 ὅταν
2827 4815 2999 4890 πενθῇ
3030 4818 3122 4872 τὸν
3150 4818 3326 4873 Σαούλ
3356 4835 3370 4850 ⁶
3400 4820 3468 4874 δι’
3493 4821 3624 4875 ἑκά--

1918 4908 2096 4983 τέρων
2123 4909 2236 4981 γάρ
2269 4907 2484 4980 μεγάλα
2509 4909 2727 4977 γίνεται
2753 4908 2954 4979 ἀγαθά.
2980 4908 3145 4964 Οὕτω
3167 4909 3232 4983 δὴ
3262 4911 3360 4965 ml
3383 4911 3622 4967 ἐνταῦθα

1918 4999 1949 5053 6
1983 4998 2085 5070 μὲν
2115 4996 2418 5068 ὀργίζεται,
2448 4999 2478 5052 6
2506 4997 2564 5052 δὲ
2589 4997 2692 5052 οὐκ
2717 4997 2822 5053 ἔτι.
2854 4997 3030 5052 Τοῦτο
3050 4998 3144 5053 ml
3173 4998 3260 5070 ἐφ’
3285 5001 3318 5071 ὴ
3329 5000 3446 5071 μῶν
3473 5000 3624 5072 γίνε-

1917 5104 2029 5144 ται.
2067 5088 2179 5142 Καὶ
2203 5087 2234 5141 ό
2263 5087 2620 5160 παροξυσμὸς
2666 5087 2897 5152 εἰκότως
2922 5128 2938 5153 ,
2979 5089 3067 5143 ἴνα
3092 5090 3304 5154 ἐκεῖνος
3330 5090 3622 5161 παιδευθῇ,

1920 5177 2016 5230 ml
2038 5177 2115 5248 μὴ
2138 5176 2266 5249 δόξῃ
2307 5177 2486 5249 σκηνὴ
2515 5176 2578 5230 τὸ
2603 5178 2844 5247 πρᾶγμα
2876 5171 3038 5234 εἶναι.
3087 5178 3164 5231 Οὐ
3197 5172 3308 5248 γάρ
3333 5177 3400 5232 ἂν
3428 5181 3457 5234 6
3483 5196 3622 5236 παν-

1917 5265 2088 5337 ταχοῦ
2113 5265 2302 5329 εῐκων,
2329 5264 2566 5321 ἐνταῦθα
2597 5266 2700 5320 οὐκ
2730 5260 2898 5332 εἶξεν,
2926 5267 2955 5320 6
2979 5266 3125 5321 οὕτω
3149 5267 3366 5323 Παῦλον
3406 5269 3579 5340 φιλῶν
3605 5311 3620 5335 ,

1918 5353 2061 5408 ὥστε
2095 5354 2192 5410 καὶ
2221 5355 2328 5427 πρὸ
2353 5354 2548 5408 τούτου
2579 5354 2817 5426 ζητῆσαι
2850 5354 3015 5410 αὐτὸν
3038 5357 3096 5410 ὲν
3119 5357 3342 5428 Ταρσῷ,
3369 5358 3466 5412 καὶ
3486 5359 3625 5431 πρὸς

1916 5442 2046 5508 τοὺς
2067 5442 2404 5507 ἀποστόλους
2433 5442 2598 5497 αὑτὸν
2618 5443 2971 5512 ἀπενεγκεῖν,
3001 5445 3097 5497 ml
3122 5444 3221 5516 τὴν
3243 5444 3621 5519 ἐλεημοσύνην

1916 5533 2104 5604 κοινὴν
2136 5533 2478 5606 ἐργάσασθαι
2507 5533 2557 5599 ι),
2583 5533 2680 5588 ml
2706 5533 2776 5587 τὰ
2805 5535 2952 5588 κατα
2982 5533 3044 5588 τὸ
3069 5533 3248 5605 δόγμα
3272 5537 3426 5607 κοινῇ
3453 5553 3623 5591 κατα-

1914 5620 2199 5687 δέξασθαι.
2245 5621 2360 5676 Οὐκ
2405 5622 2474 5676 ἂν
2515 5616 2611 5677 οὖν
2655 5621 2745 5676 διὰ
2783 5622 3027 5677 τοιοῦτον
3056 5624 3293 5697 πρᾶγμα
3325 5625 3579 5696 ὠργίσθη
3605 5643 3620 5654 ·

1913 5709 2052 5765 ἀλλά
2109 5709 2439 5781 χωρίζονται
2492 5710 2590 5763 ἀπ’
2639 5710 2931 5778 ἀλλήλων,
2981 5709 3130 5780 ’ὥστε
3180 5711 3474 5767 παιδεῦσαι
3525 5715 3623 5767 ml

1917 5800 2224 5871 ἀπαρτίσαι
2261 5798 2353 5853 διὰ
2379 5797 2477 5853 τοῦ
2513 5799 2802 5872 χωρισμοῦ
2838 5783 3291 5871 τοὺςτδεομένους
3335 5799 3436 5872 τῆς
3486 5802 3619 5872 παρ’

1913 5889 2094 5943 αὐτῶν
2127 5889 2486 5954 διδασκαλίας
2524 5907 2541 5922 ο
2598 5888 2793 5962 ὥσπερ
2822 5886 2916 5944 οὖν
2945 5891 3042 5944 καὶ
3070 5889 3311 5964 ἀλλαχοῦ
3345 5891 3492 5944 ποιεῖ
3529 5888 3620 5946 λέ·

1917 6083 2349 6197 διῗεᾶἒξριέοσωον
2368 6122 2382 6146 ,
2417 6085 2492 6136 sic
2519 6085 2738 6150 Quidam.
2805 6085 2834 6127 ι’
2871 6085 3196 6151 Ἐργάσασθαι
3232 6084 3379 6137 deest
3422 6089 3472 6136 In
3513 6085 3630 6151 qui-
