4034 6442
205 407 313 466 249

197 559 318 602 rem
348 555 470 597 esse
493 553 733 596 scenam.
763 534 948 611 Neque
975 531 1119 589 enim
1156 532 1246 604 qui
1285 545 1500 602 semper
1524 536 1763 587 cesserat
1781 571 1798 597 ,

197 637 289 695 hic
316 651 426 692 non
449 633 732 699 cessisset,
758 629 851 702 qui
877 629 948 684 ita
978 626 1202 683 Paulum
1226 624 1462 692 amabat,
1491 633 1550 679 ut
1572 622 1801 679 antehac

199 738 468 804 quaereret
496 742 620 785 eum
649 724 823 791 Tarsi,
852 731 908 778 et
932 720 1001 777 ad
1028 720 1304 791 apostolos
1333 719 1508 788 ipsum
1548 716 1799 773 introdu-

197 833 346 881 ceret
365 864 383 892 ,
413 831 468 879 et
504 821 899 891 eleemosynam
927 827 1270 870 communem
1305 810 1546 878 faceret,
1573 820 1628 866 et
1655 808 1796 880 quod

191 919 264 976 sd
312 918 502 988 dogma
553 913 744 970 attinet
781 951 797 978 ,
842 907 1200 966 communiter
1247 905 1565 974 susciperet.
1613 901 1798 972 Itaque

191 1027 304 1070 non
330 1018 550 1083 propter
570 1007 708 1062 hanc
728 1019 844 1061 rem
877 1003 1043 1058 iratus
1065 999 1273 1055 fuisset.
1303 996 1410 1053 Sed
1440 1003 1758 1065 separantur
1775 1034 1793 1060 ,

189 1115 250 1161 ut
273 1104 520 1164 doceant,
545 1107 602 1155 et
622 1113 718 1168 per
735 1093 1132 1166 separationem
1162 1103 1277 1156 eos,
1310 1088 1400 1159 qui
1429 1085 1671 1142 doctrina
1697 1099 1794 1139 sua

190 1196 450 1267 egebant.
483 1191 766 1247 instituant
798 1206 813 1244 :
841 1199 899 1242 ut
927 1186 1086 1241 etiam
1118 1183 1246 1239 alibi
1279 1181 1407 1237 facit
1430 1180 1656 1236 dicens:
1693 1178 1795 1233 Vos

185 1298 363 1343 autem
381 1302 444 1341 ne
458 1281 804 1355 defatigemini
823 1281 1010 1334 bonum
1030 1277 1273 1349 facientes
1290 1275 1368 1346 (2.
1395 1273 1573 1328 Thess.
1597 1273 1649 1329 3.
1677 1272 1791 1341 15).

188 1381 262 1437 Et
297 1379 432 1436 alios
459 1376 674 1450 quidem
715 1373 995 1444 increpat,
1032 1369 1185 1441 jubet
1227 1375 1408 1422 autem
1449 1365 1586 1421 bene
1614 1363 1795 1420 facere

185 1488 317 1545 erga
369 1485 576 1527 omnes.
624 1467 738 1522 Hoc
779 1465 945 1522 etiam
989 1464 1044 1518 in
1083 1459 1474 1535 consuetudine
1505 1456 1788 1513 habemus.

187 1565 291 1620 Hic
316 1573 493 1620 autem
523 1559 652 1616 mihi
677 1558 932 1615 videntur
960 1555 1048 1610 alii
1076 1568 1291 1625 quoque
1318 1551 1575 1622 indignati
1595 1563 1716 1604 esse
1738 1549 1790 1604 in

185 1656 433 1712 Paulum.
461 1652 529 1708 Et
552 1659 734 1724 postea
756 1649 869 1716 ille,
900 1647 1030 1718 ipsis
1049 1660 1294 1702 seorsum
1321 1643 1589 1710 adductis,
1612 1641 1790 1696 omnia

185 1747 339 1811 facit,
369 1754 576 1812 monet,
605 1743 868 1798 hortatur.
901 1739 1061 1796 Multa
1091 1747 1268 1810 potest
1287 1737 1600 1803 concordia,
1625 1737 1790 1792 multa

180 1839 384 1894 caritas
410 1855 424 1891 :
448 1835 657 1891 etiamsn
681 1847 781 1904 pro
801 1847 861 1888 re
883 1846 1075 1902 magna
1101 1844 1278 1902 roges,
1302 1829 1512 1885 etiamsi
1545 1827 1791 1898 indignus

178 1930 259 1985 sis
279 1968 298 1995 ,
329 1934 549 1998 propter
575 1922 908 1994 propositum
936 1921 1172 1977 audieris
1189 1961 1204 1983 .
1235 1935 1306 1977 ne
1332 1920 1542 1976 timeas.
1568 1918 1790 1974 Peram-

177 2021 410 2086 bulabat,
441 2019 633 2088 inquit,
657 2016 900 2070 civitates.
925 2014 996 2069 Et
1019 2031 1132 2070 ecce
1157 2024 1266 2070 erat
1286 2014 1792 2086 discipulusgnomine

77 2131 88 2135 ·
180 2112 479 2167 Timotheus
501 2151 518 2177 ,
555 2109 640 2179 qui
683 2109 1024 2163 testimonium
1054 2107 1268 2163 habebat
1297 2125 1331 2162 a
1374 2108 1618 2178 fratribus
1641 2148 1656 2171 ,
1703 2107 1790 2178 qui

175 2218 326 2262 erant
353 2207 552 2281 Lystris
580 2221 625 2265 et
651 2210 837 2267 Iconii.
866 2211 1052 2282 Magna
1081 2209 1218 2265 ﬁdes
1238 2211 1254 2241 ί
1276 2208 1570 2274 Timothei,
1598 2208 1688 2278 qui
1721 2208 1789 2263 ab

173 2303 427 2359 omnibus
454 2304 816 2360 tealimonium
847 2305 1022 2360 habet.
1055 2303 1280 2371 Quando
1310 2303 1556 2359 discessit
1580 2302 1787 2357 Barna.

173 2396 298 2461 bas,
313 2396 541 2453 alterum
566 2397 664 2468 ipsi
689 2413 868 2468 parem
892 2399 1113 2455 invenit.
1146 2397 1221 2452 De
1242 2395 1344 2454 hoc
1364 2397 1562 2468 inquit:
1590 2395 1788 2450 Memor

172 2487 525 2559 lacrymarunt
554 2499 754 2545 tuarum
785 2500 832 2544 et
861 2491 981 2559 ﬁdei
1009 2501 1111 2544 tua:
1134 2507 1237 2544 non
1258 2491 1545 2554 simulatae,
1575 2505 1689 2559 qua:
1708 2491 1790 2542 in-

171 2581 420 2636 habitaoit
441 2583 605 2651 primo
626 2584 676 2635 in
697 2582 811 2636 avia
837 2591 924 2636 tua
949 2581 1131 2649 Laide,
1149 2592 1198 2636 et
1227 2583 1279 2636 in
1302 2591 1463 2635 matre
1484 2590 1571 2635 tua
1593 2579 1788 2634 Eunice

172 2675 255 2741 (2.
280 2674 410 2729 Tim.
439 2676 649 2746 1.4.5).
673 2675 739 2729 Et
756 2692 1038 2743 assumens,
1064 2676 1254 2747 inquit,
1279 2676 1425 2730 illum
1446 2675 1782 2730 circumcidit.

171 2766 293 2835 Qua
319 2768 388 2830 de
408 2783 568 2823 causa
598 2768 714 2838 ipse
738 2768 908 2834 addit,
938 2768 1124 2824 dicens
1149 2787 1162 2823 :
1189 2767 1412 2838 Pmpter
1439 2767 1675 2832 Indicos,
1697 2767 1783 2838 qui

172 2869 321 2913 erant
349 2862 402 2913 in
433 2860 557 2914 locis
584 2861 708 2916 illis.
741 2859 864 2914 Ideo
891 2875 1020 2931 ergo
1045 2859 1476 2926 circumciditur;
1511 2859 1594 2914 vel
1622 2859 1782 2915 etiam

171 2960 398 3023 propter
438 2961 665 3020 patrem,
709 2953 798 3022 qui
823 2952 1042 3023 gentilis
1062 2953 1335 3009 manebat.
1367 2952 1510 3022 Ergo
1539 2967 1646 3008 non
1679 2953 1784 3008 cir-

169 3045 446 3101 cumcisus
474 3055 613 3101 erat.
651 3044 785 3101 Vide
806 3045 918 3115 jam
950 3045 1183 3101 solutam
1213 3045 1408 3117 legem.
1432 3045 1656 3113 Quidam
1685 3061 1786 3099 au-

171 3147 284 3192 tem
327 3147 512 3208 putant
561 3137 708 3193 illum
753 3146 873 3208 post
914 3138 1354 3208 praedicationem
1389 3149 1569 3192 uatum
1613 3152 1778 3204 esse;

169 3231 272 3286 sed
299 3230 482 3286 forsan
515 3230 619 3286 hoc
649 3245 755 3286 non
784 3240 886 3286 est.
916 3231 994 3286 Ab
1017 3231 1237 3302 infantia
1265 3248 1428 3299 enim,
1463 3232 1662 3302 inquit,
1691 3248 1779 3285 sa-

164 3339 288 3379 cras
330 3323 503 3378 literas
531 3324 686 3378 nosti.
727 3322 860 3378 Illud
897 3324 1058 3394 igitur
1083 3335 1167 3379 est
1194 3325 1518 3391 dicendum;
1547 3325 1632 3380 vel
1670 3324 1781 3379 for-

168 3423 337 3478 tasse.
368 3417 494 3487 quia
525 3416 679 3472 illum
709 3416 1058 3474 ordinaturus
1087 3425 1204 3472 erat
1226 3418 1563 3488 episc'Opum,
1588 3427 1639 3472 et
1671 3433 1778 3473 non

167 3506 401 3563 decebat
446 3507 879 3565 incircumcisum
927 3523 1069 3569 esse.
1115 3507 1236 3569 Jam
1293 3519 1474 3564 autem
1527 3509 1780 3579 gentibus

169 3599 308 3656 nihil
349 3601 455 3656 tale
488 3601 811 3658 servandum
838 3611 973 3658 erat.
1005 3601 1191 3673 Neque
1216 3601 1320 3659 hoc
1353 3618 1574 3672 parvum
1618 3612 1774 3672 erat,

166 3693 391 3763 quando
413 3701 536 3764 post
566 3702 770 3749 tantum
801 3701 1010 3766 tempus
1037 3696 1140 3750 hoc
1161 3695 1265 3750 illis
1289 3695 1615 3751 oll'endiculo
1635 3704 1775 3752 erat.

166 3787 387 3843 Initium
434 3787 800 3858 abrogationis
836 3798 972 3858 erat,
1021 3790 1162 3862 quod
1219 3791 1446 3861 gentiles
1499 3790 1614 3848 haec
1669 3807 1775 3846 non

166 3891 453 3939 servarent
479 3897 652 3955 neque
679 3884 802 3939 hinc
829 3883 1154 3940 laederentur
1171 3925 1184 3947 ,
1213 3885 1453 3955 nihilque
1483 3886 1660 3942 minus
1682 3885 1778 3941 ha-

167 3975 365 4031 berent
392 3976 535 4032 circa
563 3975 723 4033 fidem
750 3994 764 4031 :
794 3986 988 4046 sponte
1012 3977 1228 4034 demum
1251 3978 1599 4035 desistebant.
1640 3980 1775 4048 Quia

167 4067 334 4139 igitur
377 4068 766 4139 pradicaturus
805 4079 942 4137 erat,
976 4085 1045 4126 ne
1082 4070 1370 4142 dupliciter
1397 4084 1656 4144 pungeret
1682 4074 1778 4130 .lu-

165 4159 320 4216 daaos
341 4201 356 4227 ,
385 4160 528 4216 hunc
551 4161 909 4231 circumcidit,
941 4162 1189 4234 quamvis
1214 4178 1281 4220 ex
1317 4163 1540 4220 dimidio
1567 4151 1774 4222 tantum

165 4259 338 4319 esset,
372 4265 523 4323 patre
556 4254 763 4324 gentili,
800 4264 973 4310 matre
1007 4253 1170 4312 ﬁdeli.
1212 4258 1462 4313 Attamen
1494 4257 1618 4330 quia
1654 4251 1774 4315 ma-

163 4360 336 4416 gnum
362 4354 480 4401 erat
507 4362 642 4414 Opus
672 4348 806 4414 hoc,
847 4349 990 4420 quod
1031 4348 1172 4405 inter
1197 4361 1386 4421 gentes
1417 4351 1520 4408 hoc
1546 4364 1771 4424 ageret,

168 4452 276 4492 non
321 4439 528 4494 curavit
567 4439 734 4505 illud;
768 4441 1051 4510 oportebat
1078 4442 1222 4497 enim
1263 4444 1486 4500 verbum
1524 4447 1772 4503 dissemi-

169 4530 286 4584 uari
312 4546 326 4582 :
351 4529 475 4585 ideo
511 4539 567 4586 et
607 4531 721 4601 ipse
760 4531 910 4587 illum
942 4534 1294 4591 circumcidit.
1328 4537 1426 4593 llic
1462 4540 1621 4595 etiam
1650 4541 1773 4598 vide

169 4622 299 4678 dum
344 4638 377 4679 e
420 4627 691 4681 contrario
731 4626 945 4683 videtur
972 4643 1153 4700 agere,
1194 4645 1446 4701 magnum
1496 4644 1769 4703 peractum

170 4715 398 4771 bonum.
443 4713 509 4770 Et
549 4717 879 4773 abundabant
918 4737 1147 4788 numero,
1182 4722 1373 4792 inquit.
1415 4724 1602 4782 Videu'
1630 4744 1769 4800 quo-

168 4809 335 4865 modo
374 4824 482 4865 non
527 4812 701 4868 solum
742 4813 876 4869 nihil
921 4816 1166 4872 nocuerit
1192 4817 1558 4890 circumcisio,
1588 4822 1682 4878 sed
1715 4833 1771 4880 et

171 4902 462 4969 plurimum
490 4905 795 4973 profuerit?
825 4905 892 4962 Ut
912 4918 1080 4962 autem
1110 4909 1351 4966 uisionem
1378 4913 1532 4982 vidit,
1563 4916 1766 4983 statim,

169 4997 362 5067 inquit,
400 4999 722 5067 quasivimus
752 5002 1009 5070 proficisci
1034 5004 1088 5057 in
1116 5002 1505 5075 Macedoniam,
1537 5010 1661 5063 certi
1689 5015 1772 5083 fa-

168 5092 236 5142 cti
262 5089 401 5156 quod
423 5101 647 5146 vocasset
668 5109 759 5148 nos
783 5091 940 5149 Deus.

251 5183 514 5240 Visionum
536 5194 582 5241 et
606 5190 919 5243 somniorum
941 5191 1218 5245 distinctio.
1237 5221 1309 5233 —
1336 5192 1488 5260 Vide,
1524 5210 1630 5251 non
1655 5197 1765 5266 jam

169 5291 266 5345 per
309 5277 580 5348 angelum,
607 5289 662 5332 ut
685 5279 936 5351 Philippo
966 5293 1019 5336 et
1052 5283 1332 5352 Cornelio;
1357 5288 1452 5343 sed
1481 5289 1643 5358 quid?
1666 5292 1769 5348 Per

165 5371 430 5428 visionem
456 5382 678 5444 apparet
704 5375 804 5446 ipsi
845 5375 1102 5446 deinceps
1149 5381 1385 5436 humano
1433 5399 1606 5451 more,
1658 5404 1764 5444 non

165 5465 368 5519 divino.
399 5464 501 5521 Ubi
525 5468 667 5522 enim
696 5468 906 5524 facilius
931 5481 1044 5524 erat
1071 5473 1418 5542 persuadere,
1441 5475 1762 5547 humanius;

164 5558 257 5612 ubi
285 5573 476 5629 magna
498 5561 579 5615 vis
609 5560 1318 5627 desiderabatur,~divinius.
1344 5567 1474 5623 Nam
1506 5571 1594 5626 ubi
1627 5589 1766 5643 prte-

164 5648 350 5706 dicare
391 5648 678 5708 festinabat
722 5655 919 5720 solum,
954 5657 1025 5712 ibi
1054 5658 1324 5714 somnium
1369 5662 1469 5733 ipsi
1509 5678 1762 5737 apparet;

166 5743 256 5800 ubi
281 5759 412 5800 vero
443 5745 735 5817 praedicare
767 5765 873 5804 non
897 5752 1277 5823 sustinebatur,
1313 5755 1382 5813 ibi
1409 5757 1640 5830 Spiritus
1671 5779 1763 5820 re-

232 5924 249 5952 ⁸
270 5926 398 5971 Unus
419 5920 588 5987 habet,
615 5925 797 5991 gratia,
817 5940 922 5992 pro,
941 5926 1068 5993 ﬁdes

1164 413 1231 480 IN
1268 414 1452 473 ACTA
1487 412 2017 474 APOSTOLORUM.
2059 415 2292 474 lIOMIL.
2335 414 2582 476 XXXIV.

3414 418 3525 476 250

1907 530 2072 586 velat.
2101 530 2192 589 Sic
2219 542 2274 590 et
2297 534 2407 590 illic
2424 532 2621 590 Petro:
2649 532 2901 606 Surgens,
2932 533 3199 589 descende.
3228 531 3348 589 Non
3375 533 3523 589 enim

1906 620 2083 680 facilia
2099 626 2427 695 operabatur
2442 626 2700 698 Spiritus,
2718 626 2816 683 sed
2827 626 2959 683 satis
2974 633 3095 683 erat
3109 625 3210 698 ipsi
3225 625 3520 682 somnium.

1906 713 2143 785 Josepho
2160 733 2377 790 quoque
2399 719 2556 776 facile
2577 719 2823 776 credenti
2844 719 3114 776 somnium
3137 716 3523 791 apparet,-aliis

1905 823 2037 863 vero
2062 809 2220 865 visio.
2245 810 2323 866 lta
2355 822 2411 867 et
2437 811 2695 868 Cornelio
2729 821 2786 868 et
2829 811 2958 869 huic
2998 813 3122 883 ipsi.
3159 809 3231 866 Et
3258 827 3395 878 ecce,
3428 811 3518 867 in-

1903 901 2039 972 quit,
2071 901 2148 957 vir
2174 902 2392 970 Macedo
2413 913 2573 970 stans,
2605 904 2876 960 obsecrans
2909 914 2959 958 et
2986 904 3180 960 dicens.
3213 902 3332 959 Non
3359 901 3520 972 dixit,

1903 993 2253 1067 Praecipiens,
2281 997 2727 1064 sed.0bsecrans,'
2751 998 2805 1054 id
2831 1007 2937 1063 est,
2966 1013 3066 1069 pro
3107 999 3174 1054 iis
3220 998 3313 1070 qui
3356 1011 3521 1053 cura-

1901 1087 2052 1144 tione
2079 1103 2217 1159 Opus
2254 1089 2545 1146 habebant.
2587 1091 2726 1160 Quid
2758 1100 2865 1158 est,
2897 1092 3034 1146 Certi
3059 1090 3230 1163 facti!
3271 1090 3386 1146 lloc
3411 1097 3520 1157 est,

1900 1180 2293 1252 conjectantes,
2323 1182 2645 1240 inferentes.
2669 1183 2805 1240 Nam
2836 1185 2979 1257 quod
3010 1184 3211 1240 Paulus
3237 1183 3437 1240 viderit
3463 1195 3520 1239 et

1901 1287 2061 1328 nemo
2084 1274 2243 1340 alius,
2271 1283 2328 1330 et
2363 1274 2511 1347 quod
2537 1275 2844 1348 prohibitus
2866 1278 2937 1333 sit
2963 1292 2995 1332 a
3020 1277 3246 1348 Spiritu,
3287 1285 3344 1331 et
3371 1274 3517 1347 quod

1900 1364 1955 1420 in
1994 1367 2242 1423 terminis
2271 1377 2475 1436 essent,
2509 1384 2576 1425 ex
2609 1367 2696 1424 his
2737 1369 2994 1427 omnibus
3025 1368 3142 1425 haec
3184 1367 3514 1425 inferebant.

1898 1456 2153 1529 Alioquin
2184 1459 2458 1530 navigatio
2486 1459 2618 1516 illud
2649 1461 2956 1518 indicabat:
2985 1476 3164 1533 neque
3199 1463 3346 1518 enim
3376 1459 3519 1516 mul-

1900 1558 2013 1605 tum
2045 1559 2259 1622 tempus
2283 1563 2423 1617 erat,
2455 1568 2565 1625 quo
2603 1554 2660 1609 in
2707 1554 2860 1610 illam
2903 1553 3235 1611 Macedonia:
3275 1551 3514 1610 radicem

1897 1657 2179 1704 venerant.
2203 1647 2381 1719 Atque
2408 1649 2479 1703 ita
2501 1648 2773 1705 dissensio
2794 1649 3000 1705 utiliter
3020 1649 3238 1720 provisa
3268 1647 3390 1704 fuit.
3409 1645 3517 1703 Ne-

1896 1755 2003 1811 que
2029 1739 2174 1796 enim
2203 1740 2338 1797 alias
2365 1741 2603 1812 Spiritus
2623 1751 2847 1800 sanctus
2870 1752 3130 1814 operatus
3145 1751 3315 1806 esset,
3340 1756 3518 1814 neque

1896 1831 2210 1892 Macedonia
2237 1834 2465 1892 verbum
2491 1837 2842 1907 suscepisset.
2871 1836 3080 1894 Tantus
3109 1851 3241 1892 vero
3272 1836 3362 1893 ille
3385 1850 3514 1908 pro-

1896 1926 2070 1982 fectus
2096 1927 2309 2000 signum
2339 1937 2478 1993 erat,
2504 1944 2618 1985 rem
2644 1937 2852 2000 gestam
2876 1945 2984 1985 non
3003 1929 3171 1986 fuisse
3194 1928 3509 1984 humanam.

1851 2073 1860 2080 ,
1895 2019 2057 2091 Atqui
2079 2036 2187 2076 nou
2211 2019 2368 2088 dixit,
2389 2021 2692 2077 Barnabam
2721 2022 3113 2079 cxacerbatum
3141 2021 3343 2087 fuisse;
3375 2020 3498 2087 sed,

1895 2112 1924 2166 Ι
1931 2122 2043 2168 nter
2070 2113 2189 2168 illos
2215 2114 2467 2170 dissensio
2487 2117 2607 2188 fuit.
2635 2115 2694 2173 Si
2736 2116 2824 2173 hic
2852 2115 3212 2174 exacerbatus
3255 2131 3368 2173 non
3389 2124 3510 2183 est,

1896 2221 2072 2276 neque
2097 2206 2210 2262 ille.

1966 2301 2021 2356 5.
2066 2300 2195 2357 [huc
2224 2318 2347 2358 cum
2369 2303 2626 2372 sciamus,
2665 2318 2736 2360 ne
2762 2303 3132 2375 perfunctorie
3156 2304 3248 2360 illa
3269 2302 3511 2374 excipia-

1893 2410 2034 2459 mus.
2066 2396 2162 2453 sed
2205 2397 2480 2454 discamus
2512 2409 2571 2454 et
2613 2399 2992 2465 instituamur;
3033 2413 3210 2470 neque
3256 2400 3401 2453 cnim
3432 2404 3513 2452 tc-

1892 2503 2042 2544 mere
2071 2489 2335 2560 scriptum
2362 2499 2464 2546 est.
2485 2489 2733 2562 Magnum
2754 2490 2956 2547 malum
2982 2500 3069 2547 est
3094 2493 3347 2563 ignorare
3365 2489 3513 2548 Scri-

1892 2589 2078 2649 pturas
2096 2597 2112 2636 :
2133 2596 2165 2637 a
2191 2582 2389 2653 quibus
2412 2583 2588 2654 juvari
2619 2591 2919 2654 oporteret,
2945 2583 3014 2639 ab
3041 2585 3108 2640 iis
3129 2584 3398 2640 laedimur.
3418 2582 3510 2640 Sic

1892 2675 2201 2744 frequenter
2220 2674 2512 2746 pharmaca
2535 2676 2643 2731 vim
2666 2675 2924 2733 medendi
2945 2677 3223 2742 habentia,
3244 2692 3368 2734 cum
3389 2675 3511 2748 ejus

1892 2781 2048 2821 usum
2078 2769 2330 2823 nesciunt
2359 2768 2451 2838 qui
2491 2768 2583 2823 illa
2614 2768 2897 2831 adhibent.
2932 2778 3131 2824 nocent
3157 2783 3222 2823 ac
3264 2782 3511 2838 pessum-

1891 2851 2056 2906 dant:
2081 2863 2137 2907 et
2160 2868 2311 2907 arma
2343 2869 2464 2923 qum
2493 2863 2723 2923 possunt
2748 2854 2910 2919 tueri,
2943 2853 3049 2909 nisi
3073 2855 3196 2925 quis
3221 2861 3376 2910 recte
3400 2853 3511 2909 cir-

1887 2953 2201 3013 cumponat,
2222 2945 2286 2999 iis
2303 2955 2544 3000 utentem
2564 2947 2861 3016 perimunt.
2880 2946 3053 3003 Causa
3075 2961 3208 3002 vero
3234 2954 3339 3012 est,
3362 2946 3506 3018 quod

1887 3036 2065 3090 omnia
2119 3037 2290 3106 magis
2319 3053 2649 3107 quaeramus,
2680 3054 2842 3110 quam
2874 3039 3073 3095 anima:
3100 3039 3421 3106 utilitatem;
3449 3049 3508 3096 et

1885 3128 1990 3183 alia
2017 3130 2192 3199 magis
2214 3140 2549 3199 spectemus,
2578 3146 2740 3202 quam
2768 3132 3063 3190 utilitatem
3093 3141 3362 3189 nostram.
3393 3133 3505 3188 Do-

1886 3235 2007 3276 mus
2045 3233 2193 3278 certe
2220 3222 2534 3279 ﬁrmitatem
2566 3239 2711 3296 saepe
2749 3225 3066 3297 quaerimus,
3119 3240 3221 3282 nec
3265 3225 3504 3297 patimur

1885 3311 2037 3368 illam
2066 3323 2338 3370 vetustate
2366 3325 2649 3372 nutantem
2672 3317 2758 3372 vel
2787 3317 3063 3373 labentem
3087 3317 3296 3381 videre.
3329 3333 3504 3389 neque

1883 3418 1913 3457 a
1937 3413 2256 3475 tempestate
2279 3406 2675 3476 periclitantem
2696 3407 2991 3464 :de‘anima
3003 3424 3135 3465 vero
3153 3410 3300 3464 nulla
3325 3424 3454 3466 cura
3478 3427 3492 3463 :

1883 3495 1979 3552 sed
2010 3498 2227 3575 etiamsi
2258 3497 2610 3556 fundamenta
2641 3501 3011 3581 ejusinlirma
3048 3502 3353 3568 videamus,
3377 3504 3500 3561 licet

1883 3600 1940 3646 et
1962 3600 2295 3647 structuram
2325 3601 2380 3648 et
2410 3601 2614 3649 tectum
2641 3580 2867 3665 perinde
2898 3594 3132 3664 habere;
3167 3597 3371 3653 nullam
3395 3597 3498 3652 ho-
3637 3580 3642 3584 ’

1883 3700 2003 3740 rum
2029 3687 2297 3741 rationem
2326 3685 2612 3743 habemus.
2650 3687 2783 3743 Item
2809 3689 2858 3745 si
2886 3699 3135 3746 armenta
3177 3690 3497 3760 habeamus,

1883 3779 2014 3850 quid
2041 3779 2148 3835 illis
2174 3779 2348 3851 prosit
2372 3781 2692 3850 qumrimus,
2726 3780 3091 3853 ductoresque
3126 3799 3191 3840 ac
3230 3784 3494 3850 medicos,

1882 3888 2209 3945 omnemque
2229 3872 2464 3945 lapidem
2491 3889 2775 3930 movemus
2792 3874 2810 3907 ¹
2832 3893 2847 3930 :
2873 3874 3065 3932 domos
3093 3893 3312 3950 quoque
3336 3893 3498 3936 cura-

1884 3980 2025 4029 mus,
2052 3973 2110 4022 et
2137 3979 2233 4021 eos
2262 3965 2460 4036 quibus
2489 3965 2608 4021 lucc
2634 3966 2927 4023 commissa
2953 3977 3080 4024 sunt
3102 3970 3407 4038 hortamur,
3434 3983 3494 4028 ut

1881 4075 1991 4115 non
2021 4070 2227 4116 temere
2251 4060 2339 4116 vel
2363 4059 2732 4132 perfunctorie
2769 4059 3016 4134 jumenta
3042 4063 3284 4136 abigant,
3315 4081 3494 4139 neque

1881 4167 2045 4208 onera
2075 4154 2374 4224 imponant,
2417 4152 2504 4210 vel
2552 4153 2878 4225 intempesta
2909 4165 3070 4212 nocte
3110 4156 3367 4226 educant,
3399 4158 3490 4215 vel

1879 4245 2138 4318 alimenta
2164 4243 2516 4312 venumdent,
2551 4246 2844 4319 multaque
2882 4247 3029 4319 leges
3057 4249 3200 4321 apud
3229 4263 3330 4306 nos
3359 4260 3490 4308 sunt

1879 4338 1945 4395 ad
1972 4337 2260 4394 utilitatem
2291 4337 2664 4409 iumentorum
2689 4358 2703 4396 :
2727 4340 2797 4397 de
2821 4342 2999 4399 anima
3029 4343 3168 4400 ratio
3195 4344 3363 4400 nulla.
3383 4344 3491 4403 Ve-

1879 4446 2000 4487 rum
2030 4430 2158 4501 quid
2185 4430 2308 4488 dico
2327 4431 2396 4488 de
2415 4432 2610 4501 brutis,
2636 4449 2758 4506 qua:
2779 4434 2938 4491 nobis
2965 4436 3113 4492 utilia
3136 4437 3298 4493 sunt?
3329 4437 3487 4496 Multi

1879 4531 2026 4589 sunt,
2055 4524 2147 4595 qui
2178 4539 2426 4594 passeres
2451 4526 2654 4582 habent
2683 4527 2752 4583 ad
2781 4528 2914 4584 nihil
2943 4531 3124 4595 utiles,
3157 4530 3256 4588 sed
3279 4533 3370 4604 qui
3395 4548 3487 4590 so-

1877 4618 1989 4672 lum
2015 4627 2286 4687 recreant,
2310 4618 2604 4691 multaeque
2624 4632 2752 4677 sunt
2778 4623 2922 4679 circa
2965 4624 3087 4681 illos
3118 4625 3287 4697 leges,
3315 4628 3485 4686 nihil-

1876 4725 1980 4782 que
1993 4709 2280 4782 negligitur
2296 4712 2380 4768 vel
2396 4712 2693 4770 omittitur:
2716 4718 3003 4789 omniaque
3020 4720 3189 4793 magis
3206 4737 3483 4790 curamus,

1876 4818 2036 4872 quam
2061 4818 2161 4859 nos
2188 4803 2358 4874 ipsos.
2388 4803 2480 4861 Sic
2509 4808 2763 4864 omnibus
2792 4825 2980 4867 sumus
3026 4811 3398 4884 ignobiliores.
3426 4816 3483 4873 Si

1880 4897 2002 4966 quis
2022 4899 2418 4956 contumeliose
2440 4901 2596 4956 nobis
2615 4900 2834 4971 dixerit,
2856 4904 3041 4974 Canis,
3066 4907 3342 4968 dolemus°
3363 4928 3485 4968 cum

1879 5003 2009 5044 vero
2036 5005 2135 5044 nos
2163 4990 2264 5062 ipsi
2295 4991 2453 5048 nobis
2483 4997 2865 5052 contumeliam
2890 4987 3194 5069 inferimus,
3230 5019 3337 5060 non
3368 5021 3489 5062 ver-

1877 5081 1966 5147 bo,
2000 5081 2096 5136 sed
2119 5098 2201 5148 re,
2231 5099 2333 5139 nec
2355 5093 2559 5141 tantam
2586 5089 2781 5145 animae
2806 5106 2992 5146 curam
3016 5092 3299 5163 habemus,
3319 5113 3482 5170 quam

1882 5189 2100 5238 canum,
2125 5174 2259 5229 nihil
2285 5191 2384 5230 nos
2409 5179 2518 5247 pati
2543 5189 2813 5250 putamus.
2843 5183 3036 5242 Videte
3063 5189 3279 5258 quantis
3305 5193 3488 5247 omnia

1883 5267 2041 5336 plena
2068 5267 2178 5322 sint
2207 5269 2466 5326 tenebris.
2495 5271 2641 5338 Quot
2669 5284 2798 5330 sunt
2831 5277 2921 5348 qui
2952 5279 3193 5348 student,
3224 5298 3293 5338 ne
3320 5299 3485 5342 canes

1879 5358 2000 5428 plus
2026 5375 2180 5430 :rquo
2207 5363 2571 5430 exsatientur;
2603 5375 2664 5422 ut
2692 5369 2802 5424 sint
2846 5370 3066 5429 veloces
3115 5382 3171 5431 et
3215 5381 3486 5435 venatorii

1880 5464 2155 5521 premente
2186 5453 2358 5522 fame;
2377 5455 2446 5512 de
2468 5472 2528 5514 se
2548 5474 2680 5516 vero
2703 5462 2831 5517 nihil
2855 5464 3234 5525 sollicitudinis
3256 5469 3480 5538 habent,

1879 5562 2053 5617 neque
2093 5547 2197 5602 sibi
2245 5551 2588 5620 praecipiunt,
2618 5569 2688 5609 ue
2713 5555 2922 5613 deliciis
2965 5558 3095 5615 dent
3141 5578 3400 5634 operam:
3433 5578 3486 5620 et

1875 5640 2029 5695 bruta
2063 5640 2282 5710 quidem
2314 5640 2688 5714 philosophari
2718 5647 2938 5720 docent,
2967 5668 3028 5709 se
3057 5670 3187 5711 vero
3212 5657 3264 5713 in
3295 5658 3481 5716 bruto-

1872 5749 1991 5788 rum
2023 5734 2286 5790 feritatem
2314 5736 2420 5792 labi
2449 5740 2744 5810 patiuntur.

1936 5891 2582 5973 :‘ln‘tigaecfoAlegiturgsm
2595 5912 2712 5956 κάλων
2727 5920 2912 5968 ιινςεςιιν,
2935 5909 3065 5972 quod
3084 5916 3177 5973 est,
3203 5914 3482 5973 adllteram.

1886 5966 2073 6006 onmem
2090 5955 2355 6020 {cuniculum
2382 5970 2639 6015 metemus.
