4034 6432
558 407 656 461 251

638 517 906 571 Brutorum
931 513 1251 584 philosophia
1278 526 1408 583 quae.
1429 539 1498 548 —
1525 506 1770 575 Enigma
1793 511 1874 557 est
1896 502 2010 555 haec
2032 511 2141 552 res.

569 610 633 662 Iit
664 607 875 662 ubinam
899 615 1024 660 sunt
1049 605 1299 660 animalia
1322 599 1655 674 philoSOpha,
1688 594 1928 667 inquies?
1956 593 2145 647 Annon

569 702 662 755 tibi
690 699 899 754 videtur
929 713 1136 769 magna:
1161 711 1281 753 esse
1308 691 1678 766 pbiIOSOphiae,
1703 704 1822 744 cum
1851 686 1999 742 canis
2030 699 2155 754 pre-

568 802 745 846 mente
761 791 924 857 fame,
951 800 1228 861 postquam
1249 791 1301 843 in
1320 796 1508 842 venatu
1531 785 1694 854 cepit,
1712 799 1740 837 a
1764 780 2008 853 praesenti
2028 794 2149 832 esca

567 884 821 949 abstinet,
854 896 908 939 et
939 895 1158 954 urgente
1181 883 1318 937 fame
1342 879 1614 935 dominum
1632 874 1934 946 exspectat?
1953 872 2156 928 Pudeat

572 993 702 1032 vos:
729 987 944 1033 ventres
982 977 1173 1033 docete
1214 983 1446 1039 vestros,
1479 981 1538 1028 ut
1582 974 1652 1026 ita
1693 972 1801 1026 sint
1827 965 2151 1038 philosophi.

575 1070 724 1124 Nulla
751 1069 903 1124 vobis
931 1068 1202 1124 excusatio
1229 1075 1330 1123 est.
1376 1065 1508 1121 Cum
1541 1072 1745 1118 natura:
1783 1056 2154 1123 irrationabili,

575 1177 694 1232 quae
733 1176 834 1216 nec
864 1160 1096 1229 loquitur
1125 1173 1224 1213 nec
1260 1157 1627 1218 ratiocinator,
1679 1162 1876 1208 tantam
1922 1149 2160 1220 philoso-

580 1253 758 1319 phiam
792 1250 976 1305 indere
999 1252 1217 1320 \possis,
1268 1250 1438 1304 multo
1486 1247 1655 1319 magis
1686 1244 1885 1316 poteris
1912 1243 2004 1296 tibi
2036 1243 2154 1311 ipsi.

578 1344 728 1410 Quod
755 1342 897 1396 enim
929 1357 994 1396 ex
1028 1343 1255 1396 humana
1277 1341 1572 1412 diligentia,
1604 1355 1709 1393 non
1731 1354 1796 1392 ex
1828 1345 2012 1391 natura
2040 1349 2163 1404 pro-

581 1434 848 1488 ticiscatur
874 1431 1074 1500 liquet;
1103 1431 1337 1500 alioquin
1365 1439 1639 1500 Oporteret
1665 1442 1854 1482 omnes
1874 1439 2034 1480 canes
2062 1424 2163 1479 hoc

579 1523 798 1577 habere.
835 1520 1022 1576 Estote
1061 1522 1254 1576 saltem
1282 1523 1423 1576 sicut
1466 1535 1649 1576 canes.
1696 1519 1804 1574 Vos
1846 1533 1932 1573 me
1973 1518 2164 1587 cogitis

583 1616 705 1669 hinc
731 1614 970 1682 exempla
997 1612 1225 1667 ducere:
1257 1613 1580 1683 oportuisset
1608 1612 1751 1667 enim
1783 1625 1812 1664 a
1841 1610 2163 1672 caelestibus;

582 1708 704 1777 quia
733 1719 859 1761 vero
888 1705 933 1762 si
968 1705 1072 1760 tale
1099 1705 1372 1776 quidpiam
1404 1707 1614 1772 dixero,
1655 1704 1952 1760 dieitisilla
1979 1718 2167 1774 magna

582 1815 735 1854 esse:
760 1799 880 1854 ideo
913 1797 1046 1853 nihil
1089 1798 1381 1853 caalestium
1427 1813 1687 1854 memoro.
1720 1796 1774 1852 Si
1815 1797 2003 1851 dixero
2028 1796 2168 1851 Pau-

588 1890 919 1955 lum,dicitis
960 1890 1108 1945 illum
1156 1888 1321 1944 fuisse
1365 1888 1696 1959 apostolum;
1730 1887 1850 1942 ideo
1893 1902 2000 1941 non
2049 1885 2170 1941 dico

588 1983 828 2036 Paulum.
861 1981 917 2036 Si
948 1981 1132 2036 dixero
1154 1980 1447 2047 hominem,
1477 1979 1686 2043 dicetis,
1711 1978 1802 2034 Ille
1829 1979 2025 2047 potuit;
2052 1977 2171 2033 ideo

589 2090 762 2143 neque
793 2075 1062 2128 hominem
1091 2072 1232 2139 dico,
1276 2073 1368 2128 sed
1398 2072 1647 2138 bestiam,
1693 2079 1747 2126 et
1787 2071 2012 2126 bestiam
2053 2087 2174 2142 qua:

590 2166 690 2221 hoc
711 2180 817 2220 non
841 2181 902 2219 ex
938 2174 1124 2220 natura
1147 2181 1242 2219 sua
1270 2164 1450 2230 habet,
1483 2179 1551 2219 ne
1573 2163 1766 2217 dicatis
1789 2163 1955 2232 ipsam
1983 2178 2048 2217 ex
2075 2179 2174 2218 na-

592 2267 708 2311 tura
741 2256 960 2320 habere,
993 2272 1098 2312 non
1127 2273 1192 2313 ex
1225 2256 1505 2327 preposito
1546 2270 1676 2320 suo;
1706 2254 1954 2326 quodque
1982 2256 2174 2310 mirum

593 2356 696 2412 est,
729 2363 835 2401 non
865 2348 1139 2416 proposito
1165 2363 1283 2413 suo,
1315 2346 1407 2402 sed
1431 2361 1558 2401 cura
1597 2355 1704 2403 tua.
1742 2346 1856 2400 Non
1885 2347 2025 2414 quod
2055 2346 2176 2401 fati-

594 2449 735 2505 gata,
771 2453 875 2491 non
904 2438 1045 2505 quini
1076 2453 1234 2492 cursu
1279 2437 1567 2506 discerpta,
1611 2451 1716 2491 non
1764 2436 1908 2506 quod
1959 2439 2178 2507 proprio

596 2528 777 2582 labore
800 2536 946 2596 parta
974 2527 1084 2582 hmo
1111 2529 1337 2597 cogitet;
1367 2527 1463 2582 sed
1490 2527 1570 2582 bis
1598 2527 1846 2582 omnibus
1878 2525 2020 2582 foras
2036 2528 2180 2590 tuis-

597 2621 690 2685 sis,
708 2620 912 2687 jussum
931 2619 1134 2673 domini
1152 2628 1331 2674 servat
1347 2631 1394 2674 et
1418 2630 1603 2675 ventre
1621 2619 1679 2674 fit
1695 2621 1960 2690 superior.
1983 2621 2177 2686 Etiam,

599 2709 839 2778 inquies;
869 2718 1144 2778 exspectat
1189 2711 1332 2763 cnim
1383 2709 1609 2771 laudari.
1658 2719 1933 2780 ex5pcctat
1979 2711 2183 2782 majore

600 2799 717 2862 fruit
732 2814 935 2854 mensa.
963 2801 1054 2854 Dic
1085 2799 1246 2871 igitur
1275 2799 1368 2854 tibi
1396 2800 1517 2869 ipsi,
1551 2815 1735 2855 canem
1758 2816 1853 2872 spe
1872 2803 2064 2858 futura:
2085 2820 2183 2858 vo—

602 2891 815 2958 luptatis
845 2899 1160 2959 prmsentcm
1183 2892 1489 2962 despicere;
1515 2899 1569 2946 tu
1595 2907 1724 2947 vero
1747 2908 1855 2949 non
1879 2895 1962 2950 vis
1986 2911 2082 2965 spe
2105 2896 2186 2952 fu-

604 2991 842 3034 turorum
895 2981 1158 3035 bonorum
1211 2982 1493 3051 pru‘senlia
1533 2992 1899 3040 contemnere.
1945 2987 2050 3042 Sed
2096 2988 2185 3043 ille

602 3071 813 3139 quidem
845 3071 1014 3136 novit,
1047 3073 1090 3125 si
1123 3072 1494 3142 intempestive
1514 3083 1564 3128 et
1593 3086 1790 3144 praeter
1818 3076 2064 3145 placitum
2087 3077 2187 3132 do-

607 3163 737 3217 mini
766 3163 944 3218 cibum
976 3163 1239 3233 degustet,
1274 3165 1365 3219 illo
1390 3166 1550 3220 etiam
1573 3167 1888 3235 privandum
1918 3184 2057 3236 esse,
2082 3186 2181 3226 nec

608 3264 843 3323 paratam
885 3269 1060 3311 escam
1103 3257 1404 3311 habiturum
1436 3273 1575 3323 esse,
1610 3259 1703 3314 sed
1736 3260 1916 3331 plagas
1947 3278 2041 3331 pro
2063 3264 2185 3319 cibo

607 3357 979 3416 accepturum;
1016 3357 1067 3402 tu
1103 3363 1230 3403 vero
1260 3365 1328 3403 ne
1357 3349 1457 3404 hoc
1487 3349 1699 3420 quidem
1726 3359 1876 3421 potes
1902 3353 2083 3411 videre
2106 3376 2118 3410 :
2139 3367 2193 3410 et

609 3439 749 3507 quod
776 3440 863 3495 ille
892 3454 922 3493 τι
945 3440 1333 3495 consuetudine
1374 3441 1578 3506 didicit,
1631 3443 1734 3498 hoc
1765 3454 1819 3499 tu
1847 3447 2054 3501 ratione
2085 3465 2193 3504 non

609 3531 884 3586 emendas.
916 3530 1188 3586 Imitemur
1216 3547 1396 3586 canes.
1424 3531 1536 3588 Hoc
1557 3533 1806 3590 dicuntur
1825 3544 1881 3591 et
1908 3538 2195 3608 accipitres

611 3631 662 3676 et
690 3621 880 3689 aquilae
910 3621 1117 3687 facere;
1153 3631 1206 3676 et
1235 3623 1376 3678 sicut
1417 3624 1557 3678 inter
1596 3623 1738 3680 feras
1781 3636 1834 3682 et
1859 3642 2080 3698 capreas
2109 3645 2199 3684 ca—

614 3730 730 3780 nes,
760 3714 837 3768 sic
869 3714 921 3768 hi
953 3715 1092 3768 inter
1117 3729 1243 3769 aves
1275 3713 1507 3769 faciunt:
1531 3714 1587 3769 bi
1621 3731 1746 3772 vero
1775 3718 1934 3773 etiam
1979 3735 2046 3774 ex
2092 3719 2196 3775 bu-

619 3820 774 3859 mana
814 3805 1169 3875 phiIOSOphia.
1207 3806 1332 3861 llzec
1378 3822 1477 3862 nos
1523 3808 1778 3866 damnare
1808 3822 2050 3881 possunt,
2083 3811 2200 3869 haec

620 3910 717 3951 nos
743 3911 955 3965 capere.
988 3897 1146 3952 Aliud
1177 3897 1381 3953 dicam:
1406 3914 1574 3970 equos
1599 3912 1836 3971 agrestes
1874 3912 1928 3958 et
1966 3905 2199 3961 indomi-

619 3983 734 4054 tos,
753 3989 1094 4043 calcitrantcs
1123 3997 1176 4044 et
1202 3991 1530 4058 mordentes,
1562 3991 1709 4048 brevi
1738 4004 1977 4066 tempore
2007 3997 2076 4052 ita
2109 4014 2201 4068 pe-

524 4106 533 4112 -
621 4079 706 4132 riti
738 4079 1004 4145 erudiunt,
1033 4090 1090 4133 ut
1115 4095 1279 4151 eques
1309 4081 1545 4138 insidens
1574 4097 1640 4138 ex
1669 4086 1964 4156 composito
1989 4088 2202 4145 incessu

619 4171 920 4226 obluctetur
959 4174 1234 4227 :auimam
1284 4188 1412 4229 vero
1463 4175 1816 4245 incomposite
1868 4179 2202 4238 incedentem

624 4283 783 4321 nemo
812 4278 981 4334 curat,
1015 4267 1106 4323 sed
1129 4269 1304 4324 exsilit
1330 4269 1436 4337 illa,
1467 4270 1727 4338 calcitrat,
1755 4270 2008 4327 deorsum
2039 4275 2206 4330 trahi-

627 4371 711 4415 tur
740 4370 797 4414 ut
823 4377 978 4430 puer,
1011 4362 1261 4418 indecore
1291 4363 1486 4419 millies
1530 4364 1656 4435 agit,
1690 4381 1955 4436 nemoque
1983 4367 2084 4438 ipsi
2115 4385 2206 4424 ca-

629 4468 774 4506 mum
810 4451 976 4521 injicit
1013 4461 1065 4507 et
1095 4454 1384 4508 retinacula
1431 4454 1645 4524 pedum,
1690 4459 1772 4512 vel
1824 4456 1993 4526 frena,
2037 4477 2204 4532 neque

630 4542 864 4596 admittit
896 4543 1246 4612 illaperitum
1291 4545 1547 4614 equitem,
1597 4546 1866 4603 Christum
1910 4549 2051 4605 dico.
2087 4551 2209 4607 ldeo

632 4634 810 4686 omnia
837 4649 929 4688 sus
957 4633 1128 4702 deque
1155 4636 1322 4704 posita
1347 4645 1490 4690 sunt.
1523 4635 1654 4690 Cum
1678 4639 1817 4693 enim
1841 4655 1999 4698 canes
2019 4642 2208 4701 doceas

636 4725 806 4779 ventri
838 4724 1120 4795 imperare,
1165 4735 1219 4779 et
1250 4727 1482 4782 furerent
1514 4727 1683 4784 leonis
1709 4729 1948 4796 edomes,
1988 4744 2041 4789 et
2070 4734 2214 4790 fero-

638 4815 773 4866 ciam
815 4815 953 4883 equi,
1003 4826 1057 4870 et
1085 4816 1280 4871 doceas
1308 4831 1434 4872 aves
1465 4817 1608 4888 loqui
1645 4835 1659 4872 :
1701 4835 1879 4876 annon
1922 4823 2212 4879 absurdum

643 4904 803 4958 fuerit
831 4905 1001 4960 brutis
1029 4910 1230 4963 naturis
1251 4910 1577 4965 rationabilia
1609 4928 1770 4982 opera
1812 4916 2014 4982 indere,
2048 4921 2099 4973 in
2127 4936 2215 4974 ra-

646 4995 914 5049 tionabilia
945 5012 1074 5052 vero
1112 4999 1554 5054 irrationabilium
1582 5004 1707 5057 vitia
1752 5006 2038 5064 inducere?
2061 5010 2216 5068 Nulla

647 5085 820 5150 nobis,
851 5086 994 5140 nu'lla
1023 5096 1169 5143 certe
1194 5089 1349 5142 venia
1391 5101 1493 5143 est.
1525 5088 1722 5146 Omnes
1757 5096 1844 5162 qui
1874 5098 2008 5153 bene
2033 5113 2216 5171 agunt,

645 5185 750 5228 tam
785 5176 968 5232 fideles
1007 5193 1165 5248 quam
1215 5179 1478 5246 infideles,
1508 5197 1605 5237 nos
1630 5187 1972 5242 accusabunt.
2002 5190 2133 5247 Nam
2166 5205 2221 5253 et

1266 401 1322 456 s.
1362 392 1635 454 JOANNIS
1670 382 2148 446 cnnvsusrosu
2189 383 2503 439 ARCIIIEP.
2532 383 3062 439 CONSTANTINOP.

3742 383 3861 443 253

2251 495 2492 551 inﬁdeles
2521 498 2658 551 bene
2686 509 2869 566 agunt,
2899 507 2952 551 et
2983 500 3107 553 ferae
3128 515 3426 571 canesque;
3458 501 3562 557 soli
3594 501 3859 559 homines

2251 588 2487 644 minime.
2524 588 2629 645 Sed
2663 600 2716 644 et
2759 606 2855 645 nos
2902 593 3001 662 ipsi
3047 608 3145 647 nos
3170 595 3564 661 accusabimus,
3595 600 3688 666 qui
3724 615 3857 655 cum

2252 684 2521 746 volumus,
2556 692 2701 738 recte
2730 685 2968 754 agimus;
2997 700 3118 741 cum
3163 703 3291 742 vero
3334 689 3685 760 negligimus,
3722 710 3860 761 per-

2253 776 2533 829 trahimur.
2555 774 2686 830 Nam
2709 791 2776 832 ex
2798 777 2860 832 iis
2879 780 3062 846 etiam,
3085 780 3172 850 qui
3197 783 3508 852 nequissimi
3527 793 3675 850 sunt,
3700 787 3862 843 multi

2256 882 2400 935 smpe
2425 882 2546 922 cum
2575 869 2794 935 vellent,
2820 881 2947 925 sunt
2974 873 3181 926 mutati.
3208 872 3264 928 In
3295 890 3453 930 causa
3479 886 3585 943 est,
3615 889 3675 933 ut
3719 881 3858 948 dixi,

2259 960 2381 1028 quia
2405 960 2714 1028 circuimus,
2732 977 2792 1016 ea
2812 973 3114 1032 quaerentes
3129 983 3247 1036 qua:
3265 970 3386 1025 aliis
3408 973 3557 1028 utilia
3570 987 3722 1041 sunt,
3748 992 3861 1030 non

2261 1051 2435 1107 nobis.
2459 1054 2511 1109 Si
2535 1053 2750 1109 domum
2770 1060 3098 1116 exstruxeris
3115 1062 3472 1132 splendidam,
3490 1066 3690 1124 domus
3710 1085 3864 1124 com-

2265 1143 2425 1198 modo
2445 1144 2650 1213 studes,
2678 1162 2784 1202 non
2813 1156 2936 1204 tuo:
2968 1152 3012 1205 si
3044 1161 3246 1209 vestem
3273 1156 3614 1224 magnificam
3634 1161 3864 1221 emeris.

2265 1239 2507 1306 corporis
2539 1237 2719 1294 decori
2757 1244 3023 1304 consulis.
3055 1261 3161 1300 non
3193 1255 3284 1302 tuo
3311 1266 3326 1302 :
3353 1249 3399 1303 si
3427 1266 3629 1320 equum
3662 1253 3867 1308 bonum

2264 1329 2554 1396 curaveris,
2591 1331 2860 1388 similiter.
2903 1335 3072 1392 Nemo
3099 1349 3251 1393 curat
3279 1350 3339 1395 ut
3363 1343 3433 1397 sit
3458 1345 3641 1398 anima
3669 1346 3816 1401 bona
3853 1366 3867 1402 :

2265 1423 2509 1491 quamvis
2525 1425 2569 1478 si
2592 1424 2684 1479 illa
2701 1424 2839 1480 bona
2869 1427 2958 1492 sit,
2986 1444 3090 1484 non
3115 1432 3184 1485 sit
3209 1433 3314 1487 illis
3334 1449 3498 1503 opus;
3522 1437 3566 1490 si
3591 1438 3738 1493 bona
3759 1455 3868 1494 non

2268 1516 2356 1579 sit,
2386 1516 2530 1570 nulla
2558 1533 2624 1573 ex
2653 1518 2757 1573 illis
2785 1520 3006 1577 utilitas.
3035 1522 3185 1577 Sicut
3210 1525 3353 1580 enim
3393 1542 3517 1582 cum
3563 1527 3633 1584 de
3662 1545 3873 1600 sponsa

2270 1607 2462 1677 agitur,
2496 1609 2614 1664 sive
2658 1609 2782 1666 lecti
2827 1612 2934 1666 sint
2981 1628 3049 1668 ex
3095 1615 3453 1674 velaminibus
3499 1621 3702 1687 aureis,
3755 1624 3876 1676 sive

2271 1697 2421 1753 chori
2454 1700 2739 1756 mulierum
2773 1701 3305 1776 formosissimarum,
3347 1711 3465 1765 sive
3509 1727 3650 1767 ιιοεξε
3687 1714 3878 1769 adsint

2273 1799 2326 1845 et
2351 1805 2588 1857 coronae,
2617 1793 2731 1848 sive
2759 1809 2991 1864 sponsus
3021 1797 3310 1864 formosus,
3355 1801 3468 1857 sive
3495 1804 3731 1869 ancillae,
3759 1805 3879 1860 sive

2275 1882 2460 1936 amica:
2490 1891 2803 1953 cuuctmque
2830 1886 3042 1943 decora:
3071 1890 3197 1953 sint,
3246 1891 3289 1944 si
3340 1892 3430 1947 illa
3473 1894 3737 1951 deformis
3782 1897 3878 1963 sit,

2278 1972 2422 2027 nulla
2445 1974 2678 2040 utilitas;
2712 1985 2770 2030 ut
2797 1993 2973 2047 neque
2998 1979 3275 2050 damnum,
3305 1985 3349 2038 si
3374 1985 3462 2038 illa
3502 1987 3726 2054 pulchra
3763 1991 3878 2052 sit;

2279 2066 2386 2121 imo
2414 2077 2619 2122 contra.
2655 2068 2788 2123 Nam
2811 2072 2854 2125 si
2881 2072 3138 2128 deformis
3163 2077 3251 2140 sit,
3281 2094 3310 2132 a
3341 2077 3588 2135 formosis
3612 2081 3879 2147 laadetur;

2281 2157 2324 2211 si
2349 2157 2604 2227 formosa,
2636 2176 2665 2214 a
2693 2161 3023 2220 deformibus
3060 2166 3354 2234 iuvabitur.
3384 2171 3474 2225 Sic
3503 2182 3557 2225 ct
3586 2173 3798 2242 anima,
3835 2178 3884 2228 si

2285 2250 2500 2318 pulchra
2531 2253 2619 2318 sit,
2665 2269 2772 2308 non
2799 2255 2959 2310 modo
2987 2259 3135 2312 nullo
3180 2265 3368 2315 horum
3397 2278 3532 2333 opus
3562 2263 3752 2332 habet,
3785 2265 3886 2320 sed

2284 2341 2445 2396 etiam
2478 2343 2566 2397 illa
2613 2345 2900 2401 obumbrat
2927 2349 3272 2417 pulchritudo
3301 2354 3437 2422 ejus.
3487 2355 3887 2426 Philosophum

2284 2432 2426 2485 enim
2459 2448 2568 2487 non
2612 2434 2690 2488 sic
2719 2436 2771 2488 in
2814 2436 3042 2506 divitiis,
3076 2450 3131 2494 ut
3162 2442 3214 2496 in
3245 2455 3558 2513 paupertate
3586 2446 3887 2517 fulgentem

2285 2521 2605 2581 videbimus.
2637 2526 2769 2582 Nam
2799 2528 2843 2584 si
2871 2529 3023 2584 dives
3050 2533 3140 2598 sit,
3171 2533 3319 2588 multi
3347 2536 3540 2603 opibus
3564 2538 3889 2594 adscribunt

2287 2615 2562 2682 virtutem,
2595 2627 2780 2687 utpote
2811 2622 2958 2676 nullo
2981 2633 3264 2694 egentem:
3294 2627 3339 2680 si
3371 2642 3502 2682 vero
3528 2629 3599 2683 sit
3628 2629 3900 2701 inops,et'

2290 2707 2512 2763 omnino
2535 2710 2836 2779 splendeat,
2858 2729 2958 2770 nec
2979 2724 3131 2786 turpe
3147 2719 3418 2789 quidpiam
3436 2737 3596 2791 agere
3623 2733 3888 2794 cogatur;

2292 2817 2451 2857 nemo
2478 2818 2600 2857 cum
2626 2806 2719 2859 illo
2745 2807 2810 2861 de
2839 2807 3190 2880 philosophizn
3215 2825 3415 2868 corona
3440 2818 3741 2871 contendit.

2364 2896 2550 2950 Anima
2579 2899 2812 2952 ornanda
2841 2901 2957 2969 plus
2985 2918 3138 2970 quam
3164 2905 3268 2956 alia
3316 2907 3506 2961 omnia.
3540 2936 3613 2946 —
3634 2907 3893 2963 Animam

2293 2988 2454 3059 igitur
2479 3003 2756 3055 ornemus,
2786 2992 2828 3045 si
2856 2992 3047 3048 divites
3076 3008 3196 3050 esse
3222 2996 3471 3051 velimus.
3495 2997 3626 3066 Quae
3659 3002 3892 3066 utilitas,

2298 3082 2342 3136 si
2373 3083 2531 3137 mula:
2560 3084 2695 3138 albre
2726 3085 2852 3150 sint,
2887 3085 3110 3156 pingues
3140 3097 3193 3142 et
3216 3088 3415 3154 obesse,
3449 3097 3505 3145 tu
3531 3106 3666 3145 vero
3694 3093 3789 3163 qui
3811 3109 3897 3149 se-

2301 3174 2416 3241 des,
2447 3177 2682 3246 gracilis,
2714 3177 2990 3233 scabiosus
3015 3188 3069 3234 et
3092 3179 3385 3235 deformis?
3407 3181 3548 3252 quod
3578 3184 3820 3249 lucrum,
3851 3185 3897 3240 si

2303 3275 2467 3321 strata
2516 3267 2695 3322 mollia
2742 3278 2796 3324 et
2840 3270 3086 3340 pulchra,
3134 3273 3398 3329 varietate
3438 3285 3664 3344 arteque
3699 3279 3895 3346 plena;

2300 3358 2475 3412 anima
2505 3375 2634 3414 vero
2663 3363 2853 3431 pannis
2883 3365 3072 3419 laceris
3101 3364 3305 3426 induta,
3339 3367 3420 3422 vel
3451 3367 3590 3421 nuda
3630 3377 3688 3423 et
3718 3369 3901 3425 fmda?

2301 3449 2443 3519 quod
2477 3451 2710 3526 lucrum,
2759 3455 2801 3507 si
2848 3459 3347 3533 equus/composito
3375 3459 3541 3530 gradu
3575 3460 3815 3526 incedat,
3849 3471 3902 3517 et

2304 3543 2681 3614 tripudiantem
2709 3548 2876 3617 magis
2902 3549 3115 3616 referat,
3140 3567 3298 3621 quam
3316 3553 3679 3621 incedentem,
3707 3565 3762 3610 et
3781 3566 3902 3626 post

2303 3633 2609 3705 bujusmodi
2647 3636 2900 3693 choream
2931 3642 3166 3709 sponsali
3208 3643 3277 3696 sit
3321 3653 3640 3699 ornamento
3670 3645 3901 3701 decon-

2306 3735 2421 3791 tus;
2445 3742 2610 3798 eques
2631 3745 2761 3784 vero
2794 3731 2913 3800 plus
2936 3747 3096 3802 quam
3123 3733 3347 3788 claudus
3381 3735 3668 3801 claudicet,
3700 3746 3759 3792 et
3785 3739 3904 3807 plus

2306 3834 2464 3889 quam
2492 3821 2734 3876 ebriosus
2755 3825 2875 3893 quis
2907 3823 3245 3896 furiosusque
3274 3826 3532 3883 distortus
3562 3830 3634 3883 sit
3655 3830 3905 3885 manibus

2308 3910 2661 3982 pedibusque.
2698 3914 2793 3968 Dic
2823 3915 2980 3981 mihi,
3009 3918 3054 3971 si
3085 3917 3205 3988 quis
3247 3918 3342 3974 tibi
3383 3919 3540 3976 daret
3568 3935 3770 3992 equum
3799 3923 3908 3992 pul-

2309 4003 2519 4070 chrum,
2549 4013 2603 4059 et
2641 4021 2838 4076 corpus
2869 4017 3015 4064 tuum
3066 4009 3448 4082 distorqueret,
3501 4029 3623 4083 quae
3665 4014 3906 4070 utilitas?

2309 4094 2462 4151 Nunc
2487 4097 2720 4152 animam
2753 4097 3037 4155 distortam
3069 4099 3259 4169 habes,
3288 4118 3390 4158 nec
3414 4118 3592 4159 curas.
3644 4105 3724 4161 De
3752 4107 3906 4162 nobis

2311 4187 2461 4258 ipsis,
2486 4206 2689 4260 quaeso,
2723 4191 2938 4247 tandem
2961 4193 3181 4249 solliciti
3202 4199 3389 4250 simus.
3419 4196 3499 4252 Ne
3526 4212 3628 4253 nos
3655 4199 3908 4255 omnibus

2312 4282 2782 4353 ignominiosiores
2810 4287 3220 4342 constituamus.
3263 4287 3320 4344 Si
3346 4291 3466 4360 quis
3508 4305 3608 4346 nos
3651 4293 3909 4350 conviciis

2316 4376 2569 4442 incessat,
2600 4379 2914 4434 mordemur
2957 4381 3338 4454 dolemusque;
3381 4399 3502 4439 eum
3535 4401 3665 4441 vero
3707 4401 3810 4442 nos
3855 4403 3910 4443 re

2317 4472 2432 4543 ipsa
2458 4473 2792 4529 contumeliis
2815 4474 3098 4541 allicimus,
3146 4491 3252 4532 non
3275 4478 3664 4534 convertimur.
3696 4479 3908 4550 Resipi-

2318 4578 2531 4619 scamus
2562 4565 2641 4618 vel
2670 4581 2792 4620 sero
2817 4566 3053 4636 tandem,
3082 4577 3142 4622 ut
3167 4570 3458 4639 possimus,
3487 4583 3776 4642 postquam
3799 4575 3912 4628 sni-

2319 4671 2462 4711 mam
2492 4660 2876 4727 curaverimus,
2928 4670 2982 4718 et
3031 4662 3285 4719 virtutem
3328 4665 3676 4731 coluerimus,
3712 4678 3912 4724 eterna

2319 4755 2572 4825 consequi
2603 4755 2762 4822 bona,
2808 4759 2980 4828 gratia
3012 4768 3066 4814 et
3112 4759 3439 4830 benignitate
3482 4762 3696 4817 Domini
3744 4766 3911 4820 nostri

2319 4843 2445 4900 Jesu
2471 4844 2692 4913 Christi,
2727 4854 2941 4920 quicum
2987 4851 3131 4925 Patri
3171 4861 3226 4908 et
3255 4851 3476 4922 Spiritui
3505 4865 3698 4912 sancto
3719 4858 3911 4930 gloria,

2323 4937 2627 5007 imperium,
2670 4941 2864 5010 honor,
2895 4959 3038 5000 nunc
3075 4953 3131 5000 et
3156 4960 3390 5016 semper,
3410 4955 3470 5002 et
3499 4947 3552 5002 in
3578 4951 3782 5004 secula
3813 4964 3910 5005 sae-

2323 5029 2583 5090 culorum.
2604 5033 2799 5088 Amen.

636 5311 3922 5374 .______________§_________

1945 5399 2288 5471 HOMI‘LIA
2332 5411 2600 5483 XXXV.

641 5527 772 5582 Car.
805 5528 888 5583 16.
936 5546 987 5583 v.
1037 5532 1121 5586 15.
1174 5531 1269 5586 Die
1294 5542 1458 5586 autent
1487 5534 1806 5590 sabbatorum
1841 5543 2026 5609 egressi
2045 5563 2220 5603 sumus

718 5621 840 5675 urbe
867 5637 1034 5676 versus
1067 5625 1296 5693 ﬂuvium,
1329 5628 1412 5679 ubi
1451 5627 1640 5682 solebat
1685 5633 1846 5686 oratio
1877 5652 1981 5690 esse
2010 5654 2029 5692 :
2061 5650 2109 5693 et
2139 5658 2219 5695 se-

717 5718 885 5769 dentes
925 5716 1245 5785 loquebamur
1271 5721 1578 5784 mulieribus,
1609 5740 1722 5792 quae
1745 5743 2094 5787 convenerant.
2129 5735 2215 5792 14.

721 5808 783 5860 Et
810 5809 1037 5875 qua'dam
1066 5813 1245 5868 mulier
1279 5817 1478 5871 nomine
1506 5814 1690 5887 Lydia,
1733 5827 2060 5896 purpur-aria,
2091 5829 2216 5884 civi—

2398 5571 2516 5623 tatis
2566 5569 3026 5644 Tliyatirenorum,
3059 5582 3227 5636 colens
3271 5580 3453 5650 Deum,
3503 5590 3698 5644 audiuit
3729 5607 3748 5644 :
3776 5596 3915 5662 cuius

2396 5661 2648 5720 Dominus
2673 5682 2762 5720 car
2789 5673 3008 5739 aperuit,
3037 5683 3092 5727 ut
3117 5675 3393 5732 attenderet
3413 5679 3476 5733 iis
3495 5661 3915 5750 quwdicebantur

2399 5774 2430 5810 a
2453 5757 2636 5816 Paulo.

2403 5847 2453 5900 1.
2488 5846 2684 5904 Paulus
2704 5851 2963 5920 judaizat.
2999 5850 3176 5925 Lydiw
3201 5855 3528 5932 philoscqihia
3551 5871 3601 5916 et
3624 5861 3912 5926 humilitas.
