4034 6424
197 393 294 453 251

179 518 296 573 οῦκ
323 517 472 570 ἐστιν
506 517 635 590 ύμῖν
665 515 950 587 ἀπολογία.
995 517 1388 589 Ἀλὸγῳκφύσει
1415 519 1664 592 δυνηθεὶς
1693 519 1867 574 ἐνθεῖ-

177 622 264 659 ναι
291 604 418 658 οῦτε
465 606 814 679 φθεγγομένη
862 605 987 660 οὔτε
1035 606 1300 678 λογισμὸν
1349 607 1551 680 ἐχούσῃ
1594 608 1866 680 τοσαύτην

176 692 519 763 φιλοσοφίαν,
562 694 744 765 πολλῷ
805 694 1006 765 μάλλον
1057 695 1264 769 δυνήσῃ
1319 695 1522 767 σαυτῷ.
1579 697 1702 750 Ὅτι
1756 697 1867 768 γὰρ

175 782 499 852 ἐπιμελείας
556 784 905 856 ἀνθρωπίνης
959 785 1111 850 ἐστὶ,
1172 787 1268 839 καὶ
1318 787 1379 839 ού
1411 784 1650 856 φύσεως,
1696 786 1865 857 ἐχρῆν

174 868 425 936 ἅπαντας
462 872 620 926 τοῦτο
639 873 766 936 τοὺς
796 871 966 936 κύνας
989 873 1156 943 ἔχειν.
1186 872 1417 927 Γένεσθε
1439 868 1532 927 οῦν
1557 873 1701 927 κατά
1738 875 1866 937 τοὺς

173 956 365 1021 κύνας.
420 959 610 1030 Ὑμεῖς
641 976 708 1031 με
735 961 1075 1029 ἀναγκάζετε
1099 961 1309 1016 ἐκεῖθεν
1332 962 1402 1016 τά
1437 960 1866 1033 παραδείγματα

170 1045 394 1118 φέρειν’
424 1047 532 1100 ἔδει
570 1046 669 1117 μὲν
699 1049 807 1120 γὰρ
841 1049 954 1104 ἀπὸ
985 1049 1094 1103 τῶν
1119 1050 1388 1119 οὐρανίων
1410 1068 1422 1080 ·
1454 1050 1644 1121 ἐπειδὴ
1671 1050 1760 1114 δέ,
1796 1049 1864 1103 ἂν

167 1134 315 1188 ε’ῖπω
363 1152 416 1187 τι
457 1133 728 1202 τοιοῦτον,
763 1136 950 1206 λέγετε
981 1138 1063 1191 ὅτι
1111 1139 1297 1192 ἐκεῖνα
1346 1138 1561 1209 μεγάλα
1594 1140 1723 1206 εἰσὶ,
1773 1137 1864 1192 διά

166 1221 330 1275 τοῦτο
362 1219 516 1276 οὐδὲν
542 1223 686 1292 λέγω
709 1223 819 1279 τῶν
843 1225 902 1279 ού
914 1226 1130 1298 ρανίων.
1172 1227 1292 1282 Κᾶν
1326 1228 1469 1281 εἴπω
1497 1229 1588 1282 τὸν
1612 1227 1824 1282 Παῦλον
1841 1269 1859 1296 ,

167 1308 361 1377 λέγετε
389 1310 472 1364 ὅτι
504 1312 713 1375 ἐκεῖνος
733 1313 1032 1378 ἀπόστολος
1062 1310 1131 1386 ἦν
1151 1331 1165 1347 ο
1196 1315 1285 1368 διὰ
1305 1315 1465 1369 τοῦτο
1493 1316 1616 1369 ούδέ
1646 1315 1860 1371 Παῦλον

167 1396 339 1466 λέγω.
371 1399 468 1452 Ἂν
491 1401 630 1453 είπω
666 1399 973 1471 ἄνθρωπον,
1001 1402 1192 1472 λέγετε
1232 1405 1319 1457 ὅτι
1352 1405 1561 1468 ἐκεῖνος
1594 1403 1856 1475 ἠδύνατο*

166 1485 264 1540 διά
280 1486 439 1541 τοῦτο
466 1489 586 1542 οὐδὲ
616 1487 764 1561 [267]
799 1489 1087 1561 ἄνθρωπον
1115 1491 1280 1560 λέγω,
1312 1492 1449 1546 ἀλλά
1494 1491 1682 1562 θηρίον
1703 1532 1718 1556 ,
1763 1494 1860 1548 καὶ

167 1573 362 1647 θηρίον
385 1576 448 1628 οὐ
479 1575 641 1645 φύσει
668 1576 828 1631 τοῦτο
853 1578 994 1650 ἐχον.
1015 1579 1102 1632 ἵνα
1126 1580 1200 1649 μὴ
1231 1581 1423 1649 είπητε
1449 1580 1530 1633 ὅτι
1558 1579 1738 1649 φύσει,
1765 1582 1860 1635 καὶ

159 1663 227 1716 οὐ
261 1664 580 1736 προαιρέσει
600 1662 764 1719 τοῦτο
779 1665 1113 1739 κατώρθωσε
1131 1685 1144 1699 ο
1173 1669 1266 1721 καὶ
1295 1669 1355 1722 τὸ
1384 1668 1448 1740 δὴ
1469 1680 1494 1708 ι
1519 1668 1856 1739 θαυμαστὸν,

159 1752 488 1822 προαιρέσει
513 1753 614 1807 οὐκ
650 1755 848 1825 οἰκείᾳ,
895 1755 1031 1809 ἀλλὰ
1068 1759 1134 1829 τῇ
1172 1759 1239 1829 σῇ
1282 1757 1597 1829 ἐπιμελείᾳ.
1625 1759 1735 1828 Ούχ
1774 1759 1858 1812 ὄτι

159 1840 474 1909 κατεκόπη,
507 1841 606 1912 οὐχ
657 1843 741 1896 ὅτι
792 1843 1096 1916 διεσπάσθη
1140 1845 1218 1915 τῷ
1254 1844 1463 1916 δρόμῳ,
1498 1847 1595 1916 οὐχ
1635 1848 1717 1900 ὅτι
1744 1849 1859 1911 τοῖς

155 1926 390 1991 οἰκείοις
421 1929 585 1982 αὑτοῦ
623 1930 807 1994 πόνοις
834 1931 1047 1997 ἐλαϐεν,
1083 1935 1284 1988 ἐννοεῖ·
1311 1933 1446 1990 ἀλλά
1473 1935 1652 1989 πάντα
1680 1935 1857 1992 ταῦτα

158 2013 332 2086 ῥίψας
376 2015 501 2082 ἐξω,
537 2016 722 2072 τὸκτοῦ
773 2019 1037 2074 δεσπότου
1073 2024 1404 2094 πρόσταγμα
1436 2025 1696 2094 φυλάττει
1761 2026 1857 2079 καὶ

156 2101 402 2172 γαστρὸς
436 2103 711 2175 ἀνώτερον
737 2107 763 2146 b
797 2107 1026 2177 γίνεται.
1066 2110 1199 2176 Ναὶ,
1226 2112 1395 2182 φησί·
1433 2113 1712 2184 προσδοκᾷ
1743 2114 1855 2186 γὰρ

153 2191 641 2263 ἐπαινεθήσεσθαι,
691 2197 965 2270 προσδοκᾷ
1007 2198 1254 2264 πλείονος
1282 2201 1689 2255 ἀπολαύσεσθαι
1721 2219 1856 2272 τρα-

151 2277 355 2348 πέζης.
391 2281 528 2334 Εἰπέ
551 2279 645 2336 οῦν
671 2283 765 2336 καὶ
794 2285 992 2357 σαυτῷ,
1015 2287 1096 2340 ὅτι
1120 2289 1148 2341 ό
1170 2287 1323 2342 κύων.
1344 2289 1519 2342 ἐλπίδι
1550 2289 1853 2360 μελλούσης

149 2366 512 2448 ἡδονῆςητῆς
539 2371 824 2443 παρούσης
864 2377 1335 2446 καταφρονεῖοοὺ
1371 2378 1429 2431 δὲ
1469 2367 1530 2431 ού
1561 2377 1742 2448 βούλει
1766 2379 1850 2432 ἐλ-

147 2453 275 2508 πίδι
297 2442 420 2508 τῶιῘ
432 2457 738 2527 μελλόντων
756 2461 979 2531 ἀγαθῶν
997 2463 1108 2517 τῶν
1131 2465 1418 2536 παρόντων
1447 2471 1813 2538 καταφρονεῖν
1832 2485 1847 2498 ·

145 2541 274 2595 ἀλλ’
307 2544 517 2609 ἐκεῖνος
555 2547 653 2617 μέν
682 2546 826 2602 οἶδεν
855 2551 959 2615 ὅτι,
991 2550 1058 2605 ἂν
1108 2553 1356 2620 ἀκαίρως
1390 2553 1487 2606 καὶ
1509 2554 1664 2624 παρὰ
1689 2555 1748 2609 τὸ
1771 2555 1850 2627 τῷ

143 2631 390 2702 δεσπότῃ
416 2633 608 2687 δοκοῦν
634 2635 736 2705 τῆς
765 2638 972 2710 τροφῆς
998 2639 1397 2711 ἀπογεύσηται,
1425 2643 1684 2715 κάκείνης
1709 2645 1850 2697 ἀπο-

146 2719 584 2790 στερηθήσεται,
648 2723 741 2777 καὶ
791 2725 912 2780 οὐδὲ
951 2726 1050 2799 τὴν
1100 2729 1416 2802 ὡρισμένην
1462 2731 1593 2797 ἔξει,
1631 2732 1847 2804 πληγὰς

140 2807 334 2862 λαϐὼν
360 2811 483 2864 ἀντὶ
508 2811 610 2882 τῆς
643 2815 850 2886 τροφῆς
874 2833 887 2846 ·
908 2817 973 2870 σὺ
1006 2817 1065 2871 δέ
1092 2818 1215 2871 ούδέ
1237 2819 1396 2873 τοῦτο
1431 2820 1658 2875 δύνασαι
1693 2823 1844 2889 ἰδεῖν,

139 2898 244 2952 καὶ
284 2899 424 2970 ὅπερ
455 2900 564 2953 ἀπὸ
617 2901 717 2972 τῆς
747 2904 1034 2976 συνηθείας
1075 2906 1280 2976 ἐμαθεν
1315 2908 1523 2971 ἐκεῖνος
1543 2950 1557 2972 ,
1589 2911 1748 2964 τοῦτο
1779 2913 1844 2966 σὺ

137 2986 257 3039 ἀπὸ
281 2985 443 3055 λόγου
471 2989 533 3041 ού
558 2989 864 3060 κατορθοῖς.
897 2993 1288 3064 Μιμησώμεθα
1313 2997 1439 3060 τοὺς
1464 2997 1651 3061 κύνας.
1671 2998 1845 3052 Τοῦτο

135 3073 394 3142 λέγονται
434 3075 530 3129 καὶ
561 3075 780 3148 ἱέρακες
819 3082 993 3133 ποιεῖν
1036 3084 1131 3134 καὶ
1169 3083 1337 3146 ἀετοί.
1390 3083 1572 3156 Ὅπερ
1603 3085 1697 3139 ἐπὶ
1733 3086 1842 3139 τῶν

135 3162 405 3231 ἁλόγωνο
457 3165 550 3218 καὶ
604 3165 714 3219 τῶν
769 3167 1047 3239 δορκάδων
1098 3171 1318 3234 ἐκεῖνοι,
1366 3170 1528 3226 τοῦτο
1581 3173 1677 3227 ἐπὶ
1731 3174 1842 3228 τῶν

132 3252 378 3323 ὀρνίθων
429 3247 614 3308 οῦτοιο
678 3257 773 3310 καὶ
827 3250 975 3311 οῦτοι
1030 3257 1088 3312 δέ
1141 3259 1304 3312 πάλιν
1359 3260 1468 3314 ἀπὸ
1519 3262 1840 3332 φιλοσοφίας

133 3343 516 3414 ἀνθρωπίνης.
585 3344 772 3399 Ταῦτα
829 3347 977 3416 ἡμᾶς
1029 3348 1391 3402 καταδικάσαι
1457 3349 1607 3429 ἔχει,
1666 3352 1841 3405 ταῦτα

133 3431 295 3500 ἡμᾶς
333 3430 494 3485 ἐλεῖν.
533 3433 685 3486 Είπω
713 3435 809 3486 καὶ
832 3433 1020 3505 ἕτερον
1041 3474 1054 3496 ,
1109 3435 1310 3499 ἵππους
1339 3436 1569 3507 ἀγρίους
1601 3438 1698 3491 καὶ
1741 3440 1839 3493 ἀν-

129 3519 389 3588 ημέρους
417 3518 694 3584 λαϐόντες,
720 3519 1075 3586 λακτίζοντας
1092 3523 1186 3575 καί⁷
1216 3523 1535 3588 δάκνοντας,
1565 3527 1622 3578 ἐν
1645 3526 1842 3598 βραχεῖ

129 3606 320 3676 χρόνῳ
349 3605 497 3659 οὕτω
526 3607 873 3662 παιδεύουσιν
910 3610 959 3662 οί
1007 3609 1290 3682 ἔμπειροι,
1325 3612 1400 3677 ὼς
1427 3613 1519 3666 τὸν
1564 3614 1838 3686 ἐπιϐάτην

126 3695 354 3764 τρυφᾷν
397 3692 489 3746 τὸν
528 3694 936 3768 ἐπικαθήμενον
980 3698 1058 3768 τῷ
1104 3697 1205 3768 τῆς
1236 3698 1503 3769 βαδίσεως
1548 3704 1834 3774 εύτάκτῳ·

125 3783 238 3850 τῆς
283 3783 339 3836 δὲ
379 3782 566 3855 ψυχῆς
615 3786 829 3840 ἄτακτα
883 3786 1209 3860 βαδιζούσης
1253 3789 1431 3853 οὐδεὶς
1467 3791 1832 3862 ἐπιμελεῖται,

126 3872 275 3926 ἀλλὰ
296 3872 391 3925 καὶ
408 3872 566 3944 ’πηδᾷ
593 3874 688 3927 καὶ
717 3873 963 3940 λακτίζει
989 3877 1084 3931 καὶ
1118 3877 1346 3949 σύρεται
1370 3879 1547 3950 χαμαὶ⁸
1577 3881 1833 3956 καθάπερ

124 3961 373 4026 παιδίον,
407 3963 502 4015 καὶ
534 3964 840 4034 ἀσχημονεῖ
875 3966 1065 4036 μυρία,
1100 3969 1196 4020 καὶ
1225 3968 1402 4031 οὐδεὶς
1439 3967 1576 4042 αὐτῇ
1602 3971 1836 4040 ψαλίδας

125 4048 483 4121 περιτίθησιν
510 4051 632 4105 οὐδὲ
667 4052 1012 4122 ποδόστροφα
1032 4054 1152 4107 ούδέ
1191 4055 1468 4125 χαλινοὺς,
1501 4058 1612 4110 οὐδ’
1635 4061 1834 4114 ἐπικα-

123 4138 275 4202 θίζει
305 4139 397 4192 τὸν
427 4139 691 4212 ἔμπειρον
720 4140 1009 4212 ἐπιϐάτην,
1042 4142 1133 4197 τὸν
1163 4145 1399 4216 Χριστὸν
1427 4145 1591 4214 λέγω.
1624 4149 1831 4204 Διά’τοι

120 4229 294 4283 τοῦτο
323 4228 501 4282 πάντα
532 4228 647 4283 ἀνω
683 4229 780 4282 καὶ
808 4229 959 4283 κάτω
987 4231 1232 4300 γέγονεν.
1269 4233 1436 4288 Ὅταν
1458 4233 1568 4308 γάρ
1603 4237 1700 4291 καὶ
1726 4256 1832 4307 γα-

121 4318 295 4390 στρὸς
322 4321 548 4390 κρατεῖν
579 4317 752 4382 κύνας
775 4318 1060 4393 παιδεύῃς,
1094 4322 1189 4374 καὶ
1218 4322 1390 4394 θυμὸν
1425 4325 1485 4380 ἐν
1522 4325 1697 4380 λέοντι
1732 4327 1827 4381 δα-

122 4407 339 4479 μάζῃς,
368 4407 464 4460 καὶ
497 4405 725 4472 ἀταξίαν
745 4409 804 4459 ἐν
827 4408 1034 4474 ἵπποις,
1066 4411 1161 4463 καὶ
1187 4411 1522 4478 εύγλωττίαν
1547 4415 1606 4467 ἐν
1625 4415 1822 4486 ὄρνισι,

118 4493 246 4555 πῶς
285 4492 387 4545 οὐκ
408 4493 609 4547 ἀτοπον
635 4496 694 4548 ἐν
727 4495 828 4564 μὲν
860 4494 1078 4565 ἀλόγοις
1112 4495 1308 4565 φύσεσι
1342 4498 1536 4569 λογικά
1557 4503 1824 4558 ἐντιθέναι

116 4579 553 4650 κατορθώματα,
583 4582 644 4636 ἐν
671 4582 728 4635 δὲ
763 4582 1010 4651 λογικαῖς
1029 4584 1097 4638 τὰ
1127 4585 1236 4638 τῶν
1263 4586 1476 4655 ἀλόγων
1507 4590 1824 4662 ἐπεισάγειν

117 4669 309 4740 πάθη;
367 4669 482 4722 Ούκ
517 4669 664 4722 ἐστιν
707 4672 858 4741 ἡμῖν,
913 4673 1013 4725 ούκ
1057 4673 1174 4726 ἐστι
1229 4674 1551 4748 συγγνώμη.
1614 4680 1824 4746 Πάντες

116 4759 286 4830 ἡμῶν
316 4763 787 4829 κατηγορήσουσιν
815 4759 866 4812 οἱ
907 4760 1356 4832 κατωρθωκότες,
1388 4766 1482 4818 καὶ
1515 4769 1696 4821 πιστοὶ
1724 4771 1819 4824 καὶ

113 4849 345 4902 ἄπιστοι
367 4863 380 4876 ·
417 4847 512 4900 καὶ
545 4851 654 4917 γὰρ
684 4848 781 4902 καὶ
820 4847 1040 4903 ἀπιστοι
1073 4850 1447 4923 κατώρθωσαν
1469 4895 1484 4918 ,
1517 4857 1613 4910 καὶ
1651 4856 1818 4929 θηρία

114 4937 215 4989 καὶ
242 4934 425 4999 κύνες,
458 4934 560 4988 οὑκ
591 4933 870 4989 ἄνθρωποι
897 4938 1057 5010 μόνον
1077 4955 1090 4967 ·
1121 4941 1215 4992 καὶ
1247 4943 1406 5014 ἡμεῖς
1447 4943 1604 5016 ήμῶν
1636 4946 1818 5002 αὐτῶν

114 5075 200 5191 sa‘
317 5089 438 5188 ἕως.
463 5073 757 5138 quibusdam
858 5077 1004 5128 deest
1089 5079 1115 5118 Ι)
1137 5079 1235 5128 Alii
1269 5080 1523 5148 ἀνώτερος.
1596 5089 1618 5115 ⁸³
1640 5089 1816 5150 Λαγῶν

190 5153 236 5190 γι
282 5151 313 5187 u

190 5151 313 5190 γιιιυ

1265 401 1333 457 ΙΝ
1367 401 1553 459 ACTA
1589 401 2389 460 APOSTOLORUM..IIO.\IIL.
2428 399 2647 456 XXXV.

3556 396 3660 450 9.52

1973 519 2457 590 κατηγορήσομεν,
2503 519 2632 572 ὅταν
2688 516 2788 587 μὲν
2847 515 3189 588 βουλώμεθα,
3243 513 3662 587 κατορθοῦντες,

1969 607 2098 662 ὅταν
2146 607 2203 660 δέ
2256 607 2615 678 ρᾳθυμῶμεν,
2672 605 3093 678 ὕποσυρόμενοι.
3137 605 3250 660 Καὶ
3297 604 3408 676 γάρ
3463 603 3571 656 τῶν
3608 605 3664 653 ἐν

1971 697 2180 768 σφοδρᾷ
2213 697 2383 767 κακίᾳ
2433 696 2605 750 όντων
2641 695 2828 749 πολλοὶ
2869 695 3130 760 πολλάκις
3167 694 3496 766 θελήσαντες
3532 703 3664 763 μετ-

1968 786 2241 840 εϐάλοντο.
2280 785 2354 838 Τὸ
2380 785 2436 838 δέ
2471 785 2666 848 αἴτιον,
2697 783 2834 855 ὅπερ
2857 783 3015 854 ἔφην,
3057 783 3141 837 ὅτι
3165 780 3572 854 περιερχόμεθα
3596 777 3664 831 τά

1966 878 2171 946 ἐτέρων
2232 875 2585 946 συμφέροντα
2633 873 2961 945 ζητοῦντες,
3024 874 3085 927 ού
3134 871 3204 926 τά
3251 871 3521 944 ἡμέτερα.
3565 869 3665 922 "Av

1964 963 2144 1015 οἰκίαν
2192 962 2560 1035 οἱκοδομήσης
2606 961 2890 1034 λαμπράν,
2921 961 2982 1014 τὸ
3014 960 3117 1030 τῆς
3159 960 3342 1022 οἰκίας
3380 954 3663 1028 συμφέρον

1965 1045 2125 1112 εἶδες,
2153 1051 2215 1103 ού
2241 1050 2302 1104 τὸ
2332 1050 2426 1104 σόν
2445 1068 2458 1082 ·
2491 1050 2558 1104 ἂν
2595 1051 2811 1121 ἰμάτιον
2839 1049 3012 1121 λάϐῃς
3041 1048 3228 1110 καλὸν,
3261 1046 3320 1101 τὸ
3341 1043 3437 1100 τοῦ
3475 1042 3658 1112 σώμα-

1963 1153 2078 1201 τος,
2102 1138 2162 1192 ού
2192 1138 2254 1192 τὸ
2277 1139 2370 1192 σόν
2393 1155 2408 1172 ο
2443 1137 2510 1194 ἂν
2539 1137 2707 1193 ἵππον
2743 1137 2933 1202 καλὸν,
2967 1136 3252 1199 ὡσαύτως.
3285 1132 3479 1196 Οὐδεὶς
3513 1131 3664 1193 ὅπως

1965 1225 2121 1281 ἔσται
2153 1227 2299 1299 ψυχὴ
2347 1227 2486 1298 καλὴ
2530 1230 2755 1280 σκοπεῖ·
2803 1227 2982 1280 καίτοι
3014 1224 3223 1292 ταύτης
3253 1223 3422 1291 οῦσης
3465 1219 3658 1290 καλῆς,

1961 1316 2175 1380 οὐδενὸς
2215 1317 2440 1371 ἐκείνων
2494 1317 2729 1371 δεῖιούκ
2778 1315 2946 1387 οῦσης
2974 1315 3051 1382 δὲ,
3107 1313 3260 1368 οὐδὲν
3323 1311 3383 1376 ἐξ
3434 1309 3660 1364 ἐκείνων

1960 1403 2172 1473 δ(Ρελοέῖο
2203 1405 2474 1476 Καθάπερ
2506 1405 2616 1475 γὰρ
2663 1404 2754 1478 ἐπὶ
2799 1403 3052 1476 νύμφης,
3081 1401 3184 1456 κᾶν
3221 1399 3497 1461 παστάδες
3526 1390 3661 1448 ὦσιν

1962 1492 2025 1546 ἐκ
2046 1493 2567 1565 παραπετασμάτων
2599 1493 2840 1566 χρυσῶν,
2880 1493 2986 1547 κᾶν
3037 1491 3192 1564 χοροί
3229 1483 3332 1544 ῶσι
3382 1484 3662 1554 γυναικῶν

1961 1581 2350 1636 εὐειδεστάτων
2381 1582 2477 1636 καὶ
2505 1581 2708 1646 καλῶν,
2746 1581 2850 1636 κᾶν
2890 1581 3020 1654 ῥόδα
3068 1580 3174 1635 κᾶν
3208 1577 3522 1648 στέμματα,
3558 1571 3662 1626 κᾶν

1961 1671 1990 1722 ό
2013 1670 2249 1740 νυμφίος
2275 1669 2441 1735 καλὸς
2473 1665 2530 1745 ᾖ,
2552 1671 2659 1725 κᾶν
2691 1672 2746 1724 αί
2771 1669 3105 1742 θεράπαιναι
3134 1667 3240 1723 κάν
3272 1668 3328 1721 αἱ
3362 1665 3515 1736 φίλαι
3555 1661 3662 1745 κᾶν

1964 1758 2166 1822 πάντες
2195 1744 2502 1829 εὐπρεπεῖς
2539 1753 2710 1822 ὦσιν,
2746 1757 2900 1831 [268]
2959 1757 3144 1828 ἐκείνη
3198 1755 3255 1810 δὲ
3296 1751 3579 1827 ἀμορφίας

1965 1846 2160 1918 μεστὴ,
2187 1846 2380 1917 ὄφελος
2402 1848 2554 1901 οὐδέν
2574 1866 2585 1878 ν
2618 1847 2809 1919 ὥσπερ
2838 1843 2931 1901 οὖν
2965 1846 3087 1902 ούδέ
3123 1844 3298 1912 καλῆς
3339 1841 3507 1911 ούσης
3538 1837 3659 1910 βλά-

1961 1935 2053 1998 ϐος
2075 1952 2127 1988 τι
2157 1935 2354 2005 γένοιτ’
2385 1935 2452 1990 ἂν
2483 1937 2590 1990 ἀπὸ
2613 1936 2842 2003 τούτων,
2875 1935 3012 1990 ἀλλά
3041 1935 3136 1989 καὶ
3161 1931 3492 1987 τούναντίον.
3525 1928 3660 1980 Ἀπὸ

1963 2024 2060 2094 μὲν
2091 2023 2200 2095 γὰρ
2223 2023 2447 2078 ἐκείνων
2471 2024 2723 2097 ἀμόρφου
2746 2024 2935 2091 οῦσης,
2958 2021 3318 2096 ἀμορφοτέρα
3335 2019 3402 2073 ἂν
3425 2019 3620 2088 φανείη
3642 2034 3653 2045 ·

1959 2111 2068 2165 ἀπὸ
2118 2113 2176 2166 δέ
2223 2112 2431 2168 τούτων
2478 2112 2788 2186 ὡραιοτέρα
2838 2111 2906 2167 ἂν
2954 2111 3188 2181 γένοιτο.
3246 2107 3403 2162 Οὕτω
3438 2105 3504 2177 δὴ
3564 2104 3659 2158 καὶ

1956 2199 2135 2272 ψυχὴν
2177 2202 2305 2256 ὅταν
2346 2196 2380 2274 ᾖ
2438 2201 2611 2272 καλὴ,
2641 2201 2704 2254 ού
2755 2202 2916 2272 μόνον
2952 2199 3166 2262 οὐδενὸς
3213 2197 3389 2252 δεῖται
3424 2193 3653 2254 τούτων,

1956 2289 2092 2343 άλλά
2120 2291 2214 2344 καὶ
2245 2291 2529 2354 συσκιάζει
2557 2290 2619 2344 τὸ
2640 2289 2838 2353 κάλλος
2864 2290 3057 2361 αὐτῆς.
3092 2284 3336 2356 Τὸνγὰρ
3365 2282 3656 2352 φιλόσοφον

1955 2377 2054 2447 οὐχ
2081 2377 2258 2443 οῦτως
2283 2380 2340 2432 ἐν
2376 2371 2618 2449 πλούτῳ,
2664 2379 2740 2442 ὼς
2769 2381 2826 2432 ἐν
2861 2378 3024 2448 πενίᾳ
3071 2374 3317 2445 ὀψόμεθα
3342 2373 3652 2443 λάμποντα.

1967 2465 2116 2519 Ἐκεῖ
2165 2467 2266 2537 μὲν
2293 2467 2411 2548 γείιρι
2447 2471 2560 2532 τοῖς
2594 2469 2844 2540 χρήμασι
2879 2467 3040 2520 τοῦτο
3079 2463 3267 2518 πολλοὶ
3305 2460 3652 2531 λογιοῦνται,

1954 2560 2049 2613 καὶ
2079 2559 2158 2632 τῷ
2195 2563 2280 2632 μὴ,
2300 2561 2458 2614 ἐνδεᾶ
2496 2560 2798 2631 χρημάτων
2838 2553 3010 2611 εἶναι·
3041 2558 3170 2610 ὅταν
3200 2555 3257 2608 δέ
3285 2553 3450 2624 πενίᾳ
3493 2549 3651 2622 συζῇ,

1953 2651 2049 2704 καὶ
2069 2651 2158 2705 διὰ
2194 2653 2417 2706 πάντων
2438 2653 2654 2723 λάμπῃ,
2682 2650 2780 2705 καὶ
2814 2649 2983 2722 μηδὲν
3015 2647 3242 2720 αἰσχρὸν
3272 2643 3654 2714 ἀναγκάζηται

1951 2742 2149 2804 ποιεῖν,
2176 2741 2277 2794 ούκ
2305 2739 2384 2794 ἐτι
2403 2740 2562 2804 ἀλλος
2590 2757 2668 2804 τις
2702 2733 3018 2810 διανέμεται
3063 2738 3200 2810 πρὸς
3245 2734 3411 2790 αὑτὸν
3440 2735 3532 2788 τὸν
3559 2731 3655 2785 ἐπὶ

1949 2829 2015 2898 τῇ
2048 2828 2338 2899 φιλοσοφίᾳ
2355 2829 2644 2899 στέφανον.

2022 2916 2243 2988 Ταύτην
2298 2913 2392 2971 οῦν
2443 2916 2901 2988 καλλωπίζωμεν,
2935 2917 3078 2985 εἴγε
3121 2915 3454 2986 βουλοίμεθα
3487 2915 3653 2965 πλου-

1949 3008 2085 3059 τεῖν.
2118 3007 2182 3060 Τί
2214 3007 2274 3059 τὸ
2302 3007 2517 3076 ὄφελος,
2539 3008 2669 3061 ὅταν
2691 3008 2748 3060 αι
2793 3006 2891 3077 μέν
2929 3005 3144 3076 ἡμίονοι
3187 3003 3382 3057 λευκαὶ
3425 3000 3526 3056 ῶσι
3555 3001 3653 3055 καὶ

1946 3095 2259 3163 σφριγῶσαι
2277 3096 2374 3149 καὶ
2408 3096 2851 3166 εὐσωματοῦσαι.
2882 3097 2947 3149 σὺ
2970 3096 3029 3149 δὲ
3055 3097 3082 3149 ό
3113 3094 3425 3166 καθήμενος
3453 3091 3653 3155 λεπτὸς

1945 3184 2042 3237 καὶ
2067 3183 2352 3254 ψωραλέος
2385 3186 2480 3239 καὶ
2513 3185 2805 3256 δυσειδής;
2839 3173 2891 3238 τί
2932 3185 3020 3239 δαὶ
3063 3184 3123 3238 τὸ
3149 3183 3343 3256 κέρδος
3366 3225 3381 3251 ,
3418 3183 3549 3236 ὅται·
3583 3182 3655 3234 τά

1947 3273 2049 3343 μὲν
2076 3272 2374 3344 στρώματα
2411 3274 2602 3328 ἀπαλά
2631 3277 2723 3329 καὶ
2750 3274 2894 3328 καλά
2925 3271 2982 3346 ᾗ,
3013 3275 3108 3328 καὶ
3135 3273 3341 3342 πολλῆς
3373 3271 3652 3334 ποικιλίας

1942 3358 2186 3430 γέμοντα
2218 3361 2313 3414 καὶ
2363 3361 2647 3433 τέχνης,ή
2695 3362 2753 3415 δὲ
2801 3362 2950 3432 ψυχὴ
2983 3362 3153 3432 ῥάκια
3203 3359 3651 3432 περιϐεϐλημένη

1940 3443 1974 3521 ᾗ
2017 3451 2113 3504 καὶ
2168 3450 2350 3522 γυμνὴ
2392 3453 2487 3505 καί
2533 3451 2767 3524 αἰσχρά;
2813 3451 2866 3503 τί
2916 3451 2978 3503 τὸ
3025 3450 3243 3524 κέρδος,
3301 3451 3431 3504 ὅταν
3482 3452 3512 3502 ὁ
3551 3451 3653 3520 μὲν

1941 3538 2112 3601 ἵππος
2140 3537 2382 3592 εῦτακτα
2405 3539 2623 3610 βαδίζῃ,
2675 3541 2772 3594 καὶ
2809 3538 3091 3611 χορεύοντι
3150 3540 3355 3610 μᾶλλον
3387 3537 3584 3602 ἐοικὼς
3617 3539 3650 3610 ἢ

1941 3625 2232 3697 βαδίζοντι,
2263 3627 2362 3680 καὶ
2390 3627 2530 3698 μετά
2553 3631 2654 3699 τῆς
2687 3628 2904 3698 χορείας
2941 3627 3135 3698 κόσμῳ
3164 3641 3190 3668 ι
3226 3628 3652 3699 κεκοσμημένος

1936 3710 1970 3789 ᾖ
1993 3715 2273 3786 νυμφικῷ’
2298 3717 2326 3769 ό
2347 3715 2404 3769 δέ
2434 3717 2846 3787 ἐπικαθήμενος
2869 3714 2978 3769 τῶν
3007 3715 3200 3786 χωλῶν
3235 3716 3440 3786 μᾶλλον
3468 3718 3653 3769 ἀσκω-

1936 3803 2121 3874 λιάζῃ,
2152 3804 2248 3856 καὶ
2280 3803 2390 3858 τῶν
2446 3804 2758 3876 μεθυόντων
2791 3806 2885 3859 καὶ
2918 3805 3046 3859 τῶν.
3069 3804 3416 3875 μαινομένων
3447 3804 3651 3875 μᾶλλον

1934 3891 2372 3963 διεστραμμένος
2465 3893 2560 3947 καὶ
2590 3895 2781 3964 χεῖρας
2828 3895 2925 3946 καὶ
2975 3893 3182 3959 πόδας;
3235 3893 3373 3949 Εἰ,πέ
3412 3894 3477 3966 δή
3533 3911 3646 3964 μοι,

1934 3979 1989 4031 εί
2017 3979 2101 4043 τίς
2129 3998 2211 4034 σοι
2257 3981 2422 4034 ἵππον
2462 3982 2635 4035 ἐδίδου
2667 3982 2856 4046 καλὸν,
2891 3983 2989 4035 καὶ
3034 3982 3094 4036 τὸ
3124 3980 3288 4052 σῶμα
3329 3983 3646 4055 διέστρεφε,

1931 4067 1985 4123 τί
2036 4069 2098 4122 τὸ
2149 4068 2378 4140 δφελος;
2431 4068 2547 4124 Νῦν
2600 4070 2780 4143 ψυχὴν
2839 4070 3286 4143 διεστραμμένην
3321 4072 3489 4142 ἐχεις,
3549 4072 3647 4127 καὶ

1931 4156 2086 4211 οὐδέν
2112 4174 2194 4210 σοι
2232 4158 2419 4228 μέλει;
2458 4159 2846 4230 Φροντίσωμεν
2877 4159 3035 4229 ἡμῶν
3055 4158 3239 4215 αὐτῶν
3268 4177 3424 4228 ποτε,
3467 4179 3644 4232 παρα-

1933 4245 2105 4300 καλῶ.
2136 4245 2229 4318 Μὴ
2258 4245 2322 4316 δὴ
2355 4246 2578 4301 πάντων
2621 4247 2984 4320 ἀτιμοτέρους
3025 4251 3175 4318 ἡμᾶς
3219 4250 3420 4314 αὐτοὺς
3468 4268 3641 4305 κατα-

1937 4335 2231 4405 στήσομεν.
2264 4334 2384 4388 Κᾶν
2413 4335 2513 4407 μὲν
2545 4337 2756 4408 ῥήμασί
2811 4355 2896 4401 τις
2929 4337 3150 4410 ὑϐρίζῃ,
3195 4338 3512 4410 δακνόμεθα
3547 4342 3644 4394 καὶ

1934 4422 2239 4495 ἀλγοῦμεψ
2277 4423 2574 4494 πράγμασι
2624 4423 2681 4478 δὲ
2715 4427 2947 4491 ἑαυτοὺς
2979 4426 3315 4500 ὑϐρίζοντες,
3372 4431 3474 4482 οὐκ
3521 4430 3642 4482 ἐπι-

1933 4512 2300 4582 στρεφόμεθα.
2333 4511 2728 4584 Ἀνανήψωμεν
2773 4515 2872 4583 ὀψὲ
2920 4514 3051 4582 γοῦν
3088 4533 3241 4579 ποτε,
3279 4516 3368 4570 ἵνα
3403 4516 3638 4588 δυνηθῶ-

1934 4623 2056 4676 μεν,
2085 4607 2182 4660 καὶ
2205 4606 2305 4676 τῆς
2338 4605 2518 4676 ψυχῆς
2549 4605 2753 4677 πολλὴν
2788 4605 2887 4679 τὴν
2919 4607 3247 4676 ἐπιμέλειαν
3287 4607 3635 4679 ποιούμενοι,

1931 4696 2028 4748 καὶ
2060 4695 2159 4766 τῆς
2187 4695 2392 4766 ἀρετῆς
2418 4693 2830 4766 ἐπιλαϐόμενοι,
2862 4695 2974 4748 τῶν
2995 4697 3233 4750 αἰωνίων
3262 4700 3450 4768 τυχεῖν
3497 4699 3636 4767 ἀγα-

1929 4782 2060 4847 θῶν,
2091 4783 2274 4854 χάριτι
2309 4783 2407 4836 καὶ
2431 4782 2818 4857 φιλανθρωπίᾳ
2863 4782 2956 4837 τοῦ
3003 4785 3212 4857 Κυρίου
3265 4786 3423 4857 ἡμῶν
3457 4787 3633 4857 Ἰησοῦ

1927 4869 2190 4939 Χριστοῦ,
2243 4868 2363 4939 μεθ’
2397 4864 2459 4926 οῦ
2505 4869 2583 4941 τῷ
2618 4872 2798 4943 Πατρὶ
2851 4871 2968 4942 ἆμα
3009 4872 3090 4942 τῷ
3126 4873 3269 4945 ἁγίῳ
3323 4875 3628 4946 Πνεῦματι,

1926 4957 2077 5024 δόξα,
2099 4959 2321 5027 κράτος,
2349 4958 2504 5030 τιμὴ,
2533 4959 2629 5012 νῦν
2651 4961 2748 5014 καὶ
2772 4961 2884 5027 ἀεὶ,
2915 4965 3009 5014 καὶ
3031 4963 3109 5024 εἰς
3139 4963 3266 5028 τοὺς
3288 4964 3495 5030 αἰῶνας
3522 4965 3631 5019 τῶν

1927 5045 2162 5102 αἰώνων.
2188 5046 2389 5119 Ἀμήν.

1987 5137 2015 5165 ⁸
2055 5137 2157 5186 Alii
2182 5137 2302 5186 ιιετά
2324 5143 2410 5196 τῆς
2432 5138 2649 5204 πορείας,
2665 5140 2747 5188 καὶ
2770 5139 2961 5204 κόσμῳ.

151 5335 3464 5377 -————————____.__._______________________.

1720 5517 1968 5572 OMIAIA
2003 5520 2130 5576 AE'.

110 5621 194 5695 Τῇ
220 5624 291 5678 δὲ
324 5625 513 5694 ἡμέρᾳ
541 5624 662 5679 τῶν
699 5626 1014 5681 σαϐϐάτων
1034 5629 1372 5702 ἐξήλθομεν
1402 5634 1519 5699 ἔξω
1541 5635 1654 5703 τῆς
1683 5638 1794 5691 πό-

173 5700 328 5778 λεως
403 5697 562 5778 παρὰ
636 5697 928 5778 ποταμὸν,
1118 5703 1416 5778 ἐνομίζετο
1461 5709 1792 5778 προσευχὴ

915 5738 928 5762 ἱ
987 5738 1057 5754 νυ
1118 5738 1416 5762 ςιυμινδσιυ
1474 5739 1491 5756 d

175 5728 327 5760 ,ιουυς
403 5728 562 5764 “(qua
636 5728 928 5767 uucuyur,
987 5728 1060 5754 UU
1118 5728 1416 5772 ετυμιςετο
1474 5728 1792 5778 προσευχη

175 5763 368 5842 εἶναι,
421 5767 519 5820 καὶ
566 5770 928 5842 καθίσαντες
986 5771 1327 5842 ἐλαλοῦμεν
1381 5777 1511 5842 ταῖς
1558 5784 1794 5832 συνελ-

173 5838 448 5916 θούσαις.
477 5839 736 5916 γυαάιξί.
786 5842 894 5916 Καί
929 5856 1020 5906 τις
1062 5838 1238 5911 γυνὴ,
1285 5838 1531 5916 ὀνόματι
1578 5850 1789 5916 Λυδία,

175 5909 678 5989 πρρφρρόπω.ξις,
742 5913 978 5989 πόλεως
1049 5909 1422 5989 Θυατείροηῇ
1495 5909 1791 5989 σεϐομένη

174 5977 504 6059 τὸν-ρεὸν,
556 5979 865 6059 ἤκουσενο
926 5980 1001 6059 ἧς
1055 5988 1088 6038 ό
1152 5977 1366 6054 Κύριος
1409 5977 1793 6059 ’ἤνοιξε-’τλὴαῖ

172 6050 428 6174 ῗὶιρδέαν
484 6053 806 6121 προσέχειν
863 6050 985 6121 τοῖς
1039 6050 1358 6127 λιιίοιῆιέιῗ
1499 6050 1618 6116 ὑπὸ
1684 6050 1791 6119 τοῦ

227 6140 314 6174 ac.
349 6137 418 6173 ου
717 6168 720 6172 ί

227 6125 418 6176 αολου

1977 5645 2048 5695 α’.
2085 5641 2229 5712 Ὅρα
2260 5642 2423 5696 πάλιν
2473 5644 2810 5712 ἰουδαΐζοντα
2849 5646 2944 5699 τὸν
2980 5646 3216 5712 Παῦλον,
3254 5647 3350 5700 καὶ
3383 5649 3493 5704 ἀπὸ
3519 5657 3616 5707 του

1905 5719 2102 5791 καιροῦ
2154 5723 2267 5800 καὶ,
2308 5723 2419 5777 ἀπὸ
2473 5724 2570 5778 τοῦ
2639 5728 2868 5797 τρόπου.
2934 5723 3017 5783 υῦ
3073 5727 3396 5796 ἐνομίζετο,
3452 5735 3610 5800 φησί,

1903 5803 2180 5883 προσευχὴ
2230 5799 2391 5858 εἶναι.
2429 5808 2504 5859 Οὐ
2547 5807 2656 5880 γάρ
2709 5809 2774 5881 δὴ
2823 5808 2952 5863 ἔνθα
3000 5809 3295 5879 συναγωγὴ
3328 5806 3398 5882 ἦν
3426 5799 3608 5883 μόνον,

1901 5881 2040 5934 ἀλλὰ
2069 5885 2164 5935 καὶ
2197 5883 2302 5951 ἐξω
2333 5885 2586 5958 ηὔχοντο,
2641 5890 2835 5962 ῶσπερ
2865 5891 3031 5944 τόπον
3064 5891 3189 5944 τινὰ
3229 5881 3606 5964 ἀφορίζοντες,

1902 5969 1997 6022 ἆτε
2036 5973 2488 6046 σωματικώτεροι
2521 5977 2672 6043 ὄντες
2703 5980 2972 6034 Ἰουδαῖοι.
3022 5978 3103 6048 Τῇ
3142 5980 3335 6049 ἡμέρᾳ
3367 5979 3439 6033 δὲ
3485 5981 3607 6036 τῶν

1903 6050 2240 6133 σαϐϐάτων,
2270 6054 2359 6107 ὅτε
2392 6056 2486 6110 καὶ
2507 6057 2664 6126 ὄχλον
2699 6060 2847 6125 εἰκὸς
2881 6058 2948 6133 ἦν
2971 6061 3268 6116 συνελθεῖν.
3293 6059 3450 6132 [269]
3481 6064 3596 6116 Καὶ

1906 6131 2268 6199 καθίσαντες
2299 6135 2642 6200 ἐλαλοῦμεν
2680 6141 2811 6192 τοῖν»
2835 6131 3302 6206 σύνελθούσαιιέ
3321 6131 3581 6213 γυναιξί.
