4034 6470
427 405 533 462 253

423 527 534 581 Καί
557 542 648 591 τις
669 524 826 596 γυνὴ
847 526 1090 599 ὀνόματι
1110 529 1318 597 Λυδία,
1348 532 1830 602 πορφυρόπωλις,
1853 534 2085 601 πόλεως

425 612 779 682 Θυατείρων,
831 616 1129 687 σεϐομένη
1185 621 1291 674 τὸν
1350 620 1517 686 Θεὸν,
1572 621 1842 691 ἤκουσεν
1866 639 1880 654 ·
1926 618 2002 693 ἧς
2051 626 2086 678 ό

420 706 633 776 Κύριος
686 705 956 777 διήνοιξε
992 707 1108 776 τὴν
1147 708 1399 777 καρδίαν
1436 711 1760 780 προσέχειν
1795 709 1922 777 τοῖς
1975 714 2084 765 λα-

418 793 738 863 λουμένοις
781 795 902 851 ὑπὸ
941 795 1048 850 τοῦ
1087 797 1349 851 Παύλου.
1392 795 1538 868 Ὅρα
1580 798 1642 850 τὸ
1666 797 1871 867 ἄτυφον
1901 797 2083 850 πάλιν.

420 879 559 948 Γυνὴ
588 881 683 935 καὶ
710 881 942 953 ταπεινὴ
977 881 1134 954 αὕτη,
1165 882 1261 935 καὶ
1277 882 1435 955 δῆλον
1463 883 1572 937 ἀπὸ
1604 885 1700 955 τῆς
1718 885 1942 956 τέχνης·
1969 884 2086 938 ἀλλ’

415 968 518 1040 δρα
551 968 614 1022 τὸ
646 969 935 1041 φιλόσοφον
967 970 1155 1041 αὐτῆς.
1191 969 1416 1043 Πρῶτον
1467 973 1567 1044 μὲν
1601 973 1706 1045 γὰρ
1739 973 1876 1050 αῦτῇ
1907 972 2084 1045 ἐμαρ-

415 1059 617 1130 τύρησε
646 1056 822 1122 τοῦτο,
854 1058 913 1112 τὸ
944 1058 1194 1112 σέϐεσθαι
1231 1061 1325 1115 τὸν
1349 1059 1505 1130 Θεὸν,
1534 1060 1723 1116 ἔπειτα
1765 1061 1829 1115 τὸ
1860 1061 2083 1115 καλέσαι

413 1148 538 1211 τοὺς
557 1147 888 1211 ἀποστόλους
917 1148 1105 1220 αὐτήν.
1140 1149 1236 1214 Ὠς
1273 1148 1342 1203 δὲ
1371 1149 1699 1218 ἐϐαπτίσθη
1729 1149 1885 1218 αὐτὴ
1924 1151 2020 1203 καί
2049 1153 2082 1204 ό

412 1231 575 1300 οἶκος
607 1235 822 1305 αὐτῆς,
859 1235 1238 1306 παρεκάλεσε
1264 1237 1560 1308 λέγουσα·
1602 1237 1808 1306 Κύριοι
1850 1255 1991 1306 μου,
2029 1239 2081 1291 εί

411 1322 722 1391 κεκρίκατέ
752 1341 832 1394 με
862 1325 1090 1394 πιστὴν
1127 1326 1208 1393 τῷ
1245 1327 1440 1396 Κυρίῳ
1488 1323 1661 1398 εἶναι,
1698 1327 2081 1394 εἰσελθόντες

407 1413 494 1478 εὶς
514 1411 622 1466 τὸν
659 1409 831 1467 οἶκόν
856 1431 977 1483 μου
1013 1415 1276 1483 μείνατε.
1308 1413 1419 1468 Καὶ
1451 1413 1849 1482 παρεϐιάσατο
1899 1412 2076 1492 ἡμᾶς.

419 1499 516 1567 Ὠς
552 1500 621 1555 δὲ
646 1501 1000 1570 ἐϐαπτίσθη,
1047 1503 1232 1572 φησὶν,
1270 1501 1425 1571 αὐτὴ
1472 1501 1571 1556 καὶ
1601 1503 1638 1571 ἡ
1674 1501 1830 1556 οίκία
1865 1502 2074 1572 αὐτῆς.

409 1588 607 1642 Σκόπει
626 1589 744 1653 πῶς
775 1588 1021 1653 ἅπαντας
1045 1588 1230 1644 ἔπεισε
1249 1607 1263 1622 ·
1322 1587 1441 1645 εἶτα
1473 1590 1640 1661 βλέπε
1689 1591 1925 1656 σύνεσιν,
1961 1591 2077 1655 πῶς

405 1675 647 1731 δυσωπεῖ
691 1681 818 1741 τοὺς
870 1678 1222 1742 ἀποστόλους,
1273 1679 1446 1751 πόσης
1499 1681 1885 1753 ταπεινότητος
1917 1681 2075 1752 γέμει

402 1765 474 1819 τὰ
507 1766 748 1837 ῥήματα,
803 1765 978 1837 πόσης
1028 1767 1242 1836 σοφίας.
1295 1771 1362 1823 El
1413 1770 1725 1839 κεκρίκατέ
1760 1788 1858 1840 με,
1918 1771 2071 1840 φησὶ,

402 1851 632 1920 πιστὴν
666 1851 748 1925 τῷ
787 1853 1000 1921 Κυρίῳ.
1033 1855 1198 1909 Οὐδὲν
1223 1857 1782 1928 ἐντρεπτικώτερονι.
1814 1858 1947 1912 Τίνα
1973 1859 2074 1912 οὐκ

401 1942 467 1994 ἂν
499 1941 735 2012 ἐμάλαξε
769 1942 938 1997 ταῦτα
985 1943 1054 1996 τὰ
1101 1945 1357 2014 ῥήματας
1395 1947 1508 1999 Οὐκ
1550 1947 1801 2014 ἠξίωσεν,
1840 1946 1902 1999 ού
1933 1963 2064 2016 παρ-

401 2030 657 2084 εκάλεσεν
703 2029 909 2095 ἀπλῶς,
965 2031 1065 2086 οὐκ
1107 2031 1286 2103 ἀφῆκε
1338 2032 1560 2104 κυρίους
1604 2030 1765 2096 εἶναι,
1811 2034 1946 2087 ἀλλὰ
1977 2036 2072 2089 καὶ

401 2114 675 2183 ὴνάγκασε
728 2113 1004 2185 σφοδρῶς·
1042 2113 1200 2168 τοῦτο
1243 2116 1352 2186 γάρ
1399 2118 1512 2169 ἐστι
1540 2117 1623 2180 τδ,
1667 2118 2074 2187 Παρεϐιάσατο

401 2210 583 2279 ἡμᾶς·
622 2210 887 2275 τουτέστι,
910 2212 1121 2276 τούτοις
1140 2213 1252 2275 τοίς
1282 2215 1539 2290 ῥήμασιν.
1560 2214 1703 2284 Ὅρα
1725 2214 1842 2279 πῶς
1871 2215 2072 2281 εὐθέως

403 2303 759 2371 καρποφορεῖ,
801 2302 895 2355 καὶ
929 2301 1118 2373 κέρδος
1150 2304 1361 2371 ἡγεῖται
1395 2291 1536 2370 Ma.
1573 2303 1670 2372 τὴν
1711 2303 1922 2375 κλῆσιν.
1951 2305 2070 2359 Ὀτι

402 2380 456 2434 δὲ
490 2385 684 2454 πιστὴν
710 2384 978 2454 ἐκρίνατε,
1008 2384 1168 2454 δῆλον
1197 2385 1260 2436 ἐκ
1281 2383 1372 2436 τοῦ
1398 2384 1699 2455 ἐγχειρίσαι
1723 2404 1813 2456 μοι
1842 2388 2070 2443 τοιαῦτα

401 2468 693 2538 μυστήρια,
729 2468 829 2520 οῦκ
855 2466 921 2520 ἂν
961 2467 1383 2538 ἐγχειρίσαντες,
1415 2469 1464 2520 εἰ
1496 2468 1572 2538 μὴ
1626 2469 1881 2541 τοιαύτην
1910 2473 2064 2544 ἐκρί-

395 2580 543 2617 νατε.
580 2563 689 2617 Καὶ
735 2564 834 2617 οὑκ
879 2563 1144 2635 ἐτόλμησε
1199 2563 1306 2634 πρὸ
1337 2563 1525 2617 τούτου
1552 2565 1799 2632 καλέσαι,
1846 2567 1959 2622 ἀλλ’
1977 2570 2067 2622 ὅτε

396 2645 700 2718 ἐϐαπτίσθη
721 2663 734 2678 ·
786 2646 943 2717 δῆλον
983 2647 1232 2701 ἐντεῦθεν
1266 2647 1515 2712 ποιοῦσα,
1547 2649 1629 2702 ὅτι
1663 2650 1763 2703 οὐκ
1799 2651 1865 2705 ἂν
1892 2653 2068 2717 ἄλλως

397 2730 602 2784 ἔπεισε.
636 2731 735 2784 Δια
783 2731 838 2784 τί
883 2732 941 2785 δὲ
984 2732 1082 2785 οὒκ
1120 2732 1400 2786 ἐϐούλοντο
1427 2734 1476 2785 οἰ
1520 2734 1650 2804 περὶ
1693 2735 1925 2795 Παῦλον,
1951 2736 2066 2790 ἀλλ’

395 2819 648 2872 ἀνένευον
686 2818 826 2872 ὥστε
876 2819 968 2873 καὶ
1019 2819 1305 2889 βιασθῆναι
1346 2819 1584 2884 αύτούς;
1639 2821 1796 2872 Ἤτοι
1851 2822 2066 2894 ἐκείνην

392 2905 782 2976 ἐκκαλούμενοι
816 2907 895 2970 είς
935 2904 1160 2975 μείζονα
1200 2905 1547 2978 προθυμίαν·
1589 2907 1622 2978 ἦ
1676 2909 1864 2981 ἐπειδὴ
1910 2906 2063 2964 εἶπεν

390 2995 418 3047 6
464 2993 716 3065 Χριστὸς,
761 2995 865 3060 Εἰς
899 2992 980 3061 ἢν
1011 2993 1086 3048 ἂν
1120 2993 1304 3048 πόλιν
1347 2994 1678 3062 εἰσέλθητε,
1739 2997 1833 3063 τίς
1894 2999 2065 3052 ἐστιν

391 3080 559 3147 ἄξιος
580 3080 937 3150 ἐρωτήσατε,
967 3082 1066 3136 καὶ
1117 3081 1244 3136 ἐκεῖ
1266 3083 1528 3152 μείνατε.
1570 3084 1732 3137 Ὥστε
1771 3085 1950 3140 πάντα
1995 3087 2063 3140 δι’

389 3169 704 3239 οἰκονομίαν
769 3171 1004 3224 ἐποίουν.
1051 3171 1312 3242 Ἐγένετο
1343 3171 1412 3224 δὲ
1446 3173 1866 3243 πορευομένων
1897 3175 2065 3244 ἡμῶν

389 3258 478 3323 είς
519 3257 889 3328 προσευχὴν,
929 3260 1262 3326 παιδίσκην
1320 3261 1456 3315 τινὰ
1506 3263 1778 3331 ἔχουσαν
1827 3264 2064 3334 πνεῦμα

389 3351 662 3417 πὺθωνος
688 3350 1032 3420 ἀπαντῆσαι
1070 3352 1233 3422 ἡμῖν,
1292 3352 1426 3420 ἥτις
1483 3353 1773 3424 ἐργασίαν
1821 3355 2063 3425 πολλὴν

390 3437 632 3508 παρεῖχε
653 3438 776 3504 τοῖς
793 3439 1020 3508 κυρίοις
1046 3439 1237 3509 αὐτῆς
1260 3442 1695 3511 μαντευομένη.
1731 3443 1895 3514 Αὕτη
1925 3460 2062 3498 κατ-

387 3527 864 3594 ακολουθήσασα
889 3525 966 3592 τῷ
981 3529 1196 3596 Παύλῳ
1217 3529 1316 3582 καὶ
1340 3530 1502 3600 ἡμῖν,
1525 3529 1727 3598 ἑκραζε
1751 3531 2018 3600 λέγουσα
2044 3548 2058 3566 ·

391 3614 566 3674 Οὗτοι
587 3621 638 3673 οὶ
661 3618 958 3689 ἄνθρωποι
985 3618 1191 3674 δοῦλοι
1212 3620 1319 3674 τοῦ
1356 3620 1502 3674 Θεοῦ
1525 3621 1631 3675 τοῦ
1662 3621 1956 3690 Ὑψίστου
1977 3625 2060 3678 εί-

385 3707 514 3772 σὶν,
542 3707 759 3774 οἵτινες
785 3698 1300 3777 καταγγέλλουσιν
1313 3708 1459 3778 ημῖν
1488 3709 1632 3763 ὁδὸν
1651 3712 1968 3779 σωτηρίας.
1994 3711 2057 3764 Τί

387 3795 590 3866 δήποτε
609 3797 703 3849 καὶ
721 3799 749 3850 6
763 3796 969 3867 δαίμων
984 3794 1160 3849 ταῦτα
1188 3796 1607 3875 ἐφθέγγετοααῖ.
1633 3799 1660 3850 6
1678 3798 1890 3863 Παῦλος
1917 3799 2058 3853 ἐκώ-

389 3885 549 3950 λυσε;
585 3886 852 3949 Κάκεῖνος
879 3885 1201 3956 κακούργως
1245 3885 1438 3949 ἐποίει,
1482 3887 1574 3940 καὶ⁵
1593 3882 1749 3952 οὗτος
1782 3890 2020 3954 συνετῶς
2040 3906 2054 3919 ⁸

386 3973 634 4028 ἐϐούλετο
689 3975 797 4047 γὰρ
846 3973 920 4046 μὴ
979 3975 1291 4039 ἀξιόπιστον
1334 3975 1496 4029 αὑτὸν
1536 3980 1709 4032 ποιεῖν
1743 3979 1792 4033 b.
1839 3980 1901 4033 El
1947 3980 2057 4052 γὰρ

385 4065 700 4134 προσήκατο
724 4063 887 4117 αὐτοῦ
926 4064 1025 4134 τὴν
1067 4063 1372 4136 μαρτυρίαν
1407 4067 1436 4118 6
1471 4065 1703 4133 Παῦλος,
1741 4068 1968 4132 πολλοὺς
1991 4069 2058 4124 ἂν

387 4153 479 4205 καὶ
523 4151 629 4206 τῶν
667 4152 874 4206 πιστῶν
917 4153 1222 4224 ἠπάτησεν,
1271 4152 1368 4206 ἅτε
1421 4153 1513 4206 ὑπ’
1557 4154 1767 4208 ἐκείνου
1813 4156 2052 4227 δεχθείς·

383 4238 472 4294 διά
500 4240 655 4294 τοῦτο
713 4241 963 4312 ἀνέχεται
1011 4241 1081 4294 τά
1109 4240 1230 4294 καθ’
1265 4242 1489 4304 ἐαυτοὺς
1535 4243 1730 4308 εἰπεῖν,
1763 4244 1850 4296 ἵνα
1883 4246 2056 4318 στήσῃ

383 4328 452 4378 τα
480 4326 618 4396 ὑπὲρ
651 4326 836 4390 αὐτοῦ,
867 4328 960 4380 καὶ
991 4327 1153 4391 αὐτὸς
1187 4327 1594 4397 συγκαταϐἀσει
1617 4330 1884 4402 κέχρηται
1917 4333 2055 4404 πρὸς

381 4415 481 4484 τὴν
496 4413 791 4468 ἀπώλειαν.
818 4416 891 4468 Τὸ
915 4414 1012 4486 μὲν
1035 4411 1134 4468 οὖν.
1157 4415 1371 4486 πρῶτον
1400 4417 1461 4469 οὐ
1486 4419 1800 4488 προσήκατο
1820 4420 2050 4488 Παῦλος,

381 4501 514 4556 ἀλλὰ
568 4502 875 4565 διέπτυσεν,
934 4503 996 4556 οὐ
1043 4503 1367 4574 βουλόμενος
1443 4506 1633 4560 ἑαυτὸν
1707 4511 2053 4580 ἐπιῤῥίπτειν

381 4587 565 4652 ἁπλῶς
603 4590 715 4650 τοῖς
751 4587 1028 4658 σημείοις·
1065 4588 1140 4652 ὠς
1169 4587 1223 4641 δὲ
1259 4589 1489 4659 ἐπέμενε
1537 4588 1694 4643 τοῦτο
1733 4593 1901 4646 ποιῶν
1959 4595 2053 4647 ἐπὶ

383 4675 577 4737 πολλὰς
608 4677 835 4747 ἡμέρας,
865 4677 961 4729 καὶ
986 4676 1047 4730 τὸ
1080 4676 1241 4748 ἔργον
1268 4676 1500 4740 ἐδείκνυ,
1533 4675 1707 4735 Οὗτοι
1736 4683 1790 4734 οί
1832 4682 2053 4750 ἅνθρω-

380 4780 503 4829 ποι,
521 4766 710 4835 λέγων,
730 4768 936 4822 δοῦλοι
958 4770 1061 4824 τοῦ
1088 4769 1236 4823 Θεοῦ
1264 4769 1679 4839 τοῦ¹Υψίστου
1705 4774 1884 4841 εἰσὶν,
1919 4777 2054 4830 οἵτι.

380 4871 483 4919 νες
507 4856 1024 4922 καταγγέλλουσιν
1050 4858 1194 4926 ἡμῖν
1221 4858 1366 4912 ὁδὸν
1412 4863 1708 4930 σωτηρίας
1731 4879 1744 4892 ·
1782 4865 1902 4917 τότε
1930 4865 2053 4919 ἐκέ-

380 4937 569 4991 λευσεν
592 4937 740 5008 αὑτῷ
773 4938 1027 5002 ἐξελθεῖν.
1064 4943 1444 5008 Διαπονηθεὶς
1474 4943 1541 4996 δὲ
1578 4948 1609 4997 ό
1650 4947 1908 5015 Παῦλος,
1951 4951 2051 5003 καὶ

379 5026 771 5093 ἐπιστρέψας,
822 5026 901 5092 τῷ
945 5028 1236 5096 πνεύματι
1272 5026 1402 5082 εἷπε
1427 5046 1440 5059 ·
1501 5033 1898 5102 Παραγγέλλω
1949 5053 2050 5091 σοι

378 5115 447 5167 ἐν
513 5116 755 5182 ὀνόματι
795 5115 988 5182 Ἰησοῦ
1051 5117 1327 5182 Χριστοῦ,
1367 5117 1638 5182 ἐξελθεῖν
1687 5122 1786 5175 ἀπ’
1835 5126 2046 5193 αὐτῆς.

382 5202 490 5255 Καὶ
527 5200 787 5270 ἐξῆλθεν
841 5202 996 5271 αὐτῇ
1034 5202 1106 5271 τῇ
1143 5203 1282 5271 ὥρᾳ.
1331 5205 1586 5272 Ἰδόντες
1635 5207 1703 5261 δὲ
1751 5212 1804 5263 οί
1858 5215 2048 5280 κύριοι

379 5290 588 5357 αὐτῆς,
625 5292 714 5345 ὅτι
751 5291 1008 5360 ἐξῆλθεν
1050 5295 1082 5361 ἠ
1131 5294 1306 5360 ἐλπὶς
1345 5295 1625 5364 ἐργασίας
1669 5299 1885 5366 αὐτῶν,
1924 5303 2048 5355 ἐπι-

379 5380 692 5447 .μίαϐόμενοι
721 5381 829 5434 τὸν
867 5382 1112 5436 Παῦλον
1144 5381 1241 5434 καὶ
1279 5381 1383 5434 τὸν
1409 5385 1616 5448 Σίλαν,
1640 5388 1935 5442 εἵλκυσαν
1960 5394 2048 5458 εἰς

381 5471 492 5533 τὴν
528 5466 676 5539 [⁸271)]
701 5468 922 5538 ἀγορὰν
952 5471 1050 5524 ἐπὶ
1079 5471 1221 5535 τοὺς
1250 5468 1567 5538 ἄρχοντας.
1623 5475 1716 5529 καὶ
1744 5493 2048 5550 προσαγα-

378 5558 585 5621 γόντες
648 5559 867 5623 αὐτοὺς
916 5559 1043 5624 τοῖς
1098 5560 1472 5626 στρατηγοῖς,
1515 5559 1725 5615 εἷπον·
1782 5565 1953 5623 Οὗτοι
1993 5575 2046 5624 οἱ

379 5644 674 5710 ἄνθρωποι
705 5645 1188 5714 ἐκταράσσουσιν
1208 5649 1377 5717 ἡμῶν
1407 5652 1519 5716 τὴν
1539 5655 1740 5716 πόλιν,
1773 5655 2047 5710 Ἰουδαῖοι

377 5731 770 5800 ὑπάρχοντες,
835 5735 928 5786 καὶ
981 5737 1495 5804 καταγγέλλουσιν
1536 5740 1663 5808 ἔθη,
1711 5742 1749 5795 ἃ
1796 5747 1906 5798 οὐκ
1944 5746 2044 5810 ἕξ-

378 5855 548 5893 εστιν
569 5840 710 5907 ἡμῖν
775 5841 1215 5911 παραδέχεσθαι
1277 5845 1416 5898 οὐδὲ
1489 5849 1682 5902 ποιεῖν
1741 5851 2045 5920 Ῥωμαίοις

379 5922 537 5980 οὖσι.
569 5929 846 5998 Πανταχοῦ
887 5931 953 5982 τὰ
992 5933 1248 6002 χρήματα
1276 5936 1423 5987 αἴτια
1471 5939 1579 5989 τῶν
1615 5941 1816 5994 κακῶν.
1849 5947 1910 5996 ’Ὠ
1948 5947 2044 6014 της

444 6032 465 6058 ⁸
498 6033 685 6104 Μοτθῑ..
728 6035 1034 6103 ἐντρεπτικον,
1085 6045 1226 6085 male.
1303 6039 1435 6090 bMil
1461 6043 1681 6091 ἐϐούλετο
1714 6047 1876 6094 λοιπον
1919 6051 2032 6104 013.0-

381 6109 544 6141 ma'mv
581 6098 742 6142 ἐαυτον
768 6099 932 6147 ποιείν,

1209 411 1268 470 S.
1305 412 1588 475 JOANNIS
1617 413 2111 474 CHRYSOSTOMI
2145 414 2467 475 ARCHIEP.
2515 408 3066 474 CONSTANTINOP.

3775 407 3875 466 εει

2188 533 2467 604 ὠμότητος
2495 531 2594 604 τῆς
2622 529 2974 601 Ἑλληνικῆςί
3017 525 3297 582 ἐϐούλοντο
3339 525 3605 598 δαιμονᾷ-ι
3627 523 3689 581 τὸ
3713 526 3877 598 1096.-

2190 638 2323 684 σιον,
2377 619 2518 673 ὥστε
2576 619 3032 692 χρηματίζεσθαι.
3075 615 3543 684 Ἑπιλαϐόμενοι,
3575 613 3741 688 φησὶ,
3777 614 3878 670 τὸν

2188 707 2430 763 Παῦλον
2468 709 2567 763 καὶ
2601 707 2708 762 τὸν
2739 709 2950 774 Σίλαν,
2984 706 3234 771 ἔλεγον·
3269 699 3448 759 Οὗτοι
3495 706 3548 757 οί
3573 701 3874 772 ἄνθρωποι

2185 796 2675 864 ἐκταράσσουσιν
2700 794 2871 863 ἡμῶν
2893 793 3009 862 τὴν
3031 795 3231 848 πόλιν.
3275 792 3341 845 Τί
3377 793 3746 861 ποιήσαντες;
3791 789 3873 844 διά

2184 885 2234 936 τί
2282 881 2375 939 οὖν
2425 884 2500 956 μὴ
2553 885 2660 956 πρὸ
2716 882 2924 936 τούτου
2964 881 3289 947 είλκύσατε;
3319 879 3620 942 Ἰουδαῖοι,
3683 878 3870 950 φησὶν,

2183 972 2558 1043 ὑπάρχοντες
2579 991 2592 1005 ·
2647 971 2791 1026 οὓτω
2821 972 2884 1025 τὸ
2915 971 3086 1041 ὄνομα
3127 969 3458 1039 διεϐέϐλητο.
3509 967 3625 1023 Kal
3657 985 3871 1036 καταγ-

2183 1061 2514 1130 γέλλουσιν
2564 1063 2692 1130 ἔθη,
2730 1061 2769 1115 d
2819 1063 2931 1115 οὐκ
2963 1059 3206 1124 ἔξεστιν
3234 1057 3379 1128 ἡμῖν
3423 1055 3870 1125 παραδέχεσθαι

2181 1150 2325 1204 οὐδὲ
2352 1151 2543 1205 ποιεῖν
2576 1151 2873 1220 Ῥωμαίοις
2895 1145 3094 1204 οὖσιν.
3123 1147 3216 1209 El;
3264 1146 3597 1200 καθοσίωσιν
3622 1145 3686 1198 τὸ
3733 1146 3868 1216 πρᾶ-

2181 1257 2298 1310 γμα
2331 1241 2556 1311 ἠγαγον.
2608 1241 2718 1293 Kal
2773 1236 3125 1305 συνεπέστη
3160 1239 3194 1291 ό
3245 1235 3432 1306 ὄχλος
3478 1235 3607 1290 κατ’
3647 1233 3863 1289 αὐτῶν.

2187 1330 2250 1382 Ὢ
2291 1331 2391 1400 τῆς
2423 1329 2680 1398 ἀλογίαςί
2724 1328 2825 1381 οὐκ
2855 1327 3149 1396 ἐξήτασαν,
3204 1326 3266 1378 ού
3302 1324 3618 1396 μετέδωκαν
3678 1323 3864 1391 λόγου·

2179 1417 2356 1471 καίτοι
2384 1418 2627 1471 τοιούτου
2659 1415 2937 1484 θαύματος
2964 1413 3258 1484 γενομένου
3297 1414 3418 1468 δέον
3462 1413 3864 1485 προσκυνῆσαι,

2177 1506 2296 1561 δέον
2333 1508 2407 1571 ὡς
2455 1507 2707 1579 σωτῆρας
2734 1507 2830 1560 καὶ
2859 1505 3153 1575 εὐεργέτας
3179 1503 3347 1574 ἔχειν.
3377 1503 3440 1556 El
3467 1504 3580 1573 γὰρ
3605 1504 3714 1573 χρή
3725 1519 3868 1570 ματα

2177 1595 2483 1660 ἐϐούλεσθε,
2515 1595 2602 1649 διὰ
2645 1594 2699 1648 τί
2746 1593 2990 1648 τοιοῦτον
3037 1593 3266 1646 πλοῦτον
3296 1591 3569 1660 εὑρόντες,
3611 1592 3689 1660 μὴ
3742 1593 3868 1643 ἐπε-

2162 1684 2447 1756 ,δράμετες
2477 1685 2649 1738 Τοῦτο
2677 1682 3095 1755 λαμπροτέρους
3111 1682 3274 1744 ποιεῖ,
3297 1679 3358 1732 τὸ
3386 1677 3650 1733 δύνασθαι
3679 1677 3867 1746 δαίμοο

2175 1792 2273 1838 νας
2306 1775 2651 1838 ἀπελαύνειν,
2703 1774 2736 1845 ἢ
2792 1773 2854 1825 τὸ
2899 1773 3083 1836 αὐτοῖς
3114 1770 3417 1824 πείθεσθαι.
3453 1769 3584 1823 Ἰδοὺ
3623 1771 3724 1823 καὶ
3771 1785 3868 1838 ση-

2177 1865 2324 1934 μεῖα,
2348 1863 2441 1916 καὶ
2473 1856 2930 1933 ἡφιλοχρηματία
2959 1859 3121 1912 πλέον
3145 1859 3352 1929 ἴσχυσε.
3379 1859 3486 1912 Καὶ
3515 1861 3570 1911 al
3604 1875 3867 1926 στρατη-

2173 1951 2288 2020 γοὶ,
2313 1949 2774 2020 περιρρήξαντες
2789 1950 2860 2003 τὰ
2885 1947 3083 2018 ἱμάτια
3106 1947 3325 2012 αὐτῶν,
3351 1947 3641 2001 ἐκέλευον
3659 1945 3868 2014 [5066(-

2173 2039 2321 2100 ζειν·
2373 2037 2606 2104 πολλάς
2653 2055 2718 2093 τε
2760 2037 3068 2103 ἐπιθέντες
3109 2035 3316 2102 αὐτοῖς
3342 2033 3602 2103 πληγὰς,
3637 2033 3868 2087 ἔϐαλον

2170 2125 2259 2188 εις
2331 2122 2617 2190 φυλακὴν
2641 2161 2656 2184 ,
2727 2119 3239 2190 παραγγείλαντες
3305 2118 3385 2184 τῷ
3439 2117 3867 2186 δεσμοφύλακι

2171 2208 2463 2279 ἀσφαλῶς
2494 2209 2697 2278 τηρεῖν
2733 2210 2974 2274 αὐτούς.
3027 2208 3088 2264 Ὀ
3137 2208 3235 2280 μὲν
3284 2205 3378 2261 οὖν
3406 2205 3619 2270 Παῦλος
3647 2206 3710 2258 τὸ
3753 2207 3866 2258 πᾶν

2171 2299 2481 2370 εἰργάσατο,
2513 2301 2604 2353 καὶ
2637 2299 2706 2353 τὰ
2740 2298 2994 2370 θαύματα
3045 2299 3139 2353 καὶ
3163 2298 3263 2368 τὴν
3303 2296 3652 2350 διδασκαλίαν
3672 2312 3686 2324 ·
3751 2295 3866 2348 τῶν

2167 2389 2222 2441 δὲ
2258 2387 2516 2441 κινδύνων
2538 2389 2630 2440 κα)⁵
2652 2390 2680 2440 6
2715 2388 2874 2451 Σίλας
2907 2390 3174 2441 κοινωνεῖ.
3202 2386 3267 2439 Τί
3297 2387 3434 2447 ἐστι,
3467 2384 3866 2452 Διαπονηθεὶς

2167 2471 2235 2523 δὲ
2273 2474 2305 2526 ό
2340 2471 2615 2536 Hadulac;
2656 2472 2768 2543 Τὴν
2802 2471 3158 2541 κακουργίαν,
3193 2469 3378 2538 φησὶν,
3415 2466 3538 2520 ἰδὼν
3585 2466 3682 2520 τοῦ
3739 2467 3863 2520 δαί-

2171 2576 2350 2630 μονος,
2380 2557 2560 2623 καθὼς
2594 2559 2757 2622 αὐτὸς
2795 2558 3028 2630 ἀλλαχοῦ
3069 2571 3094 2599 ι
3126 2559 3310 2626 λέγει’
3373 2558 3457 2610 Οὺ
3500 2556 3611 2624 γὰρ
3665 2555 3865 2608 αὐτοῦ

2167 2647 2239 2701 τὰ
2275 2647 2547 2716 νοήματα
2590 2647 2948 2718 ἀγνοοῦμεν.
2993 2647 3092 2699 Διά
3145 2647 3200 2700 τί
3253 2645 3327 2717 μὴ
3386 2640 3562 2708 εἷπον,
3616 2643 3700 2696 ὅτι
3756 2643 3864 2696 Τὸν

2166 2735 2397 2806 δαίμονα
2423 2734 2695 2799 ἐξέϐαλον,
2729 2735 2811 2788 ὃτι
2836 2738 2915 2798 είς
2951 2734 3083 2788 Θεὸν
3114 2734 3414 2805 ἠσέϐησαν,
3451 2731 3565 2786 ἀλλ’
3588 2731 3685 2784 ἐπὶ
3723 2731 3863 2784 καθ-

2163 2823 2382 2876 οσίωσιν
2399 2824 2712 2894 τρέπονται;
2738 2817 2917 2876 ΊΓΗττα
2942 2823 3125 2885 αὐτοῖς
3146 2821 3305 2874 τοῦτο
3329 2816 3416 2891 ἦν.
3441 2819 3597 2872 Οὕτω
3634 2818 3735 2871 καὶ
3765 2821 3861 2872 ἐπὶ

2162 2910 2257 2963 τοῦ
2271 2909 2504 2981 Χριστοῦ
2519 2911 2723 2979 ἔλεγον·
2734 2912 2857 2963 Οὐκ
2870 2911 3089 2979 ἔχομεν
3095 2909 3385 2973 βασιλέα,
3399 2907 3543 2977 εἰμὴ
3556 2907 3857 2976 Καίσαρα.

2164 2999 2290 3064 Πᾶς
2326 3002 2359 3053 ό
2396 2999 2615 3054 ἑαυτὸν
2661 2999 2851 3052 ποιῶν
2880 2995 3174 3063 βασιλέα,
3226 2995 3523 3066 ἀντιλέγει
3571 2994 3654 3060 τῷ
3715 2997 3861 3048 Rat-

2163 3103 2321 3156 σαρι.
2346 3090 2454 3142 Καὶ
2484 3087 2704 3141 ἔϐαλον
2733 3086 2975 3153 αὐτοὺς,
3004 3088 3190 3157 φησὶν,
3221 3087 3308 3152 είς
3339 3083 3647 3154 φυλακήν.
3677 3084 3859 3145 Πολὺς

2162 3177 2190 3228 6
2223 3175 2412 3245 θυμός.
2445 3177 2550 3240 Ὃς
2579 3177 2988 3244 παραγγελίαν
3014 3175 3298 3242 τοιαύτην
3322 3172 3606 3242 εἰληφὼς,
3635 3172 3861 3226 ἔϐαλεν

2161 3264 2384 3329 αὐτοὺς
2407 3266 2492 3330 εἰς
2532 3263 2646 3332 τὴν
2680 3265 2983 3332 ἐσωτέραν
3009 3264 3318 3332 φυλακὴν,
3350 3264 3447 3316 καὶ
3480 3261 3617 3327 τοὺς
3659 3262 3855 3328 πόδας

2161 3351 2361 3406 αὐτῶν
2393 3353 2779 3421 ἠσφαλίσατο
2805 3354 2893 3416 εὶς
2929 3352 2995 3404 τὸ
3033 3351 3248 3414 ξύλον.
3275 3351 3438 3422 Ὅρα,
3468 3352 3720 3413 κάκεῖνος
3747 3351 3857 3404 πά-

2161 3439 2245 3493 λιν
2274 3442 2351 3505 είς
2372 3441 2470 3510 τὴν
2491 3440 2764 3512 ἐσωτέραν
2795 3441 3043 3511 φυλακὴν
3076 3441 3276 3504 αὐτοὺς
3298 3439 3540 3501 ἐνέϐαλε,
3572 3438 3669 3491 καὶ
3692 3438 3857 3492 τοῦτο

2161 3527 2539 3598 οἰκονομικῶς.
2567 3528 2785 3599 Ἐπειδὴ
2812 3528 2922 3599 γὰρ
2952 3527 3140 3598 θαῦμα
3171 3527 3361 3598 ἔμελλε
3403 3526 3655 3595 γίνεσθαι
3682 3526 3854 3597 μέγα,

2162 3617 2463 3686 ἐπιτήδειος
2491 3618 2518 3669 6
2550 3617 2710 3679 τόπος
2739 3617 2877 3688 πρὸς
2897 3616 2996 3688 τὴν
3031 3617 3294 3688 ἀκρόασιν
3317 3619 3343 3669 6
3374 3617 3478 3680 ἔξω
3508 3617 3605 3686 τῆς
3643 3615 3858 3680 πόλεως

2161 3704 2424 3776 κρίνεται,
2456 3704 2781 3776 πειρασμῶν
2807 3705 3234 3774 ἀπηλλαγμένος
3268 3706 3361 3759 καὶ
3395 3705 3679 3758 κινδύνων.
3707 3707 3856 3777 Ὅρα

2161 3791 2274 3856 πῶς
2299 3794 2397 3845 οὐκ
2430 3793 2748 3862 αἰσχύνεται
2777 3792 2849 3846 τὰ
2897 3792 3306 3863 ἐπιτηδεύματα
3337 3793 3663 3858 καταλέγειν
3696 3794 3725 3845 6
3753 3793 3854 3864 τὴν

2161 3871 2404 3952 ἱστορίαν
2434 3882 2681 3951 γράφων.
2724 3882 2851 3934 ’Ἀτε
2903 3881 2967 3952 δὴ
3021 3883 3117 3935 καὶ
3172 3881 3370 3951 ἀργίας
3419 3880 3605 3952 οὔσης,
3647 3881 3853 3951 μᾶλλον

2159 3970 2448 4039 προσεῖχον
2479 3971 2592 4031 τοῖς
2619 3968 2934 4037 λεγομένοις
2959 3985 2974 4000 ·
3027 3969 3120 4021 καὶ
3149 3967 3271 4022 οὐδὲ
3312 3969 3345 4038 ἡ
3377 3967 3530 4031 πόλις
3575 3967 3715 4038 αῦτη
3752 3986 3852 4039 με·

2158 4057 2299 4128 γάλη
2327 4059 2359 4128 ἡ
2384 4057 2494 4111 τῶν
2521 4056 2919 4128 Φιλιππησίων.
2957 4057 3142 4110 Ταῦτα
3160 4057 3225 4128 δὴ
3252 4056 3518 4125 μαθόντες
3540 4059 3632 4110 καὶ
3659 4059 3847 4128 ἡμεῖς,

2159 4147 2360 4217 μηδένα
2415 4144 2896 4217 ἐπαισχυνώμεθα.
2948 4137 3109 4216 [ιάρά
3174 4145 3367 4216 βυρσεί
3402 4145 3555 4215 μένει
3609 4146 3846 4217 Πέτρος,

2157 4233 2309 4304 παρά
2363 4234 2810 4306 πορφυροπώλιδι
2871 4233 3084 4297 Παῦλος
3108 4231 3158 4289 δ.
3220 4233 3329 4286 Ποῦ
3365 4236 3394 4287 6
3449 4238 3654 4303 τῦφος;
3702 4237 3843 4307 "A9.

2152 4321 2247 4376 τοῦ
2281 4321 2416 4376 Θεοῦ
2445 4321 2698 4393 δεόμεθα,
2722 4321 2863 4376 ὥστε
2911 4321 3121 4388 ἀνοίξαι
3156 4322 3412 4394 καρδίαν·
3443 4324 3472 4375 6
3497 4322 3632 4387 Θεὸς
3664 4323 3721 4378 δὲ
3751 4325 3849 4378 ἀν-

2153 4410 2290 4480 οίγει
2328 4410 2553 4482 καρδίας
2573 4409 2670 4474 τὰς
2703 4409 3060 4481 βουλομένας·
3092 4409 3207 4464 ἐστι
3237 4410 3346 4482 γὰρ
3370 4412 3468 4464 καὶ
3497 4414 3847 4484 πεπηρωμέ-

2153 4516 2248 4563 νας
2295 4498 2438 4554 ίδεῖν.
2478 4498 2618 4552 Ἀλλ’
2661 4500 2858 4570 ἴδωμεν
2912 4499 3120 4554 ἄνωθεν
3174 4501 3244 4554 τὰ
3290 4501 3577 4571 εἰρημένα.
3644 4503 3844 4570 Γυνὴ,

2154 4587 2309 4659 φησὶ,
2360 4587 2838 4656 πορφυρόπωλις,
2873 4583 2946 4658 ἧς
2978 4590 3010 4642 ὀ
3047 4587 3264 4657 Κύριος
3314 4587 3521 4656 ἤνοιξε
3551 4587 3670 4655 τὴν
3700 4607 3846 4660 καρν

2152 4677 2310 4744 δίαν,
2326 4677 2648 4745 προσέχειν
2664 4675 2786 4741 τοῖς
2801 4677 3201 4745 λαλουμένοις
3218 4676 3334 4731 ὑπὸ
3352 4676 3460 4730 τοῦ
3477 4679 3753 4733 Παύλου.
3775 4680 3846 4733 Tb

2157 4766 2254 4835 μὲν
2278 4761 2371 4818 οὖν
2400 4765 2629 4830 ἀνοῖξαι,
2663 4764 2757 4818 τοῦ
2779 4763 2936 4818 Θεοῦ·
2962 4766 3022 4816 τὸ
3044 4764 3099 4817 δὲ
3133 4765 3443 4836 προσέχειν,
3469 4764 3642 4836 αὐτῆς
3661 4787 3673 4798 ·
3702 4765 3845 4822 ὥστε

2155 4853 2248 4906 καὶ
2277 4853 2416 4906 θεῖον
2451 4853 2544 4906 καὶ
2573 4852 2914 4924 ἀνθρώπινον
2948 4848 3035 4924 ἦν.
3072 4851 3224 4925 [271]
3253 4854 3350 4920 Ὠς
3380 4854 3449 4907 δὲ
3482 4854 3845 4925 ἐϐαπτίσθη,

2155 4942 2306 5011 φησὶ,
2335 4941 2712 4996 παοεκάλεσε
2737 4943 3039 5012 λέγουσα·
3073 4942 3142 4994 El
3181 4943 3497 5011 κεκρίκατέ
3540 4961 3640 5012 με.
3679 4945 3846 5014 Ὅρα,

2153 5030 2248 5082 καὶ
2278 5028 2407 5099 ﬂuat:
2449 5028 2620 5094 ζεται,
2655 5031 2750 5083 καὶ
2768 5029 2978 5100 δέχεται
3009 5029 3134 5094 τοῦς
3164 5031 3498 5094 ἀποστόλους
3533 5034 3677 5100 μετὰ
3718 5051 3843 5086 τοσ-

2152 5116 2320 5188 αύτης
2353 5118 2652 5189 ἱκετηρίας,
2688 5119 2827 5187 μετὰ
2857 5118 3097 5181 πλείονος
3135 5118 3170 5190 ἢ
3213 5119 3242 5171 6
3289 5117 3564 5189 Ἀϐραὰμ.
3601 5122 3717 5173 Καὶ
3744 5123 3841 5175 οὐκ

2151 5202 2300 5259 εἶπεν
2332 5208 2480 5262 οὐδὲν
2508 5207 2637 5260 ἄλλο
2673 5209 2985 5278 τεκμήριον,
3010 5207 3126 5261 ἁλλ’
3145 5209 3346 5270 ἐκεῖνο,
3382 5207 3475 5277 ἀφ’
3507 5202 3568 5262 οὗ
3608 5209 3798 5283 ἐσώθη
3823 5230 3838 5244 ο

2151 5296 2248 5348 ούκ
2275 5292 2450 5363 εἶπεν,
2493 5299 2541 5349 εἰ
2576 5295 2820 5366 μεγάλην
2867 5299 3126 5365 γυναῖκα,
3189 5297 3238 5349 εἰ
3284 5295 3490 5367 εὐλαϐῆ
3535 5301 3842 5369 κεκρίκατέ

2153 5401 2246 5455 με·
2290 5384 2424 5438 ἀλλά
2452 5385 2537 5449 τί;
2570 5385 2803 5452 Πιστὶιν
2827 5384 2908 5450 τῷ
2934 5387 3158 5451 Κυρίῳ·
3205 5387 3254 5438 εί
3290 5384 3366 5457 τῷ
3395 5387 3610 5459 Κυρίῳ,
3655 5390 3841 5460 πολλῷ

2152 5474 2349 5545 μᾶλλον
2389 5475 2538 5544 ὑμῖν,
2591 5476 2637 5526 εί
2673 5475 2748 5546 μὴ
2785 5473 3202 5544 ἀμφισϐητεῖτε.
3237 5477 3346 5530 Καὶ
3381 5478 3483 5530 ούκ
3516 5475 3663 5541 εἷπε,
3701 5480 3840 5552 Παρ⁹

2148 5565 2288 5632 ἐμοὶ,
2321 5565 2434 5617 ἀλλ’
2473 5566 2573 5627 Εἰς
2613 5563 2717 5616 τὸν
2755 5559 2925 5615 οἶκόν
2955 5581 3074 5631 μου
3108 5565 3377 5631 μείνατε,
3434 5565 3578 5620 ὥστε
3641 5568 3836 5634 δεῖξαι,

2153 5653 2227 5704 ὅτι
2259 5652 2395 5721 μετὰ
2425 5651 2624 5720 πολλῆς
2647 5651 2808 5703 τοῦτο
2832 5650 3004 5702 ἐποίει
3043 5651 3376 5722 προθυμίας.
3404 5655 3615 5716 Ὀντως
3670 5657 3836 5726 πιστὴ

2145 5742 2176 5808 ἡ
2218 5742 2374 5810 γυνή.
2425 5739 2556 5791 Εἰπὲ
2585 5739 2645 5810 δή
2682 5759 2793 5809 μοι,
2840 5739 2920 5802 τίς
2949 5734 3102 5802 οὗτός
3153 5741 3301 5793 ἐστιν
3333 5744 3359 5794 ὁ
3391 5743 3643 5812 δαίμων;
3677 5746 3834 5808 Θεὸς,

2147 5835 2298 5901 φησί,
2346 5832 2558 5885 πύθων·
2610 5834 2717 5884 ἀπὸ
2750 5831 2843 5884 τοῦ
2878 5832 3043 5884 τόττου
3073 5832 3216 5885 οὕτω
3243 5833 3482 5898 λέγεται.
3542 5835 3724 5906 Ὁρᾷς,
3752 5839 3833 5889 ὅτι

2201 6061 2232 6119 ἐι
2274 6047 2508 6160 ’ἤλλαζοῦ
2534 6051 2672 6100 εἰυρεὶ
2700 6052 2747 6100 in
2776 6063 2889 6103 uno.
2959 6049 2985 6089 ι)
3027 6050 3158 6101 idem
3200 6055 3587 6116 7:09;;90m62466
3620 6073 3699 6104 an:
3725 6059 3823 6111 ςέκτπ

2201 6129 2274 6159 wn
2354 6129 2412 6160 αυ
2436 6129 2512 6160 .ο;.

2149 6129 2274 6177 μένει
2308 6129 2512 6169 Μανιος.
