4034 6448
117 422 226 478 253

115 565 166 581 -ο
218 532 354 590 Vide
381 547 568 590 rursus
595 531 817 588 Paulum
834 529 1223 602 judaizantem,
1250 534 1307 581 et
1341 539 1370 580 a
1398 534 1642 594 tempore
1671 528 1725 576 et

115 645 147 682 a
177 629 316 683 loco.
355 624 455 682 Ubi
480 625 776 697 putabatur,
807 623 1000 692 inquit,
1023 621 1188 676 oratio
1214 634 1340 673 esse.
1367 616 1554 686 Neque
1577 614 1722 670 enim

118 729 325 774 tantum
350 717 443 773 ubi
480 730 750 789 synagoga
787 724 926 780 erat,
956 713 1051 768 sed
1076 713 1239 767 etiam
1272 710 1403 766 foris
1429 706 1726 779 precaban-

117 822 205 866 tur
235 831 251 866 :
283 811 433 882 quasi
457 810 635 864 locum
664 807 973 880 quempiam
1012 807 1372 876 assignantes,
1404 801 1527 872 quia
1550 799 1725 856 .Iuilzei

115 904 416 959 crassiores
439 911 614 956 erant.
642 899 737 955 Die
767 911 934 954 autent
961 896 1306 960 sabbatorum,
1337 892 1552 964 quando
1579 895 1725 947 veri-

113 996 293 1050 simile
320 1001 438 1050 erat
467 994 677 1049 turbam
698 993 1007 1049 convenire.
1041 990 1107 1046 Et
1135 991 1362 1045 sedentes
1396 986 1728 1056 loquebamur

114 1086 433 1150 mulieribus.
466 1102 579 1156 qua:
592 1095 949 1140 convenerant.
977 1082 1041 1137 Et
1071 1083 1254 1136 mulier
1268 1079 1499 1153 qutedam
1523 1079 1726 1132 nomine

116 1178 317 1250 Lydia,
378 1179 728 1249 purpuraria,
769 1177 984 1230 civitatis
1041 1174 1504 1245 Thyatirenorum,
1556 1173 1727 1226 colens

112 1270 308 1336 Deum,
338 1270 529 1324 audivit
554 1286 572 1325 :
595 1270 741 1336 cuius
770 1267 1020 1323 Dominus
1040 1284 1128 1322 cor
1152 1274 1444 1337 aperuerat,
1476 1273 1532 1318 ut
1555 1275 1725 1317 atten-

111 1363 258 1417 deret
309 1363 374 1416 iis
411 1377 526 1432 qua:
571 1360 870 1414 dicebantur
915 1378 947 1414 a
979 1359 1166 1413 Paulo.
1199 1357 1334 1414 Vide
1380 1372 1494 1412 rem
1522 1371 1552 1411 a
1586 1355 1727 1410 fastu

111 1455 370 1508 alienam.
398 1453 588 1508 Mulier
614 1463 669 1508 et
694 1453 915 1508 humilis
940 1461 1076 1519 erat,
1104 1460 1162 1507 ut
1183 1452 1359 1523 palam
1380 1459 1464 1506 est
1483 1449 1552 1504 ab
1574 1458 1726 1505 arte:

111 1544 212 1602 sed
243 1545 365 1600 vide
403 1544 798 1616 philosophiam
846 1545 984 1615 ejus.
1038 1544 1220 1599 Primo
1249 1542 1464 1614 quidem
1495 1542 1597 1597 hoc
1617 1542 1728 1614 ipsi

111 1638 276 1692 datur
307 1637 694 1704 testimonium,
739 1637 882 1707 quod
913 1635 1120 1711 coleret
1145 1637 1336 1704 Deum,
1365 1634 1564 1691 deinde
1586 1634 1728 1705 quod

111 1730 692 1800 invitaret‘apostolos.
721 1730 809 1786 15.
835 1729 963 1785 Cum
991 1744 1111 1801 ergo
1137 1729 1394 1800 baptizata
1414 1737 1542 1783 esset
1569 1737 1612 1780 et
1637 1727 1730 1780 do-

110 1841 230 1879 mus
258 1826 389 1894 ejus,
418 1824 692 1894 deprecata
710 1833 787 1878 est
816 1823 987 1880 dicens
1016 1839 1036 1877 :
1060 1821 1273 1876 Domini
1299 1823 1421 1887 mei,
1448 1821 1493 1875 si
1511 1821 1728 1891 judica-

110 1917 206 1970 stis
237 1932 317 1970 me
341 1916 544 1985 [idelem
571 1916 792 1971 Domino
822 1931 954 1984 esse,
982 1916 1187 1970 introite
1213 1915 1266 1968 in
1290 1914 1498 1968 domum
1528 1928 1691 1965 nteant
1709 1952 1726 1978 ,

109 2018 160 2061 et
179 2019 396 2062 ntanete.
424 2006 493 2062 Et
513 2010 672 2080 coegit
694 2024 809 2064 nos.
837 2007 906 2063 Ut
931 2017 1099 2062 autem
1121 2008 1382 2078 baptizata
1405 2014 1500 2072 est,
1530 2005 1726 2076 inquit,

107 2104 207 2159 illa
231 2117 280 2160 et
305 2105 490 2160 domus
513 2107 643 2176 ejus.
667 2103 963 2160 Considera
990 2107 1264 2176 quomodo
1289 2103 1524 2158 suaserit
1549 2102 1729 2156 omni-

110 2198 262 2252 bus:
309 2198 508 2254 deinde
554 2197 678 2252 vide
736 2197 1109 2268 prudentiam,
1149 2196 1432 2269 quomodo
1480 2195 1730 2251 obsecret

107 2291 413 2360 apostolos,
443 2306 604 2362 quam
635 2291 857 2346 humilia
883 2290 1126 2361 proferat
1154 2291 1345 2357 verba,
1377 2306 1500 2345 cum
1529 2299 1730 2360 quanta

105 2384 399 2453 sapientia.
447 2383 511 2439 Si
556 2385 808 2455 judicatis
863 2401 965 2450 me,
1017 2384 1206 2455 inquit,
1250 2384 1454 2453 ﬁdelem
1483 2381 1724 2436 Domino.

107 2476 254 2532 Nihil
292 2476 360 2531 ad
390 2477 823 2547 persuadendum
848 2477 1046 2549 aptius.
1075 2477 1247 2546 Quem
1289 2492 1396 2531 non
1427 2475 1727 2530 emollit-ent

108 2570 233 2624 hate
256 2569 594 2624 verbaiNon
619 2570 847 2640 rogavit,
879 2584 986 2624 non
1010 2577 1226 2639 precata
1253 2577 1338 2624 est
1367 2576 1594 2635 tantum,
1621 2580 1729 2622 non

107 2675 308 2716 eorum
352 2661 577 2716 arbitrio
625 2678 740 2716 rem
787 2662 1029 2733 reliquit,
1078 2661 1174 2718 sed
1211 2662 1376 2716 etiam
1422 2662 1640 2731 coegit:
1677 2659 1728 2714 id

106 2753 256 2808 enim
300 2753 566 2824 signiﬁcat
620 2753 776 2820 illud,
835 2753 1008 2826 Coegit
1052 2771 1167 2820 nos,
1201 2754 1252 2808 id
1278 2763 1382 2821 est,
1413 2753 1495 2808 his
1528 2752 1727 2807 verbis.

109 2845 250 2900 Vide
276 2846 550 2916 quomodo
578 2847 759 2901 statim
809 2848 1042 2901 fructum
1095 2847 1251 2911 lerat,
1292 2858 1348 2902 et
1377 2847 1584 2901 lucrum
1616 2861 1730 2900 ma-

103 2954 278 3010 guum
312 2947 460 3008 putet
505 2940 863 2994 voeationem.
896 2938 1053 3006 Quod
1083 2955 1170 2993 me
1201 2940 1418 2994 lidelem
1442 2939 1726 3014 judicave-

106 3035 254 3099 ritis,
283 3033 453 3104 liquet
481 3046 552 3088 ex
582 3047 672 3100 eo,
707 3034 850 3104 quod
888 3032 1018 3087 mihi
1043 3043 1185 3087 tanta
1210 3033 1464 3105 mysteria
1497 3031 1730 3086 tradide-

107 3127 256 3192 ritis,
291 3141 399 3179 non
454 3126 722 3191 tradituri,
769 3126 869 3180 nisi
901 3141 989 3180 me
1020 3126 1181 3180 talem
1206 3125 1570 3196 judicassetis.
1621 3123 1731 3180 Nec

105 3232 245 3272 ausa
272 3226 356 3271 est
381 3227 539 3271 antea
568 3219 818 3285 invitare,
864 3218 962 3273 sed
1012 3228 1294 3288 postquam
1326 3219 1593 3288 baptizata
1624 3227 1727 3285 est,

108 3311 245 3364 hinc
274 3309 571 3365 ostendens
596 3325 657 3366 se
684 3325 793 3366 non
823 3311 932 3365 alio
954 3311 1116 3366 modo
1143 3324 1519 3381 persuasuram
1541 3310 1727 3367 fuisse.

107 3404 224 3458 Cur
249 3403 451 3459 Paulus
474 3413 530 3460 et
553 3403 685 3459 socii
707 3404 986 3468 nolebant,
1006 3403 1101 3459 sed
1123 3405 1445 3473 renuebant,
1469 3405 1541 3458 ita
1566 3411 1624 3459 ut
1642 3420 1734 3460 co-

106 3497 416 3570 gerentur?
461 3497 533 3555 Ut
585 3497 734 3553 illam
764 3497 833 3553 ad
864 3497 1038 3568 majus
1086 3498 1325 3552 studium
1352 3499 1727 3565 concitarent;

109 3590 198 3644 vel
222 3592 350 3660 quia
379 3590 517 3646 dixit
540 3590 790 3646 Christus
817 3610 830 3646 :
859 3589 928 3645 In
963 3607 1336 3665 quamcumque
1363 3593 1617 3647 civitatem
1646 3595 1732 3647 in-

107 3689 391 3753 traveritis,
422 3690 535 3760 quis
563 3690 628 3744 sit
669 3689 856 3762 dignus
897 3690 1229 3762 interrogate,
1280 3700 1327 3743 et
1381 3691 1488 3744 illic
1535 3701 1734 3746 manete

109 3783 284 3854 (Luc.
321 3782 407 3839 10.
434 3783 528 3856 8).
559 3783 743 3855 Itaque
788 3783 968 3838 omnia
1017 3798 1114 3852 per
1165 3786 1526 3838 oeconomiam
1571 3784 1729 3839 facie:

107 3877 266 3931 bant.
295 3877 380 3930 I6.
410 3874 632 3930 Factum
649 3885 724 3929 est
742 3885 913 3930 autem
927 3875 1165 3930 euntibus
1183 3876 1327 3930 nobis
1343 3877 1412 3930 ad
1428 3877 1730 3944 orationem,

112 3970 346 4038 puellam
369 3969 644 4040 quamdam
672 3968 939 4023 habentem
964 3970 1200 4038 spiritum
1229 3969 1505 4040 pythonem
1534 3969 1738 4025 obviare

113 4062 287 4128 nobis,
343 4076 459 4131 quis
501 4070 758 4131 quwstunt
797 4077 1044 4132 magnum
1083 4061 1357 4132 praestabat
1390 4062 1612 4116 dominis
1630 4065 1736 4118 suis

114 4157 420 4209 divinando.
453 4156 540 4209 17.
575 4154 701 4210 Hcce
729 4156 1038 4225 subsequuta
1067 4154 1295 4209 Paulunt
1320 4166 1368 4210 et
1405 4166 1499 4210 nos
1533 4157 1732 4212 clama-

113 4249 225 4316 bat,
253 4247 430 4302 dicens
457 4262 475 4303 :
497 4246 594 4302 Isti
620 4249 848 4302 homines
875 4249 1006 4302 servi
1026 4246 1124 4301 Dci
1150 4249 1334 4302 excelsi
1372 4258 1511 4315 sunt,
1532 4250 1621 4322 qui
1639 4253 1739 4304 hn-

115 4341 359 4394 nuntiant
385 4341 528 4394 nobis
547 4343 683 4395 ciam
703 4341 901 4396 salutis.
954 4340 1064 4397 Cur
1085 4351 1142 4396 et
1162 4343 1373 4397 dtemon
1404 4343 1528 4398 talia
1558 4345 1737 4414 loquu-

117 4445 211 4489 tus
234 4443 343 4501 est,
374 4444 430 4488 et
465 4433 666 4490 Paulus
698 4434 976 4504 prohibuit
1002 4437 1026 4486 ‘t
1053 4435 1122 4489 Et
1151 4435 1244 4490 ille
1275 4435 1532 4506 maligne,
1571 4447 1626 4490 et
1651 4437 1738 4492 hic

117 4527 425 4598 prudenter
453 4528 644 4599 agebat
672 4529 922 4584 :volcbat
941 4531 1084 4583 enim
1107 4543 1216 4582 non
1238 4528 1343 4584 lide
1366 4529 1584 4600 dignum
1612 4533 1739 4585 red-

118 4623 256 4678 dere
288 4622 330 4676 ¹.
358 4621 494 4678 Nam
524 4624 568 4677 si
601 4623 968 4680 testimonium
1000 4623 1118 4694 ejus
1163 4623 1360 4678 Paulus
1407 4624 1735 4694 admisisset,

120 4717 330 4773 multos
358 4718 520 4774 etiam
539 4716 725 4773 ﬁdeles
744 4719 1068 4789 decepisset,
1087 4727 1146 4773 ut
1168 4719 1235 4774 ab
1257 4720 1349 4775 illo
1369 4721 1698 4791 approbatus
1725 4741 1738 4776 :

119 4814 250 4867 ideo
279 4811 404 4867 illos
431 4806 709 4883 prmdicat,
739 4823 796 4868 ut
839 4827 936 4868 sua
981 4813 1238 4880 stabiliat,
1270 4823 1324 4867 et
1370 4815 1662 4868 demissius
1684 4831 1742 4870 se

118 4905 267 4974 gerit
287 4902 356 4958 ad
379 4904 694 4973 perniciem.
729 4905 912 4960 Primo
941 4906 1121 4975 itaque
1146 4921 1253 4960 non
1280 4907 1499 4961 admisit
1521 4907 1738 4974 Paulus,

119 4997 221 5050 sed
257 4996 485 5065 respuit,
517 4996 712 5052 nolens
742 5006 848 5051 tam
876 4996 1034 5052 facile
1063 4998 1217 5068 signa
1239 4997 1403 5053 edere
1428 5017 1440 5052 :
1470 5001 1594 5069 quia
1613 5015 1744 5055 vero

119 5090 517 5162 perseverabat
537 5090 628 5154 illa
653 5091 836 5145 multis
863 5091 1076 5156 diebus,
1100 5101 1155 5144 et
1181 5105 1319 5162 Opus
1355 5092 1693 5148 monstrabat
1727 5111 1740 5146 :

123 5183 204 5238 lli
230 5183 461 5238 homines
488 5184 616 5237 servi
643 5181 737 5236 Dei
763 5184 999 5239 altissimi
1028 5195 1165 5251 sunt,
1203 5187 1290 5254 qui
1319 5187 1624 5240 annuntiant
1648 5204 1744 5242 no-

120 5280 205 5334 bis
247 5278 383 5331 vium
426 5278 647 5342 salutis;
695 5289 821 5334 tunc
873 5280 1132 5350 praecepit
1181 5279 1255 5334 illi
1311 5289 1369 5334 ut
1413 5281 1604 5336 exiret.
1653 5281 1742 5337 I8.

124 5373 328 5426 Dolens
353 5381 523 5425 autem
554 5369 776 5438 Paulus,
807 5381 853 5426 et
876 5388 1166 5438 conuersus,
1189 5374 1393 5448 spiritui
1412 5375 1542 5428 dixit
1562 5390 1579 5427 :
1601 5373 1746 5430 Prte-

126 5466 270 5536 cipio
300 5464 389 5518 tibi
420 5465 473 5518 in
497 5465 700 5518 nomine
724 5463 852 5519 Jesu
889 5465 1100 5533 Christi,
1133 5468 1272 5520 exire
1314 5469 1376 5522 ab
1411 5485 1490 5521 ea.
1521 5469 1587 5523 Et
1627 5473 1750 5523 exiit

127 5559 312 5611 eadem
336 5557 487 5610 hora.
522 5556 610 5613 I9.
645 5556 880 5615 Videntes
906 5569 1074 5613 autem
1101 5561 1297 5615 domini
1326 5565 1455 5630 ejus,
1487 5565 1607 5630 quia
1636 5567 1748 5618 exi-

128 5655 199 5704 uit
233 5668 349 5721 spes
375 5662 596 5717 qutrstus
627 5668 823 5718 eorum,
855 5654 1294 5724 apprehendentes
1327 5655 1554 5710 Paulum
1583 5668 1629 5710 et
1657 5657 1720 5712 Si
1732 5689 1750 5698 -

131 5755 260 5812 tum,
294 5745 625 5799 adduxerunt
651 5747 702 5800 in
726 5751 896 5819 forum
914 5748 982 5801 ad
1000 5749 1276 5820 principes,
1296 5750 1387 5805 20.
1413 5761 1457 5805 et
1485 5751 1752 5828 oﬂ'erentes

133 5859 219 5894 eos
242 5840 643 5909 magistratibus,
677 5842 916 5895 dixerunt
947 5859 966 5896 :
998 5842 1067 5896 Hi
1096 5846 1323 5898 homines
1351 5849 1653 5901 conturbant
1677 5851 1752 5902 ci-

200 5938 216 5966 ·
255 5935 352 5985 Alii
370 5935 576 6000 habent,
593 5935 771 5987 rolubat
795 5938 921 5989 enim
945 5953 995 5989 se
1010 5937 1113 6002 ﬁde
1137 5940 1336 6002 dignum
1350 5941 1532 6003 ᾔει-ενι).

1056 411 1123 467 ΙΝ
1165 409 1348 466 ACTA
1391 397 1927 462 Λροδτοιοιιωι.
1970 398 2202 455 IIOMIL.
2247 398 2466 454 XXXV.

3340 403 3446 458 254

1835 516 2040 571 vitalem
2089 526 2338 582 nostram,
2391 533 2506 570 cum
2554 517 2658 572 sint
2705 517 2904 587 Judtei,
2943 518 3036 575 2i.
3069 530 3116 575 et
3140 523 3450 575 annuntiunt

1833 625 2019 676 mores,
2047 626 2173 680 quos
2190 625 2291 664 non
2307 609 2426 664 licet
2450 609 2596 664 nobis
2614 611 2877 681 suscipere
2895 628 3057 683 neque
3079 627 3305 681 servare,
3327 632 3447 670 cum

1829 705 1990 759 simus
2019 703 2266 760 Romani.
2291 702 2503 775 Ubique
2523 703 2791 760 malorum
2821 720 3002 762 causa:
3023 707 3270 778 pecunia:
3300 717 3448 763 sunt.

1829 797 1875 853 Ο
1898 812 2229 868 paganorum
2259 796 2710 853 inhumanitatem
2737 799 2751 854 ι
2782 797 3056 854 Volebam
3074 799 3310 870 puellam
3338 800 3456 856 da:-

1831 892 2134 946 mnniacam
2150 906 2294 958 esse,
2321 900 2378 945 ut
2396 892 2654 961 pecunias
2678 891 3017 963 colligerent.
3039 891 3453 964 Apprehenden-

1832 989 1924 1046 les,
1963 983 2157 1053 inquit,
2207 980 2434 1038 Paulum
2487 994 2534 1038 et
2577 982 2770 1050 Silam,
2814 985 3050 1040 dicebant
3079 985 3195 1041 :Hi
3221 989 3456 1042 homines

1830 1078 2133 1130 conturbant
2165 1077 2413 1130 civitatem
2435 1089 2685 1135 nostram.
2725 1078 2863 1146 Quid
2893 1077 3156 1135 facientes
3184 1081 3320 1137 ?cur
3345 1096 3457 1137 non

1832 1175 1958 1221 ante
1986 1168 2225 1222 traxistis
2255 1169 2396 1224 eos?
2424 1167 2599 1224 Judtei
2630 1187 2748 1224 cum
2774 1171 2897 1234 sint,
2928 1171 3181 1242 inquiunt
3211 1190 3226 1227 :
3256 1173 3328 1228 ita
3357 1188 3457 1229 no-

1831 1274 1956 1314 men
1987 1259 2117 1314 illud
2154 1261 2296 1315 male
2317 1259 2594 1317 audiebat.
2626 1259 2699 1315 Et
2746 1263 3057 1318 annuntiant
3100 1281 3289 1332 mores,
3327 1281 3456 1336 quos

1832 1368 1936 1406 non
1961 1351 2075 1406 licet
2105 1351 2249 1406 nobis
2274 1353 2529 1424 suscipere
2575 1369 2736 1426 neque
2759 1371 2981 1422 servare,
3009 1372 3125 1411 cum
3153 1357 3315 1413 simus
3343 1358 3448 1413 Ro-

1832 1446 1992 1501 mani.
2017 1445 2153 1500 Rem
2187 1446 2240 1500 in
2271 1445 2415 1501 laesa
2444 1447 2741 1517 majestatis
2762 1448 2972 1504 crimen
3006 1460 3244 1506 vertunt.
3267 1451 3360 1507 22.
3389 1451 3459 1506 Et

1831 1539 1988 1593 simul
2009 1539 2287 1594 insurrexit
2309 1539 2456 1594 turba
2481 1549 2662 1594 contra
2682 1541 2822 1596 illos.
2841 1539 2884 1597 Ο
2912 1542 3311 1616 insipientiam!
3338 1545 3455 1600 Non

1833 1633 2255 1700 exantinaruut,
2291 1648 2398 1688 non
2447 1633 2851 1701 deliberarent;
2897 1636 3148 1707 quamvis
3197 1652 3266 1694 co
3309 1638 3459 1695 edito

1832 1726 2105 1782 miraculo
2125 1726 2354 1783 adorare
2387 1737 2686 1799 oporteret,
2709 1737 2767 1784 et
2801 1730 2924 1784 illos
2951 1745 3052 1800 pro
3083 1732 3458 1788 servatoribus

1833 1829 1890 1875 et
1931 1820 2188 1876 beneﬁcis
2223 1820 2449 1878 habere.
2487 1821 2621 1877 Nam
2656 1823 2700 1877 si
2719 1823 2980 1893 pecunias
3019 1823 3310 1893 volebatis,
3358 1820 3458 1880 cur

1837 1913 1997 1966 tantis
2017 1913 2252 1968 inventis
2267 1913 2470 1969 divitiis
2491 1929 2598 1969 non
2618 1916 2973 1972 occurristis?
2995 1916 3162 1972 Posse
3181 1917 3458 1974 daemonas

1835 2004 2045 2076 fugare,
2075 2007 2475 2079 splendidiores
2497 2009 2695 2074 reddit,
2715 2025 2876 2079 quam
2898 2011 3031 2080 ipsis
3052 2011 3458 2083 obtemperare.

1835 2099 1977 2154 Ecce
2005 2099 2180 2170 signa,
2217 2100 2313 2156 sed
2345 2103 2698 2171 pecuniarum
2720 2101 2992 2172 cupiditas
3017 2103 3139 2172 plus
3172 2104 3358 2160 valuit.
3392 2104 3462 2160 Et

1834 2191 2191 2260 magistratus,
2237 2193 2410 2251 scissis
2454 2193 2639 2246 tunicis
2666 2209 2866 2262 eorum,
2889 2195 3164 2267 jusserunt
3189 2213 3276 2251 eos
3303 2199 3463 2270 uirgis

1835 2283 1969 2338 credi
1998 2300 2016 2337 :
2036 2283 2128 2339 25.
2162 2295 2208 2338 et
2232 2301 2346 2338 cum
2375 2285 2563 2339 multas
2590 2285 2665 2339 eis
2697 2287 2880 2358 plagas
2899 2287 3284 2357 imposuissent,
3313 2293 3465 2346 mise-

1835 2385 1955 2429 runt
1992 2393 2078 2430 eos
2115 2379 2170 2431 in
2194 2389 2468 2444 carcerem,
2500 2378 2852 2450 prtecipientes
2877 2381 3080 2434 custodi
3107 2393 3163 2435 ut
3193 2383 3464 2453 diligenter

1835 2471 2117 2524 custodiret
2147 2487 2251 2525 eos.
2287 2471 2478 2542 Itaque
2510 2472 2708 2527 Paulus
2736 2481 2909 2527 tolum
2937 2473 3083 2540 fecit,
3117 2485 3174 2529 et
3203 2477 3464 2532 miracula

1835 2568 1892 2616 ct
1919 2560 2260 2628 doctrinam;
2314 2563 2679 2633 periculorum
2725 2581 2857 2621 vero
2898 2581 3125 2623 consors
3155 2553 3274 2622 I'uit‘
3299 2569 3463 2625 Silus.

1835 2652 1974 2721 Quid
2005 2665 2090 2709 est
2115 2652 2312 2709 Dolens
2333 2667 2503 2710 autem
2535 2655 2782 2712 Paulus?
2811 2657 3091 2724 Malitiam,
3121 2659 3318 2731 inquit,
3348 2661 3464 2716 da:-

1836 2748 2015 2803 mouis
2039 2748 2248 2816 videns,
2274 2759 2330 2804 ut
2361 2750 2480 2819 ipse
2504 2750 2632 2806 alibi
2662 2750 2792 2806 dicit
2832 2770 2846 2807 :
2877 2750 3003 2807 Non
3034 2755 3172 2808 enint
3197 2757 3469 2827 cogitatio-

1836 2856 1925 2915 nes
1949 2841 2061 2912 ejus
2085 2841 2383 2912 ignoramus
2412 2841 2504 2913 (2.
2530 2840 2650 2899 Cor.
2678 2843 2736 2897 2.
2764 2845 2826 2899 11
2849 2845 2893 2916 ).
2918 2845 3028 2902 Cur
3055 2862 3164 2901 non
3184 2849 3463 2915 dixerunt,

1838 2932 2148 2989 Dzemonem
2191 2935 2493 3005 eiecerunt,
2537 2937 2591 2990 in
2633 2936 2804 2992 Deum
2835 2938 3001 3008 impie
3048 2951 3320 3010 egerunt;
3367 2943 3464 2998 sed

1835 3028 2044 3085 crimen
2074 3029 2218 3084 laesa:
2241 3030 2542 3100 majestatis
2570 3030 2881 3087 intentant?
2906 3033 3005 3088 IIic
3027 3049 3089 3089 se
3113 3039 3283 3090 vietos
3307 3036 3463 3093 vide-

1837 3119 1987 3176 bant.
2011 3121 2102 3178 Sic
2132 3121 2276 3178 etde
2298 3121 2516 3179 Christo
2534 3123 2790 3180 dicebant
2815 3143 2829 3182 :
2865 3125 2990 3181 Non
3008 3127 3250 3183 habemus
3273 3146 3464 3202 regem,

1835 3217 1937 3270 nisi
1962 3214 2217 3272 Caesarem
2250 3216 2450 3290 (Joan.
2478 3220 2569 3275 I9.
2606 3221 2726 3292 15).
2761 3219 2942 3276 Omnis
2970 3222 3058 3293 qui
3079 3239 3134 3278 se
3175 3240 3343 3295 regem
3380 3230 3468 3298 fa-

1839 3310 1944 3376 cit,
1994 3313 2301 3366 contradicit
2346 3312 2542 3367 Cresari
2590 3313 2768 3386 (Ibid.
2798 3331 2846 3369 υ.
2889 3315 3015 3388 12).
3044 3315 3115 3370 Et
3143 3321 3471 3390 conjecerunt

1839 3419 1947 3469 eos,
1975 3405 2173 3474 inquit,
2221 3405 2275 3459 in
2320 3421 2595 3460 carcerem.
2637 3407 2865 3477 Magnus
2895 3407 3066 3464 furor.
3091 3409 3184 3465 24.
3218 3409 3321 3476 Qui
3349 3428 3469 3466 cum

1840 3499 1942 3552 tale
1972 3509 2286 3571 prazceptum
2337 3502 2636 3572 accepisset,
2689 3502 2906 3572 conjecit
2945 3503 3065 3556 illos
3091 3504 3144 3558 in
3174 3504 3471 3560 interiorem
3531 3523 3534 3527 ·

1838 3608 2123 3657 carcerem,
2154 3603 2201 3646 et
2233 3594 2385 3664 pedes
2413 3611 2590 3648 eorum
2622 3594 2830 3649 strinxit
2870 3595 3034 3666 ligno.
3069 3595 3226 3663 Vide,
3257 3599 3347 3654 ille
3375 3616 3472 3656 eos

1841 3681 1894 3735 in
1927 3681 2243 3739 interiorem
2270 3685 2506 3755 conjecit
2535 3700 2813 3741 carcerem
2839 3705 2853 3741 :
2875 3695 2931 3742 et
2958 3685 3060 3742 hoc
3078 3701 3148 3744 ex
3180 3691 3474 3759 providen-

1842 3776 1916 3831 tia
1965 3777 2188 3832 iactum.
2229 3778 2368 3845 Quia
2401 3780 2544 3833 enim
2579 3778 2903 3835 miraculum
2927 3796 3183 3852 magnum
3218 3784 3464 3842 futurum

1842 3877 1981 3935 erat,
2014 3870 2244 3925 idoneus
2267 3870 2420 3926 locus
2453 3871 2520 3926 ad
2551 3887 2665 3927 rem
2697 3873 3059 3944 evulgandam
3085 3885 3240 3932 extra
3273 3879 3466 3936 urbem

1842 3966 2115 4030 statuitur,
2151 3965 2542 4020 tentatiouibus
2564 3975 2616 4020 et
2647 3967 2904 4037 periculis
2928 3983 3152 4024 vacuus.
3182 3970 3318 4026 Vide
3339 3989 3473 4043 quo-

1843 4056 2006 4111 modo
2037 4057 2124 4111 hic
2175 4059 2408 4129 scriptor
2432 4059 2609 4113 studia
2655 4075 2950 4117 recensere
2993 4078 3100 4118 non
3158 4065 3470 4121 erubescat.

1843 4148 2003 4204 Certe
2034 4165 2160 4205 cum
2186 4152 2342 4221 quies
2395 4161 2579 4216 esset,
2611 4153 2786 4224 magis
2820 4153 3177 4211 attendebant
3218 4157 3302 4222 iis,
3353 4175 3472 4230 qua:

1844 4241 2204 4296 dicebantur:
2237 4258 2412 4315 neque
2459 4244 2587 4299 urbs
2641 4245 2732 4301 illa
2767 4243 3220 4318 'l’bilippensium
3271 4265 3469 4321 magna

1845 4344 1982 4388 erat.
2036 4335 2163 4391 Haec
2211 4345 2267 4391 et
2319 4352 2419 4391 nos
2446 4337 2706 4406 scientes,
2750 4341 3026 4395 neminem
3056 4343 3472 4401 erubescamus.

1846 4427 2004 4497 Apud
2037 4428 2330 4484 curiarium
2361 4439 2550 4485 manet
2579 4431 2795 4499 Petrus,
2845 4435 2987 4502 apud
3039 4439 3416 4506 purpurariam
3449 4442 3467 4472 ί

1848 4522 2065 4579 Paulus.
2099 4523 2202 4581 Ubi
2229 4533 2312 4580 est
2329 4523 2539 4581 fastus?
2561 4525 2727 4598 Igitur
2762 4528 2932 4584 Deum
2968 4547 3272 4601 precemur,
3298 4545 3356 4591 ut
3382 4551 3479 4592 cor

1848 4616 2057 4683 aperiat
2088 4633 2100 4670 :
2136 4616 2280 4671 Deus
2333 4627 2514 4672 autem
2543 4619 2707 4674 corda
2733 4636 2856 4691 qua:
2881 4623 3154 4680 voluerint
3190 4629 3393 4697 aperit;
3425 4638 3480 4686 at

1848 4719 2114 4763 excazcata
2143 4709 2307 4764 corda
2339 4710 2523 4768 videre
2545 4721 2649 4767 est.
2685 4711 2792 4769 Sed
2821 4719 3111 4786 superiora
3136 4729 3472 4790 repetamus.

1851 4801 2066 4869 Mulier,
2096 4803 2288 4873 inquit,
2313 4807 2652 4876 purpuraria,
2681 4812 2828 4878 cujus
2851 4809 3106 4868 Dominus
3134 4831 3222 4868 cor
3241 4820 3466 4887 aperuit,

1851 4905 1904 4948 ut
1933 4895 2212 4950 attenderet
2236 4897 2320 4962 iis,
2348 4915 2462 4975 qua:
2483 4900 2784 4956 dicebantur
2817 4920 2850 4957 a
2889 4902 3086 4962 Paulo.
3113 4910 3344 4979 Aperire
3374 4913 3478 4968 ita-

1852 5005 1957 5056 que
1987 4990 2080 5044 Dei
2127 4999 2232 5060 est,
2261 4993 2544 5050 attendere
2577 5010 2708 5050 vero
2738 4995 2885 5053 illius
2911 5016 2925 5052 :
2959 5013 3050 5055 res
3081 5000 3242 5072 igitur
3277 5015 3394 5061 erat
3421 5017 3477 5062 et

1852 5081 2030 5136 divina
2060 5092 2116 5137 et
2144 5083 2402 5140 humana.
2432 5086 2560 5142 Cum
2585 5099 2753 5142 autem
2777 5091 3038 5162 baptizata
3053 5075 3259 5164 inisset,
3280 5098 3476 5168 inquit,

1855 5177 2126 5246 deprecata
2150 5189 2224 5232 est
2253 5180 2446 5247 dicens,
2481 5179 2540 5235 Si
2554 5182 2832 5252 judicastis
2864 5201 2963 5238 me.
2999 5185 3214 5258 Vide,et
3242 5191 3484 5262 baptiza-

1859 5277 1973 5336 tur,
2007 5280 2062 5324 et
2091 5271 2284 5342 recipit
2314 5273 2592 5341 apostolos
2621 5286 2742 5344 post
2765 5286 2971 5332 tantam
2993 5281 3473 5352 supplicationem,

1859 5365 2118 5432 majorem
2150 5379 2311 5434 quam
2340 5364 2485 5419 illam
2515 5366 2830 5423 Abrahami.
2860 5369 2970 5426 Nec
3002 5372 3130 5426 dicit
3158 5375 3304 5430 aliud
3337 5378 3481 5432 indi-

1858 5458 2025 5520 cium,
2065 5472 2227 5527 quam
2274 5457 2425 5524 illud,
2459 5474 2567 5528 quo
2609 5470 2822 5516 servata
2852 5460 3052 5518 fuerat.
3082 5463 3200 5520 Non
3231 5466 3388 5533 dixit,
3422 5471 3478 5526 Si

1863 5566 2134 5620 magnam,
2169 5553 2212 5605 si
2243 5552 2383 5621 piam
2406 5553 2689 5609 mulierem
2718 5555 3000 5626 judicastis
3029 5575 3148 5626 me;
3174 5563 3269 5616 sed
3311 5565 3486 5634 quid?

1863 5642 2098 5699 Fidelem
2120 5643 2365 5699 Domino.
2398 5646 2454 5702 Si
2488 5647 2740 5711 Domino,
2778 5650 2945 5705 multo
2971 5652 3142 5721 magis
3168 5655 3342 5720 vobis,
3379 5658 3494 5713 nisi

1862 5737 2143 5792 dubitetis.
2176 5736 2286 5793 Nec
2309 5738 2466 5806 dixit,
2500 5740 2657 5810 Apud
2698 5758 2806 5808 me,
2831 5741 3022 5806 sed,ln
3051 5746 3205 5799 domo
3234 5765 3347 5804 mea
3374 5768 3484 5805 ma-

1865 5839 2012 5892 nete;
2045 5838 2100 5881 ut
2130 5830 2442 5886 ostenderet
2485 5845 2544 5887 se
2577 5832 2679 5886 hoc
2707 5850 2828 5886 cum
2863 5851 3053 5904 magna
3086 5836 3363 5896 alacritate
3402 5842 3485 5899 {.1—

1935 5948 1949 5977 ¹
1990 5947 2184 6005 Quidam
2205 5945 2357 6008 addit,
2381 5955 2426 5998 et
2446 5947 2786 6013 alitatigenam.
