4034 6452
639 396 745 449 255

640 525 786 564 cere.
818 504 951 560 Vere
981 499 1154 555 ﬁdelis
1177 498 1386 553 mulier.
1428 494 1524 548 Dic
1537 504 1678 546 vero
1707 486 1856 554 mihi,
1885 485 2005 556 quis
2031 492 2111 538 est
2137 481 2224 536 hic

640 594 878 654 diemon?
907 594 1066 662 Deus,
1102 589 1328 658 inquies,
1365 587 1564 658 python
1611 599 1625 635 :
1659 595 1689 635 a
1711 581 1830 634 loco
1870 579 1947 631 sic
1977 583 2218 630 vocatur.

639 689 822 746 Viden’
842 687 1004 744 etiam
1029 683 1327 752 Apollinem
1353 693 1474 735 esse
1500 677 1796 731 «temonem
1815 673 1836 724 ἲ
1857 680 1910 727 et
1929 669 2049 740 quia
2073 666 2219 720 vole-

630 760 730 837 ‘bat
769 782 887 837 illos
929 781 980 833 in
1011 775 1333 831 tentationes
1362 770 1599 842 injicere,
1640 776 1699 822 ut
1727 763 1894 834 magis
1941 761 2216 844 excitaret,

632 876 698 929 ad
721 875 824 929 hoc
853 867 1179 940 loquendum
1209 863 1436 919 induxit.

700 965 756 1020 2.
788 963 832 1018 0
853 962 1105 1022 sceleste,
1133 965 1189 1013 et
1218 952 1629 1011 scelestissimel
1681 948 1738 1004 Si
1785 960 1911 1017 ergo
1939 943 2076 1000 n0sti
2101 942 2218 996 illos

631 1060 776 1112 viam
801 1053 989 1110 salutis
1015 1050 1352 1114 annuntiare,
1387 1061 1481 1101 cur
1528 1059 1634 1098 non
1681 1039 1954 1111 egrederis
1992 1032 2218 1090 lubens?

633 1151 738 1206 Sed
771 1149 999 1218 idipsum
1024 1141 1167 1213 quod
1196 1141 1380 1196 Simon
1410 1137 1642 1202 volebat,
1686 1149 1806 1189 cum
1835 1131 2059 1194 diceret,
2090 1125 2219 1179 Date

631 1241 775 1305 mihi,
807 1248 860 1291 ut
884 1238 965 1291 cui
985 1237 1275 1303 imposuere
1323 1245 1525 1293 manus,
1554 1227 1769 1297 accipiat
1797 1222 2047 1292 Spiritum
2093 1236 2216 1272 san-

627 1343 760 1384 ctum
785 1329 934 1403 (Act.
963 1331 1014 1382 8.
1049 1326 1158 1397 I9)
1184 1343 1197 1378 :
1234 1324 1332 1378 hoc
1360 1329 1416 1378 et
1443 1321 1544 1376 iste
1570 1318 1829 1388 faciebat:
1853 1314 1977 1384 quia
2004 1311 2218 1366 videbat

627 1424 746 1477 illos
791 1420 1070 1487 celebrari,
1131 1418 1203 1473 ita
1236 1417 1476 1481 simulat,
1509 1413 1610 1468 hac
1650 1411 1855 1466 ratione
1902 1421 2128 1478 Sperans
2156 1420 2214 1460 se

626 1514 1028 1588 relinquendum
1059 1526 1180 1568 esse
1215 1511 1266 1564 in
1293 1523 1542 1579 corpore,
1591 1507 1636 1559 si
1665 1505 1850 1559 eadem
1878 1501 2209 1575 praedicaret.

622 1613 679 1667 Si
721 1626 848 1665 vero
887 1607 1027 1679 apud
1077 1606 1347 1659 hominem
1405 1602 1525 1656 Non
1551 1611 1624 1656 est
1653 1601 1880 1671 speciosa
1915 1599 2025 1651 laus
2047 1599 2098 1650 in
2127 1611 2214 1649 ore

624 1702 899 1772 peccatoris
928 1693 1137 1770 (Eccli.
1159 1698 1246 1752 15.
1280 1695 1379 1769 9),
1410 1695 1578 1749 multo
1627 1693 1795 1763 magis
1841 1693 1978 1760 apud
2005 1691 2210 1744 dzcmo-

623 1811 745 1850 nem
780 1813 793 1848 :
823 1795 866 1849 si
894 1794 963 1848 ab
991 1792 1294 1846 hominibus
1319 1788 1680 1845 testimonium
1709 1802 1814 1841 non
1842 1785 2033 1854 accipit
2051 1782 2210 1838 Chri-

619 1900 756 1954 stus,
787 1903 886 1942 nec
915 1902 945 1941 a
974 1885 1212 1950 Joanne;
1243 1884 1410 1937 multo
1431 1884 1611 1937 minus
1635 1895 1666 1935 a
1710 1878 1975 1934 dmmone.
2007 1874 2207 1930 Prtedi-

620 1999 746 2039 care
766 1984 906 2037 enim
930 1996 1035 2035 non
1063 1991 1146 2036 εει
1172 1979 1470 2043 hominum,
1496 1975 1592 2032 sed
1613 1974 1842 2044 Spiritus
1861 1973 2051 2026 sancti.
2075 1969 2206 2037 Quia

622 2079 781 2148 igitur
802 2085 1114 2145 arroganter
1141 2074 1405 2129 faciebant
1427 2070 1743 2136 clamantes,
1762 2067 1998 2122 clamore
2018 2080 2076 2119 se
2098 2073 2211 2118 stu-

625 2185 808 2238 porem
871 2168 1129 2222 allaturos
1186 2165 1495 2235 sperabant,
1551 2162 1834 2217 dicentes:
1870 2157 1941 2212 Hi
1983 2158 2208 2210 homines

619 2263 913 2318 conturbant
934 2263 1184 2316 civitatem
1204 2270 1448 2313 nostram.
1472 2256 1613 2326 Quid
1633 2255 1805 2311 dicis?
1825 2254 2074 2310 credisne
2094 2253 2204 2307 daa-

619 2358 806 2411 moni?
835 2372 932 2411 cur
961 2371 1065 2409 non
1091 2355 1177 2409 hic
1210 2354 1372 2409 etiam
1401 2352 1616 2408 credis?
1644 2351 1738 2406 Ille
1765 2349 1914 2413 dicit,
1945 2348 2090 2403 Servi
2110 2346 2208 2400 Dei

616 2450 886 2512 altissimi;
915 2456 970 2502 tu
999 2448 1156 2513 dicis,
1187 2446 1498 2500 Conturbant
1547 2445 1798 2498 civitatem
1827 2453 2050 2497 nostram
2075 2458 2092 2495 :
2119 2442 2206 2495 ille

616 2540 764 2605 dicit,
783 2539 1098 2593 Annuntiant
1120 2539 1262 2590 nobis
1292 2537 1423 2590 viam
1447 2535 1657 2600 salutis;
1682 2543 1884 2603 tuwvero
1897 2533 2048 2596 dicis,
2068 2531 2205 2586 Tra-

618 2632 741 2684 dunt
768 2630 910 2700 nobis
951 2645 1134 2695 mores,
1186 2644 1311 2697 quos
1354 2643 1458 2680 non
1486 2625 1598 2679 licet
1626 2626 1895 2694 suscipere.
1925 2623 2059 2678 Vide
2087 2624 2206 2677 illos

615 2738 787 2792 neque
812 2722 1044 2777 dmmoni
1067 2733 1227 2774 aures
1249 2717 1570 2788 prtebentes,
1597 2717 1691 2770 sed
1719 2731 1877 2770 unam
1901 2723 2203 2784 spectantes

611 2813 909 2868 avaritiam.
939 2812 1247 2876 Traxerunt,
1280 2809 1469 2878 inquit,
1503 2823 1587 2861 eos
1623 2809 1676 2860 in
1723 2811 1894 2877 forum
1917 2805 1982 2858 ad
2009 2805 2204 2875 princi-

613 2922 697 2973 pes
730 2921 748 2958 :
773 2915 820 2958 et
849 2903 1070 2956 cucurrit
1095 2901 1233 2972 plebs
1261 2899 1498 2953 adversus
1529 2915 1632 2952 eos.
1661 2897 1797 2952 Vide
1827 2896 1946 2951 illos
1973 2913 2077 2950 non
2110 2911 2198 2950 re-

611 2995 877 3068 spondere
904 3010 1002 3050 nec
1033 3009 1150 3050 sese
1177 3007 1408 3063 purgare
1432 3009 1447 3058 ;
1500 3001 1556 3045 ut
1578 2991 1784 3059 majore
1801 2990 1911 3045 sint
1937 2989 2079 3058 digni
2106 2989 2200 3041 ad-

612 3089 912 3145 miratione.
942 3088 1074 3143 Nam
1116 3088 1210 3155 ait,
1263 3086 1390 3140 Cum
1423 3086 1676 3154 infirmor,
1724 3093 1840 3136 tunc
1864 3092 2039 3153 potens
2063 3098 2196 3136 sum.

613 3184 808 3253 Suﬁicit
834 3182 922 3236 tibi
947 3183 1109 3252 gratia
1156 3197 1298 3245 mea;
1329 3195 1448 3234 nam
1505 3179 1663 3232 virtue
1691 3193 1803 3230 mea
1831 3178 1884 3230 in
1910 3177 2200 3244 inﬁrmitate

611 3277 866 3345 perﬁcitur
887 3273 976 3345 (2.
1000 3273 1118 3329 Cor.
1148 3274 1236 3327 12.
1267 3272 1336 3328 10
1379 3282 1427 3326 et
1466 3271 1566 3342 9).
1591 3271 1773 3340 Itaque
1802 3285 1866 3324 ex
1892 3279 2199 3323 mansuetu-

608 3369 733 3422 dine
763 3366 1104 3421 admirabiles
1132 3374 1306 3420 erant.
1348 3349 1558 3432 Quanto
1601 3362 1911 3432 diligentior
1950 3361 2194 3415 cuStodia

607 3470 741 3526 erat,
771 3469 916 3514 tanto
940 3459 1252 3513 miraculum
1293 3456 1642 3527 splendidius.
1673 3455 1924 3510 Fortasse
1947 3454 2025 3509 sic
2045 3454 2191 3509 sedi-

607 3561 804 3614 tionem
851 3556 1041 3613 sedare
1095 3555 1365 3609 volebant.
1413 3553 1548 3619 Quia
1599 3551 1849 3607 videbant
1904 3552 2190 3604 instantem

608 3651 834 3716 turbam,
856 3649 1022 3720 plagis
1039 3647 1251 3718 quidem
1279 3648 1330 3700 in
1357 3645 1608 3716 praesenti
1633 3643 1868 3699 furorem
1891 3645 2079 3699 sistere
2099 3659 2191 3696 vo-

606 3744 812 3809 lebant;
843 3759 962 3797 cum
994 3752 1171 3798 autem
1213 3743 1264 3794 in
1294 3755 1566 3795 carcerem
1597 3738 1945 3807 coniecerunt
1972 3745 2027 3790 et
2053 3751 2189 3806 pra:-

602 3843 858 3907 ceperunt
880 3843 1128 3889 accurate
1170 3833 1392 3896 servari,
1424 3845 1639 3886 causam
1698 3831 1886 3885 audire
1916 3829 2186 3884 volebant.

608 3930 669 3982 Et
698 3929 900 3982 strinxit
927 3928 1084 3999 ligno,
1111 3927 1320 3997 inquit;
1347 3940 1411 3979 ac
1438 3925 1484 3980 si
1511 3924 1737 3989 diceret,
1770 3924 1820 3975 in
1847 3921 2190 3990 nervo.Quot

602 4020 847 4093 lacrymis
864 4018 1020 4088 digna
1043 4028 1187 4084 sunt,
1213 4033 1332 4087 qua:
1355 4032 1495 4072 nunc
1524 4018 1791 4088 aguntur?
1819 4016 1895 4071 Illi
1924 4017 2060 4070 mala
2093 4030 2188 4084 pa-

600 4113 882 4178 tiebantur,
907 4125 1006 4165 nos
1025 4111 1075 4164 in
1099 4110 1546 4181 deliciisagimus,
1567 4123 1664 4164 nos
1681 4109 1734 4163 in
1763 4109 2009 4164 theatris.
2033 4109 2185 4165 Unde

597 4205 857 4273 pernicies
902 4203 1095 4259 accidit
1115 4211 1170 4259 et
1190 4203 1602 4274 submergimur,
1628 4203 1751 4257 dum
1770 4204 2002 4274 quietem
2025 4203 2183 4257 undi-

597 4314 698 4368 que
726 4299 1035 4368 quzcrimus,
1068 4313 1168 4352 nec
1196 4312 1294 4367 pro
1319 4297 1534 4352 Christo
1563 4296 1810 4352 volumus
1830 4296 1914 4351 vel
1941 4297 2182 4351 convicia

593 4391 878 4454 sustinere,
907 4390 990 4445 vel
1016 4391 1177 4444 etiam
1206 4390 1386 4444 verba.
1410 4389 1535 4443 Ηωε
1560 4389 1868 4460 frequenter
1896 4389 1949 4444 in
1980 4405 2184 4445 memo-

595 4486 727 4539 riam
777 4497 1111 4550 revocemus,
1155 4484 1414 4546 obsecro,
1461 4492 1659 4553 quanta
1711 4483 1786 4537 illi
1838 4483 1979 4553 passi
2032 4484 2176 4547 sint,

591 4587 784 4648 quanta
814 4576 1183 4644 sustinuerint,
1211 4576 1482 4646 quomodo
1511 4591 1610 4631 nec
1631 4576 1846 4641 turbati,
1874 4592 1971 4631 nec
1989 4575 2176 4631 oﬂ‘ensi

592 4673 716 4723 sint.
749 4669 842 4724 Dei
867 4683 1000 4738 Opus
1028 4670 1478 4737 exsequebantur,
1502 4678 1558 4723 et
1582 4667 1698 4722 haec
1725 4671 1862 4738 passi
1893 4678 2035 4724 sunt.
2058 4669 2176 4724 Non

590 4761 839 4814 dicebant
867 4776 879 4812 :
910 4759 1018 4813 Cur
1048 4760 1147 4814 hoc
1169 4760 1540 4829 praedicamus,
1567 4775 1665 4815 nec
1690 4760 1847 4815 nobis
1869 4762 2173 4831 prtesidium

587 4853 741 4907 affert
799 4852 980 4906 Deus?
1033 4850 1138 4905 Sed
1188 4860 1242 4905 et
1295 4853 1395 4906 hoc
1439 4851 1544 4907 illis
1584 4852 1856 4922 proderat,
1889 4862 1944 4906 et
1971 4853 2173 4924 absque

587 4962 688 5013 ope
727 4962 792 4999 ex
840 4945 952 5014 ipsa
993 4959 1054 4998 re
1108 4945 1498 4999 constantiores
1543 4944 1832 5010 reddebat,
1884 4946 2167 5012 fortiores,

592 5037 988 5103 imperterritus.
1037 5035 1314 5090 Tribulatio
1333 5078 1351 5105 ,
1383 5037 1589 5106 inquit,
1618 5037 1909 5108 patientiam
1934 5049 2172 5094 oneratur

587 5131 776 5195 (llam.
810 5131 864 5184 5.
895 5129 986 5199 4).

662 5221 803 5274 Nihil
828 5221 1053 5274 inutilius
1078 5221 1257 5275 otioso.
1272 5220 1455 5283 —Ne,
1475 5235 1679 5290 quaeso,
1703 5220 1901 5275 ﬂuxam
1922 5231 1975 5275 et
1998 5222 2169 5278 disso-

587 5317 751 5367 lutam
778 5328 1075 5381 quaeramus
1106 5311 1287 5366 vitam.
1317 5311 1386 5368 Ut
1427 5313 1569 5368 enim
1619 5313 1705 5368 hic
1743 5313 1936 5384 duplex
1967 5315 2163 5372 bonum

585 5418 688 5471 est,
719 5406 857 5476 quod
891 5407 1136 5460 fortiores
1177 5407 1340 5473 fiant,
1364 5416 1418 5462 et
1444 5407 1584 5476 quod
1614 5422 1803 5478 magna
1831 5409 1900 5463 sit
1927 5426 2162 5466 merces:

583 5501 658 5554 sic
681 5499 750 5552 ibi
773 5497 968 5566 duplex
989 5499 1208 5565 malum,
1228 5499 1369 5569 quod
1394 5500 1661 5555 molliores
1677 5503 1923 5569 evadant,
1943 5513 1996 5558 et
2022 5505 2163 5575 quod

583 5594 646 5645 ad
679 5592 878 5646 nullam
903 5589 1202 5656 utilitatem,
1229 5591 1321 5646 sed
1345 5592 1395 5645 in
1423 5594 1640 5648 malum.
1666 5595 1805 5650 Nihil
1835 5598 1976 5651 enim
1999 5597 2164 5653 inuti-

585 5684 683 5739 iius
729 5683 963 5746 homine,
994 5683 1081 5752 qui
1129 5684 1180 5736 in
1216 5683 1327 5737 otio
1369 5695 1424 5738 et
1462 5684 1669 5740 deliciis
1710 5699 1876 5742 totum
1923 5692 2167 5760 transigit

587 5789 812 5841 tempus.
867 5772 978 5838 Vir,
1008 5774 1200 5846 inquit,
1232 5790 1336 5828 non
1368 5779 1644 5844 probatus,
1674 5781 1835 5833 etiam
1862 5781 2120 5850 reprobus
2147 5799 2159 5835 :

582 5881 620 5919 r;
644 5865 863 5936 probus,
887 5882 990 5922 non
1017 5867 1071 5922 in
1103 5868 1185 5925 his
1211 5878 1409 5924 tantum
1442 5871 1847 5940 certaminibus,
1881 5873 1971 5929 sed
2005 5877 2164 5931 etiam

1334 381 1371 438 S
1433 373 1711 436 JOANNIS
1730 367 2208 431 CIIBYSOSTOMI
2261 365 2577 424 ARCHIEP.
2610 321 3143 426 CONSTANTINOl’.

3824 370 3929 429 236

2331 483 2382 536 'ru
2411 483 2529 539 aliis
2557 484 2827 538 omnibus.
2887 485 2994 540 Res
3033 494 3117 539 est
3161 483 3359 540 inutilis
3407 483 3610 539 desidia
3641 502 3653 535 :
3687 485 3931 555 atquein

2328 576 2457 645 ipsis
2500 574 2710 630 deliciis
2748 575 2877 628 nihil
2907 577 2979 631 ita
3008 576 3178 630 fructu
3219 591 3407 630 carens
3453 584 3512 629 ut
3551 575 3795 630 deliciari
3833 573 3927 630 :id

2328 669 2470 723 enim
2511 667 2778 722 fastidium
2805 668 2961 736 parit.
3001 667 3184 739 Neque
3216 676 3358 722 tanta
3392 678 3475 723 est
3500 668 3747 724 ciborum
3776 668 3927 724 desi-

2325 761 2533 832 diaeque
2571 761 2846 831 voluptas;
2879 761 2975 816 sed
3007 761 3184 816 omnia
3228 762 3469 818 deﬂuunt
3497 774 3551 817 et
3574 763 3818 817 avolant.
3853 761 3925 820 Nc

2326 853 2462 908 hanc
2503 867 2824 924 quaeramus.
2873 851 2929 910 Si
2974 854 3119 910 enim
3164 855 3508 911 considerare
3556 855 3925 921 voluerimus,

2325 957 2444 1002 uter
2470 947 2686 1002 suavius
2712 957 2851 1016 agat,
2885 945 2975 1018 qui
3005 947 3215 1003 laborat
3241 953 3296 1000 et
3320 948 3370 1000 in
3399 948 3659 1001 aerumnis
3679 947 3834 1013 vivit,
3860 963 3924 1001 an

2323 1039 2412 1109 qui
2439 1039 2720 1094 deiiciatur
2753 1057 2766 1093 :
2801 1039 2949 1094 illum
2978 1039 3196 1093 suavius
3221 1040 3399 1094 vivere
3424 1040 3919 1110 deprehendemus.

2322 1130 2453 1185 Nam
2497 1131 2671 1200 primo
2699 1132 2841 1186 illius
2870 1146 3064 1200 corpus
3091 1145 3287 1186 enerve
3314 1141 3367 1186 et
3394 1132 3639 1200 ineptum
3674 1143 3760 1188 est
3787 1150 3800 1184 :
3828 1132 3920 1186 de-

2316 1222 2443 1278 inde
2472 1223 2714 1292 corporis
2739 1238 2930 1278 sensus
2953 1240 3058 1278 non
3085 1233 3210 1279 sunt
3234 1223 3426 1278 sinceri
3451 1240 3633 1294 neque
3656 1225 3802 1291 sani,
3833 1225 3921 1278 sed

2321 1317 2510 1372 molles
2536 1325 2590 1372 et
2616 1316 2846 1387 languidi
2874 1334 2889 1382 ;
2921 1318 3008 1372 ubi
3041 1333 3168 1373 vero
3193 1318 3270 1372 sic
3296 1333 3384 1373 res
3413 1319 3598 1384 habet,
3631 1336 3815 1391 neque
3838 1335 3920 1374 sa-

2319 1412 2500 1466 nitatis
2529 1411 2775 1481 voluptas
2803 1421 3047 1481 apparet.
3097 1411 3228 1477 Quis
3257 1427 3429 1482 equus
3460 1413 3633 1479 utilis,
3670 1415 3764 1483 qui
3793 1413 3921 1468 deli-

2317 1508 2487 1562 ciatur
2524 1523 2589 1561 an
2632 1509 2719 1578 qui
2746 1507 3070 1563 exercetur?
3098 1523 3216 1578 quae
3259 1509 3430 1573 navis,
3459 1524 3581 1578 qua:
3609 1510 3919 1580 navigatau

2316 1617 2435 1672 qua:
2469 1600 2703 1656 otiatur?
2740 1617 2860 1671 qua:
2887 1616 3054 1670 aqua,
3092 1618 3210 1670 quae
3239 1600 3355 1656 ﬂuit
3383 1617 3450 1654 an
3480 1617 3605 1670 qua:
3649 1602 3920 1671 quiescit?

2315 1696 2457 1766 quod
2491 1694 2710 1763 ferrum,
2742 1695 2884 1765 quod
2912 1704 3156 1749 movetur
3182 1710 3248 1760 ap
3280 1696 3422 1766 quod
3453 1694 3590 1749 nihil
3621 1694 3923 1764 operatur?

2314 1806 2492 1845 annon
2521 1789 2651 1844 illud
2680 1789 2895 1860 quidem
2924 1789 3203 1859 splendet,
3259 1801 3309 1844 et
3337 1800 3561 1860 argento
3592 1791 3781 1846 simile
3807 1802 3917 1853 est;

2316 1887 2419 1944 hoc
2447 1896 2624 1941 autem
2654 1885 2897 1956 rubigine
2922 1887 3290 1952 consumitur,
3322 1894 3376 1940 et
3407 1886 3594 1940 inutile
3621 1896 3730 1953 est,
3761 1898 3917 1956 atque

2314 1995 2379 2035 ex
2407 1979 2627 2034 materia
2654 1993 2748 2032 sua
2777 1977 3049 2048 quidpiam
3079 1977 3315 2032 amittit?
3359 1977 3487 2032 Tale
3515 1977 3800 2048 quidpiam
3826 1993 3916 2032 ac-

2313 2073 2443 2129 cidit
2469 2075 2657 2128 otiosae
2682 2073 2876 2127 animae
2907 2089 2918 2124 :
2956 2071 3146 2141 rubigo
3173 2069 3417 2140 quardam
3453 2070 3598 2125 illam
3629 2072 3914 2141 pervadit,

2313 2177 2366 2224 et
2394 2167 2734 2238 splendorem
2773 2167 3011 2222 corrodit
3049 2175 3352 2235 czcteraqne
3393 2165 3594 2219 omnia.
3645 2166 3766 2233 Qua
3803 2179 3919 2220 arte

2311 2261 2431 2330 quis
2458 2262 2594 2316 hanc
2620 2259 2916 2329 rubiginem
2943 2259 3301 2315 absterserit?
3331 2257 3723 2314 Erumnarum
3753 2268 3875 2315 cote
3900 2278 3916 2315 :

2311 2352 2419 2406 illa:
2441 2353 2622 2407 utilem
2649 2351 2882 2407 reddunt
2902 2352 3132 2405 animam
3155 2354 3280 2405 etin
3309 2350 3556 2404 omnibus
3576 2351 3914 2420 expeditam.

2309 2442 2589 2511 Quomodo
2617 2443 2782 2508 enim,
2812 2456 3015 2512 quaeso,
3041 2442 3236 2511 poterit
3264 2441 3389 2494 vitia
3419 2440 3721 2508 succidere,
3751 2442 3919 2497 hebe-

2310 2546 2415 2592 tata
2442 2537 2576 2602 acie,
2602 2545 2655 2591 et
2681 2537 2830 2607 quasi
2854 2536 3127 2605 plumbum
3153 2534 3386 2591 reﬂexa?
3413 2535 3689 2606 quomodo
3713 2534 3914 2591 diabo-

2309 2632 2416 2686 lum
2439 2630 2748 2686 confodiet?
2775 2631 2858 2686 cui
2885 2646 2989 2684 non
3012 2639 3095 2684 cst
3118 2631 3358 2700 ingratus
3384 2628 3545 2684 homo
3566 2628 3656 2698 qui
3684 2629 3916 2699 pingue-

2307 2721 2417 2777 dini
2443 2721 2639 2788 studet,
2669 2737 2731 2775 ac
2760 2721 2904 2776 velut
2935 2720 3106 2790 phoca
3138 2719 3402 2773 trahitur?

2378 2815 2430 2870 3.
2461 2813 2627 2867 Lauta
2653 2830 2823 2868 mensa
2852 2813 3181 2884 vituperatur.
3205 2842 3274 2851 —
3297 2811 3413 2866 Non
3443 2811 3542 2866 hoc
3569 2810 3692 2865 dico
3721 2811 3796 2866 de
3823 2812 3913 2877 iis,

2303 2906 2395 2976 qui
2413 2916 2597 2960 natura
2621 2905 2758 2960 tales
2779 2915 2923 2972 sunt,
2947 2903 3038 2959 sed
3064 2903 3129 2958 de
3149 2903 3231 2970 iis,
3246 2903 3332 2972 qui
3351 2918 3413 2957 ex
3432 2901 3672 2957 ciborum
3694 2903 3915 2960 deliciis

2306 2999 2429 3053 talia
2475 2999 2575 3053 sibi
2619 3011 2845 3068 corpora
2888 3006 3100 3069 parant,
3131 3012 3252 3051 cum
3301 3005 3489 3050 natura
3531 3010 3626 3050 sua
3671 2996 3914 3066 graciles

2302 3103 2503 3150 essent.
2531 3094 2688 3149 Ortus
2710 3104 2792 3150 est
2813 3094 2916 3160 sol,
2937 3093 3114 3149 radios
3139 3093 3336 3164 ubique
3355 3092 3668 3162 splendidos
3687 3093 3915 3162 eﬂ‘uilit,

2303 3187 2541 3258 singulos
2582 3186 2649 3241 ad
2691 3202 2853 3256 Opera
2892 3187 3185 3242 excitavit:
3216 3186 3448 3256 agricola
3475 3197 3688 3253 sumpto
3725 3187 3916 3257 ligone

2302 3280 2442 3343 exit,
2474 3277 2696 3331 aerarius
2727 3277 2974 3332 malleum
3005 3276 3364 3347 apprehendit
3385 3318 3401 3340 ,
3431 3277 3624 3347 singuli
3653 3280 3910 3338 artiﬁces

2299 3385 2418 3438 qua:
2441 3369 2540 3423 sibi
2563 3378 2892 3440 congruunt;
2913 3379 2968 3424 et
2988 3385 3254 3440 quemque
3277 3371 3519 3426 invenies
3540 3371 3909 3428 instrumenta

2297 3477 2392 3516 sua
2421 3471 2768 3528 tractantem;
2795 3462 2988 3517 mulier
3041 3462 3221 3517 colum
3253 3463 3337 3518 vel
3371 3472 3632 3519 texturam
3665 3466 3867 3535 arripit
3895 3485 3905 3522 :

2297 3553 2389 3609 ille
2417 3564 2593 3609 autem
2635 3568 2846 3609 summo
2896 3569 3052 3610 mane
3076 3556 3227 3626 quasi
3260 3570 3452 3625 porcus
3475 3556 3541 3610 ad
3567 3559 3909 3625 pascendum

2294 3655 2538 3701 ventrem
2569 3647 2710 3712 exit,
2742 3661 2989 3716 quaerens
3018 3647 3291 3717 quomodo
3321 3648 3518 3702 lautam
3553 3659 3705 3718 paret
3737 3666 3904 3707 tuen-

2296 3754 2430 3792 sam.
2484 3739 2644 3809 Atqui
2692 3739 2978 3794 brutorum
3018 3747 3100 3793 est
3141 3748 3347 3794 tantum
3392 3755 3424 3793 a
3472 3756 3684 3795 summo
3736 3759 3906 3801 mane

2295 3831 2469 3885 cibum
2497 3831 2667 3897 adire,
2692 3833 2813 3900 quia
2840 3830 2906 3884 ad
2938 3831 3073 3885 nihil
3105 3831 3252 3885 utilia
3283 3841 3431 3898 sunt,
3461 3832 3564 3887 nisi
3588 3834 3657 3888 ad
3688 3849 3907 3892 macta-

2298 3922 2515 3977 tioncm.
2566 3921 2660 3976 Illa
2693 3937 2819 3976 vero
2845 3937 2964 3991 quae
3011 3921 3173 3976 dorso
3217 3933 3463 3994 gestant,
3493 3934 3548 3979 et
3578 3927 3730 3996 operi
3773 3939 3909 3998 apta

2293 4025 2446 4080 sunt,
2497 4016 2609 4085 ipsa
2657 4030 2868 4085 quoque
2915 4024 3075 4070 noctu
3102 4016 3167 4069 ad
3199 4031 3336 4087 opus
3360 4017 3737 4088 egrediuntur.
3800 4022 3909 4078 llic

2289 4119 2468 4163 autem
2497 4125 2526 4163 a
2556 4109 2695 4163 lecto
2718 4124 2964 4180 surgens,
2995 4111 3110 4165 sole
3137 4109 3310 4166 forum
3339 4112 3603 4182 replente,
3627 4124 3684 4168 et
3713 4120 3874 4171 omni

2289 4201 2387 4255 bus
2419 4202 2599 4256 labore
2625 4201 2852 4268 satiatis,
2882 4203 3054 4272 surgit
3078 4219 3138 4258 se
3167 4203 3479 4260 distendens
3505 4207 3658 4275 quasi
3691 4223 3902 4277 porcus

2288 4293 2580 4362 saginatus,
2606 4301 2887 4362 postquam
2923 4295 3178 4363 optimam
3205 4294 3310 4350 diei
3336 4307 3542 4366 partem
3567 4297 3619 4352 in
3649 4301 3901 4359 tenebris

2288 4387 2639 4455 consumpsit.
2682 4386 2884 4442 Deinde
2933 4389 3099 4442 multo
3130 4397 3372 4459 tempore
3419 4389 3472 4444 in
3512 4390 3653 4446 lecto
3694 4393 3892 4458 sedet,

2287 4495 2386 4534 nec
2449 4481 2587 4534 ferre
2637 4489 2812 4551 petest
2863 4495 3008 4549 sa‘pe
3053 4483 3410 4552 vespertinam
3451 4485 3726 4555 crapulam
3754 4530 3772 4554 ,
3839 4493 3893 4544 in

2287 4571 2371 4626 his
2403 4582 2722 4642 consumpta
2749 4573 2979 4628 maxima
3032 4577 3290 4645 temporis
3343 4585 3514 4646 parte.
3574 4578 3712 4635 [line
3764 4595 3893 4638 sese

2284 4676 2535 4730 exornat,
2569 4674 2622 4720 et
2651 4666 2893 4735 procedit
2923 4667 3268 4739 turpitudinis
3305 4673 3674 4740 spectaculum
3699 4717 3713 4740 ,
3749 4675 3892 4730 nihil

2283 4755 2486 4810 habens
2540 4757 2806 4824 hominis,
2858 4759 2952 4814 sed
2999 4759 3178 4814 omnia
3222 4760 3614 4819 hominiformis
3659 4765 3875 4823 bestiae.

2278 4855 2419 4910 oculi
2469 4855 2718 4924 lippiunt,
2753 4857 3027 4910 vinumms
3054 4856 3182 4923 olet,
3218 4857 3412 4913 misera
3440 4859 3616 4914 anima
3641 4864 3800 4932 quasi
3827 4865 3886 4918 in

2278 4947 2474 5002 lectum
2505 4947 2748 5016 conjecta
2773 4948 2842 5003 ob
2870 4939 3070 5001 illatam
3101 4948 3219 5002 sine
3246 4949 3406 5004 modo
3433 4951 3676 5006 ciborum
3709 4958 3886 5010 sarci-

2279 5054 2424 5106 nam,
2452 5041 2630 5094 carnis
2672 5039 2881 5109 pondus
2908 5039 3298 5096 circumferens
3328 5045 3463 5095 sicut
3492 5043 3738 5112 elephas.
3776 5046 3884 5102 De-

2279 5134 2401 5188 inde
2427 5135 2644 5189 veniens
2672 5134 2722 5188 in
2751 5133 2886 5187 locis
2916 5133 3100 5199 sedet,
3130 5137 3359 5204 taliaque
3384 5135 3513 5191 dicit
3539 5146 3595 5191 et
3623 5135 3753 5192 facit
3777 5183 3792 5203 ,
3819 5122 3886 5195 ut

2276 5227 2465 5280 melius
2492 5234 2638 5281 esset
2665 5225 2900 5282 dormire
2931 5225 3075 5280 illum
3100 5269 3112 5290 ,
3137 5243 3294 5296 quam
3331 5227 3571 5297 vigilare.
3603 5228 3658 5284 Si
3692 5235 3878 5301 gravia

2277 5319 2604 5384 nuntientur,
2631 5318 2806 5388 puella
2824 5320 3010 5389 quavis
3037 5320 3251 5373 mollior
3275 5327 3394 5381 est;
3420 5320 3463 5373 si
3488 5323 3696 5386 suavia,
3722 5327 3877 5392 puel-

2275 5411 2307 5464 li
2352 5411 2584 5481 cujusvis
2641 5411 2917 5466 tenerior:
2951 5410 3386 5482 frequentissime
3425 5415 3637 5469 oscitat.
3685 5415 3876 5473 Omni-

2273 5505 2369 5560 bus
2393 5515 2596 5576 prostat
2617 5504 2752 5559 mala
2773 5505 2966 5561 inferre
2987 5505 3312 5571 volentibus,
3337 5507 3378 5561 si
3407 5523 3508 5562 non
3535 5508 3877 5578 hominibus,

2273 5609 2418 5652 certe
2458 5597 2736 5652 triremibus
2772 5618 2785 5653 :
2816 5599 2972 5653 talem
3012 5596 3288 5653 hominem
3319 5598 3471 5654 facile
3501 5602 3740 5657 excitant
3768 5604 3874 5673 ira,

2271 5689 2699 5759 concupiscentia
2723 5731 2736 5753 ,
2769 5687 2965 5742 invidia
2989 5731 3003 5753 ,
3037 5689 3237 5743 omnia.
3290 5687 3493 5746 Omnes
3545 5693 3838 5751 adulantur
3861 5741 3874 5763 ,

2273 5799 2460 5838 omnes
2503 5782 2827 5847 ministrant,
2872 5783 3169 5837 molliorem
3215 5785 3376 5840 solito
3416 5785 3710 5842 reddentes
3746 5793 3873 5844 ani-

2278 5897 2416 5936 mam
2464 5899 2475 5934 :
2526 5889 2579 5935 et
2621 5877 2853 5948 quotidie
2907 5875 3086 5950 prodit
3139 5893 3256 5932 cum
3311 5895 3498 5949 magna
3557 5885 3864 5940 υρωδδὶιιιιρ
