4034 6438
160 405 272 457 255

164 527 260 579 καὶ
313 526 343 578 6
373 523 650 577 Ἀπόλλων
692 523 904 592 δαίμων
936 523 1080 588 ὲστί;
1143 525 1253 577 Καὶ
1297 525 1421 578 ἐπεὶ
1470 525 1722 578 ἐϐούλετο
1771 528 1851 590 εἰς

159 613 506 688 πειρασμοὺς
540 612 740 674 αὐτοὺς
778 610 1055 681 ἐμϐαλεῖν,
1115 611 1257 664 ὥστε
1297 611 1498 681 μᾶλλον
1527 613 1848 682 παροξῦναι,

166 703 512 775 παρώρμησε
540 700 739 769 λέγειν.

234 873 304 946 β’.
336 869 405 925 Ὦ
430 873 596 943 μιαρὲ
628 872 719 923 καὶ
752 869 1045 942 παμμίαρε
1065 887 1080 901 ο
1110 873 1159 924 εἰ
1194 870 1373 924 τοίνυν
1409 869 1577 934 οἶδας,
1618 871 1702 924 ὅτι
1733 869 1854 924 ὁδὸν

161 960 440 1031 σωτηρίας
467 957 922 1025 καταγγέλλουσι,
955 958 1006 1010 τί
1037 958 1110 1030 μὴ
1149 957 1430 1022 ἐξίστασαι
1471 957 1649 1022 ἐκώνς
1709 958 1849 1011 Ἀλλ’

159 1050 300 1119 ὅπερ
317 1047 502 1116 Σίμων
536 1044 790 1109 ἐϐούλετο
816 1045 989 1114 λέγων
1006 1063 1018 1076 ·
1054 1047 1197 1099 Δότε
1218 1065 1343 1115 μοι,
1382 1047 1484 1101 ἵνα
1510 1040 1559 1114 ᾧ
1577 1047 1689 1100 ἐὰν
1720 1046 1852 1099 ἐπι-

158 1136 246 1191 θῶ
279 1135 386 1197 τὰς
427 1133 655 1203 χεῖρας,
697 1133 976 1204 λαμϐάνῃ
1030 1134 1274 1203 Πνεῦμα
1316 1134 1490 1202 ἅγιον
1513 1151 1527 1164 ·
1565 1134 1726 1188 τοῦτο
1759 1135 1853 1188 καὶ

157 1217 318 1284 οὗτος
343 1222 516 1274 ἐποίει
538 1236 550 1250 ⁸
596 1221 782 1291 ἐπειδὴ
809 1217 948 1272 εἶδεν
967 1219 1414 1290 εὐδοκιμοῦντας,
1455 1222 1552 1276 καὶ
1579 1215 1681 1276 ὦδε
1716 1223 1845 1275 ὑπο-

158 1311 426 1380 κρίνεται,
453 1319 478 1345 ⁸
508 1309 684 1381 ταύτῃ
724 1309 1127 1380 προσεδόκησεν
1158 1310 1353 1363 ἑαυτὸν
1389 1311 1646 1379 ἀφίεσθαι
1680 1312 1738 1364 ἐν
1775 1311 1853 1381 τῷ

157 1399 400 1468 σώματι,
438 1401 485 1452 εἰ
515 1399 582 1450 τὰ
629 1398 770 1450 αὐτά
820 1397 1130 1468 κηρύξειεν.
1184 1398 1247 1450 Εί
1288 1397 1344 1450 δὲ
1378 1400 1527 1469 παρὰ
1562 1399 1851 1471 ἀνθρώπου

160 1490 290 1556 οὐχ
318 1487 533 1554 ὡραῖος
560 1490 592 1541 ὁ
621 1483 792 1550 αἶνος
821 1488 890 1540 ἐν
914 1483 994 1552 τῷ
1016 1488 1269 1557 στόματι
1302 1487 1672 1557 ἁμαρτωλοὶ),
1719 1489 1853 1542 πολε

155 1575 238 1648 λῴ
294 1576 495 1646 μᾶλλον
543 1575 693 1647 παρά
753 1575 1010 1646 δαίμονος
1045 1592 1059 1607 ν
1112 1578 1156 1628 εὶ
1218 1575 1374 1646 παρὰ
1424 1575 1728 1646 ἀνθρώπων
1784 1577 1852 1648 ὴν

159 1663 472 1734 μαρτυρίαν
514 1665 574 1718 οὐ
598 1664 862 1736 λαμϐάνει
901 1666 929 1717 6
967 1664 1222 1735 Χριστὸς,
1243 1665 1364 1717 οὐδὲ
1399 1668 1551 1737 παρὰ
1581 1663 1851 1728 Ἰωάννου,

157 1752 344 1822 πολλῷ
361 1753 560 1821 μᾶλλον
583 1753 734 1823 παρὰ
751 1753 1025 1819 δαίμονος.
1057 1751 1130 1804 T6
1151 1752 1262 1822 γὰρ
1296 1751 1588 1823 κηρύττειν
1623 1753 1725 1806 οὐκ
1755 1755 1852 1807 ἀν-

157 1840 421 1912 θρώπων,
454 1841 590 1894 ἀλλά
614 1839 928 1911 Πνεύματος
980 1839 1160 1907 ἀγίου.
1219 1840 1370 1892 Ἐπεὶ
1398 1835 1490 1894 οὖν
1517 1838 1855 1904 ἁλαζονικῶς

154 1935 380 1988 ἐποίουν
412 1933 669 2003 βοῶντες,
701 1935 767 2003 τῇ
795 1934 1011 2002 κραυγῇ
1045 1931 1413 2000 καταπλήξειν
1443 1932 1724 2002 ἐνόμισαν,
1761 1931 1853 1985 λέ-

153 2039 349 2090 γοντες
369 2039 382 2052 ·
428 2019 604 2077 Οὗτοι
624 2025 676 2075 οἱ
701 2022 1001 2089 ἅνθρωποι
1024 2020 1522 2088 ἐκταράσσουσιν
1547 2019 1718 2091 ἡμῶν
1741 2020 1855 2090 τὴν

156 2111 364 2165 πόλιν.
396 2110 463 2162 Τί
507 2110 724 2178 λέγειςς
760 2109 921 2180 πείθῃ
963 2109 1040 2179 τῷ
1089 2107 1341 2179 δαίμονι;
1390 2109 1479 2162 διά
1514 2110 1567 2162 τί
1607 2110 1729 2179 οὐχὶ
1762 2111 1855 2164 καὶ¹

154 2198 392 2252 ἐνταῦθα
414 2215 427 2262 ;
467 2198 704 2258 Ἐκεῖνος
727 2196 895 2265 λέγει,
930 2197 1012 2249 ὃτι
1040 2196 1254 2252 Δοῦλοι
1276 2196 1383 2250 τοῦ
1411 2197 1561 2252 Θεοῦ
1586 2196 1691 2252 τοῦ
1715 2199 1853 2267 ὑψί-

154 2304 342 2340 στου·
384 2288 448 2339 σὺ
484 2286 685 2354 λέγεις,
730 2286 812 2338 ὃτι
850 2284 1378 2353 Ἐκταράσσουσιν
1400 2283 1574 2356 ἡμῶν
1599 2285 1716 2353 τὴν
1745 2287 1854 2339 πό-

153 2380 293 2429 λιν·
338 2376 544 2437 ἐκεῖνος
592 2374 760 2440 λέγει,
815 2375 896 2427 ὅτι
950 2372 1482 2442 Καταγτὲλλουσιν
1517 2373 1662 2442 ἡμῖν
1711 2374 1856 2428 ὀδόν

156 2464 460 2529 σωτηρίας
479 2478 492 2491 ·
532 2462 596 2514 σὺ
639 2461 838 2530 λέγεις,
878 2461 1320 2528 Παραδιδόασιν
1349 2460 1493 2530 ἡμῖν
1521 2461 1648 2530 ἔθη,
1673 2461 1711 2515 d
1744 2464 1855 2516 οὐκ

155 2552 366 2616 ἔξεστι
408 2550 872 2620 παραδέχεσθαι.
910 2552 1051 2622 Ὅρα
1110 2551 1229 2604 οὐδὲ
1264 2551 1342 2621 τῷ
1393 2551 1611 2622 δαίμονι
1658 2555 1856 2618 αὐτοὺς

161 2641 563 2710 προσέχοντας,
609 2639 744 2694 ἀλλὰ
773 2640 908 2710 πρὸς
933 2639 991 2692 ἓν
1029 2640 1292 2710 ὁρῶντας,
1316 2642 1432 2711 ’τὴν
1464 2641 1853 2713 φιλαργυρίαν.

159 2728 482 2784 Εἵλκυσὰν
504 2745 567 2782 τε
593 2729 838 2794 αὐτοὺς,
870 2729 1055 2798 φησὶν,
1082 2733 1168 2796 είς
1192 2731 1308 2798 τὴν
1335 2732 1562 2801 ἀγορὰν
1585 2733 1683 2785 ἐπὶ
1712 2733 1857 2799 τοὺς

157 2818 489 2887 ἄρχοντας’
533 2820 630 2872 καὶ
659 2819 1010 2887 συνεπέστη
1043 2823 1075 2874 ό
1105 2819 1290 2888 ὄχλος
1312 2824 1440 2874 κατ’
1467 2820 1686 2877 αὐτῶν.
1711 2821 1857 2893 Ὅρα

156 2907 363 2969 αὐτοὺς
412 2909 512 2960 οὐκ
556 2908 1022 2978 ἀποκρινομένους
1056 2908 1178 2962 οὐδὲ
1223 2909 1722 2980 ἀπολογουμένους,
1769 2911 1857 2962 ἵνα

163 2995 416 3065 μείζονος
437 2995 577 3061 ἄξιοι
607 2994 884 3064 θαύματος
930 2995 1218 3063 γένωνται.
1270 2996 1455 3049 ’Ὅταν
1502 2998 1631 3067 γάρ,
1669 2998 1853 3068 φησὶν,

158 3081 422 3144 ἀσθενῶ,
452 3084 583 3136 τότε
613 3083 872 3148 δυνατός
897 3085 1030 3151 ειμι.
1067 3083 1269 3150 Ἀρκεῖ
1294 3101 1394 3136 σοι
1432 3084 1469 3152 ὴ
1507 3084 1680 3152 χάρις
1712 3101 1853 3153 μου·

160 3175 202 3241 ὴ
246 3171 359 3242 γὰρ
386 3171 642 3240 δύναμίς
675 3190 796 3241 μου
853 3173 923 3224 ἐν
953 3171 1239 3238 ἀσθενείᾳ
1288 3172 1638 3226 τελειοῦται.
1695 3174 1859 3226 Ὥστε

161 3261 271 3313 καὶ
308 3260 415 3312 ἀπὸ
461 3259 565 3328 τῆς
610 3258 909 3322 ἐπιεικείας
960 3259 1351 3330 θαυμασθῆναι
1412 3260 1612 3325 αὐτοὺς
1668 3262 1859 3332 ἐχρῆν.

163 3349 320 3418 Ὅσῳ
344 3347 715 3419 ἀκριϐεστέρα
743 3348 777 3417 ἡ
807 3347 1023 3419 φυλακὴ
1061 3349 1294 3416 γίνεται,
1327 3349 1567 3418 τοσούτῳ
1589 3349 1650 3403 τὸ
1675 3349 1863 3420 θαῦμα

161 3437 583 3508 λαμπρότερον..
604 3436 766 3499 Ἴσως
800 3436 900 3507 τὴν
935 3435 1199 3490 σύστασιν
1234 3437 1471 3504 ἐκκόψαι·
1495 3437 1524 3477 ι)
1551 3438 1864 3508 βουλόμενοι

163 3525 326 3578 τοῦτο
353 3526 569 3579 ἐποίουν
592 3525 812 3578 ἐκεῖνοι.
845 3523 1065 3594 Ἐπειδὴ
1086 3519 1225 3578 εἶδον
1247 3525 1338 3577 τὸν
1375 3522 1533 3586 ὄχλον
1557 3527 1860 3595 ἐφεστῶτα,

161 3617 288 3675 ταῖς
313 3613 410 3682 μὲν
437 3613 676 3682 πληγαῖς
705 3613 797 3665 τὸν
821 3612 992 3683 θυμὸν
1016 3612 1156 3675 τέως
1192 3614 1388 3682 στῆσαι
1426 3613 1729 3679 ἐϐούλοντο,
1785 3617 1865 3686 τῷ

161 3703 222 3756 δὲ
254 3702 333 3764 εἰς
365 3702 744 3772 δεσμωτήριον
771 3701 1031 3771 ἐμϐαλεῖν
1079 3701 1174 3755 καὶ
1212 3705 1581 3773 παραγγεῖλαι
1602 3705 1864 3772 ἀσφαλῶς

161 3792 380 3861 τηρεῖν,
424 3788 658 3844 ἀκοῦσαι
702 3789 898 3861 ήθελον
925 3788 1022 3848 τοῦ
1062 3790 1410 3860 πράγματος.
1460 3790 1571 3844 Καὶ
1600 3793 1864 3861 ἠσφαλί-

164 3896 342 3945 σατο,
372 3879 559 3949 φησὶν,
605 3881 692 3947 είς
723 3877 791 3934 τὸ
820 3879 1031 3944 ξύλον,
1063 3879 1136 3943 ὡς
1179 3879 1246 3932 ἂν
1285 3878 1429 3932 είποι
1480 3898 1585 3945 τις,
1633 3883 1726 3945 El;
1773 3883 1865 3936 τὸν

163 3966 383 4038 νέρϐον.
418 3968 606 4020 Πόσων
633 3967 886 4039 δακρύων
915 3969 983 4021 τὰ
1007 3967 1101 4022 νῦν
1128 3967 1291 4034 diu;
1324 3969 1553 4029 Ἐκεῖνοι
1601 3971 1700 4041 μὲν
1724 3973 1863 4025 ἔπα-

166 4053 264 4106 θον
309 4056 408 4107 ὅσα
432 4055 526 4107 καὶ
572 4054 796 4120 ἔπαθον,
857 4056 1020 4125 ἡμεῖς
1052 4055 1110 4108 δὲ
1160 4057 1216 4108 ἐν
1255 4059 1475 4128 τρυφῇ,
1520 4060 1682 4130 ἡμεῖς
1716 4048 1776 4112 δὲ’
1807 4063 1864 4113 ἐν

167 4141 442 4212 θεάτροις.
477 4142 643 4196 Ὅθεν
683 4143 781 4196 καὶ
807 4142 1182 4213 ἀπολλύμεθα,
1208 4144 1860 4218 καὶκαταποντιζόμεθα,

164 4232 355 4286 ἄνεσιν
386 4229 675 4298 ζητοῦντες
719 4231 1019 4302 πανταχοῦ,
1052 4232 1147 4285 καὶ
1176 4233 1298 4286 οὐδὲ
1330 4234 1525 4304 μέχρις
1549 4235 1862 4306 ὀνειδισμοῦ

165 4321 261 4373 ειά
299 4319 389 4372 τὸν
413 4321 647 4390 Χριστὸν
668 4321 984 4392 ἀνεχόμενοι
1013 4321 1347 4394 λυπηθῆναι,
1376 4324 1500 4378 οὐδὲ
1523 4325 1686 4396 μέχρι
1710 4325 1861 4400 [272]

165 4407 355 4475 λόγου.
391 4406 612 4470 Τούτοις
663 4408 902 4478 συνεχῶς
942 4410 1452 4481 ἀναμιμνήσκωμεν
1475 4413 1726 4478 ἑαυτοὺς.
1759 4432 1864 4468 πα-

171 4495 415 4568 ρακαλῶ,
443 4497 545 4548 ὅσα
569 4495 792 4560 ἔπαθον,
829 4497 930 4550 ὅσα
972 4497 1293 4568 ὑπέμειναν,
1333 4498 1466 4562 ⁴πῶς
1526 4500 1626 4553 οὐκ
1673 4501 1866 4574 ἐθορυ-

163 4583 386 4664 ᾓοῦντο,
438 4582 555 4646 πῶς
604 4584 704 4636 οὐκ
745 4584 1206 4650 ἐσκανδαλίζοντο.
1252 4586 1326 4639 T6
1381 4587 1476 4641 τοῦ
1525 4587 1661 4641 Θεοῦ
1699 4589 1864 4660 ἔργον

167 4673 413 4737 ἐποίουν,
443 4673 741 4728 καὶταῦτα
783 4675 1039 4745 ἔπασχον.
1077 4677 1192 4729 Οὐκ
1225 4677 1430 4746 ἔλεγον,
1473 4678 1538 4730 Τί
1562 4675 1721 4734 τοῦτο
1763 4699 1863 4752 κη-

171 4763 473 4835 ρύττομεν,
517 4762 613 4815 καί
676 4763 738 4815 οὑ
794 4765 1118 4831 προΐσταται
1181 4766 1338 4836 ἡμῶν
1395 4767 1422 4818 ὁ
1476 4767 1647 4831 Θεός;
1700 4769 1862 4824 Ἀλλὰ

169 4854 271 4904 καὶ
332 4851 490 4904 τοῦτο
545 4853 744 4915 αὐτοὺς
788 4852 1024 4920 ὠφέλει,
1080 4855 1175 4906 καὶ
1226 4856 1394 4925 χωρὶς
1457 4855 1557 4924 τῆς
1608 4857 1864 4927 βοηθείας

173 4938 331 5008 αὑτῷ
358 4939 436 5009 τῷ
465 4931 751 5010 πράγματι
783 4941 1178 5012 εὐτονωτέρους
1217 4944 1410 5004 ἐποίει,
1455 4945 1860 5016 ίσχυροτέρους,

169 5027 631 5097 ἀκαταπλήκτους
661 5038 708 5079 ε.
749 5027 820 5080 'll
862 5028 1089 5096 θλῖψις,
1132 5031 1318 5100 φησὶν,
1355 5033 1678 5101 ὑπομονὴν
1716 5052 1860 5088 κατ-

169 5115 470 5184 εργάζεται
481 5155 493 5168 .

245 5204 341 5274 Μὴ
380 5205 444 5276 δὴ
502 5205 592 5258 τὸν
649 5207 815 5277 ὑγρὸν
859 5211 952 5259 καὶ
993 5208 1384 5278 διακεχυμένον
1432 5212 1687 5282 ζητῶμεν
1728 5213 1864 5282 βίον.

171 5294 391 5364 ’Ὠσπερ
426 5293 536 5365 γὰρ
566 5294 800 5347 ἐνταῦθα
827 5294 1046 5365 διπλοῦν
1093 5296 1153 5348 7:6
1203 5297 1390 5363 καλὸν,
1436 5299 1518 5351 ὅτι
1544 5317 1603 5352 τε
1651 5303 1867 5372 ισχυροὶ

172 5383 421 5450 γίνονται
453 5384 548 5435 καὶ
576 5385 658 5436 ὅτι
690 5383 918 5454 μεγάλοι
952 5386 999 5436 οί
1031 5384 1234 5454 μισθοὶ,
1283 5385 1457 5450 οὓτως
1490 5389 1610 5441 ἐκεῖ
1639 5389 1867 5444 διπλοῦν
1899 5432 1901 5434 -

173 5471 239 5524 τὸ
267 5470 453 5536 κακὸν,
481 5471 562 5523 ὅτι
592 5488 647 5523 τε
691 5471 1069 5543 μαλακώτεροι
1121 5473 1476 5528 καθίστανται
1510 5479 1602 5529 καὶ
1639 5479 1721 5531 ὅτι
1777 5479 1866 5532 ἐπ’

171 5559 354 5614 οὐδενὶ
377 5559 618 5629 χρηστῷ,
658 5559 796 5612 ἀλλά
817 5563 908 5613 καὶ
937 5563 1030 5613 ἐπὶ
1069 5560 1242 5631 κακῷ.
1275 5563 1440 5615 Οὐδὲν
1462 5563 1572 5635 γὰρ
1596 5567 1870 5637 ἀχρηστό-

173 5665 338 5719 τερον
387 5648 673 5717 ἀνθρώπου
721 5649 916 5717 γένοιτ’
952 5648 1016 5703 ἂν
1056 5651 1114 5702 ἐν
1161 5651 1344 5703 ἀνέσει
1397 5653 1492 5704 καὶ
1535 5658 1716 5726 τρυφῇ
1776 5657 1869 5709 τὸν

177 5737 399 5790 ἅπαντα
432 5736 803 5801 διατελοῦντος
858 5739 1069 5807 χρόνον.
1115 5739 1278 5809 Ἀνὴρ
1318 5741 1450 5812 γὰρ,
1493 5745 1676 5813 φησὶν,
1712 5745 1870 5798 ἀπεί-

182 5841 403 5895 ραστις,
441 5824 535 5877 καὶ
554 5825 841 5894 ἀδόκιμος·
880 5826 1158 5896 ἀδόκιμος,
1185 5829 1286 5881 οὐκ
1312 5830 1370 5881 ἐν
1394 5834 1506 5893 τοῖς
1534 5832 1713 5900 ἀγῶσι
1742 5834 1832 5894 ’νζ

245 6000 262 6022 ⁸
290 6003 381 6048 Καὶ
405 6001 516 6050 οὐδὲ
537 6000 859 6065 ὑποκρίνεται,
887 6003 957 6050 sic
986 6016 1114 6048 unus
1134 6003 1308 6052 codex.
1383 6005 1408 6044 b
1441 6005 1572 6055 Idem
1591 6010 1675 6065 τήν
1699 6013 1872 6060 στάσιν

179 6064 406 6124 ἔκκολμιι.
477 6065 496 6094 θ
527 6064 642 6123 Alii,
666 6066 807 6126 χωρὶε
844 6072 927 6123 τῆς
959 6066 1172 6123 ἀληθείας
1203 6067 1250 6113 ἐν
1288 6068 1415 6134 αὐτῴ
1453 6073 1521 6132 τῷ
1548 6064 1804 6134 πράγματι,

1202 403 1268 458 IN
1319 404 1498 460 ACTA
1533 403 2327 464 APOSTOLOBUMJIOMIL.
2364 405 2558 461 XXXV

3542 401 3649 456 ’256

1949 544 2086 590 τοις,
2117 527 2252 581 ἀλλὰ
2275 527 2372 581 καὶ
2399 528 2457 580 ἐν
2480 529 2593 592 τοῖς
2627 526 2808 590 ἄλλοις
2838 527 3067 582 ἅπασιν.
3089 526 3398 597 Ἀχρηστον
3419 525 3654 594 πρᾶγμα

1951 616 1986 683 ἡ
2017 614 2222 678 ἄνεσις,
2262 617 2356 670 καὶ
2390 617 2449 668 ἐν
2481 616 2619 687 αὐτῇ
2672 615 2731 668 δὲ
2783 617 2849 687 τῇ
2875 616 3055 686 τρυφῇ
3083 615 3237 667 οὐδὲν
3265 611 3439 674 οὕτως
3464 613 3652 665 ἀνεπι-

1952 703 2183 774 τήδειον,
2213 703 2288 768 ώς
2335 703 2396 757 τὸ
2449 705 2702 774 τρυφᾷν·
2767 703 3073 773 προσκορὲς
3123 702 3232 773 γάρ
3282 702 3452 755 ἐστιν.
3517 697 3656 752 Οὑτε

1957 790 2143 843 σιτίων
2173 790 2334 863 ἡδονὴ
2369 791 2630 861 τοσαύτη,
2666 789 2791 843 οὕτε
2844 791 3104 853 ἀνέσεως,
3157 788 3294 843 ἀλλά
3329 788 3510 841 πάντα
3544 785 3654 852 ἐξίο

1953 878 2094 949 τηλα
2121 880 2331 948 γίνεται
2366 880 2459 934 καὶ
2495 880 2732 954 διαρρεῖ.
2793 880 2885 950 Μὴ
2925 879 2990 950 δὴ
3022 877 3230 947 ταύτην
3277 874 3652 946 ἐπιζητῶμεν.

1954 965 2018 1018 Εί
2048 967 2156 1036 γὰρ
2191 971 2414 1022 σκοπεῖν
2446 967 2750 1040 θελήσομεν
2783 968 2867 1032 τίς
2899 969 3048 1039 ἣδιον
3080 966 3281 1032 διάγει,
3322 965 3350 1017 6
3382 964 3654 1035 πονούμε-

1952 1069 2044 1116 νος
2075 1055 2167 1107 καὶ
2203 1043 2725 1127 ταλαιπωρούμενος
2764 1056 2797 1126 ἢ
2845 1057 2874 1108 6
2915 1054 3177 1127 τρυφῶν“·
3228 1052 3419 1105 τοῦτον
3452 1051 3658 1123 μᾶλλον

1953 1140 2277 1212 εὑρήσομεν.
2314 1142 2538 1215 Πρῶτον
2571 1143 2668 1214 μὲν
2688 1144 2797 1214 γὰρ
2823 1143 2916 1196 τοῦ
2941 1142 3190 1195 τοιούτου
3220 1140 3282 1193 τὸ
3329 1140 3491 1211 σῶμα
3525 1140 3660 1194 αὐτὸ

1952 1226 2176 1282 ἔκλυτον
2207 1230 2302 1284 καὶ
2332 1229 2681 1301 πεπλαδηκός
2703 1248 2716 1262 ·
2754 1221 2947 1283 ἔπειτα
3004 1231 3102 1284 καὶ
3153 1231 3210 1283 αἱ
3244 1229 3339 1282 τοῦ
3398 1227 3656 1298 σώματος

1953 1316 2236 1387 αἰσθήσεις
2270 1318 2371 1371 οῦκ
2409 1320 2550 1371 είσιν
2581 1319 2898 1388 εἰλικρινεῖς
2925 1318 3049 1370 οὐδέ
3073 1318 3270 1387 ὑγιεῖς,
3300 1315 3436 1369 ἀλλά
3459 1316 3660 1386 χαῦναι

1953 1403 2050 1458 καὶ
2094 1405 2334 1476 μαλακαί
2359 1417 2382 1446 ³
2408 1422 2422 1437 ⁸
2458 1405 2667 1459 τούτων
2693 1405 2750 1459 δὲ
2778 1407 2879 1459 οὐκ
2905 1404 3104 1469 οὐσῶν,
3156 1405 3279 1458 οὐδὲ
3307 1405 3407 1475 τῆς
3444 1404 3658 1472 ὑγιείας

1951 1491 2114 1564 ἡδονὴ
2154 1495 2423 1561 φαίνεται.
2468 1494 2626 1558 Ποῖος
2678 1493 2844 1557 ἵππος
2887 1495 3184 1565 χρήσιμος,
3226 1495 3255 1547 6
3304 1494 3528 1564 τρυφῶν
3561 1493 3595 1564 ἦ
3629 1496 3658 1548 6

1952 1579 2399 1651 γυμναζόμενος;
2428 1582 2559 1635 ποία
2572 1581 2726 1644 ναῦς,
2749 1584 2782 1650 ἡ
2807 1582 3048 1635 πλέουσα
3071 1583 3156 1653 ῆὴ
3182 1581 3465 1654 ἀργοῦσαι
3501 1581 3658 1635 ποῖον

1954 1667 2121 1739 ὕδωρ,
2152 1670 2211 1722 τὸ
2236 1670 2482 1741 τρέχονῆ
2506 1670 2567 1724 τὸ
2593 1670 2766 1733 ἑστώς
2787 1688 2800 1736 ;
2829 1674 2980 1734 ποῖος
3004 1671 3248 1742 σίδηρος,
3267 1672 3296 1724 6
3327 1671 3652 1740 κινούμενος

1955 1757 1987 1828 ἢ
2018 1760 2046 1811 6
2080 1757 2154 1829 μὴ
2182 1759 2589 1829 ἐργαζόμενοςς
2619 1761 2716 1830 οὐχ
2759 1764 2787 1814 6
2811 1760 2910 1831 μὲν
2933 1761 3274 1832 ἀπολάμπει,
3304 1760 3400 1814 καὶ
3425 1759 3654 1835 ἀργύρῳ

1955 1846 2296 1916 προσέοικεν,
2343 1849 2372 1900 6
2420 1847 2477 1900 δὲ
2519 1849 2782 1900 κατίωται
2815 1848 3096 1918 πανταχοῦ
3122 1848 3397 1920 ἄχρηστος
3429 1848 3526 1911 ῶν,
3559 1849 3661 1901 καὶ

1954 1932 2057 2001 τῆς
2091 1934 2224 2005 ὕλης
2252 1935 2494 1998 ἀπολλύς
2520 1953 2576 1988 τι
2624 1937 2724 2007 τῆς
2754 1936 3004 2002 οἰκείας;
3058 1936 3316 1989 Τοιοῦτόν
3349 1954 3403 1990 τι
3443 1937 3660 2004 γίνεται

1956 2021 2049 2074 καὶ
2087 2022 2180 2073 ἐπὶ
2205 2023 2304 2093 τῆς
2335 2023 2614 2095 ἀργούσης
2641 2024 2851 2094 ψυχῆς·
2907 2024 2985 2088 ἰός
3007 2042 3089 2087 τις
3116 2026 3288 2094 αὐτῆς
3311 2028 3657 2094 καταχεῖται,

1954 2111 2049 2162 καὶ
2072 2110 2276 2180 τρώγει
2303 2112 2403 2183 τήν
2427 2129 2486 2165 τε
2513 2112 2876 2184 λαμπρότητα
2906 2113 3001 2166 καὶ
3031 2111 3101 2164 τά
3129 2111 3264 2166 ἄλλα
3291 2113 3489 2166 πάντα.
3535 2111 3657 2164 Τίνι

1953 2192 2047 2250 οὖν
2066 2197 2130 2251 ἄν
2159 2215 2244 2261 τις
2281 2198 2471 2253 τοῦτον
2505 2199 2844 2270 ἀποσμήξειε
2884 2200 2978 2253 τὸν
3009 2200 3124 2264 ίόν;
3161 2201 3239 2271 Τῇ
3283 2199 3388 2253 τῶν
3425 2199 3661 2268 θλίψεων

1954 2287 2160 2359 ἀκόνῇο
2200 2283 2362 2341 αὗται
2401 2290 2673 2360 χρήσιμον
2714 2287 3042 2362 ἐργάζονται
3099 2290 3199 2360 τὴν
3237 2289 3419 2360 ψυχὴν
3460 2290 3560 2342 καὶ
3602 2290 3662 2343 ἐν

1956 2376 2122 2428 πᾶσιν
2155 2375 2490 2444 ἐπιτηδείαν.
2553 2377 2678 2441 Πῶς
2728 2378 2858 2449 γὰρ,
2902 2378 3023 2430 εἰπέ
3093 2395 3204 2448 μοι,
3259 2377 3553 2447 δυνήσεται
3592 2376 3663 2430 τά

1957 2462 2106 2534 πάθη
2151 2463 2394 2534 τέμνειν,
2428 2465 2527 2535 τῆς
2560 2464 2745 2535 ἀκμῆς
2780 2463 3210 2536 ἀμϐλυνθείσης,
3250 2466 3346 2518 καὶ
3391 2463 3661 2535 μολύϐδου

1955 2550 2111 2620 δίκην
2142 2551 2759 2622 ἐπανακαμπτομένης;
2821 2553 2941 2615 πῶς
2980 2551 3072 2605 τὸν
3118 2551 3370 2605 διάϐολον
3409 2550 3612 2620 τρώσει
3643 2568 3661 2616 ς

1957 2638 2075 2690 Τίνι
2101 2636 2159 2690 δὲ
2202 2639 2303 2691 οὐκ
2328 2638 2476 2691 ἐστιν
2521 2639 2691 2709 ἀηδὴς
2736 2638 3025 2710 ἄνθρωπος
3050 2639 3425 2710 πολυσαρκίαν
3452 2637 3662 2702 ἀσκῶν,

1957 2725 2147 2797 φώκης
2184 2726 2342 2796 δίκην
2383 2726 2724 2798 συρόμενος;

2028 2821 2098 2881 γ’.
2121 2815 2194 2867 UO
2217 2814 2477 2885 περὶτῶν
2503 2814 2662 2883 φύσει
2685 2815 2855 2867 ὄντων
2879 2813 3040 2869 τοῦτο
3064 2815 3228 2883 λέγω,
3246 2814 3383 2867 ἀλλά
3408 2817 3534 2884 περί
3553 2815 3663 2868 τῶν

1957 2904 2022 2956 ἐκ
2051 2905 2151 2976 τῆς
2189 2906 2401 2977 τρυφῆς
2452 2904 2677 2958 τοιαῦτα
2733 2907 3267 2960 κατασκευασάντων
3307 2907 3375 2959 τὰ
3410 2905 3663 2976 σώματα,

1958 2992 2088 3062 περὶ
2119 2991 2227 3045 τῶν
2263 2992 2476 3045 λεπτῶν
2513 2992 2654 3046 κατά
2694 2993 2880 3062 φύσιν.
2915 2995 3215 3048 Ἀνέτειλεν
3261 2997 3290 3049 6
3322 2995 3494 3066 ἦλιος,
3520 2996 3663 3065 λαμ-

1961 3080 2106 3150 πρὰς
2138 3081 2319 3151 ἀφῆκε
2348 3080 2624 3152 πανταχοῦ
2653 3082 2751 3144 τὰς
2782 3083 3030 3148 ἀκτῖνας,
3059 3084 3283 3153 ήγειρεν
3306 3082 3538 3136 ἕκαστον
3567 3083 3666 3135 ἐπὶ

1961 3168 2028 3220 τὰ
2056 3168 2193 3239 ἔργα
2212 3184 2225 3196 ⁸
2275 3169 2302 3221 6
2328 3168 2574 3237 γεωργὸς
2601 3168 2698 3238 τὴν
2725 3169 2977 3223 δίκελλαν
3011 3170 3194 3223 λαϐὼν
3221 3171 3442 3235 ἔξεισιν,
3475 3172 3503 3222 ὁ
3535 3171 3666 3240 χαλ-

1962 3257 2198 3320 κοτύπος
2234 3257 2336 3328 τὴν
2378 3256 2609 3328 σφῦραν,
2639 3259 2735 3311 καὶ
2773 3259 2834 3311 τὸ
2873 3260 3214 3332 κατάλληλον
3260 3259 3492 3322 ἕκαστος
3555 3262 3665 3313 τῶν

1961 3345 2330 3415 δημιουργῶν,
2369 3346 2464 3397 καὶ
2531 3346 2785 3416 εὑρήσεις
2836 3346 3068 3400 ἕκαστον
3117 3348 3186 3401 τὰ
3237 3349 3416 3400 οἰκεῖα
3453 3347 3667 3418 ὄργανα

1968 3433 2511 3504 μεταχειριζόμενον
2548 3436 2580 3504 ἡ
2616 3435 2752 3505 γυνὴ
2782 3435 3068 3506 ἠλακάτην
3110 3435 3142 3506 ἦ
3201 3437 3274 3488 τά
3327 3435 3662 3506 ὑφάσματα·

1964 3522 2129 3585 αὐτὸς
2155 3522 2212 3574 δὲ
2234 3521 2485 3592 καθάπερ
2502 3523 2529 3574 6
2547 3526 2729 3592 χοῖρος
2755 3523 2781 3562 ι)
2805 3523 3011 3588 εὐθέως
3033 3525 3144 3578 ἀπὸ
3171 3524 3317 3595 πρωῒ
3343 3525 3437 3578 ἐπὶ
3464 3524 3666 3596 βοσκὴν

1966 3610 2136 3675 ἔξεισι
2177 3610 2276 3678 τῆς
2326 3611 2586 3680 γαστρὸς,
2641 3611 2822 3678 ζητῶν
2849 3613 2969 3675 πῶς
3000 3611 3153 3684 [273]
3182 3611 3466 3684 τράπεζαν
3499 3613 3668 3665 πολυο

1965 3697 2093 3768 τελῆ
2127 3696 2549 3751 κατασκευάσει.
2591 3699 2787 3750 Καίτοι
2821 3698 2931 3753 τῶν
2964 3700 3176 3768 ἀλόγων
3209 3702 3328 3753 ἐστὶ
3359 3701 3520 3770 μόνον
3557 3701 3668 3754 ἀπὸ

1967 3785 2112 3857 πρωῒ
2139 3786 2455 3857 τρέφεσθαι,
2487 3786 2676 3858 ἐπειδὴ
2710 3786 2846 3858 πρὸς
2883 3787 3036 3842 οὐδέν
3077 3791 3194 3842 ἐστι
3222 3790 3494 3860 χρήσιμα,
3526 3789 3667 3842 ἀλλά

1966 3875 2102 3946 πρὸς
2122 3876 2182 3929 τὸ
2205 3873 2524 3944 σφάζεσθαι.
2551 3876 2632 3928 Τά
2655 3875 2712 3928 δὲ
2747 3877 3034 3948 νωτοφόρα
3066 3877 3246 3930 αὐτῶν
3279 3877 3374 3930 καὶ
3398 3875 3666 3947 ἐργασίαν

1964 3965 2334 4035 ἀναδεχόμενα
2364 3965 2458 4018 καὶ
2490 3965 2630 4018 αὐτὰ
2652 3966 2760 4020 ἀπὸ
2791 3966 3004 4020 νυκτῶν
3037 3967 3129 4020 ἐπὶ
3159 3968 3220 4020 τὸ
3250 3967 3413 4038 ἔργον
3442 3966 3665 4032 ἔξεισιν.

1965 4050 2131 4119 Οὗτος
2162 4055 2218 4107 δὲ
2250 4055 2359 4108 ἀπὸ
2389 4056 2490 4126 τῆς
2521 4057 2682 4126 εὐνῆς
2715 4057 2978 4122 ἀναστὰς,
3011 4057 3107 4110 τοῦ
3137 4057 3289 4128 ἡλίου
3319 4058 3419 4127 τὴν
3457 4057 3668 4126 ἀγορὰν

1964 4143 2364 4214 ἐμπλήσαντος,
2413 4144 2509 4196 καὶ
2557 4144 2778 4198 πάντων
2807 4143 3177 4216 κορεσθέντων
3206 4144 3308 4215 τῆς
3343 4144 3552 4207 οἰκείας
3577 4146 3667 4213 ἐρ-

1965 4233 2184 4299 γασίας,
2235 4230 2520 4285 ἀνίσταται
2575 4231 2994 4302 διατεινόμενος,
3055 4232 3310 4305 καθάπερ
3373 4232 3544 4295 ὅντως
3601 4227 3666 4296 ῦς

1967 4321 2332 4390 πιαινόμενος,
2367 4319 2429 4372 τὸ
2469 4319 2755 4373 κάλλιστον
2781 4321 2881 4391 τῆς
2913 4320 3128 4391 ἡμέρας
3174 4321 3231 4373 ἐν
3284 4320 3467 4373 σκότει
3494 4337 3668 4376 κατα-

1965 4408 2232 4473 ναλώσας.
2280 4403 2415 4462 Εἶτα
2451 4407 2685 4478 κάθηται
2724 4409 2890 4462 πολὺν
2943 4409 3037 4461 ἐπὶ
3087 4409 3186 4478 τῆς
3237 4409 3400 4478 εὐνῆς
3451 4409 3666 4480 καιρὸν,

1967 4497 2227 4561 πολλάκις
2253 4497 2374 4550 οὐδὲ
2402 4497 2717 4566 ἀνενεγκεῖν
2744 4500 2759 4516 ⁸
2782 4497 3080 4568 δυνάμενος
3109 4498 3217 4550 ἀπὸ
3246 4498 3345 4568 τῆς
3371 4497 3669 4585 ἐστιξρινῆς

1969 4586 2161 4658 μέθης,
2218 4583 2614 4648 καταναλώσας
2655 4584 2749 4638 τὸν
2798 4585 3022 4638 πλείονα
3074 4584 3267 4655 καιρὸν
3331 4585 3389 4636 ἐν
3433 4583 3665 4647 τούτοις.

1966 4670 2100 4728 Εἶτα
2135 4674 2468 4737 καλλωπίζει
2495 4674 2713 4736 ἑαυτὸν,
2744 4677 2840 4726 καὶ
2869 4674 3115 4742 πρόεισιν
3147 4673 3544 4744 ἀσχημοσύνης
3579 4671 3670 4727 θέ-

1966 4780 2152 4833 ατρον,
2176 4762 2328 4815 οὐδὲν
2352 4762 2490 4834 ἔχων
2515 4761 2831 4830 ἀνθρώπου,
2857 4763 2993 4817 ἀλλὰ
3024 4764 3203 4816 πάντα
3235 4762 3426 4835 θηρίου
3461 4763 3671 4833 ἀνθρωι

1967 4852 2254 4923 πομόρφου
2281 4869 2295 4882 ·
2324 4853 2372 4905 οἱ
2394 4851 2666 4921 ὀφθαλμοὶ
2690 4852 2924 4923 δίυγροι,
2954 4854 3100 4906 οἴνου
3136 4852 3196 4905 τὸ
3237 4852 3415 4921 στόμα
3438 4852 3666 4915 ἁπόζον,

1967 4939 2370 5011 ήταλαίπωρος
2393 4939 2541 5011 ψυχὴ
2572 4940 2824 5011 καθάπερ
2873 4943 2964 4994 ἐπὶ
3000 4942 3188 5012 κλίνης
3224 4940 3532 5011 βεϐλημένη
3565 4940 3671 4993 ὑπὸ

1967 5027 2068 5097 τῆς
2097 5028 2353 5098 ἀμέτρως
2390 5028 2726 5099 ἐγχεομένης
2758 5029 3151 5100 ἐωλοκρασίας,
3183 5030 3245 5081 τὸ
3281 5029 3512 5099 μέγεθος
3560 5028 3670 5081 τῶν

1971 5117 2192 5187 σαρκῶν
2221 5116 2598 5187 περιφέρουσα
2628 5117 2881 5189 καθάπερ
2906 5118 3124 5188 ἐλέφας.
3183 5113 3318 5170 Εἶτα
3367 5117 3537 5169 ἐλθὼν
3568 5118 3669 5170 κά-

1971 5205 2132 5274 θηται
2162 5207 2220 5258 ἐν
2247 5206 2453 5269 τόποις,
2488 5205 2583 5258 καί¹
2608 5205 2755 5272 λέγει
2781 5207 3007 5260 τοιαῦτα
3040 5209 3134 5260 καὶ
3165 5209 3327 5267 ποιεί,
3356 5205 3431 5268 ῶς
3457 5206 3671 5275 βέλτιον

1971 5286 2110 5345 εἶναι
2157 5291 2236 5343 ἔτι
2267 5290 2545 5343 καθεύδειν
2572 5291 2789 5361 αὐτὶ)νῆ
2841 5291 3226 5362 ἐγρηγορέναι.
3265 5292 3361 5343 Ἂν
3395 5289 3546 5342 δεινά
3575 5292 3673 5343 ἐπ·

1972 5379 2236 5450 αγγελθῇ,
2290 5378 2491 5440 παντὸς
2550 5377 2810 5449 κορασίου
2872 5378 3263 5449 μαλακώτερος
3299 5379 3510 5446 γίνεται
3539 5395 3552 5409 ν
3605 5379 3672 5432 ἀν

1974 5468 2210 5538 χρηστὰ,
2240 5467 2444 5531 παντὸς
2487 5466 2702 5520 παιδίου
2740 5467 3101 5538 χαυνότερος·
3155 5467 3377 5537 χάσμης
3437 5467 3586 5538 αὐτῷ
3639 5470 3675 5541 ἡ

1973 5557 2095 5626 ὄψις
2125 5557 2308 5626 γέμει.
2345 5558 2487 5610 Πάσι
2511 5556 2794 5629 πρόκειται
2819 5559 2930 5621 τοῖς
2961 5557 3304 5628 βουλομένοις
3338 5559 3522 5622 κακῶς
3546 5577 3672 5612 ποις

1975 5647 2073 5704 εῖν,
2107 5647 2153 5697 εί
2183 5647 2278 5698 καὶ
2314 5646 2389 5714 μὴ
2421 5647 2533 5707 τοῖς
2577 5644 2910 5716 ἀνθρώποις,
2951 5645 3088 5698 ἀλλά
3152 5648 3264 5709 τοῖς
3301 5647 3538 5698 πάθεσι·
3578 5646 3673 5700 καὶ

1977 5732 2146 5802 θυμὸς
2175 5731 2266 5783 τὸν
2310 5730 2552 5784 τοιοῦτον
2584 5731 2787 5804 ἐγείρει
2832 5733 3052 5803 ῥᾳδίως,
3085 5733 3180 5787 καὶ
3233 5733 3519 5803 ἐπιθυμία,
3580 5734 3675 5788 καὶ

1979 5821 2269 5891 βασκανία,
2312 5819 2409 5873 καὶ
2438 5821 2636 5875 πάντα.
2693 5822 2904 5885 Πάντες
2934 5822 3314 5884 κολακεύουσι,
3355 5824 3556 5885 πάντες
3591 5822 3675 5875 θε-

1983 5905 2300 5975 ραπεύουσι,
2353 5906 2754 5978 μαλακωτέραν
2823 5907 2858 5978 ἡ
2926 5909 3075 5961 ἐστιν
3135 5908 3494 5979 ἐργαζόμενοι
3574 5906 3674 5978 τὴν

2025 6014 2050 6042 ⁸
2099 6014 2271 6078 Διίυξ..
2305 6014 2388 6078 καί
2427 6015 2803 6078 μεμαλαγμέναι.
2871 6012 2898 6053 b
2922 6017 3027 6065 Alii
3057 6018 3100 6064 οἱ
3141 6015 3310 6078 χοῖροι.
3381 6014 3398 6034 ⁸
3423 6014 3504 6064 δίε
3529 6016 3677 6066 codd.

1985 6077 2189 6139 Optime.
2230 6076 2398 6126 Monii".
2433 6076 2654 6138 ἐνεγκεῖν.
2696 6076 2831 6129 linit.
