4034 6430
113 391 240 450 257

117 529 338 586 morbi.
385 527 445 586 Si
473 528 527 584 in
555 525 888 598 negotiorum
915 520 1287 578 difficultatem
1314 520 1536 586 incidat,
1563 519 1737 591 pulvis

113 631 184 676 et
208 620 351 676 cinis
373 619 649 685 redditur;
696 615 938 683 nihilque
962 615 1013 670 ei
1039 613 1229 670 sericae
1268 622 1445 669 vestes
1483 599 1732 684 prosunt.

114 708 262 767 Haec
293 727 401 767 non
431 710 551 766 sine
577 722 738 764 causa
765 722 796 760 a
827 706 980 761 nobis
1004 705 1256 761 dicuntur
1280 746 1295 769 ,
1323 705 1419 761 sed
1448 712 1510 760 ut
1535 705 1736 762 docea-

111 820 274 872 mus,
299 822 368 861 ne
390 806 512 878 quis
537 804 711 858 otiose
735 810 789 857 et
811 800 1070 856 inutiliter
1091 800 1253 854 vivat.
1301 797 1482 856 Otium
1509 814 1742 870 namque

114 909 184 955 et
215 898 429 954 delicia:
459 895 524 952 ad
557 909 692 966 opus
743 893 981 958 inutiles,
1015 891 1080 947 ad
1109 892 1334 964 gloriam
1384 891 1561 946 solum
1589 899 1645 946 et
1671 888 1740 944 ad

112 989 467 1060 voluptatem
496 996 642 1044 sunt.
701 985 983 1055 Quomodo
1011 999 1119 1040 non
1149 999 1339 1039 omnes
1371 983 1531 1039 talem
1563 983 1741 1038 homi-

109 1097 258 1137 nem
288 1079 591 1143 damnent,
621 1077 928 1144 domestici,
957 1077 1156 1144 amici,
1189 1076 1402 1146 cognati
1424 1075 1448 1127 â€˜t
1469 1076 1592 1145 quis
1631 1088 1738 1129 non

107 1171 249 1242 jure
273 1169 452 1236 dicat,
483 1168 700 1225 Pontius
729 1177 890 1225 terra
915 1167 1006 1224 hic
1029 1177 1136 1233 est,
1164 1165 1362 1221 frustm
1393 1165 1448 1220 in
1479 1164 1738 1221 mtmdum

110 1263 369 1334 prodiit;
398 1262 507 1318 imo
524 1278 632 1318 non
656 1261 877 1326 frustra,
907 1259 1004 1316 sed
1029 1260 1083 1315 itt
1105 1258 1306 1313 malum
1337 1258 1529 1330 capitis
1555 1258 1661 1323 sui,
1685 1258 1738 1312 in

110 1355 430 1427 perniciem
474 1370 665 1423 suam,
704 1353 760 1408 in
803 1353 1058 1409 damnum
1115 1351 1390 1406 aliorum?
1442 1350 1570 1421 quid
1617 1349 1738 1406 dul-

109 1451 251 1506 cius
294 1448 406 1504 otio
471 1445 760 1504 videmus?
836 1444 968 1502 illud
1013 1444 1157 1500 enim
1211 1450 1296 1499 est
1343 1442 1488 1514 quod
1543 1442 1739 1513 quieri-

109 1552 242 1610 sur,
292 1542 463 1598 otium
492 1548 550 1597 et
575 1538 808 1596 vacatio.
857 1537 926 1593 Et
953 1536 1082 1610 quid
1133 1535 1393 1608 ingratius
1431 1534 1592 1590 fuerit
1637 1534 1739 1589 ho-

108 1639 281 1691 mine
333 1632 467 1689 nihil
523 1630 760 1688 habente
810 1627 956 1702 quod
985 1627 1278 1701 operetur?
1326 1626 1456 1698 quid
1502 1625 1734 1692 foedius,

109 1723 261 1796 quid
311 1721 606 1779 miserius?
653 1734 832 1776 annon
865 1719 968 1775 hoc
995 1717 1297 1775 innumeris
1322 1717 1478 1789 pejus
1507 1727 1592 1772 est
1615 1716 1738 1772 vin-

107 1817 290 1886 culis,
339 1819 576 1872 oscitare
612 1828 828 1885 semper
855 1813 910 1869 in
940 1812 1058 1868 foro
1085 1811 1387 1876 sedentem,
1414 1825 1481 1866 ac
1510 1819 1730 1881 praeter-

108 1919 323 1968 euntes
361 1906 646 1979 spectare?
696 1906 889 1962 Anima
930 1904 1132 1977 quippe
1158 1918 1228 1960 ex
1253 1911 1446 1958 natura
1494 1900 1732 1967 habens,

111 2012 182 2056 ut
202 2014 426 2071 semper
448 2006 747 2064 moveatur,
764 1997 998 2069 quietem
1021 2011 1129 2051 non
1152 1996 1272 2056 fert.
1297 1994 1378 2050 Ad
1401 1993 1734 2065 operandam

112 2095 274 2152 Deus
300 2093 406 2151 hoc
430 2092 631 2150 animal
681 2091 807 2148 fecit
837 2112 852 2149 :
893 2090 1189 2147 secundum
1235 2097 1485 2144 naturam
1511 2087 1628 2158 ejus
1653 2096 1738 2142 est

110 2185 275 2258 quod
305 2193 596 2257 Operetur,
624 2192 811 2241 contra
843 2192 1088 2239 naturam
1118 2181 1265 2253 quod
1291 2182 1363 2236 sit
1385 2181 1614 2236 otiosus.
1657 2178 1738 2235 Ne

109 2279 194 2333 ab
219 2279 381 2350 aegris
410 2293 526 2335 rem
556 2277 904 2349 exploremus
925 2317 940 2342 ,
966 2274 1063 2332 sed
1090 2274 1273 2364 operis
1301 2273 1730 2345 experimentum
1803 2310 1809 2314 -

1064 404 1134 462 IN
1171 404 1356 463 ACTA
1395 401 1931 464 APOSTOLORUII.
1971 401 2205 459 ilOMlL.
2249 400 2494 461 XXXVI.

3345 404 3455 463 256

1845 521 2142 591 capiamus.
2197 520 2342 578 Nihil
2390 522 2541 591 otio,
2573 521 2708 579 nihil
2759 521 2966 580 desidia
3014 520 3454 581 deteriustideo

1849 615 2006 672 nobis
2029 614 2168 672 Deus
2188 615 2466 673 laborandi
2489 614 2867 673 necessitatem
2891 615 3170 686 imposuit.
3188 614 3458 673 Omnibus

1848 710 2049 780 quippe
2078 716 2238 766 nocet
2263 709 2456 776 otium,
2485 708 2726 778 ipsisque
2744 707 2992 778 corporis
3013 706 3292 764 membris.
3318 707 3454 763 Nam

1849 803 2039 859 oculus
2062 805 2106 859 si
2134 819 2242 859 non
2262 809 2536 874 operetur,
2559 801 2796 873 itemque
2821 816 2906 868 os,
2930 811 3120 859 venter
3142 811 3201 860 et
3223 801 3455 874 quodvis

1849 895 2154 950 membrum
2174 937 2190 962 ,
2221 895 2274 950 in
2302 904 2607 951 extremum
2653 894 2842 951 incidit
2871 896 3120 952 morbum
3152 914 3166 951 :
3195 896 3290 952 sed
3321 897 3459 952 nihil

1849 989 1922 1044 ita
1950 987 2138 1044 labore
2183 995 2308 1059 eget
2338 999 2399 1043 ut
2427 988 2628 1044 anima.
2660 988 2812 1046 Sicut
2840 999 3022 1046 autem
3049 989 3221 1046 otium
3253 991 3459 1046 malum

1848 1087 1953 1146 est,
1982 1078 2054 1134 ita
2084 1081 2299 1150 quoque
2325 1081 2572 1150 Operatio
2599 1095 2708 1136 non
2735 1096 3061 1152 congruens.
3089 1082 3460 1150 Quemadmo-

1849 1173 1977 1229 dum
2006 1174 2151 1231 euitu
2197 1173 2246 1230 si
2297 1175 2418 1246 quis
2463 1189 2572 1231 non
2598 1175 2744 1243 edat,
2778 1177 2831 1232 in
2860 1176 3114 1233 dentibus
3139 1177 3383 1243 laeditur;
3411 1177 3460 1234 si

1849 1283 1971 1339 quze
1999 1281 2105 1324 non
2133 1278 2450 1338 competunt
2477 1269 2622 1336 edat,
2654 1278 2713 1325 ut
2737 1269 3130 1341 obstupescunt
3154 1269 3360 1328 efficit:
3384 1272 3458 1328 its

1849 1371 1906 1418 et
1935 1360 2057 1428 hic,
2090 1361 2206 1417 sive
2263 1377 2370 1417 non
2418 1371 2692 1434 operetur,
2727 1363 2844 1419 sive
2891 1376 3150 1434 operetur
3194 1381 3315 1437 qua:
3347 1381 3456 1422 non

1848 1465 2084 1528 Oportet,
2113 1456 2223 1512 vim
2260 1457 2458 1513 amittit
2502 1471 2679 1513 suam.
2737 1457 2883 1529 Ergo
2926 1466 3219 1530 utrumque
3275 1460 3461 1532 fugere

1849 1550 2165 1606 studeamus
2189 1590 2206 1618 ,
2236 1559 2294 1605 et
2322 1550 2492 1604 Otium
2523 1558 2579 1605 et
2603 1564 2741 1620 opus
2767 1551 2879 1606 otio
2905 1551 3144 1622 gravius.
3174 1552 3460 1621 Quodnam

1849 1643 1980 1699 illud
2009 1643 2132 1699 est?
2163 1642 2424 1706 Avaritia,
2457 1643 2560 1710 ira,
2592 1642 2810 1710 invidia,
2831 1644 3230 1714 contentiones,
3250 1647 3454 1718 ctedes,

1847 1734 2250 1800 aemulationes,
2299 1743 2357 1790 et
2399 1734 2610 1806 reliqua
2640 1734 2790 1791 vitia.
2839 1735 2924 1791 Ab
2967 1734 3054 1792 his
3078 1753 3272 1796 vacare
3296 1739 3463 1796 debe-

1850 1844 2004 1896 mus,
2036 1835 2091 1884 et
2119 1828 2373 1884 virtutum
2402 1829 2774 1899 operationem
2819 1843 2944 1884 cum
2986 1831 3135 1886 omni
3180 1830 3464 1905 diligentia

1850 1922 2123 1994 persequi,
2167 1929 2228 1977 ut
2271 1922 2535 1994 promissa
2589 1936 2992 1994 consequamur
3044 1923 3229 1990 bona,
3282 1928 3456 1997 gratia

1847 2024 1904 2071 et
1943 2012 2274 2086 benignitate
2334 2012 2546 2068 Domini
2593 2013 2764 2070 nostri
2803 2012 2938 2071 Jesu
2981 2014 3210 2082 Christi,
3241 2017 3460 2088 quicunt

1848 2111 1993 2169 Patri
2015 2120 2070 2167 et
2093 2108 2317 2182 Spiritui
2337 2118 2526 2165 sancto
2545 2109 2738 2182 gloria,
2761 2108 3071 2180 imperium,
3095 2109 3295 2178 honor,
3319 2126 3462 2168 nunc

1845 2214 1902 2262 et
1930 2218 2169 2276 semper,
2198 2209 2256 2260 et
2282 2200 2338 2258 itt
2362 2202 2558 2260 sarcula
2587 2202 2933 2259 smculorum.
2979 2203 3176 2259 Amen.

1456 2441 1810 2504 HOMILIA
1851 2441 2160 2503 XXXVI.

115 2550 258 2608 Cu.
288 2549 376 2604 16.
409 2562 460 2602 v.
492 2547 582 2603 25.
639 2545 813 2602 Media
868 2555 1037 2600 autent
1085 2554 1235 2600 nocte
1269 2543 1473 2600 Paulus
1504 2557 1550 2599 et
1595 2544 1738 2600 Silus

196 2652 404 2697 orantes
446 2640 725 2695 laudabant
787 2639 985 2704 Deum;
1024 2649 1071 2694 et
1109 2638 1385 2694 audiebant
1433 2655 1517 2694 eos
1552 2639 1728 2694 vincti.

197 2737 294 2792 26.
330 2736 514 2792 Subito
542 2751 658 2789 vero
688 2744 836 2789 terrte
878 2743 1043 2789 motus
1085 2734 1254 2804 factus
1283 2743 1357 2788 est
1386 2749 1635 2804 magnus,
1667 2733 1741 2787 ita

201 2840 260 2884 ut
288 2841 602 2884 moverentur
641 2827 976 2899 fundamenta
1007 2827 1263 2882 carceris:
1289 2837 1335 2881 et
1358 2827 1528 2881 statim
1554 2836 1737 2898 aperta

195 2932 320 2978 sunt
375 2923 547 2977 omnia
589 2922 758 2989 ostia,
807 2931 854 2976 et
897 2921 1250 2976 universorum
1305 2921 1510 2974 uincula
1571 2917 1741 2974 soluta

198 3024 344 3070 sunt.

199 3127 257 3180 l.
286 3125 422 3194 Quid
447 3124 529 3180 his
552 3140 648 3196 par
672 3123 830 3180 fuerit
850 3122 1169 3178 animabus?
1199 3121 1376 3193 Virgis
1396 3121 1521 3178 cresi
1546 3121 1740 3180 multas

119 3234 318 3290 plagas
358 3227 700 3289 acceperant,
731 3217 1092 3273 contumelias
1128 3225 1184 3272 et
1229 3226 1470 3273 extrema
1503 3217 1740 3287 pericula

117 3313 430 3380 subierunt,
465 3313 518 3367 in
547 3312 692 3382 ligno
719 3313 880 3367 vincti
913 3320 1086 3376 erant,
1122 3310 1174 3364 in
1204 3325 1422 3365 carcere
1455 3311 1736 3366 interiori:

116 3416 178 3463 et
222 3422 294 3460 ne
321 3406 402 3460 sic
427 3405 644 3476 quidem
673 3420 921 3460 somnum
952 3419 1146 3474 capere
1180 3403 1457 3469 volebant,
1489 3403 1586 3459 sed
1616 3419 1739 3470 per-

118 3497 374 3568 vigilium
397 3496 646 3566 agebant.
673 3493 878 3550 Videtis
899 3503 1158 3565 quantum
1181 3495 1251 3548 sit
1276 3492 1494 3548 alï¬‚iclio
1516 3491 1741 3548 bonum?

121 3588 240 3644 Nos
282 3598 462 3642 autem
511 3589 563 3642 in
608 3587 860 3643 mollibus
900 3586 1054 3642 lectis
1080 3585 1200 3642 sine
1249 3587 1360 3640 ullo
1399 3595 1604 3641 terrore
1645 3601 1740 3656 per

125 3689 303 3734 totum
359 3679 659 3734 dormimus
706 3690 940 3734 noetem.
1000 3678 1162 3733 Forte
1221 3678 1344 3734 ideo
1399 3678 1737 3749 pervigilium

119 3772 382 3841 agebant,
436 3771 561 3842 quia
605 3772 707 3828 hoc
749 3773 804 3826 in
843 3780 986 3826 statu
1017 3779 1193 3827 erant.
1246 3770 1366 3825 Non
1400 3769 1522 3825 illos
1560 3773 1738 3826 somni

128 3865 388 3937 tyrannis
431 3865 594 3934 cepit,
641 3878 747 3918 non
787 3864 944 3918 dolor
983 3862 1211 3928 inï¬‚exit,
1245 3878 1352 3917 non
1404 3863 1566 3918 timor
1605 3878 1740 3918 con-

123 3964 409 4013 sterttatos
439 3954 708 4022 reddidit;
751 3955 845 4010 sed
877 3956 992 4010 haec
1027 3955 1199 4009 multo
1240 3954 1410 4026 magis
1441 3955 1562 4010 illos
1595 3953 1742 4011 exci-

127 4047 344 4116 tabant,
390 4057 447 4104 et
491 4049 658 4102 multa
689 4045 973 4117 replebant
1014 4046 1311 4116 voluptate.
1360 4044 1540 4101 Media
1568 4056 1741 4101 autent

125 4150 304 4206 nocte,
368 4137 563 4211 inquit,
622 4149 828 4194 orantes
884 4138 1167 4193 laudabant
1213 4138 1419 4194 Deum:
1468 4138 1742 4193 audiebant

123 4242 300 4285 autem
339 4231 457 4285 illos
503 4231 677 4285 vineti.
729 4231 941 4287 Novum
973 4231 1120 4286 enim
1152 4239 1208 4286 et
1244 4230 1570 4301 stupendum
1601 4231 1742 4286 vide-

125 4323 290 4376 batur
311 4337 455 4378 esse.
481 4323 665 4378 Subito
687 4339 801 4376 sero
834 4333 982 4377 terra:
1011 4332 1176 4377 motus
1207 4325 1373 4395 [actus
1400 4331 1472 4378 est
1499 4339 1737 4394 magnus,

123 4417 203 4471 ita
231 4426 287 4470 ut
316 4427 642 4472 moverentur
667 4417 1001 4489 fundamenta
1020 4417 1241 4471 carceris
1261 4431 1281 4471 :
1310 4426 1358 4471 et
1381 4417 1555 4471 statim
1583 4433 1738 4486 aper-

123 4519 180 4560 ta
200 4519 324 4562 sunt
367 4509 498 4564 ostia
523 4509 718 4577 omnia,
739 4520 789 4565 et
810 4510 1161 4564 uniuersz
1180 4509 1384 4564 vincula
1405 4508 1574 4563 soluta
1594 4520 1736 4563 sunt.

123 4599 314 4656 Terra
354 4611 531 4658 motus
569 4601 740 4657 factus
776 4611 879 4669 est,
921 4602 994 4657 ita
1023 4611 1081 4656 Î¹Î¹Î¹
1108 4611 1298 4657 custos
1337 4603 1670 4658 excitaretur
1701 4618 1732 4659 a

124 4708 358 4761 somno;
382 4705 436 4752 et
456 4696 594 4751 ostia
616 4704 802 4768 aperta
829 4705 977 4764 sunt,
1004 4697 1074 4751 ita
1098 4705 1263 4751 utres
1284 4706 1427 4751 esset
1445 4695 1734 4752 mirabilis.

126 4787 260 4842 Haec
285 4786 450 4842 vincti
483 4804 590 4842 non
624 4787 914 4853 videbant;
944 4787 1185 4858 alioquin
1218 4787 1484 4858 fugissent
1515 4801 1734 4844 omnes.

123 4879 218 4935 27.
257 4878 662 4952 Expergefactus
689 4891 858 4935 autem
881 4891 1072 4947 custos,
1101 4889 1147 4935 et
1173 4881 1347 4936 videns
1364 4882 1558 4952 januas
1586 4898 1739 4951 aper-

124 4983 205 5027 tas
249 4974 487 5042 carceris,
536 4975 802 5045 euaginata
851 4973 1028 5046 gladia
1073 4973 1270 5028 volebat
1317 4991 1372 5030 se
1417 4975 1729 5044 interï¬cere,

125 5066 386 5120 cestimans
445 5067 637 5138 fugisse
691 5069 907 5122 vinctos.
956 5066 1048 5123 28.
1103 5065 1354 5124 Clamavit
1396 5079 1565 5124 autent
1617 5085 1735 5125 uoce

128 5176 318 5228 magna
347 5158 567 5224 Paulus,
597 5161 771 5215 dicens
789 5177 808 5214 :
837 5159 990 5215 Nihil
1013 5160 1100 5215 tibi
1123 5163 1249 5216 mali
1269 5163 1450 5232 feceris
1468 5180 1486 5216 :
1509 5163 1733 5218 universi

126 5254 264 5308 enim
295 5255 376 5307 hic
401 5271 598 5308 suntut.
651 5255 962 5311 Admiratus
1001 5264 1085 5310 est
1133 5258 1301 5325 magis
1342 5256 1732 5329 benignitatem

126 5344 319 5402 Pauli:
348 5347 628 5418 obstupuit
659 5347 1052 5414 fortitudinem,
1085 5349 1227 5420 quod
1260 5365 1381 5404 cum
1406 5350 1591 5420 fugere
1621 5365 1736 5421 pos-

125 5447 234 5506 set,
268 5454 374 5494 non
425 5439 637 5510 fugerit,
672 5441 896 5511 etquod
939 5442 1112 5510 ipsum
1156 5457 1186 5496 a
1214 5443 1363 5498 caede
1406 5443 1730 5498 cohibuerit.

127 5532 221 5588 29.
254 5531 425 5587 Petito
441 5542 609 5586 autem
637 5533 827 5587 lumine
846 5536 1188 5604 introgressus
1209 5547 1304 5602 est,
1331 5546 1377 5589 et
1408 5538 1733 5606 tremefactus

131 5626 349 5696 procidit
379 5636 498 5680 ante
539 5625 766 5680 Paulum
807 5636 852 5681 et
904 5626 1093 5693 Silam,
1127 5628 1216 5682 50.
1264 5640 1308 5682 et
1337 5629 1622 5698 producens
1650 5646 1735 5683 eos

130 5717 289 5788 foras,
321 5719 480 5772 dixit:
525 5717 754 5779 Domini.
784 5721 908 5789 quid
943 5737 1023 5773 me
1063 5732 1260 5788 Oportet
1291 5725 1458 5792 facere
1486 5731 1540 5775 ut
1565 5721 1734 5776 salt-us

131 5808 494 5869 ï¬am?Videnâ€˜
524 5821 720 5882 quanta
753 5813 903 5866 illum
934 5815 1141 5883 ceperit
1169 5814 1494 5869 admiratio?
1526 5815 1615 5869 3i.
1669 5816 1733 5868 At

131 5903 204 5958 illi
238 5903 506 5960 dixerunt:
548 5903 708 5961 Crede
751 5907 805 5962 in
845 5904 1127 5962 Dominum
1149 5906 1327 5963 Iesum
1371 5908 1650 5978 Christum,
1685 5918 1730 5964 et

1847 2545 2022 2600 salvus
2051 2546 2149 2598 eris
2179 2555 2234 2598 tu
2262 2553 2309 2599 et
2337 2543 2521 2598 domus
2549 2554 2657 2600 tua.
2692 2543 2782 2600 52.
2812 2545 2883 2600 Et
2910 2548 3107 2619 loquuti
3132 2562 3251 2605 sunt
3277 2553 3324 2606 ei
3351 2568 3465 2608 uer-

1849 2639 1968 2692 bunt
1996 2635 2229 2702 Domini,
2263 2647 2311 2690 et
2339 2640 2577 2692 omnibus
2605 2639 2696 2707 qui
2721 2649 2869 2694 erant
2900 2642 2953 2696 in
2981 2643 3136 2697 domo
3161 2644 3292 2716 ejus.
3323 2646 3459 2711 Quia

1847 2730 2032 2785 statim
2074 2729 2278 2801 loquuti
2322 2740 2451 2785 sunt
2497 2730 2596 2797 illi,
2640 2731 2985 2790 declararunt
3031 2736 3460 2795 misericordiam

1849 2837 1973 2893 erga
2006 2823 2177 2878 illum.
2205 2823 2296 2878 33.
2318 2821 2388 2877 Et
2416 2825 2693 2895 assumptis
2718 2825 2824 2880 illis
2853 2826 2906 2880 in
2927 2829 3104 2881 eadem
3126 2828 3255 2884 hora
3276 2833 3461 2896 noctis,

1849 2916 1973 2972 lauit
2011 2917 2194 2990 plagas
2246 2934 2420 2971 eorum
2435 2936 2456 2973 :
2481 2927 2529 2972 et
2570 2919 2865 2994 baptizatus
2903 2930 2980 2975 est
3028 2922 3174 2990 ipse,
3202 2931 3252 2976 et
3293 2926 3465 2982 omnis

1849 3011 2034 3064 domus
2079 3013 2190 3081 ejus
2238 3013 2500 3066 continuo.
2534 3013 2624 3068 54.
2674 3011 2902 3084 Cumque
2933 3015 3254 3084 perduxisset
3279 3033 3366 3071 eos
3406 3023 3460 3073 in

1849 3105 2058 3160 domum
2085 3121 2251 3173 suam,
2280 3107 2522 3177 apposuit
2550 3123 2797 3173 mensam,
2828 3118 2874 3176 et
2901 3111 3169 3164 exsultavit
3198 3127 3316 3165 cum
3354 3123 3460 3167 tota

1850 3197 2002 3253 domo
2035 3199 2248 3254 credens
2289 3197 2418 3254 Deo.
2459 3199 2614 3256 Lavit
2640 3216 2754 3269 eos,
2792 3203 2946 3272 quasi
2992 3205 3223 3275 gratiam
3262 3222 3460 3278 repen-

1850 3284 2006 3360 dens,
2041 3302 2096 3348 et
2124 3293 2202 3349 sic
2235 3293 2692 3368 illos'honorans.
2740 3296 2831 3352 55.
2878 3296 2946 3350 Et
2983 3315 3103 3352 cunt
3155 3300 3266 3355 dies
3294 3305 3462 3370 factus

1847 3395 1996 3452 esset,
2027 3387 2273 3441 miserunt
2297 3387 2633 3458 magistratus
2673 3388 2899 3456 lictores,
2943 3391 3205 3446 dicentes:
3247 3391 3465 3449 Dimitte

1849 3479 2078 3533 homines
2108 3479 2246 3538 illos.
2295 3479 2675 3552 Cognoverant
2702 3482 2838 3538 forte
2860 3485 3054 3540 factum
3088 3487 3459 3557 magistratus,

1848 3579 1904 3624 et
1935 3585 2039 3624 non
2070 3573 2341 3628 audebant
2369 3588 2465 3643 per
2492 3576 2702 3644 seipses
2731 3576 3024 3631 dimittere.
3055 3579 3144 3633 '56.
3185 3578 3462 3635 Nuntiavit

1847 3677 2017 3719 autem
2043 3677 2210 3720 custos
2237 3669 2456 3722 carceris
2481 3668 2633 3722 verba
2662 3669 2772 3723 htec
2801 3667 2992 3734 Paulo,
3023 3673 3198 3726 dicens
3220 3688 3238 3725 :
3292 3671 3457 3728 Mise-

1848 3765 1967 3810 runt
1994 3757 2341 3828 magistratus,
2365 3768 2420 3812 ut
2449 3758 2800 3814 dimittamini.
2831 3760 2985 3814 Nunc
3011 3763 3171 3833 igitur
3198 3775 3456 3831 exeuntes,

1847 3847 1916 3903 ite
1942 3850 1994 3903 in
2019 3865 2162 3920 pace.
2197 3849 2397 3907 Paulus
2421 3862 2593 3906 autem
2617 3854 2747 3907 dixit
2772 3854 2878 3908 eis:
2905 3855 2995 3910 57.
3039 3856 3212 3912 Cwsos
3241 3874 3334 3911 nos
3365 3875 3460 3928 pu-

1850 3942 1997 4011 blice,
2030 3943 2369 4009 indemnatos,
2398 3944 2627 4000 homines
2661 3943 2943 4014 Romanos,
2977 3947 3225 4003 miserunt
3250 3951 3304 4004 in
3342 3967 3458 4004 car-

1846 4052 2050 4100 cerem;
2093 4045 2141 4089 et
2182 4053 2321 4091 nunc
2364 4038 2557 4096 occulte
2610 4055 2703 4094 nos
2746 4040 2999 4110 ejiciunt?
3051 4041 3177 4096 Non
3227 4046 3318 4111 ita,
3370 4049 3462 4100 sed

1847 4131 2072 4195 veniant,
2115 4131 2209 4187 58.
2259 4141 2310 4186 et
2361 4132 2460 4202 ipsi
2505 4149 2599 4188 nos
2650 4135 2878 4201 ejiciant.
2933 4134 3254 4192 Nuntiarunt
3287 4150 3461 4196 autem

1850 4224 2227 4295 magistratibus
2251 4225 2455 4280 lictores
2481 4225 2589 4280 haec
2611 4228 2760 4282 verba
2779 4243 2799 4281 :
2824 4229 3202 4302 timueruntque
3239 4234 3460 4289 audieno

1848 4327 1941 4381 tes,
1972 4317 2110 4389 quod
2148 4317 2374 4373 Romani
2403 4329 2588 4374 essent.
2617 4319 2708 4375 59.
2739 4319 2806 4373 Et
2834 4323 3024 4392 egressi
3054 4323 3308 4391 deprecati
3335 4336 3457 4382 sunt

1846 4425 1954 4472 eos,
1983 4419 2031 4463 et
2061 4408 2268 4465 eductos
2291 4410 2563 4484 rogabant,
2593 4421 2646 4466 ut
2666 4411 3029 4484 egrederentur
3055 4431 3084 4470 e
3115 4418 3334 4475 civitate.
3364 4419 3455 4475 40.

1850 4497 2058 4572 Egressi
2093 4512 2265 4556 autem
2307 4503 2370 4557 de
2404 4519 2628 4571 carcere,
2672 4506 2886 4575 ingressi
2929 4518 3048 4562 sunt
3089 4510 3158 4563 ad
3198 4509 3421 4581 Lydiam
3443 4530 3463 4568 :

1845 4603 1893 4646 et
1923 4593 2041 4648 visis
2095 4595 2344 4666 fratribus
2371 4597 2630 4652 exhortati
2676 4609 2797 4652 sunt
2831 4615 2938 4666 eos,
2980 4610 3029 4655 et
3068 4604 3285 4674 profecti
3315 4616 3458 4661 sunt.

1845 4683 2022 4741 Etiam
2049 4688 2455 4759 magistratibus
2476 4690 2925 4748 denuntiantibus
2955 4694 3154 4752 Paulus
3182 4713 3291 4753 non
3319 4701 3453 4766 exit,

1847 4776 1985 4834 forte
2011 4792 2234 4851 propter
2264 4780 2491 4853 Lydiam
2510 4824 2526 4849 ,
2553 4793 2610 4838 et
2637 4785 2776 4840 alios
2805 4785 3028 4843 fratres:
3057 4790 3141 4844 vel
3171 4801 3227 4845 ut
3258 4800 3461 4849 terreat

1846 4871 1993 4940 illus,
2013 4890 2082 4931 ne
2105 4885 2424 4944 putarentur
2445 4890 2638 4948 rogatu
2659 4894 2757 4934 suo
2773 4879 2983 4938 dimissi
3008 4883 3191 4947 fuisse.
3218 4894 3277 4940 ut
3294 4887 3456 4943 etiam

1844 4968 1967 5022 aliis
1995 4969 2246 5024 fiduciam
2278 4969 2550 5027 iudereut.
2581 4973 2825 5046 Triplex,
2849 4976 3055 5041 dilecti,
3075 4978 3280 5034 crimen
3304 4991 3456 5036 erat:

1843 5063 1987 5133 quod
2015 5063 2306 5130 Romanos,
2339 5065 2482 5136 quod
2513 5083 2619 5122 nou
2642 5067 2949 5136 damnatos,
2980 5071 3124 5146 quod
3156 5074 3376 5142 publice
3404 5077 3458 5132 in

1845 5172 2119 5213 carcerem
2159 5159 2543 5228 coujecisseut.
2591 5162 2752 5218 Vides
2783 5163 2906 5218 illos
2953 5165 3185 5235 plurima
3217 5166 3460 5226 humano

1846 5265 1997 5304 more
2018 5249 2234 5307 fecisse.
2263 5251 2624 5323 Exquiramus
2644 5265 2857 5311 noctem
2876 5256 3045 5324 illam,
3069 5274 3191 5314 cum
3212 5262 3463 5319 noctibus

1847 5344 2049 5399 nostris
2097 5347 2489 5418 comparando,
2545 5349 2635 5404 ubi
2689 5351 3141 5417 comessationes,
3198 5353 3458 5424 ebrietas,

1843 5435 2098 5502 lascivia;
2128 5435 2217 5492 ubi
2247 5453 2475 5493 somnus
2503 5455 2532 5494 a
2564 5451 2744 5495 morte
2773 5441 2904 5495 nihil
2935 5442 3219 5512 dillâ€˜erens,
3254 5445 3344 5500 ubi
3373 5447 3455 5501 vi-

1843 5531 1986 5600 gilia:
2016 5546 2211 5586 somno
2239 5532 2358 5602 ipso
2385 5533 2687 5603 graviores.
2745 5535 2852 5588 Alii
2881 5535 3026 5590 enim
3051 5537 3350 5598 dormiunt.
3383 5540 3455 5594 ita

1845 5633 1903 5678 ut
1951 5623 2081 5679 nihil
2127 5626 2401 5691 sentiant;
2447 5627 2537 5680 alii
2587 5627 2969 5684 miserabiliter
3006 5629 3246 5700 vigilant,
3296 5633 3455 5690 dolos

1844 5727 2140 5781 struentes,
2191 5719 2258 5772 de
2290 5720 2533 5788 pecuniis
2579 5730 2856 5788 curantes,
2891 5732 2946 5776 ut
2996 5724 3331 5781 ulciscantur
3360 5742 3456 5784 eos

1843 5811 1933 5880 qui
1975 5825 2036 5865 se
2077 5810 2336 5865 lzeserunt
2380 5811 2699 5876 studentes,
2748 5814 3064 5870 inimicitias
3098 5819 3456 5891 meditantes,

1845 5905 2012 5962 verba
2047 5902 2442 5994 contumeliosa
2471 5914 2742 5965 transacto
2768 5910 2856 5966 die
2886 5925 3072 5969 secum
3107 5923 3455 5984 reputantes;
