4034 6410
625 386 729 448 259

621 505 700 559 sic
716 502 812 557 ira:
833 499 1009 572 ignem
1030 493 1383 561 succendunt,
1406 500 1462 548 et
1487 486 1841 545 intolerabilia
1862 490 2195 555 perpetrant.

624 590 903 663 Perpende
935 587 1207 662 quomodo
1229 586 1420 643 Petrus
1446 581 1767 638 dormiebat.
1801 578 1900 633 Per
1928 575 2205 645 dispensa-

622 685 823 739 tionem
852 682 986 737 illud
1013 680 1210 736 factum
1255 686 1376 733 est:
1412 674 1634 745 angelus
1660 672 1804 727 enim
1836 666 2074 732 advenit,
2106 678 2203 720 ne-

621 776 928 843 minemque
974 786 1090 828 rem
1137 777 1341 841 gestam
1393 767 1533 821 scire
1578 762 1887 834 oportebat;
1927 767 1983 815 et
2010 757 2206 813 merito

620 861 859 933 quidem,
888 870 946 918 ut
970 876 1040 918 ne
1082 869 1262 916 custos
1306 856 1541 913 carceris
1577 854 1812 925 seipsum
1854 851 2202 905 interficeret.

624 954 692 1009 Et
718 967 816 1008 cur
842 967 952 1007 non
980 950 1124 1007 aliud
1153 950 1367 1020 signum
1409 948 1607 1003 factum
1632 946 1745 1001 est?
1773 944 1905 1012 Quia
1930 941 2062 996 illud
2092 956 2204 995 ma-

621 1044 764 1099 xime
788 1043 961 1113 ipsum
983 1040 1252 1103 attrahere
1274 1050 1332 1095 et
1352 1037 1673 1093 confirmare
1690 1042 1917 1106 poterat,
1938 1031 2203 1103 siquidem

626 1133 719 1188 ille
760 1132 1154 1202 periclitaturus
1197 1140 1335 1197 erat,
1382 1131 1482 1185 nisi
1527 1130 1599 1185 ita
1640 1129 1833 1184 factum
1868 1134 2052 1181 esset:
2096 1138 2201 1178 non

620 1210 766 1278 cnim
794 1224 864 1278 ita
886 1225 1038 1294 signa
1065 1223 1301 1287 trahunt,
1324 1234 1381 1277 ut
1400 1237 1462 1279 ea
1480 1237 1599 1292 qua:
1623 1220 1691 1276 ad
1715 1221 1938 1274 salutem
1962 1226 2201 1272 nostram

615 1314 864 1368 attinent.
916 1313 996 1369 Ne
1028 1313 1305 1370 videretur
1335 1324 1494 1368 terra:
1535 1321 1739 1369 motum
1780 1324 1875 1380 per
1920 1322 1981 1365 se
2006 1307 2203 1363 factum

616 1419 759 1473 esse,
790 1414 1073 1475 sequutum
1119 1414 1204 1461 est
1245 1404 1320 1472 id,
1369 1403 1512 1476 quod
1544 1402 1645 1472 ipsi
1688 1400 1994 1456 testimonio
2033 1407 2199 1453 esset.

620 1495 689 1550 Et
717 1505 876 1551 noctu
901 1496 1132 1551 accidit:
1165 1496 1297 1550 nihil
1324 1495 1466 1550 enim
1491 1492 1558 1548 ad
1587 1491 2000 1547 ostentationem
2031 1486 2201 1543 facie-

622 1587 773 1653 bant,
800 1589 895 1647 sed
916 1589 982 1643 ad
1011 1589 1263 1643 salutem.
1288 1586 1403 1641 Non
1424 1587 1598 1641 malus
1617 1591 1733 1639 erat
1750 1582 1985 1638 carceris
1999 1589 2201 1636 custos:

623 1679 933 1750 conjecerat
960 1679 1079 1735 illos
1101 1680 1153 1733 in
1187 1678 1495 1739 interiorem
1519 1692 1814 1744 carcerem,
1835 1674 1978 1746 quod
2003 1674 2075 1729 ita
2101 1673 2202 1729 sibi

613 1770 822 1842 jussnm
850 1781 1012 1837 esset,
1040 1786 1146 1826 non
1174 1780 1321 1825 motu
1351 1781 1469 1825 Suo.
1500 1768 1570 1824 Et
1594 1783 1690 1824 cur
1714 1783 1821 1823 non
1848 1777 1975 1822 ante
2002 1765 2203 1837 ciama-

619 1862 694 1919 vit
721 1862 949 1919 Paulus?
976 1862 1383 1918 Perturbatione
1410 1861 1601 1932 plenus
1628 1869 1744 1915 erat
1772 1859 1953 1923 homo,
1983 1870 2083 1912 nec
2107 1854 2202 1911 ad-

617 1954 851 2009 misisset
872 1953 1054 2007 verba.
1090 1953 1214 2007 Ideo
1239 1966 1361 2008 cum
1388 1952 1610 2008 vidisset
1647 1951 1795 2005 illum
1831 1964 1952 2005 sese
1980 1948 2200 2005 interfe-

615 2052 849 2107 cturum.
902 2052 1241 2114 prazoccupat
1264 2051 1317 2098 et
1366 2044 1583 2110 clamat,
1619 2040 1802 2097 dicens
1835 2058 1850 2094 :
1901 2040 2088 2095 Omnes
2120 2040 2203 2094 hic

616 2152 811 2190 sumus.
842 2135 968 2191 Ideo
994 2136 1086 2197 ille
1114 2135 1285 2191 Petito
1306 2135 1714 2202 lumineinsitiit,
1737 2144 1785 2189 et
1809 2143 1926 2188 ante
1955 2131 2199 2197 Paulum,

615 2227 803 2297 inquit,
832 2236 875 2281 et
895 2227 1063 2282 Silam
1088 2227 1325 2297 procidit.
1356 2228 1434 2281 Ad
1464 2227 1640 2296 pedes.
1666 2227 1826 2281 vincti
1851 2224 2079 2296 procidit
2111 2238 2203 2279 cu-

618 2328 751 2376 stos.
784 2317 851 2373 Et
880 2307 1052 2373 eduirit
1085 2319 1205 2373 illos
1230 2319 1390 2389 foras,
1428 2319 1685 2388 dixitque:
1711 2316 1937 2384 Domini,
1964 2317 2087 2387 quid
2126 2331 2205 2369 me

615 2419 807 2480 oportet
828 2414 1015 2481 facere,
1038 2420 1093 2464 ut
1111 2400 1291 2465 'safvus
1316 2411 1411 2464 sim
1426 2409 1452 2463 .9
1473 2408 1735 2477 Quidnam
1758 2408 2046 2464 dixerunt?
2070 2406 2202 2463 Vide

616 2504 764 2559 illum
795 2518 900 2557 non
931 2504 1000 2557 ob
1042 2502 1145 2557 hoc
1170 2502 1392 2572 diligere
1437 2500 1581 2572 quod
1626 2509 1872 2556 servatus
1895 2510 2061 2569 esset,
2104 2499 2201 2555 sed

615 2593 757 2662 quod
785 2593 852 2649 de
879 2593 1077 2649 virtute
1105 2593 1531 2663 obstupesceret.

683 2685 739 2738 ‘2.
779 2684 942 2740 Vides
984 2686 1110 2756 quid
1146 2685 1277 2751 illic,
1309 2684 1438 2755 quid
1486 2682 1646 2739 isthic
1685 2683 1881 2739 factum
1926 2684 2039 2738 sit?
2084 2682 2201 2739 lllic

616 2776 788 2847 puella
834 2775 1059 2830 liberata
1086 2783 1169 2831 est
1204 2794 1235 2831 ει
1266 2776 1498 2846 maligno
1524 2776 1713 2845 spiritu
1739 2817 1754 2842 ,
1778 2786 1830 2830 et
1856 2775 1909 2830 in
1928 2789 2202 2831 carcerem

613 2867 959 2938 conjecerunt
983 2881 1077 2923 cos
1097 2907 1114 2935 ,
1142 2867 1283 2936 quod
1321 2868 1464 2929 illam
1490 2881 1521 2919 a
1551 2866 1799 2921 daimone
1833 2866 2193 2931 liberassent;

619 2960 708 3015 hic
754 2959 930 3015 solum
969 2960 1163 3030 januas
1208 2972 1422 3029 apertas
1461 2958 1848 3024 ostenderunt,
1897 2969 1952 3015 et
1994 2962 2203 3029 aperuit

608 3052 802 3122 januas
825 3051 1005 3107 cordis
1034 3052 1175 3107 illius
1202 3093 1218 3118 ,
1245 3052 1406 3106 solvit
1428 3051 1639 3107 vincula
1666 3051 1895 3121 duplicia
1916 3092 1933 3118 ,
1961 3051 2205 3107 accendit

617 3148 798 3202 lumen
836 3145 966 3199 illud
1002 3162 1016 3199 :
1046 3160 1168 3199 nam
1200 3152 1254 3199 et
1281 3146 1333 3198 in
1370 3144 1534 3199 corde
1573 3144 1690 3214 ejus
1717 3144 1806 3199 lux
1854 3143 2108 3214 fulgebat.
2141 3145 2207 3199 Et

622 3238 811 3293 iusiliit
834 3245 889 3292 et
911 3236 1138 3306 procidit
1164 3254 1178 3291 :
1204 3252 1304 3292 nec
1333 3238 1625 3307 interrogat
1651 3236 1922 3307 quomodo
1950 3252 2038 3292 res
2065 3237 2201 3291 facta

615 3330 686 3385 sit
710 3371 725 3395 ,
752 3329 879 3399 quid
917 3327 1111 3383 factum
1142 3327 1244 3393 sit;
1275 3328 1369 3383 sed
1394 3329 1575 3383 statim
1606 3327 1718 3381 ait:
1747 3326 1881 3394 Quid
1907 3342 1984 3381 me
2008 3335 2205 3396 aportet

618 3428 784 3491 facere
807 3428 861 3474 ut
880 3421 1051 3475 salvus
1075 3419 1207 3474 sim?
1246 3418 1383 3487 Quid
1409 3434 1538 3500 ergo
1568 3418 1801 3473 Paulus?
1832 3418 1991 3473 Crede
2010 3418 2065 3471 in
2095 3416 2204 3472 Do-

616 3514 809 3567 minum
837 3512 1016 3567 Iesum
1058 3511 1351 3577 Christum,
1389 3522 1437 3566 et
1462 3512 1631 3567 salvus
1672 3512 1801 3578 eris,
1833 3511 2037 3582 inquit,
2068 3522 2123 3565 tu
2160 3522 2205 3567 et

614 3604 793 3657 doinus
817 3611 923 3657 tua.
947 3601 1060 3658 Hoc
1085 3602 1319 3658 maxime
1341 3600 1588 3658 homines
1615 3601 1820 3668 allicit,
1852 3603 1996 3673 quod
2025 3613 2079 3659 et
2105 3605 2202 3658 do—

620 3710 742 3751 mus
787 3695 935 3750 salva
970 3695 1059 3750 sit.
1092 3692 1160 3748 Et
1185 3694 1380 3765 loquuti
1410 3703 1528 3747 sunt
1566 3694 1614 3748 ei
1637 3692 1868 3762 verbum,
1900 3704 1948 3748 et
1971 3694 2205 3749 omnibus

615 3787 701 3859 qui
726 3796 868 3842 erant
896 3787 950 3840 in
975 3786 1123 3841 domo
1150 3788 1283 3858 ejus.
1309 3785 1464 3841 Lavit
1489 3800 1586 3843 eos
1610 3826 1627 3852 ,
1652 3794 1708 3842 et
1732 3786 1875 3844 lotus
1901 3795 1987 3843 est
2026 3804 2040 3841 :
2082 3786 2203 3842 illos

618 3878 833 3949 quidem
876 3893 907 3933 a
952 3878 1119 3951 plagis
1140 3878 1344 3946 abluit,
1370 3880 1484 3948 ipse
1508 3894 1539 3933 a
1577 3880 1806 3949 peccatis
1831 3880 2047 3935 ablutus
2072 3890 2155 3936 est
2186 3898 2200 3934 :

619 3972 877 4039 nutrivit,
908 3981 963 4027 et
991 3972 1225 4035 nutritus
1248 3981 1350 4027 est.
1383 3970 1447 4025 Et
1478 3972 1782 4039 exsultavit,
1816 3973 2009 4043 inquit.
2038 3974 2199 4043 Atqui

619 4062 749 4116 nihil
771 4071 886 4117 erat
911 4062 1012 4117 nisi
1038 4062 1200 4117 verba
1227 4048 1430 4117 tantum
1458 4071 1650 4133 etspes
1671 4062 1830 4117 bona.
1855 4063 1969 4119 Hoc
1993 4065 2203 4136 signum

620 4166 758 4223 erat,
776 4153 1069 4225 credidisse
1086 4154 1256 4221 illum,
1281 4154 1383 4210 sibi
1403 4156 1581 4211 omnia
1600 4154 1824 4212 remissa
1850 4155 2037 4212 fuisse.
2065 4158 2203 4226 Quid

618 4247 841 4302 custode
856 4248 1089 4303 carceris
1114 4246 1300 4319 pejus?
1322 4248 1449 4318 quid
1471 4248 1760 4316 crudelius,
1787 4249 1910 4320 quid
1938 4251 2206 4307 ferocius?

620 4342 870 4393 Attamen
899 4353 1021 4393 cum
1048 4340 1215 4393 multo
1246 4340 1367 4395 illos
1402 4342 1638 4411 suscepit
1667 4342 1895 4398 honore.
1924 4342 2041 4398 Non
2064 4345 2206 4414 quod

620 4439 865 4485 servatus
890 4439 1038 4486 esset
1064 4471 1081 4499 ,
1110 4432 1325 4501 gavisus
1352 4442 1435 4486 est
1457 4473 1472 4498 ,
1504 4433 1598 4487 sed
1629 4434 1784 4507 Quod
1820 4433 1932 4489 Deo
1961 4437 2205 4492 crederet.

622 4522 781 4577 Crede
801 4561 818 4585 ,
856 4520 1064 4592 inquit,
1091 4522 1146 4575 in
1174 4520 1472 4577 Dominum.
1513 4522 1639 4579 ldeo
1666 4524 1829 4593 dixit,
1860 4526 1967 4594 Qui
1997 4527 2210 4581 credidit

625 4613 754 4679 Deo,
778 4620 835 4667 ut
854 4628 921 4667 ne
936 4612 1211 4674 videretur
1230 4615 1379 4685 quasi
1399 4614 1684 4671 damnatus
1698 4627 1752 4671 et
1778 4627 2028 4687 pacator
2049 4619 2206 4673 solvi.

625 4706 825 4761 Idcirco
847 4705 1031 4761 dicunt
1066 4722 1080 4760 :
1110 4702 1278 4760 Caesus
1302 4724 1393 4761 nos
1420 4707 1618 4775 publice
1644 4710 1958 4765 indemnatos
1986 4712 2209 4765 homines

625 4798 944 4863 coniecerunt
992 4798 1046 4851 in
1090 4813 1379 4864 carcerem;
1413 4809 1470 4854 ut
1506 4814 1613 4855 non
1659 4801 1821 4855 modo
1856 4804 2063 4873 gratiae.
2114 4804 2209 4859 sed

627 4890 787 4943 etiam
838 4888 1072 4958 ipsorum
1116 4900 1262 4949 esset
1294 4906 1450 4961 Opus.
1487 4890 1621 4947 Vide
1652 4902 1708 4947 ut
1734 4894 1880 4948 varia
1929 4894 2210 4966 dispenset

626 4981 819 5050 gratia,
851 4981 1120 5052 quomodo
1148 4983 1239 5038 ille
1264 4998 1511 5053 egressus
1541 4994 1644 5049 est,
1674 4988 1946 5056 quomodo
1976 4989 2083 5057 hic,
2108 4991 2213 5047 etsi

627 5082 854 5143 uterque
877 5074 1153 5143 apostolus
1188 5085 1351 5132 esset.
1385 5074 1680 5131 Timuerunt
1701 5117 1716 5142 ,
1761 5077 1952 5149 inquit.
1994 5080 2213 5137 Timent

628 5164 756 5234 quia
785 5163 1191 5241 Romanisunt,
1222 5180 1327 5221 non
1358 5168 1484 5237 quia
1515 5167 1710 5238 injuste
1737 5172 2106 5240 conjecerunt.
2139 5173 2208 5229 Et

630 5264 931 5326 rogaverunt
967 5253 1108 5320 illos,
1137 5264 1192 5308 ut
1220 5256 1413 5311 exirent
1453 5274 1517 5311 ex
1558 5259 1777 5313 civitate.
1808 5260 1960 5317 Hanc
2008 5264 2214 5331 petiere

630 5347 875 5416 gratiam.
908 5346 986 5401 llli
1030 5361 1161 5401 vero
1194 5357 1251 5403 ut
1275 5358 1539 5405 venerunt
1566 5351 1634 5406 ad
1668 5350 1891 5423 Lydiam
1922 5363 1978 5409 et
2019 5356 2216 5412 confir-

634 5447 849 5492 marunt
872 5440 988 5494 eam
1014 5480 1031 5505 ,
1062 5438 1141 5493 sic
1178 5439 1401 5509 profecti
1428 5450 1571 5497 sunt.
1604 5442 1720 5499 Non
1746 5445 2031 5515 Oportebat
2069 5449 2213 5504 enim

635 5528 947 5598 hospitalem
976 5530 1121 5585 illam
1154 5530 1204 5585 in
1232 5547 1401 5602 agone
1426 5544 1480 5589 et
1504 5535 1863 5594 sollicitudine
1886 5539 2214 5611 relinquere.

634 5621 855 5692 Egressi
882 5632 1057 5680 autem
1086 5632 1249 5691 sunt,
1278 5640 1383 5681 non
1410 5627 1513 5681 illis
1536 5627 1992 5700 obtemperantes,
2026 5632 2122 5689 sed
2148 5633 2215 5688 ad

632 5715 1069 5787 prccdicatiouem
1098 5717 1407 5775 festinantes
1435 5762 1449 5786 ,
1480 5737 1603 5778 cum
1633 5724 1824 5779 civitas
1855 5741 1951 5794 per
1978 5728 2214 5783 miracu-

637 5806 747 5863 lum
776 5807 907 5863 illud
948 5807 1078 5865 satis
1112 5808 1293 5882 adjuta
1336 5810 1542 5869 fuisset.
1586 5815 1698 5871 Non
1745 5819 2025 5887 oportebat
2068 5821 2208 5879 ultra

1312 444 1323 453 κ
1392 380 1449 437 S.
1487 374 1765 436 JOANNIS
1800 363 2278 429 CHRYSOSTOMI
2314 361 2629 421 ARCUIEP.
2668 355 3204 419 CONSTANTINOP.

3796 352 3905 407 ’ἔδυ

2313 492 2549 533 manere.
2596 476 2728 531 Nam
2770 476 3084 545 miraculum
3130 474 3303 542 majus
3342 477 3568 541 apparet
3620 466 3901 537 magisque

2310 569 2505 624 clamat
2531 578 2652 639 post
2682 567 3073 638 profectionem
3109 578 3297 620 eorum
3324 562 3414 631 qui
3442 561 3619 629 ipsum
3650 567 3903 628 patrave-

2309 670 2451 717 rant.
2486 660 2694 716 Etenim
2724 659 2965 716 custodis
2991 658 3225 714 carceris
3266 655 3401 710 fides
3446 668 3545 725 pro
3591 666 3731 706 voce
3760 660 3898 704 erat.

2307 750 2444 820 Quid
2473 750 2597 807 huic
2638 750 2714 806 rei
2748 751 2880 820 par?
2908 749 3123 820 Ligatur
3164 757 3220 802 et
3247 746 3410 803 solvit
3453 745 3686 815 ligatus;
3740 741 3903 796 solvit

2307 841 2507 911 duplex
2549 841 2850 906 vinculum;
2880 840 3133 911 ligantem
3176 853 3235 893 se
3278 838 3439 892 solvit
3482 852 3581 907 per
3625 834 3732 889 hoc
3758 845 3899 903 quon

2308 932 2424 1002 ipse
2454 931 2647 1003 ligatus
2683 934 2772 987 sit.
2807 931 2932 986 Haec
2959 945 3084 986 vere
3112 937 3240 984 sunt
3285 928 3471 998 gratim
3506 941 3697 996 opera.
3744 924 3902 979 Nunc

2307 1041 2449 1096 ergo,
2478 1023 2669 1094 inquit,
2697 1024 2903 1097 egressi,
2935 1022 3005 1076 ite
3024 1022 3080 1077 in
3109 1036 3233 1092 pace
3259 1037 3279 1075 :
3310 1019 3363 1075 id
3387 1028 3490 1085 est,
3518 1034 3647 1073 cum
3689 1020 3899 1104 securi-

2306 1124 2438 1184 tate,
2463 1115 2599 1171 nihil
2625 1116 2893 1171 timentes.
2924 1113 3094 1170 Simul
3122 1114 3265 1167 hunc
3286 1112 3470 1167 volunt
3495 1118 3650 1165 extra
3680 1110 3895 1180 pericu-

2307 1205 2416 1261 lum
2465 1207 2603 1275 fieri,
2657 1223 2725 1262 ne
2769 1215 2891 1277 post
2933 1205 3049 1261 haec
3086 1212 3392 1260 accusetur.
3425 1201 3493 1257 Et
3519 1216 3632 1257 non
3670 1200 3899 1263 dicunt,

2303 1299 2489 1355 Caesos
2530 1314 2632 1356 nos
2675 1300 3024 1370 conjecerunt
3052 1301 3105 1354 in
3133 1312 3405 1353 carcerem
3428 1336 3444 1362 ,
3475 1297 3599 1366 quia
3641 1294 3902 1350 miracula

2303 1390 2508 1460 operati
2553 1404 2769 1445 eramus
2807 1405 2824 1446 :
2857 1405 3028 1461 neque
3057 1390 3201 1445 enim
3239 1390 3324 1445 his
3368 1386 3769 1451 attendebant;
3804 1387 3901 1441 sed

2303 1480 2449 1552 quod
2479 1481 2693 1537 illorum
2719 1481 2930 1537 animos
2957 1489 3248 1536 concutere
3278 1486 3490 1550 poterat
3508 1519 3523 1545 ,
3556 1476 3902 1531 Indemnatos

2307 1573 2498 1644 inquit,
2524 1583 2571 1628 et
2604 1573 2880 1629 Romanos.
2912 1573 3080 1642 Hujus
3102 1572 3263 1627 vincti
3295 1585 3506 1640 semper
3525 1583 3801 1624 memores
3825 1570 3902 1623 si-

2304 1681 2445 1733 mus,
2470 1676 2648 1722 etnon
2672 1667 2931 1721 miraculi.
2963 1665 3102 1734 Quid
3128 1665 3313 1720 dicent
3332 1663 3584 1734 gentiles,
3612 1662 3901 1733 quomodo

2304 1760 2511 1815 vinctus
2552 1773 2673 1814 cum
2716 1767 2882 1823 esset,
2928 1759 3097 1813 suasit
3137 1755 3430 1812 vincienti?
3461 1755 3524 1809 Et
3573 1770 3765 1826 quem,
3820 1754 3905 1808 in-

2302 1849 2527 1919 quiunt,
2556 1849 2867 1919 persuaderi
2897 1848 3214 1918 oportebat,
3246 1847 3352 1900 nisi
3396 1846 3690 1900 scelestum
3718 1843 3903 1898 homi-

2302 1956 2449 2007 nem,
2478 1941 2734 1997 miserum
2765 1983 2780 2007 ,
2811 1941 2904 2010 qui
2935 1948 3169 1995 mentem
3200 1954 3308 1994 non
3334 1937 3579 2002 haberet,
3611 1938 3765 1993 mille
3791 1952 3900 1991 ma-

2305 2032 2372 2087 lls
2395 2042 2645 2088 onustum
2662 2041 2715 2088 et
2730 2040 2885 2101 captu
2906 2030 3156 2089 facilem?
3184 2029 3310 2085 Hmc
3330 2029 3549 2100 insuper
3573 2027 3861 2098 proferunt
3887 2044 3902 2081 :

2304 2125 2436 2193 Quis
2464 2125 2709 2191 credidit,
2745 2126 2848 2180 nisi
2894 2125 3177 2190 coriarius,
3208 2123 3525 2194 purpuraria
3548 2162 3564 2187 ,
3591 2120 3903 2185 eunuchus,

2306 2229 2491 2275 custos
2519 2211 2773 2285 carceris,
2802 2216 2945 2273 servi
2973 2226 3028 2272 et
3068 2216 3363 2271 mulieres?
3390 2215 3527 2284 Quid
3555 2230 3689 2286 ergo
3717 2214 3908 2271 dicere

2306 2318 2601 2379 poterunt,
2641 2308 2854 2379 quando
2903 2322 3037 2376 eos,
3086 2309 3175 2379 qui
3220 2307 3273 2362 in
3326 2307 3676 2377 dignitatibus
3723 2317 3905 2371 erant,

2304 2400 2665 2471 producemus
2695 2419 2709 2456 :
2737 2401 3109 2455 centurionem
3140 2441 3154 2464 ,
3202 2401 3577 2470 proconsulem
3604 2441 3619 2467 ,
3669 2401 3812 2455 alios
3840 2417 3905 2455 ex

2306 2492 2402 2547 illo
2430 2491 2500 2547 ad
2532 2492 2633 2547 hoc
2656 2507 2823 2562 usque
2846 2500 3055 2562 tempus
3078 2531 3096 2558 ,
3124 2492 3498 2561 imperatores,
3533 2493 3729 2562 reges?
3789 2492 3908 2562 Ego

2306 2599 2437 2639 vero
2462 2583 2603 2639 aliud
2631 2584 2801 2653 majus
2826 2582 2948 2638 dico
2977 2600 2991 2636 :
3022 2584 3167 2653 ipsos
3197 2583 3415 2637 viliores
3447 2583 3567 2637 illos
3590 2582 3902 2637 videamus.

2305 2679 2511 2752 Ecquid
2535 2678 2608 2735 ibi
2634 2679 2850 2742 mirum,
2874 2676 3234 2748 inquies‘lHoc
3261 2687 3409 2732 certe
3430 2678 3661 2731 mirum:
3690 2677 3905 2732 etenim

2304 2776 2352 2831 si
2406 2774 2474 2831 de
2521 2773 2681 2829 rebus
2735 2772 3045 2844 vulgaribus
3100 2771 3366 2837 crederet,
3416 2788 3521 2826 non
3563 2772 3761 2827 mirum
3817 2788 3909 2828 es-

2303 2874 2421 2930 set;
2453 2879 2574 2919 cum
2606 2880 2737 2919 vero
2766 2864 2835 2918 de
2863 2864 3264 2918 resurrectione
3290 2904 3305 2928 ,
3333 2864 3401 2919 de
3426 2878 3591 2933 regno
3615 2864 3903 2928 ca-lorum,

2304 2957 2374 3012 de
2412 2959 2519 3012 vita
2570 2955 2937 3027 philosophica
2987 2956 3107 3026 quis
3155 2956 3500 3025 poliularibus
3555 2956 3800 3025 loquitur
3852 2974 3909 3013 et

2308 3049 2643 3120 persuadet,
2673 3048 2774 3103 hoc
2800 3048 3099 3103 mirabilius
3139 3049 3264 3113 erit,
3305 3063 3464 3119 quam
3491 3049 3535 3103 si
3562 3049 3908 3119 sapientibus

2308 3135 2688 3211 persuasisset.
2714 3140 2848 3195 Cum
2879 3140 3023 3194 enim
3050 3155 3157 3194 non
3203 3151 3287 3195 est
3327 3141 3640 3210 periculum,
3686 3152 3741 3197 et
3784 3145 3909 3213 quis

2308 3233 2518 3301 suadet,
2541 3248 2574 3289 e
2600 3250 2659 3289 re
2684 3214 2968 3288 stultitiam
2998 3233 3050 3287 in
3079 3232 3313 3288 medium
3346 3233 3664 3304 proferunt;
3687 3237 3909 3305 quando

2308 3332 2485 3379 autem
2514 3324 2634 3394 quis
2661 3322 2864 3379 dixerit
2889 3338 3048 3378 servo
3074 3323 3373 3387 secundum
3411 3332 3461 3378 te
3493 3343 3506 3378 :
3538 3324 3596 3380 Si
3624 3325 3756 3379 mihi
3788 3342 3909 3382 cre—

2308 3416 2425 3480 das,
2455 3416 2775 3486 periclitaris
2797 3457 2811 3479 ,
2845 3430 3032 3471 omnes
3062 3416 3281 3471 habebis
3309 3417 3400 3470 tibi
3424 3418 3693 3477 inimicos.
3733 3434 3906 3489 opor-

2311 3518 2385 3564 tet
2408 3519 2457 3565 te
2487 3510 2644 3576 mori,
2677 3509 2823 3564 mille
2852 3508 3034 3563 subire
3062 3509 3235 3575 mala;
3266 3510 3449 3581 sicque
3488 3511 3632 3566 illius
3656 3514 3899 3568 animant

2308 3603 2484 3674 capiat
2511 3618 2525 3655 :
2556 3617 2666 3657 non
2678 3601 2787 3672 jam
2812 3601 2913 3655 hoc
2934 3601 3254 3670 insipientia;
3278 3611 3378 3656 est.
3412 3600 3547 3657 Nam
3576 3604 3905 3675 sidogmata

2309 3693 2632 3765 voluptatem
2674 3693 2937 3748 haberent
2958 3734 2973 3760 ,
2998 3693 3120 3763 jure
3149 3694 3268 3763 quis
3296 3693 3401 3749 hoc
3428 3694 3672 3761 diceret;
3700 3698 3746 3750 si
3774 3712 3908 3752 vero

2310 3786 2385 3855 id,
2432 3785 2574 3856 quod
2604 3786 2813 3841 nollent
2853 3784 3157 3855 philosophi
3199 3784 3433 3853 discere,
3472 3800 3663 3841 servus
3702 3787 3900 3859 discat,

2309 3878 2483 3947 majus
2526 3886 2610 3932 est
2638 3876 2977 3931 miraculum.
3007 3877 3073 3932 Et
3102 3876 3147 3931 si
3176 3877 3335 3931 vultis
3357 3917 3372 3945 ,
3404 3877 3696 3933 coriarium
3728 3882 3907 3949 ipsum

2310 3974 2362 4026 in
2396 3971 2629 4026 medium
2658 3970 3004 4036 adducamus,
3033 3978 3089 4026 et
3118 3969 3394 4026 videamus
3423 3971 3683 4042 quidesi
3714 3973 3909 4028 Petrus

2311 4062 2595 4132 loquatur;
2647 4062 2730 4118 vel
2773 4063 2818 4117 si
2867 4063 3060 4132 placet,
3104 4062 3279 4132 ipsum
3325 4062 3604 4117 custodem
3650 4078 3905 4119 carceris.

2310 4154 2447 4221 Quid
2475 4170 2602 4225 ergo
2632 4155 2729 4225 ipsi
2759 4154 2889 4209 dicit
2913 4155 3109 4209 Paulus
3129 4156 3152 4206 't
3178 4153 3422 4208 Christus
3450 4156 3751 4210 resurrexit
3777 4198 3793 4224 ,
3826 4166 3910 4211 est

2312 4247 2637 4301 resurrectio
2682 4257 3023 4300 mortuorum
3050 4255 3104 4301 et
3136 4260 3399 4316 regnum;
3443 4255 3497 4301 et
3541 4247 3729 4301 statim
3780 4264 3909 4318 per-

2314 4340 2483 4394 suasit
2503 4338 2658 4394 facile
2696 4338 2958 4394 credenti.
2990 4337 3131 4406 Quid
3157 4342 3327 4409 ergo?
3351 4338 3419 4394 de
3446 4340 3553 4393 vita
3582 4340 3717 4396 nihil
3748 4340 3904 4405 dixit,

2314 4431 2457 4500 quod
2484 4445 2672 4499 sapere
2702 4440 2967 4499 oporteat,
3000 4430 3140 4500 quod
3166 4434 3406 4500 pecuniis
3438 4432 3732 4502 imperare,
3759 4436 3902 4506 quod

2316 4539 2421 4577 non
2451 4538 2572 4579 esse
2618 4520 2967 4577 inhumanum
3008 4532 3288 4593 oporteat,
3320 4526 3461 4595 quod
3490 4527 3631 4582 bona
3660 4544 3763 4585 sua
3788 4544 3909 4586 ero-

2314 4616 2486 4684 ganda
2512 4616 2616 4669 sint
2637 4614 2794 4668 aliis?
2811 4613 2994 4685 Neque
3021 4617 3165 4669 enim
3190 4616 3307 4672 haec
3330 4618 3628 4675 credidisse
3650 4620 3909 4691 insipien—

2318 4710 2385 4762 tis
2409 4719 2545 4776 erat,
2573 4708 2667 4764 sed
2698 4708 2871 4779 magni
2900 4708 3085 4762 animi.
3117 4709 3251 4763 Esto
3277 4711 3420 4765 enim
3445 4712 3544 4781 ipsi
3570 4711 3825 4783 dogmata
3841 4730 3907 4771 ex

2317 4800 2621 4870 insipientia
2639 4800 2974 4870 acceperint;
2993 4801 3154 4854 vitam
3178 4801 3323 4855 illam
3339 4801 3766 4873 philosophicam
3785 4821 3907 4860 sus-

2316 4897 2515 4965 cipere,
2561 4910 2629 4950 an
2679 4894 2983 4966 insipientis
3024 4895 3211 4950 esset?
3257 4894 3440 4967 Itaque
3472 4908 3679 4967 quanto
3734 4904 3908 4971 magis

2318 4986 2576 5055 insipiens
2600 4995 2746 5041 esset
2772 4986 2863 5056 qui
2889 4985 3327 5056 obtemperaret,
3359 4996 3416 5042 et
3442 4997 3620 5043 tamen
3648 5003 3713 5044 ea
3739 4992 3909 5046 susci-

2321 5086 2489 5149 peret,
2540 5094 2659 5148 quae
2700 5077 3035 5148 philosophis
3065 5077 3392 5149 persuadere
3437 5078 3749 5151 philosophi
3805 5098 3909 5138 non

2319 5180 2562 5244 possent,
2595 5174 2767 5241 majus
2796 5182 2941 5227 esset
2974 5172 3292 5226 miraculum
3321 5190 3334 5226 :
3364 5173 3595 5228 maxime
3626 5189 3762 5230 vero
3790 5191 3907 5231 cum

2322 5265 2574 5320 mulieres
2624 5274 2676 5319 et
2727 5264 2869 5318 servi
2914 5263 3324 5334 persuadentur,
3354 5274 3410 5320 et
3452 5280 3550 5335 per
3584 5280 3756 5336 opera
3800 5268 3911 5324 hac

2322 5355 2615 5421 exhibent,
2648 5371 2767 5427 qua:
2792 5371 2892 5412 nec
2918 5357 3173 5413 Platones
3202 5372 3302 5412 nec
3330 5357 3419 5412 alii
3449 5374 3639 5414 omnes
3669 5361 3769 5415 ulli
3797 5378 3911 5431 per-

2323 5447 2549 5503 suadere
2576 5457 2885 5518 potuerunt.
2928 5448 2997 5503 Et
3023 5464 3119 5503 cur
3149 5447 3285 5503 nulli
3323 5449 3483 5505 dico?
3524 5450 3604 5506 Ne
3633 5452 3740 5507 sibi
3786 5452 3912 5523 ipsis

2322 5538 2562 5608 quidem.
2593 5538 2726 5593 Nam
2764 5540 2918 5595 Plato
2958 5539 3175 5609 quidem
3218 5545 3482 5611 persuasit
3522 5545 3783 5613 pecunias
3810 5559 3909 5599 non

2323 5643 2445 5684 esse
2473 5630 2912 5696 contemnendas,
2938 5631 3027 5700 qui
3056 5614 3231 5686 iantes
3252 5632 3536 5688 facultates
3566 5643 3621 5688 et
3647 5650 3782 5704 opes
3809 5651 3903 5689 an-

2324 5719 2590 5791 nulosque
2619 5736 2812 5777 aureos
2855 5732 2910 5777 et
2956 5721 3161 5790 phialas
3187 5725 3424 5793 possedit
3452 5727 3553 5795 (α).
3596 5726 3753 5795 Quod
3784 5744 3906 5783 vero

2380 5832 2463 5896 (α)
2496 5814 2797 5885 Ρτπᾱὶνίιεω
2838 5832 2989 5883 fuisse
3028 5833 3270 5887 Platonem
3303 5836 3870 5903 asseverabantquidam
3902 5857 3910 5865 -
