4034 6462
165 446 270 504 23-9

155 563 252 626 τὰς
283 563 502 626 νύκτας,
531 560 658 614 ἔνθα
693 560 868 630 κῶμοι
909 559 1004 612 καὶ
1044 557 1205 628 μέθαι
1251 557 1346 610 καὶ
1370 556 1673 626 ἁσέλγειαι,
1704 555 1831 609 ἔνθα

156 649 320 714 ὕπνος
358 649 586 703 θανάτου
615 648 766 702 οὐδὲν
799 645 1126 717 διεστηκώς,
1167 645 1295 699 ἔνθα
1331 646 1630 716 ἀγρυπνίαι
1661 645 1831 698 ὕπνου

154 739 551 811 χαλεπώτεραι.
582 739 645 790 Ol
678 738 777 808 μὲν
802 737 907 807 γάρ
932 734 1282 788 καθεύδουσιν
1313 734 1749 805 ἀνεπαισθήτως,
1782 735 1833 786 οἱ

153 834 212 887 δέ
246 832 612 902 ἐγρηγόρασιν
647 828 894 891 ἐλεεινῶς
918 828 1012 880 καὶ
1042 827 1262 892 ἀθλίως,
1296 827 1480 890 δόλους
1515 827 1836 898 βάπτοντες,

157 921 292 992 ὑπὲρ
344 919 644 990 χρημάτων
699 916 1096 988 φροντίζοντες,
1137 917 1288 979 ὅπως
1342 914 1661 985 ἀμύνωνται
1712 914 1838 977 τοὺς

155 1010 474 1071 ἀδικοῦντας
508 1007 902 1069 σπουδάζοντες
925 1043 940 1065 ,
980 1004 1182 1075 ἔχθραν
1226 1003 1578 1074 μελετῶντες,
1616 1004 1836 1074 ῥήματα

157 1096 446 1168 ὑϐριστικά
471 1095 590 1165 μεθ’
615 1093 830 1164 ἡμέραν
855 1092 1240 1162 ἀναλεγόμενοι
1266 1108 1278 1122 ·
1311 1090 1456 1144 οὕτω
1481 1091 1542 1146 16
1563 1091 1677 1161 πῦρ
1700 1108 1836 1144 σκα-

153 1185 370 1237 λεύουσι
417 1187 518 1254 τῆς
561 1182 752 1253 ὀργῆς,
799 1181 868 1235 τά
921 1181 1173 1251 ἀφόρητα
1210 1179 1593 1251 ἐργαζόμενοι.
1633 1180 1836 1233 Σκόπει

154 1271 273 1335 πῶς
306 1271 508 1340 Πέτρος
550 1269 854 1322 ἐκάθευδεν.
901 1265 1279 1336 Οίκονομικῶς
1313 1269 1490 1320 ἐκεῖνο
1517 1267 1741 1335 γέγονεν
1761 1282 1774 1294 ⁸
1807 1269 1837 1320 6

154 1358 386 1428 ἄγγελος
412 1358 518 1427 γάρ
551 1356 906 1427 παρεγένετο,
926 1354 1021 1407 καὶ
1042 1354 1230 1407 οὐδένα
1253 1354 1419 1424 ἐχρῆν
1449 1354 1574 1407 ἰδεῖν
1601 1354 1660 1406 τὸ
1684 1354 1839 1422 γενό-

157 1464 318 1517 μενον
339 1463 354 1477 ·
390 1445 483 1498 καὶ
520 1444 678 1497 τοῦτο
709 1443 871 1498 πάλιν
899 1441 1099 1506 καλῶς,
1135 1442 1220 1494 ἵνα
1252 1440 1465 1512 κωλυθῇ
1507 1444 1534 1494 6
1563 1441 1837 1512 δεσμοφύ-

153 1533 254 1600 λαξ
279 1533 484 1586 ἀνελεῖν
510 1532 720 1586 ἐαυτόν.
744 1532 857 1584 Kal
881 1530 969 1584 διὰ
997 1531 1047 1582 τί
1072 1530 1146 1601 μὴ
1178 1530 1305 1584 ἄλλο
1327 1533 1551 1600 σημεῖον
1579 1531 1835 1598 γέγονενς

154 1624 279 1676 Ὅτι
323 1623 480 1676 τοῦτο
514 1621 667 1694 [276]
707 1620 940 1691 μάλιστα
980 1620 1144 1674 αὐτὸν
1180 1619 1474 1689 ἐφελκύσαι
1513 1620 1609 1673 καὶ
1651 1622 1837 1672 πεῖσαι

155 1712 342 1764 ἱκανὸν
369 1707 437 1784 ἦν
464 1723 515 1774 α,
540 1712 674 1763 ὅπου
712 1727 776 1778 γε
810 1709 905 1762 καὶ
933 1709 1095 1771 αὐτὸς
1129 1707 1505 1761 ἐκινδύνευσεν
1532 1707 1597 1761 ἂν
1617 1749 1631 1773 ,
1669 1711 1716 1761 εί
1758 1709 1835 1782 μὴ

153 1799 406 1868 γέγονεν·
439 1799 499 1852 οὐ
523 1798 630 1868 γὰρ
659 1795 800 1850 οὕτω
825 1795 892 1849 τὰ
920 1794 1174 1862 θαύματα
1205 1796 1353 1866 ἡμᾶς
1374 1796 1537 1866 αἱρεῖ,
1566 1796 1640 1860 ώς
1666 1795 1734 1849 τά
1758 1800 1838 1862 είς

155 1888 434 1960 σωτηρίαν
469 1887 747 1958 ἡμετέραν
784 1886 1004 1957 ἥκοντα.
1052 1887 1168 1939 Ἵνα
1208 1884 1283 1957 μὴ
1326 1885 1453 1957 δόξῃ
1502 1887 1610 1939 ἀπὸ
1639 1888 1835 1941 ταύτο-

154 1972 327 2042 μάτου
367 1969 700 2042 γεγενῆσθαι
747 1969 776 2021 6
818 1970 1076 2041 σεισμὸς,
1111 1970 1520 2042 ἐπηκολούθησε
1558 1971 1837 2025 καὶτοῦτο

151 2063 348 2132 ἐκείνῳ
404 2060 885 2132 μαρτυροῦν..Καὶ
929 2062 986 2115 ἐν
1016 2062 1176 2114 νυκτὶ
1224 2061 1500 2130 φαίνεται·
1537 2062 1690 2115 οὐδὲν
1727 2063 1836 2134 γὰρ

151 2148 293 2222 πρὸς
329 2150 609 2216 ἐπίδειξιν,
665 2147 799 2202 ἀλλά
835 2150 971 2220 πρὸς
1014 2151 1291 2219 σωτηρίαν
1338 2149 1588 2204 ἐποίουν.
1624 2151 1737 2203 Οὐκ
1769 2147 1838 2222 ἦν

149 2238 434 2309 πονηρὸςὸ
463 2237 839 2307 δεσμοφύλαξ·
883 2236 1074 2290 ἔϐαλεν
1103 2239 1301 2300 αὐτοὺς
1329 2241 1409 2302 εἰς
1431 2239 1530 2309 τὴν
1561 2241 1837 2311 ἐσωτέραν

152 2322 427 2392 φυλακὴν,
455 2323 831 2394 παραγγελίαν
851 2324 1106 2394 τοιαύτην
1137 2323 1340 2388 λαϐὼν,
1370 2325 1470 2378 οὐκ
1495 2327 1587 2394 ἀφ’
1616 2326 1833 2383 ἐαυτοῦ.

151 2411 270 2465 Kal
300 2411 388 2465 διὰ
421 2413 473 2464 τί
513 2412 587 2482 μὴ
620 2412 726 2482 πρὸ
767 2411 957 2465 τούτου
987 2413 1211 2482 ἐϐόησεν
1240 2414 1267 2466 6
1310 2412 1554 2479 Παῦλος;
1594 2413 1836 2486 Θορύϐου

148 2498 358 2566 μεστὸς
380 2499 408 2550 6
438 2497 725 2568 ἅνθρωπος
755 2494 824 2569 ἦν
870 2498 968 2551 καὶ
996 2500 1274 2570 ταραχῆς,
1311 2498 1406 2552 καὶ
1456 2501 1556 2553 οὐκ
1591 2499 1658 2554 ἂν
1701 2519 1840 2571 παρ-

150 2586 398 2653 εδέξατο.
425 2589 522 2640 Διά
550 2587 724 2651 τοῦτο,
753 2589 842 2640 ὅτε
867 2586 1006 2641 εἶδεν
1041 2589 1234 2642 ἐαυτὸν
1268 2588 1526 2658 μέλλοντα
1557 2590 1801 2660 ἀναιρεῖν
1822 2631 1836 2655 ,

150 2674 676 2744 προκαταλαμϐάνει
697 2676 791 2728 καλ¹
817 2676 936 2747 βοᾷ,
969 2677 1144 2745 λέγων
1164 2690 1178 2704 ·
1212 2677 1421 2740 Πάντες
1443 2677 1607 2748 ἐσμὲν
1630 2677 1836 2731 ἐνθάδε.

147 2761 256 2814 Διά
286 2761 446 2814 τοῦτο
491 2763 585 2815 καὶ
629 2763 866 2834 Δίτήσας
917 2763 1072 2831 φῶτα
1116 2765 1481 2835 είσεπήδησε,
1526 2766 1622 2818 καὶ
1667 2783 1841 2836 προσ-

151 2849 320 2902 έπεσε
346 2848 422 2919 τῷ
459 2850 675 2920 Παύλῳ,
733 2852 900 2921 φησὶ,
937 2852 1033 2906 καὶ
1070 2853 1147 2923 τῷ
1191 2852 1351 2923 Σίλᾳ.
1387 2853 1481 2915 Είς
1516 2854 1643 2917 τοὺς
1674 2853 1841 2916 πόδας

151 2937 495 3008 προσπίπτει
529 2939 621 2991 τοῦ
652 2939 929 3009 δεσμώτου
956 2942 984 2993 6
1019 2939 1215 3010 φύλαξ.
1251 2941 1364 2994 Kal
1393 2942 1623 3012 προάγει
1645 2943 1843 3006 αὐτοὺς

150 3024 263 3090 ἔξω
303 3025 397 3078 καὶ
433 3025 578 3093 λέγει
608 3042 620 3054 ·
659 3025 874 3096 Κύριοι,
917 3027 969 3080 τί
1003 3045 1072 3098 με
1100 3028 1179 3081 δεῖ
1200 3032 1395 3089 ποιεῖν,
1431 3029 1519 3083 ἵνα
1550 3028 1742 3095 σωθῶ,
1778 3029 1843 3081 Τί

149 3114 266 3185 γάρ
299 3107 485 3179 εἴπονς
525 3114 666 3184 Ὅρα
696 3113 856 3167 αὐτὸν
884 3115 984 3168 οὐκ
1029 3115 1217 3184 ἐπειδὴ
1263 3116 1494 3189 διεσώθη
1538 3118 1633 3171 ἐπὶ
1668 3117 1844 3191 τούτῳ

151 3202 480 3272 στέργοντα,
516 3199 652 3255 ἀλλά
676 3204 775 3272 τὴν
798 3203 1029 3274 δύναμιν
1060 3204 1422 3272 ἐκπλαγέντα.

231 3285 298 3356 β’.
321 3281 474 3350 Εἶδες
494 3285 545 3338 τί
571 3287 688 3339 ἐκεῖ
712 3287 924 3355 γέγονε,
943 3290 1038 3340 καὶ
1055 3288 1107 3341 τί
1134 3289 1395 3355 ἐνταῦθα;
1415 3290 1561 3342 Ἐκεῖ
1583 3290 1845 3361 παιδίσκη

150 3373 449 3446 ἀπηλλάγη
503 3373 831 3446 πνεύματος,
883 3376 980 3430 καὶ
1036 3379 1116 3442 εἰς
1170 3378 1546 3449 δεσμωτήριον
1591 3379 1845 3434 ἐνέϐαλον

150 3463 378 3527 αὐτοὺς,
413 3465 493 3518 ὅτι
535 3463 915 3534 ἠλευθέρωσαν
953 3465 1123 3536 αὐτὴν
1157 3465 1250 3519 τοῦ
1284 3466 1572 3535 δαίμονος.-
1610 3465 1846 3520 ἐνταῦθα

157 3551 328 3625 μόνον
359 3549 568 3616 ἔδειξαν
603 3551 770 3623 θύρας
803 3554 1126 3623 ἀνεῳγυίας,
1169 3553 1263 3607 καὶ
1305 3553 1514 3624 ῆνοιξεν
1554 3554 1717 3607 αὐτοῦ
1746 3555 1847 3625 τῆς

154 3643 388 3714 καρδίας
421 3645 518 3708 τὰς
553 3643 744 3715 θύρας,
778 3643 933 3696 ἔλυσε
963 3642 1138 3713 δεσμά
1164 3643 1346 3706 διπλᾶ,
1395 3639 1534 3714 ἦψεν
1573 3645 1748 3696 ἐκεῖνο
1783 3645 1846 3697 16

154 3735 316 3807 φῶς·
367 3733 429 3785 16
463 3732 571 3806 γάρ
621 3733 678 3784 ἐν
724 3733 789 3802 τῇ
846 3729 1045 3801 καρδία
1080 3730 1245 3783 αὐτοῦ
1291 3730 1405 3800 φῶς
1451 3731 1682 3802 ἔλαμπε.
1735 3733 1846 3786 Kal

154 3823 491 3893 εἰσεπήδησε
531 3819 626 3872 καὶ
676 3818 1004 3889 προσέπεσε,
1035 3818 1131 3871 καὶ
1159 3817 1257 3870 οὐκ
1284 3818 1485 3890 ἐρωτᾷ,
1524 3817 1648 3882 Πῶς
1688 3818 1848 3871 τοῦτο

153 3913 356 3982 γέγονε
378 3929 394 3978 ;
418 3911 483 3962 Τί
503 3909 756 3978 γέγονεν;
780 3906 896 3960 ἀλλ’
924 3905 1125 3970 εὐθέως
1152 3904 1314 3976 φησί·
1339 3905 1400 3960 Τί
1420 3922 1496 3975 με
1517 3905 1612 3960 δεῖ
1630 3907 1844 3971 ποιεῖν,

155 4003 266 4055 Ira
303 3996 516 4062 σωθῶ;
551 3998 615 4050 Τί
660 3991 754 4050 οὖν
811 3995 840 4047 6
880 3994 1132 4060 Παῦλος;
1185 3994 1529 4048 Πίστευσον
1579 3994 1679 4047 ἐπὶ
1739 3994 1849 4048 τὸν

155 4091 388 4157 Κύριον
432 4084 673 4152 Ἰησοῦν
703 4083 980 4152 Χριστὸν,
1022 4082 1121 4134 καὶ
1155 4081 1428 4148 σωθήσῃ,
1459 4081 1612 4151 φησὶ,
1645 4081 1726 4135 σὺ
1749 4082 1848 4135 καὶ

156 4181 194 4231 o'
226 4172 398 4241 οἶκός
420 4191 557 4228 σου.
595 4170 845 4226 Μάλιστα
875 4169 1033 4222 τοῦτο
1061 4171 1185 4232 τοὺς
1211 4168 1531 4239 ἀνθρώπους
1560 4169 1848 4245 ἐφέλκεται

154 4266 232 4319 16"
247 4264 345 4318 καὶ
373 4262 464 4316 τὸν
493 4257 637 4314 οίκον
685 4258 851 4314 αὐτοῦ
884 4257 1144 4328 σωθῆναι.
1192 4256 1299 4310 Kal
1343 4256 1662 4324 ἐλάλησαν
1685 4255 1850 4322 αὐτῷ

155 4351 505 4420 τὸνλόγον,
535 4349 632 4402 καί
665 4347 816 4403 πᾶσι
859 4346 985 4410 τοῖς
1014 4346 1084 4399 ἐν
1114 4341 1189 4413 τῇ
1225 4344 1383 4411 οἰκίᾳ
1415 4343 1623 4398 αὐτοῦ.
1659 4345 1849 4398 Ἕλου-

158 4460 259 4496 σεν
296 4441 520 4503 αὐτοὺς,
551 4438 646 4491 καὶ
675 4435 868 4508 ἐλούθη
887 4452 900 4466 ·
931 4434 1172 4496 ἐκείνους
1205 4433 1305 4504 μὲν
1342 4432 1449 4486 ἀπὸ
1489 4432 1597 4486 τῶν
1625 4432 1850 4503 πληγῶν

156 4532 410 4592 ἔλουσεν,
454 4525 617 4588 αὐτὸς
649 4524 705 4578 δὲ
745 4525 852 4578 ἀπὸ
899 4522 1006 4575 τῶν
1050 4522 1338 4593 ἁμαρτιῶν
1388 4519 1618 4591 ἐλούθη·
1654 4520 1851 4592 ἔθρεψε

157 4620 261 4674 καί
311 4617 546 4690 ἐτράφη.
599 4614 710 4669 Kal
761 4610 1124 4682 ἠγαλλιᾶτΟ,
1176 4611 1344 4682 φησί·
1375 4610 1552 4663 καίτοι
1582 4609 1734 4663 οὐδὲν
1757 4605 1848 4681 ἦν,

157 4707 302 4764 ἀλλά
328 4708 549 4778 ῥήματα
586 4702 745 4775 μόνον
775 4702 868 4754 καὶ
907 4699 1122 4762 ἐλπίδες
1151 4698 1402 4770 χρησταί.
1427 4697 1598 4751 Τοῦτο
1624 4700 1854 4768 σημεῖον

155 4792 234 4868 ἦν
250 4793 350 4848 τοῦ
384 4793 808 4846 πεπιστευκέναι
844 4789 1026 4852 αὐτὸν,
1051 4788 1133 4840 ὅτι
1167 4787 1386 4840 πάντων
1412 4787 1612 4858 ἀφέθη.
1643 4785 1706 4840 Τί
1734 4787 1855 4840 δεσ-

158 4883 488 4956 μοφύλακος
504 4882 706 4951 χεῖρον;
723 4879 776 4932 τί
801 4877 857 4930 δὲ
874 4875 1231 4948 ώμότερον;τί
1253 4875 1309 4927 δὲ
1327 4872 1566 4946 ἀγριώτε
1576 4891 1688 4947 ρον;
1707 4875 1851 4930 Ἀλλ’

156 4975 317 5044 ὅμως
360 4969 498 5040 μετά
529 4967 734 5038 πολλῆς
777 4967 976 5028 αὐτοὺς
1021 4963 1318 5028 ὑπεδέξατο
1351 4965 1450 5034 τῆς
1502 4964 1691 5035 τιμῆς.
1737 4964 1854 5018 Οὐκ

158 5055 360 5124 ἐπειδὴ
387 5051 591 5124 ἐσώθη,
624 5050 926 5121 εὐφράνθη,
966 5048 1101 5103 ἀλλά
1135 5045 1559 5113 Πεπιστευκὼς
1586 5047 1665 5112 τῷ
1685 5046 1809 5113 Θεῷ
1835 5088 1850 5104 .

161 5145 541 5206 Πίστευσον,
574 5141 760 5212 φησὶν,
803 5138 903 5193 ἐπὶ
950 5137 1059 5191 τὸν
1084 5137 1325 5205 Κύριον.
1381 5134 1482 5188 Διά
1512 5135 1673 5188 τοῦτο
1693 5134 1814 5190 εἷπε
1835 5178 1851 5204 ,

161 5226 598 5291 Πεπιστευκὼς
620 5224 701 5290 τῷ
741 5221 882 5288 Θεῷ,
916 5222 1002 5274 ἵνα
1035 5220 1109 5292 μὴ
1138 5219 1265 5290 δόξῃ
1286 5219 1362 5282 ώς
1397 5219 1684 5283 κατάδικος
1716 5221 1855 5274 ἀπο-

160 5313 416 5377 λύεσθαι,
433 5311 528 5363 καὶ
550 5311 625 5372 ὡς
651 5307 1006 5380 ἡμαρτηκὼς.
1037 5306 1137 5358 Διά
1158 5304 1318 5357 τοῦτο
1337 5303 1555 5370 λέγουσι
1575 5320 1588 5332 ·
1613 5305 1855 5371 Δείραν-

161 5421 266 5470 τες
296 5398 457 5470 ημᾶς
483 5396 747 5467 δημοσίᾳ
769 5394 1203 5464 ἀκατακρίτους
1231 5391 1604 5462 ἀνθρώπους,
1633 5392 1857 5447 ἔϐαλον

159 5495 254 5559 εἰς
281 5484 595 5560 φυλακὴν,
625 5485 713 5537 ἴνα
751 5482 825 5554 μὴ
860 5483 1020 5553 μόνον
1053 5482 1151 5552 τῆς
1185 5480 1432 5552 χάριτος,
1468 5481 1605 5535 ἀλλά
1633 5481 1730 5536 καὶ
1757 5483 1852 5535 αὐ-

158 5579 277 5632 τῶν
374 5574 435 5626 16
464 5571 719 5642 πρᾶγμα.
765 5569 906 5639 Ὅρα
947 5566 1183 5650 διάφορα
1206 5565 1306 5637 τὴν
1333 5566 1496 5637 χάριν
1540 5565 1857 5636 οἰκονομοῦ-

163 5684 293 5731 σαν,
319 5646 448 5726 ’πῶς
487 5661 691 5721 ἐκεῖνος
733 5655 950 5727 ἐξῆλθε,
983 5655 1098 5718 πῶς
1128 5646 1304 5717 οὗτος,
1332 5655 1513 5707 καίτοι
1554 5654 1858 5724 ἀμφότεροι

161 5751 479 5809 ἀπόστολοι.
519 5747 976 5816 Ἐφοϐἠθησαν,
1019 5744 1173 5813 φησί.
1211 5741 1539 5806 Φοϐοῦνται,
1577 5743 1660 5796 ὅτι
1719 5743 1856 5795 Ῥω-

155 5840 323 5914 ιμαῖοί
350 5841 507 5900 εἰσιν,
550 5837 648 5906 οὐχ
685 5837 768 5888 ὃτι
813 5833 1011 5896 ἀδίκως
1038 5830 1309 5885 ἐνέϐαλον.
1346 5831 1457 5886 Καὶ
1487 5831 1728 5898 ἠρώτων
1752 5833 1850 5884 αὐ-

165 5931 316 5995 τοὺς
341 5926 616 5992 ἐξελθεῖν
644 5924 762 5980 ἀπὸ
780 5922 891 5993 τῆς
911 5923 1164 5986 πόλεως.
1189 5921 1366 5991 Χάριν
1390 5920 1601 5991 ᾔτησαν
1625 5919 1854 5990 ταύτην.

170 6023 232 6073 m
299 6016 357 6072 δὲ
386 6014 635 6078 ἐλθόντες
689 6001 825 6084 πρὸς
869 6011 970 6082 τὴν
1020 6010 1257 6074 Λυδίαν,
1315 6009 1410 6062 καὶ
1453 6006 1858 6078 βεϐαιώσαντες

238 6120 255 6142 ⁸
274 6121 376 6174 Alii
393 6119 536 6169 αὐτὸν
562 6119 893 6182 ἐφειλκύσατο,
922 6116 1082 6166 ἱκανὸν
1106 6116 1156 6165 ὃν
1179 6115 1358 6164 πεῖσαι.

1182 441 1249 500 IN
1288 441 1470 499 ACTA
1508 437 2310 498 APOSTOLORUMJIOMIL.
2348 440 2590 498 XXXVI.

3527 451 3636 508 εοο

1940 555 2132 627 αὐτὴν,
2173 556 2346 620 οὔτως
2377 557 2626 627 ἐξῆλθον.
2666 558 2740 609 Οὐ
2762 557 2871 628 γάρ
2906 555 3014 611 ἔδει
3046 558 3144 630 τὴν
3172 561 3447 633 ξενοδόχον
3479 563 3637 631 ἀφεῖ-

1939 661 2027 698 ναι
2043 647 2100 697 ἐν
2118 645 2289 714 ἀγῶνι
2307 647 2402 699 καὶ
2423 647 2687 718 μερίμνῃ.
2709 646 2964 718 Ἐξῆλθον
2977 647 3057 706 δὲ,
3075 648 3175 702 οὐκ
3195 651 3425 713 ἐκείνοις
3449 649 3637 703 πειθό-

1942 749 2126 802 μενοι,
2163 734 2299 788 ἀλλά
2322 735 2416 786 ἐπὶ
2448 734 2508 787 16
2539 736 2808 805 κήρυγμα
2847 735 3188 802 σπεύδοντες,
3226 736 3378 809 [277]
3404 738 3504 806 τῆς
3533 737 3636 790 πό·-

1937 819 2074 884 λεως
2109 820 2199 873 διά
2227 821 2323 873 τοῦ
2367 820 2649 892 θαύματος
2684 820 2888 884 ἱκανῶς
2921 821 3332 894 ὼφεληθείσης·
3367 823 3476 877 ἔδει
3525 822 3639 896 γὰρ

1941 908 2016 978 μὴ
2054 909 2395 979 παραμένειν
2427 909 2635 964 λοιπόν.
2666 909 2740 962 Τὸ
2775 909 2885 982 γάρ
2918 910 3102 982 θαῦμα
3141 911 3327 981 μεῖζον
3361 912 3636 981 φαίνεται,

1936 996 2044 1049 τῶν
2081 999 2479 1069 ἐργασαμένων
2529 999 3005 1069 ἀποδημησάντων
3045 1000 3179 1053 αὐτο
3218 999 3422 1070 μᾶλλον
3472 999 3632 1070 βοῶν·

1935 1087 1970 1154 ἡ
2004 1085 2112 1158 γὰρ
2137 1085 2230 1138 τοῦ
2265 1086 2681 1158 δεσμοφύλακος
2713 1087 2899 1151 πίστις
2931 1089 3054 1142 ἀντὶ
3089 1090 3273 1160 φωνῆς
3300 1085 3388 1162 ῆν.
3418 1090 3482 1143 Τί
3506 1088 3602 1144 τού
3629 1113 3640 1124 -

1935 1190 2029 1226 του
2062 1173 2214 1241 ίσον;
2266 1176 2557 1245 Δεσμεῖται
2602 1176 2696 1228 xal
2742 1176 2862 1229 λύει
2889 1176 3211 1246 δεδεμένος,
3249 1177 3367 1232 λύει
3408 1178 3636 1234 διπλοῦν

1934 1260 2172 1332 δεσμόν·
2215 1262 2306 1316 τὸν
2352 1261 2594 1333 δήσαντα
2645 1264 2806 1317 ἔλυσε
2859 1265 2948 1318 διά
2994 1265 3089 1317 τοῦ
3131 1265 3374 1336 δεθῆναι.
3423 1268 3633 1332 Ὄντως

1934 1347 2111 1402 ταῦτα
2137 1350 2359 1419 χάριτος
2389 1348 2548 1420 ἔργα.
2571 1350 2705 1404 Νῦν
2733 1346 2872 1416 οὖν,
2907 1352 3094 1421 φησὶν,
3124 1351 3500 1420 ἐξελθόντες,
3530 1371 3633 1407 πο-

1928 1440 2186 1508 ρεύεσθε
2225 1441 2296 1495 ἐν
2332 1439 2544 1509 εἰρήνῃ
2566 1459 2580 1472 ·
2617 1442 2886 1505 τουτέστι,
2933 1443 3072 1514 μετά
3113 1443 3432 1512 ἀσφαλείας,
3465 1444 3637 1516 μηδὲν

1935 1528 2260 1592 δεδοικότες.
2301 1529 2515 1590 Ἀλλως
2561 1529 2620 1582 δέ
2661 1530 2757 1582 καὶ
2800 1529 2989 1582 τοῦτον
3018 1543 3043 1571 α
3080 1531 3187 1595 ἔξω
3223 1531 3472 1584 κινδύνου
3509 1530 3636 1602 βού-

1917 1617 2118 1685 ,λονται
2163 1616 2458 1685 γενέσθαι,
2493 1618 2585 1670 ἵνα
2630 1618 2707 1688 μὴ
2756 1619 2894 1688 μετά
2937 1617 3112 1673 ταῦτα
3163 1619 3488 1689 ἐγκαλῆται.
3527 1621 3638 1674 Kal

1935 1705 1996 1758 οὐ
2017 1705 2256 1773 λέγουσι,
2286 1705 2577 1777 Δείραντες
2601 1708 2749 1778 ἡμᾶς
2770 1707 2963 1760 ἔϐαλον
2981 1710 3060 1771 είς
3083 1707 3353 1778 φυλακὴν,
3381 1708 3637 1779 θαύματα

1936 1793 2375 1865 ἐργασαμένους·
2409 1795 2530 1848 οὐδέ
2572 1797 2681 1866 γάρ
2722 1795 2933 1860 τούτοις
2967 1799 3287 1868 προσεῖχον·
3334 1797 3450 1851 ἀλλ’
3481 1797 3508 1851 ὃ
3540 1799 3638 1869 μά-

1935 1881 2092 1934 λιστα
2121 1882 2301 1936 αὐτῶν
2343 1885 2521 1934 σεῖσαι
2577 1881 2677 1953 τὴν
2715 1883 2955 1936 διάνοιαν
2992 1884 3250 1950 ἐδύνατο,
3303 1885 3638 1954 Ἀκατακρί-

1936 1986 2120 2037 τους,
2177 1971 2346 2040 φησὶ,
2406 1970 2506 2024 καί
2555 1971 2887 2040 Ῥωμαίους
2954 1971 3365 2039 ὑπάρχοντας.
3428 1971 3635 2027 Τούτου

1941 2058 2380 2129 μνημονεύωμεν
2419 2057 2516 2111 τοῦ
2547 2057 2832 2128 δεσμώτου
2860 2058 2888 2098 1³
2921 2058 3235 2122 διαπαντὸς,
3273 2062 3349 2132 μὴ
3377 2060 3471 2114 τοῦ
3503 2059 3637 2114 θαύ-

1941 2163 2132 2216 ματος.
2188 2147 2230 2198 Τ
2239 2146 2254 2198 ί
2311 2147 2530 2218 ἐροῦσιν
2579 2147 2878 2217 Ἕλληνες,
2921 2147 3041 2210 πῶς
3093 2146 3380 2219 δεσμώτης
3438 2147 3516 2202 ῶν
3543 2149 3638 2202 τὸν

1937 2232 2328 2303 δεσμοφύλακα
2369 2235 2586 2300 ἐπεισε;
2616 2235 2727 2287 Kal
2749 2233 2894 2296 τίνα,
2929 2235 3086 2303 φησὶ,
3122 2235 3415 2307 πεισθῆναι
3444 2237 3636 2308 ἐχρῆν,

1936 2320 1972 2391 ἢ
2015 2321 2214 2392 μιαρὸν
2260 2319 2549 2395 ἄνθρωπον
2603 2318 2699 2374 καὶ
2747 2322 3096 2391 ταλαίπωρον
3142 2324 3238 2377 καὶ
3291 2323 3392 2377 οὐκ
3443 2325 3639 2395 ἔχοντα

1937 2408 2083 2470 νοῦν,
2111 2407 2324 2478 μυρίων
2345 2420 2366 2447 ο
2386 2408 2628 2478 γέμοντα
2641 2410 2828 2463 κακῶν
2845 2410 2937 2463 καὶ
2955 2411 3098 2464 εὐπα
3108 2411 3378 2482 ράγωγον;
3396 2412 3518 2465 Ἔτι
3542 2412 3639 2467 καὶ

1937 2496 2110 2550 ταῦτα
2140 2498 2506 2569 προφέρουσι·
2541 2497 2637 2560 Τίς
2652 2497 2838 2569 γὰρ,ἢ
2873 2497 3131 2569 βυρσεὺς,
3167 2499 3634 2570 πορφυρόπωλις.

1937 2584 2214 2655 εὐνοῦχος,
2242 2584 2607 2655 δεσμοφύλαξ,
2638 2585 2814 2638 δοῦλοι
2835 2574 2939 2638 ’καὶ
2981 2588 3240 2654 γυναῖκες
3271 2585 3636 2652 ἐπίστευσανς

1939 2672 2003 2726 Τί
2019 2668 2112 2726 οὖν
2135 2675 2310 2727 εἰπεῖν
2326 2673 2681 2745 δυνήσονται,
2704 2675 2834 2727 ὅταν
2847 2674 2941 2727 καὶ
2957 2675 3082 2737 τοὺς
3108 2675 3166 2726 ἐν
3197 2674 3474 2744 ἀξιώμασι
3495 2691 3641 2745 παρ-

1938 2762 2239 2833 αγάγωμεν
2260 2803 2275 2827 ,
2323 2762 2415 2822 τὸν
2445 2763 2882 2834 ἑκατόνταρχον,
2919 2762 3009 2814 τὸν
3051 2762 3396 2830 ἀνθύπατον,
3427 2765 3553 2826 τοὺς
3578 2762 3641 2830 ἐξ

1940 2851 2150 2904 ἐκείνου
2183 2851 2349 2922 μέχρι
2377 2852 2471 2904 τοῦ
2509 2851 2604 2904 νῦν
2627 2893 2641 2918 ,
2671 2852 2871 2914 αὐτοὺς
2911 2851 3039 2916 τοὺς
3088 2852 3464 2923 κρατοῦντας,
3512 2853 3641 2916 τοὺς

1943 2937 2217 3009 βασιλεῖς;
2281 2939 2422 3008 Ἐγὼ
2456 2941 2511 2993 δέ
2542 2939 2731 3012 ἕτερον
2771 2940 2915 3009 λέγω
2939 2939 3132 2993 τούτου
3181 2940 3365 3012 μεῖζον
3395 2958 3407 2970 ·
3440 2942 3640 3005 αὐτοὺς

1939 3030 2067 3092 τοὺς
2111 3028 2349 3093 εὐτελεῖς
2399 3031 2619 3099 ἴδωμεν.
2671 3029 2782 3082 Καὶ
2827 3028 2930 3082 ποῦ
2969 3030 3029 3081 16
3069 3029 3416 3099 θαυμαστὸν,
3459 3030 3638 3101 φησίς

1943 3117 2116 3170 Τοῦτο
2153 3117 2254 3187 μὲν
2281 3113 2374 3170 οῦν
2410 3117 2754 3186 θαυμαστόν·
2786 3116 2853 3170 ἂν
2895 3118 2996 3188 μὲν
3033 3118 3143 3187 γάρ
3174 3118 3371 3189 πεισθῇ
3400 3135 3483 3181 τις
3512 3120 3643 3190 περὶ⁹

1943 3206 2051 3262 τῶν
2077 3205 2373 3274 τυχόντων,
2408 3206 2562 3257 οὐδὲν
2609 3204 2950 3274 θαυμαστόν·
2989 3204 3120 3258 ὅταν
3149 3204 3206 3256 δέ
3239 3205 3371 3275 περὶ
3403 3205 3643 3259 ἀναστά-

1945 3312 2103 3357 σεως,
2161 3293 2292 3364 περὶ
2349 3293 2629 3363 βασιλείας
2685 3293 2965 3364 οὐρανῶν,
3003 3293 3134 3365 περὶ
3184 3294 3300 3364 βίου
3348 3294 3642 3363 φιλοσόφου

1942 3383 2201 3454 ἀνδράσιν
2227 3382 2472 3435 εὐτελέσι
2516 3383 2836 3452 διαλέγηται
2879 3383 2974 3434 καὶ
3023 3383 3223 3453 πείθῃ,
3261 3382 3644 3452 θαυμαστότε-

1948 3487 2040 3541 ρον
2069 3471 2246 3533 ἐσται,
2272 3470 2304 3540 ἢ
2333 3472 2380 3523 εἰ
2407 3471 2607 3539 σοφοὺς
2643 3470 2885 3522 ἔπειθεν.
2926 3463 3097 3522 Ὅταν
3130 3472 3239 3541 γάρ
3281 3470 3358 3542 μὴ
3459 3471 3644 3523 κίνδυ-

1945 3576 2056 3624 νος,
2089 3561 2184 3612 καὶ
2213 3559 2375 3632 πείθῃ
2390 3577 2492 3623 τις,
2515 3559 2698 3622 καλῶς
2725 3558 2825 3628 τὴν
2842 3560 3028 3613 ἄνοιαν
3057 3559 3136 3622 είς
3159 3558 3324 3629 μέσον
3358 3558 3643 3631 φέρουσιν·

1943 3647 2073 3701 ὅταν
2095 3648 2150 3701 δὲ
2175 3647 2307 3718 λέγῃ
2339 3647 2416 3716 τῷ
2441 3646 2614 3715 δούλῳ
2642 3646 2782 3699 κατὰ
2815 3645 2896 3707 σὲ,
2930 3647 3012 3699 ὃτι
3034 3686 3049 3710 ,
3098 3647 3198 3698 “Av
3230 3647 3460 3717 πεισθῇς
3493 3648 3642 3717 ἐμοὶ,

1945 3736 2300 3799 κινδυνεύεις,
2336 3737 2547 3798 πάντας
2573 3735 2718 3800 ἕξεις
2759 3734 3088 3804 πολεμίους,
3127 3733 3208 3786 δεῖ
3239 3751 3298 3786 σε
3324 3735 3642 3800 ἀποθανεῖν,

1949 3826 2118 3897 μυρία
2137 3825 2330 3877 παθεῖν
2346 3825 2512 3889 κακά,
2531 3819 2652 3878 εἶτα
2667 3824 2838 3884 οὕτως
2856 3823 2952 3894 ’έλῃ
2967 3824 3067 3894 τὴν
3087 3822 3268 3894 ψυχὴν
3293 3824 3524 3889 ἐκείνου,
3545 3827 3648 3880 οὐκ

1945 3913 2027 3964 ἔτι
2050 3912 2210 3965 τοῦτο
2238 3912 2445 3974 ἀνοίας.
2487 3912 2549 3962 El
2588 3911 2684 3981 μὲν
2720 3911 2830 3982 γὰρ
2861 3911 2930 3963 τά
2966 3911 3219 3980 δόγματα
3250 3911 3447 3982 ἡδονὴν
3477 3908 3646 3982 εἶχεν,

1947 4003 2170 4064 εἰκότως
2204 4000 2269 4054 ἀν
2291 4018 2375 4064 τις
2404 3999 2565 4052 τοῦτο
2594 3995 2754 4051 εἶπεν
2777 4014 2788 4024 ·
2824 4000 2872 4051 εί
2908 4000 2999 4065 δέ,
3039 4000 3178 4070 ὅπερ
3207 3999 3306 4051 οὐκ
3341 3999 3407 4053 ἂν
3441 4000 3650 4054 εἴλοντο

1947 4089 2228 4158 φιλόσοφοι
2243 4088 2457 4160 μαθεῖν,
2471 4087 2630 4140 τοῦτο
2645 4091 2671 4141 ό
2686 4086 2868 4150 δοῦλος
2886 4087 3150 4156 μανθάνει
3164 4089 3347 4158 μεῖζον
3365 4089 3424 4141 16
3436 4088 3644 4160 θαῦμα.

1947 4178 2058 4230 Καὶ
2091 4179 2138 4229 εί
2165 4176 2443 4246 βούλεσθε,
2471 4179 2563 4228 τὸν
2607 4175 2947 4246 βυρσοδέψην
2979 4175 3146 4229 αὐτὸν
3174 4178 3256 4239 είς
3299 4177 3464 4247 μέσον
3489 4178 3646 4248 ἐνέγ-

1948 4282 2162 4335 κωμεν,
2197 4263 2295 4318 καὶ
2327 4264 2528 4334 ἴδωμεν
2581 4263 2632 4315 τί
2691 4263 2842 4331 αὐτῷ
2881 4262 3154 4330 διελέγετο
3188 4266 3216 4316 6
3246 4264 3457 4336 Πέτρος
3479 4281 3493 4296 ·
3531 4265 3565 4337 ἧ
3599 4268 3647 4320 εί

1950 4355 2126 4417 θέλεις
2139 4354 2301 4409 αὐτὸν
2326 4353 2516 4406 τοῦτον
2532 4353 2622 4405 τὸν
2646 4353 3057 4424 δεσμοφύλακα.
3073 4354 3138 4406 Τί
3157 4350 3249 4407 οὖν
3265 4354 3414 4426 αὐτῷ
3442 4349 3598 4408 εἶπεν
3619 4357 3649 4409 6

1949 4443 2200 4508 Παῦλος;
2239 4443 2362 4496 Ὅτι
2396 4444 2424 4495 6
2457 4441 2696 4513 Χριστὸς
2731 4442 2964 4513 ἀνέστη,
3012 4442 3203 4512 φησὶν,
3236 4443 3318 4495 ὃτι
3346 4444 3652 4510 ἀνάστασίς

1949 4534 2066 4586 ἐστι
2089 4531 2322 4604 νεκρῶν,
2355 4532 2438 4584 ὅτι
2474 4529 2754 4601 βασιλεία·
2787 4531 2883 4584 καὶ
2919 4530 3144 4585 ἔπεισεν
3181 4531 3423 4596 εὐκόλως
3444 4533 3652 4604 εὐπαρ-

1950 4621 2168 4690 άγωγον
2213 4619 2364 4672 ὄντα.
2416 4619 2482 4672 Τί
2503 4612 2631 4685 06v;
2685 4618 2815 4690 περὶ
2861 4617 2978 4688 βίου
3009 4617 3164 4672 οὐδὲν
3194 4613 3368 4681 εἶπεν,
3423 4620 3505 4673 ὅτι
3538 4637 3650 4674 σω-

1950 4713 2169 4783 φρονεῖν
2201 4711 2299 4774 δεῖ,
2327 4711 2410 4762 ὄτι
2440 4708 2743 4778 χρημάτων
2779 4709 3027 4779 κρατεῖν,
3079 4706 3163 4760 ὅτι
3205 4706 3280 4778 μὴ
3311 4703 3453 4761 εῖναι
3474 4708 3648 4780 ὠμὸν,

1952 4803 2036 4856 ὅτι
2059 4803 2130 4856 τά
2157 4799 2326 4855 αὐτοῦ
2375 4799 2577 4853 διδόναι
2618 4797 2858 4869 ἐτέροις;
2900 4796 2976 4850 Οὐ
3016 4796 3124 4868 γὰρ
3151 4797 3216 4868 δὴ
3249 4798 3345 4851 καὶ
3381 4797 3442 4851 16
3477 4799 3652 4855 1a61a

1952 4893 2242 4965 πεισθῆναι
2275 4892 2464 4954 ἀνοίας
2487 4886 2590 4961 ἦν,
2627 4888 2765 4943 ἀλλά
2796 4889 2892 4942 καὶ
2937 4889 3186 4960 μεγάλης
3223 4889 3424 4961 ψυχῆς.
3468 4892 3650 4946 Ἔστω

1951 4981 2148 5054 γὰρτά
2179 4981 2430 5051 δόγματα
2473 4979 2578 5032 ὐπὸ
2617 4978 2808 5042 ἀνοίας
2854 4977 3058 5048 μᾶλλον
3095 4979 3298 5042 αὐτοὺς
3348 4981 3653 5052 παραδέχε-

1954 5072 2108 5126 σθαι·
2161 5071 2224 5124 16
2277 5069 2391 5140 βίον
2444 5068 2588 5121 οὕτω
2660 5066 2954 5136 φιλόσοφον
3008 5067 3440 5138 καταδέχεσθαι,
3491 5069 3652 5133 ποίας

1956 5163 2144 5226 ἀνοίας
2169 5157 2271 5232 ἦνι
2299 5160 2463 5212 Ὥστε
2491 5158 2602 5228 ὅσῳ
2626 5155 2690 5210 ἂν
2712 5151 2996 5228 ἀνόητοςῇ
3028 5157 3056 5209 6
3095 5144 3422 5227 πειθόμενος
3447 5201 3460 5224 ,
3499 5157 3651 5230 [278]

1955 5250 2216 5320 πείθηται
2269 5247 2327 5301 δέ
2373 5246 2572 5310 ταῦτα,
2614 5244 2650 5298 ἃ
2708 5245 2844 5316 μηδὲ
2902 5244 3187 5313 φιλόσοφοι
3215 5247 3401 5298 πεῖσαι
3425 5244 3652 5316 ἴσχυσαν

1951 5341 2078 5404 τοὺς
2105 5336 2434 5408 φιλοσόφους
2458 5376 2473 5401 ,
2512 5334 2698 5406 μεῖζον
2734 5333 2796 5385 τὸ
2834 5331 3022 5403 θαῦμα
3046 5331 3292 5400 γίνεται,
3331 5332 3569 5406 μάλιστα
3595 5334 3652 5387 δὲ

1953 5428 2082 5482 ὅταν
2111 5427 2206 5480 καὶ
2250 5427 2512 5493 γυναῖκες
2564 5424 2659 5476 καὶ
2703 5420 2884 5476 δοῦλοι
2930 5420 3249 5485 πείθωνται,
3296 5421 3394 5474 καὶ
3433 5421 3522 5474 διὰ
3541 5421 3653 5476 τῶν

1953 5517 2134 5588 ἔργων
2157 5513 2335 5568 ταῦτα
2367 5511 2793 5575 ἐπιδείκνυνται,
2823 5511 2964 5583 ἀπερ
2998 5510 3287 5574 Πλάτωνες
3313 5510 3410 5563 καὶ
3446 5509 3652 5576 πάντες

1956 5608 2153 5659 ἐκεῖνοι
2174 5604 2370 5657 οὐδένα
2417 5604 2603 5654 πεῖσαι
2642 5601 2891 5672 ἴσχυσαν.
2914 5599 3026 5653 Καὶ
3048 5599 3102 5651 τί
3123 5598 3288 5667 λέγω,
3313 5598 3396 5651 ὅτι
3422 5598 3650 5666 οὐδένας

1957 5694 2091 5748 οὐδέ
2122 5689 2367 5752 ἑαυτούς.
2403 5689 2527 5742 Ὀτι
2550 5687 2660 5758 γὰρ
2702 5687 3005 5758 χρημάτων
3040 5687 3100 5739 οὐ
3144 5685 3225 5738 δεῖ
3264 5687 3650 5757 καταφρονεῖν,

1955 5781 2186 5837 Πλάτων
2261 5778 2482 5843 ἐπεισε,
2555 5775 2829 5844 τοσαύτην
2889 5774 3213 5846 περιουσίαν
3293 5773 3388 5825 καὶ
3446 5772 3653 5842 πλῆθος

1958 5868 2260 5941 χρημάτων
2303 5867 2400 5920 καὶ
2447 5861 2771 5928 δακτυλίους
2830 5861 3068 5934 χρυσοῦς
3114 5862 3208 5914 καὶ
3265 5861 3465 5929 φιάλας
3493 5877 3654 5935 περι-

2022 5988 2048 6016 ⁸
2084 5985 2168 6036 Sic
2214 5985 2564 6046 rescriptum;
2591 5980 2748 6046 tribus
2771 5994 2889 6030 mss.
2922 5987 2977 6046 ει
3006 5980 3192 6046 Savil.;_
3225 5977 3440 6046 youth;
3466 5974 3631 6046 τοῦτο.

1959 6048 2098 6123 Ευις.
2166 6047 2193 6088 ιι
2217 6047 2302 6098 Sic
2331 6039 2484 6099 Silv".
2515 6044 2691 6096 Morel.
2721 6043 3106 6107 δεσμοφύλακος.
3172 6044 3196 6074 ⁸
3223 6041 3337 6097 Uss.
3362 6039 3491 6103 νοῦν,
3522 6040 3650 6091 ἀλλὰ

1964 6127 2161 6174 μυριων.
