4034 6456
187 457 293 514 ΞΗ

183 575 417 644 gioriam
451 571 766 644 popularem
801 566 1085 638 despicere
1121 577 1230 618 non
1260 564 1562 630 oporteret,
1591 552 1790 644 Socra-

182 643 272 724 tes
323 643 465 738 ipse,
506 666 600 738 qui
635 671 918 735 tantopere
977 653 1481 730 phiIOSOphabatur,
1529 643 1790 710 ostendit,

182 764 281 834 qui
311 762 495 817 omnia
533 759 602 816 ad
643 757 870 831 gloriam
915 750 1168 808 faciebat.
1214 748 1281 804 Et
1310 746 1356 802 si
1386 741 1605 834 quidem
1646 739 1794 834 illius

186 830 587 911 sententiarum
635 830 794 921 periti
847 845 1062 909 essetis,
1111 839 1339 897 multum
1388 834 1474 890 his
1516 831 1589 888 de
1630 830 1794 921 rebus

188 959 507 1002 sermonem
544 917 822 997 moverem
848 978 863 1001 ,
895 933 1354 1000 ostenderemque
1398 924 1622 982 multam
1653 917 1794 993 apud

187 1037 316 1091 iilos
363 1049 484 1091 esse
532 1031 782 1096 ironiam,
827 1028 872 1084 si
925 1025 1143 1098 quidem
1188 1017 1440 1089 discipuli
1487 1016 1608 1086 ejus
1635 1012 1796 1089 dictis

186 1126 418 1182 credere
449 1125 528 1180 fas
554 1123 664 1187 sit;
694 1129 751 1177 et
769 1116 1042 1189 quomodo
1067 1130 1100 1170 a
1126 1126 1262 1169 vana
1275 1108 1449 1182 gloria
1467 1119 1660 1162 omnes
1679 1102 1796 1174 ejus

190 1217 368 1272 litera:
387 1220 764 1285 argumentum
791 1208 1044 1265 habeant.

267 1307 321 1363 5.
349 1305 456 1362 Sed
486 1303 665 1360 missis
690 1301 818 1366 illis,
848 1299 1003 1355 nobis
1029 1295 1159 1367 ipsis
1188 1294 1495 1365 loquamur.
1526 1287 1661 1344 Nam
1691 1300 1790 1341 su-

188 1413 290 1470 pra
340 1397 502 1454 dictis
552 1396 656 1452 hoc
697 1407 911 1464 quoque
956 1387 1286 1452 addendum,
1329 1383 1476 1457 quod
1519 1395 1644 1438 cum
1697 1392 1799 1434 suo

188 1491 438 1562 periculo
470 1490 553 1546 his
581 1488 1043 1558 obtemperarent.
1073 1481 1153 1538 Ne
1181 1481 1344 1552 igitur
1378 1474 1668 1547 impudens
1696 1472 1793 1538 sis,

189 1583 294 1638 sed
311 1582 610 1653 cogitemus
636 1579 783 1636 illam
804 1585 1041 1641 noctem,
1070 1574 1296 1645 lignum,
1321 1571 1583 1643 hymnos;
1612 1574 1668 1622 et
1698 1567 1815 1622 hoc.

192 1689 300 1730 nos
329 1672 510 1729 facere
537 1671 852 1728 studeamus
877 1712 893 1737 ,
921 1679 977 1724 et
1006 1667 1316 1738 aperiemus
1353 1661 1508 1718 nobis
1545 1675 1652 1715 non
1684 1674 1802 1713 ear-

192 1781 406 1834 cerem,
433 1764 530 1820 sed
566 1764 781 1819 cazlum.
816 1761 872 1818 Si
903 1773 1210 1832 precemur,
1239 1755 1431 1812 caelum
1465 1755 1642 1824 ipsum
1668 1766 1800 1821 ape-

195 1861 312 1916 rire
367 1857 689 1929 poterimus.
740 1856 886 1912 Elias
931 1863 985 1910 et
1028 1851 1223 1908 clausit
1244 1858 1300 1905 et
1340 1847 1553 1923 aperuit
1609 1844 1801 1901 caelum

193 1951 476 2024 precibus.
523 1950 618 2005 Est
666 1961 880 2020 quoque
921 1945 974 2000 in
1004 1945 1140 2000 crelo
1190 1955 1398 1998 carcer.
1431 1938 1797 2008 Qumcumquv,

193 2046 398 2116 inquit,
439 2043 716 2115 ligaueritis
735 2057 890 2109 super
919 2050 1128 2104 terram,
1161 2045 1308 2092 erunt
1333 2035 1495 2106 ligata
1523 2042 1571 2087 et
1598 2032 1652 2086 in
1678 2030 1803 2085 ca’lo

196 2139 419 2213 (Matth.
451 2139 538 2193 16.
563 2137 679 2209 19).
702 2136 994 2192 Precemur
1011 2141 1194 2198 noctu,
1226 2138 1282 2186 et
1303 2129 1420 2185 haec
1444 2127 1657 2183 vincula
1689 2127 1802 2213 sol-

197 2211 414 2287 vetuus.
444 2229 597 2298 Quod
634 2228 778 2283 cnim
809 2240 997 2298 preces
1020 2232 1235 2296 peccata
1262 2222 1515 2292 solvant,
1545 2211 1803 2275 nobis'vi-

195 2324 308 2376 dua
342 2321 687 2390 persuadeat,
720 2320 918 2389 illeque
948 2316 1154 2373 amicus
1174 2315 1265 2386 qui
1296 2316 1617 2383 intempesta
1649 2318 1807 2366 nocte

200 2425 519 2486 perseverat
571 2422 627 2469 et
679 2413 857 2483 pulsat
909 2429 922 2464 :
967 2409 1286 2482 persuadeat
1345 2416 1400 2464 et
1441 2405 1728 2462 Cornelius
1788 2424 1802 2460 :

202 2509 480 2563 Orationes
505 2515 606 2561 tua:
625 2548 640 2572 ,
673 2506 874 2575 inquit,
905 2514 952 2558 et
977 2504 1308 2573 eleemosynaz
1334 2509 1436 2554 tute
1464 2498 1807 2553 ascenderunt

197 2603 259 2654 in
290 2609 560 2670 conspectu
599 2597 695 2650 Dei
725 2597 862 2667 (Act.
897 2595 984 2651 10.
1013 2593 1070 2663 4)
1099 2610 1114 2658 ;
1147 2592 1468 2664 persuadeat
1493 2589 1646 2644 nobis
1671 2589 1810 2644 Pau-

201 2697 293 2751 lus
318 2694 505 2748 dicens
535 2709 548 2744 :
575 2691 704 2756 Qut:
730 2699 896 2743 autem
926 2703 1038 2744 vere
1067 2685 1219 2740 uidua
1239 2694 1310 2739 est
1335 2693 1381 2738 et
1406 2681 1660 2748 solitaria,
1689 2697 1808 2750 spe-

201 2786 338 2841 rauit
372 2788 425 2837 in
456 2782 642 2848 Deum,
688 2790 735 2835 et
764 2787 1048 2849 perseverat
1086 2781 1142 2832 in
1184 2776 1418 2848 precibus
1463 2782 1610 2828 nocte
1635 2781 1683 2826 et
1729 2771 1812 2825 die

202 2879 225 2949 (
259 2879 309 2932 l.
343 2876 476 2930 Tim.
507 2876 560 2932 5.
595 2875 690 2942 5).
738 2871 797 2929 Si
836 2873 904 2928 de
929 2871 1087 2926 vidua
1113 2912 1129 2936 ,
1159 2868 1370 2925 inﬁrma
1399 2867 1660 2931 muliere,
1695 2866 1812 2921 haec

204 2970 302 3026 ille
325 2969 475 3032 dicit,
504 2967 674 3022 multo
704 2965 877 3036 magis
904 2963 974 3019 de
1004 2963 1155 3017 viris.

287 3060 551 3116 Orandum
581 3055 1032 3113 noctu.-—Etiam
1063 3054 1172 3109 dixi
1225 3051 1398 3119 vobis,
1441 3059 1498 3107 et
1555 3065 1697 3106 nunc
1726 3048 1810 3103 di-

203 3171 328 3212 cam
360 3171 374 3208 :
406 3153 716 3208 Excitemttr
742 3158 929 3212 nocte;
971 3147 1178 3204 etiamsi
1224 3160 1334 3201 non
1377 3145 1576 3200 multas
1605 3143 1812 3198 oratio-

207 3262 310 3302 nes
333 3245 568 3310 emittas,
599 3257 759 3298 unam
790 3241 977 3298 emitte
1005 3255 1128 3295 cum
1169 3237 1464 3310 vigilantia,
1492 3245 1548 3292 et
1574 3235 1809 3292 sufﬁcit:

209 3337 348 3393 nihil
371 3335 598 3407 amplius
625 3342 771 3405 peto.
799 3332 857 3389 Si
887 3347 995 3388 non
1031 3329 1205 3386 media
1236 3341 1418 3396 nocte,
1447 3328 1639 3384 saltem
1673 3327 1812 3382 dilu-

208 3430 356 3486 culo.
389 3427 626 3484 Ostende
666 3435 879 3482 noctcm
915 3438 1021 3479 non
1052 3422 1215 3478 modo
1244 3420 1489 3492 corporis
1529 3435 1669 3482 esse.
1715 3418 1813 3475 sed

207 3523 375 3578 etiam
405 3521 598 3576 animae
630 3536 644 3573 :
673 3533 742 3574 ne
770 3518 916 3573 sinas
945 3516 1092 3572 illam
1136 3513 1401 3570 inutiliter
1427 3513 1682 3578 transire,
1719 3511 1816 3567 sed

211 3611 444 3669 Domino
467 3601 796 3669 hanc'vieem
820 3609 1091 3682 repende;
1125 3608 1234 3664 imo
1263 3608 1376 3680 ipsa
1419 3607 1472 3663 in
1508 3615 1560 3663 te
1585 3607 1815 3663 reverti-

210 3716 320 3761 tur.
358 3705 452 3760 Dic
481 3703 633 3768 mihi,
675 3703 719 3757 si
747 3704 800 3757 in
823 3716 986 3772 grave
1015 3700 1284 3770 negotium
1327 3698 1632 3764 incidimus,
1655 3713 1814 3768 quem

210 3813 322 3852 non
349 3793 671 3868 precamur?
696 3803 752 3849 et
770 3795 812 3849 si
839 3793 1148 3862 petitionem
1179 3791 1284 3846 cito
1313 3791 1682 3860 impetramus,
1711 3791 1816 3845 uti-

208 3906 319 3962 que
348 3889 698 3957 respiramus.
727 3887 858 3954 Quis
889 3886 982 3941 tibi
1010 3886 1121 3948 det,
1152 3893 1212 3940 ut
1250 3884 1295 3941 is
1319 3885 1411 3955 qui
1441 3893 1679 3955 rogatur,
1718 3899 1812 3955 pa-

240 3991 362 4034 .itus
384 3980 454 4035 sit
478 3979 544 4034 ad
576 3977 881 4034 habendum
904 3977 998 4032 tibi
1027 3976 1273 4047 gratiam,
1300 3973 1444 4046 quod
1471 3975 1669 4045 rogas?
1693 3976 1816 4045 quis

211 4073 310 4129 tibi
339 4073 449 4137 det,
485 4081 543 4126 ut
581 4085 689 4126 non
729 4070 1047 4134 Circumeas,
1091 4082 1341 4138 quaerens
1369 4082 1399 4121 a
1430 4082 1538 4137 quo
1575 4077 1812 4138 peteres,

210 4165 311 4222 sed
339 4173 581 4234 paratum
607 4163 870 4227 invenias,
904 4176 1006 4216 nec
1031 4160 1150 4214 aliis
1167 4175 1302 4229 opus
1323 4157 1544 4227 habeas,
1565 4172 1818 4229 per'quos

212 4256 409 4329 petas?
436 4254 576 4321 Quid
607 4253 711 4310 hoc
731 4253 904 4324 majus
930 4253 1048 4310 est?
1073 4251 1172 4307 Hic
1199 4251 1398 4323 quippe
1430 4261 1555 4307 tunc
1582 4251 1818 4308 maxime

211 4351 363 4414 facit,
396 4365 517 4405 cum
559 4364 666 4404 non
706 4346 841 4403 alios
879 4361 1166 4418 rogamus;
1219 4353 1280 4400 ut
1323 4344 1566 4400 sincerus
1613 4344 1819 4400 amicus

213 4455 346 4499 tunc
383 4443 617 4497 maxime
657 4455 756 4497 nos
783 4439 1050 4510 objurgat,
1088 4438 1230 4510 quod
1261 4453 1370 4493 non
1410 4438 1529 4509 ejus
1566 4438 1819 4495 amicitiae

214 4535 467 4597 ﬁdamus,
495 4546 618 4588 cum
658 4531 796 4586 alios
833 4529 1150 4586 adhibemus
1180 4530 1269 4601 qui
1298 4530 1471 4601 ipsum
1505 4542 1813 4600 precentur.

211 4628 308 4684 Sic
336 4632 392 4681 et
417 4639 517 4679 nos
547 4625 770 4679 facimus
798 4624 862 4678 iis
911 4624 1001 4695 qui
1035 4638 1133 4678 nos
1161 4631 1352 4693 rogant
1383 4641 1396 4677 :
1430 4631 1556 4677 tunc
1585 4624 1818 4681 maxime

212 4721 282 4774 iis
322 4720 549 4788 gratiam
595 4718 870 4787 largimur,
917 4714 1134 4786 quando
1164 4731 1259 4786 per
1301 4715 1528 4785 seipsos,
1573 4731 1679 4769 non
1722 4731 1819 4785 per

211 4810 371 4873 alios,
402 4808 467 4863 ad
498 4822 596 4864 nos
624 4807 909 4864 accedunt.
951 4807 1089 4875 Quid
1116 4823 1264 4879 ergo,
1306 4807 1537 4878 inquies,
1570 4807 1614 4862 si
1642 4805 1817 4863 oll'en-

211 4902 433 4957 derim?
462 4900 747 4956 Oﬁ‘endcre
775 4900 962 4956 desine
992 4909 1048 4955 et
1077 4899 1344 4972 lacrymas
1374 4897 1573 4964 funde;
1605 4899 1685 4954 sic
1720 4914 1817 4954 ae-

213 4991 352 5048 cetlc
393 5003 448 5048 et
473 4993 580 5048 cito
625 4992 676 5047 in
706 4992 896 5064 primis
936 4992 1085 5047 illum
1114 4991 1383 5063 placatum
1417 4991 1681 5047 invenies.
1721 4992 1817 5048 Dic

213 5180 268 5222 at
311 5182 458 5221 secus
494 5169 707 5220 suadere
720 5159 926 5220 videtur
948 5169 1197 5221 Diodorus
1231 5169 1418 5221 Siculus
1446 5169 1483 5218 ι,
1513 5171 1595 5227 16,
1613 5184 1723 5220 cum
1747 5172 1818 5222 ait

216 5247 339 5298 eum
369 5245 400 5282 ε
420 5232 663 5298 Dionysio
684 5239 896 5298 tyranno
922 5235 1252 5298 venundatum
1276 5247 1304 5281 a
1327 5231 1578 5296 discipulis
1614 5235 1716 5282 suis
1742 5235 1812 5283 vi-

212 5297 344 5358 ginti
367 5294 605 5346 minarum
627 5294 788 5360 pretio
809 5295 1123 5358 redemptum
1144 5294 1315 5345 fuisse.

1135 443 1203 509 IN
1239 439 1422 499 ACTA
1449 432 1974 495 APOS’I'OLORUM.
2013 432 2249 490 HOMIL.
2289 428 2557 490 XXXVII.

3404 439 3510 496 ἓϋὲ

1903 559 2115 605 tantum
2147 567 2161 604 :
2190 547 2402 606 Oll‘endi
2433 567 2448 604 :
2475 548 2567 606 die
2589 563 2657 605 ex
2683 546 2868 605 attitno
2903 559 2960 605 et
2984 549 3196 605 sincera
3227 557 3431 616 mente,
3461 560 3516 606 cl

1898 644 2073 699 soluta
2112 650 2238 698 sunt
2262 643 2468 698 omnia.
2497 641 2617 698 Non
2650 641 2793 699 adeo
2830 642 2985 714 cupis
3015 644 3214 698 remitti
3256 643 3352 699 tibi
3387 659 3516 715 pec-

1897 749 2039 803 cata,
2073 747 2131 793 ut
2160 736 2255 793 ille
2281 737 2428 808 cupit
2457 737 2758 792 remittere.
2782 735 2937 806 Quod
2971 745 3153 793 autem
3184 746 3243 793 tu
3281 752 3390 794 non
3417 753 3516 793 eu-

1899 829 2038 900 pias,
2081 829 2292 901 cogita;
2345 843 2522 900 neque
2565 828 2710 885 enim
2758 829 2966 901 vigilias
3012 829 3278 902 suscipis,
3332 845 3516 902 neque

1901 921 2161 990 pecunias
2187 919 2420 977 eﬁ‘undis
2453 938 2474 974 :2
2500 921 2588 975 ille
2624 935 2756 976 vero
2781 928 2841 976 ut
2868 930 3088 993 peccata
3119 932 3303 978 nostra
3329 922 3518 978 dimit—

1902 1020 2040 1068 teret
2061 1011 2350 1081 Unigenito
2372 1028 2487 1067 non
2516 1013 2778 1083 pepercit,
2809 1015 3044 1086 genuino
3071 1014 3212 1070 Filio
3236 1013 3516 1086 ejusdem-

1900 1117 2006 1171 que
2036 1103 2216 1158 throni
2238 1115 2511 1160 consorte.
2541 1102 2731 1160 Viden’
2755 1120 2879 1161 eum
2911 1107 3083 1178 magis
3107 1122 3308 1177 cupere
3345 1117 3406 1164 ut
3431 1124 3519 1164 re-

1901 1193 2215 1250 missionem
2256 1204 2602 1265 peeeatorum
2629 1196 3023 1266 consequaris?
3059 1195 3139 1253 Ne
3162 1213 3293 1270 ergo
3321 1212 3519 1269 segnes

1902 1286 2092 1351 simus,
2125 1301 2225 1342 nec
2269 1289 2747 1358 procrastinemus.
2780 1289 3034 1347 Clemens
3073 1301 3158 1348 est
3195 1301 3254 1349 et
3294 1293 3513 1349 bonus:

1904 1378 2080 1438 solum
2111 1393 2296 1435 ansam
2324 1379 2401 1435 illi
2435 1380 2800 1450 praebeamus;
2826 1391 2882 1438 et
2907 1381 3032 1450 hoc,
3063 1391 3122 1438 ut
3142 1399 3242 1439 nos
3262 1397 3370 1440 non
3394 1384 3518 1441 inu-

1907 1470 2027 1526 tiles
2051 1471 2240 1535 simns,
2265 1473 2475 1527 etiamsi
2503 1472 2660 1528 nobis
2693 1473 2781 1529 ille
2808 1475 2926 1529 sine
2956 1476 3056 1531 hac
3084 1475 3399 1534 conditione
3429 1493 3517 1534 re-

1906 1561 2163 1619 mitteret.
2197 1563 2305 1620 Sed
2337 1575 2397 1620 ut
2437 1580 2538 1620 nos
2566 1566 2619 1621 in
2649 1567 2911 1622 ministris
2942 1569 3145 1624 nostris
3184 1569 3349 1626 millia
3380 1584 3518 1626 con-

1908 1653 2163 1725 tingimus
2216 1665 2274 1713 et
2326 1657 2740 1728 componimus,
2794 1659 2874 1714 sic
2916 1669 2971 1716 et
3026 1659 3118 1717 ille
3166 1661 3233 1717 ad
3288 1661 3518 1719 salutem

1907 1756 2148 1803 nostram
2193 1746 2340 1804 facit.
2384 1749 2812 1822 Praeoceupemus
2857 1754 3041 1824 facient
3069 1755 3182 1825 ejus
3209 1755 3263 1809 in
3310 1759 3519 1828 confes-

1907 1839 2048 1894 sione
2074 1837 2246 1913 (Psal.
2278 1841 2368 1898 94.
2396 1841 2475 1916 ἓ),
2509 1844 2632 1914 quia
2658 1845 2832 1922 bonus.
2851 1857 2904 1901 et
2929 1846 3172 1904 clemens
3196 1857 3296 1904 est.

1981 1929 2230 1989 Inuocure
2257 1935 2312 1989 in
2338 1937 2545 1991 veritate
2568 1936 2708 2007 quid.
2727 1968 2800 1978 —
2815 1937 2872 1994 Si
2895 1954 3025 1994 vero
3049 1956 3156 1994 non
3179 1940 3518 1999 invocaveris

1910 2025 1964 2080 in
1992 2027 2238 2093 veritate,
2283 2044 2386 2085 nec
2416 2046 2483 2084 ex
2519 2031 2683 2086 corde
2727 2031 2912 2088 dicere
2950 2032 3102 2100 velis,
3147 2034 3390 2102 Dimitte,
3423 2035 3519 2092 sed

1909 2133 1976 2174 ex
2015 2134 2113 2175 ore
2146 2128 2375 2188 tantum,
2418 2122 2545 2193 quid
2579 2124 2694 2195 ipse
2735 2123 2930 2181 faciet?
2958 2124 3098 2193 Quid
3130 2137 3234 2194 est,
3269 2129 3522 2188 invocare

1911 2212 1964 2266 in
1991 2212 2413 2268 veritate?Cum
2444 2213 2744 2284 alacritate,
2769 2231 2836 2273 ex
2866 2218 3048 2273 animo
3078 2218 3332 2284 sincero;
3367 2230 3427 2276 ut
3453 2221 3522 2279 tle

1911 2303 2198 2373 unguentis
2235 2305 2453 2370 dicitur,
2505 2305 2788 2363 Sincerutu
2829 2318 2933 2378 est,
2981 2309 3115 2365 nihil
3156 2310 3519 2370 adulterinum

1914 2394 2075 2451 habet
2107 2413 2120 2450 :
2149 2395 2229 2451 sic
2257 2406 2312 2452 et
2339 2396 2469 2453 illic.
2500 2398 2601 2473 Qui
2638 2415 2764 2456 vere
2794 2400 2968 2471 ipsum
3001 2402 3220 2458 invocat
3249 2413 3304 2460 et
3335 2421 3524 2476 preca-

1914 2495 2021 2554 tur,
2056 2497 2367 2558 perseverat
2391 2504 2630 2562 semper,
2662 2507 2763 2548 nec
2788 2493 3012 2560 desinit,
3038 2493 3214 2552 donec
3243 2498 3474 2568 accipiat
3507 2516 3522 2554 :

1912 2580 2004 2650 qui
2033 2596 2163 2636 vero
2191 2582 2559 2652 perfunctorie
2605 2587 2736 2655 agit,
2785 2586 3019 2644 licetsic
3059 2589 3232 2661 legem
3281 2590 3523 2664 impleat,

1921 2686 2026 2728 non
2055 2673 2270 2729 invocat
2312 2675 2366 2730 in
2396 2678 2642 2733 veritate.
2679 2680 2934 2751 Quisquis
2976 2683 3072 2750 sis,
3117 2699 3185 2738 ne
3227 2683 3378 2740 dicas
3410 2696 3526 2740 tan-

1915 2773 2052 2833 tum,
2086 2766 2345 2838 Peccator
2369 2783 2512 2832 sum,
2553 2770 2648 2826 sed
2687 2787 2839 2838 cura,
2890 2783 2946 2829 ut
2985 2773 3056 2829 ab
3101 2774 3204 2831 hac
3246 2776 3526 2832 existima-

1915 2859 2062 2914 tione
2094 2869 2145 2915 te
2183 2859 2384 2917 liberes
2415 2882 2428 2917 ;
2456 2877 2525 2918 ne
2568 2862 2719 2918 dicas
2749 2873 2977 2933 tantum,
3017 2866 3113 2922 sed
3141 2878 3195 2924 et
3224 2869 3434 2926 doleas.
3467 2869 3526 2926 Si

1914 2949 2089 3017 doles,
2117 2967 2337 3024 operam
2368 2953 2635 3024 adhibes;
2666 2958 2712 3012 si
2743 2974 2851 3012 non
2884 2974 3106 3028 operam
3138 2960 3385 3027 adhibes,
3414 2978 3524 3018 non

1915 3044 2106 3111 doles;
2153 3046 2198 3101 si
2246 3061 2354 3102 non
2383 3047 2560 3115 doles,
2592 3049 2807 3105 irrides.
2851 3050 2984 3118 Quis
3021 3052 3230 3115 dicens,
3275 3052 3527 3126 Egroto,

1916 3154 2024 3193 non
2051 3140 2232 3194 omnia
2258 3142 2388 3213 agit,
2417 3151 2479 3197 ut
2521 3144 2783 3199 sanetur?
2809 3144 3060 3216 Magnum
3093 3149 3258 3204 telum
3286 3161 3372 3206 est
3398 3166 3526 3208 ora-

1917 3229 2014 3287 tio.
2046 3231 2108 3289 Si
2134 3250 2242 3302 vos,
2274 3233 2470 3306 inquit,
2503 3237 2664 3293 nostis
2693 3240 2826 3293 bona
2859 3240 2982 3295 data
3009 3241 3134 3297 dare
3162 3243 3286 3313 [iliis
3326 3246 3527 3313 uestris,

1915 3335 2107 3395 quanto
2138 3344 2300 3399 magis
2341 3326 2499 3383 Pater
2521 3340 2681 3386 vester
2703 3331 2856 3403 (Luc.
2884 3335 2972 3389 11.
3011 3336 3101 3407 15)
3125 3337 3149 3390 7
3176 3336 3285 3393 Cur
3310 3354 3417 3395 non
3447 3341 3528 3396 vis

1916 3417 2223 3502 accedere?
2269 3419 2348 3476 Te
2394 3432 2560 3489 amat,
2610 3423 2728 3494 plus
2777 3435 2958 3495 potest
2998 3443 3160 3499 quam
3207 3446 3399 3489 omnes
3433 3450 3446 3487 :
3476 3443 3532 3489 et

1917 3511 2036 3566 vult
2077 3522 2131 3568 et
2179 3522 2395 3597 potest;
2428 3516 2554 3586 quid
2587 3517 2856 3592 impedit?
2882 3520 3046 3575 Nihil.
3094 3522 3246 3594 Ergo
3267 3540 3390 3580 eum
3423 3525 3530 3584 ﬁde

1919 3602 2240 3662 accedamus
2271 3623 2285 3660 :
2315 3609 2638 3665 accedamus
2684 3611 2825 3667 dona
2885 3614 3175 3671 oﬁ'erentes
3224 3632 3345 3688 qua:
3373 3622 3530 3690 vult,

1920 3694 2238 3765 injuriarum
2292 3698 2643 3766 oblivionem,
2686 3702 3098 3775 benignitatem,
3148 3711 3531 3784 mansuetudi-

1921 3801 2068 3843 nem.
2097 3788 2209 3844 Etsi
2240 3800 2493 3861 peccator
2519 3795 2616 3859 sis,
2643 3807 2766 3849 eum
2793 3793 2988 3852 ﬁducia
3015 3797 3083 3852 ab
3110 3798 3232 3870 ipso
3253 3804 3532 3858 remissio-

1921 3897 2045 3937 ncm
2073 3892 2416 3952 peccatorum
2445 3895 2619 3957 petes,
2643 3888 2689 3944 si
2720 3889 2894 3958 possis
2919 3893 3210 3949 ostendere
3229 3894 3330 3950 hoc
3354 3897 3527 3968 ipsqu

1921 3990 1950 4030 a
1983 3985 2036 4030 te
2064 3975 2263 4032 factum
2289 3992 2410 4034 esse
2444 3997 2456 4032 :
2487 3981 2530 4035 si
2563 3996 2692 4038 vero
2713 3983 2891 4052 justus
2936 3986 3059 4053 sis,.
3080 4003 3180 4044 nec
3208 3989 3526 4061 injuriarum

1922 4069 2254 4128 oblivionem
2281 4071 2502 4140 habeas,
2533 4076 2665 4131 nihil
2689 4076 2784 4132 tibi
2810 4078 3051 4148 prodest.
3081 4081 3197 4138 Non
3234 4095 3414 4154 potest
3437 4087 3528 4158 qui

1924 4164 2172 4233 proximo
2197 4163 2421 4231 dimisit,
2453 4182 2561 4222 non
2593 4168 2806 4238 plenam
2832 4173 3045 4228 veniam
3075 4177 3338 4248 consequi
3366 4195 3381 4233 :
3412 4178 3532 4236 sine

1923 4257 2031 4312 ulla
2059 4259 2204 4313 enim
2243 4261 2650 4330 comparatione
2690 4263 3012 4320 clementior
3042 4268 3201 4323 nobis
3229 4279 3313 4325 est
3343 4271 3486 4329 Deus
3516 4291 3530 4328 :

1925 4351 2028 4408 hoc
2055 4354 2224 4409 cuivis
2258 4354 2436 4425 palam
2468 4366 2570 4411 est.
2599 4357 2739 4424 Quid
2785 4359 2958 4415 dicis?
2987 4361 3042 4417 Si
3073 4362 3297 4432 dixeris,
3347 4363 3534 4424 Laesus

1924 4447 2018 4515 fui,
2050 4449 2185 4504 iram
2216 4448 2422 4516 domui,
2467 4447 2668 4506 furoris
2710 4452 2817 4506 vim
2851 4454 3049 4523 pertuli
3081 4465 3301 4527 propter
3330 4474 3536 4530 praece-

1926 4551 2078 4610 ptum
2106 4549 2276 4606 tuum,
2309 4555 2487 4597 annon
2537 4550 2592 4596 et
2640 4543 2756 4613 ipse
2799 4543 3075 4601 dimittet?
3106 4546 3340 4604 Omnino
3385 4563 3535 4608 certe

1924 4631 2178 4687 dimittet.
2209 4633 2390 4704 Itaque
2410 4635 2644 4689 animam
2665 4651 2954 4707 purgemus
2975 4638 3043 4692 ab
3072 4639 3388 4710 injuriarum
3413 4659 3527 4701 me-

1923 4727 2117 4782 moria.
2147 4725 2354 4783 Sufﬁcit
2386 4727 2490 4782 hoc
2518 4728 2695 4793 nobis,
2728 4739 2786 4784 ut
2811 4731 3184 4802 exaudiamur,
3212 4751 3275 4790 ac
3302 4737 3535 4808 vigilan-

1923 4829 2008 4876 ter
2040 4831 2094 4876 et
2122 4837 2243 4877 eum
2273 4823 2674 4892 perseverantia
2701 4840 3008 4895 precemur,
3058 4839 3114 4884 ut
3154 4832 3376 4902 copiose
3407 4836 3528 4906 ejus

1925 4915 2213 4971 clementia
2244 4914 2503 4983 fruentes,
2538 4917 2801 4986 promissa
2829 4934 3185 4990 assequamur
3211 4925 3352 4980 bona
3381 4970 3393 4992 ,
3420 4945 3542 4998 gra-

1925 5009 1994 5062 tia
2026 5018 2082 5064 et
2125 5009 2457 5080 benignitate
2501 5010 2710 5066 Domini
2762 5014 2934 5068 nostri
2976 5013 3101 5070 Jcsu
3143 5016 3364 5086 Christi,
3419 5024 3542 5091 qui-

1925 5117 2047 5156 cum
2081 5102 2224 5156 Patri
2257 5112 2312 5157 et
2352 5101 2574 5172 Spiritui
2621 5114 2830 5173 saneto,
2880 5105 3073 5176 gloria,
3123 5092 3540 5181 imperium,lto-

1922 5208 2066 5259 nor,
2101 5207 2242 5248 nunc
2296 5202 2353 5248 et
2406 5207 2642 5265 semper,
2709 5207 2763 5251 et
2823 5197 2877 5250 in
2936 5199 3134 5254 smcula
3190 5205 3538 5260 saeculorum.

1924 5287 2120 5342 Amen.

1476 5428 1826 5490 HOMILIA
1867 5426 2211 5490 XXXVII.

211 5559 349 5616 CAP.
381 5557 469 5611 17.
502 5571 554 5608 v.
586 5557 639 5611 1.
662 5552 786 5612 Cum
813 5562 982 5609 autem
1008 5554 1440 5624 perambulassent
1468 5553 1820 5624 Amphipolim

289 5659 339 5704 et
363 5647 712 5718 Apolloniam,
742 5655 982 5702 uenerunt
1010 5645 1448 5711 Thessalonicam,
1481 5647 1567 5699 ubi
1597 5655 1706 5700 erat
1734 5663 1819 5717 sy-

288 5756 490 5811 nagoga
514 5737 836 5792 Iudaeorum.
863 5737 919 5792 2.
950 5738 1245 5792 Secundum
1273 5738 1690 5791 consuetudinem
1723 5754 1820 5790 au-

286 5842 390 5889 tem
425 5831 622 5888 Paulus
651 5832 874 5886 introivit
898 5834 966 5886 ad
997 5849 1082 5886 eos
1111 5848 1128 5884 :
1154 5841 1200 5886 et
1231 5849 1320 5901 per
1345 5832 1552 5886 sabbata
1582 5833 1680 5886 tria
1705 5832 1817 5887 dis-

289 5943 346 5981 se
376 5925 487 5982 citat
515 5927 584 5982 eis
610 5925 675 5982 de
702 5925 1007 5999 Scripturis,
1043 5926 1096 5983 5.
1124 5925 1426 5999 adaperiens
1458 5935 1505 5982 et
1526 5925 1813 5997 insinuans,

1999 5554 2118 5623 quia
2148 5551 2406 5608 Christum
2436 5556 2658 5625 Oportuit
2699 5555 2806 5625 pati
2841 5565 2888 5608 et
2931 5573 3196 5627 resurgere
3223 5576 3253 5612 a
3285 5563 3494 5614 mortuis
3519 5580 3538 5628 ,-

2002 5656 2049 5703 et
2079 5649 2198 5717 quia
2239 5649 2320 5702 hic
2363 5657 2435 5703 est
2467 5648 2695 5704 Christus
2739 5647 2912 5716 Jesus,
2961 5667 3108 5721 quem
3151 5668 3242 5722 ego
3286 5656 3540 5710 annuntio

1997 5741 2157 5796 vobis.

2003 5834 2056 5888 1.
2090 5831 2299 5887 Rursus
2347 5848 2542 5903 parvas
2588 5843 3013 5903 prmtercurrunt
3055 5834 3325 5902 civitates,
3369 5847 3427 5893 et
3466 5838 3537 5894 ad

1925 5924 2164 5998 majores
2211 5925 2490 5996 festinant,
2519 5927 2660 5998 quod
2690 5925 2818 5985 inde
2844 5927 2996 5999 quasi
3027 5943 3098 5985 ex
3133 5927 3279 5986 lente
3308 5928 3536 5987 verbum
