4034 6414
583 410 685 465 263

580 527 798 582 deberet
846 520 897 573 in
947 517 1148 572 vicinas
1196 512 1353 566 urbes
1383 522 1620 562 manare.
1662 506 1765 561 Pro
1802 517 1949 557 more
1985 510 2161 554 autem

579 630 677 669 suo
704 610 920 666 intravit
949 610 1139 663 Paulus
1169 605 1220 659 in
1254 614 1579 674 synagogam
1606 596 1937 652 Iudaeorum.
1961 591 2161 659 Quam-

583 689 660 762 vis
684 708 914 769 dixerat,
960 700 1305 755 Convertintur
1336 696 1403 747 ad
1433 702 1602 762 gentes
1628 689 1763 760 (Act.
1796 687 1882 741 1⁸5.
1913 683 2026 757 46),
2058 699 2162 738 non

582 799 918 868 relinquebat
950 796 1065 848 illos
1091 834 1105 855 ,
1138 789 1231 844 sed
1263 801 1455 855 magno
1495 785 1615 839 illos
1660 781 1834 835 studio
1872 793 2164 849 proseque-

583 893 759 948 batur.
793 888 925 944 Audi
956 886 1097 941 enim
1130 884 1277 936 illum
1321 880 1586 934 dicentem
1614 893 1627 930 :
1659 873 1888 937 Fratres,
1928 871 2166 939 benepla-

585 987 738 1037 citum
776 980 941 1036 sordis
980 978 1096 1041 mei,
1130 986 1175 1029 et
1218 974 1438 1044 precatio
1481 971 1547 1026 ad
1580 968 1742 1022 Deum
1772 980 1863 1036 pro
1906 963 2071 1019 Israel
2093 972 2166 1017 est

584 1078 653 1130 ad
676 1075 888 1128 salutem
924 1072 1098 1141 (Rom.
1124 1069 1211 1124 10.
1234 1066 1286 1137 1)
1308 1082 1322 1130 ;
1348 1077 1420 1129 et,
1446 1064 1713 1134 Cupiebam
1752 1060 2019 1113 anathema
2060 1074 2167 1111 esse

584 1186 614 1219 a
643 1166 842 1222 Christo
875 1180 966 1234 pro
993 1161 1233 1231 fratribus
1268 1158 1391 1212 meis
1421 1155 1584 1223 (Ibid.
1627 1154 1678 1208 9.
1712 1150 1790 1221 5).
1831 1150 1945 1205 Hoc
1984 1156 2162 1203 autem

587 1258 811 1315 faciebat
837 1267 1052 1325 propter
1081 1250 1487 1321 promissionem
1532 1246 1622 1300 Dei
1650 1253 1703 1299 et
1744 1240 1989 1313 gloriam,
2018 1248 2073 1294 et
2097 1253 2165 1292 ne

586 1354 687 1406 hoc
716 1348 1089 1404 otiendiculum
1121 1353 1263 1399 esset
1290 1342 1557 1413 gentibus.
1598 1337 1663 1392 Et
1693 1353 1783 1406 per
1822 1334 2031 1389 sabbata
2067 1332 2167 1393 tria

584 1442 857 1497 disserebat
900 1439 971 1493 eis
1010 1438 1073 1491 de
1113 1434 1412 1504 Scripturis,
1459 1429 1755 1497 adaperieus
1800 1435 1844 1481 et
1881 1425 2161 1488 insinuans,

582 1537 702 1606 quia
729 1534 983 1588 Christum
1013 1530 1234 1596 oportuit
1265 1526 1369 1597 pati
1405 1534 1451 1577 et
1490 1536 1749 1589 resurgere
1785 1536 1816 1570 a
1844 1517 2090 1578 mortuis;
2120 1526 2165 1567 et

584 1630 701 1698 quin
730 1626 809 1679 hic
832 1622 983 1677 Iesus
1013 1620 1261 1683 Christus,
1290 1632 1438 1687 quem
1478 1631 1569 1684 ego
1597 1612 1844 1665 annuntio
1873 1609 2031 1662 vobis.
2076 1606 2166 1660 Vi-

584 1719 677 1773 des
705 1717 850 1772 ilium
881 1724 1005 1767 ante
1043 1698 1223 1765 omnia
1254 1708 1556 1777 passionem
1604 1702 1934 1774 pratdicare?
1975 1699 2063 1755 Sic
2092 1698 2165 1752 illi

586 1826 691 1864 non
718 1805 1128 1869 erubescebant,
1158 1800 1251 1856 sed
1280 1798 1520 1854 sciebant
1550 1795 1651 1849 hoc
1680 1793 1914 1848 salutare
1938 1804 2074 1845 esse.
2108 1790 2163 1843 4.

585 1901 651 1956 Et
682 1901 887 1967 quidam
914 1914 975 1951 ea:
1001 1897 1071 1950 eis
1097 1894 1439 1955 crediderunt,
1463 1900 1507 1944 et
1531 1886 1756 1958 adjuncti
1785 1894 1901 1939 sunt
1931 1884 2093 1938 Paulo
2121 1892 2166 1935 et

584 1995 732 2060 Sila,
765 2001 812 2046 et
852 1992 913 2045 de
955 1988 1230 2043 colentibus
1272 1983 1540 2055 gentilibus
1582 1978 1849 2033 multitudo
1885 1993 2089 2047 magna,
2120 1984 2167 2028 et

579 2088 814 2140 mulieres
842 2081 1029 2136 nobiles
1050 2095 1147 2132 non
1173 2090 1365 2146 paucae.
1395 2074 1667 2128 Summam
1690 2070 1822 2125 dixit
1850 2067 2125 2123 concionis
2150 2085 2163 2122 :

580 2179 651 2233 ita
694 2175 900 2230 alienus
924 2179 1009 2227 est
1032 2184 1063 2224 a
1100 2166 1482 2237 superﬂuitate,
1530 2178 1627 2216 nec
1662 2162 1854 2230 ubique
1885 2159 2168 2212 conciones

583 2278 721 2322 totas
747 2264 955 2320 recitat.
999 2262 1052 2316 5.
1098 2259 1331 2313 Zelantes
1370 2266 1538 2309 autem
1580 2251 1751 2306 Iudaei
1790 2249 2057 2314 increduli,
2088 2266 2170 2302 as-

583 2366 926 2426 sumentesque
946 2354 1009 2407 de
1028 2352 1176 2420 vulgo
1206 2351 1339 2403 viros
1362 2347 1609 2419 quosdam
1634 2330 1813 2407 malos,
1845 2352 1889 2397 et
1918 2342 2062 2394 turba
2082 2345 2167 2411 fa-

581 2460 661 2505 cta
689 2448 1059 2502 concitaverunt
1086 2443 1369 2503 civitatem;
1399 2448 1444 2491 et
1473 2436 1761 2490 invadentes
1786 2434 1991 2485 domum
2011 2428 2169 2483 Iaso—

580 2542 677 2602 nis,
708 2537 995 2609 qua'rebant
1023 2550 1106 2588 eos
1150 2531 1427 2602 producere
1462 2528 1515 2581 in
1565 2525 1842 2597 populum;
1872 2524 1924 2578 6.
1964 2533 2014 2576 et
2053 2538 2167 2577 cum

581 2649 681 2685 non
711 2628 1011 2682 invenissent
1038 2641 1143 2688 eos,
1169 2629 1428 2675 traxerunt
1452 2618 1693 2671 Iasonem
1720 2626 1765 2669 et
1794 2616 2039 2687 quosdam
2063 2617 2169 2686 fra-

583 2735 681 2778 tres
708 2722 773 2774 ad
804 2719 1055 2790 principes
1072 2716 1309 2781 civitatis,
1331 2714 1604 2767 clamantes
1627 2728 1644 2765 :
1668 2709 1738 2764 Hi
1758 2719 1873 2764 sunt
1894 2710 1979 2777 qui
2000 2710 2169 2763 urbem

582 2816 852 2877 concitant,
881 2821 927 2864 et
952 2812 1047 2863 huc
1068 2815 1323 2871 venerunt,
1354 2806 1403 2861 7.
1432 2822 1555 2874 quos
1580 2806 1797 2872 suscepit
1822 2802 1982 2857 Iason
2004 2821 2024 2869 ;
2046 2812 2089 2857 et
2116 2803 2168 2856 hi

582 2922 751 2960 omnes
796 2912 971 2958 contra
1018 2901 1216 2954 decreta
1262 2896 1475 2951 Ctesaris
1522 2896 1736 2966 faciunt,
1786 2912 1955 2965 regem
2006 2896 2167 2948 alium

582 2999 801 3051 dicentes
829 3010 933 3048 esse
956 2992 1151 3046 Iesum.
1181 2989 1225 3044 Ο
1260 2988 1649 3043 accusationem
1674 2988 1685 3039 !
1721 2986 1937 3040 Rursus
1956 2986 2167 3039 violata:

586 3086 873 3158 maiestatis
894 3090 1148 3138 accusant
1171 3094 1286 3143 eos,
1306 3077 1561 3143 Dicentes,
1591 3076 1857 3146 inquiunt,
1886 3091 1992 3129 esse
2011 3075 2169 3128 alium

585 3194 747 3248 regem
775 3174 976 3229 Iesum.
1011 3171 1064 3225 8.
1105 3168 1489 3225 Concitaverunt
1523 3176 1690 3219 autent
1721 3165 1916 3235 plebem
1952 3172 2001 3248 et
2029 3166 2167 3233 prin-

586 3238 719 3339 cipes
743 3266 956 3321 civitatis
976 3263 1235 3316 audientes
1265 3262 1388 3315 hac.
1419 3259 1472 3314 9.
1503 3258 1577 3311 Et
1595 3267 1801 3328 accepta
1827 3238 2171 3325 satisfactione

589 3378 616 3413 a
640 3360 830 3414 Iasone
858 3366 903 3411 et
929 3372 960 3408 α
986 3353 1199 3418 cteteris,
1228 3352 1525 3405 dimiserunt
1555 3366 1656 3403 eos.
1688 3348 2050 3404 Admirandus
2078 3349 2167 3403 ille

590 3454 665 3507 vir
693 3461 828 3514 erat,
877 3448 967 3519 qui
1011 3445 1244 3516 pericula
1291 3442 1488 3507 adibat,
1532 3452 1586 3497 et
1628 3443 1881 3496 emiserat
1916 3457 2030 3497 eos.
2079 3442 2166 3496 10.

588 3544 799 3598 Fratres
823 3555 939 3593 vero
979 3537 1241 3606 confestim
1270 3549 1358 3604 per
1398 3543 1590 3586 noctem
1617 3533 1914 3586 dimiserunt
1948 3530 2171 3588 Paulum

586 3647 631 3690 et
660 3635 824 3689 Silam
850 3632 903 3684 in
927 3628 1176 3683 Beroeam.
1210 3625 1309 3693 Qui
1339 3640 1451 3677 cum
1484 3624 1750 3689 venissent,
1779 3625 1833 3678 in
1858 3641 2170 3695 synagogam

584 3727 881 3781 Iudceorunt
923 3719 1240 3774 introierant.
1273 3717 1360 3771 11.
1410 3714 1477 3769 lli
1507 3726 1675 3770 autem
1712 3726 1856 3769 erant
1898 3715 2170 3771 nobiliores

586 3832 779 3879 eorum,
810 3812 897 3883 qui
921 3819 1034 3866 sunt
1059 3805 1446 3872 Thessalonica,
1491 3809 1577 3877 qui
1619 3818 1941 3877 susceperunt
1968 3807 2171 3862 verbum

589 3925 702 3960 cum
734 3905 869 3959 omni
897 3902 1155 3966 aviditate,
1201 3898 1423 3971 quotidie
1465 3907 1744 3952 scrutantes
1778 3898 2097 3969 Scripturas,
2129 3901 2173 3953 si

590 4000 696 4051 lucc
723 3998 793 4049 ita
833 4010 889 4048 se
921 3991 1178 4045 haberent.
1220 3989 1525 4053 Nobiliores,
1560 3988 1751 4056 inquit,
1792 3990 1841 4043 id
1886 4001 1987 4055 est,
2021 4006 2174 4044 man-

586 4088 867 4145 suetiores.
914 4085 979 4139 Et
1024 4083 1166 4148 vide,
1211 4096 1315 4137 non
1362 4081 1743 4151 perfunctorie,
1787 4080 1883 4135 sed
1927 4092 2171 4137 accurate

588 4182 959 4237 scrutabantur
1008 4176 1307 4247 Scripturas
1356 4176 1442 4244 (id
1490 4175 1633 4230 enim
1686 4174 1949 4245 significat
1998 4176 2166 4245 illud,

590 4268 855 4344 Ᾱνιιιρινον)
881 4289 895 4337 ;
924 4270 1169 4325 volebant
1192 4268 1388 4338 quippe
1412 4282 1478 4322 ex
1506 4267 1634 4338 ipsis
1672 4268 1930 4323 certiores
1958 4268 2069 4323 ﬁeri
2104 4270 2171 4325 de

596 4365 840 4435 passione
866 4380 880 4426 ;
906 4361 1014 4430 jam
1040 4361 1180 4414 enim
1213 4359 1568 4415 crediderant.
1596 4360 1682 4414 12.
1712 4358 1779 4413 Ει
1808 4362 1955 4414 multi
1972 4363 2173 4430 quidem

593 4456 910 4510 crediderunt
938 4468 1000 4506 ea:
1040 4452 1131 4517 eis,
1160 4460 1205 4505 et
1244 4451 1475 4505 mulieres
1504 4452 1712 4522 gentiles
1753 4452 1975 4508 honesta:
1999 4464 2044 4508 et
2082 4457 2173 4510 viri

593 4568 693 4605 non
724 4548 889 4620 pauci.
924 4544 991 4603 i3
1036 4543 1163 4600 Cum
1183 4554 1345 4599 autem
1372 4548 1716 4616 cognovissent
1735 4545 1789 4600 in
1814 4545 2175 4603 Thessalonica

592 4642 784 4705 Juda'i,
813 4639 932 4709 quia
962 4644 1007 4691 et
1036 4634 1226 4690 Bercta:
1254 4636 1586 4705 prcedicatum
1612 4646 1683 4689 cst
1709 4653 1740 4689 a
1769 4636 1937 4692 Paulo
1973 4640 2172 4694 verbum

597 4735 713 4799 Dei,
746 4739 983 4786 venerunt
1009 4738 1055 4783 et
1091 4727 1214 4782 illuc
1240 4739 1604 4783 commoventes
1644 4729 2040 4787 multitudinem.
2084 4734 2170 4788 14.

601 4828 883 4894 Statimque
911 4834 1028 4875 tunc
1056 4819 1275 4874 Paulum
1318 4821 1617 4875 dimiserunt
1656 4825 1860 4893 fratres,
1903 4834 1956 4877 ut
1992 4827 2176 4880 veniret

592 4928 753 4988 usque
780 4916 845 4967 nd
873 4929 1009 4966 mare
1036 4929 1053 4965 :
1083 4912 1220 4966 Silas
1244 4922 1406 4965 autem
1438 4922 1483 4967 et
1516 4911 1801 4969 Timotheus
1827 4931 2176 4975 remanserunt

596 5010 684 5063 ibi.
718 5008 850 5061 \‘ide
893 5005 1040 5059 illum
1081 5012 1134 5058 et
1174 5003 1449 5058 cedentem
1481 5014 1534 5058 et
1573 5008 1877 5073 instantem,
1908 5011 2177 5082 multaque

598 5102 837 5155 humano
865 5110 1012 5150 more
1057 5092 1359 5147 facientem.
1404 5094 1489 5149 15.
1522 5094 1618 5159 Qui
1662 5108 1826 5151 autem
1867 5099 2179 5157 deducebant

602 5192 844 5254 Paulum,
885 5187 1226 5257 perduxerunt
1250 5202 1363 5238 eunt
1406 5202 1560 5250 usque
1600 5186 1859 5253 Athenas;
1899 5202 1945 5244 et
1974 5209 2178 5264 accepto

600 5286 843 5342 mandato
871 5282 932 5335 ab
963 5297 1018 5334 eo
1046 5279 1112 5333 ad
1147 5278 1313 5334 Silam
1342 5287 1389 5333 et
1422 5277 1761 5347 Timotheum,
1796 5292 1849 5335 ut
1876 5300 2028 5353 quant
2053 5288 2182 5340 cele-

599 5386 720 5437 riter
746 5381 987 5443 venirent,
1013 5374 1224 5445 profecti
1252 5382 1385 5427 sunt.
1420 5373 1527 5429 Sed
1554 5376 1827 5443 superiora
1856 5388 2177 5448 repetamus.

607 5473 707 5527 Per
747 5472 951 5525 sabbata
996 5468 1114 5532 tria,
1156 5466 1342 5534 inquit,
1388 5464 1680 5535 loquebatur
1718 5467 1808 5531 eis,
1854 5472 2085 5538 aperiens
2122 5489 2185 5527 ea:

603 5562 900 5632 Scripturis.
926 5561 1106 5623 Ilecte,
1132 5558 1343 5627 quando
1368 5559 1641 5614 vacabant.
1668 5560 1755 5614 Sic
1771 5560 2016 5617 Christus
2043 5578 2183 5619 scm-

606 5673 700 5729 per
726 5655 971 5716 faciebat,
1003 5668 1031 5707 a
1058 5652 1347 5721 Scripturis
1374 5652 1567 5722 ubique
1593 5653 1883 5716 disserens,
1918 5674 2015 5713 nec
2045 5674 2186 5713 sem-

605 5768 694 5822 per
721 5751 875 5819 signa
906 5746 1120 5799 faciens.
1153 5744 1285 5810 Quia
1312 5746 1454 5799 enim
1492 5747 1544 5799 in
1586 5746 1687 5801 hoc
1716 5750 1967 5804 contrarii
2009 5762 2181 5817 erant,

602 5852 655 5898 et.
684 5838 835 5907 quasi
854 5836 1193 5906 deceptorcm
1220 5846 1272 5891 et
1299 5836 1740 5907 pratstigiatorem
1768 5839 1937 5909 ipsum
1975 5842 2182 5898 calum-

1256 396 1313 453 S.
1354 391 1629 451 IOANNIS
1664 382 2143 445 CHRYSOSTOMI
2182 378 2498 436 ARCHIEP.
2541 366 3074 436 CONSTANTINOP.

3767 368 3882 422 9.64

2270 496 2573 561 niabantur,
2618 495 2736 550 ideo
2777 496 2892 564 ipse
2929 510 2960 549 a
2996 491 3286 562 Scripturis
3324 488 3564 543 disserit.
3607 484 3747 540 Nam
3788 486 3882 554 qui

2269 602 2364 657 per
2391 588 2502 641 sola
2552 586 2703 656 signa
2757 585 3080 656 persuadere
3122 592 3369 643 conatur,
3408 580 3535 650 jure
3582 586 3883 647 suspectus

2268 686 2391 733 est:
2425 678 2513 746 qui
2545 692 2672 731 vero
2699 693 2766 731 ex
2804 675 3097 745 Scripturis
3128 672 3429 744 persuadet,
3475 686 3587 725 non
3631 670 3790 724 venit
3828 669 3881 720 in

2270 772 2412 826 illam
2444 770 2827 839 sustiicionem.
2855 770 2926 824 Et
2962 783 3107 838 saepe
3134 766 3434 822 invenimus
3460 778 3590 820 eum
3622 762 3878 817 doctrina

2272 860 2627 931 persuadere;
2653 875 2883 929 cumque
2922 869 3101 915 autem
3130 857 3425 913 Antiochia)
3460 855 3718 919 doceret,
3751 866 3883 907 con-

2269 964 2481 1026 gregata
2522 963 2604 1009 est
2632 953 2698 1008 ad
2740 954 2887 1008 illum
2926 950 3117 1007 civitas
3149 970 3161 1005 :
3190 952 3261 1006 ita
3299 964 3556 1021 magnum
3599 945 3874 1017 quoddam

2272 1049 2373 1103 hoc
2400 1056 2501 1113 est,
2529 1060 2629 1102 nec
2662 1048 2870 1117 signum
2915 1046 3111 1109 minus,
3142 1044 3235 1099 sed
3280 1057 3412 1097 sane
3447 1042 3777 1096 maximum.
3814 1036 3879 1090 Et

2271 1157 2337 1197 ne
2363 1151 2611 1211 putarent
2646 1156 2704 1195 se
2743 1150 2911 1195 totum
2950 1154 3129 1210 posse,
3169 1136 3430 1208 permittit
3467 1137 3617 1191 Deus
3664 1145 3726 1189 ut
3765 1132 3874 1204 pel-

2271 1232 2467 1286 lantur.
2506 1231 2618 1284 Duo
2643 1231 2785 1285 enim
2820 1230 2942 1284 hinc
2978 1226 3402 1299 proveniebant:
3437 1240 3549 1279 non
3580 1226 3762 1279 altum
3794 1238 3879 1278 sa-

2273 1323 2488 1393 piebant
2509 1322 2659 1393 quasi
2690 1322 2787 1392 ipsi
2820 1329 3181 1391 superassent,
3223 1333 3399 1390 neque
3435 1317 3803 1373 terrebantur
3828 1325 3880 1369 ut

2272 1418 2385 1482 rei;
2426 1417 2495 1469 ita
2530 1430 2595 1469 ex
2625 1414 2924 1470 (economia
2966 1422 3101 1477 erat,
3130 1412 3270 1482 quod
3301 1420 3657 1466 vocarentur.
3701 1407 3882 1461 Colen—

2271 1510 2395 1563 tiunt
2426 1507 2707 1578 gentilium,
2741 1505 2930 1575 inquit,
2962 1504 3250 1569 multitudo,
3279 1514 3324 1556 et
3362 1518 3425 1556 ea:
3458 1501 3750 1571 gentilibus
3798 1500 3885 1551 ho-

2272 1600 2422 1653 nestis
2448 1596 2737 1652 mulieribus
2763 1607 2809 1651 et
2838 1613 2899 1651 ea;
2930 1597 3050 1650 viris
3080 1613 3181 1649 non
3213 1596 3365 1665 pauci
3402 1594 3765 1648 crediderunt.
3803 1590 3877 1644 Illi

2271 1708 2398 1748 vero
2429 1700 2635 1747 contra.
2678 1688 2959 1758 Quomodo
3009 1699 3186 1743 autem
3231 1687 3320 1757 qui
3370 1685 3525 1749 dicit,
3575 1684 3649 1737 Ut
3690 1700 3785 1737 nos
3812 1683 3878 1735 ad

2272 1798 2461 1858 gentes,
2502 1786 2580 1838 illi
2609 1794 2775 1837 autem
2798 1782 2867 1835 ad
2897 1782 3327 1836 circumcisioneut
3365 1778 3513 1844 (Gal.
3554 1778 3613 1831 2.
3648 1777 3731 1847 9).
3754 1792 3877 1832 cum

2270 1879 2470 1933 Jndteis
2513 1875 2854 1931 disserebat?
2886 1874 2997 1929 Hoc
3034 1889 3101 1929 ex
3129 1871 3420 1928 abundanti
3458 1870 3719 1925 faciebat.
3772 1868 3879 1923 Sed

2270 1972 2315 2024 si
2345 1970 2543 2025 Ιιιᾱεῐξίε
2580 1969 2847 2022 disserere
2881 1966 3182 2036 oportebat,
3212 1963 3481 2034 quomodo
3522 1977 3748 2017 rursum
3798 1960 3883 2014 di-

2271 2061 2426 2117 cebat
2457 2080 2470 2114 :
2506 2060 2605 2128 Qui
2637 2060 2771 2113 enim
2809 2070 3044 2128 operatus
3081 2067 3154 2111 est
3194 2058 3275 2110 illi
3306 2058 3359 2109 in
3399 2055 3876 2119 circuntcisionem,

2273 2165 2507 2225 aperatus
2529 2164 2601 2207 est
2622 2153 2747 2205 ntihi
2773 2153 2902 2206 inter
2922 2159 3091 2222 gentes
3118 2149 3279 2218 (Ibid.
3311 2164 3361 2202 υ.
3395 2148 3452 2217 8)
3475 2149 3499 2201 ‘t
3526 2149 3687 2202 Sicut
3708 2147 3880 2202 etiam

2275 2248 2349 2301 illi
2395 2246 2643 2317 gentibus
2692 2245 3070 2315 loquebantur,
3118 2243 3242 2297 licet
3280 2240 3347 2296 ad
3394 2239 3881 2296 circumcisionem

2274 2339 2537 2408 segregati
2573 2356 2586 2392 :
2620 2336 2693 2391 ita
2730 2346 2784 2391 et
2816 2336 2903 2391 hic
2948 2338 3143 2406 smpius
3189 2351 3308 2391 cum
3354 2334 3606 2404 gentibus
3654 2332 3877 2403 agebat,

2274 2446 2374 2486 nec
2401 2440 2576 2485 tamen
2607 2430 2823 2485 Iudaeos
2862 2428 3183 2501 negligebat,
3230 2437 3385 2483 utne
3431 2426 3759 2482 viderentur
3798 2425 3884 2480 di-

2272 2539 2369 2578 VISI
2399 2536 2540 2578 esse.

2343 2618 2396 2671 2.
2440 2615 2544 2671 Cur
2599 2614 2794 2669 Paulus
2831 2616 2885 2669 in
2926 2631 3212 2686 synagogas
3261 2614 3585 2668 intraret.--
3610 2610 3680 2666 Et
3732 2626 3883 2682 quo-

2276 2710 2457 2776 modo,
2484 2709 2715 2778 inquies,
2743 2709 2892 2779 prius
2914 2709 2966 2763 in
2989 2722 3287 2779 synagogas
3309 2707 3584 2762 intrabat?
3606 2706 3714 2762 Sed
3741 2722 3883 2776 gen-

2274 2801 2455 2855 tilibus
2484 2800 2839 2870 persuadebat
2865 2816 2958 2870 per
2982 2800 3218 2867 Iudaeos,
3250 2809 3304 2855 et
3326 2815 3393 2855 ex
3423 2801 3486 2854 iis
3514 2815 3634 2869 qua:
3664 2799 3882 2873 Judmis

2272 2893 2505 2948 dicebat.
2538 2891 2752 2946 Sciebat
2775 2892 2917 2946 enim
2948 2891 3050 2946 hoc
3080 2891 3369 2961 gentilibus
3405 2891 3473 2946 ad
3506 2891 3665 2947 tidem
3696 2893 3883 2947 addu-

2273 2984 2459 3041 cendis
2490 2984 2742 3038 idoneum
2773 2997 2915 3038 esse.
2946 2982 3071 3037 Ideo
3111 2982 3319 3038 dicebat
3348 2981 3452 3039 :In
3487 2994 3741 3052 quantum
3786 3001 3883 3053 ego

2274 3094 2383 3130 sunt
2411 3076 2631 3147 gentium
2676 3078 2938 3145 apostolus
2978 3075 3152 3147 (Rom.
3202 3076 3289 3130 11.
3340 3075 3450 3145 15).
3501 3075 3883 3145 Epistolzeque

2275 3172 2393 3238 ejus
2419 3184 2607 3225 omnes
2635 3177 2821 3224 contra
2848 3168 3061 3223 Iudaeos
3086 3178 3357 3224 certamen
3391 3168 3703 3237 praeferunt.
3736 3169 3883 3236 Quia

2276 3264 2553 3329 Christum,
2600 3262 2792 3332 inquit,
2837 3261 3097 3332 Oportebat
3136 3263 3261 3331 pati.
3311 3262 3367 3317 Si
3419 3262 3521 3331 pati
3557 3262 3879 3331 oportebat,

2275 3373 2403 3428 ergo
2429 3366 2483 3413 et
2522 3370 2831 3425 resurgere;
2881 3354 2983 3410 hoc
3027 3356 3169 3411 enim
3213 3356 3371 3426 longe
3416 3356 3719 3412 mirabilius
3763 3369 3878 3428 est,

2274 3463 2431 3518 quam
2472 3446 2623 3501 illud.
2672 3447 2727 3502 Si
2770 3448 2911 3501 enim
2938 3462 3083 3510 eum.
3114 3449 3201 3518 qui
3251 3448 3383 3503 nihil
3429 3449 3625 3517 injuste
3653 3464 3875 3521 egerat,

2276 3540 2433 3593 morti
2466 3539 2699 3604 tradidit,
2746 3540 2914 3593 multo
2960 3541 3131 3610 magis
3160 3542 3450 3618 suscitavit.
3478 3542 3647 3596 illum.
3693 3542 3881 3598 Iuda-i

2274 3640 2439 3683 autem
2480 3630 2747 3697 increduli,
2784 3633 3057 3701 assumptis
3088 3634 3371 3703 forensibus
3409 3635 3729 3704 quibusdam,
3766 3649 3882 3691 tur-

2274 3724 2456 3777 barunt
2482 3724 2754 3787 civitatem,
2789 3724 2978 3793 inquit.
3012 3726 3195 3794 Itaque
3223 3725 3399 3794 plures
3425 3735 3578 3781 erant
3614 3730 3877 3797 gentiles.

2277 3814 2345 3869 Et
2387 3821 2792 3882 assumpserunt
2834 3815 3128 3883 quosdam;
3183 3817 3304 3885 quia
3351 3832 3455 3871 non
3500 3832 3559 3873 se
3608 3822 3882 3889 putabant

2278 3907 2407 3960 satis
2433 3921 2553 3961 esse
2582 3904 2749 3959 Judaei
2776 3905 2842 3959 ad
2871 3905 3214 3973 seditionem,
3244 3916 3298 3963 et
3325 3911 3448 3979 quia
3489 3912 3878 3972 rationabilem

2276 4012 2490 4052 causam
2514 4013 2622 4052 non
2648 3998 2932 4053 habebant.
2962 3999 3036 4053 Ex
3060 4001 3287 4055 tumultu
3308 4016 3521 4071 semper
3546 4004 3665 4060 haec
3689 4011 3879 4065 omnia

2277 4092 2578 4163 perﬁciunt,
2604 4101 2658 4146 et
2684 4092 2973 4162 assumptis
3003 4092 3260 4162 improbis
3288 4094 3613 4153 hominibus.
3641 4100 3772 4156 Non
3798 4105 3880 4158 in-

2276 4186 2431 4238 ventis
2460 4195 2625 4237 autem
2653 4183 2777 4249 illis,
2811 4184 3001 4254 inquit,
3035 4187 3293 4240 traxerunt
3317 4186 3580 4243 Iasonem.
3610 4190 3657 4246 Ο
3688 4202 3880 4263 tyran-

2278 4276 2491 4330 nidem!
2525 4275 2607 4329 Ab
2634 4275 2839 4329 aedibus
2865 4276 2981 4331 sine
3004 4290 3161 4331 causa
3190 4278 3312 4332 illos
3334 4280 3634 4336 trahebant.
3670 4282 3743 4338 Hi
3766 4304 3879 4341 out—

2279 4385 2365 4422 nes
2382 4377 2555 4421 contra
2576 4368 2773 4421 decreta
2798 4366 3012 4423 Caesaris
3036 4370 3251 4440 faciunt,
3280 4388 3448 4443 regem
3468 4374 3628 4428 alium
3650 4378 3883 4434 dicentes

2278 4476 2384 4514 esse
2412 4459 2609 4514 Iesum.
2641 4458 2774 4526 Quia
2805 4460 2879 4513 illi
2922 4459 3051 4517 nihil
3088 4461 3318 4518 decretis
3360 4468 3693 4523 contrarium
3727 4470 3880 4527 dice-

2280 4553 2428 4618 bant,
2457 4567 2555 4608 nec
2580 4552 2848 4609 civitatem
2872 4554 3234 4619 concitabant,
3265 4557 3316 4611 in
3343 4556 3486 4613 aliud
3514 4560 3636 4615 illos
3663 4563 3877 4620 crimen

2280 4644 2500 4709 ducunt,
2546 4655 2599 4699 et
2638 4644 2780 4699 laesa:
2825 4645 3119 4715 majestatis
3163 4647 3301 4703 falso
3326 4661 3602 4706 accusant.
3651 4654 3721 4707 Et
3747 4658 3876 4725 quid

2283 4736 2498 4799 timetis,
2533 4736 2795 4806 siquidem
2840 4746 3082 4791 mortuus
3111 4748 3193 4793 est
3213 4740 3236 4792 ’ἒ
3267 4738 3418 4807 Vide,
3447 4744 3727 4810 quomodo
3758 4764 3879 4817 per-

2282 4830 2627 4901 sequutiones
2673 4829 2870 4897 ubique
2915 4829 3344 4899 praedicationem
3388 4847 3770 4902 promoveant.
3809 4840 3882 4894 lli

2283 4932 2447 4975 autem
2474 4929 2616 4976 erant
2644 4920 2912 4974 nobiliores
2948 4923 3140 4989 eor‘um,
3172 4924 3259 4991 qui
3294 4932 3409 4977 sunt
3453 4924 3873 4998 Thessalonicae;

2284 5013 2334 5067 id
2365 5022 2462 5078 est,
2498 5012 2626 5066 nihil
2658 5011 2783 5065 mali
2815 5011 3100 5067 faciebant.
3131 5011 3236 5068 Sed
3258 5014 3347 5068 alii
3376 5016 3593 5086 quidem
3621 5022 3875 5079 credide-

2285 5114 2447 5170 runt;
2495 5103 2550 5158 hi
2597 5118 2727 5159 vero
2772 5103 3098 5158 contrarium
3147 5104 3348 5161 faciunt
3396 5109 3676 5165 turbantes
3731 5114 3880 5170 illos.

2288 5198 2442 5253 Multi
2472 5208 2640 5252 autent
2676 5214 2738 5251 ea:
2766 5197 2868 5251 illis
2895 5208 2942 5251 et
2978 5215 3040 5252 ea:
3068 5200 3336 5269 gentilibus
3374 5202 3675 5259 mulieribus
3706 5211 3881 5263 credi-

2288 5290 2490 5343 derunt.
2525 5289 2622 5342 llic
2660 5304 2844 5344 rursus
2886 5290 3113 5360 gentiles
3165 5292 3411 5347 credunt.
3463 5294 3544 5350 Tu
3583 5313 3717 5353 vero
3748 5304 3881 5356 mihi

2288 5382 2597 5437 consideres
2625 5381 2806 5447 velim,
2840 5382 2987 5451 ipsos
3015 5397 3111 5453 per
3137 5385 3491 5442 ceconomiam
3520 5388 3746 5460 fugisse,
3776 5409 3881 5449 non

2290 5492 2401 5546 pra:
2427 5484 2571 5530 metu
2595 5493 2608 5528 :
2632 5476 2863 5546 alioquin
2892 5477 3033 5532 enim
3061 5477 3221 5533 tinem
3241 5477 3494 5535 fecissent
3526 5484 3879 5553 praedicandi,

2293 5582 2393 5622 nec
2413 5568 2581 5636 magis
2601 5568 3031 5624 exacerbassent.
3057 5570 3161 5625 Sed
3182 5570 3306 5627 hinc
3322 5573 3429 5627 duo
3447 5576 3773 5632 eveniebant
3797 5597 3810 5633 :
3833 5589 3884 5633 ct

2294 5661 2505 5714 illorum
2540 5658 2689 5714 furor
2725 5662 3181 5732 exstinguebatur,
3217 5675 3270 5720 et
3306 5667 3628 5735 prmdicatio
3651 5685 3884 5741 angeba-

2293 5760 2399 5806 tur.
2432 5750 2705 5821 Condigne
2747 5763 2927 5809 autem
2971 5754 3037 5810 de
3077 5755 3289 5811 illorum
3321 5759 3553 5814 tumultu
3606 5762 3762 5825 dicit,
3795 5778 3881 5817 ve-

2300 5847 2445 5904 nisse
2476 5862 2569 5904 eos
2614 5848 2739 5906 illuc
2764 5849 2947 5907 turbas
2976 5852 3340 5923 concitantes;
3373 5854 3640 5913 infrenem
3672 5858 3881 5916 illorum
