4034 6402
131 417 238 473 ac;

127 530 363 581 furorem
396 523 772 580 subindicans.
809 520 998 576 Statim
1042 534 1156 572 vero
1199 518 1428 571 Paulam
1474 515 1746 570 emiserant

125 620 332 685 fratres,
363 626 420 670 ut
450 626 569 678 iret,
599 614 791 682 inquit,
824 611 971 681 quasi
998 612 1066 664 ad
1097 626 1255 662 mare.
1287 609 1349 662 lli
1379 608 1487 677 jam
1520 604 1748 659 Paulum

125 711 300 762 Solum
344 709 574 761 mittunt
609 722 622 758 :
652 702 968 758 metuebant
1012 702 1155 756 enim
1199 715 1266 754 ne
1311 698 1436 768 quid
1488 697 1584 765 ipsi
1619 695 1745 748 ntali

131 799 421 860 accideret,
458 796 606 866 quod
636 796 741 849 illis
772 809 982 848 summa
1023 808 1150 846 cura
1193 801 1306 845 erat
1339 808 1352 843 :
1383 791 1461 844 sic
1487 802 1592 842 non
1623 786 1744 840 ubi-

129 905 227 958 que
257 890 431 960 gratia
455 887 803 957 operabatur,
825 887 919 940 sed
941 885 1148 939 sinebat
1168 886 1284 939 illos
1309 883 1538 937 humana
1561 894 1742 950 agerc,

129 983 244 1035 illos
277 982 527 1034 excitans
567 988 622 1033 et
658 976 1111 1047 exporgi-ﬁciens,
1156 985 1316 1044 atque
1348 975 1400 1028 in
1426 989 1457 1029 Α
1483 972 1747 1027 ιιιὶεἱιιιιιί-

126 1087 246 1125 nem
294 1072 567 1138 injiciens.
614 1069 746 1122 Vide
794 1084 940 1137 ergo,
987 1082 1155 1136 usque
1201 1066 1474 1135 Philippos
1513 1064 1747 1118 servavit

124 1178 235 1228 eos,
273 1162 402 1216 inde
430 1177 564 1216 vero
594 1177 699 1214 non
731 1160 880 1214 item.
919 1159 982 1212 Et
1013 1169 1217 1229 accepto
1247 1158 1506 1222 mandato,
1550 1156 1742 1225 inquit,

122 1255 188 1307 ad
215 1254 390 1310 Silam
414 1265 462 1307 et
496 1255 538 1307 Τ
541 1255 841 1318 intathenm,
874 1261 927 1305 ut
958 1269 1109 1322 quam
1139 1252 1400 1305 celerrime
1427 1250 1651 1304 venirent
1677 1249 1746 1302 ad

123 1363 257 1410 eum,
293 1347 524 1415 profecti
547 1355 685 1398 sunt.
721 1344 882 1412 quue
915 1343 1103 1398 merito
1137 1359 1149 1395 :
1178 1342 1385 1397 etiamsi
1427 1343 1570 1396 enim
1602 1341 1744 1394 Pau-

122 1435 200 1489 Ias
229 1446 402 1500 esset,
442 1451 582 1505 Opus
629 1435 862 1489 habebat
908 1435 1032 1488 illis.
1079 1433 1243 1504 Igitur
1284 1433 1335 1486 in
1379 1431 1742 1487 Macedoniam

123 1528 256 1583 bene
286 1544 315 1582 a
351 1530 466 1584 Deo
519 1528 972 1598 impellebantur;
1015 1527 1158 1580 clara
1201 1540 1434 1595 namque
1477 1525 1589 1594 jam
1628 1534 1743 1586 erat

123 1619 324 1674 Graecia
360 1640 374 1674 :
408 1621 654 1688 alioquin
697 1629 752 1674 et
781 1620 882 1672 alia
927 1629 1122 1688 praeter
1165 1619 1542 1674 necessitatem
1577 1616 1742 1671 facie-

127 1711 230 1765 bat.
263 1711 527 1765 Christus
554 1709 884 1779 jnsscratde
915 1710 1193 1779 evangelio
1219 1711 1400 1763 vivere
1428 1708 1502 1780 (l.
1538 1707 1655 1761 Cor.
1687 1709 1741 1759 9.

127 1803 244 1872 Ii):
279 1805 368 1858 hic
387 1815 572 1860 autem
604 1820 709 1858 non
742 1803 1000 1857 faciebat:
1025 1803 1267 1858 Christus
1296 1820 1400 1857 non
1427 1803 1570 1855 misit
1593 1801 1740 1853 illum

124 1895 397 1964 baptizare
431 1896 507 1964 (I.
545 1895 666 1946 (.‘or.
712 1895 766 1950 1.
811 1893 938 1962 17);
977 1894 1060 1947 hic
1090 1909 1218 1948 vero
1249 1893 1572 1962 baptizabat.
1613 1893 1742 1947 \‘ide

124 1989 393 2055 quomodo
424 1985 796 2041 Conferendus
839 1986 1089 2040 omnibus
1130 1995 1264 2040 crat.
1309 1986 1500 2040 l‘etrus
1540 1984 1606 2038 ad
1638 1986 1744 2038 cir-

123 2080 532 2142 tumcisionem,
567 2080 654 2132 hic
677 2078 742 2131 ad
772 2088 982 2147 gentes,
1011 2079 1076 2131 ad
1117 2078 1373 2146 majorem
1412 2087 1640 2146 partem.
1673 2076 1741 2130 Et

124 2178 346 2236 accepta,
383 2168 580 2236 inquit,
613 2169 964 2236 satisfactione
997 2185 1028 2220 a
1061 2167 1275 2232 Jasone,
1302 2169 1607 2222 dimiserunt
1634 2184 1738 2222 eos.

126 2261 250 2316 Vide
290 2269 575 2331 quomodo
604 2260 972 2315 satisfacnone
1001 2261 1123 2315 data
1154 2261 1316 2316 Jason
1358 2261 1580 2315 Paulum
1605 2261 1740 2315 emi-

122 2355 223 2419 sit;
254 2367 311 2407 et
343 2356 415 2407 ita
445 2355 685 2407 animam
725 2369 875 2407 suam
922 2369 1018 2422 pro
1059 2353 1153 2407 illo
1189 2354 1383 2424 posuit.
1419 2352 1512 2418 Hi,
1546 2352 1736 2422 inquit,

123 2459 260 2501 rrant
282 2448 599 2502 nobilissimi
634 2447 1204 2510 Thessalonicensium;
1235 2447 1286 2500 id
1318 2455 1422 2513 est,
1462 2447 1656 2499 virtute
1686 2455 1740 2499 et

125 2539 221 2594 [ide
261 2555 394 2610 erga
441 2539 634 2593 Deum.
682 2538 784 2604 Qui
821 2548 1150 2609 susceperunt
1198 2537 1404 2592 verbum
1444 2554 1561 2591 cum
1601 2537 1739 2590 omni

125 2632 406 2693 alacritate,
443 2621 638 2698 inquit,
667 2629 894 2698 quotizlie
915 2639 1195 2682 scrutantes
1216 2629 1538 2700 Scripturas,
1559 2630 1605 2681 si
1630 2630 1739 2682 htec

125 2723 186 2773 ita
216 2737 268 2775 se
298 2720 566 2775 haberent.
603 2721 720 2774 Non
748 2729 952 2775 temere
981 2737 1044 2774 ex
1074 2721 1278 2789 impetu
1309 2731 1362 2776 et
1389 2721 1528 2776 zelo.

192 2812 254 2863 In
281 2813 570 2881 majoribus
592 2812 876 2864 civitatibus
896 2813 1090 2882 pejores
1113 2812 1598 2881 homines—Atqui
1625 2829 1730 2867 ma-

118 2904 198 2972 jor
227 2905 358 2958 urbs
386 2914 505 2958 erat
527 2947 541 2968 ,
577 2913 632 2958 et
662 2904 905 2959 forenses
937 2906 1179 2960 homines
1208 2917 1361 2960 erant
1392 2908 1461 2960 ibi
1495 2924 1507 2958 :
1541 2910 1735 2962 mirutn

120 3006 297 3050 autem
332 3006 591 3062 nonest,
634 2999 679 3049 si
725 2999 778 3050 in
820 3000 1021 3066 majore
1067 2998 1283 3052 civitate
1330 3000 1545 3069 pejores
1590 3011 1735 3054 sunt.

120 3089 276 3140 Certe
308 3089 358 3139 in
391 3087 601 3156 majore
631 3088 843 3156 pejores
865 3104 984 3142 csse
1001 3089 1294 3143 verisimile
1315 3103 1418 3154 est,
1445 3091 1534 3145 ubi
1554 3094 1734 3146 inulta:

121 3188 241 3230 sunt
271 3180 556 3232 turbarum
594 3179 928 3233 occasiones.
961 3178 1032 3234 Ut
1063 3180 1206 3234 enim
1240 3182 1292 3234 in
1325 3197 1583 3251 corpore,
1610 3198 1732 3238 cum

122 3271 340 3322 morbus
374 3280 459 3323 est
490 3271 729 3338 gravior,
765 3271 884 3338 plus
913 3270 1072 3324 habet
1100 3272 1342 3326 materia:
1371 3285 1425 3327 ct
1452 3274 1730 3328 alimenti:

121 3361 188 3411 ita
235 3373 291 3413 et
320 3360 426 3413 hoc
476 3361 599 3414 loco
622 3403 636 3426 ,
673 3361 814 3430 quod
841 3371 896 3414 et
924 3361 1085 3416 lconii
1119 3361 1316 3416 factum
1352 3375 1470 3430 est,
1507 3375 1560 3419 et
1592 3382 1732 3420 nunc

118 3469 351 3522 quoque.
391 3453 460 3507 Et
492 3454 768 3523 egreditur
801 3454 1015 3519 Paulus,
1047 3464 1104 3510 ut
1135 3466 1187 3509 et
1213 3457 1439 3510 aliorum
1475 3460 1729 3527 perniciei

119 3559 304 3612 pinnas
333 3545 485 3598 dent.
517 3546 644 3600 Ideo
671 3546 886 3600 diccbat
919 3547 1113 3602 Paulus
1147 3567 1159 3602 :
1194 3547 1594 3606 Prohibentibus
1639 3570 1730 3608 nos

117 3635 252 3703 loqui
279 3636 517 3704 gentibus
549 3638 635 3705 (I.
673 3636 850 3692 Thess.
873 3639 926 3691 2.
960 3639 1084 3709 16).
1117 3641 1182 3694 Et
1206 3655 1303 3695 cur
1332 3643 1508 3709 isthic,
1535 3644 1723 3715 inquit,

117 3741 218 3779 non
267 3726 632 3780 manserunt?
681 3742 780 3782 cur
828 3744 934 3782 non
984 3732 1134 3800 signa
1178 3731 1458 3788 fecerunt?
1501 3735 1633 3790 Nam
1682 3737 1726 3792 si

119 3817 258 3882 illic,
318 3818 413 3871 ubi
470 3817 743 3887 lapidatus
800 3828 922 3886 est,
973 3824 1172 3877 mansit
1225 3826 1392 3880 multo
1447 3836 1723 3897 tempore;

118 3911 278 3964 multo
306 3911 482 3982 magis
511 3911 598 3965 hic
630 3913 956 3967 manendum
987 3924 1124 3968 erat.
1163 3916 1378 3984 Quare?
1421 3919 1536 3974 Non
1578 3937 1725 3976 sem-

117 4017 204 4071 per
235 4004 450 4056 volebat
476 4004 622 4057 Deus
651 4005 772 4059 illos
801 4005 914 4060 base
942 4007 1091 4077 signa
1124 4010 1299 4066 facere
1327 4027 1340 4060 :
1373 3993 1547 4083 neque
1579 4019 1723 4072 enim

117 4094 284 4145 minus
312 4094 529 4161 signum
557 4101 642 4148 est
686 4095 803 4148 sine
849 4096 1015 4166 signis
1057 4098 1309 4167 vincere,
1362 4119 1521 4171 quam
1571 4107 1721 4176 signa

115 4183 303 4239 facere.
344 4185 530 4254 Itaque
550 4226 564 4251 ,
601 4186 742 4240 sicut
771 4201 912 4242 nunc
938 4229 951 4253 ,
981 4189 1182 4259 absque
1212 4192 1378 4262 signis
1423 4199 1678 4263 praevalet
1705 4217 1718 4252 :

115 4275 184 4330 sic
210 4285 262 4332 et
293 4287 421 4331 tunc
452 4292 600 4346 saepe
628 4277 840 4331 volebat
865 4281 1100 4336 vincere.
1132 4281 1316 4352 Itaque
1345 4301 1445 4341 nee
1491 4291 1718 4357 apostoli

114 4368 173 4422 ad
202 4369 352 4439 signa
388 4370 723 4435 currebant,
759 4381 815 4424 ut
842 4381 896 4425 et
928 4373 1040 4440 ipse
1071 4375 1144 4428 ait
1180 4393 1191 4428 :
1229 4375 1342 4429 Nos
1365 4387 1532 4433 autem
1581 4399 1717 4450 pra:-

117 4461 339 4513 dicamus
371 4458 636 4514 Christum
662 4463 963 4530 cruciﬁxum
995 4466 1012 4534 (
1045 4466 1091 4518 l.
1122 4466 1242 4521 Cor.
1278 4470 1328 4523 1.
1378 4470 1505 4542 25).
1555 4473 1716 4544 Signa

114 4551 475 4620 quaerentibus
505 4561 558 4606 et
600 4553 958 4623 sapientiam,
1010 4557 1125 4613 tunc
1176 4559 1404 4626 damus,
1453 4580 1572 4631 qua:
1617 4584 1716 4624 nec

114 4658 224 4694 cum
275 4643 445 4711 signis
495 4643 812 4712 persuaderi
863 4657 1127 4716 possunt,
1195 4660 1249 4706 et
1299 4658 1708 4724 persuademus.

117 4732 284 4802 Itaque
312 4748 569 4803 magnum
601 4735 731 4790 illud
761 4737 972 4807 signum
1005 4750 1139 4796 erat.
1178 4743 1308 4800 Vide
1333 4762 1461 4816 ergo
1477 4749 1588 4819 jam
1621 4769 1714 4808 ex-

116 4833 253 4879 tensa
308 4827 740 4896 praedicatione,
796 4846 954 4901 quam
1002 4833 1110 4887 cito
1159 4849 1377 4893 currant
1416 4841 1482 4895 ad
1535 4844 1706 4915 signa.

115 4916 399 4985 Oportebat
421 4918 566 4970 enim
586 4918 698 4987 jam
729 4929 948 4990 prepler
971 4924 1257 4981 credentes
1285 4929 1437 4997 plura
1467 4948 1587 4990 esse
1636 4937 1707 4989 si-

115 5026 225 5080 gna,
254 5026 416 5080 quam
449 5012 576 5066 alibi
613 5029 626 5064 :
661 5014 843 5083 itaque
876 5015 1035 5083 ﬁunt;
1066 5019 1160 5074 sed
1197 5022 1500 5079 recedendo
1529 5037 1582 5082 et
1619 5045 1709 5083 ac-

115 5101 342 5156 Ccdeudo
366 5102 456 5156 illa
487 5101 776 5160 faeiebant.
805 5105 1095 5163 Emiserunt
1117 5112 1285 5181 illum,
1312 5116 1484 5185 inquit
1508 5160 1522 5185 ,
1562 5124 1707 5190 quasi

115 5196 173 5246 ad
201 5211 355 5249 mare.
381 5194 610 5263 Quare?
643 5196 712 5252 Ut
741 5215 845 5253 non
889 5213 1110 5270 possent
1141 5205 1288 5260 illum
1318 5207 1475 5265 facile
1503 5227 1700 5282 appre-

117 5286 358 5342 hendere.
394 5287 547 5342 Adeo
587 5305 682 5359 per
711 5305 772 5346 se
799 5291 897 5360 ipsi
943 5310 1194 5365 magnum
1245 5300 1370 5368 quid
1419 5306 1699 5370 pra-stitis-

115 5387 237 5443 sent,
267 5389 315 5431 et
347 5393 469 5434 cum
496 5379 588 5433 illo
607 5381 771 5435 multa
793 5381 928 5438 bene
949 5398 1231 5455 gesserunt
1252 5405 1314 5444 ac
1337 5393 1694 5462 perfecerunt.

116 5469 314 5525 luti-rita
347 5472 499 5529 illum
531 5489 723 5530 eruere
753 5476 1021 5533 volebant.

171 5564 221 5617 5.
254 5563 383 5618 \‘ide
412 5575 614 5634 quanta
645 5566 893 5637 discipuli
922 5587 1046 5642 erga
1081 5577 1381 5644 praecipuos
1412 5581 1697 5638 utebantur

111 5663 342 5708 curazat
397 5672 502 5710 non
555 5657 692 5711 sicut
743 5676 883 5715 nunc
927 5663 1082 5718 divisi
1132 5683 1356 5734 sumus;
1405 5671 1696 5730 dividimur

112 5758 317 5814 nataque
347 5747 497 5816 parvi
525 5756 580 5802 et
607 5751 786 5821 magni
819 5769 830 5804 :
863 5755 1006 5810 inter
1045 5772 1141 5812 nos
1195 5760 1283 5814 alii
1332 5765 1688 5834 extolluntur,

115 5831 482 5907 aliiinvideut;
532 5839 762 5910 ideoque
792 5842 1057 5912 invident,
1093 5850 1214 5918 quia
1265 5868 1364 5908 nos
1415 5831 1686 5927 inflantur,

1100 400 1168 456 IN
1201 401 1385 459 ACTA
1432 390 1958 454 AI’OSTOLORUM.
2005 392 2235 448 ΙΞΟΜΙΙ..
2281 390 2544 449 XXXVII.

3355 393 3427 448 ‘lli
3447 400 3459 446 ἱ

1860 522 1960 563 nec
2013 500 2246 578 patimur
2298 508 2582 579 aequalitcr
2625 521 2787 579 agere
2835 523 2958 564 cum
3008 509 3132 565 illis.
3179 509 3384 566 Idcirco
3414 513 3464 566 in

1854 614 2086 669 corpore
2133 609 2430 654 concentus
2470 611 2584 664 est,
2622 601 2746 670 quia
2797 616 2902 656 non
2947 611 3028 656 cst
3071 602 3274 656 inﬂatio
3306 621 3320 658 :
3357 619 3462 658 non

1855 704 1940 750 est
1964 707 2140 751 autem
2173 697 2383 751 inﬂatio
2404 738 2420 764 ,
2454 697 2577 766 quia
2608 697 2686 751 sic
2716 698 2957 752 membra
2986 697 3247 769 disposita
3289 710 3416 755 sunt
3446 740 3462 764 ,

1856 793 1912 838 ut
1940 786 2082 840 aliud
2111 787 2218 840 alio
2247 801 2382 855 Opus
2416 787 2612 842 habeat
2639 805 2652 841 :
2685 797 2842 857 caput
2866 788 3092 860 pedibus
3121 805 3256 860 opus
3279 789 3461 857 habet,

1853 886 1907 930 et
1935 876 2101 946 p'edes
2126 878 2324 948 capite.
2353 879 2419 932 Et
2447 878 2550 934 hoc
2579 879 2734 935 nobis
2773 880 2896 935 fecit
2945 882 3118 952 Deus,
3164 900 3341 955 neque
3386 885 3464 941 sic

1854 971 2181 1024 sustinemus
2216 989 2228 1022 :
2263 980 2542 1041 oporteret
2568 974 2710 1027 enim
2738 1014 2753 1039 ,
2785 975 2993 1030 etiamsi
3029 976 3132 1032 hoc
3159 993 3267 1032 non
3294 989 3461 1046 esset,

1854 1065 2131 1118 caritatem
2162 1079 2304 1121 esse.
2336 1067 2530 1122 Annon
2563 1067 2762 1122 auditis
2785 1079 3040 1124 externos
3063 1112 3077 1136 ,
3109 1071 3201 1140 qui
3233 1087 3332 1126 nos
3369 1087 3462 1128 ca-

1855 1154 2211 1222 lunmiantur,
2246 1158 2464 1226 quando
2490 1158 2679 1213 dicunt
2712 1175 2725 1211 :
2774 1159 2945 1215 Utiles
2986 1162 3277 1217 amicitia“?
3314 1163 3460 1220 Laici

1856 1249 2012 1302 nobis
2045 1264 2181 1318 Opus
2211 1250 2445 1316 habent;
2497 1263 2596 1305 nos
2648 1266 2779 1307 vero
2821 1268 3034 1308 rursum
3081 1267 3301 1325 propter
3342 1258 3463 1313 illos

1853 1352 2058 1394 sumus.
2087 1339 2178 1396 Sic
2201 1356 2302 1397 nec
2349 1342 2541 1398 doctor
2586 1358 2686 1397 nec
2734 1345 2986 1414 princeps
3033 1358 3218 1411 esset.
3263 1349 3307 1403 si
3353 1365 3459 1405 non

1852 1431 2104 1487 adessent
2131 1433 2380 1504 discipuli
2407 1443 2461 1490 et
2487 1434 2713 1502 subditi,
2747 1450 2925 1506 neque
2954 1437 3197 1494 facerent
3221 1456 3342 1512 qua:
3366 1456 3462 1497 sua

1852 1533 1977 1577 sunt
2008 1542 2021 1577 :
2057 1539 2162 1578 non
2209 1527 2354 1580 enim
2408 1535 2650 1596 possent.
2698 1527 3164 1595 Quemadmodum
3216 1543 3270 1588 et
3319 1542 3462 1590 terra

1851 1617 2088 1686 agricola
2115 1659 2129 1683 ,
2162 1627 2218 1671 et
2245 1618 2481 1688 agricola
2529 1628 2670 1674 terra
2720 1636 2856 1691 opus
2897 1623 3058 1679 habet
3088 1643 3100 1679 :
3130 1625 3199 1680 ita
3254 1639 3305 1682 et
3350 1627 3458 1683 hic.

1850 1707 2023 1775 Quam
2056 1709 2202 1764 enim
2223 1711 2542 1768 mercedem
2568 1712 2731 1769 habet
2757 1715 2949 1771 doctor
2972 1758 2984 1782 ,
3015 1718 3238 1790 quilnon
3288 1732 3464 1791 potest

1857 1802 2145 1858 ostendere
2172 1803 2239 1858 ab
2266 1818 2324 1859 se
2351 1805 2627 1860 edoctos?
2657 1823 2815 1876 quam
2847 1809 2878 1862 ii
2912 1812 3001 1879 qui
3034 1811 3300 1869 docentur
3326 1858 3337 1878 ,
3373 1802 3461 1886 qtii

1852 1909 1956 1947 non
1987 1895 2191 1964 Optima
2240 1898 2492 1952 fruuntur
2541 1899 2829 1955 doctrina?
2877 1903 3066 1975 Itaque
3101 1907 3254 1966 alter.
3289 1911 3462 1967 altero

1850 2000 1985 2054 opus
2012 1986 2299 2054 habemus,
2331 1999 2387 2044 et
2416 1991 2688 2060 principes
2735 1993 3000 2064 subditis,
3052 2007 3108 2054 et
3151 1999 3257 2056 dux
3303 2006 3463 2062 obse~

1850 2079 2142 2146 quentibus
2176 2097 2190 2134 :
2225 2083 2499 2152 principes
2529 2099 2764 2154 namque
2795 2087 3091 2146 tnultorum
3119 2095 3288 2163 gratia
3312 2111 3458 2154 sunt.

1848 2168 2018 2225 Nemo
2049 2171 2193 2226 enim
2221 2170 2425 2228 sufﬁcit
2451 2189 2546 2242 per
2570 2175 2807 2244 seipsum
2837 2179 3036 2249 aliquid
3063 2188 3275 2251 operari
3302 2231 3316 2254 ,
3349 2190 3464 2246 sive

1847 2266 2100 2322 ordinare
2127 2279 2412 2339 oporteat,
2447 2273 2561 2328 sive
2591 2275 2816 2330 consilia
2849 2288 2904 2332 et
2929 2281 3230 2336 sententias
3267 2284 3461 2354 explo-

1849 2375 1967 2413 rare
1993 2401 2008 2423 ,
2051 2362 2146 2416 sed
2195 2362 2574 2421 honoratiores
2622 2368 2692 2421 illi
2737 2380 2862 2424 sunt
2890 2387 2919 2426 a
2951 2386 3095 2428 cmtu
3132 2385 3186 2430 et
3215 2378 3465 2432 multitu-

1846 2451 1995 2506 dine.
2021 2452 2267 2523 Exempli
2294 2458 2488 2526 gratia,
2518 2474 2786 2528 pauperes
2815 2461 3068 2518 dantibus
3098 2478 3254 2536 egent
3279 2457 3459 2534 ,‘dan-

1848 2553 1927 2597 tes
1974 2546 2380 2615 accipientibus.
2442 2549 2538 2605 Vos
2576 2563 2749 2606 mutuo
2795 2556 3207 2625 considerantes,
3261 2563 3455 2633 inquit,

1843 2636 1912 2687 ad
1942 2636 2293 2692 incitationem
2313 2642 2542 2696 caritatis
2574 2654 2620 2698 et
2648 2647 2897 2701 bonorum
2918 2666 3128 2719 operum
3155 2653 3338 2720 (llebr.
3373 2657 3457 2712 ιο.

1842 2725 1973 2796 24).
2012 2727 2137 2783 Ideo
2170 2731 2319 2798 plura
2352 2743 2533 2802 potest
2562 2736 2823 2793 Ecclesia:
2849 2752 3022 2796 costus
3048 2759 3062 2808 ;
3093 2753 3148 2798 et
3174 2747 3315 2816 quod
3347 2750 3459 2805 sin-

1841 2821 1946 2887 guli
1979 2837 2074 2889 per
2107 2840 2302 2879 senon
2342 2837 2604 2894 possunt,
2659 2846 2780 2884 cum
2829 2833 2955 2889 aliis
2996 2836 3168 2905 juncti
3209 2852 3456 2911 possunt.

1844 2912 1967 2966 Ideo
1995 2913 2085 2968 hic
2106 2918 2340 2972 maxime
2365 2923 2688 2975 necessaria:
2720 2936 2845 2979 sunt
2891 2943 3082 2996 preces
3135 2947 3232 3001 pro
3278 2937 3412 2992 orbe
3438 2979 3453 3003 ,

1844 3018 1938 3071 pro
1969 3005 2207 3060 Ecclesia
2238 3025 2359 3078 qua:
2387 3011 2439 3065 in
2470 3012 2667 3069 finibus
2697 3026 2784 3070 est
2808 3059 2822 3084 ,
2876 3037 2971 3088 pro
3025 3040 3154 3092 pace
3181 3069 3196 3092 ,
3249 3044 3348 3098 pro
3391 3032 3456 3086 iis

1840 3097 1928 3162 qui
1971 3099 2175 3153 suntin
2202 3100 2530 3157 calamitate.
2565 3105 2628 3159 Et
2680 3106 2783 3162 hoc
2835 3110 3030 3166 Pardus
3081 3097 3318 3186 indicat,
3367 3123 3453 3176 di-

1839 3203 1969 3241 cens
2003 3207 2014 3242 :
2056 3189 2121 3243 Ut
2155 3193 2302 3262 ejus,
2334 3211 2449 3265 qua:
2477 3197 2530 3250 in
2559 3200 2702 3252 nobis
2734 3213 2839 3267 est,
2895 3206 3187 3264 donationis
3239 3215 3289 3266 in
3336 3233 3454 3285 per-

1838 3283 1975 3332 sonis
2003 3281 2175 3335 multis
2208 3301 2297 3352 per
2327 3287 2516 3340 multos
2545 3293 2727 3359 gratite
2754 3303 2977 3363 agantur
3025 3317 3118 3368 pro
3169 3304 3313 3360 nobis
3336 3281 3374 3378 ἡ(
3392 3308 3448 3364 2.

1837 3369 1957 3425 Cor.
1995 3373 2045 3428 1.
2080 3375 2141 3434 il
2171 3376 2212 3445 ).
2249 3377 2360 3431 Iloc
2391 3388 2490 3445 est,
2528 3392 2581 3435 ιιι
2615 3385 2799 3438 multis
2827 3390 2996 3455 gratia
3025 3369 3452 3458 cnnferatur.‘.»\c

1837 3479 1980 3535 sarpe
2012 3467 2224 3522 illorum
2259 3487 2446 3539 preces
2479 3477 2723 3545 requirit.
2761 3478 2893 3535 Vide
2935 3485 3061 3552 quid
3107 3487 3251 3544 dicat
3305 3493 3448 3549 Deus

1835 3568 1889 3612 ct
1923 3558 2168 3614 Ninivitis
2201 3580 2213 3615 :
2257 3563 2368 3633 Ego
2391 3582 2509 3619 vrro
2538 3584 2638 3621 non
2668 3586 2876 3638 parcam
2909 3575 3035 3642 urbi,
3073 3582 3159 3632 ubi
3188 3594 3304 3638 sunt
3333 3589 3449 3657 plus

1781 3679 1783 3682 ι
1834 3666 1986 3718 quam
2013 3662 2215 3706 centum
2242 3656 2420 3726 viginti
2447 3659 2611 3712 millia
2643 3660 2803 3731 (Jan.
2841 3666 2893 3718 4.
2930 3669 2989 3721 11
3019 3671 3079 3740 )?
3115 3671 3215 3727 Ubi
3245 3656 3346 3732 duo
3371 3683 3455 3737 act

1834 3751 1961 3806 (res,
1997 3744 2170 3814 inquit
2192 3788 2203 3808 ,
2235 3751 2529 3818 congregati
2559 3753 2748 3819 fuerint
2771 3757 2822 3809 in
2851 3761 3054 3815 nomine
3081 3781 3209 3831 meo,
3244 3768 3315 3823 ibi
3335 3789 3446 3826 sum

1833 3836 1885 3888 in
1919 3838 2085 3891 medio
2112 3855 2284 3892 eorum
2315 3840 2333 3912 (
2361 3841 2552 3895 Matth.
2585 3846 2673 3920 is.
2706 3847 2834 3920 20).
2873 3850 2928 3905 Si
2957 3863 3134 3911 autem
3168 3858 3274 3915 duo
3305 3866 3444 3919 mul-

1835 3937 1943 3982 tum
1977 3942 2242 3998 possunt,
2273 3944 2475 4003 quanto
2512 3940 2683 4008 magis
2731 3944 2945 4011 plures?
2990 3947 3044 4002 Si
3100 3967 3231 4008 vero
3281 3958 3441 4012 etiam

1832 4035 1969 4074 unus
2003 4023 2206 4090 possit;
2253 4033 2307 4076 at
2353 4040 2458 4079 non
2508 4020 2810 4097 azqualiter.
2854 4033 2962 4089 Cur
3014 4057 3150 4095 llllllS
3192 4046 3294 4098 es?
3348 4062 3442 4102 cur

1831 4112 2030 4167 multos
2061 4129 2166 4167 non
2196 4114 2373 4169 facis?
2402 4134 2497 4172 cur
2526 4136 2630 4174 non
2685 4139 2743 4179 es
2786 4142 2975 4184 aucror
3015 4136 3304 4192 caritatis?
3346 4156 3444 4198 cur

1830 4222 1934 4262 non
1968 4208 2261 4263 amicitiam
2295 4214 2498 4280 paras?
2526 4215 2810 4273 Maximam
2838 4224 3052 4279 virtutis
3080 4227 3290 4286 laudem
3332 4251 3439 4292 non

1829 4297 2019 4353 habes.
2056 4298 2207 4354 Sicut
2238 4302 2382 4356 enim
2413 4318 2534 4358 cum
2562 4321 2625 4361 ex
2659 4321 2815 4377 pacto
2843 4314 2969 4369 mali
3013 4328 3139 4374 sunt
3177 4324 3393 4392 quidam
3421 4370 3435 4394 ,

1829 4388 2001 4458 magis
2033 4389 2250 4445 irritant
2299 4391 2507 4448 Deum:
2544 4396 2623 4451 sic
2667 4399 2718 4452 in
2762 4405 3052 4461 concordia
3097 4388 3269 4469 bon—os
3314 4388 3438 4474 esse

1826 4483 1996 4551 magis
2028 4484 2287 4546 oblectat.
2323 4485 2446 4541 Non
2475 4490 2593 4556 eris,
2627 4492 2830 4563 inquit,
2866 4515 2978 4552 cum
3015 4505 3187 4559 amitis
3227 4508 3279 4562 in
3327 4528 3434 4566 ma-

1826 4573 1931 4626 lum
1967 4576 1986 4645 (
2010 4574 2180 4630 Exod.
2215 4578 2307 4632 Ξῖ).
2337 4580 2430 4652 2).
2471 4584 2658 4640 Omnes
2685 4587 3096 4664 declinaverunt,
3130 4600 3283 4656 simul
3313 4607 3431 4661 inu-

1823 4666 1935 4720 tiles
1962 4669 2086 4762 facti
2107 4679 2222 4722 sunt
2252 4670 2436 4739 (Psal.
2477 4676 2558 4729 I3.
2597 4677 2665 4749 3)
2694 4721 2707 4742 ,
2740 4691 2794 4735 et
2823 4682 2945 4738 facti
2978 4699 3103 4744 sunt
3129 4699 3279 4762 quasi
3303 4714 3430 4757 can-

1824 4766 1998 4813 tantes
2031 4759 2082 4812 in
2113 4763 2350 4830 neqmtia
2385 4781 2503 4818 sua.
2535 4767 2672 4822 Para
2703 4771 2795 4826 tibi
2847 4777 3048 4833 amicos
3092 4759 3200 4851 prie
3242 4788 3428 4848 dome-

1820 4849 1992 4913 sticis,
2026 4865 2135 4920 pra:
2164 4853 2283 4905 aliis
2312 4856 2584 4912 omnibus.
2618 4859 2672 4915 Si
2709 4864 2981 4935 pacificus,
3016 4849 3104 4926 est
3123 4873 3263 4940 illius
3291 4881 3381 4938 Dei
3412 4905 3422 4939 :

1818 4953 2019 5009 quanto
2049 4943 2218 5014 magis
2248 4946 2291 4998 is
2316 4947 2402 5016 qui
2434 4950 2701 5006 amicitias
2724 4961 2919 5023 parat?
2947 4961 2989 5014 si
3019 4963 3063 5017 is
3093 4968 3184 5034 qui
3231 4986 3423 5031 recon.

1817 5033 1992 5098 ciliat,
2029 5034 2168 5088 Illius
2215 5036 2307 5090 Dei
2356 5049 2624 5095 vocatur:
2660 5046 2748 5113 qni
2795 5033 3172 5111 reconciliatos
3217 5065 3423 5122 amicos

1819 5124 1970 5190 facit,
2006 5141 2112 5194 quo
2146 5143 2254 5181 non
2282 5131 2384 5183 erit
2414 5131 2607 5202 dignus
2654 5140 2924 5194 munere?
2969 5143 3116 5201 llanc
3159 5149 3420 5214 faciamus

1817 5219 2232 5287 negotiationem
2266 5241 2277 5274 :
2311 5223 2561 5282 inimicos
2609 5241 2793 5285 tnutuo
2841 5237 3042 5293 amicos
3088 5245 3416 5321 reddamus;

1812 5319 1865 5363 et
1887 5325 1980 5364 eos
2003 5311 2096 5380 qui
2121 5327 2219 5368 nec
2251 5313 2450 5371 inimici
2482 5334 2581 5374 nec
2610 5323 2768 5378 amici
2809 5337 2935 5383 sunt
2977 5347 3371 5408 congregemus

1811 5410 1863 5454 et
1909 5405 2034 5456 ante
2061 5418 2249 5459 omnes
2278 5449 2292 5470 ,
2327 5411 2706 5481 nosmetipsos.
2756 5405 3221 5484 Quemadmodum
3271 5405 3414 5492 enini

1807 5495 1895 5563 qui
1924 5494 2068 5549 domi
2097 5497 2428 5555 inimicitiam
2464 5504 2658 5574 habet,
2695 5518 2894 5566 etcum
2953 5532 3121 5575 uxore
3163 5540 3259 5579 sua
3301 5530 3417 5586 dis-

1807 5585 1974 5649 sidet,
2008 5602 2112 5641 non
2141 5598 2222 5643 est
2251 5589 2352 5651 Iidc
2400 5593 2593 5664 dignus
2635 5608 2691 5653 ut
2738 5602 2872 5658 alios
2920 5613 3271 5682 reconciliet,
3315 5585 3408 5675 sed

1805 5677 1985 5731 audiet
2015 5697 2026 5734 :
2064 5679 2299 5750 Medice,
2339 5701 2462 5739 cura
2490 5690 2705 5757 tcipsum
2759 5694 2926 5763 (Luc.
2961 5701 3012 5754 4.
3040 5701 3145 5775 25)
3181 5723 3193 5759 :
3227 5677 3306 5764 sic
3355 5725 3410 5767 ct

1805 5769 1904 5825 istc.
1935 5771 2138 5835 audiet.
2167 5774 2294 5842 Qua:
2327 5777 2486 5847 igitur
2514 5783 2670 5838 nobis
2710 5796 2792 5843 est
2837 5769 3156 5852 inimicitia?
3195 5802 3405 5860 Anium:

1801 5876 1921 5916 ς-ιιιι
1959 5879 2206 5936 corpore,
2238 5871 2452 5928 malititc
2475 5889 2594 5929 eum
2629 5879 2847 5938 virtute.
2892 5885 3039 5944 lianc
3080 5893 3358 5950 solvamus
3388 5941 3402 5966 ,
