4034 6410
153 433 237 479 Eb".
247 437 256 474 l

153 543 358 613 [iidem
392 541 570 611 ipsum
604 535 988 608 acceptavisse.
1018 532 1162 587 Nihil
1193 540 1533 596 extraneum,
1569 528 1758 598 inquit,

147 636 397 704 nihilque
431 647 631 688 novum
679 629 866 683 affero.
911 626 1022 682 l-‘loc
1059 625 1131 678 illi
1177 633 1435 693 perpetuo
1464 619 1753 675 dicebant:

152 732 281 795 Qua
320 738 393 782 est
426 728 527 780 ista
568 739 698 778 nova
729 721 821 774 abs
864 729 908 774 te
934 718 1132 789 prolata
1162 714 1438 769 doctrina?
1468 729 1596 766 aura
1632 712 1761 764 enim

148 822 388 893 quedam
432 819 621 890 ingeris
663 815 874 868 auribus
913 813 1116 866 nostris.
1165 809 1358 865 Statim
1406 822 1535 876 ergo
1576 820 1761 858 eoum

148 914 520 982 suspicionem
555 909 728 975 tollit,
762 916 817 962 et
846 907 1014 961 dicit:
1051 902 1141 958 24.
1174 902 1314 956 Deus
1345 901 1432 971 qui
1461 899 1580 968 fecit
1612 913 1760 949 mun-

148 1005 268 1057 dam
299 1012 346 1058 et
378 1002 557 1056 omnia
595 1015 712 1070 quat
738 1000 790 1052 in
816 998 908 1051 illo
936 1004 1051 1051 sunt
1074 1037 1087 1059 ,
1122 994 1203 1048 hic
1232 993 1342 1047 cwli
1384 1002 1430 1046 et
1475 1000 1622 1044 terra:
1649 1005 1762 1042 cum

145 1095 208 1146 sit
241 1093 522 1147 Dominus.
560 1088 765 1143 Deinde
788 1129 800 1152 ,
830 1103 900 1141 ne
923 1095 1108 1155 putent
1135 1099 1296 1139 unum
1320 1098 1389 1138 ex
1415 1080 1596 1135 multis
1616 1093 1757 1145 esse,

147 1185 246 1238 hoc
280 1182 510 1251 corrigit
537 1180 616 1235 sic
640 1180 865 1249 loquens
893 1195 905 1231 :
937 1176 1026 1232 25.
1061 1174 1182 1228 Νοη
1213 1176 1264 1228 in
1294 1173 1602 1250 manufactis
1631 1179 1757 1223 tent-

146 1275 244 1337 piis
293 1273 533 1335 habitat,
583 1287 676 1325 nec
726 1267 959 1322 manibus
1001 1267 1187 1320 colitur
1215 1264 1454 1318 humanis
1479 1304 1493 1328 ,
1529 1262 1760 1333 indigens

145 1364 335 1432 aliquo.
371 1361 567 1417 Viden‘
594 1359 868 1430 quomodo
897 1359 1148 1428 paulatim
1182 1353 1576 1426 philosophiam
1607 1353 1761 1406 indu-

146 1457 239 1518 cit,
278 1452 558 1523 quomodo
587 1451 775 1504 irridet
805 1449 1086 1519 gentilium
1119 1445 1403 1502 errorem?
1436 1444 1576 1497 Dans
1605 1444 1758 1496 vitam

143 1558 188 1599 et
215 1548 458 1614 spiritum
487 1554 532 1599 et
563 1543 770 1596 omnia:
791 1541 883 1596 26.
909 1541 1123 1610 fecitque
1144 1555 1207 1593 ea:
1227 1555 1327 1592 uno
1348 1538 1593 1607 sanguine
1613 1550 1759 1587 omne

144 1655 303 1707 gntus
330 1637 596 1689 hominum
629 1633 861 1686 habitare
888 1648 1039 1701 super
1066 1633 1347 1684 universam
1375 1629 1556 1699 faciem
1585 1637 1752 1688 teme.

148 1731 256 1783 IIrrt':
286 1729 380 1783 Dei
416 1727 694 1795 proprium
728 1733 829 1779 est.
854 1725 985 1778 \‘idc
1012 1739 1142 1794 ergo
1170 1739 1346 1777 annon
1382 1721 1496 1775 lucc
1525 1720 1592 1774 de
1614 1718 1756 1808 .Filio

145 1824 304 1875 ctiam
336 1819 445 1873 dici
477 1817 710 1888 possint.
762 1815 890 1871 Cwli
912 1857 925 1882 ,
960 1816 1161 1884 inquit,
1206 1824 1252 1867 ct
1285 1825 1430 1867 terra:
1459 1811 1752 1866 Dominus:

145 1929 260 1979 qua:
289 1912 364 1966 illi
399 1911 662 1980 putabant
696 1908 827 1962 deos
853 1921 992 1961 esse.
1041 1908 1106 1961 Et
1144 1907 1475 1960 creationem
1519 1904 1756 1959 declarat

146 2014 194 2058 et
225 2003 498 2058 hontincs.
545 2001 810 2069 Deﬁniens
846 2009 1033 2054 statuta
1063 2009 1288 2068 tempora
1321 2009 1365 2050 et
1396 1998 1635 2050 terminos
1664 1996 1754 2048 ha-

146 2096 403 2149 bitationis
425 2111 604 2148 eorum
620 2135 634 2158 ,
658 2092 750 2145 27.
772 2108 995 2161 qua'rere
1009 2090 1197 2157 Deum,
1222 2092 1263 2143 si
1291 2092 1422 2158 {orte
1449 2101 1753 2143 contrectcnt

145 2205 253 2240 eum
280 2197 368 2240 aut
395 2186 691 2251 inveniant,
718 2184 947 2254 quamvis
975 2201 1075 2237 non
1107 2185 1253 2254 longe
1277 2185 1339 2237 sit
1370 2183 1430 2236 ab
1457 2200 1755 2252 unoquoque

145 2292 390 2333 nostrum.
411 2279 504 2332 ‘28.
534 2277 594 2330 In
617 2279 730 2348 ipso
757 2278 891 2330 enim
919 2278 1127 2330 vivimus
1147 2287 1192 2330 et
1218 2294 1474 2330 movemur
1491 2287 1536 2330 et
1553 2293 1749 2330 sumus.

145 2373 288 2425 Sicut
332 2370 548 2437 quidam
598 2379 864 2440 poetarum
909 2379 1187 2422 vestrorum
1231 2369 1470 2422 dixerunt
1511 2386 1530 2422 :
1575 2367 1750 2438 Ipsius

142 2465 272 2517 enim
303 2472 348 2515 et
376 2479 540 2534 genus
569 2477 766 2515 sumus.
801 2460 915 2515 IIoc
942 2461 1136 2514 Aratus
1167 2472 1319 2529 poeta
1352 2460 1505 2514 dixit.
1540 2460 1671 2514 Vide
1697 2468 1751 2513 ut

143 2555 638 2610 demonstrationes
678 2553 867 2608 all'erat
902 2563 956 2610 et
995 2555 1061 2608 ab
1098 2555 1194 2619 iis,
1235 2570 1356 2625 qnze
1388 2555 1485 2624 ipsi
1514 2554 1753 2615 feceram

138 2650 513 2718 dixerantque.
545 2647 638 2705 29.
672 2647 841 2702 Genus
871 2664 988 2719 ergo
1014 2664 1128 2701 cum
1150 2649 1307 2702 simus
1333 2648 1446 2712 Dei,
1475 2665 1575 2702 non
1604 2649 1750 2702 debe-

143 2759 249 2796 mus
277 2744 538 2795 testimare
567 2758 693 2794 auro
720 2750 768 2795 et
789 2751 998 2808 argento
1019 2752 1105 2795 aut
1127 2743 1309 2811 lapidi,
1336 2744 1609 2812 sculpturis
1627 2745 1748 2797 artis

136 2843 182 2886 et
208 2833 535 2903 cogitationis
562 2833 808 2896 hominis,
838 2832 1002 2887 Deum
1023 2850 1130 2888 esse
1153 2835 1391 2889 similem.
1419 2837 1574 2905 Atqui
1606 2837 1745 2902 ideo,

141 2927 388 2994 inquies,
436 2924 720 2980 debemus.
753 2924 1008 2981 Minime:
1048 2942 1223 2997 neque
1254 2929 1398 2981 enim
1440 2943 1536 2982 nos
1576 2944 1747 2997 neque

138 3018 331 3070 anima:
367 3025 573 3070 no.~tra:
601 3016 827 3071 similes.
860 3017 967 3072 Cur
1000 3033 1129 3089 ergo
1163 3036 1266 3072 non
1300 3021 1478 3074 Statim
1511 3021 1747 3090 philoso-

142 3111 296 3176 phice
324 3111 584 3180 loquutus
611 3120 726 3176 est,
759 3126 858 3166 nec
884 3110 1018 3165 dixit
1044 3129 1057 3165 :
1099 3113 1236 3166 Deus
1271 3114 1622 3182 incorporeus
1650 3130 1744 3167 na-

141 3212 252 3256 tura
278 3242 292 3266 ,
345 3201 633 3254 invisibilis
663 3211 744 3256 est
775 3210 831 3257 et
859 3202 974 3256 sine
1003 3203 1208 3272 Iigura?
1253 3203 1384 3271 Quia
1414 3204 1741 3274 superﬂuum

139 3292 427 3347 videbatur
468 3293 574 3347 hoc
606 3292 788 3348 dicere
823 3294 1162 3360 hominibus,
1195 3297 1287 3366 qui
1323 3297 1558 3350 nondum
1601 3297 1739 3351 didi-

137 3393 343 3450 cerant,
374 3399 542 3439 unum
561 3399 679 3440 esse
708 3384 902 3440 Deum.
933 3386 1054 3441 Ideo
1077 3387 1257 3441 missis
1283 3388 1407 3452 illis,
1440 3389 1491 3441 in
1515 3404 1579 3442 eo
1600 3390 1740 3459 quod

135 3477 240 3545 jam
273 3478 543 3546 quaeritur
572 3476 772 3531 insistit
798 3518 812 3542 ,
844 3486 899 3532 et
925 3480 998 3531 ait
1025 3497 1037 3531 :
1072 3479 1160 3533 50.
1189 3478 1253 3532 Et
1286 3489 1514 3549 tempora
1543 3482 1741 3552 quidem

141 3571 292 3632 huius
323 3570 632 3638 ignorantia:
667 3570 951 3637 despiciens
978 3570 1115 3624 Deus
1134 3612 1147 3635 ,
1195 3587 1329 3624 nunc
1355 3575 1621 3625 annuntiat
1650 3574 1738 3627 ho-

140 3662 357 3716 minibus
379 3704 395 3726 ,
437 3671 491 3714 ut
544 3679 716 3716 omnes
745 3662 925 3732 ubique
953 3664 1299 3730 paenitentiam
1356 3675 1527 3735 agant,
1573 3667 1659 3720 51.
1684 3682 1742 3720 eo

139 3753 275 3820 quod
294 3753 473 3806 statuit
495 3753 650 3820 diem,
678 3754 733 3807 in
759 3769 857 3823 quo
880 3755 1202 3823 iudicaturus
1228 3765 1297 3809 est
1325 3755 1491 3810 orbam
1516 3758 1566 3809 in
1583 3759 1741 3827 justi-

141 3848 228 3911 tia,
247 3846 301 3898 in
318 3846 428 3899 viro
445 3845 496 3898 in
522 3861 619 3914 quo
643 3846 838 3904 statuit.
858 3846 1009 3913 ﬁdem
1029 3849 1258 3916 pratbens
1287 3827 1515 3902 annitbus
1534 3891 1548 3916 ,
1579 3852 1744 3905 susci-

141 3947 250 3988 tans
273 3951 392 3990 eum
433 3951 464 3987 a
492 3935 724 3989 mortuis.
753 3933 929 3990 Vide:
963 3945 1243 4007 postquam
1276 3955 1466 3993 eorum
1504 3950 1738 3998 mentem

139 4035 515 4093 concusserat,
547 4041 667 4080 cum
697 4025 920 4091 diceret,
955 4026 1150 4081 Statuit
1177 4029 1329 4094 diem,
1362 4029 1587 4101 illosque
1627 4041 1738 4087 ter-

141 4127 356 4182 ruerat;
391 4126 518 4170 tunc
547 4125 854 4186 opportune
883 4117 984 4172 hoc
1016 4117 1237 4186 inducit,
1270 4119 1535 4175 Suscitans
1556 4140 1667 4175 eum
1710 4140 1741 4177 a

142 4208 376 4262 mortuis.
407 4205 515 4261 Sed
546 4209 826 4276 superiora
859 4193 1186 4278 repetamus.
1221 4210 1346 4264 Cant
1375 4213 1596 4268 Athenis
1624 4214 1742 4270 illos

142 4307 456 4371 expectaret
483 4297 708 4362 Paulus,
737 4301 1060 4370 incitabatur,
1093 4303 1282 4374 inquit,
1305 4307 1514 4371 spiritus
1541 4309 1649 4376 ejus
1688 4308 1741 4362 in

140 4407 214 4443 eo.
237 4389 355 4444 Non
388 4390 521 4443 iram
551 4390 632 4444 vel
661 4389 1082 4462 indignationem
1107 4395 1190 4449 hie
1219 4395 1482 4464 signiﬁcat
1502 4398 1742 4453 incitatio

141 4482 245 4548 illa,
278 4481 375 4538 sed
412 4483 746 4553 vigilantiam
777 4494 832 4538 et
861 4486 1057 4553 zelum,
1090 4497 1147 4540 ut
1173 4498 1226 4543 et
1257 4489 1384 4543 alibi
1411 4508 1424 4538 :
1457 4490 1619 4545 Facta
1644 4504 1739 4561 est,

143 4572 339 4643 inquit,
371 4573 616 4628 dissentio
645 4575 778 4628 inter
804 4575 923 4629 illos
951 4577 1090 4647 (Act.
1125 4579 1210 4634 Ii}.
1235 4580 1349 4650 59).

205 4663 259 4717 2.
305 4662 445 4718 Vide
485 4674 664 4718 autem
697 4667 971 4736 quomodo
1010 4671 1392 4739 provideatur,
1438 4685 1493 4729 ut
1541 4675 1740 4734 invitus

148 4756 253 4812 illic
280 4763 501 4810 maneat
529 4766 852 4827 exspectans
884 4759 1021 4816 illos.
1070 4762 1207 4828 Quid
1246 4779 1375 4833 ergo
1405 4775 1505 4830 est,
1541 4767 1739 4822 Incita-

141 4849 282 4904 botur
297 4849 322 4900 7
346 4848 400 4903 Id
419 4858 521 4916 est,
541 4849 876 4905 excitabatur
893 4868 905 4906 :
924 4851 992 4906 ab
1009 4853 1085 4907 ira
1103 4863 1157 4909 et
1173 4855 1536 4926 indignatione
1554 4863 1737 4929 procul

142 4949 250 4994 erat
279 4940 384 4996 hoc
413 4940 635 4998 donum.
670 4943 788 4998 Non
821 4944 1041 5012 ferebat,
1069 4948 1161 5003 sed
1192 4949 1516 5006 tabescebat.
1550 4952 1740 5024 Dispu-

142 5035 271 5088 tabat
299 5051 421 5105 ergo
451 5035 502 5089 in
529 5047 794 5108 synagoga
820 5055 933 5091 cum
958 5037 1159 5094 Judteis
1179 5083 1192 5108 ,
1224 5042 1428 5112 inquit,
1459 5054 1504 5098 et
1527 5046 1741 5100 colenti-

143 5128 245 5181 bus.
264 5125 400 5182 Vide
424 5143 608 5183 rursus
638 5139 826 5184 contra
845 5128 1059 5186 Iuda-os
1079 5131 1328 5202 dis-putati
1339 5145 1464 5189 tem.
1485 5135 1738 5193 Colentcs

143 5231 312 5272 autem
335 5229 492 5273 vocat
517 5220 845 5292 pros’elytos.
880 5221 1114 5293 Dispersi
1143 5240 1372 5295 namque
1394 5240 1546 5282 erant
1567 5228 1737 5284 Judaei

145 5312 333 5382 ubique
362 5311 434 5368 ab
474 5313 710 5368 adventu
743 5313 984 5370 Christi:
1018 5331 1140 5370 nam
1184 5318 1342 5372 simul
1389 5319 1512 5375 inde
1553 5332 1607 5376 et
1652 5323 1737 5376 lex

144 5402 465 5468 solvebatur,
497 5413 554 5459 et
584 5404 835 5460 homines
867 5406 1122 5476 pietatem
1155 5408 1439 5464 docebant.
1473 5410 1576 5466 Sed
1607 5412 1736 5465 nihil

145 5493 212 5548 illi
261 5493 658 5564 lucrabantur,
709 5496 813 5551 nisi
861 5505 1066 5551 tantum
1109 5498 1473 5554 calamitatum
1520 5516 1735 5556 suarum

148 5585 444 5641 testimonia
473 5587 760 5644 habentes.
800 5589 1020 5656 Quidam
1046 5601 1212 5644 autem
1235 5590 1477 5661 Epicurei
1500 5605 1545 5644 et
1572 5591 1739 5647 Stoici

147 5678 430 5748 philosophi
459 5679 774 5734 disserebant
804 5696 917 5733 cum
959 5698 1035 5735 eo.
1087 5680 1204 5735 Non
1241 5683 1353 5751 jam
1389 5683 1596 5752 legibus
1627 5683 1738 5738 suis

147 5772 429 5826 utebantur
459 5771 846 5837 Athenienses,
873 5781 1059 5842 utpote
1091 5773 1350 5828 Romanis
1381 5774 1625 5845 subjecti.
1676 5774 1739 5827 Et

150 5862 278 5919 unde
320 5861 576 5918 volebant
626 5864 704 5919 illi
761 5863 1079 5934 disputare?
1128 5866 1261 5933 Quia
1312 5867 1559 5922 videbant
1603 5868 1735 5922 alios

1057 419 1122 473 IN
1164 416 1347 472 ACTA
1390 411 1917 469 APOSTOLOIIUJI.
1965 413 2200 465 IlUMlL.
2247 411 2534 467 XXXVIII.

3374 412 3480 466 9.70

1875 527 2202 581 disserentes
2225 570 2238 588 ,
2278 536 2331 582 et
2361 531 2531 581 virum
2563 528 2613 582 iu
2645 528 3040 583 existimatione
3071 527 3276 583 haberi.
3313 528 3381 582 Et
3406 529 3476 581 vi-

1872 617 1957 681 de,
1987 619 2166 672 statim
2198 619 2587 672 contumeliose
2607 613 2627 686 (
2648 619 2895 672 Animalis
2917 619 3047 672 enim
3077 619 3342 672 homonon
3365 633 3481 670 sus-

1870 709 1990 776 cipit
2020 725 2080 762 ea
2109 725 2222 778 qua:
2247 719 2364 763 sunt
2396 708 2626 776 Spiritus
2670 705 2763 778 [1.
2795 708 2915 764 Cor.
2946 712 3001 762 ‘2.
3031 703 3186 776 14]),
3212 707 3477 762 Novarum

1871 797 2238 851 dwmoniorum
2268 799 2346 869 (a)
2373 840 2387 864 ,
2423 799 2671 869 inquiunt
2695 841 2710 863 ,
2743 799 2941 852 videtur
2981 800 3314 852 annuntiator
3348 815 3477 852 esse.

1874 889 2146 942 Dmnouia
2189 889 2325 945 deos
2370 905 2498 944 suos
2529 890 2831 945 vomitant:
2864 901 3020 944 erant
3049 891 3192 945 enim
3233 890 3479 944 civitates

1870 979 2026 1032 idolis
2056 981 2250 1050 pleure.
2288 982 2670 1050 Apprehcnsttm
2700 977 2849 1034 illuni
2876 983 2928 1034 in
2955 981 3277 1051 Areopagum
3316 982 3476 1034 duxe-

1866 1083 2016 1136 rant,
2051 1073 2294 1130 dicentes.
2328 1074 2438 1129 Cur
2478 1074 2529 1129 in
2561 1077 2906 1145 Areopagum
2938 1075 3112 1144 ipsum
3149 1075 3475 1129 traxerunt?

1866 1160 1934 1216 Ut
1976 1167 2463 1232 perterrel'acerent
2493 1183 2506 1220 :
2543 1166 2612 1222 ibi
2645 1168 2787 1222 enim
2826 1167 3084 1236 capitales
3111 1182 3301 1221 causas
3326 1167 3469 1235 judi-

1866 1253 2078 1308 cabant.
2107 1253 2388 1310 Possumus
2407 1258 2537 1312 scire
2559 1273 2674 1327 qua?
2699 1259 2762 1312 sit
2790 1275 2921 1312 nova
2944 1258 3057 1322 illa,
3077 1274 3190 1326 qua:
3216 1275 3246 1311 a
3273 1268 3319 1310 te
3346 1258 3475 1317 dici-

1866 1356 1966 1407 tur,
1995 1346 2267 1400 doctrina?
2292 1364 2421 1401 noua
2440 1350 2573 1402 enim
2591 1349 2826 1419 quadam
2849 1351 3007 1420 infers
3029 1349 3238 1402 auribus
3260 1349 3464 1402 nostris.

1867 1436 2193 1490 .it/unienses
2228 1449 2396 1491 autem
2428 1456 2599 1493 omnes
2643 1450 2690 1492 et
2728 1440 2798 1493 ibi
2832 1449 3087 1493 versantes
3129 1438 3383 1510 peregrini
3419 1439 3473 1491 in

1865 1527 2006 1579 nullo
2034 1528 2137 1581 alio
2169 1539 2368 1599 tempus
2397 1529 2643 1596 terebant,
2673 1546 2824 1598 quant
2856 1540 2910 1581 ut
2940 1529 3205 1599 quidpiam
3232 1528 3346 1581 nari
3385 1528 3469 1581 di-

1863 1632 2028 1670 cerent
2055 1619 2134 1672 vel
2155 1621 2412 1673 audirent.
2448 1621 2543 1675 llic
2575 1635 2705 1674 vero
2738 1603 3002 1676 indicatur
3027 1634 3143 1686 eos,
3173 1618 3383 1673 etiamsi
3412 1618 3466 1672 in

1864 1707 1965 1764 hoc
1990 1725 2207 1780 semper
2231 1722 2596 1777 versarentur,
2621 1721 2678 1766 ut
2707 1713 3057 1782 loquerentur
3084 1712 3165 1766 vel
3194 1711 3464 1774 audirent,

1865 1808 2041 1853 tamen
2091 1801 2178 1854 illa
2227 1810 2443 1870 putasse
2475 1818 2646 1864 nova,
2688 1818 2808 1871 qnte
2837 1818 3128 1871 numquam
3160 1802 3461 1856 audierant.

1865 1889 2021 1945 Stans
2052 1901 2219 1944 autem
2247 1890 2445 1946 Paulus
2468 1893 2518 1946 in
2544 1895 2706 1945 medio
2729 1893 2982 1962 AreOpagi
3000 1935 3012 1957 ,
3039 1893 3110 1945 ait
3135 1908 3153 1946 .'
3193 1891 3294 1946 Viri
3319 1894 3467 1946 Athe-

1862 1985 2057 2038 nienses
2083 2027 2095 2047 ,
2145 2003 2235 2055 per
2276 1989 2446 2038 omnia
2491 1987 2637 2056 quasi
2677 1987 3130 2055 superstitiosiores
3178 2004 3259 2041 vos
3298 1988 3455 2040 video.

1867 2076 2168 2132 Prteteriens
2195 2080 2327 2132 enim
2355 2090 2401 2132 et
2427 2080 2601 2133 videns
2629 2081 2907 2133 simulacra
2935 2088 3117 2133 vestra.
3149 2080 3264 2134 Non
3297 2080 3461 2148 dixit,

1865 2169 2163 2233 [LL-manas,
2199 2170 2293 2224 sed
2337 2171 2476 2224 viam
2508 2182 2659 2239 parat
2693 2172 2966 2236 sermoni;
3005 2171 3125 2225 ideo
3154 2171 3283 2225 dicit
3307 2213 3321 2235 ,
3355 2172 3463 2226 Su-

1860 2263 2248 2331 p:‘t'sti.‘iosiort’s
2277 2281 2362 2317 vos
2387 2264 2528 2319 video
2549 2307 2562 2327 ,
2591 2273 2813 2333 pregzlcr
2843 2281 3012 2318 aram.
3043 2265 3182 2318 Deus
3201 2307 3214 2330 ,
3255 2265 3424 2334 iuqttit
3445 2307 3458 2328 ,

1858 2353 1944 2421 qui
1975 2354 2091 2422 fecit
2121 2355 2368 2407 mundum
2392 2395 2405 2416 ,
2439 2364 2482 2407 et
2513 2356 2682 2407 omnia
2715 2372 2826 2420 qua:
2855 2356 2904 2408 in
2931 2373 2988 2408 eo
3017 2365 3152 2409 sunt.
3187 2355 3299 2412 Una
3329 2371 3462 2412 vere

1857 2447 2034 2500 omnia
2081 2447 2525 2517 philosoplmrum
2581 2448 2831 2518 dogmata
2881 2449 3164 2503 subvertit.
3215 2450 3461 2518 Epicurei

1861 2554 2089 2608 namque
2119 2540 2299 2593 omnia
2334 2556 2428 2609 per
2455 2557 2512 2594 se
2544 2542 2810 2596 exsistere
2838 2542 3086 2595 dieebant
3107 2583 3121 2609 ,
3152 2551 3205 2596 et
3235 2558 3299 2596 ex
3342 2551 3459 2595 ato-

1859 2632 1958 2684 mis
1987 2641 2235 2687 constare
2263 2650 2274 2684 :
2305 2631 2470 2687 Stoici
2502 2649 2629 2688 vero
2653 2648 2852 2703 corpus
2876 2646 2928 2689 et
2958 2635 3458 2706 conﬂagratiorem.

1860 2721 1952 2775 llic
1989 2737 2122 2776 vero
2153 2721 2284 2776 dicit
2316 2740 2326 2774 :
2365 2724 2629 2776 mnndmn
2660 2734 2714 2778 et
2754 2729 2933 2780 omnia
2973 2741 3093 2794 qum
3122 2725 3172 2779 in
3204 2741 3270 2781 eo
3295 2736 3455 2791 sunt,

1855 2830 1989 2880 opus
2034 2829 2156 2870 esse
2199 2816 2311 2869 Dei.
2361 2816 2547 2871 \‘iden’
2596 2818 2914 2873 brevitatem
2942 2860 2954 2882 ,
3007 2829 3060 2872 et
3109 2820 3159 2872 in
3195 2818 3458 2875 brevitate

1854 2908 2205 2962 claritatem?
2239 2909 2306 2962 Et
2339 2909 2458 2964 vide
2488 2926 2735 2978 qua'nnn:
2771 2911 2900 2980 ipsis
2935 2927 3069 2966 nova
3102 2912 3453 2968 viderentur:

1853 3000 1996 3068 quod
2028 2999 2170 3054 Dens
2198 3000 2459 3054 mundum
2489 3000 2728 3057 fecisset.
2761 3003 2889 3070 Qure
2921 3019 3062 3056 nunc
3095 3004 3272 3057 intima
3307 3006 3457 3074 plebs

1852 3093 1991 3156 scit,
2044 3092 2363 3162 ignorabant
2397 3095 2792 3161 Athenienses,
2835 3104 2890 3149 et
2929 3097 3335 3152 Atheniensium
3365 3114 3456 3155 sa-

1854 3183 2082 3250 pientes.
2117 3183 2173 3238 Si
2203 3199 2434 3253 namque
2463 3183 2592 3239 fecit
2614 3227 2628 3250 ,
2659 3185 2845 3254 utique
2875 3187 3133 3241 Dominus
3160 3197 3261 3242 est.
3295 3189 3453 3259 Vide,

1849 3273 1974 3343 quid
2004 3274 2146 3328 dicat
2179 3290 2299 3330 esse
2329 3287 2706 3344 argumentum
2735 3277 2967 3342 deitatis,
3003 3293 3197 3348 nempe
3227 3283 3456 3335 creatio-

1850 3380 2014 3431 nem;
2065 3365 2116 3419 id
2160 3365 2302 3434 quod
2339 3367 2501 3420 etiam
2539 3365 2709 3421 Filius
2751 3367 2930 3422 habet.
2983 3368 3115 3422 Nam
3157 3370 3206 3424 id
3256 3373 3454 3443 ubique

1849 3459 2028 3513 dieunt
2064 3461 2366 3528 prophetae,
2399 3459 2492 3513 Dei
2527 3475 2649 3516 esse
2672 3475 2858 3517 creare
2885 3483 2897 3526 ς
2930 3479 3035 3516 non
3062 3479 3190 3518 vero
3216 3467 3355 3520 siettt
3376 3469 3452 3522 illi

1847 3552 2116 3617 dicebant,
2149 3553 2314 3606 alium
2345 3554 2703 3620 COlLdIlOl‘Cllt,
2738 3570 2838 3610 nec
2862 3555 3137 3611 dominum
3167 3574 3305 3621 esse,
3336 3574 3454 3613 ma-

1851 3645 2037 3699 teriam
2086 3660 2193 3699 uon
2246 3645 2436 3699 factam
2489 3661 2610 3701 esse
2657 3659 3042 3718 supponentes.
3096 3650 3193 3705 llic
3234 3650 3452 3707 demum

1847 3737 2183 3805 aenigmatice
2209 3737 2352 3806 quod
2375 3753 2531 3791 suum
2560 3747 2663 3802 est,
2686 3739 2814 3793 dicit
2843 3755 2895 3794 et
2919 3739 3094 3794 ﬁrmat
3120 3757 3133 3805 ;
3158 3742 3297 3810 quod
3327 3757 3454 3798 vero

1850 3828 2063 3882 illorum
2093 3837 2196 3894 est,
2233 3839 2445 3899 purgat.
2481 3828 2602 3884 Non
2634 3831 2687 3884 in
2723 3835 3050 3903 manufactis,
3085 3833 3275 3903 inquit,
3305 3836 3453 3890 habi-

1849 3929 1941 3972 tat.
1971 3919 2185 3974 Ilabitat
2213 3920 2432 3990 quidem
2466 3921 2518 3974 in
2552 3922 2786 3991 templis,
2814 3935 2868 3977 at
2901 3940 3007 3978 non
3034 3925 3086 3978 in
3119 3926 3330 3990 talibus,
3357 3926 3453 3982 sed

1851 4011 1900 4065 in
1932 4011 2108 4064 anima
2141 4011 2400 4065 humana.
2435 4012 2571 4068 Vide
2600 4016 2939 4083 corporalem
2969 4017 3182 4071 sustulit
3224 4020 3445 4073 cultum.

1848 4102 1984 4168 Quid
2015 4103 2186 4172 ergo?
2227 4117 2408 4158 annon
2443 4103 2720 4159 habitabat
2755 4107 2807 4161 in
2842 4109 3044 4177 templo
3087 4108 3449 4180 Jerosolymo-

1849 4194 2012 4248 rum?
2060 4193 2173 4248 Non
2217 4195 2434 4264 utique,
2480 4197 2575 4250 sed
2623 4198 2966 4266 operabatur.
3012 4200 3292 4266 Quomodo
3323 4215 3452 4271 ergo

1848 4286 2127 4340 colebatur
2156 4287 2406 4342 manibus
2434 4287 2685 4342 humanis
2713 4289 2852 4359 apud
2883 4290 3143 4346 Jud:eos?
3188 4291 3304 4346 Non
3335 4308 3451 4347 ma-

1849 4379 2026 4444 nibus,
2051 4379 2146 4432 sed
2172 4379 2442 4433 mentibus
2468 4396 2483 4434 :
2514 4396 2637 4434 nam
2664 4381 2753 4435 illa
2774 4399 2878 4437 non
2898 4384 2974 4437 sic
3002 4385 3279 4454 quarrebat
3298 4387 3452 4456 quasi

1849 4469 1912 4522 iis
1944 4483 2077 4538 opus
2106 4469 2331 4526 haberet
2355 4489 2367 4524 :
2396 4470 2665 4542 Numquid
2686 4474 3026 4541 manducabo,
3052 4476 3245 4546 inquit,
3274 4495 3453 4534 carnes

1849 4569 2147 4626 taurorum,
2191 4570 2281 4614 aut
2319 4563 2623 4631 sanguinem
2648 4563 2910 4618 hircorum
2936 4566 3121 4636 potabo
3150 4565 3329 4638 (Psal.
3359 4571 3448 4625 49.

1851 4653 1994 4722 l5)?
2036 4637 2242 4708 Deinde.
2280 4670 2399 4708 cum
2438 4655 2706 4710 dixisset:
2741 4657 2918 4727 Neque
2955 4637 3186 4713 manibus
3216 4660 3451 4716 humanis

1846 4745 2050 4806 colitur,
2079 4745 2311 4815 indigens
2341 4746 2512 4814 aliqua
2535 4764 2554 4811 ;
2579 4747 2700 4816 quia
2735 4747 2836 4802 hoc
2857 4763 2964 4801 non
2988 4750 3118 4804 satis
3147 4760 3284 4819 erat,
3306 4753 3454 4807 nullo

1846 4849 2026 4904 egere,
2058 4844 2116 4888 ut
2143 4834 2351 4890 dixerat
2377 4853 2391 4899 ;
2422 4852 2542 4896 mm
2566 4837 2805 4892 divinum
2827 4839 3043 4908 quidem
3074 4840 3200 4895 illud
3226 4852 3331 4910 est,
3356 4844 3449 4898 sed

1846 4925 1990 4980 aliud
2023 4927 2354 4996 requiritur:
2388 4927 2608 4997 adjicit:
2639 4927 2667 4982 Ι
2677 4947 2764 4998 pse
2791 4930 2921 4985 dans
2951 4932 3183 4987 omnibus
3213 4935 3366 4988 vitam
3404 4946 3450 4990 et
3521 4961 3530 4967 -

1846 5020 2080 5089 spiritum
2123 5031 2169 5072 ct
2212 5021 2403 5072 omnia.
2457 5020 2571 5076 Duo
2614 5019 2910 5076 divinitatis
2945 5021 3144 5078 indicia
3189 5025 3449 5092 exhibet,

1909 5197 1981 5261 (a)
2010 5199 2093 5247 llic
2117 5204 2248 5261 uolat
2279 5197 2530 5261 Dounteus
2546 5199 2596 5246 in
2612 5197 2872 5261 _Savilianis
2895 5211 3025 5252 notis
3047 5215 3060 5250 :
3087 5201 3323 5255 Platonici
3346 5205 3447 5255 dis-

1846 5257 2066 5322 tinguunt
2111 5257 2390 5322 diligenter,
2426 5258 2560 5320 deos,
2586 5259 2830 5322 dcentones
2863 5269 2910 5312 et
2949 5262 3142 5314 heroas.
3178 5273 3303 5316 Deos
3323 5267 3450 5317 enim

1845 5322 1895 5391 in
1916 5319 2104 5372 summa
2119 5319 2289 5391 gradu
2312 5319 2509 5384 ponunt,
2525 5319 2640 5384 quos
2656 5321 2825 5391 cicero
2845 5331 3037 5391 venuste
3061 5327 3296 5391 majorum
3320 5342 3446 5391 gen-

1847 5385 1967 5432 tium
1983 5382 2213 5446 appellat.
2245 5382 2498 5433 Daemones
2522 5382 2630 5434 aunt
2657 5382 2877 5496 illis,
2901 5387 3037 5436 nobis
3054 5382 3234 5449 αηῇριί.
3263 5382 3448 5440 Promi-

1847 5459 1960 5494 sene
1984 5451 2144 5494 tamen
2169 5452 2470 5496 usurpentur
2493 5444 2600 5495 htec
2622 5446 2802 5496 vocabit
2855 5485 2869 5496 .
2895 5454 2951 5496 ut
2969 5450 3100 5496 amtd
3133 5456 3326 5496 nactam
3361 5459 3448 5496 .m-

1845 5459 1960 5513 sene
1984 5444 2470 5513 tamen_us_urpantur
2493 5444 2600 5495 htec
2622 5444 2869 5509 vocabula,
2895 5454 2951 5498 ut
2969 5450 3100 5513 apud
3120 5444 3326 5513 "pacatam
3361 5459 3449 5501 Ju-

1845 5505 1968 5559 piter
1992 5505 2340 5576 proﬁciscitur,
2379 5520 2471 5576 parti
2494 5515 2669 5576 Sabaeus
2692 5516 2842 5576 «ξυιυς,
2856 5505 3010 5571 ἀποᾱ
3024 5505 3317 5576 Augustinus
3338 5527 3449 5576 quo-

1847 5581 1941 5632 que
1967 5567 2178 5632 afﬁrmat
2206 5567 2266 5632 de
2286 5567 2486 5618 (iritate
2512 5568 2619 5632 Dci,
2645 5569 2678 5618 l.
2704 5570 2763 5632 8.,
2788 5567 3071 5622 (sororum
3092 5567 3446 5625 dcemmtior'um

1849 5629 2038 5695 ridetur
2061 5629 2369 5695 annuntiator
2391 5643 2525 5695 esse;
2550 5647 2574 5695 ξ
2603 5631 2692 5681 hoc
2713 5631 2844 5682 idem
2867 5633 3106 5695 objectum
3134 5641 3205 5684 est
3237 5635 3442 5686 Socrati.

1847 5691 2094 5741 llomerus
2118 5693 2238 5740 item
2260 5692 2383 5741 deos
2416 5692 2658 5740 interdtun
2688 5701 2827 5743 vocat
2863 5691 3127 5746 daemonas.
3155 5697 3292 5747 Idem
3315 5698 3447 5748 Dou-

1851 5767 1985 5802 nzeus
2007 5754 2071 5801 de.
2095 5753 2263 5818 stoicis
2287 5767 2298 5800 :
2320 5752 2582 5818 stoicorum
2607 5754 2769 5818 opinio
2790 5756 2880 5818 fuit
2902 5793 2916 5816 ,
2952 5767 3002 5807 ut
3024 5761 3089 5808 ad
3135 5770 3405 5809 extremam
3433 5796 3442 5813 .

1850 5828 1960 5884 cum
1985 5815 2194 5884 tmtndus
2237 5814 2591 5884 conflagraret,
2619 5814 2886 5880 absumptis
2904 5814 3094 5882 quibus
3127 5819 3197 5872 sol
3235 5828 3281 5872 et
3304 5829 3438 5872 ast-1.

1851 5875 2046 5927 altnttttr
2072 5875 2369 5936 htmtoribus,
2394 5875 2551 5926 bunda
2577 5875 2894 5940 ignoscerent.
