4034 6406
610 389 711 443 ‘27!

610 502 756 577 quod
783 503 927 559 nullo
950 500 1213 571 indigeat,
1227 498 1440 570 etquod
1461 497 1709 553 omnibus
1729 495 1908 550 omnia
1935 493 2187 565 prtebeat.

566 646 567 649 η
613 596 728 652 llue
748 594 935 659 confer
956 594 1133 652 omnia
1151 609 1270 665 qua:
1291 594 1356 649 de
1374 592 1483 648 Deo
1494 590 1643 645 I'lato
1663 587 2068 659 philosophatus
2086 595 2187 652 est,

610 701 729 757 quae
754 685 1013 754 Epicurus
1041 727 1053 750 ,
1086 694 1142 739 et
1186 685 1313 740 haec
1342 682 1518 747 omnia
1562 680 1663 734 illis
1707 686 2010 748 comparata
2040 691 2191 747 nugae

609 782 756 831 sunt.
805 774 951 829 Dans
975 815 989 841 ,
1036 774 1237 846 inquit,
1269 774 1422 827 vitam
1446 780 1492 825 et
1520 770 1772 845 spiritum.
1825 769 1959 823 Ecce
1998 769 2191 823 animat

605 881 822 937 quoque
846 867 1020 937 ipsqu
1048 874 1346 922 creatorem
1376 862 1506 918 facit
1528 903 1542 927 ,
1574 876 1678 919 non
1706 860 2025 931 genitorem.
2060 857 2192 915 Vide

609 972 821 1012 rursum
866 956 1137 1027 quomodo
1180 955 1422 1011 destruat
1463 966 1769 1008 sermonem
1815 949 1884 1005 de
1921 948 2187 1003 materia:

613 1044 849 1117 Fecitque
868 1086 884 1111 ,
916 1046 1083 1115 inquit
1107 1086 1122 1111 ,
1165 1060 1227 1099 ea:
1258 1060 1357 1099 uno
1397 1044 1645 1114 sanguine
1674 1059 1821 1095 omne
1845 1057 2001 1112 genus
2030 1040 2192 1095 Itami-

611 1154 752 1202 uum,
785 1138 1008 1192 habitare
1031 1151 1181 1203 super
1207 1151 1401 1189 onmem
1424 1136 1606 1209 facient
1633 1143 1795 1188 terrm.
1822 1131 1946 1189 lla‘c
1970 1132 2190 1189 meliora

610 1230 711 1283 illis
731 1269 746 1295 ,
777 1236 831 1283 et
859 1226 1377 1283 conl‘utant'atomos
1402 1225 1807 1299 materiamque.
1840 1223 1934 1281 llic
1962 1220 2191 1278 ostendit

610 1336 715 1372 non
742 1334 860 1375 csse
885 1318 1134 1389 partitam
1162 1334 1333 1391 neque
1360 1315 1589 1382 hominis
1611 1316 1864 1377 animam.
1886 1313 2039 1385 Quod
2065 1325 2189 1367 vero

607 1412 679 1465 illi
708 1409 928 1477 dicunt,
969 1408 1072 1463 hoc
1100 1424 1205 1462 non
1236 1415 1317 1463 est
1355 1421 1477 1462 esse
1506 1405 1858 1473 conditorem.
1902 1402 2035 1471 Cum
2062 1402 2191 1457 dicit

605 1512 784 1557 autem
816 1517 927 1556 non
956 1500 1204 1556 manibus
1232 1499 1481 1556 humanis
1508 1499 1611 1555 coli
1637 1498 1843 1571 Deum,
1888 1496 2190 1553 subiudicat

607 1596 753 1655 illum
784 1597 967 1665 animo
990 1606 1038 1651 et
1071 1605 1251 1663 mente
1272 1594 1399 1663 ,coli.
1432 1591 1569 1659 llic,
1600 1591 1802 1662 inquit,
1828 1590 1941 1657 φωιί
1971 1601 2017 1643 et
2047 1599 2191 1643 terra:

604 1704 720 1742 cuin
754 1687 817 1743 sit
860 1685 1127 1755 Dominus.
1171 1684 1286 1738 Non
1315 1696 1443 1754 ergo
1471 1680 1746 1738 daemones
1781 1681 2184 1751 quidempecu-

604 1782 783 1837 liarcs.
823 1780 961 1837 Deus
1001 1782 1084 1849 qui
1114 1781 1230 1850 fecit
1272 1780 1551 1844 mundum,
1595 1788 1642 1833 et
1674 1777 1842 1847 omnia
1868 1791 1983 1845 quin
2019 1776 2071 1827 in
2100 1774 2189 1828 illo

602 1882 737 1928 siml.
788 1871 920 1932 Cum
971 1873 1119 1941 prius
1166 1870 1490 1926 ostendisset
1534 1868 1803 1940 quomodo
1850 1866 2081 1921 mundus
2121 1865 2191 1919 sit

604 1964 769 2017 lactus
793 2005 807 2028 ,
842 1973 967 2017 tunc
994 1963 1318 2027 declaravit,
1353 1962 1495 2033 quod
1524 1976 1632 2017 non
1664 1962 1721 2015 in
1751 1958 2067 2015 mauulactis
2093 1957 2187 2011 ha-

605 2055 736 2109 bitet
762 2072 774 2118 ;
818 2070 882 2109 ac
906 2058 950 2110 si
978 2056 1219 2110 diceret:
1252 2055 1304 2110 Si
1335 2055 1503 2121 Deus,
1531 2053 1712 2109 omnia
1743 2054 1923 2122 utique
1951 2051 2077 2107 fecit
2100 2065 2115 2114 ;
2142 2050 2186 2115 si

607 2162 712 2203 non
745 2146 868 2200 fecit
890 2189 903 2211 ,
934 2163 1039 2201 non
1070 2147 1230 2213 Deus.
1256 2145 1363 2210 Dii,
1392 2146 1585 2215 inquit,
1613 2146 1699 2216 qui
1724 2145 1903 2199 ca’lum
1929 2152 1974 2198 et
2005 2153 2188 2197 terram

607 2255 708 2293 non
737 2243 961 2308 fecerunt
988 2280 1005 2306 ,
1034 2247 1260 2306 pereant.
1306 2237 1469 2292 Multo
1497 2238 1696 2305 majora
1722 2278 1737 2302 ,
1766 2252 1924 2305 quam
1954 2234 2027 2289 illi
2053 2276 2067 2298 ,
2095 2234 2189 2284 do-

603 2339 780 2400 gmata
810 2331 1009 2389 inducit
1038 2328 1271 2401 (tametsi
1295 2330 1525 2385 nondum
1550 2344 1737 2398 magna
1762 2329 1925 2394 dixit;
1955 2326 2187 2383 nondum

609 2424 751 2478 enim
800 2430 1007 2491 tempus
1052 2432 1203 2486 erat;
1250 2421 1345 2476 sed
1392 2422 1544 2491 quasi
1589 2421 1767 2489 pueris
1815 2419 2185 2489 loquebatur),

607 2515 930 2570 creationem
952 2555 966 2578 ,
994 2512 1414 2568 dominationem
1438 2554 1452 2579 ,
1487 2510 1988 2582 nou-indigentiam.

673 2604 726 2659 5.
750 2604 883 2660 Cum
904 2603 1127 2663 dixisset
1144 2612 1321 2658 autem
1348 2603 1495 2659 illum
1523 2618 1589 2657 ex
1608 2618 1718 2659 uno
1741 2603 1999 2671 sanguine
2029 2614 2187 2656 omne

604 2711 772 2765 genus
799 2696 1075 2752 hominum
1122 2695 1348 2767 fecisse,
1403 2697 1640 2750 omnium
1671 2709 1886 2761 causam
1926 2694 2186 2749 bonorum

611 2786 991 2841 nuutifestavit.
1022 2784 1155 2854 Quid
1184 2784 1307 2851 huic
1333 2785 1649 2841 sublimitati
1698 2784 1830 2854 par?
1856 2783 1986 2838 Nam
2030 2782 2188 2839 mira-

610 2879 714 2935 bile
741 2877 952 2947 quidem
987 2885 1067 2931 est
1097 2892 1161 2930 ex
1191 2890 1297 2930 uno
1324 2885 1399 2931 tot
1426 2874 1659 2942 fecisse;
1684 2874 1828 2945 quod
1857 2882 2039 2937 autem
2068 2889 2156 2928 om

606 2982 704 3023 nes
751 2966 837 3022 ille
887 2967 1047 3025 simul
1093 2966 1390 3030 contineat,
1447 2964 1625 3021 adhuc
1672 2965 1832 3036 longe
1871 2963 2185 3027 mirabilius.

607 3055 752 3111 Dans
778 3098 791 3122 ,
832 3056 1033 3125 inquit,
1056 3056 1284 3109 omnibus
1321 3055 1554 3127 spiritum
1583 3064 1629 3127 et
1673 3056 1848 3109 vitam.
1880 3053 2018 3120 Quid
2064 3063 2147 3109 est
2171 3094 2185 3119 ,

610 3149 871 3217 Deﬁniens
899 3149 1179 3217 prwslilula
1209 3157 1437 3217 tempora
1482 3157 1531 3201 et
1576 3132 1815 3203 (crinium
1869 3146 2191 3213 habitationis

609 3258 802 3306 eorum,
834 3255 1056 3309 quwrerc
1084 3239 1268 3306 Deum,
1294 3240 1336 3292 si
1358 3224 1490 3309 forte
1511 3247 1769 3297 altrcclent
1798 3254 1910 3292 eum
1940 3248 2025 3293 aut
2048 3239 2187 3292 inue-

606 3337 746 3388 niant
766 3333 787 3383 ?
808 3331 921 3385 Non
941 3330 1231 3402 cogebatur
1249 3331 1387 3401 quis,
1413 3331 1604 3401 inquit,
1626 3329 1850 3387 circuire
1872 3339 1925 3383 et
1948 3342 2189 3400 quaerere

613 3426 779 3480 Deum
816 3443 828 3477 :
860 3425 943 3480 vel
975 3425 1019 3477 si
1052 3438 1156 3479 non
1187 3423 1307 3488 hoc,
1342 3424 1465 3493 quia
1508 3422 1744 3479 decrevit
1768 3434 1826 3478 ut
1874 3424 2016 3480 Deus
2041 3439 2188 3492 qum-

610 3526 774 3574 ratur.
808 3518 874 3569 At
919 3530 1024 3570 non
1058 3530 1272 3583 semper
1309 3515 1410 3570 hoc
1454 3514 1757 3571 faciendum
1785 3515 2025 3570 definivit
2048 3556 2063 3581 ,
2094 3515 2189 3571 sed

609 3608 918 3679 prmstitutis
964 3607 1312 3675 temporibus.
1364 3606 1475 3660 lloc
1511 3622 1637 3662 vero
1689 3607 1818 3663 dicit
1861 3607 2186 3670 05Iendens,

609 3716 781 3773 neque
806 3715 947 3756 nunc
976 3708 1277 3771 quaerentes
1316 3701 1584 3757 invenisse
1606 3741 1620 3767 ,
1664 3700 1874 3756 etiamsi
1919 3701 1989 3754 ita
2020 3700 2189 3755 mani.

609 3792 775 3847 festus
805 3801 964 3855 esset,
998 3800 1056 3846 ut
1086 3792 1435 3858 inveniretur,
1475 3807 1537 3847 ac
1566 3793 1607 3846 si
1646 3792 1771 3862 quid
1812 3793 1862 3845 in
1893 3792 2067 3848 medio
2098 3806 2190 3861 po-

530 3932 537 3939 .
607 3886 768 3939 situm
816 3886 1113 3955 palpcmus.
1143 3883 1325 3953 Neque
1357 3885 1499 3939 enim
1532 3886 1622 3940 hic
1645 3894 1761 3939 erat
1799 3886 1987 3939 caelum
2011 3927 2026 3951 ,
2060 3886 2189 3941 alibi

610 3992 717 4032 non
744 3995 756 4040 ;
788 3992 957 4047 neque
982 3978 1031 4031 in
1065 3976 1165 4031 hoc
1189 3986 1426 4046 tempore
1456 3986 1569 4032 erat
1595 4019 1610 4043 ,
1642 3978 1691 4032 in
1721 3978 1825 4031 alio
1853 3994 1980 4032 non.
2009 3977 2189 4055 itaque

608 4078 663 4124 et
691 4070 834 4123 omni
864 4080 1140 4139 tempore,
1172 4078 1224 4145 et
1254 4068 1303 4123 in
1338 4070 1587 4124 omnibus
1617 4071 1859 4124 terminis
1900 4078 2079 4140 potest
2108 4072 2190 4126 iu-

609 4162 796 4216 veniri.
820 4162 907 4217 Sic
932 4160 1260 4230 dispensavit
1283 4171 1341 4215 ut
1361 4170 1711 4231 quaereretur,
1736 4171 1795 4217 ut
1821 4176 1922 4217 nec
1944 4162 2061 4217 loco
2090 4177 2190 4218 nec

610 4262 847 4321 tempore
874 4252 1270 4321 prohibeamur.
1304 4251 1466 4308 Certe
1497 4252 1600 4307 hoc
1626 4255 1800 4323 ipsum
1830 4254 1934 4308 illis
1957 4255 2188 4311 maxime

610 4342 926 4411 profuisset,
959 4344 1002 4397 si
1032 4343 1243 4412 quidem
1274 4343 1648 4409 voluissent‘;
1696 4344 1843 4413 quod
1883 4346 2079 4413 ubique
2122 4346 2191 4401 sit

608 4436 797 4489 caelum
825 4444 878 4488 et
917 4443 1020 4490 stet
1048 4436 1191 4491 omni
1222 4445 1481 4505 tempore.
1514 4437 1637 4491 Ideo
1664 4437 1742 4491 sic
1776 4437 1904 4492 dicit
1932 4456 1946 4491 :
1994 4437 2185 4503 Quatu-

607 4527 680 4581 vis
722 4542 821 4581 non
867 4527 1014 4598 [erige
1058 4528 1121 4581 sit
1150 4528 1210 4581 ab
1240 4544 1535 4600 unoquoque
1575 4540 1840 4594 nostrum;
1884 4531 1976 4585 sed
2026 4546 2189 4601 prope

606 4618 675 4670 sit
702 4618 984 4682 omnibus;
1017 4618 1117 4672 hoc
1156 4627 1239 4673 est
1268 4636 1283 4675 ι
1333 4618 1448 4674 Νοιι
1480 4620 1640 4674 modo
1669 4622 1828 4676 vitam
1858 4632 1909 4676 et
1938 4621 2186 4691 spiritum

560 4718 568 4725 ‘
607 4708 750 4763 dedit
773 4720 824 4764 et
846 4711 1048 4776 omnia,
1067 4726 1254 4767 verum
1272 4712 1452 4777 etiam,
1476 4712 1614 4783 quod
1637 4722 1796 4783 caput
1820 4722 1902 4769 est
1923 4714 2183 4783 omnium,

610 4799 672 4852 ad
705 4801 782 4854 sui
812 4804 1169 4877 cognitionem
1199 4804 1387 4869 traxit,
1424 4803 1538 4860 hate
1562 4804 1761 4872 dando,
1790 4822 1886 4876 per
1924 4822 2043 4876 quae
2069 4823 2188 4877 pos-

610 4893 777 4947 simus
808 4892 956 4946 illum
987 4894 1226 4948 invenire
1255 4906 1307 4948 et
1329 4896 1753 4964 apprehendere.
1784 4897 1890 4955 Sed
1921 4899 2189 4955 noluimus

612 4996 857 5050 quzerere
877 5019 893 5047 ,
922 4983 1021 5036 etsi
1053 4983 1116 5035 ad
1146 4983 1308 5052 pedes
1340 4995 1501 5040 esset.
1531 4984 1651 5039 Non
1682 4986 1846 5059 longe,
1878 4988 2080 5059 inquit,
2124 4990 2187 5043 ab

606 5086 906 5143 unoquoque
932 5082 1177 5125 nostrum.
1212 5074 1397 5143 Papa)!
1422 5076 1667 5129 omnibus
1692 5093 1855 5146 prope
1886 5094 2006 5134 esse
2036 5080 2184 5147 dicit,

605 5161 694 5230 qui
744 5160 949 5215 suntin
995 5162 1123 5217 orbe
1171 5171 1454 5218 terrarum.
1484 5164 1617 5231 Quid
1660 5166 1762 5222 hoc
1813 5168 2024 5236 majus?
2056 5170 2188 5226 Vide

606 5252 875 5321 quomodo
925 5254 1138 5321 partitos
1190 5254 1443 5309 confutet.
1499 5256 1633 5323 Quid
1676 5258 1795 5312 dico
1842 5261 2069 5328 procul?
2116 5262 2187 5316 Ita

610 5360 773 5416 prope
810 5353 919 5409 est,
951 5355 1009 5400 ut
1048 5346 1162 5400 sine
1209 5347 1324 5415 ipso
1373 5364 1478 5403 non
1506 5351 1729 5405 vivatur.
1777 5350 1844 5406 In
1894 5354 2003 5424 ipso
2057 5358 2189 5409 enim

606 5438 814 5490 vivimus
839 5448 884 5489 rt
905 5454 1159 5491 movemur
1186 5448 1232 5492 et
1259 5455 1449 5494 sumus.
1467 5442 1627 5507 Quasi
1646 5456 1909 5511 corporeo
1941 5448 2188 5519 exemplo

609 5527 911 5595 hujusmodi
960 5528 1229 5597 quidpiam
1291 5530 1419 5584 dicit
1464 5549 1476 5585 :
1522 5530 1673 5588 Sicut
1722 5536 2052 5603 impossibile
2108 5548 2190 5592 est

608 5620 855 5688 ignorare
876 5632 1054 5672 acrem
1083 5621 1278 5689 ubique
1306 5620 1556 5676 diliusum
1581 5664 1592 5686 ,
1626 5642 1727 5678 non
1754 5626 1936 5695 procul
1963 5629 2031 5683 ab
2054 5643 2186 5683 nuo-

671 5796 685 5829 ⁸
708 5794 841 5845 chc.
864 5794 904 5847 si
924 5797 1113 5859 quidam
1131 5794 1395 5859 voluissmt,
1422 5800 1598 5851 desunt
1622 5803 1668 5850 in
1693 5804 1996 5865 quihusdam.

1314 381 1370 439 s.
1409 379 1683 441 tomus
1717 377 2187 449 cunvsos‘tont

2298 376 2544 434 totum».
2583 376 3117 453 consa'aurmor.
3790 377 3939 432 εῖτ.»

2306 507 2517 566 quoque
2556 501 2797 550 nostrum
2843 510 2998 562 esse,
3050 495 3159 549 imo
3200 501 3255 550 et
3302 493 3353 549 in
3390 494 3555 561 nobis
3598 508 3720 550 esse
3754 512 3766 548 :
3828 494 3929 547 ita

2299 587 2461 643 etiam
2506 587 2759 653 omnium
2814 568 3148 655 Creatorem.
3206 586 3338 642 Vide
3385 586 3655 655 quomodo
3708 586 3931 640 omnia

2301 677 2463 747 ipsius
2500 692 2619 734 esse
2663 678 2805 734 dicat
2853 696 2868 733 :
2916 678 3307 750 providentiam
3359 678 3498 733 illius
3546 692 3665 755 esse
3711 676 3861 733 dicit
3917 695 3934 729 :

2297 770 2777 835 conservationem,
2798 770 2940 840 quod
2963 770 3029 825 ab
3052 770 3140 824 illo
3161 770 3269 824 sint
3284 770 3481 833 omnia,
3508 769 3760 838 onerandi
3780 770 3925 822 vim

2299 859 2548 927 habeant,
2595 868 2648 918 et
2679 876 2783 915 non
2815 869 3061 934 pereant.
3098 860 3208 915 Nec
3246 859 3401 924 dixit,
3429 856 3530 915 Per
3576 860 3759 924 illum;
3791 860 3921 914 sed

2297 952 2439 1023 quod
2470 946 2687 1022 propius
2732 961 2811 1008 est
2837 993 2851 1018 ,
2887 948 2949 1005 In
2978 952 3088 1006 illo.
3122 950 3260 1005 Nihil
3296 946 3399 1017 tale
3426 950 3561 1005 dixit
3595 960 3747 1021 poeta
3776 950 3921 1013 illc,

2299 1044 2473 1113 Ipsius
2498 1046 2660 1109 enim,
2690 1045 2960 1115 inquiens,
2991 1060 3147 1114 genus
3168 1059 3379 1107 sumus;
3409 1043 3502 1097 sed
3543 1044 3633 1098 ille
3662 1042 3729 1097 de
3755 1038 3926 1099 Jovc

2296 1137 2451 1205 dixit,
2484 1137 2569 1193 hic
2598 1152 2723 1193 vero
2745 1136 2812 1193 de
2843 1136 3099 1193 Creatore
3122 1137 3223 1192 hoc
3249 1137 3440 1206 accipit
3473 1154 3483 1188 :
3516 1152 3614 1190 nec
3641 1137 3921 1191 eumdem

2299 1228 2471 1298 ipsum
2503 1225 2701 1284 iudicat
2733 1228 2841 1291 ille,
2865 1227 3042 1295 absit;
3074 1226 3169 1284 sed
3196 1218 3313 1297 quae
3335 1224 3403 1282 de
3428 1225 3519 1278 illo
3542 1224 3683 1279 dicta
3711 1236 3919 1290 erant,

2298 1322 2407 1393 Deo
2436 1322 2525 1377 cui
2547 1321 2925 1391 competebant
2970 1320 3285 1376 adscriheus
3331 1337 3344 1374 :
3381 1335 3502 1375 nam
3533 1334 3680 1374 aram
3731 1317 3923 1388 hujus

2296 1427 2416 1468 esse
2441 1412 2605 1479 dicit,
2635 1427 2741 1468 non
2775 1412 2915 1467 illius
2936 1453 2949 1478 ,
2983 1400 3145 1485 quem
3175 1412 3273 1481 ipsi
3312 1411 3584 1491 colelmnt.
3631 1408 3917 1478 Qumdam

2297 1504 2438 1560 enim
2467 1502 2609 1561 dicta
2638 1512 2693 1560 et
2713 1502 2852 1558 facta
2879 1513 3003 1559 sunt
3028 1502 3094 1557 ad
3124 1518 3307 1579 verum
3338 1502 3503 1557 Deum
3529 1501 3859 1572 pertinentia
3894 1518 3913 1561 ;

2290 1610 2489 1669 verum
2507 1594 2816 1669 nesciebant
2837 1594 3015 1653 .Grzcci
3044 1594 3113 1653 ad
3154 1580 3276 1655 eum
3323 1598 3591 1665 pertinere
3616 1638 3628 1657 ,
3679 1592 3781 1648 sed
3826 1592 3920 1646 dc

2296 1686 2419 1741 alio.
2432 1685 2764 1765 intellegere.
3018 1754 3019 1757 η
3402 1758 3403 1761 η

2369 1778 2532 1844 Illud,
2556 1777 2742 1851 Ignoto
2776 1777 2900 1841 Deo,
2930 1780 3180 1848 quomodo
3211 1778 3274 1832 sit
3296 1776 3781 1847 intelligendum.—
3801 1775 3920 1829 Dic

2291 1872 2437 1927 enim
2469 1871 2617 1939 mihi,
2640 1871 2840 1942 dequo
2894 1873 3108 1940 proprie
3136 1871 3367 1936 dicatur,
3402 1869 3586 1941 Ignoto
3630 1869 3787 1935 Deo;
3826 1870 3918 1924 dc

2293 1960 2571 2031 Creatore,
2598 1978 2666 2017 an
2698 1961 2981 2017 daemone?
3017 1961 3212 2031 Utique
3240 1960 3307 2016 de
3335 1948 3595 2016 Creatore
3629 1979 3640 2015 :
3672 1962 3912 2015 etiamsi

2296 2054 2443 2107 illum
2466 2052 2679 2123 quidem
2723 2052 3037 2123 ignorariut,
3066 2051 3207 2106 hunc
3230 2066 3357 2106 vero
3384 2052 3653 2123 noverint.
3679 2052 3913 2106 Simili-

2298 2154 2377 2199 ter
2405 2145 2602 2209 etiam,
2644 2142 2785 2213 quod
2816 2144 2991 2196 omnia
3026 2141 3230 2205 iecerit,
3262 2140 3329 2195 de
3371 2141 3484 2195 Deo
3514 2142 3729 2210 proprie
3757 2140 3922 2195 dici-'

2296 2247 2400 2303 tur,
2440 2253 2546 2293 non
2573 2237 2641 2292 de
2666 2236 2831 2301 Jove,
2865 2237 3096 2292 scelesto
3123 2245 3176 2291 et
3200 2236 3533 2292 οιεοίττιιιιιο
3573 2236 3791 2291 homine
3832 2253 3914 2289 ac

2295 2330 2702 2399 praestigiatorc.
2753 2327 2951 2383 Paulus
3004 2340 3151 2383 certe
3214 2343 3318 2381 non
3373 2328 3533 2383 simili
3581 2338 3743 2396 atque
3800 2328 3913 2381 illi:

2295 2421 2454 2475 modo
2484 2421 2635 2487 dixit,
2666 2421 2839 2488 Ipsius
2871 2420 3001 2473 enim
3032 2429 3079 2473 ct
3122 2436 3279 2491 genus
3321 2436 3528 2485 sumus;
3570 2420 3743 2483 absit,
3796 2421 3908 2474 scd

2294 2513 2393 2567 alia
2424 2522 2635 2578 mente;
2668 2527 2833 2583 genus
2862 2512 3006 2569 enim
3035 2512 3153 2581 ejus
3179 2527 3283 2567 non
3324 2528 3443 2568 esse
3466 2513 3622 2576 dixit,
3655 2512 3759 2566 hoc
3784 2524 3905 2578 est,

2296 2604 2639 2671 domesticos,
2676 2604 2975 2674 proximos,
3007 2613 3060 2659 et
3081 2604 3230 2674 quasi
3260 2604 3379 2673 quis
3408 2604 3624 2669 dixerit,
3657 2605 3862 2673 propin
3887 2637 3903 2644 -

2296 2712 2427 2765 quos
2451 2708 2505 2752 et
2530 2698 2750 2753 vicinos.
2772 2697 2868 2751 .Ne
2896 2699 3040 2753 enim
3078 2712 3264 2753 rursus
3301 2699 3545 2753 dicerent
3568 2741 3582 2763 ,
3632 2698 3783 2753 Nora
3811 2700 3908 2751 in-

2295 2787 2426 2859 grris
2451 2788 2657 2843 auribus
2683 2790 2866 2842 nostris
2906 2787 3063 2858 (nihil
3094 2787 3235 2844 enim
3286 2790 3363 2843 sic
3409 2789 3713 2843 hominibus
3754 2804 3906 2843 con-

2296 2878 2577 2951 trarium),
2609 2866 2820 2948 poetam
2851 2879 2903 2932 in
2938 2877 3447 2933 medium'addncit.
3485 2878 3669 2948 Neque
3706 2878 3849 2933 dixit
3884 2922 3904 2945 ,

2296 2968 2409 3023 Non
2439 2968 2647 3023 debetis
2678 2976 2866 3039 putare
2896 2984 3029 3023 auro
3061 2978 3151 3022 aut
3182 2981 3406 3038 argento
3442 2969 3607 3024 Demu
3642 2985 3763 3024 esse
3812 2972 3904 3023 si-

2296 3050 2475 3116 utilem
2503 3104 2516 3127 ,
2568 3077 2600 3115 ο
2630 3061 2843 3117 scelesti
2885 3069 2938 3116 et
2968 3061 3318 3117 exsecrandi!
3364 3061 3458 3117 sed
3511 3064 3722 3127 mitius,
3776 3062 3909 3118 Iloc

2297 3172 2397 3209 non
2423 3155 2654 3209 debemus
2681 3154 2963 3219 aestimare,
3001 3153 3194 3225 inquit,
3226 3153 3318 3209 sed
3359 3170 3520 3225 super
3562 3157 3683 3211 hoc.
3715 3155 3905 3221 Quid-

2297 3264 2419 3302 nam
2463 3256 2546 3301 est
2571 3262 2729 3319 super
2752 3243 2889 3299 hoc?
2930 3244 3103 3311 Deus;
3134 3245 3226 3301 sed
3257 3261 3431 3314 neque
3468 3246 3567 3302 hoc
3598 3250 3714 3317 (est
3741 3248 3905 3304 enim

2297 3340 2551 3395 efﬂeacim
2582 3332 2823 3409 nomen),
2856 3337 2949 3392 sed
2977 3338 3188 3392 interim
3220 3337 3322 3393 hoc
3352 3356 3363 3389 :
3401 3347 3602 3393 tantum
3630 3326 3904 3409 negamus

2299 3430 2464 3486 Deum
2502 3429 2623 3483 huic
2662 3444 2781 3483 esse
2811 3427 3039 3483 similem
3072 3447 3085 3482 :
3121 3429 3240 3500 quis
3293 3429 3434 3483 enim
3484 3429 3723 3484 dixerit?
3759 3430 3906 3485 Vide

2298 3521 2568 3592 quomodo
2596 3522 2971 3591 incorporeum
3001 3503 3305 3576 introducit.
3335 3521 3481 3575 Mens
3504 3522 3643 3577 enim
3673 3524 3905 3591 quando

2297 3614 2599 3685 Suspicatur
2618 3628 2811 3683 corpus
2831 3653 2844 3678 ,
2881 3613 3041 3667 etiam
3074 3611 3379 3666 distantiam
3409 3612 3745 3683 imaginatur.
3784 3613 3865 3667 Cc
3893 3649 3899 3654 -

2298 3723 2390 3759 nus
2420 3721 2537 3775 ergo
2580 3720 2693 3757 cum
2730 3705 2888 3759 simus
2919 3701 3032 3770 Dei,
3065 3720 3165 3757 non
3193 3704 3455 3767 debemus,
3482 3705 3683 3774 inquit,
3711 3708 3874 3759 existi
3891 3741 3900 3745 -

2297 3813 2435 3850 mare
2460 3813 2582 3849 auro
2619 3805 2705 3848 aut
2740 3804 2948 3865 argento
2994 3804 3079 3847 aut
3126 3795 3321 3862 lapidi,
3354 3796 3626 3864 sculptura:
3667 3797 3792 3848 artis
3847 3811 3903 3849 (l

2297 3886 2609 3958 cogitationis
2652 3885 2866 3937 hominis
2892 3925 2906 3949 ,
2957 3883 3117 3937 Deum
3160 3899 3273 3939 esse.
3301 3884 3537 3939 similent.
3581 3886 3650 3938 At
3692 3886 3903 3941 dixerit

2296 3977 2557 4047 quiSpiam
2584 4017 2597 4040 ,
2641 3975 2756 4030 Non
2790 3974 2890 4029 hoc
2918 3982 3208 4044 putamus:
3258 3990 3354 4031 cur
3394 3991 3521 4046 ergo
3568 3976 3670 4031 hoc
3712 3977 3841 4031 dicit
3878 3982 3903 4032 ζ’

2296 4068 2401 4125 Sed
2430 4067 2496 4121 ad
2528 4065 2925 4121 multitudinem
2980 4065 3300 4136 loquebatur
3346 4067 3457 4138 ipse
3480 4110 3493 4134 ,
3528 4083 3591 4123 ac
3643 4068 3720 4122 sic
3752 4069 3901 4124 bene

2296 4154 2447 4215 dixit.
2477 4157 2609 4213 Nam
2634 4159 2677 4213 si
2708 4174 2805 4212 nos
2832 4156 3123 4213 secundum
3152 4158 3384 4213 animam
3426 4175 3531 4213 non
3560 4175 3743 4216 sumus
3787 4160 3903 4217 illis

2296 4251 2497 4305 similes
2518 4292 2531 4312 ,
2563 4249 2730 4303 multo
2761 4249 2937 4303 minus
2970 4250 3130 4303 Deus.
3184 4249 3402 4303 Interim
3450 4248 3667 4306 abducit
3697 4252 3817 4305 illos
3867 4274 3898 4305 :i

2300 4340 2625 4411 suspicione.
2658 4339 2773 4393 Non
2804 4337 2965 4394 modo
2996 4341 3280 4409 sculptura:
3300 4342 3432 4395 artis
3464 4352 3671 4397 nonest
3699 4344 3904 4397 similis

2300 4433 2459 4496 Deus,
2500 4432 2594 4487 sed
2622 4448 2795 4503 neque
2824 4433 2913 4485 ulli
2943 4427 3031 4486 alii
3060 4431 3307 4488 humanae
3333 4436 3643 4507 cogitationi
3666 4437 3898 4505 subjici-

2300 4538 2384 4578 tur
2419 4543 2431 4576 ι
2466 4540 2588 4577 nam
2630 4522 2713 4579 vel
2745 4540 2834 4579 ars
2861 4524 2946 4579 vel
2976 4539 3127 4587 mens
3174 4526 3395 4593 invenit.
3430 4525 3553 4583 Ideo
3596 4528 3674 4582 sic
3709 4528 3840 4583 dicit
3883 4551 3896 4584 :

2298 4615 2354 4670 Si
2385 4616 2455 4679 id,
2482 4614 2733 4685 quodlars
2760 4615 2841 4669 vel
2871 4630 3021 4669 mens
3049 4616 3281 4671 hominis
3328 4619 3563 4684 invenit,
3592 4620 3729 4681 Deus
3769 4631 3853 4677 est
3879 4667 3895 4687 ,

2296 4707 2418 4759 etsi
2467 4705 2516 4758 in
2567 4702 2743 4775 lapide
2773 4705 3071 4761 substantia
3105 4707 3197 4762 Dei
3236 4710 3550 4779 :quomodo
3591 4726 3718 4781 ergo
3747 4714 3793 4767 si
3836 4713 3896 4770 in

2297 4796 2411 4866 ipso
2441 4795 2687 4859 vivimus,
2715 4796 2889 4866 ipsum
2921 4810 3026 4851 non
3054 4782 3393 4853 invenimus?
3422 4800 3627 4869 Duplex
3658 4817 3785 4873 ergo
3807 4819 3901 4860 est

2296 4888 2599 4952 accusatio,
2632 4888 2851 4957 etquod
2894 4888 3051 4943 illum
3098 4904 3207 4943 non
3260 4891 3601 4961 invenerint,
3646 4903 3702 4950 et
3744 4900 3897 4966 quod

2297 4980 2428 5033 tales
2466 4978 2787 5033 invenerint.
2835 4979 2981 5033 Mens
3028 4996 3121 5050 per
3184 4982 3417 5053 Seipsam
3471 5003 3731 5057 nusquam
3784 4989 3899 5047 fide

2297 5069 2453 5136 digna
2482 5078 2585 5123 est.
2617 5068 2723 5123 Sed
2755 5079 3033 5139 postquam
3066 5072 3279 5128 illorum
3311 5079 3521 5132 animos
3547 5080 3624 5135 sic
3649 5082 3896 5149 exagita-

2296 5162 2403 5229 vit,
2452 5162 2793 5231 ostenditque
2838 5162 3229 5220 incxcusabiles
3266 5167 3386 5222 illos
3413 5185 3533 5225 esse
3558 5212 3572 5234 ,
3606 5172 3725 5226 vide
3762 5178 3896 5243 quid

2297 5253 2486 5307 subdat
2516 5272 2527 5305 ξ
2559 5253 2811 5323 Tempora
2854 5255 3055 5323 quidem
3085 5258 3387 5328 ignorantia:
3414 5262 3693 5330 despiciens
3712 5305 3727 5331 ,
3758 5284 3893 5323 nunc

2295 5348 2559 5397 annuntiat
2596 5345 2822 5399 omnibus
2873 5346 3187 5415 hominibus,
3223 5352 3403 5420 ubique
3445 5364 3499 5405 ut
3544 5357 3893 5422 ptrnilenliam

2296 5446 2466 5503 agant.
2487 5436 2621 5502 Quid
2651 5436 2812 5507 ergo?
2845 5452 3071 5495 nemone
3105 5440 3318 5495 illorum
3351 5458 3533 5511 pcenas
3559 5446 3689 5500 dat?
3715 5448 3895 5502 Nemo

2295 5537 2441 5582 certe
2473 5544 2688 5593 eorum,
2725 5529 2812 5599 qui
2860 5534 3228 5599 pmuitentiam
3268 5536 3426 5606 agere
3450 5540 3639 5593 velint.
3687 5542 3760 5595 De
3808 5543 3899 5596 his

2298 5620 2559 5690 loquitur;
2596 5638 2699 5674 non
2730 5622 2795 5676 de
2827 5623 2889 5675 iis
2911 5626 2999 5694 qui
3028 5626 3266 5682 defuncti
3295 5638 3436 5696 sunt,
3467 5633 3559 5686 sed
3584 5634 3649 5687 de
3681 5636 3743 5687 iis
3769 5652 3893 5703 qtu~

2297 5710 2392 5764 bus
2420 5715 2719 5766 annuntiat.
2752 5712 2863 5765 Non
2888 5717 3085 5787 exigit,
3123 5720 3323 5788 inquit,
3351 5736 3378 5776 a
3412 5722 3561 5778 vobis
3598 5724 3889 5781 rationein.

2302 5803 2584 5872 .‘iondixit,
2621 5806 2712 5859 Ille
2736 5806 3008 5876 despexit;
3044 5827 3147 5867 non
3172 5810 3322 5882 dixit,
3352 5812 3441 5871 lllc
3466 5818 3707 5887 permisit
3732 5834 3745 5885 ;
3769 5821 3888 5891 sed,
