4034 6410
167 473 272 527 ‘27}

171 586 272 641 Vos
300 581 616 655 ignorastis.
649 580 942 650 Despexit;
993 576 1043 631 id
1091 585 1208 642 est,
1240 591 1346 630 non
1391 575 1556 644 exigit
1592 589 1778 644 prensis

165 677 314 750 quasi
337 690 369 729 a
399 674 672 744 supplicio
697 673 895 742 dignis.
921 669 1235 741 lgnorastis.
1263 669 1370 724 Nec
1397 668 1549 732 dicit,
1575 667 1780 738 Sponte

166 769 305 822 male
335 766 562 836 egistis;
595 763 690 818 sed
725 763 827 816 hoc
857 776 953 830 per
982 761 1264 830 superiora
1304 758 1659 824 monstravit,
1714 756 1780 812 Ut

164 867 345 934 ubique
372 863 725 935 panitcmiam
755 868 943 930 agant,
990 857 1196 912 dicens.
1242 853 1340 909 llic
1377 860 1546 907 totum
1590 851 1776 905 orbem

164 960 479 1013 insinuavit.

237 1051 286 1106 1.
332 1050 472 1104 Vide
498 1046 772 1118 quomodo
811 1044 933 1099 illos
961 1041 1190 1097 abducat
1231 1054 1261 1094 a
1304 1037 1612 1109 pluralitate
1648 1035 1780 1090 deo-

163 1158 302 1195 rum.
341 1141 479 1206 Quia
509 1140 685 1192 statuit
716 1138 886 1199 diem,
913 1135 1106 1206 inquit.
1136 1136 1190 1186 in
1215 1149 1318 1202 qua
1339 1131 1674 1201 judicaturus
1701 1137 1774 1180 est

164 1235 334 1289 urbem
381 1234 435 1285 in
475 1233 732 1302 (equitate.
773 1229 907 1284 Vide
937 1242 1127 1281 rursus
1155 1225 1341 1279 orbem
1371 1222 1536 1286 dicit,
1570 1221 1648 1276 sic
1675 1220 1772 1273 ho-

163 1329 338 1381 mines
362 1339 587 1380 vocans.
617 1323 683 1377 In
715 1323 823 1377 tiro
861 1322 914 1375 in
943 1336 1040 1388 quo
1067 1319 1277 1382 statuit,
1309 1316 1564 1370 suscitans
1603 1331 1715 1367 eum
1746 1331 1776 1366 (ι

164 1422 396 1475 mortuis.
418 1418 557 1473 Vide
588 1414 862 1484 quomodo
891 1417 1082 1468 iterum
1114 1411 1418 1482 passionem
1459 1407 1773 1462 manifesta-

163 1514 267 1575 vit,
297 1511 758 1566 resurrectionem
811 1518 1135 1560 memorans.
1170 1502 1322 1569 Quod
1363 1512 1542 1554 autem
1585 1515 1772 1554 verum

163 1608 222 1661 sit
256 1605 544 1675 judicium,
578 1603 752 1673 palam
787 1610 872 1656 est
910 1615 972 1656 ex
1009 1597 1448 1661 resurrectione;
1480 1593 1605 1648 inde
1628 1594 1804 1674 enim,

163 1698 214 1752 id
237 1698 486 1766 arguitur
509 1715 522 1750 :
545 1694 762 1766 etquod
788 1693 967 1748 omnia
985 1707 1107 1745 vera
1135 1687 1464 1758 sint,inquit,
1493 1686 1669 1755 palam
1692 1694 1776 1739 est

162 1806 224 1844 cx
274 1805 338 1844 eo
388 1788 534 1859 quod
574 1785 936 1842 resurrexerit
984 1801 997 1838 :
1042 1781 1295 1852 quodque
1339 1779 1594 1835 omnibus
1633 1778 1773 1832 hanc

163 1883 489 1951 pra:hucrint
522 1880 682 1934 fidem
712 1921 725 1943 ,
752 1877 896 1948 quod
925 1875 1282 1932 resurrexerit
1327 1889 1395 1929 ex
1440 1871 1689 1938 mortuis,
1719 1882 1774 1926 et

163 1980 262 2028 huc
288 1975 527 2044 denique
572 1971 918 2026 manifestum
960 1978 1062 2025 est.
1099 1970 1223 2024 Ila‘c
1263 1967 1406 2022 dieta
1455 1975 1581 2021 sunt
1606 1968 1773 2020 Athe-

162 2067 476 2130 niensibus;
530 2073 584 2120 et
615 2073 922 2134 Opportune
954 2063 1108 2117 nobis
1139 2061 1301 2115 etiam
1335 2059 1602 2124 dicantur,
1649 2073 1771 2112 om-

160 2157 315 2212 nibus
342 2156 544 2226 ubique
568 2153 832 2225 agendam
867 2151 1239 2222 pmnitentiam
1280 2164 1436 2216 esse,
1470 2149 1593 2218 quia
1634 2148 1769 2202 deli-

163 2253 289 2303 nivit
316 2250 464 2304 diem
500 2250 551 2303 in
584 2265 690 2319 quo
716 2247 1059 2317 judicaturus
1089 2254 1171 2301 est
1197 2246 1407 2300 orbem.
1441 2243 1575 2298 Vide
1606 2243 1767 2298 etiam

161 2343 431 2409 quomodo
457 2341 606 2394 illiilli
632 2340 874 2409 judicent
910 2339 1146 2402 inducat,
1177 2348 1230 2392 et
1259 2337 1446 2391 mundi
1476 2335 1769 2406 providen-

162 2443 282 2485 t.am
313 2433 628 2494 habentem,
661 2418 974 2500 hcttignum,
1007 2427 1436 2490 misericordem,
1468 2435 1768 2497 potentem,

158 2523 486 2590 sapientem,
543 2523 835 2592 omniaque
884 2535 1106 2589 prorsus
1152 2534 1272 2589 qure
1319 2526 1444 2573 sunt
1492 2517 1773 2574 Creatoris

159 2615 468 2672 habentem.
499 2611 977 2671 Conﬁrmationem
1020 2612 1366 2684 prmbuerunt
1391 2611 1552 2676 dicta,
1586 2629 1708 2666 eum
1741 2627 1768 2665 a

160 2710 388 2764 mortuis
441 2708 844 2764 resurrexisse.
880 2707 1256 2762 Pmnitentiam
1313 2720 1444 2778 ergo
1488 2721 1711 2774 agmnus
1756 2725 1768 2761 :

158 2804 378 2856 omnino
402 2803 549 2857 enim
570 2800 804 2871 judicari
826 2808 1059 2871 oportet.
1080 2799 1136 2854 Si
1164 2815 1269 2854 non
1293 2800 1590 2855 resurrexit
1617 2798 1772 2852 Chri-

158 2905 290 2959 stus,
321 2910 432 2949 non
459 2893 810 2963 judicamur;
861 2893 906 2946 si
939 2892 1262 2957 resurrexit,
1307 2893 1527 2945 omnino
1564 2891 1764 2959 judica-

160 3003 298 3042 mur.
327 2986 399 3041 In
427 2988 525 3041 hoc
556 2986 690 3040 enim
716 2995 761 3041 et
792 2995 1020 3039 mortuus
1047 2995 1150 3051 est,
1182 2995 1236 3038 ut
1259 2995 1304 3038 et
1327 2986 1450 3038 vivis
1477 2995 1523 3037 et
1563 2986 1774 3038 mortuis

159 3082 368 3149 imperet
392 3079 574 3148 (Rom.
605 3079 694 3133 14.
723 3077 804 3148 9),
836 3077 1037 3147 inquit;
1069 3087 1123 3132 et
1143 3091 1358 3131 rursum
1386 3095 1397 3129 :
1428 3075 1613 3130 ()mncs
1640 3081 1773 3131 cnim

159 3172 474 3226 na‘stnbimus
505 3179 624 3224 ante
647 3169 872 3223 tribunal
895 3167 1105 3233 Christi,
1130 3179 1186 3222 ut
1212 3169 1559 3239 unusquisque
1586 3169 1776 3238 referat

160 3261 439 3314 secundum
467 3277 527 3315 ea
555 3275 668 3331 qua:
693 3262 811 3331 fecit
847 3258 1008 3330 (Ibid.
1031 3274 1080 3312 υ.
1114 3259 1203 3314 10.
1243 3271 1296 3313 ct
1322 3259 1377 3312 2.
1401 3257 1516 3313 Cor.
1570 3260 1622 3314 5.
1657 3259 1771 3329 10).

163 3351 234 3406 Ne
263 3353 460 3422 putetis
494 3351 612 3405 hare
653 3350 820 3405 verba
867 3350 1041 3405 solum
1073 3364 1194 3405 esse
1227 3364 1394 3406 :ecce
1437 3358 1489 3404 ct
1537 3365 1776 3406 resurre-

162 3446 396 3499 ctionem
426 3443 672 3498 omnium
703 3441 1060 3506 memoravit;
1092 3456 1267 3511 neque
1294 3442 1435 3495 enim
1454 3443 1609 3496 aliter
1628 3443 1774 3512 judi-

165 3546 314 3592 catur
350 3536 522 3591 orbis.
557 3535 736 3589 Etiam
770 3532 929 3599 illud,
988 3533 1258 3589 Suscitans
1301 3522 1414 3586 eum
1454 3550 1485 3586 a
1528 3536 1773 3601 mortuis,

166 3630 230 3683 de
259 3643 492 3699 corpore
526 3627 730 3683 dictum
759 3635 841 3682 est
874 3644 888 3680 :
921 3626 1096 3696 ipsum
1130 3627 1274 3680 enim
1309 3636 1578 3681 mortuum
1622 3639 1773 3693 erat,

170 3721 269 3776 hoc
309 3721 606 3776 ceciderat.
645 3718 804 3789 Apud
833 3719 1060 3789 gentiles
1084 3762 1100 3785 ,
1144 3720 1284 3774 sicut
1323 3720 1562 3785 creatio,
1611 3721 1680 3774 ita
1724 3730 1780 3777 et

167 3812 423 3881 judicium
470 3813 860 3868 contemnitur.
907 3812 1032 3866 llaec
1073 3821 1251 3867 autem
1295 3827 1587 3883 puerorum
1625 3830 1778 3869 com-

170 3914 344 3960 menta
375 3914 536 3967 sunt,
570 3913 624 3959 et
656 3903 932 3959 ebriorum
955 3902 1258 3958 hominum.
1287 3905 1390 3960 Sed
1415 3920 1512 3960 nos
1541 3906 1630 3974 qui
1665 3905 1781 3962 lucc

171 4006 417 4051 accurate
456 3995 780 4063 didicimus,
828 3995 1030 4066 aliquid
1062 3997 1192 4052 utile
1219 3996 1474 4052 faciamus
1500 4039 1515 4064 ,
1558 3999 1777 4054 studea-

173 4103 399 4157 musque
443 4086 740 4142 familiares
794 4102 918 4142 esse
963 4087 1180 4145 Christo
1231 4090 1272 4145 ί.
1325 4088 1613 4160 Usquequo
1663 4091 1780 4162 ejus

173 4180 371 4236 inimici
404 4181 653 4236 erimus?
680 4195 958 4252 usquequo
990 4183 1168 4237 minus
1195 4184 1433 4238 suaviter
1462 4199 1590 4254 erga
1629 4183 1778 4238 illum

174 4270 342 4325 affecti
375 4271 616 4326 erimus?
643 4271 832 4339 Absit,
877 4272 1085 4342 inquies
1110 4290 1126 4331 :
1158 4289 1256 4329 cur
1285 4274 1401 4328 hwc
1431 4273 1566 4344 dicis
1588 4255 1781 4329 ?'Nol-

172 4362 271 4416 lem
288 4364 405 4417 haec
428 4361 634 4428 dicere,
654 4363 758 4417 nisi
779 4377 874 4418 vos
897 4362 1143 4421 faceretis
1166 4381 1180 4431 ;
1215 4381 1360 4421 nunc
1386 4381 1515 4421 vero
1535 4383 1654 4437 qua:
1673 4368 1778 4422 uti-

172 4453 288 4508 litas
332 4469 402 4508 ex
446 4455 702 4521 silentio,
761 4469 882 4509 cum
932 4471 1020 4511 res
1064 4456 1136 4511 ita
1183 4457 1462 4527 perspicue
1511 4459 1780 4516 clament?

173 4546 452 4614 Quomodo
489 4547 658 4618 igitur
689 4548 840 4602 illum
890 4548 1215 4620 diligemus?
1258 4551 1584 4609 Sexcenties
1631 4555 1774 4621 dixi,

175 4639 263 4695 sed
311 4654 458 4694 nunc
485 4655 704 4710 quoque
728 4640 926 4696 dicam.
970 4641 1184 4698 Modum
1229 4643 1503 4700 invenisse
1539 4646 1669 4700 mihi
1699 4647 1779 4700 vi-

175 4730 303 4786 deor
333 4745 589 4802 magnum
619 4738 674 4786 et
706 4731 1032 4790 mirabilem.
1062 4735 1256 4792 Postea
1284 4753 1456 4808 quam.
1491 4739 1582 4795 Dei
1613 4739 1780 4800 benc-

176 4823 290 4879 licia
314 4825 684 4880 communiter
709 4825 866 4880 nobis
890 4837 944 4881 et
962 4827 1082 4884 aliis
1102 4829 1224 4884 data
1248 4832 1636 4901 reputavimus,
1659 4850 1781 4905 qua:

177 4923 249 4970 tot
277 4925 537 4987 tantaque
564 4925 691 4971 sunt
719 4926 777 4972 ut
817 4923 1123 4975 enumerari
1167 4939 1272 4977 non
1313 4925 1557 4992 possint,
1601 4935 1655 4981 et
1684 4941 1782 4996 pro

178 5011 238 5068 iis
255 5011 512 5066 omnibus
537 5011 740 5082 gratias
763 5011 861 5081 ipsi
883 5013 1088 5084 egimus
1117 5030 1271 5084 :qme
1295 5017 1520 5086 singulis
1538 5029 1780 5074 nostrum

177 5103 402 5157 contulit
425 5103 726 5173 cogitemus
749 5119 957 5170 omnes,
987 5116 1042 5161 et
1075 5107 1315 5176 quotidie
1351 5110 1403 5163 in
1437 5121 1671 5167 mentem
1701 5128 1786 5170 re-

179 5211 447 5251 vocemus.
479 5196 743 5262 Quoniam
777 5198 936 5268 igitur
980 5199 1097 5256 lucc
1126 5215 1374 5270 magnam
1409 5205 1514 5259 vim
1548 5206 1778 5275 habent,
1828 5242 1832 5246 -

180 5288 547 5359 unusquisque
575 5299 820 5343 nostrum
843 5303 1027 5345 secum
1059 5300 1294 5362 reputet,
1327 5303 1380 5349 et
1406 5307 1656 5353 accurate
1685 5315 1782 5354 ex-

181 5380 373 5450 ploret,
409 5396 538 5436 num
568 5380 860 5451 aliquando
891 5382 943 5437 in
975 5383 1272 5453 periculum
1303 5386 1505 5456 lapsus,
1537 5388 1783 5445 inimico-

182 5489 291 5528 rum
321 5489 517 5528 manus
545 5472 794 5545 effugerit
818 5514 833 5540 ,
864 5484 918 5529 et
946 5477 1097 5545 quasi
1127 5476 1181 5530 in
1211 5477 1350 5534 libro
1384 5479 1478 5534 Dei
1522 5480 1782 5537 beneficia

183 5563 444 5635 descripta
470 5564 669 5620 habeat
693 5583 705 5618 :
735 5565 970 5636 exempli
991 5581 1174 5630 causa,
1201 5585 1326 5623 num
1349 5570 1638 5642 aliquando
1660 5583 1785 5629 ante

184 5655 348 5711 lucem
399 5657 543 5711 viam
611 5671 936 5727 capessens,
984 5659 1278 5727 periculum
1323 5660 1606 5732 effugerit;
1657 5680 1783 5719 num

188 5763 298 5802 runt
326 5749 526 5820 iniquis
547 5750 1219 5822 congressushominibus,
1238 5754 1486 5824 superior
1511 5756 1742 5811 evaserit
1767 5774 1780 5822 ;

245 5927 260 5957 ⁸
294 5933 421 5980 t-nus
445 5927 616 5988 habet,
645 5937 761 5990 Deo,
792 5940 899 5992 pro,
925 5926 1131 5981 Christo.

1094 464 1160 520 ΙΝ
1201 461 1382 520 ACTA
1427 459 1960 519 APOSTOLURUXI.
1996 458 2230 516 IIOMIL.
2274 459 2569 514 XXXVIII.

3404 465 3513 521 2'."

1897 590 2024 627 nmn
2059 573 2110 626 in
2142 572 2393 626 morbum
2417 572 2621 642 lapsus,
2646 572 3061 644 desperantibus
3080 575 3354 644 omnibus,
3376 591 3514 632 eon-

1892 664 2164 729 valuerit;
2210 664 2437 717 multum
2485 665 2630 718 enim
2679 664 2782 720 hoc
2823 665 2966 720 valet
3013 665 3080 720 ad
3135 666 3302 721 Deum
3354 668 3511 722 nobis

1902 755 2196 827 propitium
2227 755 2589 811 reddendum.
2619 755 2752 810 Nam
2785 757 2829 812 si
2858 757 3229 812 Mardocbteus
3261 758 3350 812 ille
3375 800 3388 822 ,
3421 758 3512 813 ubi

1890 865 1983 905 rex
2015 849 2067 903 in
2102 855 2340 903 mentem
2382 849 2657 903 revocavit
2700 850 2957 904 beneficia
3010 850 3098 903 illa
3130 852 3200 905 ab
3239 852 3355 920 ipso
3406 852 3510 906 sibi

1889 939 2161 1009 praestita,
2197 939 2268 992 ita
2314 943 2572 1009 acceptus
2611 940 2688 995 illi
2731 938 2866 1007 fuit,
2914 951 2973 994 ut
2999 940 3065 995 ad
3118 943 3264 996 illum
3320 943 3508 1013 gloria:

1887 1029 2233 1099 splendorem
2268 1031 2516 1098 veniret;
2566 1033 2737 1086 nmlto
2765 1032 2935 1102 magis
2986 1048 3087 1089 nos
3109 1075 3122 1098 ,
3161 1034 3204 1088 si
3234 1050 3511 1089 memores

1888 1122 2151 1176 fuerimus
2178 1163 2191 1188 ,
2241 1131 2298 1177 et
2323 1123 2502 1177 si-duo
2533 1123 2623 1178 illa
2654 1123 2942 1193 diligenter
2970 1125 3338 1193 esploremns,
3379 1124 3505 1195 quid

1888 1229 1986 1268 nos
2009 1215 2414 1284 peccaverimus
2444 1215 2496 1270 in
2530 1217 2720 1284 Deum,
2749 1228 2800 1272 et
2823 1234 2942 1288 qua:
2976 1220 3133 1272 nobis
3178 1220 3268 1273 ille
3297 1219 3505 1273 beneli-

1885 1306 1967 1360 cia
1997 1306 2285 1362 contulerit
2313 1324 2326 1362 :
2358 1308 2438 1364 sic
2460 1318 2510 1363 et
2543 1325 2642 1363 nos
2681 1311 2819 1380 grati
2850 1313 3077 1376 erimus,
3111 1322 3164 1365 et
3206 1312 3389 1364 omnia
3420 1311 3492 1365 cf»

1887 1398 2193 1453 fundemus.
2240 1398 2344 1453 Sed
2393 1415 2554 1455 nemo
2603 1405 2719 1456 haec
2767 1419 2950 1457 secum
3009 1413 3260 1471 reputat;
3319 1419 3504 1456 verum

1885 1490 2021 1545 sicut
2067 1491 2134 1547 de
2179 1495 2415 1561 peccatis
2452 1494 2743 1564 loquimur,
2789 1495 3033 1552 dicentes
3072 1513 3169 1552 nos
3220 1512 3505 1567 peccasw,

1886 1581 2028 1634 nulla
2059 1580 2193 1634 facta
2229 1583 2511 1652 speciatim
2552 1597 2896 1652 peccatorum
2930 1587 3253 1642 recensione
3283 1605 3294 1640 :
3337 1587 3418 1642 sic
3453 1599 3508 1642 et

1883 1672 1950 1726 do
1982 1674 2260 1729 hencliciis
2292 1677 2384 1730 Dei
2421 1677 2723 1747 loquentes,
2750 1678 2984 1741 dicimus
3013 1679 3182 1734 Deum
3209 1693 3308 1734 nos
3337 1679 3504 1734 bene-

1886 1765 2010 1819 ficio
2038 1767 2286 1822 affecisse
2312 1808 2327 1834 ,
2372 1784 2474 1823 nec
2505 1770 2787 1839 speetatim
2823 1770 3082 1826 beneficia
3106 1771 3454 1840 exploranms
3489 1790 3502 1826 :

1883 1875 1989 1913 non
2023 1861 2288 1928 dicimus,
2320 1862 2432 1927 ubi,
2468 1875 2696 1934 quanta,
2731 1881 2838 1935 quo
2868 1873 3132 1935 tempore.
3163 1866 3270 1920 Sed
3309 1865 3507 1920 abhinc

1882 1952 2104 2006 multam
2135 1953 2490 2010 adhibeamus
2520 1955 2877 2025 diligentiam.
2909 1955 3043 2010 Nam
3081 1956 3125 2009 si
3167 1955 3287 2026 quis
3338 1958 3501 2012 etiam

1883 2053 2063 2099 vetera
2096 2056 2345 2117 repetere
2386 2057 2593 2118 potest,
2637 2049 2817 2103 omnia
2865 2058 3118 2104 accurate
3161 2050 3215 2102 in
3264 2058 3501 2104 mentem

1880 2147 2135 2203 revocet,
2171 2138 2324 2210 quasi
2369 2156 2622 2210 magnum
2649 2150 2965 2210 reperturus
2998 2141 3336 2195 thesaurum.
3392 2141 3505 2194 Iloe

1879 2229 2041 2283 etiam
2075 2231 2228 2285 nobis
2260 2231 2390 2287 utile
2418 2241 2534 2297 est,
2569 2243 2628 2287 ut
2655 2250 2761 2287 non
2800 2233 3178 2303 desperemus.
3215 2231 3348 2287 Nam
3379 2247 3501 2288 cum

1879 2320 2175 2377 viderimus
2204 2324 2377 2391 ipsum
2407 2325 2734 2394 szepenobis
2763 2327 3162 2395 patrocinatum
3198 2341 3318 2380 esse
3341 2369 3354 2390 ,
3395 2343 3501 2380 non

1879 2411 2290 2481 desperabimus
2319 2430 2419 2472 nec
2442 2417 2752 2487 putabimus
2783 2432 2883 2472 nos
2907 2419 3148 2487 abjeetos
3175 2418 3378 2484 fuisse;
3407 2421 3502 2472 Sed

1879 2517 2132 2576 magnum
2183 2507 2517 2576 accipiemus
2547 2509 2738 2578 pignus
2769 2509 2888 2578 ejus
2911 2524 3039 2579 erga
3077 2524 3174 2563 nos
3203 2510 3500 2578 providen-

1882 2599 2004 2661 tim,
2053 2614 2173 2653 eum
2207 2601 2624 2669 cogitaverimus
2652 2615 2752 2655 nos
2783 2609 3077 2671 peccantes
3121 2615 3231 2655 non
3281 2600 3456 2671 puniri
3484 2641 3499 2666 ,

1880 2687 1974 2744 sed
2002 2690 2120 2759 ejus
2151 2691 2455 2760 patrocinio
2481 2691 2604 2745 frui.

1953 2782 2006 2834 5.
2065 2780 2298 2835 Historia
2347 2783 2492 2852 pueri
2538 2783 2808 2853 cujusdam
2856 2787 3004 2855 a'gri.
3049 2814 3120 2823 —
3169 2784 3352 2839 Dicam
3404 2800 3505 2855 ego

1881 2873 2080 2942 aliquid
2106 2916 2120 2939 ,
2157 2874 2302 2943 quod
2336 2892 2365 2928 a
2393 2876 2648 2945 quopiam
2679 2876 2879 2930 audivi.
2916 2876 3049 2930 Erat
3077 2877 3298 2946 quidam
3334 2893 3466 2946 puer
3489 2919 3503 2943 ,

1881 2981 2042 3035 quem
2069 2967 2293 3036 contigit
2319 2983 2443 3021 cum
2474 2976 2646 3022 matre
2682 2985 2734 3021 Ill
2768 2983 2899 3038 agro
2926 2983 3081 3035 esse,
3110 2984 3234 3024 cmn
3267 2968 3505 3024 nonduin

1883 3055 2191 3125 quindecim
2223 3072 2487 3112 annorum
2518 3065 2700 3113 esset:
2730 3068 2855 3113 tunc
2879 3059 3026 3129 gravi
3058 3069 3112 3114 et
3143 3070 3402 3130 Corrupto
3425 3060 3508 3115 in-

1882 3157 2107 3217 gruente
2144 3164 2269 3203 aere
2297 3193 2311 3216 ,
2359 3160 2648 3220 utrumque
2692 3150 2857 3206 febris
2901 3152 3097 3207 invasit
3127 3171 3138 3204 :
3169 3164 3287 3206 erat
3324 3163 3507 3209 autem

1883 3240 2126 3294 autumni
2161 3249 2475 3310 tempestas.
2512 3242 2662 3297 Tunc
2694 3253 2868 3297 mater
2903 3244 3092 3299 urbem
3127 3245 3334 3313 ingredi
3369 3261 3509 3315 pra:-

1883 3332 2169 3401 or-cupavit
2197 3351 2210 3385 :
2243 3348 2380 3402 puer
2407 3348 2539 3389 vero
2569 3349 2598 3388 a
2631 3335 2858 3389 medicis
2883 3335 3068 3404 jussus
3101 3336 3230 3390 illuc
3263 3353 3506 3403 manere,

1883 3436 2003 3474 cum
2041 3421 2205 3476 febris
2235 3422 2486 3493 ﬂagraret
2512 3465 2527 3489 ,
2556 3423 2721 3494 coepit
2750 3425 3090 3496 gargarizare
3111 3469 3125 3492 ,
3157 3427 3296 3496 apud
3327 3443 3385 3482 se
3416 3443 3506 3482 ra-

1888 3513 2150 3569 tioriuaus
2173 3556 2188 3582 ,
2219 3523 2521 3585 putansque
2552 3518 2632 3572 sic
2677 3515 2867 3572 febrim
2909 3519 3181 3588 exstingui
3233 3535 3391 3588 posse
3416 3562 3431 3587 ,
3461 3521 3507 3575 si

1887 3605 2017 3659 nihil
2068 3605 2294 3660 omnino
2339 3607 2580 3662 alimenti
2626 3609 2919 3678 acciperet.
2975 3609 3176 3679 Utpote
3225 3626 3397 3680 puer,
3441 3627 3506 3666 ex

1886 3696 2262 3767 intempestiva
2307 3700 2656 3753 contentione
2690 3699 2822 3752 nihil
2853 3700 3081 3770 accepit.
3135 3700 3204 3756 Ut
3233 3712 3411 3755 autem
3440 3701 3507 3755 ad

1887 3788 2074 3843 urbem
2100 3791 2262 3849 venit.
2299 3789 2474 3860 lingua
2509 3790 2742 3862 paralysi
2772 3800 2913 3846 tacta
2943 3801 3028 3846 est
3049 3835 3063 3859 ,
3094 3793 3166 3848 ita
3197 3802 3254 3847 ut
3280 3794 3370 3847 diu
3398 3811 3504 3847 non

1886 3881 2110 3952 loquens
2137 3923 2153 3949 ,
2188 3883 2320 3937 nihil
2364 3885 2694 3939 articulatim
2745 3887 3097 3955 pronuntiare
3145 3897 3362 3957 posset;
3412 3887 3506 3942 sed

1886 3975 2100 4045 legebat
2124 3976 2340 4047 quidem
2366 4018 2381 4044 ,
2411 3986 2465 4032 et
2497 3979 2983 4058 magistros-multo
3014 3989 3258 4048 tempore
3285 3979 3460 4034 adibat
3492 3995 3507 4044 ;

1886 4067 1982 4122 sed
2016 4069 2212 4123 frustra
2240 4079 2293 4124 et
2324 4068 2530 4140 absque
2559 4071 2713 4141 signo
2747 4063 2877 4126 ullo.
2913 4070 3102 4127 Omnis
3128 4089 3259 4144 ergo
3289 4089 3414 4144 spes
3442 4072 3512 4127 ab

1887 4158 1980 4215 illo
2007 4161 2279 4216 exciderat
2304 4203 2320 4229 ,
2357 4172 2634 4234 materque
2663 4169 2781 4233 ejus
2819 4165 3043 4219 nmltmn
3075 4164 3309 4221 dolebat.
3345 4167 3509 4220 Multa

1867 4252 2085 4335 medici
2107 4296 2121 4319 ,
2145 4254 2311 4309 multa
2333 4254 2424 4309 alii
2447 4256 2853 4326 excogitarunt,
2879 4258 2972 4312 sed
3000 4259 3269 4314 incassum
3298 4278 3309 4312 :
3336 4263 3512 4314 donee

1886 4343 2155 4416 benignus
2184 4345 2324 4401 Deus
2350 4347 2545 4418 linguae
2567 4348 2841 4404 vinculum
2865 4354 3093 4417 curavit,
3118 4361 3351 4421 tuncque
3377 4367 3507 4404 con-

1887 4435 2077 4502 valuit,
2102 4443 2156 4491 et
2180 4438 2463 4507 pristinam
2494 4440 2746 4510 loquendi
2777 4441 3089 4497 facultatem
3117 4444 3343 4511 accepit.
3376 4442 3508 4496 Ναιν-

1888 4531 2027 4586 ravit
2052 4541 2230 4586 autem
2266 4533 2434 4600 ipsius
2463 4544 2658 4602 mater,
2684 4550 2806 4589 eum
2838 4537 3094 4606 puerulus
3127 4546 3300 4601 chet,
3333 4538 3508 4608 ipsum

1889 4625 1943 4679 in
1991 4639 2121 4681 nare
2158 4626 2408 4685 morbum
2455 4627 2709 4684 habuisse
2735 4671 2750 4697 ,
2779 4645 2940 4700 quem
2969 4641 3160 4685 meant
3208 4631 3504 4702 polypum;

1889 4734 2214 4788 rursumque
2242 4719 2482 4776 medicos
2505 4720 2900 4792 desperavisse,
2925 4734 3249 4793 Optassequ
3278 4733 3506 4778 matrem

1889 4821 1948 4866 ut
1991 4823 2335 4876 moreretur,
2381 4824 2698 4884 patremque
2753 4815 2851 4885 ipsi
2901 4815 3247 4871 maledixisse
3292 4816 3509 4887 (adhuc

1889 4908 2030 4961 enim
2056 4907 2321 4977 vivebat):
2343 4909 2632 4980 omniaque
2653 4908 2831 4964 denuo
2854 4911 3124 4964 anxietate
3151 4910 3307 4981 plena
3331 4921 3506 4966 erant.

1889 4998 1985 5054 Ille
2015 5015 2144 5055 vero
2175 5001 2452 5056 tussiendo
2478 5042 2492 5067 ,
2525 5016 2591 5057 ex
2623 5017 2842 5057 mucore
2892 5005 3057 5057 feram
3101 5003 3246 5056 illam
3284 5005 3507 5074 Spiritus

1890 5089 2094 5160 impetu
2114 5106 2179 5146 ex
2205 5092 2422 5146 naribus
2445 5091 2624 5160 ejecit,
2645 5094 2934 5163 omniaque
2955 5095 3134 5163 gravia
3159 5095 3332 5148 soluta
3358 5105 3505 5149 sunt.

1891 5181 2005 5238 lloe
2044 5183 2230 5239 sedato
2262 5183 2403 5239 malo
2442 5183 2619 5240 ﬂuxus
2663 5201 2758 5256 per
2796 5186 2981 5241 oculos
3027 5203 3153 5242 acer
3178 5197 3231 5241 et
3264 5187 3507 5243 viscosus

1890 5274 2084 5337 ﬂuens,
2121 5277 2256 5332 tales
2288 5287 2503 5347 tamque
2533 5293 2746 5333 crassas
2776 5277 2948 5334 lemas
2974 5278 3243 5335 efﬁciebat
3264 5321 3277 5345 ,
3311 5287 3367 5331 ut
3397 5280 3508 5347 pel-

1890 5367 2051 5424 licula
2107 5370 2321 5439 ριινιιιω
2376 5370 2778 5437 abduceretur,
2827 5373 3080 5442 quodque
3131 5388 3294 5443 grave
3342 5384 3460 5427 erat
3491 5415 3503 5436 ,

1891 5464 2189 5519 cazcitatem
2219 5465 2524 5519 minabatur
2544 5508 2558 5531 ,
2589 5481 2888 5536 omnesque
2919 5464 3154 5521 futuram
3189 5466 3332 5520 illam
3362 5465 3509 5520 diee-

1891 5555 2039 5610 bant.
2088 5556 2196 5611 Sed
2241 5557 2344 5612 hoc
2391 5559 2553 5613 etiam
2600 5561 2792 5616 morbo
2839 5576 2935 5630 per
2979 5560 3074 5615 Dei
3121 5561 3348 5632 gratiam
3398 5559 3507 5616 cito

1892 5646 2150 5702 liberatus
2172 5657 2273 5704 est.

1968 5738 2198 5795 Historia
2239 5741 2344 5796 alia
2382 5744 2450 5796 ad
2496 5747 2664 5813 ipsum
2690 5745 3110 5815 Chrysoslomum
3143 5745 3504 5816 pertinens.“

1893 5833 1958 5888 Et
2002 5835 2115 5887 huic
2145 5835 2361 5903 quidem
2390 5836 2564 5890 audivi
2589 5855 2601 5899 ;
2634 5853 2753 5906 qum
2781 5854 2911 5892 vero
2943 5840 3056 5908 ipse
3084 5839 3198 5894 scio
3223 5881 3236 5902 ,
3271 5836 3505 5893 narrabo

1897 5926 2066 5982 vobis.
2088 5926 2230 5983 Mota
2251 5939 2333 5985 Cal
2357 5937 2707 6000 tyrannorum
2730 5932 2967 6003 suspicio
2987 5932 3038 5988 in
3061 5941 3276 5990 mutate
3300 5940 3502 5990 nostra.
