4034 6408
179 420 269 473 επ
1129 414 1194 470 lN
1233 413 1413 469 ACTA
1451 412 1971 472 arosrownun.
2016 417 2244 475 llOMlL.
2289 421 2530 478 XXXIX.

177 537 612 607 urchisgnagogtts
627 533 839 588 credidit
871 529 1086 584 Domino
1115 546 1230 582 cum
1259 538 1361 582 tota
1392 527 1542 582 domo
1571 544 1662 581 sua
1679 544 1699 593 ,'
1734 537 1782 581 et

176 629 307 682 multi
349 626 615 680 Corinthii
651 623 913 678 audientes
937 662 952 688 ,
983 620 1251 674 credebant
1281 629 1327 673 et
1369 618 1779 688 baptizabantur.

180 718 296 773 Vide
327 719 611 787 quomodo
643 719 862 777 iterum,
887 729 1008 769 cum
1035 713 1279 777 dixisset,
1307 712 1380 765 Ab
1407 711 1501 765 hoc
1533 721 1778 781 tempore,

176 828 267 864 non
297 811 422 864 illus
455 822 639 864 tamen
669 807 888 876 uegiigit
918 823 928 858 :
965 806 1142 876 itaque
1172 805 1271 858 hoc
1299 803 1538 866 dixerat,
1570 812 1628 856 ut
1660 802 1782 856 illos

173 903 444 957 excitaret.
478 903 543 955 Et
593 908 774 970 postea
806 900 957 954 venit
1001 897 1067 952 ad
1111 896 1320 951 Justum
1348 936 1362 960 ,
1406 894 1561 963 cujus
1589 893 1780 948 domus

171 1003 277 1046 erat
306 993 530 1061 conjum
552 1001 602 1045 la
635 1005 944 1062 synagogat.
984 989 1202 1043 Vicinus
1229 996 1364 1053 erat,
1399 995 1455 1041 ut
1486 1002 1553 1040 ex
1584 986 1778 1039 vicinia

171 1089 336 1142 zelum
387 1087 658 1142 haberent
683 1129 698 1152 ,
727 1091 774 1139 si
806 1085 1024 1140 vellent.
1064 1071 1280 1152 Crispus
1324 1090 1492 1157 autem
1517 1122 1532 1144 ,
1565 1080 1773 1150 inquit,

170 1182 605 1251 archisynagogus
635 1179 855 1233 credidit
882 1173 1101 1230 Domino
1127 1191 1239 1228 cum
1268 1183 1371 1227 tota
1397 1174 1546 1226 domo
1570 1189 1681 1226 sua.
1713 1172 1777 1225 Et

173 1274 266 1327 hoc
313 1273 502 1342 utique
546 1272 680 1325 satis
722 1280 841 1325 erat
885 1269 949 1322 ad
996 1267 1115 1321 illos
1152 1265 1519 1321 adducendas.
1549 1265 1601 1320 9.
1634 1263 1777 1317 Dixit

170 1383 212 1417 ai
234 1376 330 1418 tesn
366 1364 624 1418 Dominus
661 1379 750 1432 per
781 1361 1020 1415 visionem
1055 1360 1106 1412 in
1137 1368 1281 1412 nocte
1307 1356 1479 1412 Paulo
1505 1372 1522 1410 :
1551 1353 1677 1409 Noli
1707 1357 1774 1408 ti-

170 1475 316 1522 mere,
341 1459 432 1511 sed
456 1457 666 1526 loquere
693 1466 738 1510 et
768 1472 832 1509 ne
856 1465 1040 1518 taceas,
1075 1453 1159 1508 10.
1191 1452 1310 1521 quia
1333 1468 1424 1522 ego
1447 1460 1610 1504 tecum
1638 1466 1772 1515 sum,

168 1560 212 1603 et
238 1565 383 1601 nemo
410 1549 638 1618 insurget
678 1548 730 1610 in
772 1556 821 1601 te
851 1555 903 1598 ut
931 1555 1106 1598 noceat
1147 1545 1276 1607 tibi,
1305 1544 1424 1612 quia
1455 1543 1677 1612 populus
1702 1550 1775 1594 est

173 1643 286 1694 mihi
329 1643 521 1694 utullus
553 1642 604 1693 in
650 1640 746 1692 hac
787 1639 1006 1692 ciuitate.
1037 1637 1174 1692 Vide
1208 1645 1338 1706 quot
1369 1634 1667 1690 rationibus
1700 1633 1773 1687 illi

170 1734 353 1790 suadet
375 1775 391 1799 ,
420 1742 477 1788 et
505 1733 778 1803 quomodo
806 1773 820 1797 ,
853 1731 995 1802 quod
1039 1731 1188 1785 illum
1231 1728 1463 1783 maxime
1492 1727 1772 1797 erigebat,

172 1828 266 1882 hoc
289 1828 477 1880 ultimo
504 1825 636 1880 dicit
665 1844 676 1877 :
712 1824 848 1891 Quia
881 1822 1099 1892 populus
1127 1832 1198 1876 est
1226 1821 1350 1873 mihi
1379 1818 1568 1872 inultus
1598 1820 1650 1871 in
1679 1818 1774 1870 hac

169 1920 380 1972 ciuitate.
412 1916 698 1984 Quomodo
719 1932 850 1988 ergo
882 1917 1292 1970 insurrexerunt
1322 1915 1374 1966 in
1399 1928 1542 1978 eum,
1576 1910 1774 1965 dixerit

169 2011 464 2081 quispiam?
493 2012 562 2064 At
591 2025 696 2064 non
727 2008 1144 2079 prmi/aluerunt,
1175 2006 1270 2062 sed
1297 2005 1362 2059 ad
1389 2005 1770 2076 proconsulem

171 2113 366 2158 tantum
396 2103 688 2158 duxerunt.
721 2104 808 2157 11.
843 2101 990 2158 Sedit
1020 2112 1186 2155 autem
1225 2100 1294 2154 ibi
1321 2117 1512 2153 annum
1539 2116 1698 2153 unum
1727 2108 1772 2151 et

167 2214 248 2250 sex
270 2213 465 2251 menses
485 2239 500 2263 ,
530 2197 715 2250 docens
746 2195 888 2266 apud
916 2211 999 2249 eos
1029 2193 1251 2268 verbum_
1267 2191 1384 2246 Dei.
1415 2191 1502 2245 12.
1536 2190 1772 2245 Gallione

166 2299 325 2342 autem
372 2287 678 2358 proconsule
722 2287 970 2351 Achaicis,
1020 2286 1408 2339 insurrexerunt
1454 2300 1556 2336 uno
1600 2284 1772 2337 animo

165 2379 332 2433 λιιᾱωὶ
361 2381 416 2432 in
453 2379 699 2442 Paulum,
731 2388 778 2432 et
804 2378 1127 2432 adduxerunt
1154 2394 1269 2432 eum
1296 2377 1364 2429 ad
1393 2376 1650 2442 tribunal,
1681 2377 1767 2430 15.
1803 2387 1810 2392 '

163 2474 378 2526 dicentes
409 2488 426 2526 .'
455 2472 590 2538 Quia
635 2482 815 2525 contra
859 2472 1017 2541 legem
1056 2471 1138 2523 hic
1177 2469 1448 2539 persuadet
1483 2467 1771 2524 hominibus

161 2566 318 2617 colere
347 2564 538 2618 Deum.
568 2563 753 2617 V'idcn’
775 2577 880 2633 qua
907 2562 975 2618 de
1005 2575 1166 2616 causa
1193 2561 1266 2614 illi
1295 2576 1511 2628 semper
1533 2560 1771 2629 ῃυὺιὶοειε

159 2658 528 2711 accusationes
561 2657 858 2711 texebant?
893 2655 1025 2710 Vide
1056 2654 1167 2724 jam
1191 2695 1204 2719 ,
1243 2653 1516 2724 quomodo
1544 2652 1769 2707 dicenti-

157 2750 252 2803 bus
281 2750 391 2803 illis
415 2790 431 2816 ,
467 2749 643 2819 ipsmn
671 2756 860 2802 contra
891 2746 1065 2818 legem
1097 2745 1425 2816 persuadere
1457 2745 1768 2800 hominibus

155 2845 329 2898 colere
363 2844 568 2905 Deum,
599 2841 733 2895 nihil
765 2841 957 2894 horum
987 2855 1180 2895 curare
1209 2839 1587 2908 proconsulem
1616 2880 1630 2904 ,
1660 2839 1768 2893 imo

156 2937 328 3006 potius
355 2936 585 2991 Paulum
615 2934 931 2990 defendere.
971 2934 1036 2988 Et
1065 2933 1213 3000 audi,
1241 2932 1512 3003 quomodo
1546 2948 1764 3002 respon-

155 3029 316 3081 deat:
356 3027 420 3082 Si
449 3027 654 3095 quidem
699 3036 826 3080 esset
864 3025 934 3078 ad
973 3026 1221 3078 civitatem
1263 3034 1500 3094 spectans
1541 3025 1768 3092 iniiuunt

154 3119 345 3187 aliquid
372 3128 462 3170 aut
494 3119 696 3188 facinus
728 3117 1020 3186 pessimum,
1051 3133 1080 3170 ο
1106 3116 1307 3182 Judaei,
1341 3128 1474 3170 recte
1503 3133 1588 3170 vos
1615 3118 1769 3171 susti-

157 3225 343 3264 nerem.
389 3208 686 3279 Equitatis
716 3223 905 3263 amans
946 3209 1076 3263 mihi
1108 3210 1189 3263 vir
1215 3211 1301 3264 ille
1333 3209 1572 3275 videtur,
1607 3210 1768 3280 idque

157 3301 499 3356 nzauifestum
533 3311 618 3356 est
651 3317 716 3355 ex
749 3301 835 3367 iis,
865 3317 986 3371 quae
1016 3301 1308 3371 prudenter
1334 3301 1646 3370 respondet.
1674 3302 1764 3356 14.

157 3395 279 3448 Cum
325 3393 528 3449 Paulus
555 3438 569 3457 ,
606 3395 778 3464 inquit
804 3435 817 3458 ,
849 3411 903 3448 os
942 3410 1090 3449 suum
1134 3396 1406 3464 operturus
1441 3403 1608 3460 esset,
1638 3394 1768 3449 dixit

158 3486 323 3540 Gallio
367 3487 571 3541 Juda-is
598 3486 703 3542 :Si
744 3487 945 3556 quidem
987 3497 1113 3542 esset
1152 3489 1396 3556 injustam
1441 3487 1636 3557 aliquid
1679 3498 1769 3540 aut

159 3579 352 3647 facinus
381 3581 661 3648 pessimum
687 3619 702 3642 ,
732 3595 760 3631 ο
787 3576 960 3631 Judwi
982 3619 997 3645 ,
1026 3587 1156 3632 recte
1186 3593 1272 3631 vos
1302 3580 1600 3632 sustinerent
1630 3595 1647 3632 :
1679 3580 1763 3635 15.

159 3672 200 3724 si
229 3687 342 3724 tero
372 3673 587 3738 quwstio
618 3679 692 3723 est
722 3671 785 3724 de
813 3671 958 3724 verba
989 3679 1035 3724 et
1065 3671 1352 3725 nominibus
1382 3681 1427 3725 et
1457 3672 1522 3725 de
1547 3673 1653 3743 lege
1682 3690 1765 3726 ve-

161 3771 281 3825 stra,
310 3777 396 3815 vos
422 3763 525 3830 ipsi
556 3761 782 3814 videritis
809 3777 826 3813 :
843 3761 1011 3829 judex
1040 3776 1130 3833 ego
1157 3762 1340 3814 horum
1370 3762 1489 3816 nolo
1519 3780 1643 3818 esse.
1675 3765 1763 3818 16.

161 3849 228 3904 Et
262 3853 427 3925 abegit
472 3870 558 3907 eos
603 3870 635 3906 a
680 3853 941 3906 tribunali.
987 3854 1073 3908 17.
1113 3854 1561 3924 Appreltendentes
1599 3867 1767 3911 autent

162 3963 327 4002 omnes
356 3947 525 4002 (ἔνωεὶ
557 3947 861 4026 Sostheitem
884 3947 1165 4017 principem
1194 3965 1488 4019 synagogaz,
1520 3953 1768 4020 percutie-

163 4042 277 4094 bant
308 4057 426 4094 eum
456 4050 574 4094 ante
604 4040 828 4093 tribunal
855 4057 873 4094 :
898 4051 942 4093 ct
981 4041 1110 4095 niltil
1147 4058 1320 4099 eorum
1367 4041 1594 4098 Gallioni
1634 4062 1770 4100 cura:

161 4143 285 4187 erat.
311 4133 448 4188 [line
477 4149 696 4189 rursum
720 4134 818 4188 viri
841 4133 1065 4204 aequitas
1090 4145 1440 4192 monstratur.
1468 4137 1599 4192 Cum
1623 4141 1766 4195 enim

164 4227 248 4281 ille
266 4227 666 4293 verberaretur,
689 4241 796 4280 non
823 4227 1031 4296 putavit
1055 4228 1104 4282 id
1132 4228 1230 4300 ipsi
1254 4231 1598 4286 contumeliae
1615 4248 1763 4288 esse:

162 4321 293 4376 adeo
324 4321 629 4392 petulantes
662 4319 834 4374 Judaei
867 4329 1042 4376 erant.

228 4411 283 4466 2.
324 4412 430 4467 Sed
468 4412 749 4481 superiora
794 4422 1120 4481 repetamus.
1162 4414 1439 4472 Audientes
1462 4427 1631 4473 autem
1681 4437 1766 4474 re-

159 4503 522 4558 surrectionem
570 4513 926 4569 mortuorum,
977 4505 1068 4559 alii
1091 4507 1297 4578 quidem
1322 4509 1603 4563 irridebant
1627 4553 1641 4578 ,
1676 4513 1769 4566 alii

161 4613 273 4651 sero
300 4596 544 4650 dixerunt
586 4611 606 4649 :
646 4596 925 4650 Audiemus
973 4605 1030 4678 te
1059 4600 1258 4653 iterum.
1291 4601 1500 4668 Quanta
1531 4612 1585 4657 et
1606 4620 1764 4672 quam

161 4691 406 4746 sublimia
436 4690 745 4757 audientes,
780 4707 848 4747 ne
876 4693 1223 4750 attendebant
1249 4695 1486 4766 quidem,
1507 4699 1602 4752 sed
1628 4700 1765 4754 ride-

162 4783 310 4836 bant.
331 4781 811 4837 Resurrectionem
842 4783 1142 4840 irridebant
1169 4805 1181 4841 :
1204 4802 1324 4841 nam
1349 4789 1600 4845 Animalis
1615 4793 1767 4847 homo

161 4891 258 4927 non
289 4873 505 4944 percipit
534 4889 615 4938 ea,
648 4890 764 4939 quia
790 4885 906 4928 sunt
929 4875 1156 4946 Spiritus
1187 4877 1206 4948 (
1234 4882 1287 4936 1.
1316 4880 1435 4936 Cor.
1468 4881 1526 4936 2.
1552 4884 1664 4956 14).
1699 4885 1766 4939 Et

159 4966 247 5026 sic,
282 4965 477 5034 inquit,
501 4964 623 5018 exiit
652 4963 852 5019 Paulus
874 4968 936 5020 de
959 4969 1122 5023 medio
1145 4987 1337 5024 eorum.
1373 4973 1462 5028 Sic
1495 4991 1512 5029 :
1543 4992 1769 5046 quomo-

160 5055 272 5108 do?
300 5054 437 5110 Cum
464 5054 584 5109 aliis
615 5059 992 5126 persuasisset,
1026 5061 1093 5115 ab
1119 5062 1236 5117 aliis
1261 5080 1390 5119 vero
1415 5067 1604 5124 irrisus
1635 5069 1766 5125 fuis-

159 5134 259 5205 sel.
297 5149 555 5205 Secedens
585 5161 755 5206 autem
783 5153 994 5209 Athenis
1013 5198 1028 5223 ,
1062 5157 1256 5226 inquit,
1286 5161 1418 5214 venit
1441 5162 1763 5220 Corinthum.

163 5243 226 5296 Et
249 5246 448 5297 invento
474 5245 698 5315 quodam
727 5243 934 5314 Judazo,
965 5249 1048 5303 cui
1067 5266 1248 5305 nomen
1273 5252 1477 5322 Aquila,
1509 5259 1595 5325 qui
1624 5258 1769 5313 Pon-

163 5335 288 5389 ticus
316 5345 424 5388 erat
446 5352 627 5406 genere
647 5347 696 5392 et
719 5354 882 5407 nuper
907 5352 1107 5395 uenerat
1128 5360 1191 5397 ex
1211 5342 1387 5412 Italia,
1411 5351 1597 5402 mansit
1624 5354 1764 5421 apud

164 5425 274 5477 illos
299 5436 347 5479 et
376 5430 707 5499 operabatur.
743 5428 892 5495 Vide,
927 5434 1200 5500 quomodo
1221 5435 1306 5490 lex
1329 5436 1440 5506 jam
1467 5439 1602 5495 solvi
1633 5443 1769 5498 inci-

167 5520 290 5587 piat.
325 5519 425 5574 llic
453 5522 598 5575 enim
627 5535 687 5576 se
717 5532 928 5592 postea,
954 5524 1175 5582 Judmus
1196 5544 1318 5583 cum
1341 5541 1508 5600 esset,
1535 5536 1770 5593 totondit

169 5613 218 5666 in
243 5611 540 5669 Cenchreis
562 5658 576 5682 ,
604 5624 659 5670 et
690 5616 743 5669 in
769 5615 977 5688 Syriam
1009 5619 1367 5689 proficiscitur
1405 5639 1526 5680 cum
1575 5627 1762 5683 Paulo.

171 5705 420 5762 Ponticus
445 5722 570 5762 cum
602 5718 771 5777 esset,
806 5725 904 5766 nec
926 5711 1322 5786 Jerosolymam
1352 5733 1526 5788 neque
1553 5721 1603 5774 in
1631 5724 1766 5777 vici-

173 5810 234 5848 na
273 5796 386 5851 loca
425 5799 614 5855 venire
665 5799 996 5870 festinabat,
1039 5805 1135 5860 sed
1179 5808 1363 5876 procul
1410 5819 1546 5868 erat.
1607 5814 1763 5883 Apud

173 5885 314 5943 illum
349 5904 480 5960 ergo
530 5900 742 5952 manet.
780 5909 877 5950 nec
910 5911 1129 5954 manere
1156 5901 1424 5956 erubescit
1453 5921 1464 5970 ;
1499 5904 1605 5960 imo
1637 5906 1756 5964 ideo

3402 439 3506 494 278

1893 540 2096 596 manet,
2132 535 2282 603 quasi
2319 535 2574 592 idoneum
2607 548 2796 596 nactus
2824 541 3208 620 diversorium,
3241 557 3297 605 et
3316 565 3507 618 quavis

1890 622 2038 692 regia
2054 623 2153 677 sibi
2177 627 2538 684 conunodius.
2561 629 2674 687 Nec
2694 633 2876 689 rideas
2896 635 3010 693 haec
3021 621 3269 708 audiens,
3285 640 3503 698 dilecte.

1892 712 1961 768 Ut
2008 716 2151 770 enim
2202 707 2453 787 pallestra
2498 722 2715 779 athleta:
2771 727 2945 797 magis
2995 707 3277 801 competit,
3337 749 3500 804 quam

1890 814 2056 861 strata
2102 811 2327 869 mollia:
2371 812 2451 866 sie
2500 814 2750 872 bellatori
2799 820 3009 889 gladius
3039 822 3282 890 ferreus,
3330 827 3504 897 magis

1889 912 2051 968 quam
2082 917 2301 958 aureus.
2333 903 2400 958 Et
2420 911 2727 976 operabatur
2749 911 3072 979 prardicans.
3099 914 3504 974 Erubescamns

1890 1005 2028 1058 nos,
2083 995 2175 1063 qui
2236 997 2397 1051 etiam
2444 1000 2564 1055 sine
2614 1003 2998 1072 praedicatione
3024 1007 3254 1064 vivimus
3301 1011 3499 1068 otio-c.

1888 1082 2198 1156 Disputabat
2224 1101 2417 1156 autem,
2457 1092 2649 1164 inquit,
2675 1098 2726 1150 in
2749 1115 3014 1171 synagoga
3033 1118 3124 1172 per
3145 1119 3295 1158 omne
3314 1104 3501 1159 sabba-

1888 1185 2025 1242 tum,
2069 1180 2414 1253 suadebatque
2457 1185 2660 1242 Juda'is
2695 1198 2742 1244 et
2770 1190 2990 1246 Grcecis.
3019 1193 3507 1252 Contradicentibus

1885 1279 2053 1320 autem
2099 1270 2171 1324 eis
2210 1286 2258 1326 et
2303 1272 2806 1348 bluspltemantibus,
2852 1282 3124 1340 discessit.
3174 1286 3290 1342 Hoc
3338 1289 3502 1343 modo

1891 1373 2118 1429 sperans
2143 1363 2262 1420 illos
2284 1367 2526 1438 allicere,
2551 1371 2822 1429 discessit.
2847 1373 2954 1431 Cur
2978 1378 3065 1431 illa
3095 1380 3282 1434 relicta
3309 1380 3492 1445 domo.

1884 1465 2056 1520 prOpe
2093 1469 2422 1528 synagogam
2472 1461 2810 1520 habitaturus
2856 1469 3043 1522 venit?
3084 1485 3266 1525 annon
3301 1472 3391 1527 illa
3431 1472 3502 1528 de

1884 1547 2088 1598 causa?
2117 1563 2291 1618 neque
2320 1552 2463 1606 enim
2498 1555 2568 1609 ibi
2598 1559 2900 1626 perieulum
2923 1562 3160 1616 videbat.
3192 1562 3500 1635 Testiﬁcans

1884 1633 2008 1690 illis.
2043 1636 2158 1692 Non
2180 1639 2291 1708 jam
2316 1641 2496 1711 docet,
2529 1647 2624 1701 sed
2654 1650 2993 1706 testificatur.
3014 1633 3499 1711 Conti’adicentibus

1885 1740 2055 1782 autem
2077 1731 2182 1784 illis
2203 1774 2216 1797 ,
2244 1732 2454 1804 inquit,
2488 1746 2532 1790 et
2560 1739 3048 1811 blasplientantibus,
3084 1748 3312 1801 excussis
3341 1749 3499 1803 resti-

1882 1818 1974 1873 bus
2027 1822 2201 1877 dixit:
2252 1825 2480 1898 Sanguis
2520 1843 2680 1884 vester
2719 1850 2873 1902 super
2918 1847 3071 1906 caput
3102 1848 3342 1894 uestrum.
3387 1840 3498 1896 Hoc

1884 1912 2028 1981 facit,
2065 1926 2121 1969 ut
2152 1931 2258 1971 non
2293 1923 2460 1975 verbo
2489 1930 2719 1992 tantum,
2751 1926 2846 1982 sed
2877 1929 3040 1983 etiam
3071 1945 3238 2000 opere
3274 1943 3496 1988 terreat:

1882 2013 1936 2058 et
1978 2005 2357 2073 vehementius
2396 2013 2669 2083 disputat,
2716 2026 2903 2088 utpote
2943 2021 3032 2090 qui
3066 2023 3248 2078 multis
3275 2040 3503 2095 persua-

1881 2097 2062 2153 sisset.
2110 2100 2339 2158 Mundus
2364 2145 2380 2169 ,
2430 2107 2604 2176 inquit
2627 2151 2641 2176 ,
2685 2126 2801 2164 sum
2846 2128 2938 2184 ego
2968 2128 2987 2167 :
3017 2116 3081 2168 ab
3110 2115 3203 2168 hoc
3234 2117 3303 2168 ad
3329 2127 3501 2187 gentes

1880 2192 2083 2247 uadum.
2144 2196 2208 2249 Et
2257 2212 2354 2254 nos
2408 2199 2568 2269 igitur
2621 2205 2695 2258 tei
2725 2220 2913 2260 sumus
2957 2209 3234 2279 sanguinis
3285 2225 3496 2275 eorum,

1881 2285 1967 2353 qui
1998 2285 2155 2341 nobis
2179 2291 2476 2346 concrediti
2523 2305 2649 2348 sunt
2679 2338 2691 2360 ,
2727 2312 2848 2352 cum
2884 2300 3206 2371 negligimus
3237 2317 3353 2357 eos.
3388 2301 3495 2356 lta-

1878 2391 1983 2446 que
2039 2393 2159 2433 cum
2203 2382 2372 2449 dicit,
2425 2384 2500 2439 De
2541 2397 2724 2441 ca'tero
2767 2407 2914 2444 nemo
2965 2392 3093 2446 mihi
3141 2394 3384 2448 molestus
3436 2397 3501 2450 sit

1880 2468 1900 2540 (
1929 2470 2048 2526 Gal.
2080 2473 2134 2527 6.
2170 2476 2275 2547 17)
2305 2519 2318 2541 ,
2365 2487 2423 2532 ιιι
2471 2488 2742 2536 exterreat
2776 2483 3055 2554 loquitur:
3091 2501 3199 2541 non
3229 2489 3373 2542 enim
3407 2503 3493 2557 pe-

1877 2563 2033 2618 rinde
2051 2566 2290 2622 terrebat
2315 2569 2435 2624 illos
2457 2573 2807 2641 supplicium,
2841 2587 2899 2629 ut
2933 2577 3064 2631 illud
3096 2577 3399 2634 mordebat.
3428 2578 3497 2632 Et

1877 2656 2106 2725 migrans
2144 2659 2262 2712 inde
2287 2701 2301 2724 ,
2334 2661 2467 2714 venit
2507 2663 2560 2716 in
2593 2665 2802 2718 domum
2831 2665 2990 2721 Justi.
3019 2668 3275 2735 Transit,
3314 2669 3501 2724 volens

1878 2749 1985 2802 illis
2017 2750 2366 2818 persuadere,
2398 2754 2541 2823 quod
2574 2756 2639 2810 ad
2671 2767 2861 2827 gentes
2889 2759 3128 2814 festinet.
3160 2759 3375 2832 Crispus
3402 2779 3499 2816 au-

1880 2849 1978 2893 tem
2007 2842 2468 2914 archisynagogns,
2501 2846 2708 2916 inquit,
2741 2850 2958 2905 credidit
2988 2851 3211 2907 Domino
3241 2871 3356 2908 cum
3393 2865 3500 2909 tota

1878 2930 2030 2985 domo
2077 2950 2191 2987 sua.
2244 2934 2378 2990 Vide
2426 2945 2552 2993 tunc
2583 2939 2772 2995 fideles
2801 2959 2920 2996 cum
2953 2951 3059 2997 tota
3090 2943 3251 2999 domo
3283 2945 3386 3001 hoc
3418 2946 3498 3000 fe.-

1876 3025 2038 3078 cisse.
2081 3027 2212 3083 Post
2254 3028 2370 3085 lucc
2408 3042 2590 3086 autem
2632 3034 2726 3088 alii
2766 3050 2984 3106 quoque
3026 3037 3183 3091 multi
3209 3039 3500 3095 credentes

1877 3116 2129 3185 baptizati
2160 3130 2308 3175 sunt.
2345 3123 2496 3178 llunc
2529 3124 2779 3195 Crispum
2807 3127 2939 3181 dicit
2964 3128 3454 3202 archisynagogum
3478 3175 3491 3197 ,

1876 3207 1944 3262 de
1976 3224 2082 3277 quo
2111 3211 2186 3265 ait
2215 3229 2227 3266 :
2262 3212 2481 3267 Nullum
2508 3214 2669 3268 aliunt
2699 3219 2953 3288 baptizari
2978 3262 2994 3288 ,
3033 3222 3130 3274 nisi
3173 3221 3412 3294 Crispum
3451 3236 3498 3278 et

1878 3296 2065 3351 Gaium
2099 3300 2114 3368 (
2141 3301 2192 3354 1.
2227 3300 2348 3355 Cor.
2375 3306 2430 3358 1.
2468 3306 2534 3359 14
2561 3305 2608 3377 ).
2637 3307 2776 3362 Puto
2802 3320 2982 3363 autem
3013 3311 3157 3366 hunc
3187 3321 3243 3366 et
3267 3313 3495 3368 Sosthc-

1878 3405 1998 3443 item
2028 3392 2132 3444 dici
2160 3434 2174 3459 ,
2209 3394 2297 3462 qui
2325 3395 2408 3448 vir
2438 3397 2576 3451 adeo
2599 3398 2775 3453 fidelis
2799 3399 2917 3468 fuit,
2944 3412 3002 3455 ut
3022 3418 3315 3473 percussus
3337 3404 3499 3460 fuerit

1878 3493 1929 3536 et
1961 3497 2176 3554 semper
2205 3485 2372 3541 Paulo
2402 3488 2661 3548 adfuerit.
2690 3491 2835 3547 Dixit
2865 3504 3056 3561 autem,
3091 3496 3284 3568 inquit,
3315 3497 3499 3554 Domi-

1876 3592 1971 3628 nus
2003 3593 2092 3644 per
2120 3579 2362 3633 visionem
2393 3581 2445 3634 in
2472 3593 2618 3637 nocte
2651 3583 2820 3638 Paulo
2843 3602 2862 3639 :
2889 3586 3017 3641 Noli
3045 3589 3222 3644 timere
3243 3630 3258 3653 ,
3291 3593 3383 3646 sed
3419 3593 3499 3646 lo-

1876 3686 2047 3738 quere.
2096 3670 2222 3726 Ideo
2264 3673 2437 3728 multo
2476 3675 2548 3730 ibi
2597 3686 2840 3747 tempore
2885 3690 3104 3736 manet:
3153 3683 3203 3737 id
3234 3685 3378 3738 enim
3416 3685 3494 3741 illi

1878 3766 2046 3818 suasit
2078 3765 2390 3835 multitudo,
2421 3768 2517 3824 sed
2561 3770 2902 3827 familiaritas
2927 3773 3130 3830 Christi
3157 3778 3348 3847 magis.
3383 3778 3496 3833 Ma-

1872 3856 1962 3927 jns
1997 3860 2142 3913 enim
2169 3867 2297 3914 tunc
2321 3869 2440 3914 erat
2467 3863 2764 3931 periculum
2788 3906 2803 3931 ,
2845 3866 3030 3921 multis
3060 3868 3410 3926 credentibus
3438 3884 3494 3928 et

1879 3954 1996 4020 ipso
2019 3953 2467 4025 archisynagogo.
2498 3955 2626 4012 Noli
2649 3959 2846 4027 timere,
2874 3961 3064 4031 inquit.
3090 3961 3203 4019 Hoc
3223 3965 3354 4019 satis
3375 3976 3495 4022 erat

1875 4047 1941 4100 ad
1980 4047 2127 4100 illum
2159 4048 2504 4102 excitandum
2540 4090 2553 4113 ,
2579 4051 2703 4120 quia
2736 4053 2929 4108 timere
2956 4053 3331 4125 deprehensus
3355 4058 3488 4125 fuit;

1878 4140 1979 4193 nisi
2030 4139 2170 4195 forte
2214 4158 2320 4195 non
2373 4143 2570 4198 timere
2619 4145 2689 4199 sit
2712 4143 3126 4216 deprehensus,
3155 4149 3251 4204 sed
3275 4151 3493 4207 confor-

1877 4243 2019 4287 tetur
2065 4241 2122 4287 ut
2159 4233 2290 4288 nihil
2344 4235 2452 4290 tale
2485 4238 2740 4306 patiatur.
2778 4238 2897 4294 Non
2938 4242 3085 4296 enim
3118 4256 3336 4314 semper
3369 4246 3492 4302 illos

1875 4327 2016 4383 male
2061 4329 2170 4397 pati
2215 4329 2465 4396 sinebat,
2511 4345 2580 4386 ne
2632 4332 2959 4388 infirmiores
3001 4335 3319 4392 evaderent.
3346 4337 3488 4393 Nihil

1874 4424 2017 4476 enim
2057 4423 2126 4476 ita
2176 4423 2401 4477 Paulum
2434 4439 2669 4480 niuarore
2709 4425 3015 4495 afficiebat,
3063 4429 3404 4486 utincreduli
3437 4446 3493 4488 et

1875 4515 2355 4573 contradicentes:
2405 4516 2508 4571 hoc
2552 4517 2683 4587 ipsis
2727 4520 2984 4588 periculis
3017 4522 3300 4576 molestius
3347 4537 3488 4579 erat.

1876 4606 1944 4661 Et
1982 4625 2044 4661 ne
2084 4617 2281 4674 taceas,
2319 4609 2528 4679 inquit,
2575 4612 2694 4681 quia
2725 4613 2918 4667 inultus
2941 4615 3066 4667 nti/ti
3095 4617 3316 4687 populus
3340 4628 3411 4672 est
3439 4621 3490 4673 in

1877 4699 1971 4751 Itac
1998 4699 2218 4753 civitate.
2255 4700 2378 4754 Ideo
2423 4700 2652 4756 fortasse
2700 4702 2773 4756 illi
2803 4702 3052 4760 Christus
3080 4718 3323 4777 apparet.
3360 4709 3491 4765 Gal-

1876 4795 2010 4849 lione
2031 4805 2235 4860 autem,
2269 4795 2477 4864 inquit,
2511 4797 2815 4865 proconsule
2841 4799 3073 4868 Achaica,
3102 4803 3490 4859 insurrexerunt

1875 4905 1979 4942 uno
2007 4890 2180 4943 animo
2203 4889 2382 4943 Judwi
2403 4891 2455 4944 in
2486 4889 2734 4945 Paulum.
2763 4892 2920 4961 Vide,
2946 4905 3068 4964 post
3090 4913 3292 4953 annum
3314 4910 3368 4955 et
3395 4915 3488 4956 Sex

1877 4998 2093 5039 menses
2133 4983 2419 5054 insurgunt
2449 4985 2500 5038 in
2537 5001 2684 5051 eum,
2717 4988 2932 5056 quando
2960 4993 3069 5057 jam
3104 5007 3210 5046 non
3244 5002 3490 5062 poterant

1875 5076 1988 5131 suis
2015 5075 2348 5155 uti’legibus.
2396 5075 2509 5131 lloc
2537 5077 2768 5132 maxime
2799 5077 3112 5136 Corinthios
3129 5084 3451 5140 'extoliebat
3470 5129 3484 5151 ,

1876 5169 2019 5238 quod
2047 5170 2292 5239 persuasi
2319 5179 2504 5225 essent
2526 5172 2823 5242 principem
2851 5190 2955 5229 non
2981 5190 3101 5230 sese
3124 5177 3487 5233 demissorum

1876 5278 2017 5318 esse.
2049 5263 2163 5317 Non
2194 5266 2336 5317 enim
2366 5265 2506 5319 idem
2539 5276 2657 5321 erat
2687 5283 2753 5320 ex
2785 5270 3138 5324 contentione
3167 5271 3405 5336 vincere.
3435 5287 3490 5329 ct

1875 5356 2088 5411 discere
2111 5358 2282 5426 ipsum
2319 5358 2434 5413 lupo
2463 5363 2671 5430 negotia
2704 5362 2836 5416 nihil
2866 5379 3080 5419 curare.
3125 5366 3191 5422 Et
3216 5370 3489 5438 perpende

1876 5466 2034 5520 quam
2066 5452 2304 5521 prudens
2333 5453 2422 5508 ille
2456 5466 2622 5510 esset.
2652 5456 2770 5511 Non
2799 5459 2944 5512 enim
2973 5462 3156 5525 statim
3184 5465 3486 5534 respondit,

1876 5543 2016 5596 Nihil
2043 5559 2208 5607 curo;
2243 5545 2338 5601 sed
2367 5548 2535 5617 quid?
2564 5547 2627 5604 Si
2655 5551 2858 5620 quidem
2881 5564 3008 5606 esset
3031 5554 3262 5625 iniquum
3291 5559 3488 5629 aliquid

1876 5647 1963 5688 aut
1988 5638 2186 5707 facinus
2219 5641 2514 5708 pessimum,
2546 5659 2575 5696 ο
2599 5642 2794 5710 Judwi,
2818 5657 2950 5699 recte
2972 5661 3058 5699 vos
3085 5650 3384 5703 sustinerent
3404 5671 3422 5716 ;
3446 5655 3490 5707 si

1875 5745 1990 5783 t'ero
2012 5733 2222 5798 ([ttaZsliO
2251 5742 2324 5787 est
2346 5735 2409 5786 de
2432 5737 2593 5789 verbis
2625 5746 2668 5789 et
2695 5738 2984 5791 nominibus
3011 5749 3056 5792 et
3079 5739 3141 5794 de
3168 5741 3276 5812 lege
3299 5752 3484 5807 vestra,

1875 5837 1960 5875 ros
1981 5823 2078 5891 ipsi
2107 5824 2331 5879 videritis
2356 5842 2374 5878 :
2395 5827 2562 5895 judex
2608 5845 2699 5899 ego
2724 5829 2909 5884 horum
2931 5831 3050 5884 nolo
3082 5848 3209 5886 esse.
3245 5833 3489 5888 Exclusit

1878 5929 1961 5967 eos
1991 5930 2021 5966 a
2054 5915 2314 5970 tribunali.
2365 5915 2662 5990 Splendida
2696 5920 2793 5977 fuit
2816 5922 3061 5979 victoria.
3097 5922 3487 5997 Apprelteusunt
