4034 6406
572 443 681 501 Ξῗθ

533 584 542 592 η’
565 569 750 615 ἰειιηιηιΔ
777 549 1074 613 Sosthenem‘
1108 551 1390 624 principem
1433 537 2149 621 synagogte,"prrcusacrunt

559 661 689 706 mue
721 646 973 704 'tn'btmut:
1015 645 1086 700 Et
1124 637 1252 700 nihil
1296 639 1468 700 eorum
1513 640 1738 695 Camoni
1777 640 1911 692 cura:
1947 648 2076 692 erat.

575 733 976 814 turpitudinem,
1004 747 1163 812 quam
1193 730 1442 794 subiere!
1469 735 1536 790 Et
1556 732 1688 788 nihil
1705 743 1875 788 eorum
1895 773 1910 798 ,
1942 729 2148 816 inlinit,

579 833 802 890 finitioni
843 842 979 886 cum
1029 823 1135 885 erat
1159 845 1192 894 ⁴;
1217 829 1317 884 ets‘i
1356 835 1522 881 totum
1552 825 1604 879 in
1631 825 1747 906 cj'us
1769 819 2150 877 contumeliam

568 929 840 996 iret-geret.
865 923 970 979 Sed
1001 923 1076 976 illi
1100 922 1251 991 quasi
1284 927 1544 988 potestate
1572 919 1790 983 accepta
1822 910 2145 982 percutiunt,

579 1012 786 1088 pudore
801 1014 1004 1077 atl'ccti,
1025 1012 1280 1083 illegitimi
1311 1009 1518 1065 [ureris
1531 1017 1668 1077 opus
1691 1005 1932 1062 edentes.
1967 1003 2036 1056 Et
2055 1013 2152 1088 cur

584 1108 671 1163 itte
688 1120 800 1160 non
819 1103 1066 1158 vicissim.
1085 1102 1370 1174 percussit,
1404 1100 1504 1156 etsi
1533 1103 1852 1167 potestatem
1868 1092 2103 1149 haberet
2127 1090 2151 1144 ?

539 1219 548 1234 τ’
582 1196 684 1252 Sed
706 1193 1066 1266 philosotibari
1092 1191 1471 1248 edocebantur.
1497 1183 1605 1243 Nec
1631 1187 1866 1243 vicissim
1900 1183 2151 1254 percutit,

579 1286 830 1355 utrjudes
849 1286 1120 1341 edisceret
1141 1324 1158 1348 ,
1181 1283 1301 1353 quis
1329 1281 1660 1337 mansuetior
1684 1287 1844 1335 esset.
1871 1276 2154 1345 Ιιοευιπωα

573 1379 817 1434 senilibus
863 1394 968 1434 nun
1011 1389 1198 1447 parum
1243 1374 1490 1444 profuit:
1535 1373 1720 1429 docuit
1773 1370 1913 1426 enim
1960 1369 2153 1424 horum

579 1471 824 1538 aequitas,
849 1470 1170 1539 illoruntque
1197 1468 1413 1531 ferocia,
1443 1463 1557 1522 haec
1579 1465 1774 1535 judicia
1794 1463 2002 1518 calculo
2022 1463 2155 1531 opus

574 1559 847 1616 habuisse.
881 1562 950 1614 At
977 1560 1032 1613 bi
1053 1561 1232 1615 omnia
1251 1561 1384 1614 citra
1413 1559 1656 1615 ordinem
1688 1556 1907 1612 faciunt.
1936 1554 2043 1609 Nec
2070 1553 2155 1608 dié

578 1654 656 1706 ait
680 1653 790 1716 ille,
821 1649 939 1707 Non
966 1662 1212 1721 oportet,
1244 1665 1310 1706 ne
1339 1665 1554 1706 rursum
1587 1636 1927 1719 percuterent
1969 1647 2114 1702 illum
2137 1688 2152 1715 ,

573 1742 691 1805 sed,
721 1740 878 1795 Nolo.
903 1741 1076 1796 Iudex
1099 1744 1230 1811 enim
1259 1743 1439 1796 homm
1462 1747 1572 1797 esse
1591 1743 1712 1795 nolo
1739 1741 1914 1794 :adco
1936 1739 2158 1808 mquita-

575 1831 648 1884 tis.
689 1847 874 1886 amans
921 1841 1055 1888 erat.
1093 1832 1206 1887 lloe
1242 1842 1296 1887 et
1337 1833 1540 1888 Pilatus
1567 1829 1782 1888 dicebat
1811 1831 1876 1885 de
1893 1830 2154 1886 Christo:

576 1921 800 1992 Accipite
825 1938 940 1976 eum
967 1939 1076 1988 vos,
1120 1931 1167 1977 et
1195 1924 1472 1976 secundum
1504 1921 1662 1994 legem
1699 1931 1910 1977 vestram
1930 1920 2160 1994 judicare

583 2013 603 2080 t'
624 2014 916 2070 Joan..-l8.
960 2015 1020 2069 δι
1048 2013 1092 2086 ).
1128 2013 1224 2070 llle
1262 2021 1558 2070 secundum
1597 2016 1765 2085 legem
1797 2015 2011 2070 volebat
2041 2016 2159 2069 illos

579 2103 856 2170 iudicare;
907 2105 984 2161 illi
1039 2121 1163 2160 vero
1208 2107 1359 2176 quasi
1398 2106 1532 2161 ebrii
1577 2115 1630 2162 et
1680 2105 1950 2161 furibundi
1983 2106 2160 2163 affecti

522 2239 525 2242 .
574 2205 748 2252 erant.
791 2195 914 2251 Ideo
961 2197 1052 2252 ille
1095 2197 1320 2252 Athenis
1360 2199 1618 2261 secessit,
1652 2199 1783 2264 Quia
1808 2199 2161 2268 populusillic

584 2294 692 2338 erat
717 2287 926 2341 multus.
960 2287 1382 2354 Pcrcutiebatur,
1414 2296 1469 2344 et
1495 2289 1624 2343 nihil
1647 2288 1877 2345 dicebat.

653 2379 704 2434 3.
732 2376 1090 2435 Mansuetudo
1131 2383 1530 2436 commendatur.
1587 2381 1906 2437 Contumelia
1943 2384 2162 2454 eliciam

559 2470 1116 2539 .tmgisrantenmiiur,
1146 2487 1296 2540 quam
1323 2472 1623 2527 contumelia
1649 2470 1881 2538 a/I'cctus.
1909 2501 1982 2512 -—
2011 2471 2162 2528 Htmc

555 2601 558 2606 .
587 2566 639 2612 ct
666 2573 768 2618 nos
782 2560 1056 2622 imitemur
1080 2576 1106 2612 :-
1123 2561 1540 2632 pereutientibus
1562 2561 2160 2617 Inansuetudinetvicem

582 2647 940 2717 rependanius
963 2689 978 2715 ,
1019 2651 1268 2718 silentio,
1309 2653 1585 2721 patientia.
1618 2653 1746 2706 llaec
1791 2655 2008 2708 vulnera
2039 2662 2164 2708 sunt

593 2740 869 2808 graviora;
900 2740 1070 2808 major
1087 2741 1237 2812 plaga
1263 2750 1317 2797 et
1344 2742 1618 2799 molestior
1643 2753 1726 2799 est
1757 2763 1769 2798 :
1800 2759 1905 2799 non
1935 2746 2078 2800 enim
2109 2744 2162 2801 in

586 2843 856 2898 corpore,
905 2831 1000 2885 sed
1051 2831 1102 2886 in
1143 2833 1324 2887 animo
1368 2835 1570 2902 percuti
1615 2849 1780 2904 grave
1827 2843 1928 2891 est.
1973 2836 2164 2892 Multos

591 2922 937 2988 percutimus,
967 2923 1062 2980 sed
1087 2925 1208 2994 quia
1232 2933 1289 2978 ut
1320 2925 1521 2982 amicos
1543 2967 1556 2990 ,
1583 2926 1922 2984 delectantur
1951 2929 2049 2999 ipsi
2074 2945 2089 2996 ;
2117 2931 2162 2985 si

583 3027 710 3066 vero
736 3013 976 3084 quemvis
1002 3030 1123 3068 cum
1150 3017 1473 3072 contumelia
1519 3020 1852 3086 percusseris
1875 3061 1890 3086 ,
1923 3021 2044 3090 quia
2072 3035 2166 3075 cor

585 3101 839 3173 tetigisti,
871 3117 1120 3174 magnum
1150 3104 1377 3160 intulisti
1401 3120 1692 3163 mmrorem
1723 3126 1735 3162 :
1775 3108 1849 3163 ita
1874 3112 2048 3180 magis
2073 3125 2168 3166 cor

587 3193 763 3260 ipsum
789 3194 1141 3264 percutiums.
1171 3196 1325 3263 Quod
1351 3207 1531 3252 autem
1560 3199 1753 3254 lenitas
1777 3203 1948 3271 magis
1973 3201 2125 3256 feriat
2149 3243 2164 3268 ,

586 3299 745 3354 quam
788 3285 1007 3350 ferocia,
1037 3299 1133 3356 age
1177 3301 1272 3356 pro
1305 3288 1444 3343 virili
1471 3289 1913 3346 demonstremus.
1940 3292 2168 3350 Manife-

586 3384 670 3428 sta
698 3375 914 3444 quidem
941 3376 1325 3446 demonstratio
1353 3395 1515 3450 opere
1535 3381 1594 3436 fit
1612 3391 1667 3437 et
1687 3385 2055 3453 experimento
2082 3403 2095 3440 :
2121 3388 2169 3442 si

552 3531 561 3534 ν
595 3477 771 3522 tamen
803 3466 1012 3536 placet,
1037 3468 1195 3522 etiam
1225 3482 1473 3528 sermone
1499 3473 1864 3530 cxamiuemus
1887 3516 1906 3542 ,
1926 3479 2170 3546 quamvis

594 3556 644 3611 id
671 3556 781 3625 jam
808 3571 949 3626 srepe
1002 3557 1309 3630 fecerimus.
1338 3560 1396 3616 In
1437 3563 1778 3622 contumeliis
1803 3567 1934 3622 nihil
1963 3568 2034 3623 ita
2073 3583 2170 3626 nos

597 3646 736 3701 male
761 3646 922 3704 allicit
948 3688 962 3710 ,
996 3657 1054 3704 ut
1081 3650 1440 3719 Spectantimn
1469 3652 1706 3710 calculus
1732 3672 1745 3709 :
1775 3670 1884 3710 non
1909 3658 2051 3711 enim
2075 3673 2172 3729 par

596 3750 683 3789 res
712 3747 793 3790 est
821 3737 1031 3804 publice
1061 3741 1386 3796 contumelia
1415 3740 1578 3808 affici,
1601 3752 1761 3814 atque
1779 3747 2046 3814 seorsim;
2075 3750 2169 3806 scd

595 3824 712 3879 illas
743 3825 896 3882 facile
922 3828 1142 3885 ferimus
1169 3833 1541 3899 contumelias,
1565 3851 1685 3904 qua:
1710 3836 1762 3892 in
1787 3837 2024 3904 deserto,
2053 3848 2171 3909 qum

601 3917 811 3974 nemine
847 3928 980 3974 teste
1018 3922 1102 3976 vel
1145 3923 1346 3980 sciente
1388 3924 1709 3984 inferuntur.
1741 3927 1832 3996 Sie
1851 3945 1959 3984 non
1984 3943 2172 3988 contu-

601 4009 770 4062 melia:
814 4019 1003 4065 natura
1030 4021 1151 4080 est,
1181 4029 1298 4084 quae
1328 4016 1467 4073 male
1493 4017 1693 4090 afﬁcit,
1723 4020 1818 4076 sed
1845 4036 1968 4078 eum
1996 4025 2170 4093 palam

601 4098 824 4184 infertur
865 4120 878 4155 :
934 4112 989 4158 ut
1035 4106 1077 4158 si
1110 4107 1230 4176 quis
1276 4107 1483 4178 publice
1529 4110 1793 4178 honoret,
1822 4123 1900 4184 .ct
1946 4119 2171 4176 seorsim

598 4191 916 4245 contumelia
945 4192 1162 4264 alliciat,
1187 4199 1480 4268 eigratiam
1503 4200 1838 4275 habebimus.
1863 4203 2172 4273 itaqueuon

595 4281 651 4332 in
675 4290 864 4362 natura
893 4286 1231 4342 contumeliae
1263 4288 1417 4344 dolor
1443 4300 1567 4358 est,
1600 4292 1692 4347 sed
1734 4293 1786 4347 iu
1815 4297 2173 4366 spectantium

600 4367 918 4440 calculo,'ne
949 4376 1072 4434 hinc
1105 4381 1158 4435 in
1187 4391 1551 4456 contemptum
1581 4386 1821 4446 cedatur.
1851 4389 1988 4454 Quid
2016 4389 2177 4461 igitur

603 4464 645 4517 si
679 4477 1004 4533 spectatores
1055 4487 1149 4546 pro
1201 4474 1353 4528 nobis
1404 4475 1550 4530 sint?
1594 4493 1770 4532 annon
1818 4491 1943 4536 tunc
1973 4482 2048 4548 is,
2085 4485 2174 4552 qui

599 4559 974 4613 contumeliam
1021 4560 1213 4630 infert,
1259 4565 1403 4619 illam
1432 4568 1654 4635 accipit,
1687 4584 1806 4624 cum
1846 4581 2176 4641 spectatores

603 4659 699 4715 pro
750 4647 902 4704 nobis
950 4652 1208 4707 caleulmn
1261 4655 1484 4711 ferunt?
1530 4658 1622 4712 Dic
1652 4660 1809 4730 mihi,
1845 4672 2020 4719 utrum
2048 4680 2179 4721 con-

599 4746 845 4792 tcmmmt
868 4739 971 4805 iiii,
1007 4757 1197 4800 eumne
1225 4746 1313 4816 qui
1338 4749 1716 4810 contumeliam
1744 4751 1922 4817 infert,
1955 4769 2021 4808 an
2054 4771 2175 4812 cum

604 4829 690 4896 qui
738 4830 879 4885 illam
922 4833 1112 4904 accipit
1153 4845 1204 4890 ct
1243 4840 1423 4893 tacet?
1465 4837 1548 4896 ira
1574 4853 1720 4897 certe
1761 4846 1997 4915 suggerit
2027 4846 2177 4902 illum

574 4927 726 4974 'c-sse
748 4965 761 4988 ,
791 4926 876 4993 qui
925 4931 1301 4984 contumeliam
1343 4933 1556 5003 accipit.
1599 4933 1750 4992 Nunc
1778 4953 1927 5006 vero,
1959 4954 2077 4994 cum
2110 4939 2178 4996 ab

608 5014 767 5066 animi
825 5026 971 5070 motu
1021 5018 1170 5074 liberi
1220 5025 1437 5087 sumus,
1489 5027 1877 5095 perpendamus
1935 5047 2001 5088 ne
2055 5044 2178 5090 tunc

607 5105 950 5174 abripiamur.
983 5110 1168 5166 Utrum
1201 5128 1327 5183 ergo
1372 5115 1687 5171 damnamus
1715 5122 1943 5176 omnes?
1990 5125 2176 5181 Procul

601 5195 761 5251 dubio
796 5203 1170 5256 contumeliam
1226 5204 1589 5275 inferentem;
1643 5219 1690 5262 ct
1749 5211 1792 5264 si
1848 5213 2022 5267 minor
2073 5217 2176 5285 sit,

602 5287 760 5341 etiam
793 5291 1026 5346 insanire
1058 5293 1203 5347 illum
1236 5293 1510 5360 dicemus;
1540 5289 1590 5353 si
1620 5301 1859 5371 aequalis,
1894 5287 2134 5374 desipere
2161 5323 2173 5371 ;

602 5376 646 5431 si
696 5380 889 5447 major,
946 5397 1118 5450 neque
1165 5383 1242 5437 sic
1289 5385 1718 5455 approbabimus.
1779 5389 1924 5460 Uter,
1974 5409 2174 5463 qumso,

605 5468 986 5535 approbatione
1011 5472 1202 5542 dignus
1231 5483 1331 5540 est,
1363 5477 1452 5546 qui
1482 5480 1743 5547 turbatur,
1770 5484 2019 5551 agitatur,
2053 5467 2181 5541 clle—

607 5571 772 5625 ratur,
806 5573 988 5618 contra
1012 5571 1348 5623 cammuncm
1376 5578 1617 5626 naturam
1653 5575 1726 5629 sic
1754 5577 2000 5645 affectus;
2037 5596 2102 5634 an
2138 5581 2181 5634 is

605 5653 770 5720 quiin
804 5658 1187 5725 tranquillitate
1215 5661 1378 5732 degit,
1410 5663 1461 5717 in
1497 5677 1651 5733 portu
1682 5677 1735 5721 ct
1767 5671 1814 5721 in
1843 5669 2180 5741 philosophia

605 5745 806 5798 multa?
838 5761 1013 5803 annon
1060 5751 1143 5805 hic
1180 5756 1370 5824 angelo
1397 5757 1585 5812 similis
1610 5769 1689 5814 cst
1715 5800 1729 5824 ,
1762 5762 1850 5816 ille
1883 5779 1945 5816 nc
1976 5765 2178 5819 homini

604 5837 826 5904 quidem.
867 5842 958 5896 llic
989 5859 1216 5915 namque
1261 5855 1324 5902 ne
1349 5853 1557 5920 propria
1588 5854 1800 5923 quidem
1834 5867 2002 5926 potest
2033 5862 2166 5915 mala

1249 437 1304 494 s.
1345 415 2117 492 toauutscnnvsm'rmu
2158 408 2473 484 annuum.
2514 417 3047 485 con‘sra’ur‘mor.

3740 426 3857 481 9.80

2263 552 2514 612 portare,
2547 540 2638 597 ille
2667 555 2797 597 vero
2825 541 2928 597 fert
2957 541 3116 598 etiam
3149 541 3320 596 aliena
3347 559 3360 596 :
3395 540 3480 595 hic
3512 549 3581 595 ne
3607 539 3856 609 teipsum

2258 633 2470 703 quidem
2502 632 2642 689 terre
2670 635 2861 702 potuit,
2890 635 2980 689 ille
3008 635 3177 705 potuit
3200 642 3256 689 et
3280 633 3443 688 alium
3470 650 3485 686 :
3515 633 3607 688 ille
3634 637 3689 687 in
3715 639 3860 686 nau-

2258 725 2424 796 fragio
2450 736 2553 790 est,
2585 725 2671 781 hic
2703 729 2763 781 in'
2785 735 2902 781 tuto
2929 725 3143 800 navigat
3167 741 3229 783 ac
3253 727 3488 782 secundo
3511 742 3672 782 cursu
3697 726 3860 780 navis

2257 815 2464 872 fertur:
2500 831 2686 888 neque
2724 817 2867 874 enim
2893 819 3364 891 permisit'furoris
3392 827 3611 874 ventum
3646 819 3697 873 in
3732 817 3859 873 vela

2257 897 2610 975 incidentem,
2640 898 3018 969 animi'navem
3050 914 3433 986 submergere,
3467 913 3559 970 sed
3585 913 3720 970 lenis
3749 913 3862 968 bc-

2256 1003 2529 1075 nig‘uitatis
2579 1019 2708 1061 aura
2729 1047 2744 1071 ,
2783 1021 2905 1061 cum
2933 1009 3113 1078 quiete
3145 1008 3308 1078 multa
3341 1005 3489 1064 illum
3519 1008 3572 1062 in
3606 1007 3859 1078 philoso-

2256 1095 2396 1167 phia:
2433 1101 2644 1166 portum
2675 1097 2900 1153 inducit.
2930 1097 2993 1153 Et
3021 1099 3161 1154 sicut
3185 1099 3235 1152 in
3265 1094 3429 1165 navi,
3453 1113 3575 1170 qua:
3601 1101 3860 1153 submer-

2256 1189 2399 1256 gitur
2421 1230 2437 1254 ,
2471 1197 2645 1243 unum:
2671 1190 2918 1244 nesciunt
2946 1204 3065 1260 ane
3096 1189 3352 1258 abjiciant
3377 1229 3393 1255 ,
3427 1201 3495 1242 an
3523 1191 3750 1244 suorum"
3782 1202 3858 1242 an

2258 1278 2559 1333 alienorum
2607 1279 2885 1349 deposita,
2934 1280 3031 1336 sed
3077 1279 3315 1335 omnium
3355 1277 3858 1358 pariterjacturam

2262 1367 2940 1440 faciunt,'pretlosorum,
2983 1377 3040 1426 et
3075 1369 3296 1426 minime
3335 1371 3556 1436 talium;
3600 1361 3688 1424 ubi
3725 1381 3863 1424 vero

2263 1465 2554 1530 tempestas
2579 1463 2761 1517 sedata
2784 1473 2868 1518 est
2901 1503 2915 1530 ,
2945 1457 3073 1518 tunc
3104 1471 3283 1518 secum
3313 1471 3622 1532 reputantes
3650 1469 3866 1531 quanta”

2260 1552 2604 1621 projeceriut,
2641 1554 3025 1624 lacrymantur,
3053 1553 3152 1610 nec
3180 1553 3474 1622 tranquillo
3502 1556 3630 1608 aere
3661 1553 3861 1606 fruun-

2263 1651 2371 1709 tur,
2423 1646 2494 1698 ob
2534 1643 2798 1713 iaeturam
2834 1664 2846 1700 :
2903 1637 2981 1700 ita
3033 1656 3086 1701 et
3132 1646 3251 1711 hic,
3285 1660 3405 1701 cum
3432 1646 3598 1715 spirat
3625 1645 3778 1700 furor
3803 1653 3863 1701 et

2263 1743 2555 1805 tempestas
2581 1737 2865 1798 excitatur,
2891 1729 3139 1792 nesciunt
3168 1753 3287 1806 quia:
3316 1737 3501 1792 debito
3527 1737 3719 1792 ordine
3747 1736 3862 1805 ejio

2262 1843 2386 1883 cere
2412 1836 2687 1898 Oportcat;
2709 1828 2803 1882 ubi
2824 1823 2953 1884 tero
2974 1829 3204 1883 cessavit
3221 1829 3319 1889 ira.
3345 1836 3471 1882 tunc
3493 1827 3863 1897 rccogitantes

2263 1927 2459 1987 quanta
2491 1915 2810 1986 abiectu-int,
2840 1918 3094 1974 damnum
3125 1918 3510 1986 considerant,
3540 1927 3596 1973 et
3621 1917 3865 1987 quietem

2263 2023 2368 2064 non
2400 2010 2640 2064 sentiunt
2663 2052 2678 2072 ,
2711 2021 2980 2070 memores
3012 2011 3294 2065 verborum
3322 2052 3337 2078 ,
3370 2010 3564 2080 quibus
3595 2023 3654 2064 se
3679 2007 3864 2064 debeo

2265 2110 2562 2168 nestarunt,
2589 2103 2952 2174 damnumque
2977 2104 3270 2158 maximum
3295 2103 3438 2172 passi
3471 2112 3592 2158 sunt
3616 2141 3631 2167 ,
3664 2115 3772 2155 non
3803 2099 3865 2155 in

2266 2194 2507 2264 pecuniis
2530 2235 2544 2260 ,
2576 2193 2674 2250 sed
2711 2195 2765 2249 in
2793 2195 3188 2250 existimatiOne
3215 2193 3482 2263 mquitatis
3507 2201 3560 2248 et
3597 2205 3868 2246 mansue-

2273 2290 2654 2346 tudinichrze
2685 2291 3060 2345 tenebrassunt
3084 2289 3232 2344 furor
3251 2298 3304 2344 et
3326 2291 3422 2343 ira.
3450 2286 3593 2342 Dixit
3613 2287 3870 2357 insipiens

2264 2382 2317 2435 in
2343 2383 2493 2435 corde
2522 2397 2641 2445 suo,
2678 2381 2884 2452 inquit,
2915 2379 3034 2434 Non
3057 2390 3128 2434 est
3164 2379 3302 2434 Deus
3328 2379 3346 2451 (
3377 2377 3520 2432 l’snl.
3554 2378 3641 2433 i3.
3676 2376 3766 2445 l).
3804 2373 3869 2429 Id

2265 2473 2404 2528 forte
2445 2472 2516 2528 de
2554 2472 2694 2528 irato
2739 2483 3041 2542 opportune
3071 2471 3318 2526 dicatur:
3347 2471 3481 2526 dixit
3516 2471 3702 2538 iratus,
3737 2468 3867 2524 Non

2265 2571 2349 2620 est
2377 2564 2697 2620 Deus.~N'am
2732 2564 3028 2619 Secundum
3066 2563 3441 2618 multitudinem
3479 2565 3573 2616 ira:
3611 2565 3716 2617 suae
3754 2577 3869 2616 non

2267 2658 2514 2727 qureret‘i
2546 2655 2688 2711 Paul.
2730 2656 2818 2711 l0.
2851 2658 3034 2712 haec.
3070 2653 3225 2711 Hebr.
3256 2657 3313 2726 ),
3342 2655 3537 2725 inquit.
3579 2654 3672 2709 Pia
3713 2655 3870 2708 enim

2268 2749 2522 2819 Cogitatio
2567 2749 2806 2817 ingressa
2833 2761 3024 2803 omnes
3064 2747 3283 2817 depellit
3327 2755 3382 2802 et
3428 2747 3622 2816 pulsat,
3669 2759 3878 2802 omnes

2269 2848 2608 2894 transversos
2643 2841 2771 2910 agit.
2814 2839 2928 2895 Nisi
2977 2850 3034 2894 tu
3067 2840 3232 2909 magis
3260 2838 3445 2894 doleas
3468 2879 3481 2903 ,
3511 2853 3668 2907 quam
3697 2838 3744 2891 is
3769 2836 3868 2891 cui

2268 2930 2592 2986 contumelia
2617 2930 2861 2998 infertur,
2893 2930 3029 2985 infer
3057 2927 3230 2997 illaut,
3259 2929 3470 2985 etiamsi
3491 2930 3668 2985 nullus
3685 2929 3868 2998 sitqui

2269 3032 2485 3076 accuset
2515 3039 2528 3075 :
2557 3021 2659 3076 nisi
2685 3021 3032 3078 conscientia:
3059 3021 3287 3076 tribtmal
3309 3031 3360 3076 te
3385 3021 3612 3076 seorsim
3639 3019 3870 3075 ductum

2272 3111 2465 3166 millies
2491 3112 2756 3166 verberet.
2783 3111 2918 3167 Cum
2949 3127 3076 3183 ergo
3103 3111 3339 3166 audieris
3367 3112 3694 3167 contumelia
3724 3111 3868 3166 aﬂ‘e-

2271 3211 2440 3270 ctum,
2468 3217 2710 3256 amarum
2741 3202 2944 3257 nullum
2965 3203 3184 3258 verbum
3207 3202 3513 3272 protulisse,
3538 3217 3715 3257 nonne
3735 3201 3871 3258 hinc

2271 3295 2441 3364 magis
2465 3294 2657 3349 doles?
2694 3295 2784 3350 Dic
2799 3294 2948 3360 mihi,
2981 3294 3250 3365 quomodo
3302 3294 3574 3349 hominem
3629 3295 3818 3349 mitem
3847 3337 3865 3361 ,

2275 3388 2551 3454 humilem,
2583 3386 2889 3443 modestum
2923 3389 3071 3443 mille
3114 3388 3371 3444 conviciis
3417 3387 3698 3443 onerasti?
3736 3387 3873 3444 lizcc

2275 3481 2582 3550 frequenter
2597 3479 2831 3535 dicimus
2856 3520 2871 3545 ,
2905 3494 3080 3550 neque
3107 3494 3273 3549 apere
3303 3480 3570 3549 completa
3596 3477 3866 3536 videmus.

2276 3570 2599 3626 llomo'cum
2622 3571 2717 3636 sis,
2752 3570 3019 3625 hominem
3067 3571 3392 3626 contumelia
3416 3569 3624 3625 efﬁcis?
3673 3583 3872 3625 servus

2274 3661 2631 3717 conservum?
2678 3660 2784 3717 Sed
2839 3660 2965 3730 quid
3024 3660 3128 3716 hoc
3178 3661 3435 3729 admiror,
3469 3660 3682 3731 quando
3707 3662 3872 3717 multi

2276 3754 2444 3810 Deum
2464 3753 2647 3822 ipsum
2677 3753 3003 3807 contumelia
3034 3751 3268 3808 afﬁciunt

2345 3845 2402 3900 4.
2452 3844 2562 3899 lloc
2600 3843 2754 3898 vobis
2798 3843 3122 3898 contumelia
3173 3842 3378 3898 allectis
3418 3843 3490 3897 sit
3541 3842 3870 3898 consolatio.

2277 3937 2611 3994 Contumelia
2659 3936 2968 3992 aflicimini?
3016 3934 3354 4011 Contumelia
3409 3934 3639 3990 allieitur
3689 3935 3870 4000 Deus;

2277 4030 2514 4086 convicia
2541 4028 2731 4084 fertis?
2755 4029 3002 4084 Convicia
3019 4027 3130 4084 fert
3151 4029 3328 4092 Deos;
3357 4029 3748 4098 conspuimini?
3778 4029 3875 4086 Sic

2277 4133 2330 4179 et
2361 4124 2616 4179 Dominus
2644 4131 2846 4177 noster.
2878 4121 2936 4176 in
2965 4121 3050 4176 bis
3068 4136 3198 4192 ergo
3221 4121 3499 4176 nobiseum
3523 4129 3626 4187 est,
3657 4120 3710 4174 in
3736 4132 3875 4175 cen-

2280 4215 2458 4270 trariis
2488 4229 2593 4269 non
2617 4214 2776 4269 item.
2808 4211 2994 4282 Neque
3023 4213 3166 4266 enim
3194 4228 3446 4281 umquam
3473 4213 3654 4282 imque
3679 4220 3878 4266 contu-

2281 4306 2441 4362 melia
2477 4305 2686 4370 affecit;
2729 4305 2902 4370 absit;
2951 4319 3126 4374 neque
3155 4309 3359 4359 temere
3399 4303 3880 4372 exprobravitnec

2282 4397 2479 4466 injuste
2502 4397 2630 4466 agit.
2663 4396 2984 4464 itaquenos-
3001 4395 3312 4465 sumus'qui
3338 4405 3618 4456 consortes
3646 4409 3832 4451 sumus
3852 4439 3871 4464 ,

2281 4503 2388 4542 non
2413 4502 2528 4543 vos.
2555 4485 2948 4542 Contumeliam
2969 4486 3112 4542 enim
3135 4487 3298 4549 ferre,
3327 4486 3418 4539 Dei
3443 4495 3560 4552 est;
3589 4495 3876 4542 contume-

2282 4577 2407 4636 liam
2439 4592 2566 4632 vero
2588 4585 2788 4634 temere
2815 4575 3032 4641 inferre,
3060 4577 3338 4632 daemonis.
3371 4563 3570 4632 “Videte
3589 4576 3720 4631 duas
3743 4591 3869 4647 par-

2285 4679 2382 4724 tes.
2415 4668 2739 4723 Dwmouittm
2761 4667 2911 4722 habet
2933 4667 3114 4735 (Joan.
3142 4669 3194 4720 7.
3219 4667 3336 4738 20),
3359 4667 3564 4722 audivit
3583 4668 3829 4724 Christus
3853 4688 3873 4726 :

2283 4761 2433 4829 alapa
2462 4773 2630 4814 ctcsus
2673 4769 2769 4813 eest
2812 4775 2842 4815 a
2888 4773 3046 4814 servo
3073 4760 3330 4828 principis
3360 4759 3699 4815 sacerdotum
3729 4760 3746 4830 (
3780 4759 3876 4817 Id.

2285 4853 2372 4908 18.
2401 4851 2518 4921 9.2).
2547 4851 2729 4921 itaque
2758 4852 2848 4921 qui
2881 4851 3201 4906 contumelia
3232 4851 3425 4920 injuste
3455 4851 3714 4918 afficiunt,
3749 4867 3880 4908 cum

2285 4944 2390 4998 illis
2428 4951 2614 4998 Stant:
2656 4943 2870 4997 merito.
2915 4941 3048 4996 Nam
3079 4943 3120 4996 si
3171 4942 3359 4998 Petrus
3409 4952 3623 4997 satanas
3672 4942 3888 5000 audivit

2287 5034 2478 5105 (Marc.
2508 5035 2559 5090 8.
2589 5033 2701 5104 55),
2735 5034 2804 5088 ob
2834 5049 2993 5088 unum
3020 5031 3220 5090 dictum
3243 5075 3257 5096 .
3290 5035 3459 5088 multo
3486 5035 3653 5103 magis
3683 5034 3735 5088 lti
3774 5035 3878 5089 Ju-

2286 5125 2385 5179 dmi
2407 5125 2671 5202 audient,
2715 5139 2836 5180 cum
2864 5125 3168 5180 Judaeorum
3196 5133 3311 5179 acta
3344 5124 3565 5191 facient,
3603 5136 3668 5182 ut
3705 5137 3756 5182 et
3797 5128 3880 5185 illi

2284 5218 2480 5274 diaboli
2514 5220 2604 5274 filii
2625 5219 2902 5274 audierunt
2931 5217 3108 5288 (Joan.
3133 5218 3186 5274 8.
3217 5220 3333 5288 ii),
3363 5220 3488 5289 quia
3512 5219 3772 5276 diabolica
3800 5221 3879 5275 faé

2285 5311 2515 5365 ciebant.
2551 5310 2886 5382 Contumelia
2916 5311 3087 5366 efficis
3107 5355 3123 5377 ,
3164 5312 3284 5382 quis
3311 5328 3431 5367 cum
3469 5313 3565 5378 sis,
3592 5313 3680 5368 die
3711 5314 3879 5368 mihi?

2287 5403 2397 5458 lmo
2421 5413 2698 5474 preptcrca
2722 5405 3042 5473 contumelia
3063 5407 3254 5472 allicia,
3277 5407 3400 5476 quia
3413 5406 3548 5460 nihil
3571 5422 3628 5462 es
3655 5425 3668 5460 :
3697 5408 3878 5463 nullus

2288 5497 2426 5570 cnim
2469 5497 2557 5566 qui
2604 5488 2766 5552 homo
2812 5498 2917 5562 sit,
2967 5498 3292 5553 contumelia
3323 5498 3510 5554 afficit.
3553 5501 3728 5568 Atque
3761 5499 3874 5566 ita,

2288 5588 2427 5656 quod
2453 5590 2504 5642 in
2538 5590 2726 5658 pugnis
2757 5589 2973 5658 dicitur,
3003 5591 3044 5645 T
3052 5607 3082 5644 ιι
3095 5593 3219 5660 quis
3244 5592 3340 5645 es?
3369 5606 3433 5646 ex
3457 5593 3684 5647 adverso
3712 5607 3874 5660 opor-

2291 5679 2430 5733 tebat
2452 5680 2554 5734 dici
2580 5699 2590 5734 :
2625 5681 2980 5753 vcrhigratia.
3009 5682 3341 5742 Contumelia
3363 5683 3542 5747 efﬁce,
3572 5682 3704 5737 nihil
3731 5684 3875 5740 enim

2287 5784 2343 5826 es
2370 5790 2378 5824 :
2413 5789 2551 5829 nunc
2581 5776 3090 5858 autemdicentibus
3119 5777 3292 5841 nobis,
3321 5778 3450 5844 Quis
3477 5793 3536 5832 es
3562 5785 3614 5830 tu
3636 5778 3729 5846 qui
3746 5789 3874 5831 con-

2289 5867 2503 5921 tumclia
2538 5868 2738 5924 aflicis?
2785 5868 2860 5926 Te
2902 5871 3110 5941 nn-lior,
3155 5869 3430 5928 audiemus
3473 5871 3673 5940 utique.
3716 5871 3872 5940 Atqui
