4034 6406
183 303 272 356 27.1
1200 317 1266 372 IN
1307 321 1490 379 ACTA
1533 319 2078 379 APOSTULORUM.
2127 318 2362 377 HOMIL.
2406 317 2655 382 XXXIX.

177 422 339 474 καίτοι
366 421 451 486 εἰς
480 422 583 494 τὴν
609 425 808 481 ἐαυτοῦ
854 428 1010 501 ὕϐριν
1041 429 1101 484 τὸ
1131 435 1243 488 πᾶν
1281 430 1352 508 ῆν
1372 455 1384 467 ·
1423 438 1539 492 ἀλλ’
1569 440 1644 503 ὡς
1694 438 1859 508 δῆθεν

174 509 415 574 ἐξουσίαν
477 510 742 578 λαϐόντες
804 517 958 570 αὑτοὶ
1017 519 1348 588 τύπτουσιν,
1412 525 1575 598 ἔργον
1631 526 1858 598 ἀκρίτου

173 594 334 666 θυμοῦ
367 597 464 651 διὰ
494 600 598 671 τὴν
629 601 900 674 αἰσχύνην
929 605 1228 673 ποιοῦντες.
1265 612 1376 665 Καὶ
1413 594 1500 667 διά
1527 613 1580 667 τί
1611 617 1688 687 μὴ
1711 594 1860 668 ἐκεῖο

171 700 247 744 νος
278 683 737 757 άντετύπτησει,
782 690 959 744 καίτοι
1014 695 1108 748 καὶ
1167 697 1332 763 αὐτὸς
1382 683 1629 764 ἐξουσίαν
1676 683 1858 772 εἷχενς

180 771 310 823 Ἀλλ’
342 773 705 828 ἐπαιδεύοντο
741 776 1076 849 φιλοσοφεῖν.
1110 784 1224 836 Οὑκ
1253 785 1571 841 ἀντιτύπτει
1601 787 1678 853 66,
1717 771 1860 842 ὥστε

167 860 252 912 καὶ
298 862 396 913 τὸν
452 861 721 935 δικαστήν
752 865 981 934 μαθεῖν,
1014 869 1096 934 τίς
1122 866 1190 942 ἦν
1231 874 1260 926 6
1307 875 1733 947 ἐπιεικέστερος.
1777 881 1854 937 Ού

168 947 334 1017 μικρά
397 947 562 1003 τοῦτο
593 949 776 1022 ὤνησε
813 954 940 1018 τοὺς
987 959 1268 1029 παρόντας
1291 976 1307 993 ·
1349 963 1554 1029 ἐδίδαξε
1588 964 1698 1036 γάρ
1730 965 1765 1036 ἥ
1797 982 1857 1018 τε

164 1034 363 1087 τούτων
399 1036 684 1090 ἐπιείκεια
714 1039 810 1092 καὶ
833 1041 867 1111 ή
900 1041 1121 1098 ἐκείνων
1149 1045 1445 1118 θρασύτης,
1471 1051 1553 1104 ὅτι
1575 1051 1643 1105 τά
1671 1051 1858 1106 τοιαύ-

161 1138 223 1174 τα
251 1121 589 1194 δικαστικῆς
609 1125 796 1196 ψήφου
825 1127 1015 1186 δεῖται.
1062 1133 1203 1187 Ἀλλ’
1226 1128 1373 1190 οὗτοι
1404 1138 1584 1193 πάντα
1601 1141 1857 1206 ἀτάκτως

163 1207 396 1262 ποιοῦσι.
435 1211 549 1263 Καὶ
575 1212 677 1266 οὐκ
705 1209 882 1278 εἶπεν,
920 1217 992 1270 υύ
1021 1217 1121 1283 δεῖ,
1155 1221 1242 1275 ῖνα
1273 1222 1348 1294 μὴ
1383 1224 1547 1279 πάλιν
1577 1226 1855 1283 κόπτωσιν

161 1297 351 1351 αὐτόν·
384 1298 528 1364 ἀλλ’,
551 1302 634 1354 Οὐ
659 1301 832 1356 θέλω.
855 1305 1076 1374 Κριτὴς
1107 1309 1235 1378 τὰρ,
1261 1313 1451 1382 φησὶν,
1480 1313 1596 1383 ἐγὼ
1627 1315 1856 1370 τούτων

157 1379 304 1438 εἶναι
336 1387 413 1439 οὐ
449 1387 786 1457 βούλομαι·
828 1391 1002 1458 οὕτως
1033 1395 1283 1470 ἐπιεικὴς
1309 1379 1378 1471 ἦν
1419 1403 1448 1454 6
1484 1379 1646 1474 ἀνήρ.
1683 1402 1855 1458 Τοῦτο

160 1473 247 1524 καὶ
306 1473 549 1538 Πιλᾶτος
602 1474 790 1546 ἔλεγεν
829 1480 922 1534 ἐπὶ
972 1481 1066 1535 τοῦ
1111 1485 1371 1556 Χριστοῦ·
1410 1473 1635 1542 Λάϐετε
1664 1491 1855 1545 αὐτὸν

157 1559 346 1628 ὑμεῖς,
389 1561 493 1614 καὶ
542 1564 699 1617 κατὰ
743 1565 854 1618 τόν
893 1569 1082 1637 νόμον
1122 1572 1292 1641 ὑμῶν
1329 1575 1595 1642 κρίνατε.
1640 1579 1701 1632 '0
1753 1579 1853 1649 μὲν

157 1646 296 1700 κατὰ
323 1647 418 1700 16v
463 1650 630 1718 νόμον
657 1651 812 1722 ἠξίου
852 1657 1061 1725 κρίνειν
1089 1659 1288 1724 αὑτοὺς
1310 1703 1326 1727 ,
1367 1664 1415 1716 οί
1458 1663 1535 1731 δὲ,
1581 1646 1772 1739 ὥσπερ
1801 1670 1852 1722 οί

159 1735 454 1804 μεθύοντες
485 1738 580 1790 καὶ
610 1740 661 1792 οἰ
695 1743 1038 1813 μαινόμενοι,
1079 1747 1223 1801 οὕτω
1249 1750 1534 1810 διέκειντο.
1572 1755 1670 1809 Διά
1692 1735 1852 1812 10610

155 1820 449 1890 ἐχωρίζετο
479 1823 589 1877 τῶν
630 1825 894 1895 Ἀθηνῶν,
928 1831 1168 1904 Ἐπειδὴ
1191 1838 1340 1906 λαός
1366 1835 1447 1910 ἦν
1473 1840 1604 1896 ἐκεῖ
1631 1846 1846 1912 πολύς.

165 1910 480 1974 Ἐτύτιτετο,
525 1914 619 1967 καὶ
648 1914 803 1968 οὐδὲν
826 1916 1001 1986 ἔλεγε.

219 2004 290 2065 γ’.
314 1999 522 2052 Τοῦτον
539 2002 633 2054 καὶ
661 2003 824 2073 ἡμεῖς
844 2006 1141 2079 μιμώμεθα
1159 2029 1172 2044 ·
1197 2012 1693 2090 άντιτυπτήσωμεν
1718 2021 1848 2086 τοὺς

152 2083 500 2149 τύπτονταςὶ)
555 2091 622 2159 τῇ
672 2092 980 2166 ἐπιεικείᾳ,
1023 2099 1088 2168 τῇ
1142 2105 1293 2172 σιγῇ,
1341 2106 1406 2174 τῇ
1459 2083 1841 2181 μακροθυμίᾳ.

153 2170 526 2244 Χαλεπὼτερα
556 2176 732 2230 ταῦτα
763 2179 832 2268 τά
860 2182 1156 2254 τραύματα
1178 2228 1193 2252 ,
1237 2170 1440 2259 μείζων
1459 2170 1501 2264 *ἡ
1536 2170 1730 2268 πληγὴ.
1749 2170 1844 2252 καὶ

153 2262 532 2332 φορτικωτὲρα
553 2279 565 2291 ·
590 2265 652 2318 οὐ
686 2252 791 2338 γάρ
834 2269 894 2322 16
927 2252 1258 2343 πλήττεσθαι
1297 2252 1360 2331 16
1388 2252 1548 2351 σῶμα
1571 2323 1583 2345 ,
1785 2286 1844 2337 16

149 2348 243 2418 τὴν
269 2350 534 2416 διάνοιαν,
555 2353 817 2423 χαλεπόν.
854 2358 1094 2425 Πολλοὺς
1127 2348 1624 2438 πλήττομενξάλλά
1654 2372 1843 2446 ἐπειδὴ

150 2439 203 2490 ἐν
235 2439 386 2506 τάξει
420 2442 624 2510 φιλίας,
651 2443 746 2497 καὶ
773 2445 993 2515 ἥδονται
1019 2468 1030 2480 ·
1058 2449 1123 2505 ἂν
1161 2452 1216 2506 δὲ
1247 2454 1338 2508 τὸν
1369 2457 1602 2527 τυχόντα
1630 2439 1842 2534 πλήξῃξ

149 2525 501 2597 ὑϐριστικῶς,
527 2528 720 2603 ἐπειδὴ
746 2533 848 2603 τῆς
867 2535 1090 2606 καρδίας
1117 2538 1264 2610 ἥψω,
1290 2525 1496 2615 σφόδρνα
1521 2525 1837 2617 ἐλύπηέάξ.

146 2613 283 2666 οὕτω
337 2615 544 2685 μᾶλλον
592 2618 693 2690 τὴν
735 2621 965 2691 καρδίαν
1013 2625 1195 2681 αὐτῶν
1240 2613 1573 2701 πλήττομεν.
1605 2613 1730 2688 "O1:
1779 2635 1840 2690 δέ

147 2702 407 2769 μειζόνως
435 2703 714 2759 ἐπιείκεια
738 2705 965 2779 πλήττει
990 2710 1352 2787 θρασύτητος,
1378 2717 1511 2790 φέρε
1537 2720 1836 2788 ἀποδείξω-

147 2807 240 2858 μεν
265 2790 344 2855 ὡς
375 2791 610 2846 δυνατὸν
639 2795 717 2866 τῷ
749 2795 913 2868 λόγῳ.
961 2800 1024 2853 Ἢ
1057 2801 1156 2871 μὲν
1199 2804 1308 2877 γάρ
1350 2808 1531 2879 σαφὴς
1561 2810 1838 2878 ἀπόδειξις

140 2878 220 2932 διὰ
244 2878 354 2932 τῶν
384 2879 567 2952 ἔργων
596 2884 692 2936 καὶ
721 2884 823 2954 τῆς
851 2887 1049 2959 πείρας
1067 2889 1215 2945 ἐστίν
1239 2908 1254 2923 ·
1278 2896 1325 2947 εἰ
1358 2895 1417 2948 66
1443 2878 1611 2966 δοκεῖ,
1642 2902 1836 2975 καὶτῷ

140 2966 274 3038 λόγῳ
321 2969 427 3039 τὴν
472 2969 727 3033 ἐξέτασιν
773 2974 1154 3046 ποιησώμεθα,
1203 2980 1380 3036 καίτοι
1434 2983 1698 3052 πολλάκις
1732 2966 1833 3062 ἤδη

139 3055 539 3127 ἐποιησάμεθα.
587 3059 679 3116 Ἐν
723 3061 830 3133 γάρ
860 3065 979 3128 ταῖς
1019 3064 1244 3138 ὕϐρεσιν
1281 3071 1434 3126 οὐδὲν
1474 3072 1648 3139 οὕτως
1685 3055 1833 3147 ἡμᾶς

136 3138 323 3208 λυπεῖ,
373 3144 452 3209 ὡς
477 3147 512 3216 ἡ
561 3147 716 3218 παρά
758 3149 870 3204 τῶν
911 3151 1164 3221 ὁρώντων
1206 3155 1387 3228 ψῆφος
1413 3174 1426 3188 ·
1459 3161 1521 3214 οὑ
1555 3162 1665 3234 γάρ
1705 3138 1832 3219 ’ίσον

133 3229 370 3304 δημοσίᾳ
414 3250 476 3286 τε
532 3234 853 3305 ὑϐρίζεσθαι
896 3240 994 3293 καὶ
1023 3241 1150 3314 ίδίᾳ,
1196 3244 1312 3297 ἀλλ’
1347 3229 1575 3314 ἐκείνας
1602 3229 1702 3322 μὲν
1737 3255 1832 3307 καὶ

134 3319 370 3390 φέρομεν
410 3321 656 3387 εὐκόλως
700 3325 799 3389 τὰς
834 3325 1055 3399 ὕϐρεις,
1103 3332 1235 3385 ὅταν
1281 3335 1368 3387 ἐπ’
1395 3319 1664 3407 ἐρημίας,
1701 3340 1831 3396 ὅταν

135 3407 362 3475 μηδενὸς
402 3408 562 3474 ὄντος
594 3409 691 3464 106
723 3416 1131 3487 μαρτυροῦντος
1175 3420 1336 3475 10610
1364 3423 1655 3497 πάθωμεν,
1691 3430 1828 3500 μηδέ

131 3493 219 3546 106
251 3495 580 3562 συνειδότος.
609 3498 800 3566 υῦτως
837 3502 937 3573 οὐχ
977 3505 1010 3576 ή
1042 3506 1142 3578 τῆς
1170 3506 1382 3580 ὕϐρεως
1408 3493 1571 3580 φύσις
1603 3493 1770 3569 ἐστὶν⁷
1792 3521 1825 3589 ή

130 3581 422 3649 δάκνουσα,
455 3584 594 3638 ἀλλά
623 3586 687 3639 16
725 3588 821 3641 ἐπὶ
851 3591 1073 3647 πάντων
1115 3595 1278 3649 τοῦτο
1313 3598 1507 3656 παθεῖν
1531 3617 1547 3632 ·
1574 3603 1649 3668 ὡς
1680 3605 1734 3658 εί
1763 3581 1827 3674 γέ

131 3687 208 3732 τις
251 3671 432 3740 τιμῶν
467 3673 564 3726 ἐπὶ
609 3676 858 3742 πάντων,
901 3678 1113 3750 ὑϐρίζοι
1163 3685 1286 3736 κατ’
1330 3686 1500 3754 ἰδίαν,
1531 3690 1626 3743 καὶ
1664 3671 1825 3763 χάριν

130 3759 408 3828 εἰσόμεθα.
442 3759 656 3815 Οὐκοῦν
679 3763 780 3815 οὐκ
803 3764 861 3817 ἐν
882 3767 946 3836 τῇ
979 3767 1078 3838 τῆς
1115 3769 1330 3841 ὕϐρεως
1361 3775 1522 3842 φύσει
1559 3779 1618 3831 16

130 3846 215 3916 ρόν
233 3849 408 3908 ἐστιν,
431 3848 549 3902 ἀλλ’
571 3849 631 3903 ἐν
733 3850 898 3923 ψήφῳ
915 3854 1023 3908 τῶν
1053 3857 1328 3928 ὁρώντων,
1355 3862 1499 3916 ὥστε
1521 3875 1542 3904 ο
1573 3868 1649 3938 μὴ
1675 3846 1825 3934 δόξαι

128 3933 610 4008 εὐκαταφρόνητον
641 3932 805 3993 εἶναι.
847 3941 913 3994 Τί
952 3938 1074 4010 οὑν,
1109 3945 1177 3999 ἂν
1211 3946 1353 4019 αὕτη
1390 3950 1533 4025 ὑπὲρ
1562 3932 1820 4030 ήμῶν

126 4021 243 4091 οὐχὶ
269 4022 477 4093 μᾶλλον
510 4025 539 4077 6
559 4023 800 4094 ὑϐρίζων
831 4025 1107 4098 ὕϐρισται,
1149 4032 1280 4088 ὅταν
1302 4035 1447 4108 ὑπὲρ
1665 4021 1823 4123 ἡμῶν

124 4111 217 4173 τὰς
245 4110 463 4182 ψήφους
493 4113 772 4185 φέρωσιν;
805 4116 942 4170 Εἰπέ
973 4137 1083 4190 μοι,
1122 4121 1269 4188 τίνος
1302 4110 1743 4200 καταφρονοῦσιν
1772 4137 1821 4188 οἱ

125 4199 424 4272 παρόντες
455 4199 553 4255 106
586 4202 924 4274 ὑϐρίζοντος,
950 4207 983 4279 ἦ
1013 4209 1108 4263 τοῦ
1137 4211 1488 4282 ὑϐρισθέντος
1511 4219 1605 4273 καὶ
1627 4223 1822 4291 σιγῶν-

121 4304 238 4352 τος;
279 4288 339 4342 '0
366 4288 468 4359 μὲν
496 4289 604 4359 γὰρ
626 4290 1155 4380 θυμὸς-ὑποϐάλλει,
1189 4300 1271 4354 ὅτι
1305 4302 1400 4357 τοῦ
1433 4288 1815 4380 ὑϐριζομένου·

123 4371 210 4424 νῦν
235 4373 314 4440 δέ,
336 4374 437 4427 ετε
464 4374 699 4447 καθαροὶ
737 4378 830 4431 τοῦ
865 4379 1072 4471 πάθεος
1107 4383 1312 4456 ἐσμὲν,
1349 4371 1573 4461 ἴδωμένν
1616 4371 1701 4449 ίνα
1742 4399 1817 4471 μὴ

120 4459 234 4513 τότε
252 4461 751 4534 συναρπασθῶμεν.
771 4466 928 4531 Τίνος
940 4464 1033 4525 οὑν
1053 4475 1537 4549 καταγινώσκομεν
1554 4482 1814 4553 άπαντες;

121 4541 348 4618 εὔδηλον
373 4551 457 4603 ὅτι
475 4550 569 4604 τοῦ
598 4551 932 4624 ὑϐρίζοντος·
965 4559 1068 4612 κᾶν
1093 4561 1193 4630 μὲν
1210 4541 1462 4619 ἐλάττων
1484 4563 1540 4641 ᾗ,
1565 4571 1660 4625 καὶ
1687 4541 1815 4644 μαί-ἰ

120 4636 295 4688 νεσθαι
327 4637 496 4690 αὑτὸν
536 4638 782 4710 φήσομεν
801 4682 815 4704 ,
845 4641 911 4696 ἂν
933 4643 990 4697 δὲ
1027 4647 1318 4720 ὁμότιμος,
1351 4636 1723 4727 ἀνοηταίνειν,
1748 4661 1815 4716 ἂν

117 4722 168 4775 66
195 4725 424 4793 μείζων,
454 4724 565 4778 οὐδ’
592 4727 769 4792 οὕτως
797 4730 1195 4806 ἀποδεξόμεθα.
1235 4739 1332 4805 Τίς
1373 4722 1503 4816 γάρ,
1538 4748 1658 4802 εἰπέ
1684 4768 1776 4821 μοι
1797 4791 1811 4816 ,

121 4813 386 4884 ἀποδοχῆς
421 4813 573 4880 ἄξιος
599 4833 612 4882 ;
645 4817 674 4870 6
699 4821 1123 4893 ταραττόμενος,
1151 4826 1180 4879 6
1210 4813 1633 4904 χειμαζόμενος,
1721 4813 1815 4895 ἐκ.

120 4903 498 4977 θηριούμενος,
530 4909 558 4961 6
579 4909 718 4981 πρὸς
736 4910 837 4982 τὴν
867 4915 1052 4987 κοινὴν
1069 4917 1231 4985 φύσιν
1257 4920 1401 4976 οὑτω
1442 4925 1808 5000 διακείμενος,

119 4992 198 5061 ἢὸ
233 4997 292 5047 ἐν
324 4995 539 5067 γαλήνῃ
589 4998 685 5051 καὶ
711 4998 893 5068 λιμένι
941 5003 1035 5058 καὶ
1066 5005 1357 5082 φιλοσοφίᾳ
1401 5013 1570 5085 πολλῇ
1595 4992 1808 5088 ;ὀὑχ

119 5082 209 5148 μὲν
254 5083 480 5154 ἀγγέλῳ
514 5085 873 5156 προσέοικεν,
923 5092 952 5142 6
988 5091 1044 5144 66
1091 5094 1214 5148 οὐδὲ
1259 5082 1573 5172 ἀνθρώπῳς
1618 5105 1676 5158 '0
1709 5082 1810 5177 μὲν

116 5169 212 5243 γὰρ
255 5171 382 5225 οὐδέ
430 5171 501 5224 τὰ
544 5175 724 5228 οἰκεῖα
767 5175 989 5231 δύναται
1049 5181 1319 5250 βαστάσαι
1370 5189 1552 5254 κακὰ,
1597 5191 1807 5260 ἐκεῖνος

115 5255 162 5309 δέ
201 5261 292 5312 καὶ
333 5259 406 5313 τὰ
446 5260 740 5334 ἀλλότρια·
787 5256 946 5330 οὕτος
993 5270 1116 5322 οὑδὲ
1161 5273 1358 5328 ἐαυτὸν
1387 5275 1633 5345 ἐνεγκεῖν
1688 5255 1807 5337 ἐδυζ

115 5346 260 5415 νήθη,
288 5349 500 5412 ἐκεῖνος
541 5348 600 5402 δὲ
645 5350 741 5402 καὶ
777 5350 999 5423 ἕτερον·
1032 5359 1060 5409 6
1099 5359 1199 5428 μὲν
1240 5361 1300 5414 ἐν
1341 5366 1588 5437 ναυαγίῳ
1630 5371 1803 5437 ἐστὶν,

116 5426 256 5496 οὗτος
302 5435 361 5488 δὲ
404 5436 462 5488 ἐν
496 5437 770 5510 ἀσφαλείᾳ
798 5440 950 5504 πλεῖ,
998 5444 1055 5509 ἐξ
1102 5426 1312 5518 ήοὺρίων
1360 5426 1512 5522 αὑτῷ
1541 5426 1641 5525 τῆς
1675 5426 1803 5528 νηὸς

121 5522 456 5592 φερομένης·
493 5524 554 5576 οὐ
599 5525 710 5598 γάρ
759 5527 911 5581 είασε
959 5531 1019 5584 16
1055 5532 1149 5586 106
1193 5533 1369 5606 θυμοῦ
1423 5522 1640 5612 πνεῦμα
1690 5522 1802 5610 τοῖς

117 5609 290 5674 ἱστίοις
315 5611 562 5680 ἐμπεσὸν
583 5614 889 5685 ἀνατρέψαι
914 5618 1013 5688 τῆς
1044 5621 1284 5688 διανοίας
1310 5625 1372 5678 16
1399 5609 1605 5698 σκάφος
1625 5648 1638 5663 ·
1661 5609 1800 5689 άλλά

117 5692 272 5767 λεπτή
298 5715 384 5762 τις
407 5696 551 5771 αὕρα
597 5703 693 5755 καὶ
719 5703 874 5772 ήδεῖα
908 5711 1360 5780 προσπνεύσασα,
1395 5717 1494 5786 τῆς
1519 5692 1794 5786 ’ἀνεξικα-

119 5785 227 5849 χίας
264 5789 298 5858 ἡ
493 5829 506 5854 ,
557 5790 700 5861 μετά
731 5791 936 5862 πολλῆς
979 5797 1130 5868 αὑτῷ
1167 5801 1268 5872 τῆς
1319 5804 1548 5875 ἡσυχίας
1581 5785 1675 5862 ἐπὶ
1707 5811 1797 5866 τὸν

168 5891 537 5973 ’,Δίἰιιςρκεῖνοε
557 5899 817 5958 ἐτύπτησε.
851 5900 883 5940 δ
902 5901 1038 5953 Idem
1057 5908 1167 5965 τοὺς
1186 5909 1569 5970 άντιτύπτοντας.
1615 5921 1638 5950 ο
1661 5919 1797 5973 Unus

119 5951 319 6011 δρώντων
342 5958 486 6012 ἐστὶν.
505 5951 652 6009 ὥστε.

455 6043 737 6107 Ριτιιοι.
773 6045 892 6110 Gn.
941 6052 1067 6114 LX.

3557 327 3665 384 280

1966 437 2064 509 τῆς
2117 437 2437 507 φιλοσοφίας
2482 437 2609 506 άγει
2661 436 2878 507 λιμένα.
2930 438 3038 490 Καὶ
3084 437 3335 512 καθάπερ
3385 442 3444 496 ἐν
3492 442 3664 513 πλοίῳ

1963 524 2293 593 ναυαγοῦντι
2326 527 2378 578 οἰ
2409 525 2601 579 ναῦται
2634 525 2736 579 οὐκ
2763 527 2945 579 ἴσασιν
2968 527 3004 580 ἃ.
3029 527 3335 599 ῥίπτουσιν,
3367 529 3434 586 ἄν
3465 548 3526 584 τε
3551 533 3662 586 τῶν

1962 611 2180 666 οἰκείων
2208 613 2274 667 ἀν
2303 631 2363 667 τε
2412 613 2523 666 τῶν
2554 613 2858 684 ἀλλοτρίων
2899 613 3110 669 λάϐωσι
3149 617 3657 690 παρακαταθήκας,

1961 697 2100 752 ἀλλά
2128 699 2350 755 πάντων
2372 701 2577 773 ὁμοίως
2603 701 2837 773 ἐκϐολὴν
2860 701 3145 758 ποιοῦνται
3167 705 3276 758 τῶν
3299 706 3660 777 ἐγκειμένων,

1959 785 2071 840 τῶν
2101 804 2160 840 τε
2188 788 2389 858 τιμίων
2413 789 2526 842 τῶν
2547 806 2608 842 τε
2635 790 2698 843 οὐ
2721 788 2980 844 τοιούτων
3007 806 3021 820 ο
3051 791 3274 846 ἐπειδὰν
3308 793 3364 847 δέ
3393 795 3422 847 6
3451 792 3661 864 χειμὼν

1959 874 2260 945 παύσηται,
2286 875 2407 929 τότε
2440 876 2896 949 ἀναλογιζόμενοι
2923 879 3024 932 ὅσα
3052 880 3332 947 ἐξέϐαλον,
3358 882 3659 953 δακρύουσι

1958 962 2180 1032 καὶτῆς
2216 963 2480 1036 γαλήνης
2503 965 2606 1019 οὐκ
2644 965 2998 1021 αίσθάνονται
3039 968 3131 1023 διὰ
3171 969 3270 1041 τὴν
3324 969 3531 1041 ζημίαν
3557 970 3660 1042 τῆς

1956 1047 2220 1119 ἐκϐολῆς·
2248 1049 2394 1104 οὕτω
2425 1051 2488 1123 δὴ
2533 1054 2629 1106 καὶ
2661 1052 2902 1108 ἐνταῦθα
2922 1094 2936 1120 ,
2980 1055 3111 1110 ὅταν
3149 1057 3179 1109 6
3207 1055 3379 1128 θυμὸς
3408 1057 3646 1130 πνεύσῃ,

1957 1134 2052 1186 καὶ
2079 1136 2107 1188 6
2129 1135 2339 1207 χειμὼν
2367 1137 2592 1210 αίρηται
2614 1180 2629 1205 ,
2659 1139 2761 1194 οὑκ
2791 1141 2973 1197 ἴσασιν
3002 1144 3063 1197 ἐν
3086 1143 3240 1211 τάξει
3271 1144 3557 1199 ἐκϐάλλειν
3588 1145 3659 1200 τά

1955 1219 2142 1275 δέοντα
2166 1239 2180 1252 ·
2211 1224 2343 1280 ὅταν
2363 1225 2433 1279 δέ·
2451 1226 2732 1300 παύσηται
2761 1231 2791 1283 6
2822 1229 3014 1301 θυμὸς,
3041 1231 3164 1285 τότε
3205 1232 3656 1303 ἀναλογιζόμενοι

1957 1309 2086 1362 ποῖα
2120 1310 2396 1380 ἐξέϐαλον,
2429 1314 2672 1370 ἐννοοῦσι
2699 1318 2798 1388 τὴν
2823 1317 3028 1389 ζημίαν
3057 1320 3154 1374 καὶ
3178 1319 3278 1374 οὐκ
3303 1320 3655 1375 αἰσθάνονται

1955 1396 2053 1466 τῆς
2077 1399 2464 1470 ἀναπαύσεως,
2496 1404 2605 1459 τῶν
2640 1406 2907 1478 ῥημάτων
2936 1408 3303 1480 μεμνημένοι,
3321 1409 3390 1463 δι’
3413 1402 3489 1464 ὧν
3519 1427 3656 1464 κατα

1954 1488 2201 1560 ᾔσχυναν
2256 1494 2486 1559 ἑαυτοὺς
2513 1496 2607 1550 καὶ
2632 1496 2702 1551 τά
2734 1498 2973 1569 μέγιστα
2996 1499 3407 1571 ἐζημιώθησαν,
3431 1501 3491 1554 οὑ
3525 1501 3656 1572 περὶ

1953 1579 2213 1649 χρήματα
2237 1619 2251 1643 ,
2283 1581 2422 1637 ἀλλά
2467 1585 2599 1656 περὶ
2639 1584 2801 1650 δόξαν
2839 1587 3145 1652 ἐπιεικείας
3183 1587 3279 1642 καὶ
3321 1587 3653 1659 πραότητος.

1957 1664 2170 1730 Ὄντως
2204 1666 2398 1732 σκότος
2423 1670 2574 1724 ἐστὶν
2603 1673 2633 1726 6
2658 1671 2849 1743 θυμός.
2878 1669 3067 1728 Εἶπεν
3103 1674 3329 1743 ἄφρων,
3368 1675 3555 1745 φησὶν,
3584 1675 3655 1730 ἐν

1951 1752 2165 1820 καρδίᾳ
2213 1755 2426 1810 αὑτοῦ·
2478 1759 2602 1812 Οὐκ
2648 1759 2783 1814 ἐστι
2833 1763 3000 1827 Θεός.
3045 1762 3201 1832 Τάχα
3250 1763 3508 1835 καὶπερὶ
3554 1763 3651 1818 τοῦ

1952 1837 2296 1910 θυμουμένου
2326 1843 2488 1899 10610
2518 1848 2696 1901 εἰπεῖν
2731 1846 3009 1921 εὔκαιρον,
3037 1850 3120 1903 ὅτι
3145 1845 3300 1904 εἶπεν
3322 1853 3352 1906 6
3374 1851 3652 1922 θυμούμε-

1949 1943 2059 1988 νος·
2096 1929 2212 1982 Ούκ
2255 1929 2370 1984 ἐστι
2415 1932 2570 1996 Θεός.
2617 1935 2784 1990 Κατὰ
2824 1936 2933 2008 γὰρ
2962 1936 3032 1990 τὸ
3064 1937 3325 2007 πλῆθος,
3353 1939 3510 2008 φησὶ,
3543 1938 3652 2006 τῆς

1949 2013 2136 2084 ὀργῆς
2168 2018 2358 2073 αὐτοῦ
2391 2021 2504 2075 οὐκ
2552 2021 2893 2092 ἐκζητήσει.
2939 2027 3039 2088 Ὃς
3076 2026 3187 2099 γάρ
3237 2026 3306 2081 ἂν
3354 2028 3650 2100 ἐπεισέλθῃ

1947 2103 2208 2179 λογισμὸς
2248 2111 2486 2182 εὐσεϐὴς
2511 2151 2527 2178 ,
2573 2113 2785 2178 πάντας
2824 2115 3103 2171 διωθεῖται
3133 2117 3229 2171 καὶ
3258 2117 3647 2188 διακρούεται,

1948 2195 2162 2257 πάντας
2197 2198 2380 2267 ῥίπτει
2430 2201 2720 2270 πλαγίους.
2768 2204 2831 2258 Εἰ
2874 2204 2950 2276 μὴ
2995 2205 3061 2260 σὺ
3095 2205 3300 2276 μᾶλλον
3334 2206 3522 2275 ἀλγεῖς
3554 2206 3649 2260 106

1945 2278 2321 2350 ὑϐρισθέντος,
2379 2282 2594 2355 ὕϐριζε,
2641 2285 2747 2340 κᾶν
2818 2289 3012 2358 μηδεὶς
3061 2291 3090 2342 6
3159 2290 3445 2358 ἐγκαλῶν·
3490 2292 3650 2362 εἰμὴ

1941 2365 2004 2419 τὸ
2038 2366 2133 2420 106
2154 2366 2181 2407 ἀ
2219 2370 2524 2436 συνειδότος
2553 2373 2911 2447 δικαστήριον
2959 2375 3068 2449 ἰδίᾳ
3093 2394 3153 2431 σε
3186 2378 3353 2432 λαϐὸν
3393 2379 3650 2450 μαστίζει

1946 2456 2138 2527 μυρία.
2179 2457 2350 2513 Ὅταν
2399 2455 2494 2515 οὖν
2543 2462 2810 2537 ἀκούσῃς,
2859 2465 2943 2518 ὅτι
2992 2467 3021 2520 6
3071 2466 3432 2538 ὑϐριζόμενος
3492 2467 3650 2522 οὐδὲν

1941 2542 2164 2608 ἐξέϐαλε
2199 2546 2359 2618 ῥῆμα
2389 2550 2610 2621 πικρὸν,
2649 2552 2771 2622 οὑχὶ
2804 2551 2980 2625 ταύτῃ
3013 2553 3217 2626 μᾶλλον
3255 2555 3441 2625 ἀλγεῖς
3466 2574 3480 2624 ;
3510 2557 3650 2611 Εἰπέ

1943 2648 2056 2702 μοι,
2106 2633 2226 2698 πῶς
2263 2635 2556 2707 ἄνθρωπον
2598 2642 2776 2711 πρᾶον
2832 2642 2926 2695 καὶ
2956 2643 3250 2708 ταπεινὸν,
3283 2645 3377 2698 καὶ
3423 2645 3645 2718 ἐπιεικῆ

1942 2721 2170 2792 μυρίαις
2210 2721 2449 2787 ἔπλυνας
2487 2725 2820 2799 λοιδορίαις;
2867 2729 3055 2784 Ταῦτα
3092 2731 3327 2802 λέγομεν
3371 2733 3643 2804 συνεχῶς,

1937 2806 2037 2878 οὐχ
2067 2808 2288 2880 ὁρῶμεν
2327 2810 2384 2864 δέ
2423 2813 2850 2886 ἐπιδεικνύμενα
2876 2817 2964 2870 διά
3005 2818 3119 2872 τῶν
3151 2819 3349 2891 ἔργων.
3396 2821 3646 2891 ’Ἁνίὶρω⁸

1937 2912 2038 2958 πος
2062 2895 2138 2950 ὢν
2170 2895 2461 2968 ἄνθρωπον
2509 2901 2791 2971 ὑϐρίζεις;
2845 2904 3036 2970 δοῦλος
3073 2904 3149 2959 ὢν
3184 2909 3278 2960 τὸν
3309 2907 3642 2979 ὁμόδουλονς

1947 2982 2111 3038 Ἀλλά
2138 2984 2193 3038 τί
2229 2985 2388 3041 τοῦτο
2432 2986 2723 3060 θαυμάζω,
2755 2992 2892 3046 ὅπου
2929 3010 2994 3063 γε
3042 2995 3139 3048 καὶ
3170 2994 3304 3050 Θεὸν
3354 2994 3644 3068 ὑϐρίζουσι

1934 3069 2119 3124 πολλοί
2140 3087 2154 3137 ;

2002 3179 2066 3234 δ’.
2101 3180 2275 3237 Τοῦτο
2301 3186 2439 3258 πρὸς
2482 3188 2628 3256 ὑμᾶς
2658 3187 2802 3245 ἔστω
2831 3191 3309 3266 παραμυθίατοὺς
3341 3195 3642 3269 ὑϐριζομέ-

1931 3284 2078 3332 νους.
2097 3269 2451 3343 ’Υϐρίζεσθε;
2476 3275 2763 3349 ὑϐρίζεται
2791 3280 2887 3334 καὶ
2908 3281 3061 3346 Θεός.
3085 3285 3474 3354 Ὀνειδίζεσθε;
3497 3288 3639 3341 ὀνει-

1933 3354 2140 3420 δίζεται
2163 3360 2257 3412 καὶ
2279 3359 2434 3425 Θεός.
2467 3365 2813 3421 Διαπτύεσθε
2837 3385 2852 3435 ;
2878 3370 2973 3425 καὶ
2994 3372 3105 3444 γάρ
3133 3372 3228 3426 καὶ
3255 3375 3580 3447 ὀΔεσπότης
3611 3379 3639 3431 6

1929 3443 2221 3517 ἡμέτερος.
2268 3448 2358 3502 Ἐν
2395 3450 2498 3521 μὲν
2523 3448 2618 3508 οὖν
2647 3455 2862 3521 τούτοις
2886 3459 3022 3530 ήμῖν
3056 3443 3326 3527 κοινωνεῖ,
3358 3462 3416 3517 ἐν
3446 3463 3501 3517 δὲ
3523 3443 3639 3530 τοῖς

1928 3530 2194 3598 ἐναντίοις
2223 3534 2324 3588 οὑκ
2355 3535 2456 3591 ἐτι.
2487 3537 2639 3612 [500]
2683 3543 2760 3595 Οὐ
2778 3543 2888 3617 γὰρ
2906 3545 3133 3617 ὕϐρισεν
3150 3547 3353 3614 ἀδίκως
3376 3552 3529 3605 ποτέ·
3560 3553 3636 3624 μὴ

1928 3617 2161 3686 γένοιτο·
2186 3620 2310 3675 οὐδὲ
2335 3624 2615 3680 ὠνείδισεν
2641 3629 2855 3696 ἁπλῶς,
2884 3633 3008 3687 οὐδὲ
3043 3635 3328 3708 ἠδίκησεν.
3370 3637 3535 3693 Ὥστε
3561 3617 3639 3712 ’ήλ

1930 3708 2053 3776 μεῖς
2069 3709 2238 3778 ἐσμεν
2256 3713 2305 3765 οἱ
2328 3715 2739 3780 κοινωνοῦντες,
2761 3719 2862 3790 οὑχ
2884 3721 3065 3792 ὑμεῖς.
3101 3724 3175 3777 T6
3208 3726 3308 3796 μὲν
3331 3725 3443 3798 γὰρ
3479 3708 3635 3800 ὑϐρι-

1926 3793 2156 3864 ζόμενον
2185 3797 2397 3870 φέρειν,
2427 3801 2586 3855 Θεοῦ·
2624 3804 2687 3857 16
2723 3806 2781 3859 66
2813 3807 3060 3879 ὑϐρίζειν
3113 3793 3324 3879 ἁπλῶς,
3353 3793 3631 3885 δαίμονος.

1930 3882 2100 3936 Ἴδετε
2147 3884 2248 3949 τὰς
2307 3888 2401 3942 δύο
2449 3891 2697 3963 μερίδας.
2752 3897 3074 3965 Δαιμόνιον
3104 3901 3285 3970 ἔχεις,
3327 3882 3564 3975 ήκούσεν
3604 3909 3634 3962 6

1926 3968 2181 4038 Χριστός·
2218 3975 2530 4049 ἐρῥαπίσθη
2556 3980 2666 4034 ἀπὸ
2689 3982 2784 4035 106
2816 3983 3005 4039 δούλου
3040 3968 3512 4063 τού-ἀρχιερέως.
3566 3996 3630 4049 Οί

1923 4055 2240 4128 ὑϐρίζοντες
2296 4063 2478 4118 τοίνυν
2545 4067 2770 4146 ἀδίκως,
2811 4072 2932 4142 μετ’
2993 4055 3626 4152 ἐκείνων-δ’ἐστήκνασιν·

1922 4144 2171 4212 εἰκότως.
2194 4149 2260 4204 Εἰ
2284 4152 2396 4224 γάρ
2420 4153 2449 4206 6
2475 4144 2684 4245 Πέτρος
2713 4159 2809 4212 καὶ
2839 4161 3087 4227 Σατανᾶς
3119 4165 3322 4235 ἤκουσε
3353 4144 3504 4224 δι’-ἓν
3531 4173 3632 4245 ῥῆ-

1925 4250 2021 4302 μα,
2057 4235 2240 4308 πολλῷ
2272 4239 2478 4309 μᾶλλον
2536 4238 2686 4298 οὗτοι
2733 4247 2977 4302 Ἰουδαῖοι
3010 4251 3358 4320 ἀκούσονται,
3401 4257 3529 4312 ὅταν
3559 4261 3630 4316 τὰ

1933 4319 2202 4376 Ἰουδαίων
2229 4325 2481 4394 ποιῶσιν,
2507 4329 2699 4402 ὥσπερ
2723 4334 2969 4390 κάκεῖνοι
2991 4337 3240 4393 διαϐόλου
3266 4342 3452 4410 τέκνα,
3477 4348 3629 4403 ἐπει-

1918 4405 1983 4477 δὴ
2039 4408 2108 4462 τά
2163 4411 2258 4464 τοῦ
2319 4413 2572 4471 διαϐόλου
2637 4421 2980 4492 εἰργάζοντο.
3058 4427 3354 4501 Ὑϐρίζεις,
3393 4405 3479 4498 τίς
3521 4436 3622 4505 ὢν,

1919 4497 2040 4595 εἰπέ
2079 4517 2169 4569 μοι
2197 4518 2210 4567 ;
2250 4502 2471 4558 Μᾶλλον
2509 4506 2568 4559 δὲ
2595 4507 2684 4564 διά
2743 4511 2904 4566 τοῦτο
2936 4497 3202 4586 ὑϐρίζεις,
3237 4520 3428 4595 ἐπειδὴ
3460 4497 3624 4582 οὐδὲν

1917 4579 1986 4637 εἴ·
2038 4586 2218 4652 οὐδεὶς
2245 4590 2354 4662 γάρ
2388 4591 2697 4681 ἄνθρωπος
2733 4597 2810 4652 ὢν
2843 4579 3090 4674 ὑϐρίζειί
3132 4579 3297 4662 "0016
3330 4609 3358 4662 6
3399 4579 3622 4681 λέγεται

1914 4672 1974 4767 ἐν
1999 4675 2120 4736 ταῖς
2150 4676 2377 4747 μάχαις,
2439 4681 2512 4733 Σὺ
2545 4683 2630 4747 τίς
2657 4680 2740 4752 εἷς
2795 4687 2856 4753 ἐξ
2904 4672 3156 4758 ἐναντίας
3185 4694 3292 4749 ἔδει
3341 4672 3618 4767 λέγεσθαι·

1911 4752 2049 4824 οἷον,
2081 4761 2340 4832 ’Ὑϐριζε,
2376 4765 2558 4836 λέγειν
2611 4771 2803 4845 ἐχρῆν·
2839 4776 2996 4832 οὐδὲν
3022 4752 3241 4851 γάρνείο
3302 4752 3484 4842 νῦνδέ

1911 4847 2122 4941 γόντων
2160 4851 2342 4921 ήμῶν,
2381 4856 2470 4920 '0;
2500 4857 2588 4922 τίς
2621 4860 2904 4932 ὑϐρίζεις;
2952 4865 3041 4931 '0;
3076 4847 3302 4939 βελτίων
3356 4892 3476 4941 σου,
3529 4878 3619 4934 διά

1912 4935 2134 4992 πάντων
2163 4941 2385 4996 ἀκούειν
2417 4943 2558 5000 ἐστι.
2592 4949 2704 5012 Καὶ
2739 4952 2847 5022 μὴν
2888 4953 2951 5007 16
3002 4935 3246 5013 ἐναντίον
3280 4961 3388 5016 ἔδει
3413 4935 3616 5035 λέγειν·

1909 5025 2028 5079 ἀλλ’
2063 5028 2252 5100 ἐπειδὴ
2277 5034 2444 5103 ἡμεῖς
2469 5037 2661 5102 κακῶς
2709 5042 3030 5114 ἐρωτῶμεν,
3056 5047 3145 5101 διά
3167 5049 3329 5104 1061'0
3359 5025 3610 5112 κάκεῖνοι

1909 5116 2096 5180 κακῶς
2120 5118 2534 5191 ἀποκρίνονται·
2573 5127 2720 5181 ὥστε
2775 5133 2940 5201 ήμεῖς
2973 5133 3160 5190 αῐτιοι.
3226 5140 3314 5204 '0;
3359 5146 3614 5212 μεγάλων

1905 5203 2016 5275 γάρ
2054 5206 2268 5278 ἀνδρῶν
2292 5209 2464 5268 ὄντων
2496 5215 2607 5302 τῶν
2670 5219 3029 5293 ὑϐριζόντων,
3056 5225 3200 5281 οὕτω
3225 5203 3476 5302 λέγομεν·
3520 5237 3609 5300 '0;

1904 5291 1987 5355 τίς
2015 5293 2290 5364 ὑϐρίζεις;
2319 5299 2421 5355 Διά
2454 5301 2620 5357 τοῦτο
2674 5291 2919 5364 κάκεῖνοι
2974 5311 3150 5378 οὕτως
3194 5291 3606 5390 ἀποκρίνονταιῖ

1905 5378 2230 5476 Τούναντίον
2267 5385 2323 5440 δὲ
2359 5390 2532 5461 ἐχρῆν
2563 5392 2766 5462 λέγειν·
2833 5399 3147 5471 Ὑϐρίζεις;
3184 5378 3396 5475 ὕϐριζε·
3432 5412 3608 5476 οὐδεὶς

1903 5469 2012 5566 γάρ
2041 5466 2110 5526 εἴ.
2150 5474 2296 5546 Πρὸς
2329 5477 2388 5531 66
2418 5480 2547 5544 τοὺς
2572 5485 2674 5554 οὐχ
2709 5466 3039 5559 ὑϐρίζοντας
3078 5466 3238 5547 10610
3259 5466 3468 5566 μάλλον
3498 5466 3606 5557 ἐδεῖ

1902 5555 2181 5626 λέγεσθαι·
2227 5563 2316 5628 '0;
2337 5566 2423 5630 τίς
2445 5569 2546 5640 οὑχ
2583 5555 2864 5643 ὑϐρίζειςς
2896 5576 3175 5651 ὑπερέϐης
3200 5555 3300 5653 τὴν
3327 5555 3606 5658 άνθρωπίέ

1901 5663 2000 5715 νην
2028 5649 2212 5717 φύσιν.
2253 5652 2430 5709 Τοῦτο
2455 5657 2728 5728 εὐγένεια,
2758 5664 2922 5719 10610
2943 5649 3266 5741 ἐλευθερία,⁷
3278 5649 3448 5744 μηδὲν
3505 5679 3603 5732 ἀν-

1899 5734 2187 5810 ελεύθερον
2210 5741 2574 5814 φθέγγεσθαι,
2604 5749 2706 5806 κᾶν
2735 5751 2943 5830 ἀξιοςῇ
2975 5774 3060 5820 τις
3095 5734 3505 5820 ἀκούειννίΕἰπέ
3535 5769 3599 5840 δή

1903 5841 2015 5892 μοι,
2046 5827 2202 5881 πόσοι
2235 5831 2355 5904 οὐχὶ
2390 5834 2534 5902 ἄξιοί
2564 5841 2700 5895 εἰσιν
2745 5827 3124 5920 ἀναιρεῖσθαι;
3162 5848 3303 5902 Ἀλλ’
3357 5851 3509 5923 ὅμως
3538 5827 3601 5911 ού

1959 5927 2134 6002 {Tres
2157 5947 2274 5988 mss.
2303 5945 2354 5988 ct
2379 5941 2556 6005 Savil.,
2604 5947 2819 6010 ἐγκαλῶν
2846 5949 2897 6010 ᾖ,
2945 5952 3000 5999 τὸ
3045 5951 3150 6001 106.

1900 5989 1922 6038 ι
1959 5956 2134 6002 ius:
2157 5956 2274 5988 mss.
2303 5956 2354 5988 et
2379 5956 2556 6005 aavu.,
2604 5956 2819 6010 ἐγκαλῶν
2846 5956 2897 6010 ἡ,
2945 5956 3000 5999 τὸ
3045 5956 3150 6001 106.
3258 5968 3279 5996 ε
3313 5956 3449 6011 Unus
3496 5965 3627 6025 μετ’¹

1924 6007 2093 6042 κεινον.
