4034 6412
254 286 346 342 ἥί

247 397 580 452 contrarium
608 396 713 455 «hci
743 400 1060 470 oportebat;
1102 402 1195 457 sed
1227 403 1349 474 quia
1384 418 1481 459 nos
1509 406 1649 462 male
1679 408 1850 464 inter-

245 507 530 562 rogamus,
577 493 699 550 ideo
740 495 816 551 illi
854 497 995 553 male
1038 498 1408 569 respondent:
1443 500 1626 571 itaque
1669 515 1768 556 nos
1799 501 1851 556 in

238 595 404 637 causa
437 598 650 642 sumus.
683 588 760 642 Ac
788 588 832 642 si
855 589 995 642 enim
1028 589 1104 644 illi
1129 589 1506 647 contumeliosi
1531 594 1708 663 magni
1735 591 1855 663 qui-

239 675 368 729 dam
397 675 502 731 viri
523 687 728 744 essent,
762 680 833 734 ita
862 679 1130 751 loquimur
1154 700 1169 737 :
1193 681 1325 750 Quis
1352 693 1436 740 est
1455 684 1546 755 qui
1571 694 1851 741 contume-

241 759 380 821 liam
415 768 651 825 inferas?
693 770 822 828 ideo
861 773 934 829 illi
983 775 1061 830 sic
1112 777 1460 848 respondent.
1509 779 1849 862 Contrarium

239 872 376 913 vero
405 862 696 931 oportebat
719 862 942 922 dicere:
973 866 1310 925 Contumelia
1331 870 1543 926 afﬁcis?
1570 878 1851 927 contume-

238 950 306 1004 lia
338 951 532 1018 afﬁce;
566 955 753 1011 nullus
778 956 921 1012 enim
956 972 1037 1014 es.
1071 958 1152 1015 Ad
1185 960 1306 1016 illos
1337 953 1491 1028 vero,
1532 963 1622 1033 qui
1653 973 1844 1018 contu-

238 1042 399 1098 melia
425 1058 536 1100 non
567 1044 842 1114 afﬁciunt,
875 1050 1052 1121 potius
1077 1051 1365 1108 dicendum
1407 1063 1524 1110 erat
1552 1072 1566 1110 :
1597 1055 1727 1124 Quis
1751 1071 1809 1112 es
1829 1099 1842 1124 ,

233 1135 324 1204 qui
355 1139 688 1194 contumelia
721 1156 828 1196 non
851 1142 1060 1199 ofﬁcis?
1091 1146 1378 1201 humanam
1402 1154 1646 1203 naturam
1670 1157 1844 1205 trans-

235 1227 493 1286 cendisti.
541 1231 658 1288 Hoc
699 1233 952 1292 nobilitas
998 1245 1111 1306 est,
1159 1239 1295 1295 nihil
1339 1239 1604 1299 illiberale
1659 1243 1842 1313 loqui,

232 1321 443 1376 etiamsi
488 1325 612 1394 quis
641 1326 832 1382 audire
862 1327 931 1382 sit
959 1327 1175 1401 dignus.
1221 1331 1316 1386 Dic
1343 1347 1475 1388 vero
1512 1332 1644 1388 mihi
1666 1376 1680 1400 ,
1712 1343 1845 1406 quot

233 1427 338 1467 non
359 1423 488 1470 sunt
507 1416 656 1488 digni
681 1427 739 1473 nt
763 1419 1111 1478 occidantur?
1139 1439 1314 1494 neque
1337 1435 1515 1483 tamen
1541 1442 1639 1499 per
1658 1444 1719 1486 se
1740 1428 1843 1487 hoc

229 1504 390 1570 iudex
421 1506 570 1573 facit,
592 1508 691 1564 sed
715 1510 1030 1585 interrogat,
1061 1530 1236 1586 neque
1259 1532 1354 1587 per
1375 1520 1635 1591 seipsum.
1661 1520 1720 1578 Si
1739 1524 1838 1577 au-

232 1603 336 1650 tem
367 1597 572 1653 homini
605 1602 853 1670 improbo
869 1604 1034 1674 jndex
1057 1621 1162 1661 non
1185 1606 1437 1680 dignatur
1460 1626 1558 1682 per
1579 1627 1640 1669 se
1667 1613 1836 1686 loqui,

228 1687 320 1742 sed
348 1689 530 1746 medio
566 1694 821 1762 quopiam
850 1697 1036 1764 utitur,
1081 1701 1249 1756 multo
1278 1703 1448 1775 magis
1479 1719 1579 1762 nos
1623 1715 1840 1778 oportet

229 1792 383 1847 pares
407 1796 517 1836 non
540 1787 870 1841 contumelia
893 1788 1108 1846 afﬁcere
1132 1808 1146 1846 :
1177 1806 1283 1846 non
1305 1794 1451 1849 enim
1475 1796 1547 1851 ita
1573 1797 1680 1854 illis
1701 1815 1838 1872 prte-

226 1870 459 1938 ponendi
486 1873 731 1941 erimus,
763 1876 808 1932 si
842 1876 964 1933 illos
1001 1882 1326 1938 contumelia
1356 1884 1675 1956 afﬁciamus,
1704 1870 1762 1945 ut
1788 1890 1834 1946 si

221 1960 540 2029 doceamur,
587 1967 731 2036 quod
776 1983 877 2025 nos
923 1971 1072 2042 ipsos
1108 1977 1434 2034 contumelia
1470 1979 1832 2040 alfecerimus.

221 2051 387 2110 Malos
413 2071 544 2129 ergo
575 2056 700 2114 ideo
725 2063 1052 2119 contumelia
1080 2064 1300 2124 afﬁcere
1325 2084 1431 2125 non
1466 2082 1702 2143 oportet,
1736 2074 1833 2131 bo-

220 2160 319 2200 nos
343 2155 529 2204 autem
555 2150 662 2204 alia
693 2166 908 2224 quoque
932 2155 1000 2210 de
1021 2170 1205 2224 causa,
1236 2159 1378 2230 quod
1405 2177 1516 2218 non
1544 2173 1828 2221 centumc-

219 2235 286 2291 lia
316 2237 466 2309 digni
499 2239 639 2302 sint:
675 2243 835 2300 tertio
858 2253 1041 2302 autem
1079 2250 1201 2318 quia
1229 2253 1681 2313 contumeliosum
1709 2257 1841 2316 esse

218 2346 321 2387 non
341 2343 582 2404 oportet.
611 2335 762 2394 Nunc
781 2350 960 2398 autem
979 2341 1100 2400 vide
1123 2356 1324 2416 quanta
1349 2347 1480 2405 ﬁant
1505 2367 1518 2404 :
1549 2360 1830 2409 contume-

219 2422 282 2478 lia
310 2434 368 2480 et
395 2425 600 2482 damno
627 2428 864 2486 afﬁcitur
890 2432 1088 2504 homo,
1119 2452 1329 2494 necnon
1360 2439 1406 2496 is
1434 2444 1522 2512 qui
1556 2442 1702 2498 laedit
1723 2484 1740 2510 ,
1771 2453 1830 2500 et

214 2527 569 2587 spectatores.
605 2521 746 2592 Quid
775 2527 944 2598 ergo?
972 2544 1098 2584 num
1145 2529 1287 2588 feras
1313 2533 1367 2588 in
1395 2535 1634 2591 medium
1664 2552 1824 2595 acce-

212 2608 344 2667 dere
371 2621 626 2683 Oportet,
674 2624 732 2672 et
773 2631 887 2674 rem
937 2619 1274 2680 dissolvere?
1318 2623 1422 2683 hoc
1451 2627 1596 2684 enim
1635 2639 1821 2686 restat.

211 2701 345 2758 Cum
371 2705 518 2760 enim
547 2705 798 2766 homines
818 2720 945 2769 sunt
966 2714 1024 2781 ii,
1045 2715 1136 2788 qui
1160 2715 1213 2773 in
1237 2717 1524 2792 iniquitate
1545 2721 1821 2782 delectan-

211 2803 316 2863 tur,
375 2796 506 2854 feris
544 2804 912 2862 reconciliatio
960 2821 1317 2867 reservatur:
1363 2815 1820 2886 quemadmodum

210 2885 358 2944 beris
382 2889 533 2946 domi
562 2897 946 2964 pugnantibus,
974 2909 1144 2955 restat
1179 2910 1236 2956 ut
1265 2885 1548 2961 domestici
1582 2907 1700 2965 illos
1727 2925 1818 2967 re-

1222 288 1291 345 iN
1331 291 1512 348 ACTA
1553 288 2083 350 APOSTOLORUM.
2125 293 2356 356 llObilL.
2403 301 2517 360 XL.

3471 338 3581 388 ‘18!

1963 410 2255 468 concilient
2281 414 2302 483 ί
2322 414 2424 472 hoc
2454 418 2600 474 enim
2630 432 2821 478 natura
2855 426 2929 482 rei
2957 426 3162 500 exigit,
3195 431 3407 490 etiamsi
3437 435 3576 495 forte

1958 502 2061 559 hac
2089 508 2301 564 ratione
2328 525 2433 565 non
2459 511 2611 584 ﬁat):
2643 516 2720 571 sic
2745 528 2800 572 et
2828 518 2930 576 hoc
2952 535 3107 590 casu,
3133 522 3472 585 Contumelia
3496 533 3574 585 nf-

1957 594 2111 652 ﬁcis?
2143 610 2197 656 et
2219 600 2346 672 jure
2376 605 2628 674 quidem;
2661 625 2766 665 non
2798 613 2942 670 enim
2982 615 3148 674 homo
3181 636 3259 676 es.
3303 622 3430 680 ideo
3457 640 3573 680 ma.

1954 703 2118 760 gnum
2144 695 2420 767 quidpiam
2463 714 2586 757 esse
2612 703 2725 758 visa
2756 715 2842 762 est
2870 712 3198 768 contumelia
3220 755 3236 781 ,
3271 723 3326 770 ct
3354 721 3565 790 magnis

1952 795 2289 854 congruere:
2319 791 2493 848 servis
2523 804 2703 851 autem
2729 800 2901 869 magis
2925 806 3205 874 competit,
3242 816 3300 863 ut
3326 807 3464 868 bene
3493 813 3573 866 lo-

1952 874 2042 943 qui
2067 876 2269 934 liberos
2293 879 2473 962 decet.
2503 883 2656 942 Sicut
2677 889 2822 944 enim
2845 893 2985 949 male
3009 893 3186 953 facere
3208 898 3274 953 ad
3300 899 3421 958 illos
3443 917 3569 974 per-

1954 967 2122 1033 tinet,
2158 969 2237 1025 sic
2266 971 2334 1027 ad
2365 958 2467 1030 hos
2509 978 2650 1034 mala
2695 983 2825 1050 pati.
2853 984 3104 1058 Exempli
3132 1003 3325 1056 causa,
3371 958 3568 1048 an'cilla

1953 1060 2154 1128 raptrix
2182 1069 2286 1127 est,
2310 1080 2431 1134 qua:
2460 1082 2547 1124 res
2568 1069 2776 1127 domini
2803 1077 2997 1146 raptim
3023 1076 3254 1151 subripit
3282 1101 3295 1136 :
3331 1084 3455 1140 talis
3477 1095 3562 1140 rst

1947 1156 2004 1203 et
2027 1154 2392 1211 contumelia:
2422 1166 2477 1214 et
2518 1168 2575 1215 ut
2600 1162 2722 1233 quis
2748 1165 2979 1235 dixerit,
3013 1169 3098 1224 fur
3132 1171 3408 1244 ingressus
3437 1185 3557 1232 stn-

1947 1239 2099 1299 diose
2124 1245 2322 1318 ubique
2351 1248 2644 1322 observat,
2673 1256 2873 1328 aliquid
2897 1261 3110 1318 auferre
3134 1239 3331 1322 curans
3355 1288 3370 1323 :
3396 1269 3477 1324 sic
3503 1279 3558 1325 et

1948 1333 2050 1390 iste
2078 1337 2260 1392 omnia
2286 1341 2692 1415 circumspicit,
2720 1357 2778 1403 ut
2804 1349 3007 1421 aliquid
3037 1354 3251 1426 eripiat.
3277 1358 3398 1414 Alio
3425 1358 3564 1416 forte

1945 1427 2197 1498 exemplo
2239 1445 2415 1500 Ipsum
2446 1433 2819 1508 depingemus.
2869 1441 3334 1510 Quemadmodum
3369 1449 3414 1504 si
3442 1451 3564 1522 quis

1947 1530 2074 1571 vasa
2104 1519 2381 1578 immunda
2410 1523 2559 1582 domi
2592 1525 2819 1598 foretur,
2850 1542 2905 1590 et
2928 1549 3113 1590 coram
3140 1537 3395 1596 omnibus
3420 1519 3561 1599 edu-

1943 1614 2031 1661 cat
2051 1647 2066 1673 ,
2095 1623 2203 1664 non
2241 1619 2350 1668 tam
2393 1613 2544 1672 illum
2576 1617 2831 1692 deturpat
2866 1623 3100 1694 furtum,
3133 1643 3295 1699 quam
3324 1631 3442 1703 ipse
3468 1649 3563 1691 se-

1944 1699 2254 1769 metipsum,
2280 1703 2409 1760 dum
2437 1706 2556 1764 haec
2580 1709 2756 1769 aufert
2782 1731 2797 1767 :
2828 1714 2908 1772 sic
2928 1724 2985 1772 et
3011 1717 3133 1787 iste,
3163 1699 3372 1792 impura
3396 1725 3559 1782 verba

1939 1803 2122 1846 coram
2146 1794 2401 1853 omnibus
2431 1801 2733 1870 proferens,
2765 1820 2872 1862 non
2903 1809 3043 1866 alios
3071 1811 3255 1868 verbis
3282 1814 3556 1887 deturpat,

1938 1879 2034 1935 sed
2064 1883 2302 1954 seipsum
2323 1928 2339 1955 ,
2371 1888 2498 1944 talia
2532 1892 2816 1961 proferens
2843 1898 3162 1973 fmdansquc
3192 1912 3249 1960 et
3278 1918 3338 1960 se
3367 1915 3422 1963 et
3446 1879 3555 1964 lin;

1937 1987 2096 2042 guam
2129 1984 2188 2032 et
2215 1989 2475 2037 mentem.
2508 1982 2745 2057 ldipsum
2776 1990 2919 2045 enim
2949 1991 3030 2061 ﬁt,
3057 1994 3276 2064 quando
3299 1996 3558 2056 adversus

1938 2066 2110 2123 malos
2143 2084 2480 2143 pugnamus,
2511 2090 2576 2132 ac
2602 2079 2648 2133 si
2679 2081 2801 2150 quis
2831 2083 2884 2138 in
2926 2086 3215 2155 putredine
3245 2101 3558 2148 versantem

1937 2166 1994 2211 ut
2020 2159 2214 2226 feriat,
2255 2163 2495 2235 seipsum
2524 2171 2872 2242 coinquinet,
2904 2191 3098 2235 manus
3130 2179 3183 2236 in
3211 2196 3429 2240 cantum
3456 2182 3557 2241 de-

1933 2249 2173 2307 mittens.
2204 2251 2332 2311 Hzec
2380 2260 2562 2316 omnia
2592 2303 2608 2328 ,
2640 2279 2861 2334 quasso,
2909 2271 3252 2341 cogitantes,
3286 2273 3557 2346 fugiamus

1936 2337 2040 2398 hoc
2066 2341 2325 2402 damnum
2348 2390 2362 2412 ,
2391 2358 2448 2405 et
2476 2350 2674 2410 bonam
2706 2337 3007 2417 habeamus
3035 2337 3296 2436 linguam,
3331 2337 3390 2422 tit
3429 2369 3552 2440 puri

1930 2431 2000 2485 ab
2025 2435 2173 2490 omni
2213 2443 2541 2499 contumelia
2567 2485 2584 2513 ,
2616 2448 2890 2516 possimus
2915 2453 3076 2510 vitam
3110 2431 3446 2526 praesentem
3469 2459 3554 2515 di-

1933 2523 2164 2594 ligenter
2210 2532 2549 2605 transigere.
2600 2547 2655 2592 et
2697 2542 2962 2611 promissa
2997 2523 3348 2619 diligentibus
3385 2551 3554 2612 Deum

1928 2615 2066 2672 bona
2098 2624 2394 2694 consequi,
2424 2630 2593 2698 gratia
2637 2641 2691 2687 et
2735 2631 3068 2710 benignitate
3099 2615 3326 2701 'Domiui
3377 2647 3552 2703 nostri

1926 2708 2055 2769 Jesu
2081 2711 2316 2787 Christi,
2342 2721 2559 2792 quicum
2593 2723 2742 2784 Patri
2771 2741 2824 2784 et
2850 2708 3075 2803 Spiritui
3106 2747 3317 2806 saneto,
3346 2737 3516 2809 gloria
3538 2782 3552 2804 ,

1932 2806 2220 2878 imperium
2239 2854 2254 2878 ,
2304 2814 2501 2885 honor,
2537 2837 2684 2879 nunc
2705 2834 2761 2881 et
2782 2839 3020 2899 semper,
3053 2840 3107 2886 et
3137 2831 3191 2887 in
3220 2833 3417 2888 saecula
3445 2849 3547 2889 sa:-

1924 2898 2192 2958 culorum.
2226 2905 2419 2964 Amen.

208 3017 3540 3101 -———________‘________

1587 3121 1928 3189 HOMILIA
1964 3131 2101 3194 XL.

205 3251 336 3308 Car.
385 3254 473 3308 l8.
509 3271 560 3308 v.
595 3255 681 3315 18,
733 3255 935 3313 Paulus
973 3269 1142 3316 autem
1185 3279 1300 3318 cum
1343 3266 1514 3345 adhuc
1555 3271 1817 3326 umnsisss't

277 3345 386 3398 dies
416 3347 603 3402 multos
619 3347 867 3417 fratribus
890 3351 1197 3419 valedicens,
1222 3357 1479 3427 nauigauit
1506 3359 1558 3413 in
1582 3361 1811 3431 Syriam,

275 3447 322 3491 et
354 3453 470 3490 cum
506 3437 598 3492 illo
630 3438 871 3495 Priscilla
905 3453 952 3496 et
981 3445 1169 3515 Aquila
1210 3449 1299 3517 qui
1326 3449 1424 3504 sibi
1451 3451 1737 3510 tetenderat
1762 3455 1816 3511 in

273 3528 547 3586 Cenchreis
573 3541 763 3603 caput;
793 3535 1006 3590 habebat
1027 3539 1160 3593 enim
1186 3551 1380 3598 uotum.

276 3623 328 3678 l.
374 3622 512 3681 Vide
554 3625 828 3696 quomodo
865 3629 957 3686 lex
997 3631 1172 3689 soluta
1212 3643 1328 3703 est;
1373 3637 1494 3695 vide
1541 3644 1814 3709 quomodo

204 3716 533 3772 conscientia
564 3715 989 3780 detinebantur:
1017 3723 1302 3782 Judaicum
1334 3733 1480 3786 enim
1511 3743 1814 3806 eratcaput

205 3806 429 3864 tondere
453 3822 524 3864 ex
544 3819 692 3866 veto.
723 3810 1108 3872 Verumtamen
1131 3821 1418 3889 oportebat
1445 3826 1608 3881 etiam
1635 3830 1809 3884 sacri-

207 3896 381 3954 ﬁcium
416 3901 533 3956 ﬁeri
563 3919 577 3955 :
611 3903 755 3972 quod
791 3920 900 3962 non
930 3917 1015 3964 est
1047 3910 1287 3967 oblatum
1316 3926 1438 3984 p05t
1468 3902 1810 3979 verberatum

203 3989 542 4046 Sostbenem.
581 3990 878 4063 Oportebat
914 3998 1064 4056 abire
1105 4001 1291 4070 illum;
1324 4004 1447 4063 ideo
1476 4017 1532 4064 et
1572 4009 1807 4078 festinat.

206 4081 268 4137 Et
293 4095 516 4156 rogatus
533 4085 674 4157 apud
701 4088 824 4145 illos
848 4090 1046 4162 Ephesi
1069 4111 1312 4165 manere,
1337 4115 1444 4154 non
1472 4103 1679 4158 annuit.
1701 4103 1811 4162 Cur

201 4189 330 4246 ergo
366 4192 556 4234 rursus
586 4179 929 4239 Antiochiam
972 4187 1263 4243 concedit?
1302 4191 1435 4248 Nam
1479 4196 1769 4254 Ascendens
1791 4241 1806 4265 ,

202 4270 394 4341 inquit,
424 4287 540 4326 cum
560 4273 830 4330 salutasset
854 4275 1154 4348 Ecclesiam,
1184 4283 1443 4341 descendit
1462 4287 1805 4346 Antiochiam.

205 4361 450 4420 llumano
477 4366 711 4436 quodam
737 4368 931 4427 aﬁ'ectu
958 4372 1231 4432 civitatem
1251 4379 1414 4436 illam
1439 4384 1806 4455 prosequeba-

203 4462 323 4510 tur:
359 4455 431 4511 ibi
465 4458 613 4513 enim
642 4462 896 4531 appellati
938 4476 1063 4520 sunt
1093 4467 1341 4540 discipuli
1371 4472 1699 4541 Christiani,
1735 4478 1805 4533 ibi

203 4548 427 4606 traditus
452 4559 537 4606 est
558 4553 746 4622 gratia:
773 4555 888 4620 Dei,
918 4557 990 4615 ibi
1018 4560 1282 4632 dogmatis
1307 4566 1519 4636 ncgoﬁa
1555 4567 1803 4638 perfecit.

199 4641 263 4694 Et
285 4640 376 4696 ille
395 4641 614 4712 quidem
647 4644 700 4699 in
723 4643 933 4717 Syriam
963 4653 1271 4725 navigavit;
1302 4655 1426 4713 illos
1451 4673 1581 4714 vero
1609 4660 1806 4732 Ephesi

199 4732 460 4803 reliquit:
502 4744 552 4788 el
599 4741 793 4794 merito
839 4741 1089 4811 quidem,
1143 4755 1332 4818 utpote
1375 4749 1656 4809 docturos.
1703 4754 1806 4824 Qui

199 4831 345 4879 tanto
370 4833 614 4895 tempore
644 4843 767 4882 cum
798 4829 891 4886 illo
913 4845 1192 4893 versantes
1217 4881 1232 4905 ,
1265 4842 1432 4898 multa
1461 4843 1764 4902 didicerant
1789 4868 1800 4902 :

196 4922 431 4969 attamen
454 4915 694 4973 nondum
721 4918 842 4977 illos
858 4939 886 4977 a
909 4930 1300 4986 consuetudine
1319 4933 1539 4992 Judaiea
1561 4938 1805 4997 abduxe-

197 5015 296 5060 rat.
327 5005 472 5062 Ecce
505 5009 698 5064 mulier
728 5011 869 5068 idem
895 5017 1038 5085 quod
1062 5021 1162 5075 viri
1191 5023 1344 5093 facit,
1375 5036 1431 5082 et
1456 5029 1635 5085 docet.
1669 5033 1803 5088 Pro-

197 5107 378 5166 pterea
425 5099 744 5168 prohibetur
771 5105 824 5160 in
853 5107 1035 5164 Asiam
1073 5115 1293 5185 venire,
1343 5118 1410 5174 ad
1454 5136 1553 5188 ea,
1587 5125 1800 5195 opinor,

198 5202 311 5258 quae
340 5191 513 5262 magis
535 5193 798 5263 urgebant
821 5198 1103 5271 impulsus.
1134 5205 1262 5264 Vide
1284 5225 1517 5282 namque
1541 5191 1692 5273 illum
1716 5191 1803 5276 hic

196 5290 436 5351 rogatum
462 5293 521 5340 ut
545 5299 821 5354 maneret.
854 5307 955 5350 nec
993 5311 1200 5355 morem
1229 5316 1530 5374 gerentem,
1564 5313 1685 5380 quia
1714 5329 1802 5369 ur-

195 5373 419 5441 gebatur
446 5384 504 5428 ut
529 5376 860 5436 discederet.
891 5384 1005 5442 Nec
1029 5389 1348 5463 simpliciter
1387 5373 1521 5455 illos
1549 5373 1799 5477 reliquit,

195 5462 282 5516 sed
304 5481 426 5518 cuin
450 5470 720 5536 promissu
745 5479 1049 5534 revertendi
1079 5499 1092 5534 :
1125 5462 1396 5553 quomodo
1420 5502 1621 5561 autem,
1653 5462 1796 5557 audi:

198 5550 281 5654 l9.
312 5552 658 5628 Devenitque,
702 5562 904 5634 inquit,
938 5550 1202 5640 Ephesum
1233 5588 1277 5632 et
1307 5581 1424 5637 illos
1451 5584 1521 5639 ibi

196 5641 297 5711 ipse
323 5661 441 5702 vero
471 5649 728 5722 ingressus
759 5657 813 5712 in
854 5676 1195 5737 synagogam,
1235 5673 1514 5744 disputavit
1542 5641 1795 5738 cum'Ju-

199 5733 331 5790 τίείς.
360 5737 447 5794 20.
489 5741 812 5816 Rogantibus
847 5733 1015 5808 autem
1050 5733 1154 5826 eis,
1184 5733 1254 5814 ut
1288 5733 1531 5837 ampliori
1575 5781 1798 5845 tempore

1930 3293 2156 3338 maneret
2181 3289 2324 3356 apud
2365 3291 2484 3347 illos
2505 3333 2521 3360 ,
2555 3310 2656 3349 non
2692 3302 2902 3368 annuit,
2931 3302 3021 3358 21.
3051 3307 3144 3360 sed
3169 3309 3413 3366 valedixit
3441 3314 3547 3381 eis,

1925 3371 2101 3429 dicens
2125 3391 2145 3430 .'
2177 3375 2392 3450 Oportet
2417 3400 2498 3439 me
2527 3388 2734 3444 omnino
2757 3392 2978 3462 festum,
3012 3398 3152 3466 quod
3181 3399 3371 3467 instat,
3401 3371 3556 3477 agere

1921 3461 2304 3540 Jerosolymis;
2343 3474 2529 3530 iterum
2574 3489 2743 3535 autem
2790 3495 3013 3540 revertar
3051 3489 3121 3542 ad
3163 3506 3280 3559 vos,
3314 3493 3425 3552 Deo
3464 3514 3551 3554 ro-

1923 3554 2055 3612 lente
2079 3573 2098 3611 :
2119 3570 2170 3615 et
2196 3562 2344 3617 solvit
2369 3565 2433 3619 ab
2464 3565 2692 3637 Epheso.
2715 3571 2808 3629 22.
2841 3573 2910 3630 Et
2936 3581 3200 3651 profectus
3232 3554 3546 3657 (iwsaream,

1923 3662 2041 3702 cum
2068 3656 2400 3721 ascendisset,
2431 3670 2480 3713 et
2507 3662 2778 3719 salutasset
2805 3664 3117 3740 Ecclesium,
3151 3676 3411 3732 descendit
3438 3656 3549 3736 An-

1921 3740 2194 3809 tiae/tiam;
2224 3747 2316 3805 25.
2340 3749 2506 3821 ibique
2531 3754 2796 3825 aliquanto
2823 3770 3083 3818 transacto
3115 3777 3360 3840 tempore,
3393 3775 3548 3830 emittit

1920 3836 2173 3891 transiens
2196 3839 2381 3895 deinde
2407 3860 2500 3913 per
2519 3845 2812 3906 Galaticum
2846 3855 3106 3924 regionem
3134 3870 3181 3914 et
3216 3836 3505 3934 Phrygiam
3526 3911 3541 3934 ,

1919 3928 2235 3997 confirmans
2261 3949 2436 3993 omnes
2470 3939 2773 4014 discipulos.
2818 3946 2955 4004 Vide
2980 3993 2996 4018 ,
3041 3951 3237 4009 iterum
3281 3958 3433 4013 venit
3475 3963 3544 4016 ad

1921 4018 2071 4087 loca,
2119 4039 2240 4095 qua:
2287 4039 2414 4085 ante
2461 4032 2690 4090 adierat.
2730 4037 2823 4095 24.
2864 4039 3082 4099 Judams
3123 4057 3293 4103 autem
3331 4035 3545 4121 quidam

1919 4113 2106 4183 Apollo
2136 4120 2361 4189 nomine,
2393 4123 2776 4186 Alexandrinus
2796 4151 2981 4204 genere
2999 4179 3014 4204 ,
3039 4139 3117 4192 vir
3147 4113 3419 4213 eloquens,
3450 4147 3542 4200 de-

1917 4206 2050 4260 uenit
2076 4206 2367 4280 Ephesum,
2407 4226 2585 4286 potens
2614 4221 2667 4275 in
2703 4221 3012 4296 Scripturis.
3061 4231 3204 4289 Ecce
3239 4206 3298 4290 et
3337 4206 3534 4295 eruditi

1917 4301 2214 4371 prtedicare
2247 4307 2512 4378 nituntur,
2547 4326 2601 4369 et
2649 4315 2871 4374 domum
2902 4321 3153 4394 discipuli
3181 4331 3529 4399 peregrinan-

1919 4400 2024 4448 tur.
2055 4395 2247 4454 Vidcn‘
2279 4401 2674 4464 incrementum
2705 4413 3148 4482 praedicationis?
3177 4395 3269 4478 25.
3302 4395 3405 4480 llic
3432 4443 3542 4484 erat

1915 4486 2122 4543 edoctus
2153 4491 2287 4546 viam
2316 4493 2548 4564 Domini,
2583 4511 2632 4555 et
2663 4503 2864 4573 fervens
2896 4508 3102 4579 Spiritu
3135 4513 3458 4586 loquebatur,
3491 4532 3542 4576 et

1915 4580 2129 4636 docebat
2159 4582 2431 4657 diligenter
2457 4607 2519 4644 ea
2538 4635 2553 4657 ,
2582 4611 2697 4663 qua:
2721 4609 2841 4654 sunt
2865 4599 3113 4673 Domini,
3140 4580 3306 4665 sciens
3341 4621 3536 4669 tantum

1916 4670 2169 4741 baptisma
2206 4677 2452 4738 Joannis.
2482 4685 2574 4741 26.
2623 4686 2725 4744 llic
2749 4695 2898 4764 erepit
2931 4670 3256 4772 libere—loqui
3289 4707 3344 4759 in
3383 4723 3536 4777 syna-

1913 4779 2065 4835 goga.
2100 4768 2379 4828 Audientes
2407 4787 2576 4831 autem
2598 4781 2746 4835 illum
2769 4784 2954 4856 Aquila
2977 4799 3025 4843 et
3049 4768 3317 4863 Priscilla,
3336 4768 3538 4854 ass-une.

1915 4870 2124 4923 pserunt
2149 4878 2288 4929 cum,
2320 4875 2366 4921 et
2392 4867 2691 4941 diligentius
2711 4892 3057 4948 exposuerunt
3082 4883 3129 4938 ei
3147 4886 3277 4941 ciant
3302 4888 3536 4947 Domini.

1913 4948 1967 5002 Si
1995 4948 2081 5004 hic
2106 4951 2372 5023 baptisma
2395 4958 2623 5018 Joannis
2648 4975 2850 5023 tantum
2877 4972 3104 5042 sciebat,
3131 4981 3409 5047 quomodo
3431 4982 3534 5038 fer-

1912 5042 2072 5098 vebat
2098 5047 2340 5116 Spiritu?
2369 5051 2606 5122 Spiritus
2635 5061 2782 5116 enim
2812 5078 2919 5120 non
2952 5067 3024 5121 ita
3057 5042 3308 5128 dabatur.
3340 5073 3399 5132 Si
3437 5091 3536 5132 an-

1914 5142 2021 5188 tem
2068 5138 2158 5205 qui
2200 5151 2321 5208 post
2370 5143 2521 5200 illum
2572 5149 2822 5222 fuerunt,
2865 5172 3004 5228 opus
3049 5159 3294 5220 habuere
3335 5166 3536 5224 Christi

1911 5223 2202 5297 baptismo,
2236 5233 2406 5290 multo
2437 5240 2609 5310 magis
2637 5241 2726 5300 hic
2745 5262 2883 5316 Opus
2903 5223 3208 5311 habuisset.
3239 5256 3380 5326 Quid
3402 5276 3535 5332 ergo

1909 5316 2238 5377 dicendum?
2270 5341 2446 5398 neque
2473 5334 2618 5388 enim
2656 5338 2774 5394 sine
2817 5353 2980 5399 cauas
3017 5357 3307 5421 utrumque
3353 5358 3536 5425 posuit

1907 5412 2161 5483 scriptor.
2185 5417 2414 5477 Videtur
2435 5426 2567 5482 mihi
2601 5429 2743 5487 hunc
2768 5449 2890 5491 esse
2923 5453 3088 5494 unum
3116 5457 3184 5496 ex
3207 5454 3427 5504 centum
3458 5452 3536 5505 vi-

1909 5503 2039 5569 ginti
2074 5506 2213 5572 (Act.
2249 5512 2300 5565 l.
2332 5515 2447 5583 15),
2486 5520 2578 5590 qui
2609 5536 2733 5577 cum
2774 5529 3039 5596 apostolis
3067 5533 3325 5603 baptizati
3358 5503 3530 5596 sunt:

1910 5597 1990 5650 vel
2021 5599 2067 5652 si
2108 5617 2217 5657 non
2254 5607 2324 5659 ita
2353 5609 2456 5676 sit,
2491 5615 2634 5682 quod
2673 5617 2725 5670 in
2755 5618 3041 5690 Cornelio,
3075 5625 3128 5680 in
3173 5627 3277 5684 hoc
3315 5648 3531 5704 quoque

1909 5691 2108 5748 factum
2134 5705 2237 5751 est.
2266 5697 2376 5757 Sed
2411 5718 2518 5759 non
2544 5706 2868 5778 baptizatur,
2899 5715 3075 5775 donec
3113 5720 3188 5777 illi
3219 5691 3524 5782 accuratius

1906 5798 2291 5854 exposuerunt.
2346 5793 2457 5853 lloc
2506 5799 2640 5856 mihi
2690 5819 2878 5862 verum
2929 5825 3050 5867 esse
3101 5815 3330 5885 videtur,
3391 5822 3513 5890 quia
