4034 6436
514 356 620 412 93ξῖ

511 469 771 541 baptilari
802 468 948 523 illum
978 463 1276 536 oportebat,
1305 461 1552 532 quoniam
1579 455 1858 512 duodecim
1889 453 1974 506 alii
2008 451 2091 505 ni-

519 563 587 614 hil
619 560 849 628 perfecte
877 561 1172 620 noverunt',
1218 567 1385 622 neque
1415 566 1476 605 ea
1503 563 1623 620 quae
1667 547 1848 602 Jesum
1881 551 2090 612 specta-

521 653 666 706 bant.
696 648 996 704 Verisimile
1026 657 1107 702 cst
1133 654 1308 699 autem
1339 643 1509 711 ipsum
1541 638 1864 708 baptizatum
1905 632 2088 688 fuisse.

515 742 776 795 Craterum
806 740 849 794 si
872 738 1092 794 Joannis
1111 734 1354 804 discipuli
1387 740 1507 802 post
1530 737 1805 797 acceptum
1829 724 2092 794 baptisma

514 832 692 888 denuo
719 832 1144 902 baptizabantur,
1175 827 1454 896 oportebat
1480 825 1640 880 etiam
1673 818 1965 890 discipulos
1991 818 2093 872 boc

517 928 710 981 facere.
742 924 830 979 27.
861 925 987 978 Cum
1014 923 1158 976 vellet
1181 929 1350 974 autem
1376 917 1592 971 transire
1618 916 1670 968 in
1696 911 1972 975 Achaiam,
2005 923 2093 963 ex-

515 1019 700 1071 hortati
720 1019 903 1086 fratres
924 1015 1230 1086 scripserunt
1255 1011 1518 1079 discipulis
1537 1017 1591 1062 ut
1619 1006 1893 1075 reciperent
1919 1002 2087 1056 illum.

503 1109 612 1174 Qui
642 1125 755 1160 cum
783 1108 1016 1174 venisset,
1047 1104 1258 1160 contulit
1289 1105 1502 1156 multum
1531 1101 1593 1154 iis
1612 1140 1626 1163 ,
1658 1097 1746 1169 qui
1769 1095 2088 1150 crediderant

509 1216 598 1266 per
623 1200 857 1268 gratiam.
899 1198 990 1253 28.
1035 1196 1353 1252 Vehementer
1390 1195 1523 1249 enim
1560 1191 1770 1246 Judatos
1808 1186 2090 1241 revincebat

511 1286 727 1355 publice,
756 1286 1022 1342 ostendens
1049 1302 1136 1355 per
1161 1285 1455 1356 Scripturas
1477 1281 1657 1336 Jesum
1686 1295 1790 1333 esse
1810 1277 2086 1332 Christum.

511 1377 664 1447 (Cap.
683 1378 792 1449 19.)
809 1380 858 1434 1.
882 1377 1098 1432 Factum
1116 1386 1188 1431 est
1216 1385 1402 1439 autem,
1422 1389 1536 1427 cum
1567 1371 1748 1440 Apollo
1765 1378 1889 1423 esset
1909 1365 2090 1422 Corin-

515 1469 609 1534 thi,
635 1478 689 1522 ut
723 1468 922 1524 Paulus
961 1466 1240 1539 peragratis
1273 1463 1611 1536 superioribus
1641 1461 1867 1531 partibus
1904 1459 2089 1512 veniret

516 1560 793 1628 Ephesum,
839 1570 884 1613 et
908 1559 1149 1613 inveniret
1174 1558 1417 1624 quosdam
1440 1552 1739 1625 discipulos,
1778 1552 1832 1606 Ξ.
1866 1551 2089 1619 dixitque

509 1651 579 1702 eis
605 1650 697 1704 :Si
716 1650 963 1718 Spiritum
986 1657 1215 1703 sanctum
1234 1646 1496 1716 accepistis
1516 1644 1769 1698 credentes
1781 1643 1805 1696 ?
1819 1640 1843 1693 ι
1851 1641 1908 1694 lli
1921 1647 2088 1693 autem

501 1742 743 1794 dixerunt
771 1741 816 1795 ei
839 1757 857 1795 :
887 1740 993 1796 Sed
1019 1756 1174 1808 neque
1198 1741 1240 1794 si
1271 1739 1494 1809 Spiritus
1525 1745 1727 1791 sanctus
1756 1743 1855 1798 est,
1887 1731 2086 1786 audivi—

508 1849 638 1886 mus.
675 1832 728 1887 5.
757 1831 999 1903 Dixitque
1026 1832 1092 1885 ad
1115 1830 1232 1885 illos
1259 1847 1276 1884 :
1309 1829 1371 1883 In
1399 1844 1500 1900 quo
1526 1844 1642 1898 ergo
1668 1824 1910 1896 baptizati
1932 1821 2088 1877 estis?

508 1922 599 1977 Illi
618 1932 785 1978 autem
804 1925 1073 1980 dixerunt:
1098 1924 1164 1978 In
1191 1922 1405 1978 Joannis
1434 1921 1750 1992 baptismate.
1771 1919 1825 1973 4.
1851 1917 2088 1984 Dixitque

510 2014 705 2069 Paulus
731 2032 749 2069 :
775 2014 1001 2070 Joannes
1029 2013 1229 2080 quidem
1254 2013 1522 2083 baptizavit
1549 2011 1799 2079 baptismo
1835 2008 2084 2078 paeniten-

507 2107 620 2167 tite,
651 2105 838 2174 papula
873 2105 1070 2168 dicens,
1111 2114 1166 2157 ut
1195 2104 1247 2157 in
1274 2119 1415 2166 eum,
1447 2103 1534 2172 qui
1562 2111 1800 2155 venturus
1838 2109 1946 2153 erat
1974 2105 2086 2166 post

503 2198 702 2264 ipsum,
745 2195 1034 2259 crederent;
1071 2196 1125 2248 id
1161 2204 1262 2261 est,
1289 2194 1342 2248 in
1367 2192 1625 2249 Christum
1659 2191 1855 2245 Jesum.
1895 2191 1947 2245 5.
1986 2189 2087 2243 Au-

501 2286 696 2341 dientes
729 2295 895 2340 autem
920 2287 1157 2354 baptizati
1184 2293 1301 2339 sunt
1329 2285 1380 2338 in
1409 2285 1608 2338 nomine
1635 2281 1843 2336 Domini
1862 2281 1892 2333 ,Ι
1900 2297 2004 2335 esu.
2029 2279 2082 2335 6.

508 2377 574 2430 Et
601 2393 719 2432 cum
745 2379 1058 2449 imposuisset
1082 2379 1186 2432 illis
1215 2393 1395 2431 manus
1425 2376 1623 2429 Paulus
1643 2417 1656 2440 ,
1698 2375 1826 2427 venit
1861 2372 2086 2441 Spiritus

503 2477 707 2522 sanctus
731 2485 883 2536 super
902 2470 1038 2534 illos,
1063 2469 1487 2538 loquebanturque
1512 2466 1699 2536 linguis
1729 2474 1774 2519 et
1805 2463 2083 2534 prapheta-

501 2559 641 2613 bant.
679 2561 732 2614 7.
775 2560 1030 2630 Erantque
1056 2577 1226 2615 omnes
1251 2561 1345 2614 viri
1375 2559 1518 2630 quasi
1544 2557 1828 2612 duodecim.
1861 2555 2082 2610 Multum

504 2653 558 2706 bi
598 2653 665 2707 ab
694 2654 784 2708 illo
823 2653 1170 2719 differebant,
1206 2654 1294 2723 qui
1340 2666 1513 2722 neque
1551 2651 1790 2705 sciebant
1826 2648 2083 2718 Spiritum

503 2753 747 2799 sanetum
778 2759 917 2800 esse.
961 2745 1021 2799 lli
1055 2745 1214 2816 igitur
1251 2744 1340 2814 qui
1370 2743 1676 2814 diligentius
1708 2742 1778 2796 illi
1817 2756 2083 2810 exposue-

503 2843 625 2887 runt
647 2835 783 2888 viam
816 2834 1045 2898 Domini,
1075 2835 1584 2904 prmmittuntetiam
1617 2832 1903 2902 literasque
1931 2832 2080 2888 dant.

505 2925 728 2980 Volebat
761 2926 921 2996 igitur
949 2935 1004 2981 et
1031 2926 1143 2995 ipse
1186 2927 1238 2981 in
1271 2925 1525 2980 Achaiam
1557 2925 1765 2990 venire;
1793 2925 1889 2980 sed
1926 2934 2082 2979 ante-

502 3031 661 3084 quam
691 3015 839 3070 illum
869 3015 1058 3071 fratres
1082 3016 1353 3072 exhortati
1383 3025 1585 3082 essent,
1614 3029 1676 3070 ac
1703 3016 1885 3070 literas
1909 3014 1958 3069 ei
1985 3012 2081 3068 de-

501 3107 740 3174 dissent,
787 3123 892 3162 non
934 3107 1154 3162 recedit.
1190 3107 1286 3173 Qu.
1331 3118 1386 3162 ut
1428 3107 1594 3173 venit,
1637 3107 1842 3177 inquit,
1875 3106 2084 3161 contulit

500 3201 713 3252 multant
743 3200 805 3253 iis
824 3241 840 3266 ,
867 3201 952 3268 qui
987 3199 1345 3254 crediderant:
1373 3201 1686 3253 vehementer
1712 3200 1847 3253 enim
1873 3196 2085 3252 Judteos

499 3291 774 3346 revincebat
798 3293 1014 3368 publice,
1046 3292 1310 3346 ostendens
1335 3308 1424 3361 per
1452 3290 1750 3360 Scripturas
1774 3289 1949 3344 Jesum
1977 3304 2084 3343 esse

498 3380 775 3436 Christum.
822 3382 956 3437 Hinc
997 3382 1232 3438 ostendit
1270 3397 1429 3452 quam
1461 3390 1649 3452 potens
1686 3382 1738 3436 in
1790 3380 2083 3451 Scripturis

499 3484 644 3529 esset
671 3475 901 3543 Apollo:
932 3473 1146 3530 Judacos
1187 3476 1331 3530 enim
1376 3475 1721 3530 vehementer
1761 3473 2084 3545 reprimebat

502 3563 522 3636 (
542 3565 642 3619 hoc
682 3566 826 3619 enim
871 3565 970 3621 sibi
1004 3567 1115 3622 vult
1151 3565 1308 3632 illud,
1342 3565 1708 3635 Revincebat);
1741 3565 2084 3622 credentibus

501 3670 628 3711 vero
653 3655 898 3711 fiduciam
935 3657 1151 3712 indebat
1182 3666 1239 3712 ut
1278 3657 1330 3711 in
1363 3657 1469 3712 fide
1507 3666 1732 3712 starent.
1767 3656 1985 3711 Factum
2011 3669 2083 3713 est

499 3757 664 3801 autem
685 3789 698 3812 ,
729 3748 899 3818 inquit
918 3791 931 3810 .
965 3758 1018 3802 ut
1053 3747 1268 3815 Paulus,
1298 3749 1576 3820 peragratis
1603 3749 1942 3819 superioribus
1963 3766 2084 3819 par—

502 3840 630 3893 tibus
653 3880 668 3904 ,
710 3840 898 3893 veniret
922 3839 1204 3911 Ephesum.
1231 3841 1365 3897 Sunt
1397 3833 1576 3896 autem
1603 3841 1708 3895 illa:
1730 3842 1880 3910 juxta
1908 3843 2084 3897 Casa-

504 3947 670 3997 ream,
696 3940 751 3986 et
780 3933 941 3986 ultra.
968 3931 1037 3985 Et
1063 3933 1247 3986 invenit
1275 3932 1521 4003 quosdam
1546 3933 1844 4002 discipulos,
1861 3933 2087 4005 dixitque

502 4023 571 4076 eis
595 4039 612 4074 :
645 4022 706 4076 Si
735 4021 988 4091 Spiritum
1029 4031 1260 4076 sanctum
1297 4024 1560 4092 accepistis
1602 4023 1858 4076 credentes
1877 4025 1902 4076 .9
1931 4022 2083 4092 Quod

502 4122 679 4166 autem
710 4113 762 4166 hi
784 4127 890 4167 non
917 4111 1200 4168 crederent
1222 4113 1273 4167 in
1297 4113 1586 4178 Christum,
1617 4114 1786 4182 palam
1805 4122 1971 4169 estex
1992 4129 2080 4182 eo,

501 4203 643 4272 quod
670 4203 869 4272 dicant,
900 4203 965 4257 In
994 4220 1129 4270 eum,
1160 4205 1245 4274 qui
1271 4213 1506 4258 venturus
1532 4212 1640 4258 erat
1666 4214 1776 4273 post
1797 4206 1965 4275 ipsum
1984 4247 1997 4270 ,
2029 4217 2086 4261 ut

506 4295 730 4350 credant.
758 4296 938 4364 Neque
957 4296 1108 4361 dixit,
1135 4296 1276 4352 Nihil
1298 4308 1381 4353 est
1401 4296 1661 4367 baptisma
1682 4297 1937 4366 Joannis;
1962 4299 2083 4366 sed,

509 4387 880 4457 imperfectum
911 4398 1011 4443 est.
1037 4389 1217 4460 Neque
1244 4390 1374 4445 illud
1394 4391 1512 4443 sine
1537 4403 1697 4444 causa
1722 4389 1958 4457 addidit,
1991 4391 2086 4446 sed

507 4488 563 4530 ut
589 4464 807 4533 doceret
836 4477 1188 4548 suaderetque
1216 4481 1306 4543 eis,
1338 4479 1473 4532 utin
1499 4480 1714 4534 nomine
1745 4479 1872 4535 Jesu
1913 4480 2086 4552 bapti-

508 4579 786 4624 zarentur:
820 4570 962 4640 quod
986 4571 1148 4625 etiam
1177 4569 1408 4636 faciunt,
1447 4579 1503 4625 et
1532 4571 1788 4641 Spiritum
1820 4573 2088 4642 accipiunt

507 4678 572 4716 ex
595 4662 662 4715 im
670 4662 934 4732 positione
951 4679 1200 4718 manuum
1222 4661 1523 4718 l’auli.Cum
1538 4665 1880 4736 imposuisset,
1897 4667 2085 4737 inquit,

509 4755 607 4808 illis
635 4771 815 4808 manus
857 4754 1080 4823 Paulus,
1123 4756 1254 4810 venit
1299 4755 1530 4826 Spiritus
1562 4767 1769 4812 sanctus
1808 4776 1960 4829 super
1983 4776 2086 4815 eos.

512 4846 692 4915 Itaque
722 4847 754 4900 ii
796 4847 1047 4916 Spiritum
1074 4849 1440 4917 accipiebant,
1483 4850 1674 4919 quibus
1702 4865 1891 4908 manus
1918 4853 2091 4924 impo-

514 4938 692 4992 nebat.
725 4935 1027 4993 Verisimile
1057 4939 1216 5008 igitur
1245 4949 1329 4995 est
1355 4941 1478 4996 illos
1506 4941 1764 5012 Spiritum
1805 4943 2088 5014 habuisse,

509 5044 609 5083 nec
633 5029 965 5099 apparuisse,
999 5030 1100 5085 nisi
1125 5047 1188 5085 ex
1214 5033 1546 5099 operatione,
1578 5042 1633 5088 et
1655 5049 1718 5088 ex
1746 5049 1813 5089 eo
1835 5035 1975 5104 quod
2005 5036 2088 5093 lo-

508 5131 801 5190 querentur
819 5122 1030 5192 linguis.

580 5212 634 5266 2.
675 5212 782 5268 Sed
807 5227 870 5268 ea
894 5255 908 5280 ,
948 5229 1066 5284 qute
1092 5217 1340 5284 superius
1383 5220 1518 5271 lecta
1567 5225 1726 5282 sunt,
1765 5226 2090 5288 repetamus.

519 5304 711 5360 Paulus
740 5316 910 5360 autem
931 5308 1179 5378 navigavit
1219 5307 1272 5362 in
1298 5308 1525 5376 Syriam,
1558 5310 1764 5379 inquit,
1795 5319 1839 5364 et
1865 5328 1979 5364 cum
2005 5313 2095 5367 illo

521 5395 757 5453 Priscilla
792 5409 838 5453 et
866 5399 1069 5466 Aquila,
1101 5415 1255 5470 quos,
1289 5387 1409 5454 cum
1442 5403 1771 5470 pervenisset
1797 5403 2092 5474 Ephesum,

521 5489 588 5539 ibi
617 5489 846 5559 reliquit.
877 5490 968 5545 Vel
996 5491 1114 5559 quia
1147 5492 1354 5546 nolebat
1383 5492 1499 5546 illos
1524 5494 1944 5562 circumducere,
1977 5497 2096 5552 ideo

520 5578 736 5646 reliquit
771 5596 786 5632 :
816 5580 895 5634 vel
927 5582 1122 5649 potius,
1157 5589 1210 5635 ut
1251 5582 1498 5636 doctores
1525 5596 1800 5641 manerent
1824 5586 2093 5656 Ephesiis.

522 5669 622 5737 Ipsi
652 5685 779 5724 vero
807 5683 983 5738 postea
1014 5671 1249 5728 Corinthi
1282 5673 1602 5741 habitarunt,
1632 5677 1698 5731 tle
1722 5678 1912 5747 quibus
1935 5680 2095 5733 etiam

520 5763 800 5833 magnifico
847 5765 1176 5833 testificatur,
1220 5777 1272 5821 et
1303 5767 1577 5823 “Romanis
1625 5770 1866 5826 scribens
1907 5771 2098 5828 salutat

1290 349 1347 404 S.
1387 341 1661 401 J0.\NNIS
1696 333 2161 396 ('H'RYSOSTOMI
2201 331 2516 390 ARCIIIEP.
2558 327 3084 388 CONSTANTINOP.

3681 323 3790 379 985

2205 449 2369 517 ipsos.
2401 447 2576 516 Quare
2603 449 2813 504 videtur
2861 447 2990 502 inihi
3039 447 3180 516 ipsos
3221 453 3404 516 postea
3433 443 3646 500 venisse
3672 443 3789 497 lto-

2199 552 2377 604 mam,
2422 547 2607 607 utpote
2635 540 2723 608 qni
2772 538 2996 592 libenter
3038 535 3438 605 frequentarent
3476 536 3615 601 loca,
3643 532 3789 588 unde

2198 628 2351 698 ejecti
2381 629 2590 683 fuerant
2617 629 2715 684 sub
2745 629 2978 684 Nerone.
3006 628 3074 682 Et
3104 628 3429 688 descendens,
3460 627 3652 696 inquit,
3682 626 3792 680 Civ-

2198 735 2414 786 sarcam,
2461 735 2576 772 cum
2618 721 2923 774 ascendisset
2962 731 3010 774 et
3055 721 3321 775 salutasset
3351 717 3653 782 Ecclesium,
3698 717 3791 771 deo

2195 810 2385 864 scendit
2415 810 2776 879 Antiochiam,
2801 822 3073 880 exactaque
3112 811 3182 865 ibi
3226 813 3486 881 aliquanto
3522 819 3746 880 tempore
3770 850 3786 872 ,

2196 902 2336 970 exiit,
2368 905 2710 972 pertransiens
2751 903 3036 959 Galaticum
3064 905 3243 959 exinde
3267 905 3516 975 regionem
3545 913 3592 958 et
3626 902 3789 972 Phry-

2195 993 2350 1064 giam.
2376 993 2598 1050 Videtur
2651 995 2782 1051 mihi
2831 995 3015 1051 fideles
3059 996 3166 1050 illic
3215 1003 3512 1050 conventus
3563 994 3784 1065 egisse:

2174 1100 2302 1139 'non
2323 1086 2464 1141 enim
2492 1087 2673 1142 statim
2702 1088 2820 1143 illos
2850 1087 3250 1144 abstrahebant.
3286 1087 3420 1141 Vide
3440 1095 3618 1142 autem
3650 1102 3789 1155 quo-

2195 1175 2355 1231 modo
2382 1177 2502 1233 illos
2532 1187 2733 1248 urgeat.
2765 1180 2827 1234 Et
2849 1180 2945 1234 has
2975 1179 3219 1249 regiones
3247 1179 3439 1232 iterum
3469 1176 3784 1247 pertransit,

2194 1275 2253 1322 ut
2297 1271 2576 1338 praesentia
2622 1285 2716 1325 sua
2748 1271 3037 1342 discipulos
3084 1271 3380 1327 confirmet.
3411 1269 3624 1322 Judtcus
3667 1283 3787 1322 vero

2193 1359 2420 1426 quidam,
2449 1360 2641 1430 inquit,
2685 1361 2870 1432 Apollo
2898 1363 3118 1431 nomine,
3137 1365 3275 1419 venit
3294 1361 3574 1432 Ephesum,
3605 1368 3787 1431 potens

2192 1449 2244 1502 in
2276 1449 2575 1518 Scripturis.
2607 1451 2778 1506 Homo
2824 1452 3050 1522 diligens
3093 1461 3242 1516 erat;
3272 1451 3498 1521 ideoque
3545 1450 3786 1521 peregri-

2193 1539 2439 1596 nabatur.
2475 1541 2716 1608 Quicum
2743 1545 2974 1609 venisset,
3010 1543 3208 1612 inquit,
3234 1544 3288 1596 in
3326 1543 3595 1608 Achaiam,
3628 1543 3784 1597 vehe-

2192 1644 2249 1681 m.
2273 1640 2382 1684 ater
2411 1631 2689 1686 revincebat
2727 1630 2942 1687 Judwos
2991 1633 3203 1704 publice.
3235 1633 3310 1686 De
3339 1648 3446 1702 quo
3475 1633 3673 1688 Paulus
3702 1632 3787 1687 di-

2194 1719 2347 1775 cebat
2374 1736 2388 1773 :
2419 1720 2496 1775 De
2515 1723 2702 1791 Apollo
2721 1732 2889 1776 autem
2917 1726 3076 1795 fratre
3113 1725 3192 1793 (1.
3217 1725 3336 1779 Cor.
3368 1725 3455 1779 16.
3483 1725 3596 1796 12).
3626 1724 3784 1791 Quod

2193 1812 2402 1880 publice
2429 1814 2798 1886 redargueret,
2825 1815 2951 1870 hinc
2979 1815 3168 1873 fiducia
3195 1815 3612 1880 ostendebatur;
3636 1817 3783 1886 quod

2191 1907 2538 1965 vehementer
2568 1910 2791 1966 facultas
2820 1911 3057 1967 enitebat
3082 1928 3096 1977 ;
3126 1911 3269 1982 quod
3299 1927 3364 1966 ex
3409 1911 3603 1966 divinis
3631 1910 3785 1966 Scri-

2191 2001 2361 2069 pturis
2387 2000 2735 2069 ostenderet,
2768 2003 3099 2072 experientia
3148 2002 3569 2058 monstrabatur.
3599 2002 3788 2072 Neque

2191 2094 2332 2147 enim
2376 2094 2586 2149 dicendi
2627 2094 2847 2150 libertas
2875 2095 3074 2166 aliquid
3101 2093 3341 2164 perlicit,
3367 2094 3590 2150 absente
3615 2093 3788 2148 facul-

2194 2198 2334 2252 tate;
2369 2203 2541 2258 neque
2573 2186 2797 2243 facultas
2826 2188 3046 2244 absente
3071 2188 3336 2243 libertate.
3361 2187 3504 2256 Ergo
3531 2202 3634 2240 non
3664 2186 3788 2242 sine

2191 2293 2351 2333 causa
2398 2279 2644 2349 Aquilam
2694 2279 2910 2350 reliquit
2949 2279 3175 2349 Ephesi,
3201 2279 3296 2334 sed
3341 2287 3562 2349 propter
3589 2279 3789 2347 Apollo

2191 2373 2370 2427 forsan
2401 2371 2634 2442 Spiritus
2658 2372 2761 2428 hoc
2790 2373 3140 2443 dispensavit,
3166 2382 3223 2428 ut
3248 2373 3437 2428 fortior
3463 2370 3790 2426 ascenderet

2188 2461 2621 2518 Corinthum.Et
2649 2478 2745 2518 cur
2791 2463 2914 2518 huic
2959 2463 3090 2518 nihil
3141 2463 3422 2526 fecerunt,
3454 2462 3507 2516 in
3556 2461 3786 2516 Paulum

2190 2563 2367 2609 autem
2411 2555 2741 2625 insurgunt?
2771 2555 3025 2611 Sciebant
3051 2555 3201 2610 illum
3241 2554 3586 2626 coryplunum
3615 2567 3741 2609 esse
3766 2571 3784 2620 ;

2192 2648 2274 2702 vel
2306 2649 2429 2718 quia
2455 2665 2702 2720 magnum
2735 2659 2851 2704 erat
2877 2650 2978 2703 viri
3006 2638 3224 2703 nomen.
3258 2650 3584 2702 Assumentes
3612 2657 3789 2701 autem

2190 2739 2357 2804 illum,
2390 2739 2583 2810 inquit,
2615 2741 2801 2811 Aquila
2828 2749 2874 2809 et
2906 2739 3146 2794 Priscilla
3171 2781 3185 2806 ,
3223 2741 3513 2810 diligentius
3540 2755 3793 2804 exposue-

2188 2839 2307 2883 runt
2343 2831 2390 2883 ei
2431 2831 2566 2884 viam
2609 2829 2725 2885 Dei.
2760 2831 2892 2886 Vide
2921 2831 3190 2902 quomodo
3215 2833 3393 2886 omnia
3427 2831 3526 2886 fide
3553 2830 3788 2901 perlice-

2189 2931 2377 2977 rentur
2419 2932 2475 2978 et
2517 2938 2781 2994 nusquam
2826 2923 3047 2991 invidia,
3083 2939 3346 2994 nusquam
3380 2923 3516 2978 livor
3549 2942 3561 2977 :
3589 2922 3789 2994 Aquila

2189 3014 2387 3079 docet;
2424 3015 2532 3070 imo
2579 3018 2758 3085 potius
2810 3017 2927 3086 ipse
2970 3016 3213 3071 docetur.
3248 3017 3459 3071 Etenim
3509 3017 3789 3086 aliquanto

2190 3113 2431 3174 tempore
2459 3121 2578 3160 cum
2611 3107 2704 3161 illo
2723 3117 3022 3174 versantes,
3053 3109 3132 3163 sic
3161 3106 3336 3163 edocti
3358 3115 3502 3172 sunt,
3534 3117 3589 3160 ut
3617 3106 3787 3162 etiam

2189 3197 2325 3253 alios
2353 3198 2549 3254 docere
2580 3208 2820 3268 possent.
2846 3199 2974 3255 Cum
3000 3207 3167 3253 autem
3194 3200 3339 3254 vellet
3365 3201 3474 3270 ipse
3493 3199 3706 3254 transire
3729 3200 3788 3255 in

2193 3289 2455 3355 Achaiam,
2489 3289 2682 3359 inquit,
2714 3291 3048 3360 scripserunt
3071 3290 3370 3361 discipulis,
3396 3299 3455 3346 ut
3479 3291 3790 3362 reciperent

2187 3396 2331 3436 eum.
2363 3381 2470 3438 Cur
2499 3381 2680 3438 literas
2706 3382 2946 3438 scribant
2973 3382 3172 3439 indicat
3198 3399 3210 3436 :
3248 3383 3313 3439 Ut
3337 3385 3486 3438 illum
3513 3383 3785 3454 recipiant,

2189 3475 2383 3545 inquit.

2263 3567 2520 3631 Quantum
2550 3566 2804 3639 baptisma
2841 3567 3029 3624 Christi
3059 3575 3261 3639 prwstet
3301 3565 3594 3638 baptismati
3617 3565 3789 3621 Joan-

2190 3658 2289 3712 nis.
2312 3689 2382 3700 ——
2414 3658 2478 3712 Et
2519 3658 2659 3714 unde
2686 3659 2854 3730 liquet
2880 3660 3023 3726 illos,
3060 3673 3181 3715 cum
3215 3658 3414 3729 Ephesi
3444 3668 3648 3722 essent,
3682 3659 3788 3713 ba-

2188 3750 2380 3820 ptisma
2407 3740 2632 3806 Joannis
2659 3750 2946 3806 habuisse?
2971 3749 3102 3818 Quia
3128 3749 3461 3820 interrogati,
3486 3748 3550 3803 In
3576 3767 3673 3818 quo
3693 3749 3791 3804 ba-

2190 3842 2367 3911 ptizati
2392 3842 2509 3896 estis
2532 3843 2557 3896 ?
2587 3842 2774 3898 dicunt
2802 3859 2816 3896 :
2848 3841 2916 3896 In
2965 3840 3184 3896 Joannis
3239 3841 3555 3911 baptismate.
3579 3841 3788 3897 Forsan

2191 3943 2316 3990 tunc
2343 3934 2735 4007 Jerosolymam
2767 3948 2826 3989 se
2857 3933 3215 3999 contulerant,
3246 3942 3302 3988 et
3326 3933 3578 3989 abierunt
3605 3941 3660 3989 et
3688 3933 3790 3990 lia.

2192 4026 2371 4094 ptizati
2395 4036 2520 4082 sunt
2544 4043 2558 4092 ;
2583 4026 2676 4081 sed
2700 4026 2861 4081 etiam
2897 4025 3172 4095 baptizati,
3189 4023 3370 4079 Jesum
3391 4040 3498 4079 non
3523 4026 3788 4082 sciebant.

2188 4115 2299 4172 Nec
2329 4117 2456 4172 dicit
2477 4119 2580 4186 eis,
2609 4117 2842 4174 Creditis
2872 4117 2924 4171 in
2956 4115 3172 4171 Jesum?
3199 4114 3294 4171 sed
3339 4115 3501 4186 quid?
3526 4117 3584 4171 Si
3613 4117 3792 4186 Spiri-

2193 4219 2298 4263 tum
2324 4220 2552 4264 sanctunt
2584 4211 2896 4280 accepistis?
2917 4209 3120 4264 sciebat
3141 4209 3285 4264 enim
3315 4209 3458 4279 quod
3493 4225 3600 4265 non
3623 4210 3780 4267 habe-

2193 4312 2333 4356 rent.
2366 4303 2434 4357 Et
2479 4303 2590 4358 vult
2636 4303 2688 4357 id
2729 4303 2851 4357 illos
2878 4302 3093 4367 dicere,
3123 4311 3181 4357 ut
3226 4303 3459 4358 scientes
3515 4301 3640 4372 quid
3684 4304 3793 4357 sibi

2194 4392 2425 4457 deesset,
2457 4393 2509 4448 id
2541 4403 2806 4463 peterent.
2842 4392 2908 4446 Et
2933 4393 3241 4462 imponente,
3267 4393 3458 4464 inquit,
3485 4394 3589 4446 illis
3620 4391 3797 4450 Paulo

2194 4499 2398 4548 manus,
2427 4485 2560 4537 venit
2591 4483 2818 4554 Spiritus
2846 4494 3050 4538 sanctus
3079 4499 3232 4554 super
3257 4499 3360 4549 eos,
3385 4494 3430 4537 et
3459 4483 3799 4552 loquebantur

2195 4576 2380 4647 linguis
2395 4585 2441 4629 et
2470 4575 2857 4646 prophetabant.
2885 4575 2967 4631 Ab
3003 4576 3119 4646 ipso
3150 4574 3416 4646 baptismo
3443 4575 3795 4646 proplietant.

2195 4668 2307 4722 Hoc
2349 4677 2526 4723 autem
2567 4667 2790 4722 Joannis
2817 4667 3082 4736 baptisma
3128 4681 3231 4721 non
3263 4665 3532 4730 habebat;
3563 4664 3797 4737 ideoque

2195 4758 2565 4830 imperfectum
2612 4767 2750 4814 erat.
2782 4758 2851 4814 Ut
2881 4773 3043 4830 porro
3092 4757 3176 4813 bis
3220 4759 3367 4827 digni
3418 4757 3755 4815 haberentur
3782 4805 3800 4829 ,

2196 4851 2518 4920 prmparavit
2546 4850 2686 4904 illos.
2716 4849 2899 4920 Itaque
2929 4849 3030 4904 hoc
3057 4848 3269 4905 volebat
3293 4849 3533 4906 Joannes
3557 4864 3678 4905 cum
3708 4851 3803 4908 ba-

2199 4942 2452 5011 ptizabat,
2474 4950 2535 4996 ut
2565 4941 2849 5016 crederent
2893 4941 2946 4995 in
2975 4949 3256 4996 venturum
3284 4953 3406 5012 post
3438 4943 3633 5014 ipsum.
3658 4943 3805 5002 [line

2199 5032 2503 5088 ostenditur
2559 5047 2811 5103 magnum
2856 5031 3070 5102 dogma,
3098 5032 3243 5103 quod
3277 5034 3369 5103 qui
3420 5033 3801 5104 baptizantur,

2198 5123 2436 5191 perfecte
2461 5138 2494 5177 a
2518 5123 2752 5194 peccatis
2776 5132 3090 5194 purgentur.
3112 5122 3224 5177 Nisi
3251 5123 3397 5179 enim
3413 5134 3802 5194 purgarentur,

2198 5217 2454 5288 Spiritum
2501 5232 2605 5272 non
2644 5217 2972 5286 acciperent,
3005 5232 3112 5271 non
3157 5216 3336 5271 statim
3376 5216 3804 5274 cliarismatibus

2199 5311 2564 5379 dignarentur.
2598 5307 2665 5362 Et
2691 5308 2811 5364 vide
2833 5307 2976 5378 quod
3002 5307 3199 5378 duplex
3231 5315 3357 5363 tunc
3384 5308 3650 5363 charisma
3675 5310 3805 5368 sive

2201 5403 2399 5458 donum
2431 5401 2630 5468 fuerit,
2662 5413 2717 5457 et
2743 5402 2938 5472 linguae
2984 5411 3034 5456 et
3065 5400 3383 5471 prophetia}.
3420 5401 3585 5457 Recte
3612 5409 3801 5460 autem

2201 5495 2335 5550 dixit
2360 5495 2622 5565 baptisma
2655 5494 2877 5550 Joannis
2922 5494 3248 5565 poenitentia:
3274 5509 3394 5550 esse
3418 5535 3432 5558 ,
3461 5511 3568 5549 non
3615 5504 3802 5551 autem

2205 5588 2538 5644 remissionis
2570 5606 2582 5641 :
2609 5589 2823 5658 erigens
2872 5587 2990 5642 illos
3031 5585 3373 5656 suadensque
3421 5585 3519 5648 eis,
3564 5586 3664 5638 hoc
3708 5601 3799 5640 va-

2204 5695 2364 5734 cuum
2406 5677 2572 5735 fuisse
2617 5679 2941 5749 baptismum
2993 5678 3142 5733 illum
3179 5698 3190 5731 :
3227 5693 3350 5732 nam
3397 5678 3664 5747 posterius
3688 5677 3802 5734 dati

2207 5773 2454 5844 baptismi
2478 5788 2610 5844 Opus
2640 5787 2755 5828 erat
2779 5774 3024 5829 remissio
3049 5773 3152 5828 illa.
3187 5771 3255 5826 Et
3277 5770 3546 5841 quomodo
3580 5771 3668 5842 qui
3690 5767 3816 5836 Spi-
