4034 6402
249 332 351 385 285

249 446 371 509 τοῖς
394 444 694 513 μαθηταῖς
713 443 1120 507 ἀποδέξασθαι
1156 444 1362 497 αὐτόν.
1407 447 1503 510 Ὃς
1540 445 1940 514 παραγενόμε-

247 551 352 597 νος
383 532 762 586 συνεϐάλετο
818 532 979 586 πολὺ
1013 531 1136 596 τοῖς
1194 533 1635 585 πεπιστευκόσι
1665 532 1764 586 διὰ
1828 532 1939 600 τῆς

247 619 513 686 χάριτος.
544 620 822 684 Εῠτόνως
849 619 960 687 γὰρ
998 618 1120 683 τοῖς
1190 619 1501 685 Ἰουδαίοις
1544 619 1938 688 διακατηλέγο

248 723 388 774 χετο
443 705 732 776 δημοσία,
784 705 1124 769 ἐπιδεικνὺς
1171 705 1269 759 διὰ
1305 706 1427 758 τῶν
1480 705 1739 774 Γραφῶν
1785 702 1941 760 εἶναι

249 795 357 845 τὸν
377 795 645 860 Χριστὸν
684 793 947 859 Ἰησοῦν.
989 791 1262 860 Ἐγένετο
1292 791 1362 844 δέ
1382 792 1452 845 ἐν
1477 790 1559 858 τῷ
1581 793 1690 846 τὸν
1733 793 1941 846 Ἀπολ-

249 878 338 931 λὼ
370 875 527 931 εἶναι
564 879 634 931 ἐν
663 878 947 944 Κορίνθῳ,
974 877 1218 931 Παῦλον
1273 876 1592 931 διελθόντα
1617 877 1689 931 τὰ
1726 879 1944 932 ἀνωτε-

246 965 386 1030 ρικὰ
411 963 593 1032 μέρη,
641 962 844 1016 ἐλθεῖν
897 964 983 1028 είς
1042 964 1332 1031 Ἔφεσον.
1371 963 1480 1016 Kal
1539 962 1730 1030 εὑρών
1771 980 1943 1028 τινας

247 1052 542 1120 μαθητὰς,
583 1047 714 1104 εἷπε
737 1049 888 1118 πρὸς
920 1051 1162 1115 αὐτούς·
1200 1052 1269 1102 Εἰ
1321 1048 1567 1118 Πνεῦμα
1601 1050 1775 1128 ἅγιον
1802 1050 1943 1104 ἐλά-

253 1141 385 1191 ϐετε
411 1139 857 1204 πιστεύσαντες
880 1153 897 1200 ;
927 1141 990 1192 Ol
1017 1137 1085 1190 δὲ
1112 1137 1292 1190 εῖπαν
1323 1137 1474 1205 πρὸς
1524 1139 1731 1192 αὐτόν·
1777 1139 1943 1193 Ἀλλ’

253 1214 396 1277 οὐδὲ
426 1225 483 1276 εὶ
509 1225 753 1292 Πνεῦμα
791 1223 976 1294 ’ἅγιόν
1024 1223 1212 1288 ἐστιν,
1254 1225 1624 1293 ἠκούσαμεν.
1680 1222 1832 1278 Εἷπέ
1884 1242 1943 1280 τε

253 1310 402 1377 πρὸς
435 1310 683 1376 αὐτούς·
723 1312 827 1374 Είς
865 1311 922 1363 τί
954 1303 1068 1363 οὖν
1092 1308 1516 1376 ἐϐαπτίσθητε;
1555 1313 1617 1364 Οἱ
1649 1310 1718 1362 δέ
1745 1306 1938 1364 εἶπον·

247 1399 345 1462 El;
376 1395 443 1449 τὸ
486 1396 769 1450 Ἰωάννου
792 1395 1134 1465 βάπτισμα.
1173 1392 1319 1451 Εἴπε
1345 1395 1413 1449 δέ
1443 1396 1705 1462 Παῦλος·
1746 1397 1942 1451 Ἰωάν-

253 1500 363 1550 νης
386 1483 508 1550 μὲν
534 1483 825 1537 ἐϐάπτισε
847 1482 1165 1551 ,ϐάπτισμα
1192 1483 1541 1552 μετανοίας,
1573 1483 1653 1549 τῷ
1683 1482 1811 1548 λαῷ
1844 1485 1939 1538 λέ-

251 1587 390 1637 γων,
420 1573 510 1635 είς
534 1570 644 1625 τὸν
665 1571 995 1638 ἐρχόμενον
1016 1573 1142 1638 μετ’
1170 1570 1360 1624 αὐτὸν
1395 1571 1497 1623 ἵνα
1542 1572 1938 1625 πιστεύσωσι·

253 1657 590 1724 τουτέστιν,
614 1659 702 1721 εἰς
726 1658 836 1711 τὸν
860 1656 1119 1724 Χριστὸν
1161 1657 1414 1724 Ἰησοῦν.
1459 1658 1852 1725 Ἀκούσαντες
1875 1659 1944 1713 δὲ

250 1745 710 1812 ἐϐαπτίσθησαν
735 1746 824 1810 είς
845 1744 913 1797 τὸ.
945 1745 1134 1813 ὄνομα
1166 1744 1272 1799 τοῦ
1307 1746 1533 1813 Κυρίου
1576 1746 1795 1812 Ἰησοῦ.
1831 1746 1940 1801 Καὶ

249 1830 563 1896 ἐπιθέντος
597 1830 805 1896 αὐτοῖς
832 1830 940 1884 τοῦ
963 1833 1210 1885 Παύλου
1243 1831 1351 1896 τὰς
1395 1832 1620 1900 χεῖρας,
1675 1829 1823 1900 ἦλθε
1874 1832 1941 1887 τὸ

250 1915 493 1984 Πνεῦμα
515 1917 582 1970 τὸ
617 1918 790 1987 ἅγιον
813 1917 906 1972 ἐπ’
931 1919 1174 1984 αὐτούς·
1207 1917 1477 1972 ἐλάλουν
1523 1935 1588 1972 τε
1631 1919 1942 1988 γλώσσαις

248 2003 344 2056 καὶ
372 2003 528 2076 [505]
565 2005 1000 2074 προεφήτευον.
1037 2000 1234 2060 Ἦσαν
1279 2004 1349 2058 δὲ
1382 2008 1436 2059 οἱ
1469 2004 1694 2072 πάντες
1723 2006 1942 2076 ἄνδρες

246 2090 388 2143 ὡσεί
413 2089 698 2145 δεκαδύο.
724 2091 913 2162 Πολλῴ
938 2086 1082 2146 οὗτοι
1105 2090 1315 2144 ἐκείνου
1340 2091 1717 2162 διεστήκασιν,
1742 2095 1794 2146 οἱ
1833 2110 1941 2164 μη-

242 2176 374 2230 δὲεί
408 2178 640 2248 Πνεῦμα
671 2178 824 2248 ἅγιόν
871 2182 1018 2234 ἐστιν
1077 2180 1298 2243 ειδότες.
1355 2173 1515 2234 Οὗτοι
1575 2176 1689 2248 οὖν,
1751 2183 1800 2235 οἳ
1845 2183 1942 2236 καὶ

247 2265 644 2336 ἀκριϐέστερον
665 2267 816 2337 αὐτῷ
845 2265 1092 2332 ἐξέθεντο
1127 2269 1226 2338 τὴν
1263 2268 1380 2322 ὁδὸν
1427 2267 1524 2321 τοῦ
1575 2269 1807 2340 Κυρίου,
1845 2270 1940 2324 καὶ

247 2354 644 2422 προπέμπουσι
676 2393 692 2419 ,
739 2356 833 2408 καὶ
874 2355 1182 2426 γράμματα
1240 2357 1591 2420 ἐπιδιδόασιν.
1657 2357 1940 2414 Ἐϐούλετο

248 2440 347 2510 μὲν
379 2436 476 2494 οὖν
507 2443 605 2495 καὶ
654 2442 819 2506 αὐτὸς
875 2443 1133 2496 ἀπελθεῖν
1188 2443 1268 2507 είς
1305 2445 1555 2514 Ἀχαΐαν·
1594 2445 1701 2515 πρὸ
1740 2445 1797 2498 δέ
1842 2445 1937 2498 τοῦ

245 2528 575 2599 προτρέψαι,
611 2528 704 2581 καὶ
723 2529 1032 2600 γράμματα
1065 2527 1251 2586 δοῦναι
1285 2530 1434 2602 αὐτῷ
1489 2532 1618 2596 τοὺς
1646 2532 1940 2602 ἀδελφοὺς,

242 2615 342 2667 οὐκ
370 2618 666 2687 ἀναχωρεῖ.
705 2618 812 2681 Ὃς
837 2619 1322 2688 παραγενόμενος
1349 2618 1746 2684 συνεϐάλετο,
1778 2621 1935 2690 φησὶ,

242 2703 368 2768 τοῖς
410 2705 915 2758 πεπιστευκόσιν·
969 2705 1374 2774 εὐτόνωςγὰρ
1425 2704 1938 2775 διακατηλέγχετο

240 2789 509 2858 δημοσίᾳ
532 2791 931 2846 ἐπιδεικνύων
956 2791 1054 2845 διὰ
1080 2791 1200 2846 τῶν
1220 2793 1477 2862 Γραφῶν
1499 2791 1655 2849 εἶναι
1681 2796 1789 2848 τὸν
1814 2799 1940 2863 Χρι-

238 2876 396 2930 στὸν
436 2878 706 2946 Ἰησοῦν.
742 2878 1024 2936 Ἐντεῦθεν
1055 2880 1173 2943 πῶς
1198 2874 1266 2951 ἧν
1313 2881 1535 2944 δυνατὸς
1567 2884 1626 2935 ἐν
1648 2885 1770 2947 ταῖς
1791 2883 1936 2954 Γρα-

239 2967 372 3033 φαῖς
413 2964 690 3028 Ἀπολλὼς
718 2964 978 3020 δείκνυσι.
1013 2967 1153 3030 Τοὺς
1200 2967 1429 3039 μὲνγὰρ
1472 2969 1762 3034 Ἰουδαίους
1816 2973 1941 3042 σφό-

237 3053 342 3121 δρα
380 3052 712 3122 ἐπεστόμιζε
744 3052 924 3123 (τοῦτο
962 3054 1070 3126 γάρ
1099 3055 1216 3108 ἐστι
1259 3055 1342 3120 τὸ,
1371 3058 1934 3129 Διακατηλέγχετο),

237 3140 368 3201 τοὺς
404 3137 463 3191 δὲ
486 3139 848 3202 πιστεύοντας
878 3141 1103 3212 θαρρεῖν
1161 3141 1365 3213 μᾶλλον
1392 3143 1590 3208 ἐποίει,
1648 3145 1742 3198 καὶ
1777 3146 1932 3199 ἵστα-

239 3226 367 3278 σθαι
405 3227 544 3296 πρὸς
589 3227 692 3297 τὴν
735 3225 941 3282 πίστιν.
990 3227 1254 3299 Ἐγένετο
1316 3230 1407 3294 δέ,
1477 3232 1632 3301 φησὶ,
1682 3233 1932 3286 Παῦλον

235 3313 555 3368 διελθόντα
587 3314 660 3368 τὰ
691 3314 1018 3382 ἀνωτερικὰ
1059 3316 1214 3385 μέρη
1245 3317 1450 3372 ἐλθεῖν
1491 3320 1579 3385 εἰς
1625 3320 1927 3389 ,¹Ἕφεσον.

235 3402 426 3455 Ταῦτα
453 3403 519 3473 δὴ
541 3403 611 3456 τὰ
643 3402 786 3457 κατὰ
811 3404 1147 3475 Καισάρειαν
1169 3405 1264 3458 καὶ.
1295 3406 1363 3460 τά
1382 3407 1566 3461 λοιπά.
1597 3410 1705 3462 Καὶ
1737 3411 1932 3478 εὑρών

235 3507 408 3554 τινας
427 3491 722 3559 μαθητὰς,
753 3486 888 3544 εἷπε
920 3492 1073 3560 πρὸς
1103 3494 1348 3559 αὐτούς·
1378 3497 1449 3548 El
1474 3495 1720 3565 Πνεῦμα
1755 3495 1930 3566 ἅγιον

234 3578 486 3632 ἐλάϐετε
505 3580 951 3646 πιστεύσαντες
968 3597 987 3644 ;
1021 3581 1146 3634 Ὅτι
1206 3580 1330 3634 οὐδέ
1382 3584 1464 3646 είς
1516 3583 1754 3654 Χριστὸν
1807 3587 1928 3639 ἐπί-

237 3680 426 3718 στευον
453 3659 622 3731 οὗτοι,
653 3665 814 3736 δῆλον
839 3668 905 3720 ἐκ
934 3666 1029 3719 τοῦ
1055 3669 1252 3721 εἰπεῖν·
1304 3669 1410 3734 Εἰς
1444 3669 1551 3724 τὸν
1597 3670 1929 3741 ἐρχόμενον

229 3753 356 3821 μετ’
387 3753 598 3816 αὺτὸν,
631 3754 732 3806 ἵνα
785 3754 1184 3815 πιστεύσωσι.
1222 3756 1332 3808 Καὶ
1386 3756 1487 3810 οὐκ
1536 3751 1711 3825 εἶπεν,
1758 3761 1926 3814 Οὐδέν

233 3842 350 3892 ἐστι
385 3841 450 3892 τὸ
471 3839 760 3911 βάπτισμα
791 3840 1058 3895 Ἰωάννου·
1103 3842 1220 3894 ἀλλ’
1255 3842 1338 3894 ὅτι
1394 3844 1605 3908 ἀτελές.
1642 3847 1752 3899 Kal
1801 3849 1924 3902 οὐδὲ

233 3927 394 3981 τοῦτο
427 3927 775 3998 προσέθηκεν
807 3928 1015 3992 ἁπλῶς,
1043 3928 1162 3981 ἀλλ’
1193 3929 1281 3982 ἵνα.
1304 3929 1494 4001 διδάξῃ
1523 3933 1616 3984 καὶ
1639 3934 1806 4007 πείσῃ
1829 3935 1924 3988 αὐ-

191 4032 198 4037 ·
232 4016 360 4077 τοὺς
385 4017 466 4078 είς
493 4014 556 4067 τὸ
587 4015 760 4085 ὄνομα
781 4015 874 4068 τοῦ
910 4016 1086 4087 Ἰησοῦ
1120 4015 1509 4088 βαπτισθῆναι*
1558 4020 1586 4073 ὃ
1613 4022 1707 4075 καὶ
1737 4023 1925 4077 ποιοῦ-

235 4119 308 4163 σι,
333 4103 429 4154 καὶ
452 4101 515 4154 τὺ
535 4101 765 4170 Πνεῦμα
789 4101 1127 4172 λαμϐάνουσι
1159 4107 1226 4176 τῇ
1254 4106 1500 4161 ἐπιθέσει
1555 4109 1668 4164 τῶν
1720 4099 1922 4182 χειρῶν

233 4189 471 4242 Παύλου.
518 4188 856 4255 Ἐπιθέντος
882 4189 1013 4262 γὰρ,
1047 4192 1235 4262 φησὶν,
1273 4193 1478 4261 αὐτοῖς
1512 4196 1619 4249 τοῦ
1671 4199 1921 4254 Παύλου

231 4278 338 4343 τὰς
358 4278 587 4346 χεῖρας,
618 4273 767 4348 ἦλθε
802 4278 869 4331 τὸ
913 4280 1160 4350 Πνεῦμα
1197 4281 1266 4334 τὸ
1315 4282 1489 4351 ἅγιον
1530 4285 1623 4338 ἐπ’
1673 4289 1917 4356 αὐτούς.

234 4367 396 4417 Ὥστε
423 4359 506 4426 οἷς
537 4363 778 4418 ἐπετίθει
826 4365 924 4430 τὰς
952 4369 1159 4439 χεῖρας,
1199 4368 1260 4421 τὸ
1309 4369 1537 4440 Πνεῦμα
1587 4373 1920 4445 ἐλάμϐανον.

231 4454 391 4516 Εἰκὸς
411 4454 596 4505 τοίνυν
641 4448 709 4523 ἦν
738 4453 966 4525 Πνεῦμα
999 4456 1099 4527 μὲν
1146 4457 1346 4522 αὐτοὺς
1383 4458 1550 4528 ἔχειν,
1596 4463 1671 4533 μὴ
1732 4465 1920 4532 φαίνε-

231 4539 355 4592 σθαι
379 4540 458 4592 δέ·
496 4539 611 4592 ἀλλ’
639 4541 703 4592 ἐκ
732 4540 833 4609 τῆς
856 4542 1139 4614 ἐνεργείας
1165 4545 1260 4598 καὶ
1280 4545 1374 4615 ἀφ’
1395 4563 1471 4600 ων
1493 4547 1769 4616 γλώσσαις
1789 4552 1917 4608 ἐλά-

228 4626 375 4693 λουν,
403 4623 568 4679 τοῦτο
592 4627 890 4695 ἐνέφαινον.
1673 4672 1678 4676 .

297 4928 365 4998 β’.
383 4928 527 4981 Ἀλλ’
560 4926 762 4998 ῐδωμεν
789 4928 991 4983 ἄνωθεν
1017 4930 1084 4984 τὰ
1116 4931 1526 5004 ἀνεγνωσμένα.
1569 4935 1630 4988 '0
1656 4936 1724 4988 δὲ
1752 4937 1912 4992 Παῦ-

225 5020 334 5082 λος
377 5016 627 5080 ἐξέπλει
673 5018 761 5083 είς
808 5016 926 5084 τὴν
973 5021 1218 5087 Συρίαν,
1249 5015 1416 5092 φησὶ,
1464 5023 1565 5076 καὶ
1601 5025 1725 5079 σὺν
1752 5025 1914 5092 αὐτῷ

224 5103 568 5170 Πρίσκιλλα
591 5103 693 5157 καί
727 5104 997 5170 Ἀκύλας,
1018 5105 1112 5170 οὒς
1135 5107 1229 5160 καὶ
1255 5110 1603 5180 καταντήσας
1633 5113 1712 5174 είς
1746 5114 1914 5181 Ἔφε-

224 5207 314 5242 σον
340 5190 638 5245 κατέλιπεν
667 5191 856 5247 αὐτοῦ.
883 5193 953 5246 Ἢ
974 5195 1056 5247 ὅτι
1091 5195 1193 5248 οὐκ
1220 5195 1475 5250 ἐϐούλετο
1501 5200 1787 5270 περιάγειν
1809 5202 1911 5253 αὐ-

221 5278 370 5342 τοὺς,
397 5277 497 5331 καὶ
519 5277 611 5330 διὰ
640 5279 803 5332 τοῦτο
835 5281 1148 5335 κατέλιπεν·
1204 5282 1238 5353 ἦ
1279 5284 1481 5353 μᾶλλον
1536 5287 1624 5340 ἵνα
1649 5287 1909 5344 διδάσκα-

223 5363 297 5416 λοι
321 5365 529 5432 μένωσι
581 5367 693 5430 τοῖς
721 5369 779 5419 ἐν
821 5369 1051 5440 Ἐφέσῳ.
1101 5372 1268 5425 Αὐτοὶ
1295 5373 1352 5426 δὲ
1407 5373 1548 5444 μετὰ
1583 5375 1757 5430 ταῦτα
1805 5377 1908 5449 τὴν

225 5453 484 5523 Κόρινθον
507 5453 756 5525 ᾤκησαν,
786 5454 868 5521 οἷς
911 5460 1005 5512 καὶ
1047 5462 1258 5531 μεγάλα
1302 5467 1590 5535 μαρτυρεῖ,
1619 5467 1713 5519 καὶ
1771 5469 1907 5522 Ῥω·

226 5539 403 5605 μαίοις
425 5542 764 5597 ἐπιστέλλων
793 5548 1191 5617 προσαγορεύει
1226 5549 1445 5614 αὐτούς.
1500 5553 1664 5606 Ὅθεν
1704 5573 1794 5624 μοι
1818 5557 1904 5609 δο-

225 5631 307 5680 κεῖ
339 5629 481 5698 μετά
505 5630 682 5685 ταῦτα
706 5632 901 5696 αὐτοὺς
933 5637 1012 5698 εἰς
1058 5635 1275 5707 Ῥώμην
1305 5639 1581 5708 ἀπελθεῖν,
1615 5641 1710 5695 ἆτε
1741 5645 1906 5714 ἐμφι-

224 5717 596 5790 λοχωροῦντας
652 5725 767 5784 τοῖς
811 5723 996 5788 τόποις
1032 5727 1284 5792 ἐκείνοις,
1325 5729 1448 5782 ὅθεν
1501 5731 1762 5794 ἐξέπεσον
1813 5737 1904 5788 ἐπὶ

227 5803 467 5874 Νέρωνος
517 5809 622 5862 [Ml
653 5813 934 5876 καταϐάς,
988 5813 1174 5883 φησὶν,
1207 5818 1292 5882 εἰς
1331 5820 1718 5886 Ιιίιισιὶρειαν,
1759 5824 1904 5879 ἁνα-

360 5895 455 5978 καί
485 5896 922 5978 ἀσπασάμενος
961 5901 1072 5967 τὴν
1145 5904 1536 5978 Ἐκκλησίαν,
1570 5911 1786 5975 κατέϐη
1818 5915 1904 5978 εἰς

243 5965 605 6034 Ἀντιόχειαν,
640 5965 1027 6038 καὶποιήσίις
1065 5973 1274 6039 κρίνον
1307 5965 1458 6043 τινὰ,
1492 5965 1730 6050 ἐξῆλθε,
1752 5965 1900 6050 διιρί

1427 327 1495 382 ΙΝ
1527 328 1712 382 ACTA
1755 327 2293 387 APOSTOLORUM.
2321 327 2557 386 HOMIL.
2601 328 2711 383 XL.
3627 329 3727 382 “lt-LI

2041 465 2300 532 χόμενος
2334 463 2450 531 τὴν
2489 461 2840 528 Γαλατικὴν
2887 460 3148 529 καθεξῆς
3174 460 3378 528 χώραν
3432 461 3529 513 καὶ
3579 465 3728 528 Φρυ-

2039 552 2196 619 γίαν.
2253 552 2407 621 Ἐμοὶ
2431 549 2649 603 δοκοῦσι
2682 549 2775 602 καὶ
2797 550 2845 602 οἱ
2881 549 3062 602 πιστοὶ
3099 548 3177 601 ἐτι
3206 548 3324 600 ἐκεῖ
3377 549 3726 616 συνάγεσθαι·

2041 642 2104 694 οὐ
2136 640 2245 711 γὰρ
2277 641 2478 704 εὐθέως
2500 639 2702 702 αὐτοὺς
2746 638 3033 693 ἀπέσπων.
3094 638 3240 708 Ὅρα
3267 637 3326 690 δέ
3383 637 3499 699 πῶς
3534 637 3730 699 αὐτοὺς

2040 728 2340 791 ἐπείγεται.
2393 728 2506 781 Kal
2558 727 2763 790 ταύτας
2821 726 2921 789 τὰς
2987 724 3171 796 χώρας
3220 724 3384 778 πάλιν
3433 725 3733 794 διέρχεται,

2040 814 2181 867 ὥστε
2211 817 2279 886 τῇ
2312 815 2588 886 παρουσία
2633 813 2934 885 βεϐαιῶσαι
2964 815 3091 877 τοὺς
3132 811 3403 885 μαθητάς.
3449 810 3730 874 Ἰουδαῖος

2039 901 2106 954 δέ
2151 918 2261 967 τις,
2309 902 2498 972 φησὶν,
2547 900 2849 966 Ἀπολλὼς
2901 901 3167 970 ὀνόματι,
3221 899 3607 968 κατήντησεν
3644 902 3732 963 εὶς

2045 991 2336 1058 Ἔφεσον,
2380 988 2641 1054 δυνατὸς
2694 987 2780 1042 ὢν
2819 989 2890 1042 ἐν
2920 989 3050 1054 ταῖς
3089 988 3380 1057 Γραφαῐς.
3429 989 3732 1056 Διεγηγερ-

2043 1078 2208 1148 μένος
2260 1072 2330 1148 ἦν
2382 1078 2413 1130 ὁ
2466 1076 2790 1146 ἄνθρωπος·
2839 1074 2921 1129 διὸ
2971 1075 3065 1130 καὶ
3101 1075 3415 1147 ἀποδημίας
3455 1074 3731 1127 στέλλεται

2042 1163 2183 1232 ὑπὲρ
2209 1162 2401 1216 τούτου
2441 1163 2633 1218 αὐτοῦ.
2682 1165 2787 1230 Ὃς
2834 1164 3344 1232 παραγενόμενος,
3399 1161 3589 1230 φησὶν,
3645 1163 3732 1226 εις

2055 1251 2315 1319 Ἀχαΐαν,
2357 1251 2621 1316 εὐτόνως
2673 1251 3185 1321 διακατηλέγχετο
3228 1250 3354 1316 τοῖς
3417 1248 3733 1314 Ἰουδαίοις

2041 1336 2327 1406 δημοσία.
2356 1337 2491 1409 Περὶ¹
2521 1337 2714 1392 τούτου
2754 1339 2984 1409 γράφων
3025 1338 3199 1408 ἐλεγε·
3235 1336 3380 1406 Περὶ
3412 1337 3480 1390 δὲ
3524 1337 3733 1391 Ἀπολ-

2039 1425 2128 1480 λὼ
2155 1426 2263 1480 τοῦ
2297 1427 2588 1496 ἀδελφοῦ.
2614 1427 2703 1498 Τῷ
2725 1427 2824 1498 μὲν
2856 1423 2950 1482 οὖν
2978 1428 3216 1499 δημοσίᾳ
3238 1426 3393 1500 [504]
3412 1427 3676 1497 ἐλέγχειν,
3697 1429 3729 1494 ἡ

2042 1516 2326 1586 παρρησία
2353 1516 2647 1570 ἐδείκνυτο·
2683 1518 2760 1587 τῷ
2782 1517 2840 1570 δὲ
2863 1518 3118 1585 εὐτόνως,
3143 1520 3177 1589 ἡ
3200 1518 3432 1589 δύναμις
3456 1517 3730 1588 ἐδηλοῦτο·

2039 1602 2119 1673 τῷ
2145 1603 2202 1655 δέ
2235 1605 2300 1656 ἐκ
2338 1604 2448 1659 τῶν
2491 1604 2652 1658 θείων
2685 1605 2921 1677 Γραφῶν
2976 1605 3359 1672 ἐπιδεικνύειν,
3382 1609 3415 1676 ἡ
3445 1605 3729 1677 ἐμπειρία.

2043 1689 2181 1742 υύτε
2214 1690 2324 1760 γὰρ
2353 1692 2387 1761 ἠ
2438 1691 2722 1763 παρρησία
2776 1710 2830 1745 τι
2879 1693 3127 1747 συντελεῖ
3150 1694 3271 1747 καθ’
3303 1692 3504 1764 ἐαυτὴν
3528 1705 3577 1758 ι,
3632 1692 3733 1744 οὐκ

2040 1775 2210 1847 οὔσης
2239 1777 2546 1848 δυνάμεως,
2576 1777 2701 1831 οὔτε
2730 1781 2764 1849 ἡ
2793 1779 3044 1851 δύναμις,
3073 1781 3176 1834 οὐκ
3195 1780 3364 1852 οὐσης
3394 1780 3730 1850 παρρησίας.

2045 1865 2189 1934 Ἀρα
2217 1865 2318 1918 οὐκ
2345 1866 2470 1934 εἰκῆ
2547 1867 2782 1920 Ἀκύλαν
2818 1868 3113 1922 κατέλιπεν
3145 1869 3223 1931 είς
3282 1869 3541 1936 Ἔφεσον,
3595 1866 3734 1920 ἀλλὰ

2039 1951 2128 2004 διὰ
2148 1952 2242 2005 τὸν
2284 1952 2533 2006 Ἀπολλὼ
2590 1954 2731 2023 τάχα
2763 1954 2823 2007 τὸ
2871 1954 3098 2026 Πνεῦμα
3147 1953 3305 2007 τοῦτο
3351 1953 3729 2024 ᾠκονόμησεν,

2040 2039 2182 2092 ὥστε
2215 2040 2567 2113 ἰσχυρότερον
2597 2043 2853 2112 ἐπιϐῆναι
2875 2045 2940 2114 τῇ
2970 2042 3244 2113 Κορίνθῳ.
3280 2043 3392 2095 Kal
3445 2042 3499 2094 τί
3529 2041 3731 2111 δήποτε

2039 2127 2218 2197 τούτῳ
2246 2127 2345 2199 μὲν
2368 2129 2522 2183 οὐδὲν
2544 2131 2826 2200 ἐποίησαν,
2852 2130 3052 2200 Παύλῳ
3082 2130 3138 2183 δὲ
3169 2129 3534 2196 ἐπιτίθενται;
3570 2129 3732 2200 Ιᾙδει-

2042 2233 2161 2279 σαν,
2190 2216 2273 2269 ὅτι
2293 2217 2500 2282 ἐκεῖνος
2529 2219 2557 2270 ὁ
2589 2219 2889 2290 κορυφαῖος
2914 2213 3002 2287 ἦν·
3040 2218 3072 2287 ἠ
3129 2219 3226 2271 καὶ
3255 2218 3338 2272 ὃτι
3371 2218 3506 2272 πολὺ
3533 2217 3594 2270 τὺ
3614 2218 3731 2270 δνο-

2043 2321 2119 2373 μα
2144 2302 2239 2356 τοῦ
2289 2303 2484 2374 ἀνδρὸς
2523 2300 2614 2375 ἦν·
2653 2307 3100 2374 Προλαϐόμενοι
3162 2304 3248 2371 δέ,
3304 2307 3494 2376 φησὶν,
3542 2304 3732 2360 αὐτόν

2050 2390 2305 2455 Ἀκύλας
2328 2391 2430 2444 καὶ
2463 2391 2830 2460 Πρίσκιλλα,
2863 2393 3292 2466 ἀκριϐέστερον
3316 2392 3476 2458 αὐτῷ
3503 2391 3734 2457 ἐξέθεν-

2037 2495 2105 2533 το
2133 2480 2252 2547 τὴν
2277 2478 2385 2533 τοῦ
2417 2480 2566 2535 Θεοῦ
2617 2481 2785 2536 ὀδόν.
2822 2483 2966 2553 Ὅρα
2997 2482 3115 2546 πῶς
3142 2483 3325 2537 πάντα
3351 2483 3531 2535 πίστει
3562 2481 3730 2548 ἐγίνε-

2036 2585 2118 2632 το,
2171 2569 2267 2622 καὶ
2306 2567 2544 2639 οὐδαμοῦ
2576 2569 2794 2638 φθόνος,
2847 2570 3089 2640 οὐδαμοῦ
3130 2571 3423 2640 βασκανία·
3496 2569 3731 2633 Ἀκύλας

2037 2655 2302 2722 διδάσκει,
2333 2656 2536 2727 μᾶλλον
2562 2658 2620 2710 δέ
2645 2658 2741 2711 καὶ
2772 2650 2930 2722 οὗτος
2959 2659 3300 2713 διδάσκεται.
3324 2660 3436 2713 Kal
3466 2659 3574 2729 γὰρ
3601 2659 3728 2728 χρό-

2037 2760 2126 2796 νον
2154 2744 2305 2814 αὐτῷ
2329 2745 2718 2814 συγγενόμενοι
2759 2744 2934 2809 οὕτως
2985 2747 3362 2817 ἐδιδάχθησαν,
3391 2746 3467 2809 ὡς
3507 2748 3600 2799 καὶ
3644 2746 3733 2807 άλτ

2037 2824 2161 2888 λους
2192 2826 2414 2890 ἱκανοὺς
2468 2822 2609 2881 εἶναι
2653 2826 2951 2882 διδάσκειν.
3005 2829 3385 2898 Βουλομένου
3419 2829 3489 2882 δέ
3539 2829 3727 2882 αὐτοῦ

2034 2909 2316 2976 διελθεῖν,
2351 2915 2540 2984 φησὶν,
2569 2916 2658 2979 εις
2683 2913 2800 2981 τὴν
2840 2915 3096 2982 Ἀχαΐαν,
3139 2914 3388 2986 ἔγραψαν
3409 2917 3523 2980 τοῖς
3550 2915 3729 2985 μαθη-

2033 3003 2157 3064 ταῖς
2179 3001 2551 3068 ἀποδέξασθαι
2570 3003 2758 3057 αὐτόν.
2790 3004 2950 3068 Τίνος
2988 3003 3176 3058 ἕνεκεν
3232 3006 3540 3076 γράμματα
3587 3006 3725 3076 πέμ-

2035 3105 2252 3156 πουσιν,
2323 3090 2639 3161 ἐρμηνεύει·
2671 3092 2838 3159 Ἵνα,
2879 3093 3070 3163 φησὶν,
3133 3093 3322 3148 αὑτὸν
3378 3092 3727 3158 ἀποδέξων-

2035 3191 2148 3228 ται.

2103 3375 2213 3428 Kal
2241 3375 2406 3428 πόθεν
2424 3375 2582 3445 δῆλον
2599 3376 2844 3439 ἐκείνους
2862 3379 2919 3430 ἐν
2935 3376 3148 3447 Ἐφέσῳ
3166 3377 3328 3441 ὄντας
3357 3383 3419 3430 τὸ
3439 3389 3723 3450 βαπτισμα

2028 3463 2174 3534 ἐχειν
2209 3465 2492 3530 Ἰωάννου;
2519 3464 2644 3517 Ὅτι
2665 3462 3034 3535 ἐρωτώμενοι,
3058 3467 3163 3531 Εις
3194 3466 3254 3519 τί
3289 3465 3725 3535 ἐϐαπτίσθητε;

2028 3557 2134 3619 Εἰς
2155 3552 2224 3605 τὸ
2247 3551 2546 3618 Ἰωάννου,
2577 3553 2819 3621 λέγουσι,
2833 3552 3230 3623 βάπτισμα.”ι
3241 3571 3346 3618 σως
3367 3556 3724 3627 ἐπεδήμησαν

2025 3646 2138 3707 τοῖς
2170 3642 2570 3714 Ἱεροσολύμοις
2595 3645 2742 3710 τότε,
2775 3644 2872 3698 καὶ
2902 3645 3171 3715 ἀπῆλθον,
3209 3647 3304 3699 καὶ
3332 3647 3720 3702 ἐϐαπτίσαντο·

2025 3730 2162 3784 ἀλλὰ
2191 3732 2287 3785 καὶ
2322 3731 2737 3802 βαπτισθέντες,
2764 3731 2858 3787 τὸν
2893 3732 3103 3805 Ἰησοῦν
3132 3737 3233 3788 οὐκ
3257 3735 3581 3803 ἠπίσταντο.
3613 3740 3724 3790 Καὶ

2023 3819 2084 3870 οὐ
2115 3817 2266 3887 λέγει
2305 3820 2521 3883 αὐτοῖς·
2558 3820 2853 3875 Πιστεύετε
2888 3822 2970 3885 είς
2994 3822 3088 3875 τὸν
3130 3822 3380 3893 Ἰησοῦν;
3440 3823 3578 3877 άλλά
3627 3825 3718 3890 τί;

2019 3906 2088 3958 El
2128 3906 2374 3976 Πνεῦμα
2409 3907 2583 3976 ἅγιον
2613 3907 2858 3962 ἐλάϐετε
2878 3923 2898 3972 ;
2955 3909 3071 3979 ᾔδει
3103 3909 3234 3980 γὰρ,
3279 3910 3363 3963 ὅτι
3395 3911 3498 3964 οὐκ
3550 3908 3715 3982 εἶχον.

2022 3991 2135 4044 Kal
2165 3991 2415 4062 βούλεται
2444 3993 2642 4057 αὐτοὺς
2667 3995 2865 4062 εἰπεῖν,
2909 3995 2998 4048 ἵνα
3051 3996 3320 4066 μαθόντες
3374 3989 3450 4050 στιν
3484 3998 3720 4054 ἀπεστέ-

2026 4095 2241 4149 ρηνται,
2303 4081 2594 4151 αἰτήσωσι.
2630 4080 2741 4135 Καὶ
2782 4082 3096 4150 ἐπιθέντος
3144 4084 3372 4150 αὐτοῖς,
3420 4087 3575 4156 φησὶ,
3613 4087 3716 4154 τὰς

2020 4167 2225 4237 χεῖρας
2264 4168 2372 4222 τοῦ
2420 4170 2690 4233 Παύλου,
2730 4165 2881 4241 ἦλθε
2909 4171 2974 4224 τὸ
3004 4172 3252 4243 Πνεῦμα
3299 4173 3368 4226 τὸ
3408 4173 3579 4242 ἅγιον
3619 4176 3714 4229 ἐπ’

2019 4257 2267 4322 αὐτοὺς,
2312 4258 2411 4311 καὶ
2440 4257 2709 4314 ἐλάλουν
2757 4259 3091 4329 γλώσσαις,
3120 4262 3219 4314 καὶ
3274 4255 3708 4331 προεφῆτευον.

2032 4344 2087 4397 Ἀ
2099 4343 2154 4397 π’
2186 4343 2350 4397 αὐτοῦ
2378 4345 2472 4397 τοῦ
2502 4344 2883 4416 βαπτίσματος
2913 4347 3341 4418 προφητεύουσι.
3376 4349 3549 4402 Τοῦτο
3569 4351 3625 4404 δέ
3653 4353 3715 4405 τὸ

2031 4431 2282 4486 Ἰωάννου
2319 4432 2604 4503 βάπτισμα
2632 4435 2734 4488 οὐκ
2767 4430 2902 4506 εἶχε·
2940 4435 3020 4488 διὸ
3065 4438 3160 4490 καὶ
3211 4437 3400 4503 ἀτελὲς
3443 4435 3531 4509 ἦν.
3594 4441 3714 4496 Ἵνα

2016 4519 2074 4572 δέ
2098 4519 2207 4574 τῶν
2235 4519 2494 4574 τοιούτων
2521 4515 2821 4588 ἀξιωθῶσι,
2851 4527 3349 4596 προπαρεσκεύαξε
3379 4527 3582 4597 μᾶλλον
3609 4530 3709 4582 αὐ-

2015 4607 2162 4671 τούς.
2189 4608 2352 4661 Ὥστε
2377 4609 2538 4663 τοῦτο
2565 4610 2819 4663 ἐϐούλετο
2862 4613 3119 4684 Ἰωάννης
3155 4612 3457 4682 βαπτίζων,
3489 4616 3709 4669 πιστεῦ-

2018 4712 2109 4748 σαι
2131 4697 2212 4759 είς
2240 4696 2334 4750 τὸν
2358 4698 2657 4768 ἐρχόμενον
2686 4699 2803 4769 μετ’
2846 4700 3033 4754 αὐτόν.
3101 4701 3384 4754 Ἐντεῦθεν
3432 4702 3708 4757 δείκνυται

2013 4782 2193 4854 δόγμα
2229 4783 2395 4854 μέγα,
2427 4784 2509 4838 ὅτι
2556 4786 2779 4850 τελείως
2828 4788 3187 4859 καθαίρονται
3227 4789 3337 4842 τῶν
3369 4791 3706 4862 ἁμαρτημά-

2014 4889 2124 4924 των
2174 4872 2225 4924 οἱ
2277 4871 2689 4943 βαπτιζόμενοι.
2725 4875 2789 4927 Εἰ
2832 4876 2908 4945 μὴ
2942 4877 3052 4947 γὰρ
3085 4875 3467 4947 ἐκαθαίροντο,
3499 4880 3600 4933 οὐκ
3640 4881 3706 4934 ἂν

2011 4958 2075 5011 τὸ
2130 4959 2356 5029 Πνεῦμα
2418 4960 2668 5030 ἐδέχοντο
2701 4955 2871 5027 οὗτοι,
2907 4963 3007 5017 οὐκ
3053 4963 3120 5016 ἂν
3155 4965 3513 5035 χαρισμάτων
3543 4966 3704 5029 εὐθὺς

2011 5045 2282 5116 ἠξιοῦντο.
2327 5046 2438 5100 Kal
2468 5048 2595 5118 ὅρα,
2658 5050 2739 5102 ὅτι
2792 5049 3016 5103 διπλοῦν
3053 5049 3115 5102 τὸ
3175 5051 3426 5122 χάρισμα
3472 5048 3563 5124 ἦν,
3611 5056 3705 5106 καὶ

2011 5135 2256 5203 γλῶσσαι
2286 5136 2380 5190 καὶ
2403 5138 2754 5208 προφητεῖαι.
2788 5137 2987 5201 Καλῶς
3019 5138 3076 5191 δὲ
3127 5131 3250 5192 εἷπε
3289 5139 3575 5211 βάπτισμα
3608 5159 3701 5212 με-

2009 5223 2228 5286 τανοίας
2247 5223 2308 5276 τὸ
2347 5223 2619 5288 Ἰωάννου,
2675 5225 2768 5277 καὶ
2796 5226 2898 5279 οὐκ
2925 5227 3201 5295 ἀφέσεως,
3237 5228 3461 5296 ἀνάγων
3505 5229 3703 5291 αὐτοὺς

2010 5310 2105 5363 καὶ
2130 5310 2355 5375 πείθων,
2379 5312 2461 5365 ὅτι
2487 5312 2678 5365 τούτου
2719 5311 2927 5385 ἔρημον
2955 5309 3024 5384 ἦν
3053 5316 3248 5367 ἐκεῖνο·
3285 5315 3381 5368 τοῦ
3405 5316 3516 5385 γὰρ
3540 5316 3700 5369 ὓστε-

2011 5415 2104 5469 ρον
2133 5398 2383 5463 δοθέντος
2413 5399 2628 5471 ἔργονή
2657 5401 2853 5469 ἄφεσις
2884 5401 3096 5470 γέγονε.
3153 5403 3264 5455 Kal
3297 5403 3416 5466 πῶς
3435 5406 3484 5455 οί
3507 5404 3700 5457 λαϐόν-

2006 5504 2097 5550 τες
2125 5487 2187 5540 τὸ
2238 5487 2464 5555 Πνεῦμα
2491 5489 2592 5542 οὐκ
2623 5489 2926 5556 ἐδίδασκον,
2957 5490 3074 5545 ἀλλ’
3113 5491 3388 5554 ’Λπολλὼς
3419 5494 3587 5563 μήπω
3636 5495 3697 5546 τὸ

2007 5576 2231 5646 Πνεῦμα
2270 5576 2483 5642 λαϐών;
2513 5578 2638 5630 Ὅτι
2667 5577 2768 5630 οὐκ
2791 5571 2934 5647 ἦσαν
2966 5577 3108 5631 οὓτω
3135 5576 3371 5646 ζέοντες,
3402 5581 3520 5632 οὐδὲ
3560 5599 3691 5632 κατ-

2009 5681 2112 5734 ηχη
2123 5664 2290 5734 μένοι·
2307 5665 2512 5727 ἐκεῖνος
2524 5665 2580 5718 δὲ
2606 5664 2700 5718 καὶ
2719 5667 3094 5736 κατηχημένος
3115 5661 3302 5736 ἦν,κα“ι
3318 5668 3520 5738 σφόδρα
3536 5669 3691 5733 ζέων.

2071 5937 2083 5950 "
2110 5935 2265 6003 [nam
2291 5938 2419 5996 apud
2459 5937 2623 5986 MOIILI'.
2651 5936 2812 6000 aliqua
2850 5945 2994 6003 parte
3015 5940 3221 5990 mutilus
3256 5952 3319 5988 ex
3358 5938 3516 5987 tribus
3549 5940 3682 5989 codd.

2012 6007 2060 6046 Cl
2090 5999 2236 6047 Sax'll.
2267 6008 2528 6052 reslnlulus
2555 6007 2648 6052 cal.
2678 5999 2814 6054 nam.
