4034 6428
354 365 461 423 285

367 477 521 546 Ἐμοὶ
542 475 599 531 δέ
617 475 874 544 δοκεῖ,ὃτι
897 476 990 532 καὶ
1011 475 1178 550 πολλὴ
1209 472 1275 549 ἦν
1299 477 1330 549 ἡ
1366 447 1647 549 παρρησία
1682 471 1777 528 τοῦ
1801 469 2010 540 ἀνδρός.

365 562 451 616 Ἀ)
461 564 505 616 λ’
515 565 564 619 εἰ
584 565 678 618 καὶ
693 564 936 637 ἀκριϐῶς
953 563 1127 620 ἐλάλει
1144 565 1212 618 τὰ
1227 567 1354 635 περὶ
1364 561 1458 616 τοῦ
1475 561 1670 631 Ἰησοῦ,
1682 563 1833 632 ὅμως
1845 559 2017 612 ἐδεῖτο

357 650 870 726 ζτιάκρισεστέρας
915 653 1278 716 διδασκαλίας.
1310 651 1468 707 Οὕτω
1513 650 1690 706 καίτοι
1714 648 1815 702 οὐκ
1859 645 2014 711 εἰδὼς

1087 329 1092 333 ’
1127 366 1186 422 s.
1219 364 1513 422 .JOANNIS
1544 359 2035 421 CIIRYSOSTUMI
2073 360 2389 418 AllClllEP.
2431 323 2979 422 CONSTAN‘I‘INOP.

3683 363 3790 418 286

2121 469 2404 542 γενώμεθα
2430 473 2606 543 φίλοι;
2651 475 2765 530 οὐκ
2809 475 2961 547 ἔχετε
2997 472 3184 542 φίλους
3242 472 3456 537 ἀλλους,
3506 473 3629 529 είπέ
3666 494 3793 548 μοις

2123 556 2239 621 πῶς
2266 560 2444 614 αὐτῶν
2496 563 2622 615 ἐστε
2659 563 2838 631 φίλοις
2902 560 3020 625 πῶς
3051 560 3369 631 διαμένετε;
3406 560 3556 626 Τέως
3604 563 3796 635 μηδεὶς

2125 644 2328 715 μηδένα
2384 647 2578 719 ἐχθρὸν
2629 649 2818 720 ἐχέτω·
2860 650 2959 704 οὐκ
2991 648 3107 702 ἔστι
3161 647 3320 702 τοῦτο
3351 649 3568 720 μικρόνο
3603 649 3796 721 μηδεὶς

357 737 552 806 πάντα,
585 739 694 794 ἀπὸ
729 741 832 812 τῆς
877 741 1182 814 προθυμίας
1207 739 1559 814 ἐπεσπάσατο
1588 737 1649 792 τὸ
1691 734 1919 808 Πνεῦμα
1957 735 2019 788 τὸ
2119 732 2403 803 φθονείτω·
2435 737 2536 790 οὐκ
2558 735 2635 792 ένι
2664 737 2758 791 τὸν
2785 737 2860 810 μὴ
2895 736 3196 807 φθονοῦντα
3242 737 3594 809 κατηγορεῖν.
3645 737 3793 792 Μίαν

353 824 530 893 άγιον,
560 827 812 900 καθάπερ
837 829 886 882 οἰ
912 831 1042 902 περὶ
1072 829 1393 899 Κορνήλιον.
1419 828 1574 898 Τάχα
1604 824 1790 880 πολλοὶ
1817 821 2017 877 ποθοῦ-

353 927 459 976 σιν,
487 915 535 967 εί
583 916 676 969 καὶ
713 916 808 970 νῦν
832 913 920 989 ἦν,
951 918 1012 972 τὸ
1056 916 1152 972 τοῦ
1209 917 1458 972 Ἰωάννου
1488 915 1789 987 βάπτισμα.
1855 910 2017 965 Ἀλλά

351 998 537 1054 πολλοὶ
568 1001 636 1056 ἂν
654 1003 935 1076 ἠμέλησαν
964 1003 1080 1075 βίου
1135 1003 1412 1076 ἐναρέτου,
1453 1003 1487 1076 ἢ
1517 1003 1609 1057 καὶ
1634 999 1897 1072 ἐνομίσθη
1948 999 2014 1055 ἀν

348 1086 579 1152 ἕκαστος
606 1088 760 1162 [505]
787 1079 875 1147 διὰ
908 1091 1068 1145 τοῦτο
1099 1104 1148 1156 ι,
1186 1091 1282 1146 καὶ
1301 1092 1360 1146 οὐ
1389 1092 1476 1146 διὰ
1525 1089 1802 1162 βασιλείαν
1845 1088 2008 1159 οὐρα-

348 1174 481 1237 νῶν,
516 1176 764 1246 ἐφίεσθαι
791 1177 894 1249 τῆς
916 1179 1358 1252 ἀρετῆς.”Αλλως
1386 1178 1444 1234 δέ
1469 1177 1654 1233 πολλοὶ
1672 1176 1739 1232 ἂν
1766 1175 2013 1247 ἐγένοντο

345 1260 809 1335 ψευδοπροφῆται,
869 1267 964 1321 καί⁵
1007 1267 1111 1321 οὐκ
1142 1265 1207 1322 ἂν
1236 1266 1422 1321 λοιπὸν
1447 1267 1496 1320 οἰ
1548 1265 1763 1336 δόκιμοι
1809 1261 2012 1334 σφόδρα

347 1350 646 1421 ἐφάνησαν,
693 1341 805 1408 οὐδ’
831 1351 900 1408 ἀν
931 1353 1384 1427 ἐμακαρίσθησαν
1416 1355 1464 1407 οἰ
1495 1352 1594 1423 τὴν
1617 1352 1800 1407 πίστιν
1824 1350 2012 1414 ἀπλῶς

344 1436 798 1508 παραδεξάμενοι.
858 1441 1071 1513 Ὠσπερ
1122 1435 1214 1497 οὖν
1243 1444 1309 1495 οι
1353 1439 1441 1512 μὴ
1475 1440 1706 1514 ἰδόντες
1759 1439 1860 1494 καί
1915 1453 2011 1492 πι-

343 1526 714 1592 στεύσαντες
763 1527 1061 1597 μακάριοι,
1117 1528 1288 1593 οὕτως
1319 1529 1369 1582 οί
1419 1529 1588 1600 χωρὶς
1624 1526 1867 1598 σημείων
1915 1543 2007 1580 πι-

345 1608 644 1676 στεύοντες.
669 1614 803 1667 Είπὲ
830 1614 896 1685 δή
935 1632 1046 1687 μοι,
1072 1615 1172 1670 οὐκ
1213 1615 1486 1680 ὀνειδίζων
1525 1614 1796 1678 Ἰουδαίοις
1824 1613 2008 1682 ἔλεγεν

339 1697 368 1754 0
398 1698 651 1771 Χριστός⁸
703 1701 842 1755 Ἐὰν
859 1701 946 1772 μὴ
967 1703 1188 1779 σημεῖα
1218 1702 1403 1772 ἴδητε,
1453 1705 1526 1760 οὺ
1557 1702 1645 1773 μὴ
1675 1702 2007 1779 πιστεύση-

337 1803 438 1854 τε;
467 1788 675 1843 Οὐκοῦν
707 1789 859 1846 οὐδὲν
882 1776 1328 1865 παρεδλάσημεν,
1364 1793 1412 1846 εἰ
1438 1791 1688 1864 θέλοιμεν
1717 1775 2005 1864 προσέχειν

340 1873 573 1940 ἑαυτοῖς.
600 1876 680 1930 Τὸ
706 1878 1000 1947 κεφάλαιον
1029 1879 1224 1951 ἔχομεν
1250 1879 1361 1934 τῶν
1409 1878 1634 1948 ἀγαθῶν
1658 1877 1746 1947 διά
1773 1877 1868 1932 τοῦ
1904 1877 2002 1949 βα-

339 1963 664 2035 πτίσματος⁸
702 1966 897 2038 ἀφεσιν
930 1968 1344 2041 ἁμαρτημάτων
1396 1967 1683 2039 ἐλάϐομεν,
1710 1967 2000 2039 ἀγιασμδν,

338 2049 657 2122 Πνεύματος
707 2055 1012 2127 μετάληψιν
1037 2096 1052 2124 ,
1113 2057 1405 2122 υίοθεσίαν,
1447 2055 1592 2129 ζωὴν
1644 2055 1880 2111 αἰώνιον.
1938 2055 2003 2110 Τί

339 2135 591 2206 βούλεσθε
627 2140 832 2206 πλέον;
889 2145 1128 2214 σημείας
1175 2141 1337 2198 Ἀλλά
1388 2144 1766 2216 καταργεῖται.
1815 2142 2004 2198 Πίστιν

337 2222 501 2295 ἔχεις,
526 2225 735 2291 ἐλπίδα,
759 2228 1003 2301 ἀγάπην,
1033 2229 1124 2284 τά,
1135 2230 1386 2303 μένοντα·
1415 2229 1588 2284 ταῦτα
1628 2229 1804 2302 ζήτει,
1831 2230 2004 2285 ταῦτα

337 2312 578 2381 σημείων
603 2314 796 2385 μείζω.
830 2316 996 2370 Οὐδὲν
1025 2317 1246 2389 ἀγάπης
1269 2317 1404 2373 ῐσον·
1435 2316 1660 2387 Memor
1697 2317 1940 2374 πάντων
1963 2319 2002 2388 ἠ

335 2398 561 2469 ἀιτίπη,
596 2402 749 2473 φησί.
789 2403 905 2458 Νῦν
932 2403 1046 2476 δέή
1103 2406 1290 2479 ἀγάπη
1343 2407 1657 2462 κινδυνεύει·
1693 2407 1862 2478 δνομα
1892 2407 2001 2479 γάρ

335 2487 506 2559 αὐτῆς
535 2490 920 2546 ὑπολέλειπται
972 2493 1154 2565 μόνον,
1183 2493 1244 2547 τὸ
1284 2493 1341 2550 δὲ
1369 2494 1532 2568 ἔργον
1578 2492 1837 2566 οὐδαμοῦ,
1861 2494 1999 2549 ἀλλά

333 2574 640 2648 διηρήμεθα
665 2579 763 2633 ἀπ’
801 2579 1063 2652 ἀλλήλων.

401 2670 470 2733 γ’.
489 2665 554 2718 Τί
576 2661 668 2720 οὖν
697 2666 764 2722 ἀν
792 2684 878 2732 τις
893 2669 1192 2740 ἐργάσαιτο
1216 2668 1357 2722 ῶστε
1381 2667 1613 2738 συνάψαι
1635 2684 1649 2734 ;
1681 2667 1741 2723 τὸ
1768 2669 1868 2741 μὲν
1891 2668 2001 2740 γὰρ

332 2751 626 2820 ἐγκαλέσαι
679 2752 921 2820 εὔκολον,
954 2756 1090 2810 ἀλλά
1141 2755 1303 2811 τοῦτο
1361 2757 1532 2827 ἥμισύ
1565 2757 1736 2811 ἐστιν.
1791 2757 2002 2812 Οὐκοῦν

332 2841 600 2897 δεικνύναι
625 2845 706 2898 δεῖ
741 2843 858 2909 πῶς
885 2845 952 2899 ἂν
989 2845 1284 2918 ἐργασθείη
1328 2845 1500 2917 φιλίαι
1532 2844 1692 2899 τοῦτο
1722 2845 1832 2918 γάρ
1881 2847 1999 2902 ἐστι

329 2932 392 2986 τὸ
426 2933 882 3005 σπουδαζόμενον,
912 2934 1029 2998 πῶς
1057 2935 1127 2989 τά
1168 2935 1307 3005 μέλη
1349 2935 1420 2989 τά
1444 2934 1822 3005 διεσπασμένα
1876 2951 1999 2989 συν-

330 3020 650 3091 αγάγωμεν.
687 3022 762 3076 Οὐ
807 3021 916 3094 γάρ
946 3021 1105 3076 τοῦτό
1141 3023 1259 3077 ἐστι
1306 3023 1367 3077 τὸ
1416 3021 1749 3095 ζητούμενον
1789 3023 1997 3088 ἁπλῶς,

331 3109 379 3161 εἰ
415 3109 542 3179 μίαν
582 3109 910 3183 Ἐκκλησίαν
946 3109 1161 3182 ἔχομεν,
1203 3111 1236 3182 ἦ
1287 3109 1346 3164 ἓν
1376 3110 1556 3181 δόγμα
1585 3127 1599 3142 ο
1631 3109 1767 3164 ἀλλὰ
1800 3110 1863 3164 τὸ
1889 3110 1998 3164 δει-

330 3195 419 3248 νὸν
450 3195 607 3249 τοῦτό
658 3199 839 3262 ἐστιν,
889 3199 972 3252 δτι
1024 3200 1082 3250 ἐν
1125 3199 1240 3261 τοῖς
1275 3197 1458 3261 ἀλλοις
1490 3196 1873 3262 κοινωνοῦντες
1901 3198 1999 3252 ἀλ-

330 3281 534 3354 λήλοις,
583 3285 640 3338 ἐν
687 3286 799 3348 τοῖς
851 3285 1170 3354 ἀναγκαίοις
1211 3284 1272 3338 οὐ
1302 3284 1689 3356 κοινωνοῦμεν,
1726 3286 1822 3339 καὶ
1859 3286 1999 3356 μετά

330 3371 549 3425 πάντων
603 3371 973 3442 εἰρηνεύοντες
999 3412 1016 3438 ,
1062 3373 1120 3426 ἐν
1163 3372 1412 3444 ἀλλήλοις
1468 3373 1854 3444 στασιάζομεν.
1905 3373 1996 3444 Μὴ

329 3459 459 3531 γάρ,
494 3461 542 3512 εἰ
572 3458 647 3530 μὴ
672 3459 849 3529 μάχας
880 3458 1001 3514 καθ’
1024 3460 1260 3531 ἑκάστην
1300 3460 1584 3530 ποιοῦμεν,
1637 3460 1851 3526 σκόπει,
1881 3461 1996 3516 ἀλλ’

330 3545 412 3597 ὅτι
470 3544 590 3598 οὐδέ
625 3544 844 3614 ἀγάπην
900 3544 1128 3613 γνησίαν
1161 3545 1357 3617 ἔχομεν
1387 3547 1480 3599 καὶ
1525 3545 1740 3615 ἀκλινῆ.
1785 3546 1997 3601 Ἐπιδέ-

333 3648 485 3700 σμων
526 3631 683 3707 χρεία
737 3633 832 3684 καὶ
881 3631 1083 3686 ἐλαίου.
1127 3633 1521 3704 Ἐννοήσωμεν,
1575 3633 1658 3688 ὅτι
1708 3633 1998 3707 γνώρισμά

330 3721 477 3772 ἐστιν
503 3720 535 3790 ἡ
561 3717 747 3790 ἀγάπη
772 3719 883 3772 τῶν
914 3719 1172 3791 μαθητῶν
1217 3720 1312 3774 τοῦ
1358 3720 1620 3794 Χριστοῦ,
1653 3723 1737 3777 δτι
1791 3721 1996 3794 ταύτης

329 3809 501 3880 χωρὶς
523 3807 675 3861 οὐδὲν
717 3807 888 3877 ἰσχύει
924 3808 993 3861 τά
1026 3807 1178 3863 ἀλλα·
1211 3809 1293 3862 ὅτι
1347 3809 1564 3864 ἀπονόν⁹
1589 3812 1706 3864 ἐστι
1741 3811 1996 3882 πρᾶγμα,

329 3897 426 3949 ἐὰν
455 3896 717 3966 θέλωμεν.
776 3895 902 3962 Nal,
958 3898 1143 3966 φησὶν,
1174 3895 1396 3968 οἴδαμεν
1442 3897 1634 3960 ταῦτα,
1671 3898 1805 3952 ἀλλά
1855 3897 1995 3966 πῶς,

332 3985 420 4038 ῖνα
457 3984 774 4054 κατορθωθῇ
798 4001 813 4046 ;
873 3984 963 4047 Τί,
990 3984 1076 4037 ἶνα
1104 3985 1367 4056 γένηται;
1421 3985 1561 4050 πῶς,
1612 3986 1699 4040 ἵνα
1755 3985 1997 4058 φιλῶμεν

330 4071 626 4140 ἀλλήλους
667 4071 942 4143 Πρότερον
969 4070 1037 4126 τὰ
1069 4071 1388 4148 ἀναιρετικά
1420 4075 1519 4143 τῆς
1555 4074 1777 4145 ἀγάπης
1804 4073 1997 4139 ἐξέλωο

335 4177 453 4229 μεν,
483 4160 576 4213 καὶ
602 4159 723 4212 τότε
749 4160 1018 4232 στήσομεν
1048 4159 1270 4232 ταύτην.
1304 4160 1509 4232 Μηδεὶς
1563 4160 1703 4215 ἔστω
1731 4161 1997 4232 μνησίκα-

332 4263 447 4309 κος,
479 4245 662 4317 μηδεὶς
684 4245 825 4300 ἔστω
856 4246 1144 4316 βάσκανος,
1192 4247 1383 4318 μηδεὶς
1435 4247 1785 4318 χαιρέκακος·
1819 4247 1996 4302 ταῦτά

331 4335 448 4387 ἐστι
499 4332 565 4386 τὰ
605 4327 916 4388 κωλυτικά·
948 4333 1016 4388 τά
1059 4333 1117 4388 δέ
1166 4333 1426 4406 ποιητικά
1471 4335 1652 4406 ἕτερα.
1695 4335 1810 4388 Οὐκ
1837 4335 1999 4404 ἀρκεῖ

330 4422 400 4474 τά
433 4419 711 4475 κωλύοντα
763 4421 992 4483 ἀνελεῖν,
1050 4421 1186 4475 ἀλλά
1229 4423 1323 4474 καὶ
1349 4420 1418 4474 τά
1468 4421 1698 4475 ἱστῶντα
1731 4422 1838 4493 χρὴ
1863 4422 1998 4475 ὐπο-

331 4508 624 4563 δεικνύναι.
669 4509 726 4562 Ὀ
784 4509 884 4580 μὲν
938 4504 1030 4578 οὖν
1091 4509 1261 4580 Σιράχ
1316 4510 1464 4578 λέγει
1516 4509 1584 4564 τὰ
1633 4509 1993 4581 ἀναιρετικά,

331 4599 427 4650 καὶ
475 4599 575 4651 οὐκ
619 4597 700 4650 ἐτι
746 4597 813 4650 τά
861 4597 1239 4660 συνάπτοντα,
1275 4596 1580 4668 ὀνειδισμὸν
1631 4597 1858 4666 φάσκων
1903 4600 1997 4653 καὶ

337 4684 635 4755 μυστηρίου
693 4683 1037 4753 ἀποκάλυψιν
1067 4683 1160 4736 καὶ
1216 4675 1429 4754 πληγὴν
1460 4684 1660 4738 δολίαν.
1730 4684 1870 4738 Ἀλλ’
1910 4686 1995 4741 ἐπ’

335 4771 556 4824 ἐκείνων
577 4771 674 4840 μὲν
690 4771 912 4835 εἰκότως
932 4770 1122 4833 ταῦτα,
1140 4771 1234 4826 άτε
1248 4771 1524 4842 σαρκικῶν
1535 4773 1724 4828 ὄντων·
1741 4774 1825 4844 ἐφ’
1839 4777 1870 4846 ὴ
1882 4775 1996 4846 μῶν

333 4858 389 4911 δὲ
417 4858 490 4928 μὴ
517 4857 740 4925 γένοιτο·
772 4857 871 4911 οὐκ
894 4858 1001 4911 ἀπὸ
1032 4858 1236 4912 τούτων
1258 4859 1401 4930 ὑμᾶς
1429 4859 1713 4932 ἐνάγομεν,
1741 4861 1856 4916 ἀλλ’
1889 4864 1997 4918 ἀπὸ

334 4944 442 4997 τῶν
469 4944 660 4998 ἀλλων.
685 4943 848 4997 Οὐδὲν
878 4945 1008 5012 ἡμῖν
1029 4945 1144 4998 ἐστι
1164 4947 1396 5017 χρηστὸν
1419 4947 1600 5017 φιλίας
1617 4949 1998 5019 χωρίς.Ἐστω

337 5033 508 5104 μυρία
555 5031 755 5100 άγαθά,
810 5032 945 5086 ἀλλά
974 5033 1028 5085 τί
1055 5033 1115 5085 τὸ
1142 5032 1365 5102 δφελος;
1395 5034 1534 5089 έστω
1577 5036 1820 5101 πλοῦτος,
1859 5038 2000 5093 ἔστω

337 5122 516 5193 τρυφὴ
563 5121 731 5190 φίλων
759 5121 926 5192 χωρὶς
960 5122 1010 5186 b,
1038 5121 1173 5176 ἀλλά
1198 5122 1253 5175 τί
1277 5122 1338 5175 τὸ
1368 5121 1556 5194 κέρδος
1579 5142 1594 5191 ;
1627 5125 1789 5180 Οὐδὲν
1813 5127 1998 5197 κτῆμα

333 5207 524 5263 τούτου
553 5208 771 5263 κάλλιον
793 5208 888 5262 καὶ
917 5211 973 5263 ἐν
992 5212 1104 5273 τοῖς
1137 5209 1412 5279 βιωτικοῖς
1434 5213 1774 5282 πράγμασιν,
1811 5213 1998 5288 ῶσπερ

336 5292 428 5350 οὖν
481 5295 588 5350 τῶν
626 5294 1018 5367 ἐχθραινόντων
1051 5297 1199 5349 οὐδὲν
1224 5296 1621 5370 χαλεπώτερον.
1653 5299 1868 5370 Ἀτὰπη
1904 5319 2002 5355 κα-

336 5383 546 5436 λύπτει
573 5380 801 5449 πλῆθος
825 5382 1269 5452 ἀμαρτνυιάτωνο
1303 5385 1337 5455 ἡ
1357 5383 1413 5436 δέ
1451 5383 1619 5456 ἔχθρα
1667 5385 1851 5439 καὶτὰ
1901 5389 2002 5440 οὐκ

337 5469 466 5522 ὅντα
503 5469 816 5523 ὑποπτεύει.
850 5471 964 5523 Οὐκ
995 5469 1156 5540 ἀρκεῖ
1196 5469 1270 5540 μὴ
1314 5465 1450 5524 εἶναι
1483 5472 1698 5544 ἐχθρὸν,
1749 5472 1886 5526 ἀλλά
1924 5475 2003 5527 δεῖ

339 5556 432 5608 καὶ
481 5553 631 5627 [506]
686 5557 880 5623 φιλεῖν.
925 5557 1225 5626 Ἐννόησον,
1263 5557 1344 5610 ὅτι
1395 5559 1424 5610 0
1459 5559 1690 5629 Χριστὸς
1724 5560 1998 5625 ἐκέλευσε,

341 5644 433 5695 καὶ
453 5645 612 5714 ἀρκεῖ
631 5641 808 5696 τοῦτο.
844 5645 953 5697 Kal
979 5643 1154 5712 θλῖψις
1185 5647 1330 5697 ποιεῖ
1370 5645 1569 5714 φιλίας,
1605 5648 1700 5701 καὶ
1757 5649 1998 5715 συνάγει.

343 5729 406 5780 Τί
435 5726 546 5795 οὖν,
580 5730 732 5798 φησί,
766 5729 876 5792 νῦν,
912 5731 997 5781 ὅτε
1026 5729 1200 5800 θλῖψις
1223 5732 1322 5784 οὐκ
1344 5730 1524 5799 ἔστιν;
1561 5734 1700 5798 εἰπὲ,
1727 5733 1864 5800 πῶς,
1915 5735 2001 5788 ἵνα

408 5930 647 6000 "qudam
673 5947 770 5982 mss
817 5935 1068 6000 Ex-aps'tmf
1112 5938 1196 5988 xiv
1236 5941 1453 6000 ἐνομίσθη
1479 5942 1678 5998 Excute;
1732 5944 1817 5992 Διὰ
1843 5941 1980 5991 τοῖν)

345 5990 371 6031 1'
403 5993 601 6053 Quidam
643 6011 776 6058 ωδε,
805 5990 946 6059 τρᾲη
997 5999 1144 6058 τεῧῐτκ
1167 5990 1331 6065 χωρίς,
1446 5990 1453 6000 ’
1486 5990 1492 5991 ί
1669 5990 1677 5998 ’
1763 6007 1768 6012 ”

2115 821 2373 893 οἰκοῦμεν
2422 824 2752 895 οἰκουμένην
2792 827 3051 892 ἀπαντες,
3105 825 3218 888 τοῖς
3259 824 3445 886 αὐτοῖς
3480 824 3793 896 τρεφόμεθα

2115 910 2366 980 καρποῖς.
2415 910 2576 964 Ἀλλά
2607 909 2781 966 ταῦτα
2817 912 3012 983 μικράο
3059 913 3174 975 τοῖς
3201 911 3388 974 αὐτοῖς
3443 912 3788 983 μυστηρίοις,

2113 996 2213 1068 τῆς
2266 997 2436 1068 αὐτῆς
2488 1001 2864 1071 πνευματικῆς
2919 999 3128 1070 τροφῆς
3177 997 3544 1069 ἀπολαύομεν.
3600 998 3791 1054 Ταῦτα

2114 1082 2286 1153 δήπου
2325 1086 2442 1140 ἐστὶ
2493 1085 2840 1158 δικαιώματα
2884 1085 2980 1140 τοῦ
3031 1086 3226 1152 φιλεῖν.
3264 1086 3386 1152 ΙΙῶς
3422 1082 3516 1141 οὖν
3567 1085 3790 1158 θερμῶς

2112 1170 2517 1244 διακεισόμεθα,
2552 1175 2719 1246 φησί;
2752 1175 2818 1228 Τί
2858 1176 3001 1228 ποιεῖ
3059 1173 3329 1245 σωμάτων
3369 1173 3584 1245 Epona;
3635 1174 3790 1246 Δαμ-

2111 1259 2320 1332 πρότης
2366 1258 2637 1331 σώματος.
2676 1260 2885 1316 Οὐκοῦν
2917 1262 3014 1316 καί¹
3061 1260 3160 1325 τὰς
3191 1259 3370 1333 ψυχάς
3400 1260 3572 1326 καλάς
3617 1263 3789 1334 ἐργα-

2112 1346 2355 1418 σώμεθα,
2391 1348 2487 1401 καὶ
2528 1347 2767 1419 ἐσόμεθα
2821 1348 3074 1420 ἀλλήλοις
3103 1347 3423 1420 ἐπέραστοι·
3454 1350 3517 1403 οὐ
3571 1348 3680 1420 γάρ
3721 1348 3787 1418 δὴ

2110 1436 2286 1506 φιλεῖν
2307 1437 2388 1490 δεῖ
2422 1437 2604 1509 μόνον,
2625 1436 2762 1491 ἀλλά
2787 1437 2884 1492 καὶ
2916 1437 3207 1507 φιλεῖσθαι.
3233 1436 3459 1506 Πρῶτον
3479 1437 3637 1492 τοῦτο
3663 1455 3790 1492 κατ-

2107 1522 2462 1596 ορθώσωμεν,
2489 1511 2630 1578 ὥστε
2690 1523 2984 1594 φιλεῖσθαι,
3017 1524 3114 1579 καὶ
3159 1525 3345 1581 ἐκεῖνο.
3365 1523 3588 1579 εὔκολον
3611 1524 3785 1580 ἔσται.

2109 1610 2236 1675 Πῶς
2255 1605 2348 1666 οῦν
2368 1610 2520 1666 ἔσται
2543 1613 2631 1667 ῐνα
2657 1612 2974 1683 φιλώμεθα;
2997 1611 3290 1683 Γενώμεθα
3313 1611 3490 1674 καλοὶ,
3513 1611 3787 1668 καὶτοῦτο

2107 1697 2492 1770 ἐργαζώμεθα,
2525 1699 2665 1754 ὥστε
2706 1699 2945 1771 ἐραστὰς
2984 1699 3128 1771 ἐχειν
3155 1702 3258 1756 ἀεί.
3313 1700 3521 1772 Μηδεὶς
3554 1700 3786 1756 σπουδα-

2107 1785 2247 1852 ζέτω
2267 1787 2344 1858 μὴ
2379 1788 2636 1859 χρήματα
2673 1787 2930 1851 κτᾶσθαι,
2988 1787 3063 1860 μὴ
3094 1787 3427 1859 ἀνδράποδα,
3456 1790 3532 1860 μὴ
3584 1789 3783 1854 οἰκίας,

2105 1875 2182 1938 ὡς
2212 1873 2274 1928 τὸ
2307 1874 2599 1944 φιλεῖσθαι,
2658 1873 2734 1938 ώς
2771 1873 2944 1945 ὄνομα
3000 1875 3240 1948 χρηστὸν
3291 1875 3456 1947 ἔχειν.
3505 1875 3787 1945 Κρεῖττον

2107 1961 2316 2031 ὄνομα.
2365 1961 2697 2031 ἢπλοῦτος
2746 1961 2966 2026 πολύς.
3009 1963 3084 2017 Τὸ
3111 1963 3210 2034 μέν
3257 1963 3371 2035 γάρ
3429 1963 3604 2036 μένει,
3652 1964 3682 2016 0
3725 1963 3784 2018 δέ

2103 2048 2423 2104 ἀπόλλυται·
2483 2048 2580 2102 καὶ
2632 2048 2692 2102 τὸ
2728 2048 2831 2120 μὲν
2862 2049 3091 2105 δυνατὸν
3123 2049 3460 2121 κτήσασθαι,
3500 2050 3676 2104 ἐκεῖνο
3723 2050 3783 2106 δέ

2103 2137 2386 2192 ἀδύνατον.
2427 2136 2486 2192 '0
2515 2136 2615 2208 μὲν
2642 2135 2752 2210 γάρ
2796 2137 3042 2210 πονηρὰν
3077 2137 3236 2205 δόξαν
3261 2137 3465 2204 λαϐὼν,
3508 2137 3785 2204 δυσκόλως

2103 2223 2272 2296 αὐτὴν
2297 2223 2652 2296 ἀποϐήσεται·
2679 2225 2708 2279 0
2740 2225 2796 2279 δέ
2820 2224 2987 2299 πένης
3020 2226 3232 2297 ταχέως
3263 2225 3372 2280 ἀπὺ
3399 2224 3495 2280 τοῦ
3522 2225 3786 2296 ὀνόματος

2103 2310 2256 2366 ἔσται
2281 2310 2554 2377 πλούσιος.
2591 2312 2774 2366 Ἔστω
2797 2328 2882 2376 τις
2911 2312 3082 2385 μυρία
3110 2313 3350 2368 τάλαντα
3370 2313 3532 2385 έχων,
3560 2315 3589 2368 0
3611 2313 3669 2368 δὲ
3689 2314 3784 2384 φί-

2102 2399 2227 2464 λους
2279 2401 2496 2456 ἐκατόν’
2555 2395 2712 2466 οὗτος
2744 2402 2957 2456 ἐκείνου
3004 2402 3407 2474 εὐπορώτερος.
3459 2401 3550 2472 Μὴ
3601 2402 3785 2457 τοίνυν

2101 2492 2288 2558 ἀπλῶς
2315 2491 2476 2546 τοῦτο
2509 2492 2778 2564 ποιῶμεν,
2803 2490 2921 2545 ἀλλ’
2955 2490 3318 2564 ἐργαζώμεθα
3380 2491 3457 2555 ώς
3520 2489 3786 2561 εὐπορίαν

2105 2580 2230 2634 τινά
2250 2590 2298 2636 ο.
2313 2581 2425 2634 Kal
2447 2579 2564 2642 πῶς
2590 2578 2891 2649 δυνάμεθα,
2911 2578 3046 2650 φησί
3065 2596 3080 2646 ;
3109 2577 3355 2648 Λάρυτξ
3371 2577 3604 2647 γλυκὺς
3627 2580 3786 2645 πλη-

2101 2673 2269 2727 θύνει
2296 2672 2516 2743 φίλους
2545 2669 2753 2735 αὐτοῦ,
2782 2669 2881 2734 καί
2903 2669 3156 2740 γλῶσσα
3187 2668 3570 2738 εὐχάριστος.
3597 2667 3786 2738 Στόμα

2101 2759 2348 2832 εὐφημον
2403 2757 2758 2830 κτησώμεθα,
2793 2758 2890 2812 καὶ
2919 2756 3154 2829 τρόπους
3203 2755 3500 2828 καθαρούς.
3556 2755 3670 2809 Οὐκ
3702 2753 3786 2809 ένι

2100 2847 2284 2902 λαθεῖν
2321 2847 2413 2901 τὸν
2439 2846 2583 2901 οὕτω
2614 2845 2980 2915 διακείμενον.

2168 2933 2230 2988 δ’.
2251 2933 2394 3007 Ὅρα
2414 2933 2554 2986 πόσα
2581 2933 2631 2986 οί
2648 2931 2848 2998 ἔξωθεν
2869 2929 3173 3001 ἐπενόησαν
3194 2929 3405 2999 φιλικά,
3437 2929 3785 2997 συντεκνίαν,

2098 3021 2389 3093 γειτονίαν,
2435 3022 2773 3092 συγγενείας.
2819 3020 2981 3074 Ἀλλά
3028 3021 3236 3073 τούτων
3272 3020 3492 3074 πάντων
3525 3020 3595 3074 τά
3643 3023 3783 3091 παρ’

2099 3111 2231 3181 ἡμῖν
2263 3105 2484 3178 μείζονα
2504 3125 2518 3140 ο
2549 3109 2582 3179 η
2607 3105 2854 3178 τράπεζα
2890 3105 3029 3177 αὐτη
3051 3104 3473 3177 αἰδεσιμωτέρα.
3497 3105 3692 3160 Πολλοί
3722 3106 3787 3160 δὲ

2097 3197 2208 3251 τῶν
2236 3195 2568 3268 προσιόντων
2613 3193 2734 3247 οὐδέ
2769 3193 2927 3265 ἰσμεν
2957 3193 3243 3262 ἀλλήλους.
3287 3193 3362 3246 Τὸ
3392 3193 3600 3264 πλῆθος
3621 3191 3788 3248 τοῦτο

2100 3285 2264 3350 ποιεῖ,
2305 3281 2492 3354 φησίν.
2537 3279 2822 3352 Οὐδαμῶς,
2871 3279 2988 3334 ἀλλ’
3020 3282 3053 3352 ἠ
3086 3280 3331 3352 ἡμετέρα
3361 3279 3580 3335 νωθεία.
3614 3279 3788 3352 Τρισ-

2098 3372 2258 3443 χίλιοι
2290 3368 2430 3443 ἦσαν
2451 3373 2544 3426 καὶ
2574 3369 3020 3442 πεντακισχίλιοι,
3045 3369 3138 3423 καί
3163 3370 3366 3432 πάντες
3419 3364 3565 3439 εἰχον
3599 3368 3786 3442 ψυχὴν

2102 3463 2231 3534 μίαν
2250 3479 2263 3494 ·
2306 3459 2403 3516 νῦν
2451 3460 2509 3514 δέ
2541 3460 2773 3523 ἕκαστος
2797 3458 2891 3513 τὸν
2922 3457 3152 3527 ἀδελφὸν
3174 3458 3380 3526 ἀγνοεῖ,
3413 3458 3510 3512 καὶ
3556 3457 3656 3511 οὐκ
3689 3461 3784 3513 αἰ-

2101 3548 2431 3621 σχύνεταιτδ
2459 3547 2662 3618 πλῆθος
2691 3547 3039 3616 αἰτιώμενος.
3084 3544 3143 3600 '0
3179 3546 3362 3618 μέντοι
3418 3545 3646 3610 πολλοὺς
3684 3546 3781 3615 φί-

2098 3636 2222 3700 λους
2267 3635 2426 3705 ἔχων,
2462 3633 2735 3698 ἀνάλωτος
2791 3633 2994 3688 άπασίν
3048 3632 3186 3699 ἐστι,
3242 3634 3509 3705 τυράννου
3573 3633 3782 3699 παντὸς

2098 3718 2253 3785 οὗτος
2283 3722 2648 3794 ἰσχυρότερος.
2684 3721 2797 3790 Οὐχ
2827 3719 3004 3785 οὕτως
3031 3721 3240 3776 ἐκεῖνον
3281 3723 3332 3775 οἰ
3355 3721 3642 3792 δορυφόροι
3677 3738 3782 3789 φυ-

2097 3812 2404 3876 λάττουσιν,
2426 3810 2502 3874 ὡς
2529 3808 2721 3863 τοῦτον
2768 3809 2817 3862 οί
2860 3808 3004 3879 φίλοι
3024 3825 3038 3838 ·
3074 3808 3169 3861 καὶ
3188 3807 3572 3880 λαμπρότερος
3620 3801 3783 3874 οὗτος

2097 3900 2327 3957 ἐκείνου.
2371 3897 2431 3952 '0
2467 3898 2566 3968 μέν
2603 3896 2711 3967 γὰρ
2740 3897 2892 3968 παρά
2918 3896 3027 3950 τῶν
3058 3895 3224 3951 αὐτοῦ
3256 3895 3457 3950 δούλων
3508 3896 3782 3965 φυλάττε-

2095 4007 2204 4055 ται,
2236 3990 2266 4042 0
2284 3987 2341 4043 δὲ
2364 3987 2512 4060 παρὰ
2537 3987 2645 4042 τῶν
2676 3985 2956 4058 ὁμοτίμων
2980 4001 2994 4015 ·
3029 3987 3124 4042 καὶ
3151 3987 3182 4040 0
3213 3986 3314 4060 μὲν
3350 3985 3503 4058 παρά
3524 3987 3777 4042 ἀκόντων

2096 4079 2190 4133 καὶ
2217 4077 2553 4142 δεδοικότων,
2582 4069 2737 4139 οὗτος
2763 4075 2820 4128 δέ
2853 4073 3007 4145 παρά
3034 4073 3294 4141 ἑκόντων,
3325 4076 3420 4130 καί.
3447 4075 3510 4128 οὐ
3532 4075 3777 4145 δεδοικό-

2095 4184 2202 4222 των
2218 4184 2234 4200 ·
2269 4166 2365 4220 καὶ
2391 4164 2538 4218 ἐστιν
2565 4165 2695 4218 ἰδεῖν
2719 4165 2955 4235 πρᾶγμα
2975 4162 3312 4233 θαυμαστὸν,
3337 4165 3396 4217 ἐν
3417 4163 3632 4226 πολλοῖς
3654 4163 3777 4227 ἕνα,

2096 4252 2192 4306 καὶ
2216 4252 2274 4304 ἐν
2306 4251 2386 4304 ἐνὶ
2418 4250 2666 4313 πολλούς.
2713 4249 2825 4303 Kal
2854 4249 3107 4320 καθάπερ
3139 4249 3235 4302 ἐπὶ
3263 4249 3496 4320 κιθάρας
3528 4248 3780 4320 διάφοροι

2101 4339 2197 4409 μὲν
2218 4338 2267 4390 οἰ
2293 4337 2539 4407 φθόγγοι,
2571 4336 2668 4407 μία
2693 4336 2751 4390 δὲ
2776 4337 2809 4407 ἡ
2835 4336 3119 4407 συμφωνία
3143 4335 3195 4402 τι,
3227 4331 3308 4401 εἷς
3330 4335 3386 4391 δέ
3405 4337 3436 4390 0
3460 4337 3714 4407 μουσικὸς
3749 4339 3782 4393 0

2096 4425 2196 4496 τὴν
2229 4423 2460 4497 κιθάραν
2490 4424 2882 4497 μεταχειρίζων
2907 4439 2922 4454 ·
2953 4424 3125 4489 οὕτως
3151 4423 3408 4489 ἐνταῦθα,
3437 4423 3640 4496 κιθάρα
3674 4423 3781 4494 μὲν

2097 4515 2241 4570 ἐστιν
2273 4513 2411 4588 αὐτὴ
2437 4516 2468 4586 ἡ
2494 4514 2712 4583 ἀγάπη,
2743 4512 2971 4583 φθόγγοι
2997 4513 3054 4567 δὲ
3084 4511 3344 4584 ἠχοῦντες
3370 4511 3440 4566 τά
3463 4511 3531 4566 δι’
3549 4511 3783 4584 ἀγάπης

2099 4604 2482 4676 προφερόμενα
2514 4605 2737 4675 ῥήματα
2765 4601 2976 4672 φιλικά,
3012 4601 3141 4673 μίαν
3163 4601 3259 4654 καὶ
3287 4601 3389 4671 τὴν
3405 4599 3575 4672 αὐτὴν
3598 4599 3780 4655 ἀπαν-

2097 4711 2186 4756 τες
2211 4693 2459 4762 ἀφιέντες
2487 4691 2754 4765 ἁρμονίαν
2788 4690 2884 4743 καὶ
2918 4688 3238 4760 συμφωνίαν
3256 4704 3270 4721 ·
3319 4688 3349 4740 0
3373 4688 3430 4742 δέ
3455 4687 3713 4759 μουσικὸς
3743 4691 3783 4760 ἡ

2098 4781 2198 4850 τῆς
2246 4781 2463 4851 ἀγάπης
2492 4779 2757 4850 δύναμις·
2798 4777 2935 4847 α’ὐτη
2992 4775 3180 4848 κρούει
3229 4775 3291 4829 τδ
3340 4775 3501 4847 μέλος
3555 4775 3617 4830 τὸ
3650 4775 3781 4846 ἡδύ.

2112 4869 2437 4939 Ἐδουλόμην
2468 4869 2610 4938 ὑμᾶς
2642 4867 2872 4934 ἀγαγεῖν
2899 4865 2980 4927 εἰς
3028 4863 3182 4918 πόλιν
3205 4863 3482 4935 τοιαύτην,
3515 4863 3569 4916 εί
3585 4879 3649 4932 γε
3686 4864 3786 4918 δυ-

2100 4959 2276 5023 νατὸν,
2311 4957 2388 5012 ἐνί
2418 4977 2436 5009 ι
2471 4957 2567 5027 μία
2593 4953 2740 5025 ψυχὴ
2755 4949 2841 5024 ἦν,
2870 4953 2964 5006 καὶ
2981 4947 3123 5016 εἶδες
3154 4951 3221 5007 ἂν
3241 4951 3388 5016 ὅπως
3413 4951 3594 5022 πάσης
3623 4951 3783 5028 [507]

2101 5047 2330 5115 κιθάρας
2355 5048 2447 5098 κ..ὶ
2479 5043 2676 5106 παντὸς
2694 5040 2859 5096 αὐλοῦ
2881 5041 3256 5111 ἀρμοδιωτέρα
3273 5040 3307 5110 ἡ
3329 5040 3447 5093 ἐκεῖ
3468 5042 3783 5111 συμφωνία,

2100 5134 2246 5188 οὐδὲν
2276 5134 2483 5204 ἀπηχὲς
2504 5132 2705 5202 ᾄδουσα
2729 5130 2914 5200 μέλος.
2959 5127 3130 5182 Τοῦτο
3151 5129 3244 5182 καὶ
3263 5127 3530 5197 ἀγγέλους
3552 5128 3650 5181 καὶ
3681 5129 3785 5185 τὸν

2100 5223 2343 5291 ἀγγέλων
2365 5221 2641 5290 Δεσπότην
2671 5217 2802 5273 Θεὸν
2828 5217 3108 5290 εὐφραίνει
3142 5216 3204 5270 τὸ
3233 5215 3424 5287 μέλος’
3466 5215 3623 5270 τοῦτο
3655 5217 3786 5273 ὅλον

2100 5311 2159 5362 τὸ
2183 5312 2239 5363 ἐν
2266 5309 2344 5379 τῷ
2371 5309 2430 5360 οὐ
2441 5307 2585 5378 ρανῷ
2608 5305 2831 5377 θέατρον
2848 5304 3183 5374 διανίστησιο
3213 5301 3370 5357 τοῦτο
3397 5304 3490 5358 καὶ
3506 5304 3785 5374 δαιμόνων

2102 5399 2255 5469 κηλεῖ
2283 5397 2471 5467 θυμὸν,
2502 5393 2693 5447 παθῶν
2730 5393 3050 5462 καταθέλγει
3098 5391 3275 5462 ὁρμάς
3300 5402 3346 5444 ο.
3393 5390 3565 5445 Τοῦτο
3594 5391 3655 5444 τὸ
3690 5393 3787 5462 μέ-

2102 5487 2190 5548 λος
2213 5487 2274 5539 οὐ
2315 5487 2471 5556 μόνον
2498 5483 2647 5552 πάθη
2674 5481 2849 5552 κηλεῖ,
2878 5481 2991 5536 ἀλλ’
3019 5480 3138 5533 οὐδέ
3167 5479 3524 5549 διαναστῆναι
3558 5478 3783 5550 ἀφίησι,

2104 5575 2194 5629 καὶ
2223 5573 2422 5643 πολλὴν
2455 5573 2550 5642 τὴν
2586 5571 2742 5642 σιγὴν
2771 5568 3084 5640 ἐργάζεται.
3124 5567 3392 5637 Καθάπερ
3435 5566 3543 5638 γάρ
3572 5568 3629 5620 ἐν
3653 5567 3788 5623 θεά-

2166 5822 2187 5850 θ
2214 5819 2387 5868 Morel.
2416 5822 2480 5874 ὡς
2508 5818 2726 5880 εὐπορίαν
2760 5817 2879 5876 τινά,
2911 5824 3014 5866 tres
3063 5821 3127 5871 ὡς
3162 5816 3389 5880 ἐμπορίαν
3415 5816 3532 5880 τινά.
3560 5815 3784 5880 Utraque

2103 5884 2252 5931 lectio
2269 5881 2507 5942 quadrare
2539 5879 2712 5928 'rolésl.
2746 5879 2766 5917 ἀ
2796 5880 2929 5928 Unus
2953 5880 3035 5941 μία
3060 5881 3110 5928 δὲ
3132 5882 3158 5936 ἠ
3186 5879 3369 5942 iam}?
3432 5879 3505 5929 (αἱ
3522 5879 3609 5942 ,τήν
3633 5880 3785 5938 αὐτὴν

2103 5941 2302 5996 ἅπαντες
2326 5945 2507 6003 ἀφῶσιν
2539 5945 2753 6002 χρμονίαν
2779 5943 2858 5989 καὶ
2879 5942 3166 6002 συμφωνίαν.
3245 5945 3263 5970 ε
3291 5941 3421 6000 Ηὶῑι,
3448 5941 3605 5988 παθῶν
3632 5958 3782 5990 κατα.-

2104 6007 2247 6062 θῦγει
2277 6007 2436 6071 appr};
2478 6003 2506 6050 d
2542 6010 2650 6054 sum
2679 6006 2724 6053 in
2773 6003 3060 6065 quibusd'lm
3084 6018 3197 6053 mss.
