4034 6414
157 331 254 385 285

159 457 311 498 ηίυιιι
343 454 679 516 acceperant
710 461 819 504 non
847 448 1274 514 docebant,cum
1291 450 1508 522 Apollo,
1527 450 1617 520 qui
1641 466 1767 506 non-

157 536 278 587 dum
299 546 618 605 acceperat,
636 537 896 595 doceret?
916 539 1052 608 Quia
1078 555 1184 596 non
1200 552 1355 597 erant
1378 542 1451 595 ita
1475 539 1765 605 ferventes,

161 640 254 680 nec
277 627 516 680 instituti
546 642 559 678 ε
592 628 683 682 ille
723 644 854 684 vero
875 639 931 685 et
956 630 1231 687 institutus
1258 641 1452 687 eratet
1477 631 1768 687 admodum

163 716 394 771 fervens.
422 716 556 771 Mihi
579 727 760 772 autent
791 719 1003 776 videtur
1025 723 1244 778 multam
1278 723 1329 776 in
1362 723 1478 778 viro
1508 721 1675 778 fuisse
1696 721 1772 777 di-

163 809 315 862 cendi
364 809 698 864 libertatem.
749 810 858 866 Sed
907 813 1006 867 etsi
1052 821 1301 868 accurate
1345 813 1655 883 loqueretur
1703 811 1772 868 de

164 899 307 962 lcsu,
358 901 705 956 accuratiore
737 910 917 959 tamen
943 905 1188 960 doctrina
1226 920 1360 976 Opus
1388 904 1614 961 habebat
1649 923 1661 958 :
1691 906 1770 961 sic

163 992 256 1045 rtsi
286 1007 395 1046 non
424 993 612 1048 omnia
638 994 824 1058 sciret,
855 1011 920 1050 ex
943 995 1158 1052 fervore
1185 996 1489 1053 attrahebat
1508 995 1766 1066 Spiritum

161 1095 428 1150 sanctum,
464 1085 707 1140 utetiam
737 1086 1038 1143 Cornelius.
1074 1087 1326 1143 Fortasse
1365 1088 1516 1142 multi
1559 1087 1770 1142 deside-

162 1182 297 1236 rmt,
325 1174 538 1228 utinam
565 1175 732 1230 etiam
764 1188 907 1231 nunc
948 1185 1094 1231 esset
1117 1176 1341 1232 Joannis
1369 1177 1669 1247 baptisma!
1702 1180 1770 1230 At

164 1263 309 1316 multi
343 1264 607 1319 virtutem
648 1265 1014 1335 negligercnt;
1046 1276 1099 1320 ct
1129 1265 1273 1324 forte
1312 1267 1628 1322 crederetur
1666 1268 1768 1322 sin-

159 1355 308 1422 gulos
337 1365 568 1427 propter
601 1358 723 1418 hoc,
749 1372 855 1412 non
879 1368 1098 1429 preptcr
1125 1375 1351 1429 regnum
1379 1359 1634 1414 cmlorum
1663 1360 1770 1414 vir-

161 1456 324 1503 tutem
373 1447 549 1504 adire.
578 1448 834 1518 Alioquin
879 1459 1062 1506 autem
1104 1451 1254 1504 multi
1303 1459 1488 1506 essent
1531 1450 1767 1521 pseudo-
1849 1461 1857 1467 ·

162 1539 440 1611 prophetae
464 1581 482 1606 ,
514 1554 620 1595 nec
671 1550 856 1610 postea
898 1543 988 1613 qui
1035 1543 1244 1612 probati
1290 1553 1516 1610 essent,
1541 1543 1765 1597 multum

159 1639 524 1700 apparerent,
572 1645 674 1686 nec
708 1632 848 1687 beati
883 1634 1302 1701 prredicareutur
1330 1636 1420 1704 qui
1455 1633 1614 1690 ﬁdem
1646 1636 1767 1690 sim-

161 1720 368 1789 pliciter
393 1721 762 1790 susciperent.
793 1721 861 1778 l.‘t
887 1737 1015 1794 ergo
1041 1724 1142 1791 Qui
1181 1741 1283 1779 non
1324 1726 1558 1780 uiderunt
1589 1734 1635 1779 et
1660 1742 1771 1779 cre—

163 1811 420 1878 diderunt,
444 1813 583 1867 beati
606 1822 726 1868 sum
747 1813 929 1885 (locu.
961 1815 1053 1872 20.
1085 1816 1203 1886 29),
1232 1818 1311 1874 sic
1336 1818 1427 1889 qui
1455 1818 1573 1873 sine
1599 1818 1768 1888 signis

159 1903 530 1968 crediderumt,
565 1905 728 1960 beati.
763 1907 859 1964 Dic
885 1908 1030 1963 enim
1057 1909 1188 1963 mihi
1212 1953 1227 1975 ,
1254 1926 1436 1966 annon
1468 1913 1766 1983 exprobra-

161 1993 247 2048 bat
269 1993 526 2051 Christus
550 1994 776 2061 Iudaeis,
806 1997 991 2053 dicens
1019 2019 1031 2053 :
1067 1998 1188 2054 Nisi
1213 2001 1363 2072 signa
1391 2002 1636 2068 videritis,
1667 2018 1768 2056 non

159 2086 372 2140 credetis
393 2085 584 2158 (Joan.
608 2088 661 2142 4.
695 2089 831 2159 48)?
859 2087 1040 2161 Itaque
1070 2091 1202 2146 niltil
1225 2093 1350 2149 hinc
1372 2093 1529 2149 nobis
1560 2093 1764 2157 damni,

159 2178 203 2231 si
231 2175 387 2232 nobis
420 2179 719 2236 attendere
758 2181 1106 2237 voluerimus.
1157 2183 1330 2254 Caput
1379 2185 1645 2242 bonorum
1677 2187 1764 2241 ha-

163 2269 346 2324 bemus
372 2284 472 2338 per
503 2271 831 2340 baptismum
865 2291 878 2327 :
906 2285 1248 2345 peccatorum
1288 2279 1661 2335 remissionem
1686 2295 1770 2336 ac-

160 2360 421 2429 cepimus,
451 2362 935 2421 sanctiﬁcationem
963 2353 1240 2437 {Spiritus
1269 2370 1762 2440 participationem,

160 2452 506 2519 adoptionem
532 2493 548 2520 ,
585 2453 749 2509 vitam
782 2465 1060 2513 internum.
1096 2459 1233 2528 Quid
1280 2462 1514 2532 amplius
1559 2463 1767 2519 vultis?

161 2542 349 2612 signa?
375 2541 486 2598 Sed
530 2557 900 2603 cessaverunt.
931 2548 1116 2605 Fidem
1154 2550 1343 2620 habes,
1363 2567 1514 2624 spem
1535 2595 1552 2621 ,
1574 2555 1768 2609 carita-

161 2641 286 2699 tem,
315 2649 439 2703 qua:
468 2647 722 2690 manent:
756 2637 872 2693 hinc
898 2656 1100 2708 qurere,
1139 2641 1256 2699 haec
1298 2644 1468 2715 signis
1509 2654 1634 2700 sunt
1663 2661 1770 2702 ma-

159 2724 294 2792 jora.
327 2724 473 2779 Nihil
504 2741 600 2796 par
623 2730 870 2795 caritati;
899 2731 1073 2805 Major
1110 2737 1335 2790 ominum
1361 2745 1434 2794 est
1457 2739 1648 2794 caritas
1669 2739 1688 2808 (
1711 2741 1763 2799 1.

162 2815 276 2870 Cor.
299 2817 392 2872 i5.
426 2819 546 2887 15),
580 2821 775 2892 inquit.
801 2823 957 2881 Nunc
987 2842 1116 2882 vero
1159 2829 1356 2885 caritas
1385 2831 1721 2900 periclitatur
1751 2849 1764 2885 :

162 2909 332 2964 solum
373 2911 574 2982 quippe
609 2929 808 2972 nomen
857 2917 974 2988 ejus
1016 2920 1262 2976 relictum
1309 2930 1430 2991 est,
1459 2938 1597 2993 opus
1638 2939 1768 2980 vero

163 3014 451 3071 nusquam,
485 3005 579 3058 sed
610 3004 766 3061 divisi
795 3022 985 3065 sumus
1011 3011 1152 3066 inter
1180 3027 1300 3067 nos.

227 3092 281 3146 3.
324 3091 534 3150 Caritas
556 3097 799 3153 amicitia
819 3100 1075 3156 vinculum
1099 3142 1114 3167 ,
1145 3111 1192 3156 et
1216 3103 1588 3171 discipularum
1618 3104 1766 3159 Clari-

163 3185 222 3238 ui
251 3193 466 3239 msera.
494 3214 570 3226 —
595 3187 733 3256 Quid
765 3191 929 3260 igitur
954 3194 1222 3264 agendum
1252 3205 1310 3250 ut
1341 3200 1768 3256 connectamur?

163 3287 283 3329 tiam
310 3273 716 3345 reprehendere
743 3280 902 3338 facile
929 3293 1013 3339 est
1032 3325 1046 3348 ,
1077 3285 1172 3341 sed
1202 3286 1304 3342 hoc
1333 3287 1613 3344 dimidium
1645 3299 1765 3344 tan-

163 3373 294 3419 tum.
344 3365 530 3436 Itaque
579 3372 990 3428 monstrandum
1032 3385 1154 3441 est,
1200 3378 1474 3447 quomodo
1523 3390 1769 3437 nectatur

164 3454 396 3512 amicitia
425 3477 440 3512 :
475 3457 580 3514 hoc
607 3462 751 3516 enim
783 3465 1081 3521 curandum
1113 3468 1384 3538 quomodo
1412 3472 1654 3526 membra
1685 3473 1767 3529 di-

166 3729 266 3784 hoc
290 3745 455 3801 grave
481 3742 584 3800 est,
610 3736 752 3805 quod
777 3751 896 3793 cum
939 3740 990 3794 in
1033 3741 1152 3798 aliis
1194 3753 1380 3800 mutuo
1403 3748 1765 3804 communice-

169 3836 325 3886 mus,
380 3822 434 3876 in
485 3829 808 3882 necessariis
856 3845 963 3885 non
1013 3837 1506 3903 communicemus,
1540 3846 1595 3894 et
1641 3854 1762 3895 cum

168 3911 411 3967 onmihus
444 3928 629 3982 pacem
655 3916 938 3986 habentes,
966 3923 1104 3978 inter
1133 3940 1233 3980 nos
1258 3925 1661 3984 dissentiamus.
1685 3930 1764 3987 Ne

169 4001 304 4054 enim
329 4043 345 4066 ,
370 4005 514 4073 quod
549 4022 658 4059 non
688 4010 929 4078 quotidie
967 4028 1172 4085 pugnas
1203 4032 1517 4074 moveamus
1541 4062 1556 4087 ,
1585 4022 1760 4076 consi-

168 4090 288 4145 dera
315 4133 330 4154 ,
365 4093 459 4148 sed
488 4095 633 4166 quod
677 4099 944 4157 sinceram
1000 4115 1055 4160 et
1100 4107 1432 4164 immobilem
1482 4114 1760 4169 caritatem

169 4198 267 4237 non
298 4183 582 4241 habemus.
616 4188 979 4260 Ligaminibus
1008 4210 1144 4268 Opus
1173 4210 1256 4255 est
1295 4211 1350 4255 et
1378 4203 1516 4258 oleo.
1548 4205 1762 4276 Cogite-

167 4287 279 4328 mus
304 4275 589 4332 caritatem
636 4288 893 4338 tesseram
937 4301 1058 4342 esse
1105 4289 1490 4361 discipulorum
1519 4293 1758 4365 Christi,

165 4373 214 4417 et
241 4366 359 4420 sine
391 4368 480 4423 illa
509 4370 645 4425 nihil
678 4374 855 4430 valere
880 4377 1009 4445 alia,
1040 4395 1262 4451 remque
1287 4399 1406 4439 esse
1430 4387 1548 4442 sine
1578 4388 1761 4447 labore

164 4456 203 4507 si
230 4456 480 4514 velimus.
507 4459 685 4516 Etiam
711 4505 727 4530 ,
753 4464 961 4536 inquies
983 4511 998 4536 ,
1031 4471 1145 4527 lucc
1185 4475 1432 4533 novimus
1457 4494 1470 4544 ;
1501 4479 1594 4534 sed
1622 4496 1756 4550 quo-

164 4547 317 4600 modo
363 4549 414 4603 id
443 4563 593 4608 recte
617 4559 874 4624 geretur?
895 4563 1176 4626 Quomodo
1207 4566 1340 4621 ﬁet?
1364 4571 1636 4639 quomodo
1659 4588 1758 4627 nos

163 4649 344 4695 mutuo
369 4642 701 4714 diligemus?
731 4650 911 4707 Primo
940 4669 1002 4709 ea
1028 4697 1042 4720 ,
1066 4673 1184 4727 quae
1210 4661 1487 4717 Caritatem
1517 4666 1714 4720 tollunt
1739 4709 1753 4734 ,

161 4730 222 4784 .le
250 4732 432 4787 medio
461 4737 799 4809 abjiciamus,
826 4753 880 4798 et
907 4754 1031 4801 tunc
1056 4748 1202 4803 illam
1225 4759 1523 4809 statuemus
1552 4773 1564 4809 :
1595 4771 1755 4813 nemo

160 4824 224 4878 sit
262 4825 585 4894 injuriarum
617 4847 845 4901 memor,
879 4853 1038 4893 nemo
1064 4841 1296 4906 invidus,
1327 4860 1488 4902 nemo
1515 4847 1566 4901 in
1599 4849 1756 4905 malis

159 4916 426 4982 gaudeat:
476 4919 592 4976 haec
646 4923 987 4984 dilectionem
1038 4932 1355 5003 impediunt.
1407 4937 1523 4992 Alia
1571 4950 1752 4996 autem

158 5019 274 5062 sunt
297 5048 314 5074 ,
343 5020 467 5080 qua:
495 5025 614 5067 eam
646 5017 898 5074 exhibent
929 5039 941 5075 :
973 5037 1078 5077 non
1107 5025 1249 5080 enim
1293 5027 1493 5084 sufﬁcit
1521 5047 1642 5100 qua:
1686 5031 1752 5087 il-

159 5097 254 5150 lam
286 5101 585 5169 impediunt
615 5107 824 5174 tollere,
853 5111 945 5166 sed
977 5114 1137 5169 etiam
1167 5132 1285 5186 quas
1325 5121 1470 5175 illam
1494 5097 1749 5191 statuant,

158 5199 273 5242 sunt
297 5193 656 5250 ostendenda.
687 5198 871 5254 Sirach
899 5218 1026 5273 ergo
1054 5205 1204 5274 dicit,
1233 5225 1296 5265 ea
1326 5227 1448 5282 qua:
1478 5214 1620 5270 illam
1653 5219 1752 5271 tol-

161 5277 286 5344 lunt,
309 5292 364 5335 et
390 5299 500 5339 non
530 5301 593 5341 ea
623 5303 742 5358 qua:
768 5295 1091 5363 conciliant,
1125 5303 1599 5371 exprobrationem
1630 5324 1751 5365 esse

158 5375 464 5442 itmysterii
509 5380 892 5437 revelationcm
921 5397 976 5441 et
1014 5389 1220 5460 plagam
1264 5394 1506 5450 dolosam
1540 5399 1557 5469 (
1585 5397 1745 5454 Eccli.

156 5460 237 5514 ἓξ.
265 5463 332 5517 27
361 5466 398 5534 ).
426 5468 533 5524 Sed
562 5471 669 5527 illis
701 5483 886 5543 utpote
910 5481 1214 5538 carnalibus
1247 5489 1439 5543 merito
1473 5460 1594 5544 talia
1627 5508 1737 5561 pro-

161 5555 362 5611 muiunt
385 5575 397 5622 ;
424 5561 579 5616 nobis
606 5573 814 5629 autem,
838 5567 976 5623 absit
1007 5589 1018 5624 :
1053 5589 1160 5629 nou
1189 5576 1257 5631 ab
1285 5576 1369 5633 his
1398 5596 1492 5635 vvs
1523 5583 1743 5640 induce-

162 5662 283 5708 mus,
313 5652 404 5706 sed
436 5655 505 5708 ab
531 5656 674 5712 aliis.
706 5657 846 5714 Nihil
881 5662 1034 5718 nobis
1080 5675 1160 5722 est
1200 5670 1330 5725 utile
1378 5671 1579 5741 alisque
1609 5675 1744 5731 dile~

168 5739 335 5795 ‘tinne.
397 5747 516 5801 Sint
562 5749 730 5805 millia
789 5750 924 5807 bona
976 5773 983 5807 ;
1042 5761 1165 5826 quid
1222 5762 1343 5820 inde
1394 5739 1574 5821 lucri?
1619 5767 1736 5826 Sint

1176 337 1245 392 IN
1287 335 1468 390 ACTA
1511 333 2042 394 APOSTULORUM.
2088 339 2317 395 uentu.
2358 340 2468 397 XL.
3383 355 3491 410 33.5,

1880 453 2103 519 divitum,
2138 456 2245 511 sint
2273 458 2484 516 delicia:
2512 459 2717 532 alisilue
2744 466 2932 521 amicis
2966 484 2978 520 :
3013 469 3141 538 quid
3185 471 3309 527 hinc
3343 475 3487 528 utili»

1880 546 2042 600 tatis?
2072 547 2223 604 Nulla
2257 551 2530 620 possessio
2557 553 2719 608 etiam
2751 554 2803 609 iu
2853 559 3208 618 saecularibus
3233 562 3335 620 hac
3365 567 3487 634 pul-

1876 637 2078 705 chrior,
2107 649 2164 695 ut
2193 641 2326 696 nihil
2368 642 2605 700 inimicis
2634 647 2918 704 molestius
2951 661 3054 706 est.
3087 651 3290 710 Caritas
3327 660 3491 727 operit

1876 731 2254 788 multitudinem
2301 745 2624 804 peccatorum
2677 739 2774 810 (I.
2807 740 2923 797 Pet.
2956 745 3009 800 4.
3041 744 3154 817 8);
3204 748 3484 805 inimicitia
3526 759 3530 764 '

1875 831 2055 876 autem
2086 824 2246 878 etiam
2273 840 2358 892 ea,
2391 842 2516 897 qua:
2543 844 2648 883 non
2678 841 2824 900 sunt,
2859 835 3187 904 suspicatur.
3215 838 3330 894 Non
3369 842 3483 896 suf-

1877 912 1987 966 ﬁcit
2033 929 2138 968 non
2175 930 2296 971 csse
2327 918 2604 975 inimicum
2636 963 2652 988 ,
2681 921 2780 977 sed
2819 935 3036 995 Oportet
3064 929 3228 983 etiam
3279 946 3486 988 amare.

1873 1001 2059 1074 Cogita
2086 1005 2138 1059 id
2167 1007 2438 1064 Christum
2464 1011 2719 1083 jussisse,
2748 1026 2804 1072 et
2829 1015 2933 1074 hoc
2962 1018 3182 1077 sufﬁcit.
3216 1023 3388 1080 Etiam
3410 1024 3491 1080 af.

1875 1092 2042 1150 ﬁictio
2071 1099 2336 1156 amicitias
2368 1100 2495 1158 facit
2519 1115 2573 1160 et
2602 1107 2838 1178 copulat.
2870 1108 3011 1178 Quid
3043 1112 3224 1184 igitur,
3250 1115 3482 1187 inquies,

1876 1203 2037 1255 nunc,
2069 1205 2207 1271 cunt,
2226 1192 2446 1250 afﬂictio
2476 1213 2581 1252 non
2612 1200 2732 1255 est?
2756 1204 3028 1273 quomodo
3057 1207 3263 1263 erimus
3289 1210 3485 1265 amici?

1876 1279 2070 1336 Annon
2099 1267 2236 1339 alios
2268 1285 2479 1343 habetis
2519 1291 2725 1348 amicos
2744 1337 2759 1362 ,
2787 1298 3014 1366 qua'so?
3042 1301 3317 1370 quomodo
3363 1305 3484 1360 illo-

1875 1385 1993 1424 rum
2065 1374 2196 1428 estis
2243 1378 2444 1432 amici?
2497 1384 2770 1452 quumodo
2816 1392 3214 1458 perseveratis?
3261 1392 3482 1451 Interim

1876 1476 2036 1517 nemo
2065 1464 2341 1522 inimicum
2375 1470 2602 1541 habeat;
2634 1491 2741 1532 non
2783 1480 2995 1538 esthoc
3045 1498 3234 1553 parum
3269 1504 3282 1540 :
3327 1503 3487 1543 nemo

1875 1553 2148 1625 invideat;
2199 1575 2306 1616 non
2349 1563 2476 1619 licet
2523 1582 2630 1622 non
2678 1569 2919 1628 invidum
2977 1589 3255 1633 accusare.
3307 1577 3486 1636 Unum

1877 1647 2177 1707 habitamus
2225 1654 2415 1713 orbem
2463 1664 2903 1730 omnes,iisdcm
2950 1669 3149 1725 alimur
3199 1672 3482 1730 fructibus.

1874 1737 1980 1794 Sed
2026 1741 2141 1798 haec
2166 1759 2328 1815 parva
2356 1760 2482 1806 sunt
2515 1770 2528 1805 :
2554 1753 2742 1810 iisdem
2774 1761 3048 1830 mysteriis
3066 1802 3082 1829 ,
3105 1764 3298 1820 eadem
3327 1767 3487 1838 spiri-

1874 1831 2004 1886 tuali
2056 1849 2178 1891 esca
2229 1835 2476 1897 fruimur.
2525 1843 2653 1901 llaec
2697 1863 2830 1906 sane
2879 1854 3134 1911 amicitize
3159 1857 3283 1927 jura
3337 1870 3484 1915 sunt.

1873 1921 2157 1988 Quomodo
2188 1930 2349 2000 igitur
2374 1974 2390 1999 ,
2419 1933 2631 2005 inquies
2654 1980 2669 2004 ,
2701 1938 2973 1999 ferventer
3012 1946 3192 2003 affecti
3235 1949 3486 2007 erimus?

1873 2015 2009 2083 Quid
2050 2016 2178 2074 facit
2205 2035 2492 2094 corporum
2536 2043 2780 2086 amorem
2803 2033 2828 2085 i
2854 2032 3110 2105 Corporis
3142 2037 3339 2095 forma.
3384 2042 3486 2097 Ita-

1873 2122 1979 2178 que
2007 2119 2062 2165 et
2081 2112 2292 2170 animas
2323 2114 2589 2175 formosas
2612 2120 2934 2190 efﬁciamus,
2959 2128 3271 2200 erimusque
3300 2144 3488 2188 mutuo

1872 2209 2143 2260 amatores
2168 2224 2181 2260 :
2213 2221 2320 2263 non
2349 2221 2562 2280 oportet
2591 2215 2733 2269 enim
2764 2219 2938 2272 solum
2968 2235 3173 2286 amare,
3206 2225 3305 2280 sed
3322 2226 3485 2281 etiam

1873 2294 2062 2349 amari.
2085 2295 2267 2354 Primo
2284 2298 2337 2354 id
2355 2315 2729 2373 assequamur,
2753 2317 2812 2363 ut
2834 2325 3100 2382 amemur,
3120 2322 3175 2369 ct
3191 2314 3321 2371 illud
3342 2317 3487 2373 aliud

1875 2383 2028 2442 facile
2058 2391 2182 2444 erit.
2212 2391 2495 2459 Quomodo
2521 2400 2689 2454 amari
2719 2402 3054 2471 poterimus?
3076 2405 3259 2463 Simus
3280 2410 3486 2478 pulchri

1873 2486 1928 2532 et
1955 2477 2105 2545 boni,
2131 2491 2186 2537 et
2216 2482 2320 2540 hoc
2346 2488 2718 2557 operabimur,
2752 2502 2810 2547 ut
2837 2509 3055 2567 semper
3080 2509 3354 2556 amatores
3385 2502 3484 2556 ha-

1873 2566 2116 2626 beamus.
2143 2572 2316 2632 Nemo
2341 2577 2413 2632 ita
2442 2589 2597 2636 curet
2623 2585 2880 2652 pecunias
2920 2566 3220 2658 possidere,
3250 2594 3333 2648 vel
3365 2609 3484 2650 scr-

1874 2674 1991 2726 vos,
2022 2663 2106 2718 vel
2133 2663 2349 2734 domos,
2381 2679 2436 2724 ut
2465 2673 2658 2740 amari,
2692 2683 2753 2730 ut
2784 2678 2984 2734 bonum
3027 2681 3232 2739 habere
3259 2700 3480 2742 nomen.

1876 2747 2064 2808 Melius
2089 2764 2162 2808 est
2186 2773 2390 2824 nomen,
2419 2777 2572 2831 quam
2591 2763 2786 2821 divitia:
2806 2771 2984 2825 multa:
3011 2771 3031 2843 (
3065 2772 3223 2830 Prov.
3255 2777 3347 2831 22.
3381 2780 3405 2834 1
3443 2783 3484 2849 ).

1877 2840 2010 2898 Illud
2037 2845 2183 2900 enim
2213 2859 2415 2917 manet,
2447 2851 2530 2908 haa
2552 2865 2782 2925 pereunt
2809 2877 2823 2912 :
2852 2870 2908 2916 et
2935 2840 3066 2919 illud
3090 2867 3353 2935 possideri
3383 2840 3482 2940 po-

1877 2940 1999 3001 test,
2025 2934 2110 2991 ha:
2131 2954 2262 2993 vero
2295 2942 2541 3000 minime.
2569 2944 2703 3002 Nam
2734 2951 2824 3020 qui
2850 2954 3046 3008 malam
3071 2934 3234 3014 habet
3263 2934 3482 3027 famam.

1875 3025 1962 3080 vix
2014 3027 2157 3084 illam
2192 3043 2468 3114 [excutere
2513 3039 2747 3107 poterit;
2793 3057 3001 3114 pauper
3033 3062 3162 3105 vero
3200 3065 3232 3106 a
3263 3054 3485 3111 nomine

1873 3119 1983 3174 cito
2009 3119 2163 3179 dives
2190 3094 2322 3182 (erit.
2346 3128 2428 3184 Sit
2457 3094 2576 3201 qtiis
2623 3132 2762 3190 dena
2793 3094 2976 3193 [miliia
3010 3142 3209 3198 talenta
3242 3145 3483 3212 habens,

1873 3211 2010 3268 alius
2038 3228 2173 3271 vero
2215 3219 2422 3275 amicos
2451 3231 2668 3278 centum
2704 3242 2717 3279 :
2753 3225 2842 3284 hic
2868 3228 2963 3284 illo
3004 3231 3314 3302 opulentior
3356 3238 3484 3294 erit.

1873 3301 1952 3359 Ne
2001 3304 2162 3373 igitur
2201 3307 2306 3364 hoc
2347 3311 2522 3369 obiter
2562 3330 2837 3385 curemus,
2867 3321 2962 3376 sed
3007 3301 3160 3393 quasi
3190 3328 3482 3396 quamdam

1873 3394 2255 3456 abundantiam
2279 3402 2296 3434 ¹
2322 3419 2648 3474 quaeramus.
2682 3409 2752 3465 Et
2790 3415 3066 3482 quomodo
3089 3457 3104 3483 ,
3150 3394 3356 3490 inquit,
3387 3438 3483 3492 po-

1875 3487 2134 3544 terimus?
2160 3490 2315 3548 Faua:
2336 3494 2503 3552 dulcis
2530 3498 2835 3572 multiplicat
2856 3507 3068 3574 amicos,
3095 3518 3144 3564 et
3164 3487 3345 3583 lingua
3365 3487 3488 3584 gra-

1876 3577 2004 3633 tiasa
2035 3582 2052 3650 (
2077 3581 2242 3639 Eccli.
2269 3585 2324 3642 6.
2358 3589 2454 3660 5).
2484 3591 2558 3648 Os
2583 3593 2724 3650 bene
2771 3596 3000 3668 loquens
3033 3577 3407 3672 possideamus
3433 3619 3487 3663 ct

1875 3684 2054 3726 mores
2077 3687 2263 3744 puros.
2290 3677 2408 3734 Non
2443 3692 2621 3752 potest
2649 3686 2821 3745 latere
2850 3693 2940 3762 qui
2971 3694 3050 3748 sic
3078 3694 3304 3752 affectus
3333 3710 3435 3754 est.

1943 3761 1998 3817 4.
2049 3763 2182 3821 Vide
2228 3781 2426 3838 quanta
2453 3779 2656 3831 amoris
2683 3761 2893 3836 vincula
2945 3786 3159 3841 externi
3205 3791 3482 3861 excogita-

1874 3853 1983 3908 riut
2012 3873 2023 3906 :
2054 3857 2401 3929 adoptionem
2425 3907 2439 3932 ,
2485 3867 2740 3926 viciniam
2762 3913 2777 3938 ,
2834 3878 3204 3947 cognationes.
3248 3882 3352 3939 Sed
3403 3884 3484 3942 his

1870 3946 2120 4004 omnibus
2152 3962 2336 4009 nostra
2366 3967 2492 4013 sunt
2541 3963 2746 4033 majora
2784 3985 2797 4020 :
2831 3946 2946 4024 lucc
2978 3987 3166 4029 mensa
3200 3979 3481 4034 venerabi-

1870 4037 1991 4093 lior.
2019 4042 2172 4099 Multi
2199 4057 2383 4105 autem
2429 4067 2496 4108 ex
2541 4055 2627 4121 iis,
2682 4060 2775 4128 qui
2807 4062 3113 4124 accedimus
3135 4111 3148 4133 ,
3179 4086 3354 4142 neque
3384 4089 3482 4131 nos

1872 4142 2057 4189 mutuo
2081 4139 2482 4200 novimtts.Iioc
2508 4149 2799 4209 multitudo
2828 4156 2973 4222 facit,
3008 4161 3238 4231 inquies.
3268 4139 3480 4237 Nequa-

1869 4240 2048 4294 quam,
2079 4230 2175 4285 sed
2226 4233 2436 4303 ignavia
2467 4250 2672 4296 nostra.
2715 4245 2824 4302 Ter
2871 4251 3052 4316 mille,
3086 4230 3158 4309 ret
3187 4230 3476 4330 quinquies

1871 4319 2017 4374 tnille
2046 4332 2204 4379 erant
2229 4326 2326 4392 illi,
2361 4339 2413 4384 et
2444 4345 2636 4388 omnes
2667 4335 2938 4395 habebant
2984 4345 3219 4401 animam
3264 4366 3426 4406 unatn
3464 4373 3474 4406 :

1865 4607 1978 4661 eos,
2011 4599 2264 4657 onmibus
2293 4615 2376 4660 est
2403 4608 2856 4682 ineXpuguabilis,
2899 4625 3090 4691 quovis
3113 4635 3343 4697 tyranno
3374 4633 3477 4687 for—

1869 4684 1992 4740 tior.
2023 4687 2140 4744 Non
2163 4691 2238 4746 ita
2270 4693 2421 4752 illum
2442 4700 2607 4756 alium
2632 4707 2917 4778 satellites,
2953 4725 3006 4767 ut
3033 4716 3173 4772 hunc
3200 4725 3356 4778 amici
3382 4743 3476 4780 ett-

1865 4777 2108 4835 stodiuut
2134 4799 2148 4835 :
2171 4783 2366 4856 hicth
2388 4789 2586 4847 clarior
2606 4795 2698 4850 illo
2715 4809 2793 4854 cst
2809 4839 2823 4853 .
2846 4802 2940 4857 Illo
2969 4821 3203 4879 namque
3223 4827 3252 4866 a
3275 4820 3473 4885 servis,

1867 4869 1952 4924 hic
1982 4873 2051 4928 ab
2079 4879 2376 4945 aequalibus
2397 4887 2701 4945 custoditur
2725 4910 2737 4945 :
2773 4893 2864 4949 ille
2885 4898 2955 4949 ab
2983 4869 3164 4959 invitis
3199 4915 3254 4962 et
3283 4869 3472 4968 limen:

1867 4965 2027 5028 tibus,
2057 4968 2145 5024 hic
2185 4987 2212 5025 a
2247 4973 2556 5034 lubentibus
2603 4995 2706 5038 nec
2743 4993 3149 5061 metuentibus;
3184 4999 3473 5073 ridereque

1863 5066 1946 5111 est
1973 5073 2086 5113 rem
2115 5063 2340 5130 miram,
2377 5068 2429 5121 in
2476 5071 2660 5127 multis
2698 5090 2887 5146 unum,
2920 5091 2977 5137 et
3007 5084 3058 5138 in
3102 5085 3208 5144 uito
3252 5095 3466 5152 inultos.

1865 5151 2037 5220 Atque
2067 5165 2124 5209 ut
2145 5155 2198 5210 in
2225 5157 2432 5216 cithara
2459 5163 2668 5222 diversi
2700 5172 2820 5226 soni
2858 5185 3002 5243 sunt,
3030 5195 3134 5234 una
3166 5198 3298 5240 vero
3321 5201 3469 5259 sym»

1863 5243 2082 5313 phonia,
2110 5264 2356 5322 unusque
2382 5257 2622 5314 musicus
2651 5263 2740 5332 qui
2769 5265 3031 5323 citharam
3061 5274 3237 5341 pulsat
3263 5296 3274 5330 :
3305 5243 3376 5334 ita
3417 5294 3472 5338 et

1863 5335 1948 5389 hic
1979 5354 1991 5390 :
2022 5338 2228 5395 cithara
2254 5345 2470 5414 quidem
2489 5359 2572 5404 est
2591 5353 2806 5417 caritas,
2833 5360 2950 5414 soni
2981 5376 3112 5416 vero
3139 5367 3300 5423 verba
3329 5375 3468 5426 cari-

1862 5434 1966 5480 tate
1991 5429 2173 5500 plena,
2205 5432 2333 5488 dum
2361 5451 2552 5495 omnes
2579 5443 2738 5499 simul
2763 5461 2923 5502 unam
2964 5455 3318 5528 eamdemque
3343 5461 3463 5517 har-

1861 5520 2094 5574 moniam
2124 5533 2177 5577 et
2199 5527 2582 5597 symphoniam
2611 5533 2884 5604 efﬁciunt;
2923 5545 3164 5602 musicus
3189 5563 3464 5610 autemest

1857 5611 2096 5667 raritatis
2127 5617 2296 5672 virtus
2333 5637 2343 5672 :
2379 5621 2490 5691 ipsa
2528 5624 2689 5682 dulce
2720 5629 2891 5686 melos
2914 5634 3110 5702 pulsat.
3133 5639 3338 5697 Vellem
3373 5662 3465 5703 vos

1923 5725 2288 5825 liiﬁl‘i'i'laeﬁgpt,
2314 5735 2708 5825 tnzq‘otiationrm.
2733 5760 2836 5809 pro,
2858 5748 3220 5807 ulmmluntimn.
3252 5765 3466 5825 Utraque

1858 5784 2005 5838 lectio
2029 5784 2477 5858 quailrat'e'rot'cst.
