4034 6430
582 331 685 389 927

579 449 635 503 in
671 446 826 502 talem
872 440 1145 497 civitatem
1186 439 1417 503 ducere,
1449 438 1493 494 si
1526 436 1640 493 fieri
1668 445 1871 506 posset,
1904 435 1994 491 ubi
2029 449 2167 489 unus

578 545 721 594 esset
746 536 973 598 animus,
998 543 1054 590 et
1069 531 1281 588 videres
1304 531 1372 586 ibi
1400 528 1773 600 symphoniam
1793 528 1935 582 omni
1959 526 2161 582 cithara

578 639 632 685 ct
676 628 799 683 tibia
835 626 1160 692 suaviorem,
1191 623 1432 691 nihilque
1459 619 1648 675 absoni
1684 619 1991 674 habentem.
2035 618 2162 673 llaec

579 718 807 774 melodia
832 727 887 773 et
905 716 1126 787 angelos
1152 722 1205 769 et
1231 712 1545 783 angelorum
1573 710 1862 765 Dominum
1890 724 1952 765 ac
1996 709 2160 765 Deum

578 811 836 875 delectat;
864 809 977 863 hare
1006 817 1172 862 totum
1199 805 1250 860 in
1273 804 1406 859 caelo
1430 807 1697 858 theatrum
1720 802 1949 867 excitat;
1977 800 2091 855 haec
2110 810 2164 856 et

576 904 878 958 tlmmunum
920 899 1154 955 furorem
1176 895 1471 967 compescit
1504 903 1559 951 et
1595 894 1879 950 affectuum
1905 893 2161 962 impetum

574 993 848 1049 demulcet
878 992 917 1046 ί.
950 990 1077 1044 Harc
1122 987 1354 1044 melodia
1387 1002 1493 1042 non
1540 985 1699 1041 modo
1730 984 1954 1040 aﬂ‘ecms
1985 983 2159 1050 sedat,

572 1085 672 1140 sed
704 1099 802 1140 nec
824 1095 1113 1152 exsurgere
1138 1080 1288 1146 sinit,
1323 1092 1680 1149 magnumque
1712 1076 1837 1131 facit
1864 1076 2157 1131 silentium.

572 1178 723 1234 Sicut
748 1175 890 1231 enim
920 1174 972 1227 in
1003 1174 1213 1228 theatro
1235 1171 1559 1225 musicorum
1577 1183 1765 1225 omnes
1792 1167 2015 1223 chorum
2036 1181 2157 1222 cum

570 1267 786 1322 silentio
814 1265 1058 1330 audiunt,
1084 1263 1367 1333 nullusque
1394 1261 1464 1317 ibi
1502 1260 1760 1332 tumultus
1781 1268 1896 1314 est:
1921 1260 1998 1314 sic
2021 1259 2160 1316 inter

570 1358 795 1424 amicos,
825 1356 1051 1411 caritate
1076 1356 1344 1425 pulsante,
1392 1367 1580 1409 omnes
1614 1351 1838 1408 affectus
1876 1351 2160 1423 quiescunt

570 1458 629 1506 et
659 1448 933 1514 sedantur,
969 1456 1029 1502 ut
1054 1447 1179 1501 ferae
1208 1445 1466 1501 demulsas
1492 1452 1543 1499 et
1564 1444 1851 1513 mitigatac;
1883 1443 2042 1511 sicut,
2066 1443 2155 1497 ubi

568 1542 865 1597 inimicitiae
894 1548 1040 1607 sunt,
1071 1539 1142 1594 ibi
1186 1539 1367 1593 omnia
1412 1546 1537 1593 sunt
1566 1539 1856 1593 contraria.
1888 1535 1992 1592 Sed
2023 1534 2157 1590 nihil

566 1637 675 1705 jam
714 1633 784 1689 de
815 1630 1090 1687 inimicitia
1126 1631 1406 1700 loquamur
1428 1629 1543 1707 :lde
1568 1629 1806 1684 amicitia
1847 1638 2050 1683 tantum
2076 1627 2156 1682 di-

566 1742 768 1783 camus.
792 1724 991 1795 Siquid
1019 1723 1360 1779 temerarium
1378 1714 1547 1788 dieas,
1572 1738 1730 1777 nemo
1761 1731 1843 1777 est
1868 1721 1954 1791 qui
1977 1720 2157 1775 insur-

563 1828 656 1891 gat
677 1820 729 1873 in
762 1828 840 1887 te,
861 1817 957 1873 sed
984 1830 1175 1871 omnes
1203 1816 1487 1884 ignoscunt
1511 1831 1526 1880 ;
1555 1816 1599 1869 si
1631 1814 1756 1886 quid
1785 1812 1967 1878 facias,
1998 1828 2155 1868 nemo

563 1910 887 1980 suspicatur,
927 1906 1019 1964 sed
1058 1921 1248 1977 magna
1275 1913 1360 1962 est
1406 1905 1731 1975 indulgentia
1759 1925 1770 1958 :
1796 1903 2006 1959 cadenti
2034 1919 2149 1956 om-

569 2016 666 2057 ωδε
696 2008 946 2072 prompte
994 2012 1203 2052 manum
1234 1997 1551 2068 porrigunt;
1580 2009 1765 2051 omnes
1809 1996 1981 2066 ipsum
2012 2005 2155 2050 stare

563 2101 771 2148 curant.

637 2182 883 2237 Amicitiae
905 2185 1037 2235 ratio
1072 2210 1143 2221 —
1173 2179 1355 2235 Murus
1386 2192 1510 2234 vere
1535 2179 1885 2233 inconcussus
1914 2187 1993 2233 cst
2025 2178 2157 2233 ami-

563 2276 708 2342 citia,
732 2274 823 2345 qui
850 2288 950 2328 nec
974 2286 1002 2326 a
1033 2270 1251 2327 diabolo
1275 2270 1499 2340 capitur,
1532 2268 1726 2324 nedum
1748 2269 1814 2323 ab
1834 2269 2153 2323 hominibus.

563 2369 679 2423 Non
732 2375 908 2437 potest
960 2365 1012 2419 in
1059 2363 1299 2436 pericula
1357 2362 1595 2417 incidere
1616 2362 1704 2431 qui
1746 2362 1948 2414 amicos
1990 2360 2155 2414 habet

564 2459 760 2513 multos
789 2475 803 2512 :
831 2456 975 2511 nulla
1001 2454 1155 2510 adest
1202 2455 1299 2509 irae
1350 2454 1581 2515 occasio,
1611 2450 1705 2506 sed
1732 2452 2011 2506 suavitatis
2049 2461 2159 2503 tau-

564 2561 676 2606 tum
711 2568 726 2605 :
758 2550 809 2604 in
838 2548 949 2604 risu
980 2562 1194 2617 semper
1222 2554 1303 2601 est
1324 2560 1388 2601 ac
1410 2544 1656 2601 deliciis:
1686 2544 1826 2598 nulla
1852 2544 1921 2598 ibi
1946 2541 2156 2596 invidiae

559 2642 793 2708 occasio,
825 2640 973 2695 nulla
998 2638 1317 2708 injuriarum
1345 2636 1625 2692 memoria.
1657 2634 1807 2690 Hunc
1825 2634 1949 2689 vide
1977 2644 2030 2687 ct
2051 2635 2156 2698 Spi-

564 2732 777 2789 ritualia
848 2741 903 2786 et
951 2729 1186 2786 carnalia
1250 2726 1407 2783 facile
1465 2727 1804 2796 dirigentem.
1848 2725 1982 2793 Quid
2034 2725 2155 2778 huic

563 2840 661 2895 par
685 2822 880 2877 fuerit?
904 2819 1002 2876 llic
1026 2829 1109 2875 est
1135 2833 1234 2874 ceu
1258 2819 1444 2873 civitas
1472 2816 1706 2887 undique
1734 2818 1905 2871 muris
1929 2816 2102 2871 cincta
2133 2831 2150 2881 ;

560 2918 650 2973 ille
684 2930 809 2970 vero
835 2914 971 2969 alius
1012 2913 1162 2983 quasi
1201 2911 1388 2967 civitas
1441 2910 1559 2966 sine
1590 2912 1776 2966 muris.
1809 2910 2012 2982 Magnae
2060 2924 2150 2966 sa-

557 3008 772 3079 pientia:
816 3016 920 3071 est,
953 3019 1114 3077 posse
1138 3004 1400 3059 amicitias
1427 3004 1737 3059 conciliare.
1769 3003 1922 3059 Tolle
1963 3004 2151 3058 amici-

560 3102 685 3154 tiam
710 3105 765 3152 et
790 3096 968 3152 omnia
990 3095 1289 3161 sustuleris,
1322 3094 1499 3149 omnia
1522 3092 1850 3149 confoderis.
1883 3093 1938 3151 Si
1960 3104 2138 3149 autem

558 3191 806 3246 amicitiae
828 3189 1005 3258 imago
1030 3195 1226 3241 tantam
1254 3186 1358 3239 vim
1382 3184 1565 3250 habet,
1594 3184 1705 3254 ipsa
1733 3184 1931 3241 veritas
1950 3195 2148 3255 quanta

562 3282 702 3339 erit?
726 3280 943 3336 Amicos
969 3294 1096 3349 ergo
1139 3277 1294 3333 nobis
1340 3292 1612 3349 paremus,
1641 3278 1886 3344 obsecro,
1915 3286 1966 3333 et
2012 3276 2149 3333 hanc

558 3416 785 3530 amna-,5,
809 3422 854 3468 et
875 3416 1131 3479 an'ectuunt
1142 3412 1372 3478 impetum
1395 3411 1651 3474 demulcet,
1676 3404 1858 3464 desdnt
1879 3414 1931 3464 in
1945 3415 2145 3477 quibus-

620 3493 796 3528 muss.

1283 326 1339 382 S.
1381 321 1655 381 JUANNIS
1681 320 2155 378 CllRYSOSTOlIl
2184 321 2503 379 ARCHlEP.
2535 324 3062 385 CONSTANTINUP.

3756 333 3862 391 288

2273 446 2443 492 artem
2468 437 2640 509 quivis
2682 449 2954 495 exerceat.
2990 440 3057 496 Et
3083 454 3232 506 ecce,
3264 441 3490 511 inquies,
3532 457 3633 514 ego
3656 457 3863 511 conor;

2272 530 2362 585 ille
2392 544 2520 586 vero
2543 545 2646 585 non
2667 539 2836 586 curat.
2868 533 3037 603 Major
3069 534 3158 589 tibi
3188 550 3394 590 merces
3424 537 3501 591 sic
3520 537 3640 591 erit.
3662 538 3861 603 Etiam,

2270 621 2499 691 inquies,
2528 620 2623 676 sed
2650 636 2737 677 res
2768 631 2894 678 tunc
2941 623 3210 679 difficilior
3236 634 3336 681 est.
3370 626 3681 696 Quomodo,
3712 644 3859 699 quae-

2267 713 2368 767 so?
2399 713 2537 769 Ecce
2570 713 2827 769 testiﬁcor
2842 724 2897 770 et
2922 715 3065 782 dico,
3096 732 3140 771 SI
3165 717 3351 774 decem
3377 728 3580 775 tantum
3611 737 3708 778 vos
3728 737 3865 778 con-

2261 804 2559 876 iungeretis
2582 846 2597 870 ,
2652 814 2705 861 et
2728 820 2867 875 opus
2902 807 3226 878 praedicandi
3276 810 3416 865 sicut
3444 813 3671 882 apostoli
3705 812 3865 869 vobis

2266 898 2683 965 constitueretis,
2715 906 2771 953 et
2796 899 2934 954 sicut
2963 900 3237 970 prophetae
3286 902 3575 969 docebant,
3604 905 3683 961 sic
3714 907 3855 961 ami-

2265 1002 2359 1043 cos
2386 986 2563 1044 facere
2583 988 2891 1054 studeretis,
2918 1005 3164 1062 magnam
3195 991 3353 1046 vobis
3382 993 3495 1050 fore
3521 996 3860 1052 mercedem.

2263 1078 2459 1149 Regias
2500 1079 2653 1135 nobis
2685 1079 2944 1151 imagines
2974 1096 3265 1151 paremus:
3296 1081 3399 1138 hoc
3433 1085 3577 1139 enim
3617 1086 3863 1157 discipu-

2261 1170 2433 1226 lorum
2459 1171 2760 1242 symbolum
2792 1182 2894 1228 est.
2928 1172 3110 1228 Etcur
3139 1189 3245 1230 non
3274 1175 3445 1245 majus
3471 1178 3743 1247 quidpiam
3780 1180 3863 1234 fa-

2261 1264 2451 1332 cimus,
2482 1278 2640 1332 quam
2672 1264 2716 1317 si
2742 1264 2896 1318 nobis
2934 1263 3239 1320 facultatem
3278 1270 3676 1339 acquireremns
3705 1286 3859 1327 mor-

2261 1363 2381 1409 tuos
2404 1353 2736 1410 suscitandi?
2765 1354 3019 1410 Diadema
3050 1365 3103 1411 et
3121 1372 3352 1427 purpura
3380 1373 3560 1429 regem
3581 1360 3861 1417 indicant:

2260 1445 2306 1501 si
2335 1447 2450 1501 haec
2480 1460 2588 1501 non
2618 1445 2817 1511 adsint,
2848 1446 3058 1501 etiamsi
3087 1462 3249 1501 aurea
3283 1449 3476 1507 habeat
3503 1453 3856 1516 vestimenta,

2261 1537 2499 1593 nondum
2536 1553 2629 1593 rex
2656 1538 3027 1594 manifestatus
3048 1549 3149 1593 est.
3174 1537 3248 1593 lta
3269 1547 3322 1594 et
3353 1548 3408 1594 tu
3429 1555 3569 1596 nunc
3597 1541 3733 1596 hanc
3762 1542 3861 1597 tibi

2261 1640 2520 1687 tesseram
2551 1631 2729 1698 facito,
2753 1641 2807 1686 et
2837 1631 2929 1687 tibi
2958 1640 3012 1687 et
3040 1632 3162 1686 aliis
3188 1632 3391 1688 amicos
3413 1635 3652 1702 parabis.
3682 1633 3862 1691 Nemo

2259 1724 2349 1794 qui
2373 1731 2603 1787 ametur,
2632 1722 2757 1777 odio
2781 1721 2981 1778 habere
3007 1723 3156 1778 velit.
3190 1724 3467 1780 Discamus
3498 1726 3707 1781 colores
3735 1726 3861 1783 illos

2258 1816 2348 1887 qui
2373 1816 2687 1882 miscentur,
2715 1815 2907 1886 quibus
2933 1815 3109 1886 imago
3142 1814 3229 1869 illa
3251 1817 3595 1873 constituitur
3622 1834 3635 1870 :
3665 1816 3859 1874 diserti

2258 1909 2425 1964 simus
2449 1924 2462 1960 :
2482 1923 2551 1963 ne
2565 1916 2936 1976 exspectemus
2955 1908 3246 1978 proximos.
3270 1907 3349 1963 Ne
3370 1908 3516 1964 dicas
3546 1925 3559 1963 :
3586 1908 3643 1964 Si
3670 1909 3861 1965 videro

2257 2001 2489 2071 aliquem
2519 2000 2751 2066 tardum,
2780 2015 2881 2071 ego
2924 2000 3162 2055 deterior
3204 1998 3273 2055 lio
3308 2018 3321 2055 :
3352 2000 3460 2055 imo
3512 2002 3558 2055 si
3612 2000 3812 2056 videris
3838 2043 3855 2067 ,

2262 2106 2576 2163 praeoccupa
2595 2132 2612 2158 ,
2643 2101 2699 2147 et
2727 2092 2842 2161 ejus
2867 2092 3054 2146 vitium
3083 2092 3384 2162 exstingue.
3412 2091 3644 2162 [Egrum
3678 2093 3853 2155 vides,

2261 2195 2314 2240 et
2344 2185 2589 2240 morbum
2619 2185 2821 2254 auges?
2847 2185 2959 2242 Hoc
2990 2184 3221 2239 maxime
3266 2192 3321 2239 et
3348 2194 3474 2241 ante
3504 2185 3681 2239 omnia
3711 2200 3857 2255 prae-

2261 2283 2485 2341 stemus,
2507 2275 2781 2329 uthonore
2800 2290 2896 2329 nos
2920 2284 3106 2330 mutuo
3125 2274 3518 2344 praeveniamus
3550 2273 3725 2345 (Rom.
3763 2274 3855 2334 19..

2258 2365 2373 2435 10),
2407 2378 2506 2419 nec
2524 2372 2680 2433 putes
2705 2372 2755 2418 te
2778 2362 2970 2431 minui,
2995 2379 3118 2419 cum
3149 2372 3306 2435 putas
3330 2364 3465 2419 alios
3496 2372 3547 2419 tc
3575 2365 3851 2421 excellen-

2258 2457 2444 2512 tiores.
2478 2457 2535 2511 Si
2566 2457 2737 2525 ipsum
2793 2456 2999 2513 honore
3049 2457 3369 2527 praevenias,
3420 2458 3649 2527 teipsum
3680 2460 3858 2530 magis

2261 2547 2533 2603 honorasti
2566 2547 2766 2618 tibique
2798 2548 3057 2603 honorem
3084 2549 3373 2603 attraxisti.
3414 2546 3622 2620 Ubique
3653 2551 3859 2620 primas

2260 2641 2379 2696 aliis
2404 2639 2785 2695 concedamus.
2808 2640 2947 2695 Nihil
2965 2655 3175 2706 eorum,
3205 2655 3324 2710 quae
3354 2639 3511 2696 nobis
3538 2640 3680 2695 illata
3704 2651 3854 2707 sunt,

2259 2733 2519 2788 malorum
2548 2732 2919 2799 recordemur,
2939 2733 3033 2788 sed
3062 2734 3330 2789 bonorum
3354 2740 3583 2788 tantum.
3606 2732 3751 2789 Nihil
3774 2736 3859 2791 sic

2258 2829 2381 2883 facit
2405 2828 2636 2881 amicum
2665 2836 2721 2881 ut
2747 2835 2901 2897 grata
2930 2826 3129 2897 lingua,
3149 2839 3212 2881 os
3238 2826 3375 2882 bene
3404 2826 3654 2897 loquens,
3671 2827 3856 2885 anima

2255 2923 2372 2976 sine
2400 2921 2554 2985 fastu,
2576 2935 2723 2974 vanae
2737 2920 2919 2990 gloriae
2944 2928 2996 2974 et
3024 2919 3242 2975 honoris
3264 2929 3624 2989 contemptus.
3657 2920 3712 2975 Si
3736 2907 3857 2977 haec

2255 3012 2562 3079 fecerimus,
2592 3012 2888 3082 poterimus
2930 3010 3125 3066 diaboli
3160 3010 3362 3081 laqueis
3399 3010 3657 3066 inaccessi
3688 3026 3853 3079 esse;

2255 3113 2310 3159 et
2340 3104 2587 3159 virtutem
2643 3110 2891 3183 accurate
2920 3102 3152 3165 sectati,
3202 3104 3462 3172 promissa
3502 3103 3855 3173 diligentibus

2254 3195 2424 3250 Deum
2456 3194 2593 3250 bona
2644 3193 2923 3263 consequi,
2976 3193 3146 3263 gratia
3176 3200 3232 3248 et
3259 3192 3589 3265 benignitate
3638 3193 3855 3250 Domini

2252 3288 2423 3342 nostri
2453 3286 2579 3343 Jesu
2608 3286 2830 3352 Christi,
2871 3287 3087 3357 quicum
3139 3284 3287 3340 Patri
3327 3296 3381 3342 et
3409 3285 3632 3358 Spiritui
3660 3296 3856 3343 sancto

2256 3380 2448 3451 gloria,
2466 3380 2771 3449 imperium,
2794 3378 2990 3446 honor,
3019 3392 3158 3433 nunc
3179 3386 3483 3450 etsemper,-
3498 3388 3553 3436 et
3574 3380 3628 3437 in
3651 3380 3852 3436 saecula

2250 3471 2594 3527 saeculorum.
2613 3471 2809 3525 Amen.

1872 3648 2221 3714 HOMILIA
2266 3651 2424 3712 XLI.

557 3797 690 3853 Car.
735 3796 820 3852 l9.
856 3811 909 3851 ν.
939 3795 990 3851 8.
1038 3792 1304 3865 Ingressus
1337 3794 1391 3846 in
1434 3808 1766 3864 synagogam,
1805 3810 1920 3847 cum
1957 3793 2146 3862 ﬁducia

629 3887 932 3959 loquebatur
975 3901 1065 3957 per
1094 3895 1195 3939 tres
1227 3877 1444 3949 men‘ses,
1471 3883 1738 3953 disputans
1774 3891 1819 3938 et
1839 3883 2059 3938 suadens
2083 3882 2147 3937 de

629 3996 785 4049 regno
810 3975 927 4031 Dei.

632 4073 685 4126 l.
708 4070 1007 4141 Synagogas
1028 4072 1312 4140 frequenter
1335 4067 1443 4120 adit
1474 4064 1672 4121 Paulus
1687 4107 1701 4132 ,
1729 4082 1901 4137 quare.
1922 4094 1993 4106 -—
2012 4064 2142 4120 Vide

562 4163 776 4231 ubique,
805 4172 862 4216 ut
887 4176 947 4218 se
976 4161 1029 4216 in
1057 4172 1358 4231 synagogas
1380 4159 1642 4225 immittit,
1666 4166 1720 4213 et
1744 4159 1825 4212 sic
1844 4156 2139 4228 demigrat:

562 4258 760 4326 ubique
788 4254 929 4308 enim
966 4253 1034 4307 ab
1074 4252 1179 4307 illis
1207 4250 1421 4305 volebat
1445 4249 1784 4305 occasionem
1825 4261 2105 4303 assumere
2125 4288 2140 4314 ,

559 4344 769 4402 utdixi.
808 4344 940 4400 Nam
968 4352 1156 4413 gentes
1188 4342 1297 4412 jam
1336 4341 1455 4397 zelo
1496 4338 1794 4405 fervebant,
1834 4348 1890 4393 et
1914 4338 2145 4394 libenter

558 4452 680 4494 eum
709 4434 1078 4506 accipiebant;
1117 4432 1288 4488 Judaei
1318 4445 1447 4485 vero
1495 4429 1745 4501 gentibus
1792 4429 1950 4485 fidem
1970 4430 2142 4485 susci-

559 4530 857 4600 pientibus,
889 4525 1257 4597 paenitentiam
1295 4525 1544 4595 agebant.
1588 4522 1814 4578 Volebat
1852 4522 2143 4595 discipulos

562 4623 709 4677 illinc
748 4618 1083 4685 abstrahere,
1124 4627 1179 4673 et
1202 4618 1270 4673 ab
1296 4617 1401 4673 illis
1423 4616 1683 4687 incipere,
1717 4624 1870 4671 utne
1896 4630 2017 4670 cum
2040 4615 2145 4669 illis

558 4720 1012 4783 congregarentur
1036 4727 1050 4764 :
1076 4724 1253 4780 neque
1274 4708 1392 4763 sine
1419 4721 1580 4763 causa
1606 4706 1711 4762 hoc
1751 4704 1999 4761 faciebat.
2022 4703 2145 4760 Ideo

562 4806 872 4875 frequenter
915 4815 1035 4858 cum
1066 4802 1174 4857 illis
1218 4800 1562 4871 disputabat,
1605 4800 1728 4870 quia
1766 4797 2140 4869 persuadebat.

561 4898 640 4955 Ne
668 4898 863 4968 igitur,
894 4896 1019 4967 quia
1047 4895 1259 4951 dicendi
1300 4895 1598 4949 libertatem
1623 4892 1853 4960 audisti,
1882 4894 2142 4963 asperita-

560 5000 668 5046 tem
701 4998 857 5061 putes
886 5006 899 5042 :
933 4987 1002 5042 de
1028 4987 1245 5042 utilibus
1275 4986 1437 5042 rebus
1476 4984 1804 5054 disputabat,
1833 4984 1902 5039 de
1928 4999 2093 5055 regno
2124 5001 2136 5038 :

570 5082 691 5149 quis
718 5096 823 5135 ncn
864 5077 1137 5133 audisset?
1166 5077 1219 5132 9.
1256 5096 1275 5129 ι
1307 5076 1440 5131 Cum
1470 5084 1647 5129 autem
1676 5073 1891 5143 quidam
1932 5073 2144 5130 indura-

562 5189 767 5239 rentur,
794 5181 974 5225 etnon
994 5168 1316 5233 crederent,
1345 5168 1730 5223 maledicentes
1762 5165 1898 5219 viam
1928 5166 2143 5220 Domini

568 5278 750 5318 eorum
779 5261 1113 5316 multitudine
1133 5301 1146 5324 ,
1171 5260 1453 5314 discedens
1474 5258 1541 5312 ab
1579 5258 1690 5323 eis,
1722 5258 2021 5328 segregavit
2064 5256 2145 5311 di-

570 5353 827 5423 scipulos,
853 5350 1090 5421 quotidie
1117 5350 1397 5421 disputans
1421 5350 1471 5403 in
1501 5348 1684 5403 schola
1708 5348 1943 5420 Tyranni
1968 5350 2144 5419 cujus-

566 5444 712 5498 dam.
742 5442 828 5497 l0.
864 5441 974 5496 Hoc
999 5450 1179 5497 autem
1200 5440 1405 5495 factum
1435 5448 1517 5495 est
1542 5455 1638 5509 per
1677 5439 1970 5505 biennium,
2001 5441 2149 5495 itaut

564 5550 788 5600 omnes,
819 5533 910 5605 qui
958 5533 1267 5589 habitabant
1313 5534 1367 5588 in
1417 5533 1584 5600 Asia,
1641 5532 1886 5587 audirent
1925 5532 2145 5588 verbum

573 5628 781 5685 Domini
810 5626 969 5693 Jesu,
1006 5634 1115 5681 tam
1159 5626 1330 5682 Judaei
1372 5640 1533 5698 quam
1572 5624 1766 5681 Graeci.
1806 5644 1825 5677 ι
1855 5622 2008 5678 Viam
2030 5640 2146 5679 me-

565 5720 667 5775 rito
696 5720 959 5774 vocabant
991 5718 1423 5789 praedicationem
1449 5735 1463 5783 ;
1496 5732 1623 5773 vere
1652 5718 1796 5773 enim
1820 5716 1937 5772 haec
1962 5717 2044 5771 via
2066 5725 2149 5773 est

568 5808 685 5883 quae
716 5813 859 5869 ducit
900 5814 967 5873 ad
998 5828 1218 5886 regnum
1272 5813 1546 5869 caelorum.
1583 5811 1647 5867 In
1707 5812 1898 5881 schola,
1951 5813 2142 5885 inquit,

2257 3792 2487 3863 Tyranni
2526 3792 2800 3863 cujusdam
2838 3791 3153 3863 disputabat.
3214 3790 3279 3845 Et
3314 3791 3410 3846 hoc
3431 3796 3624 3863 factum
3653 3803 3725 3846 est
3758 3808 3851 3861 per

2254 3884 2510 3937 biennium
2529 3924 2542 3947 ,
2566 3884 2638 3944 ita
2666 3892 2720 3936 ut
2755 3898 2929 3936 omnes
2955 3882 3190 3936 audirent
3234 3897 3516 3936 sermonem
3544 3891 3649 3935 tam
3673 3880 3850 3935 Judwi

2251 3990 2403 4039 quam
2431 3972 2615 4027 Graeci.
2646 3972 2807 4029 Vides
2837 3981 3093 4044 quantum
3124 3971 3322 4040 profuit
3363 3974 3581 4029 assidue
3606 3988 3803 4043 urgere
3823 3973 3849 4027 2

2250 4064 2320 4119 Ει
2346 4063 2517 4119 Judaei
2547 4073 2602 4119 et
2623 4063 2795 4119 Graeci
2837 4062 3147 4120 audiebant.
3171 4063 3262 4121 li.
3289 4081 3308 4115 ι
3348 4063 3691 4135 Virtutesque
3722 4079 3831 4119 non

2249 4158 2519 4229 quaslibet
2568 4156 2799 4212 faciebat
2849 4156 2991 4211 Deus
3044 4171 3140 4225 per
3191 4170 3383 4210 manus
3428 4156 3601 4223 Pauli,
3656 4155 3746 4211 12.
3788 4166 3851 4215 ut

2257 4251 2418 4307 etiam
2451 4265 2614 4318 super
2657 4249 2939 4320 languidos
2992 4249 3333 4306 deferrentur
3370 4250 3438 4306 de
3463 4265 3690 4322 corpore
3729 4252 3850 4323 ejus

2260 4340 2503 4408 sudaria,
2545 4349 2601 4396 et
2646 4338 3012 4406 semicinctia,
3070 4350 3125 4395 et
3152 4342 3469 4398 recederent
3522 4342 3591 4399 ab
3627 4342 3848 4398 eislan-

2249 4446 2464 4503 guores,
2494 4440 2550 4486 et
2568 4431 2788 4501 spiritus
2804 4446 3031 4502 nequam
3060 4433 3272 4488 exirent
3299 4434 3367 4487 ab
3393 4434 3497 4488 eis.
3534 4454 3553 4486 ι
3582 4433 3698 4490 Νοη
3722 4442 3848 4490 tan-

2250 4524 2449 4596 gebant
2479 4524 2651 4578 solum
2680 4523 2947 4591 ferentes,
2974 4524 3068 4580 sed
3110 4526 3435 4594 accipientes
3463 4527 3840 4596 imponebant.

2248 4615 2373 4671 ldeo
2404 4631 2510 4670 non
2538 4616 2661 4670 sivit
2683 4614 2929 4671 Christus
2969 4616 3120 4671 illum
3153 4616 3232 4670 ire
3262 4616 3313 4671 in
3352 4616 3560 4685 Asiam,
3592 4616 3694 4673 hoc
3713 4626 3850 4674 tem-

2249 4723 2350 4779 pus
2374 4708 2686 4774 observans,
2715 4719 2886 4779 utego
2912 4718 3061 4778 puto.
3092 4709 3180 4764 15.
3222 4727 3240 4759 ι
3272 4708 3643 4764 Tentaverunt
3663 4721 3846 4765 autem

2249 4799 2465 4871 quidam
2501 4813 2567 4854 ex
2625 4799 3084 4854 circumeuntibus
3116 4799 3316 4855 Iuda-is
3362 4799 3643 4855 exorcistis
3690 4801 3844 4856 invo-

2250 4906 2375 4946 care
2397 4904 2556 4959 super
2596 4904 2722 4955 eos,
2754 4891 2845 4960 qui
2872 4887 3142 4945 habebant
3166 4893 3387 4961 spiritus
3419 4891 3615 4958 malos,
3648 4906 3852 4948 nomen

2253 4980 2464 5037 Domini
2491 4980 2619 5035 Jesu
2642 5022 2658 5049 ,
2692 4980 2973 5036 dicentes:
3007 4979 3331 5050 Adjuramus
3370 4996 3469 5036 vos
3506 4996 3604 5052 per
3632 4980 3847 5051 Jesum,

2251 5088 2410 5143 quem
2442 5071 2639 5128 Paulus
2683 5071 2957 5142 praedicat.
2984 5089 3003 5123 ι
3048 5072 3124 5127 lta
3165 5074 3343 5128 omnia
3387 5072 3658 5130 faciebant
3712 5075 3862 5132 lucri‘

2250 5178 2432 5219 causa.
2466 5162 2601 5218 Vide
2634 5181 2646 5217 :
2681 5162 2903 5218 credere
2934 5163 3148 5232 quidem
3180 5163 3435 5221 nolebant
3456 5206 3472 5233 ,
3496 5164 3590 5220 sed
3620 5179 3718 5235 per
3745 5166 3854 5223 hoc

2253 5272 2449 5311 nomen
2483 5257 2737 5310 volebant
2774 5256 2972 5325 ejicere
3007 5256 3293 5313 daemonia.
3340 5258 3497 5327 Papae
3521 5299 3537 5323 ,
3587 5268 3852 5328 quantum

2252 5355 2369 5402 erat
2408 5362 2600 5401 nomen
2630 5346 2780 5401 Pauli
2808 5346 2823 5400 ι
2854 5347 2942 5403 is.
2980 5366 2999 5399 ι
3034 5348 3200 5404 Erant
3228 5358 3403 5403 autem
3431 5347 3649 5419 quidam
3674 5347 3852 5403 Judaei

2258 5440 2467 5504 Sccvte,
2516 5437 2773 5507 principis
2813 5438 3189 5506 sacerdotum,
3229 5449 3434 5509 septem
3477 5440 3595 5507 filii,
3627 5439 3718 5509 qui
3743 5439 3853 5498 hoc

2256 5532 2536 5587 faciebant.
2572 5532 2662 5588 l5.
2688 5530 3042 5601 ReSpondens
3072 5541 3253 5589 autem
3297 5532 3519 5602 spiritus
3568 5548 3807 5601 nequam
3831 5577 3848 5599 ,

2254 5626 2387 5681 dixit
2411 5624 2489 5679 eis
2522 5640 2533 5676 :
2567 5623 2751 5679 Jesum
2780 5624 2900 5678 novi
2926 5666 2940 5691 ,
2985 5634 3043 5680 et
3078 5624 3300 5679 Paulum
3348 5625 3499 5691 scio;
3537 5635 3634 5679 vos
3663 5632 3849 5680 autem

2256 5718 2347 5789 qui
2374 5716 2541 5770 estis?
2591 5712 2678 5768 l6.
2709 5714 2776 5768 Et
2804 5715 3046 5772 insiliens
3076 5718 3128 5771 in
3155 5731 3251 5771 eos
3281 5716 3445 5771 homo
3465 5759 3478 5781 ,
3515 5717 3566 5770 in
3596 5730 3703 5785 quo
3732 5730 3853 5773 erat

2257 5806 2585 5866 daemonium
2634 5806 2930 5877 pessimum
2960 5817 3012 5865 et
3041 5807 3343 5867 dominatus
3370 5823 3557 5867 eorum
3582 5850 3595 5875 ,
3622 5808 3849 5866 invaluit
