4034 6406
167 317 255 373 337
1279 318 1347 375 IN
1391 319 1574 378 ACTA
1607 319 2153 382 APOSTOLORUM.
2193 327 2428 387 HOMIL.
2471 329 2613 386 XLI.

165 454 270 504 τρίς)
291 433 462 506 χοροῦ
500 435 782 506 μουσικῶν
811 434 1013 499 πάντες
1043 434 1182 505 μετά
1212 436 1372 507 σιγῆς
1401 437 1862 505 ἐπακούουσι,καὶ

163 524 330 586 οὐδεὶς
352 525 480 576 ἐκεῖ
507 523 759 592 θόρυϐοςο
778 523 922 578 οῦτω
947 524 1046 580 ιιαιὶν
1064 524 1123 576 ἐν
1147 526 1260 588 τοῖς
1290 524 1485 594 φίλοις,
1509 525 1609 596 τῆς
1637 527 1862 600 ἀγάπης

163 609 494 682 κρουούσης,
524 611 705 665 πάντα
739 613 940 683 ἠρεμεῖ
962 609 1030 664 τά
1069 609 1218 681 πάθη
1253 613 1351 666 καὶ
1380 611 1857 682 κατακοιμίζεται,

162 697 414 769 καθάπερ
447 697 622 769 θηρία
663 698 982 769 κηλούμενα
1028 698 1125 752 καὶ
1173 697 1495 769 θελγόμενα,
1524 699 1716 772 ῶσπερ
1766 697 1860 756 οὖν

161 783 281 836 ἔνθα
309 785 515 857 ἔχθρα,
551 787 731 842 πάντα
762 785 833 849 τά
859 786 1098 840 ἐναντία.
1118 785 1280 839 Ἀλλά
1311 785 1478 858 μηδὲν
1501 787 1631 857 περὶ
1658 786 1860 860 ἔχθρας

160 872 291 936 τὰυς
321 875 613 944 εἴπωμεν·
659 873 791 947 περὶ
835 873 1017 942 φιλίας
1061 872 1312 944 λέγωμεν
1353 873 1532 944 μόνον.
1573 875 1671 927 Ἂν
1697 875 1860 948 εἴπῃς

161 977 208 1013 τι
241 961 546 1033 προπετὲς,
598 961 776 1025 οὐδεὶς
827 963 857 1015 ό
910 960 1436 1031 ἐπιλαμϐανόμενος,
1465 959 1604 1014 ἀλλά
1654 961 1858 1027 πάντες

162 1049 672 1118 συγγινώσκουσιν·
723 1051 793 1103 ἀν
843 1049 1078 1121 πράξῃς,
1114 1047 1292 1112 οὐδεὶς
1349 1047 1672 1115 ὑποπτεύει,
1718 1050 1859 1105 ἀλλά

159 1137 322 1207 πολλὴ
351 1139 385 1208 ἠ
420 1136 725 1208 συγγνώμη
748 1156 763 1170 ·
800 1138 1000 1200 πάντες
1022 1137 1070 1190 οἱ
1109 1139 1267 1209 χεῖρα
1294 1136 1582 1209 ὀρέγοντες
1605 1138 1858 1195 πίπτοντι

159 1224 473 1295 πρόχειρον
511 1225 716 1288 πάντες
744 1226 793 1278 oi
824 1223 1140 1295 βουλόμενοι
1177 1225 1368 1295 στῆναι
1408 1225 1724 1296 πρόθυμοι.’

222 1310 419 1381 Τεῖχος
462 1311 636 1375 ϐντως
662 1311 907 1383 ἀρῤαγές
944 1311 975 1382 ἠ
1008 1310 1182 1382 φιλία,
1227 1311 1470 1382 καὶιούδέ
1498 1311 1576 1384 τῷ
1619 1312 1856 1385 διαϐόλῳ

157 1395 458 1466 ἁλώσιμον,
501 1398 634 1469 μήτι
663 1413 726 1467 γε
751 1397 1083 1469 ἀνθρώποις.
1124 1397 1240 1451 Οὐκ
1258 1396 1336 1451 ἔνι
1370 1397 1602 1468 κινδύνῳ
1629 1417 1856 1471 περιπε-

159 1487 264 1538 σεῖν
311 1485 410 1538 τὸν
457 1485 654 1554 φίλους
708 1487 1051 1557 κεκτημένον
1095 1485 1356 1550 πολλούς·
1407 1487 1510 1540 ούκ
1557 1487 1638 1542 ἔνι
1684 1488 1856 1559 ὀργῆς

157 1571 416 1626 ὑπόθεσιν
443 1575 617 1643 σχεῖν,
653 1572 791 1626 ἀλλά
825 1571 1126 1644 θυμηδίας·
1166 1575 1226 1627 ἐν
1259 1573 1460 1643 γέλωτι
1490 1574 1578 1628 ἀεί
1612 1576 1730 1629 ἐστι
1761 1577 1850 1629 κα’⁸

153 1662 369 1730 τρυφῇο
428 1659 534 1713 οὐκ
591 1658 670 1713 ἐνι
730 1659 1036 1730 βασκανίας
1085 1659 1343 1714 ὑπόθεσιν
1388 1662 1572 1732 σχεῖν·
1625 1662 1727 1716 οὑκ
1773 1662 1854 1717 ἐνι

155 1747 532 1817 μνησικακίας
560 1748 842 1820 ἀφορμήν.
870 1748 1012 1819 Ὅρα
1037 1747 1128 1802 τὸν
1151 1747 1392 1803 τοιοῦτον
1422 1749 1520 1805 καὶ
1544 1749 1615 1804 τά
1643 1763 1669 1791 ο
1693 1768 1852 1804 πνευ-

159 1834 367 1905 ματικά
387 1835 487 1890 καὶ
515 1837 590 1890 τά
611 1835 857 1906 σαρκικά
882 1836 1257 1908 κατορθοῦντα
1276 1838 1394 1908 μετ’
1413 1837 1684 1902 εὐκολίας.
1705 1838 1769 1891 Τί
1788 1838 1852 1912 δὴ

151 1919 238 1976 οῦν
266 1924 469 1978 τούτου
507 1923 624 1978 ίσον
657 1923 860 1994 γένοιτ’
887 1924 988 1990 ἀν;
1026 1925 1240 1997 Ὠσπερ
1271 1924 1428 1990 πόλις
1465 1926 1853 1997 τετειχισμένη

151 2012 418 2067 πάντοθεν
449 2004 611 2076 οὗτός
639 2015 812 2076 ἐστιν,
829 2015 1036 2078 ἐκεῖνος
1054 2015 1111 2069 δέ
1135 2015 1326 2087 ῶσπερ
1354 2014 1508 2080 πόλις
1523 2015 1849 2086 ἀτείχιστος.

150 2101 414 2172 Μεγάλης
445 2101 643 2171 σοφίας
674 2101 736 2155 τὺ
786 2100 1047 2156 δύνασθαι
1100 2102 1284 2172 φιλίας
1314 2097 1456 2157 εἶναι
1493 2101 1849 2174 δημιουργόν.

155 2188 342 2242 ’Δνελε
372 2187 476 2260 τὴν
509 2189 715 2258 φιλίαν,
740 2190 836 2244 καὶ
864 2189 1044 2244 πάντα
1068 2190 1304 2257 ἀνεῖλες,
1355 2192 1536 2246 πάντα
1571 2191 1847 2263 συνέχεες.

148 2275 208 2328 Εἰ
229 2275 285 2329 δέ
312 2273 487 2329 εἰκὼν
515 2275 702 2345 φιλίας
721 2275 994 2345 τοσαύτην
1023 2276 1138 2348 ἔχει
1165 2279 1265 2350 τὴν
1296 2277 1472 2349 ίσχὺν,
1499 2276 1639 2350 αὑτὴ
1662 2279 1694 2349 ἡ
1717 2278 1853 2351 ἀλήο

148 2362 262 2417 θεια
289 2365 438 2436 πόση
478 2382 566 2427 τις
585 2363 652 2418 ἀν
681 2365 796 2436 εἴης
833 2365 1359 2436 Κατασκευάσωμεν
1385 2365 1568 2420 τοίνυν
1593 2367 1724 2438 ὑμῖν
1755 2368 1850 2438 φί-

147 2451 286 2518 λους,
316 2451 654 2526 παρακαλῶ,
686 2454 780 2507 καὶ
805 2453 1010 2524 ταύτην
1044 2452 1277 2519 ἕκαστος
1300 2453 1472 2525 ἐχέτω
1500 2454 1600 2526 τὴν
1629 2455 1844 2528 τέχνην.

158 2541 293 2594 Ἀλλ’
321 2542 459 2607 ίδοὺ,
504 2542 696 2612 φησὶν,
726 2541 839 2611 ἐγὼ
862 2540 1172 2610 σπουδάζω,
1203 2543 1412 2608 ἐκεῖνος
1431 2542 1488 2597 δὲ
1517 2543 1581 2596 οὐ
1614 2544 1850 2598 σπουδά-

148 2627 246 2690 ζει.
277 2629 496 2683 Πλείων
519 2631 549 2682 ό
582 2628 776 2696 μισθὸς
799 2628 974 2693 οῦτως
1000 2629 1155 2684 ἔσται
1194 2647 1297 2685 σοι.
1331 2631 1466 2695 Ναὶ,
1496 2632 1685 2702 φησὶν,
1709 2633 1847 2688 ἀλλά

147 2717 461 2788 τὸπρᾶγμα
498 2717 928 2789 δυσκολώτερον.
953 2717 1102 2784 Πῶς,
1132 2718 1254 2772 είπέ
1286 2736 1412 2788 μοι;
1454 2719 1588 2772 Ἰδοὺ
1619 2719 1848 2792 διαμαρ-

147 2803 380 2876 τύρομαι
436 2805 536 2858 καὶ
578 2805 743 2874 λέγω,
797 2806 881 2859 ὅτι
935 2806 1069 2860 δέκα
1131 2807 1292 2878 μόνον
1337 2805 1435 2861 ἐὰν
1483 2808 1845 2881 συμφράξητε

145 2892 391 2960 ἑαυτοὺς,
427 2893 526 2948 καὶ
567 2892 733 2965 ἔργον
754 2892 920 2948 τοῦτο
953 2893 1084 2966 θῆτε
1110 2894 1368 2967 καθάπερ
1391 2896 1439 2949 οί
1464 2895 1758 2950 ἀπόστολοι
1784 2900 1845 2953 τὸ

204 3158 224 3184 ⁸
244 3161 380 3227 ὀρα
393 3163 544 3238 αὐτὸν
563 3163 647 3212 καὶ
668 3163 748 3224 τά,
773 3162 845 3213 εκ
861 3162 1061 3226 quidam
1084 3165 1189 3217 alii.

3551 335 3661 392 288

1967 444 2281 518 κηρύττειν,
2324 447 2580 520 καθάπερ
2606 447 2635 488 ι)
2682 447 2732 501 οί
2767 448 3050 522 προφῆται
3098 446 3164 502 τὸ
3191 448 3484 511 διδάσκειν,
3515 451 3660 503 οὕτω

1965 531 2060 586 καὶ
2087 535 2248 605 ἡμεῖς
2271 535 2332 588 τὸ
2354 536 2544 606 φίλους
2564 538 2763 604 ποιεῖν,
2807 536 3000 608 μισθὸς
3028 536 3180 591 ἔσται
3219 538 3416 608 μέγας.
3445 539 3662 591 Βασιλι-

1964 621 2068 687 κάς
2109 622 2324 688 εἰκόνας
2362 625 2496 696 ἡμῖν
2521 625 2708 689 αὐτοῖς
2733 624 3276 697 κατασκευάζωμεν’
3314 625 3475 680 τοῦτο
3515 625 3658 694 γνώ-

1967 726 2138 782 ρισμα
2185 711 2468 784 μαθητῶν.
2507 713 2620 768 Καὶ
2655 713 2775 780 πῶς
2808 713 2870 768 οὐ
2914 711 3100 786 μεῖζον
3129 713 3499 784 ἐργαζόμεθα,
3534 714 3567 784 ἢ
3614 716 3662 766 εί

1961 796 2194 869 δύναμιν
2226 799 2413 864 αὐτοῖς
2442 799 2757 874 ἐνετίθεμεν
2781 804 3014 877 νεκροὺς
3039 803 3288 874 ἀνιστᾷν;
3325 801 3397 854 Τὸ
3417 800 3662 873 διάδημα

1963 885 2060 938 καὶ
2109 888 2142 957 ή
2174 886 2438 959 ἁλουργὶς
2482 889 2726 943 δείκνυσι
2759 890 2849 944 τὸν
2901 889 3150 962 βασιλέα,
3182 891 3278 944 καὶ
3316 889 3523 944 τούτων
3561 889 3664 942 οὐκ

1961 972 2153 1036 ὄντων,
2200 975 2305 1028 κᾶν
2334 978 2515 1048 χρυσᾶ
2541 976 2640 1048 ἔχῃ
2673 978 2888 1049 ἱμάτια,
2925 977 3080 1032 οῦπω
3113 980 3142 1032 ό
3186 977 3442 1049 βασιλεὺς
3481 977 3659 1048 δῆλος.

1963 1060 2121 1116 Οὑτω
2145 1061 2209 1136 δὴ
2238 1065 2333 1118 καὶ
2355 1064 2472 1130 νῦν,
2499 1066 2559 1119 τὸ
2585 1064 2878 1137 γνώρισμα
2909 1068 2974 1121 σὺ
3001 1066 3260 1137 ἐργάζου,
3281 1067 3376 1119 καὶ
3411 1067 3662 1136 ποιήσεις

1963 1150 2177 1222 σεαυτῷ
2206 1151 2396 1221 φίλους
2418 1153 2512 1206 καὶ
2541 1153 2745 1219 ἀλλοις.
2771 1155 2962 1219 Οὐδείς
2985 1156 3134 1208 ἐστιν
3162 1155 3314 1217 ὅστις
3336 1153 3663 1224 φιλούμενος

1961 1238 2183 1311 θελήσει
2212 1242 2410 1312 μισεῖν.
2447 1243 2728 1314 Μάθωμεν
2749 1242 2818 1297 τά
2844 1241 3136 1315 χρώματα,
3161 1243 3229 1296 δι’
3258 1236 3335 1296 ὧν
3363 1243 3660 1314 κεράννυν⁴

1959 1345 2070 1394 ται,
2096 1330 2165 1384 δι’
2181 1325 2258 1385 ὧν
2276 1330 2413 1403 αὕτη
2440 1333 2802 1405 συντίθεταιή
2829 1333 2996 1388 είκών
3016 1349 3029 1363 ο
3059 1333 3467 1405 εύπροσήγοροι
3484 1327 3658 1403 ῶμεν·

1963 1415 2040 1489 μὴ
2075 1419 2463 1491 περιμένωμεν
2487 1421 2614 1485 τοὺς
2637 1421 2885 1492 πλησίον.
2920 1422 3010 1492 Μὴ
3042 1423 3227 1495 εἴπῃς
3263 1421 3392 1474 Ἐὰν
3416 1421 3510 1475 ίδω
3537 1420 3661 1474 τινὰ

1960 1506 2349 1578 περιμένοντα,
2385 1508 2588 1581 χείρων
2632 1509 2801 1564 αὑτοῦ
2843 1509 3102 1580 γίνομαι·
3133 1507 3272 1563 ἀλλά
3301 1509 3505 1580 μᾶλλον
3531 1509 3662 1562 ὅταν

1962 1591 2100 1667 ίδῃς,
2146 1595 2390 1666 πρόλαϐε
2427 1596 2523 1651 καὶ
2574 1597 2767 1652 σϐέσον
2806 1597 2974 1652 αὑτοῦ
3006 1597 3069 1652 τὸ
3110 1597 3304 1662 πάθος.
3336 1598 3502 1669 Ὁρᾷς
3557 1597 3660 1651 κά-

1967 1699 2190 1752 μνοντα,
2226 1684 2319 1738 καὶ
2372 1684 2665 1749 ἐπιτείνεις
2693 1685 2793 1757 τὴν
2819 1686 3018 1753 νόσον;
3052 1685 3226 1740 Τοῦτο
3281 1685 3517 1757 μάλιστα
3553 1685 3662 1756 πρὸ

1964 1771 2190 1824 πάντων
2222 1772 2696 1846 κατορθώσωμεν,
2730 1773 2887 1847 [308]
2919 1773 2981 1828 τὸ
3014 1774 3378 1846 προηγεῖσθαι
3415 1775 3483 1843 τῇ
3524 1773 3658 1842 τιμῇ

1961 1859 2230 1930 ἀλλήλους
2250 1877 2262 1890 ·
2291 1860 2352 1914 τὸ
2364 1861 2619 1932 ἡγεῖσθαι
2645 1861 2911 1933 ἀλλήλους
2929 1862 3300 1935 ὑπερέχοντας
3326 1860 3558 1923 ἑαυτῶν,
3583 1859 3660 1932 μὴ

1956 1946 2186 2018 νομίσῃς
2221 1947 2598 2003 ἐλαττοῦσθαι.
2628 1949 2726 2004 “Av
2759 1949 2867 2021 ἀρα
2899 1950 3194 2021 προηγήσῃ
3225 1951 3294 2018 τῇ
3323 1949 3484 2018 τιμῇ,
3520 1963 3657 2000 σαυ-

1954 2032 2046 2087 τὸν
2085 2035 2354 2106 ἐτίμησας
2377 2036 2562 2102 πλέον,
2596 2037 2677 2102 είς
2713 2037 2774 2090 τὸ
2803 2037 2964 2091 πλέον
2997 2037 3300 2108 τιμηθῆναι
3329 2033 3657 2104 ἐπισπώμεο

1953 2137 2064 2185 νος.
2115 2123 2401 2194 Πανταχοῦ
2445 2124 2555 2178 τῶν
2609 2125 2898 2198 πρωτείων
2939 2125 3150 2196 ἐτέροις
3207 2121 3654 2195 παραχωρῶμεν.

1937 2209 2140 2282 -Μηδέν
2167 2208 2280 2265 τῶν
2309 2214 2392 2277 είς
2437 2213 2588 2284 ἡμᾶς
2619 2213 3006 2285 είργασμένων
3055 2211 3246 2266 δεινῶν
3297 2208 3657 2281 μνημονεύω-

1955 2315 2079 2368 μεν,
2134 2299 2252 2353 άλλ⁹
2295 2299 2350 2352 εί
2390 2318 2446 2354 τι
2487 2300 2715 2370 ἀγαθόν.
2771 2301 2940 2356 Οὐδὲν
2976 2300 3120 2354 οὕτω
3157 2301 3306 2353 ποιεῖ
3358 2297 3532 2367 φίλον,
3582 2298 3661 2360 ώς

1952 2386 2174 2456 γλῶσσα
2206 2389 2550 2460 εύχάριστος,
2597 2389 2774 2461 στόμα
2825 2387 3098 2461 εὔφημον,
3126 2388 3276 2460 ψυχὴ
3309 2388 3534 2457 ἄτυφος,
3573 2403 3661 2439 κε-

1951 2474 2194 2542 νοδοξίας
2215 2477 2511 2549 ὑπεροψία,
2534 2477 2708 2550 τιμῆς
2735 2478 3171 2548 καταφρόνησις.
3199 2479 3299 2531 “Av
3328 2475 3506 2531 ταῦτα
3534 2492 3662 2529 κατ-

1949 2561 2304 2635 ορθώσωμεν,
2349 2564 2696 2637 δυνησόμεθα
2737 2564 3000 2635 γενέσθαι
3032 2566 3327 2636 ἀχείρωτοι
3366 2566 3489 2626 ταῖς
3549 2581 3657 2616 πα-

1949 2649 2067 2718 γίσι
2089 2649 2186 2704 τοῦ
2230 2651 2506 2718 διαϐόλου,
2545 2654 2640 2706 καὶ
2673 2652 2814 2724 μετά
2847 2651 3142 2725 ἀκριϐείας
3207 2651 3308 2722 τὴν
3339 2650 3543 2721 ἀρετὴν
3575 2649 3660 2700 δι-

1948 2732 2249 2798 ανύσαντες
2301 2734 2411 2788 τῶν
2465 2735 2899 2806 ἐπηγγελμένων
2948 2734 3171 2804 ἀγαθῶν
3196 2735 3311 2798 τοῖς
3367 2730 3658 2800 ἀγαπῶσιν

1949 2821 2113 2875 αὑτὸν
2160 2823 2464 2893 ἐπιτυχεῖν,
2503 2823 2689 2896 χάριτι
2723 2823 2822 2878 καὶ
2879 2821 3266 2894 φιλανθρωπίᾳ
3306 2819 3401 2874 τοῦ
3442 2818 3656 2889 Κυρίου

1946 2910 2106 2980 ἡμῶν
2146 2910 2321 2982 Ἰησοῦ
2357 2912 2624 2983 Χριστοῦ,
2658 2905 2875 2984 μεθἠοῦ
2906 2910 2986 2982 τῷ
3026 2910 3226 2982 Πατρὶ,
3259 2909 3380 2981 άμα
3405 2907 3484 2978 τῷ
3511 2907 3658 2977 ἀγίῳ

1947 2996 2251 3068 Πνεύματι,
2283 2998 2432 3064 δόξα,
2459 2995 2682 3071 κράτος,
2713 2997 2875 3070 τιμὴ,
2912 2997 3009 3052 νῦν
3037 2997 3134 3052 καὶ
3156 2996 3266 3062 ἀεὶ,
3299 2996 3396 3050 καὶ
3422 2995 3505 3058 είς
3523 2993 3654 3057 τοὺς

1945 3083 2150 3148 αἰῶνας
2191 3084 2302 3138 τῶν
2334 3085 2571 3141 αίώνων.
2615 3087 2815 3158 Ἀμήν.

2008 3172 2037 3213 b
2068 3172 2204 3224 Unus
2227 3174 2494 3224 ἀπόστολοι
2527 3174 2842 3272 κηρύτξοπες
2862 3175 3100 3240 καθάπερσ

1707 3441 1956 3496 ΟΜΙΔΙΑ
1993 3441 2134 3507 MA'.

140 3533 446 3591 είσελθὼν
474 3532 546 3587 δὲ
573 3534 664 3599 είς
688 3532 806 3601 τὴν
831 3532 1220 3604 συναγωγὴν,
1238 3531 1714 3604 ,ἐπαρρησιάζετο
1737 3535 1836 3604 ἐπὶ

202 3605 409 3687 miras
439 3605 621 3687 τρεῖς,
681 3603 1110 3687 διαλεγόμενος
1146 3603 1251 3659 καί
1311 3605 1534 3660 πείθων
1570 3605 1645 3659 τὰ
1703 3603 1837 3673 περὶ

208 3676 320 3746 τῆς
343 3676 682 3740 βασιλείας
705 3676 814 3728 τοῦ
842 3676 1012 3730 Θεοῦ.

207 3774 276 3822 α’.
311 3768 460 3838 Ὅρα
483 3764 760 3836 πανταχοῦ
784 3762 976 3818 ἐαυτὸν
999 3761 1334 3819 είσωθοῦντα
1363 3767 1443 3829 είς
1462 3762 1563 3829 τάς
1592 3781 1839 3834 συναγω-

144 3855 260 3924 γάς,
296 3855 398 3909 καὶ
430 3853 610 3916 οὕτως
661 3851 919 3918 ἐξιόνταο
977 3851 1260 3923 πανταχοῦ
1315 3852 1427 3924 γὰρ
1485 3853 1617 3924 παρ’
1655 3853 1838 3907 αὐτῶν

143 3943 392 4002 ἐϐούλετο
426 3941 621 3995 λαϐεῖν
661 3939 941 4011 ἀφορμὴν,
971 3939 1111 4010 ὅπερ
1162 3938 1321 4012 ἔφην.
1360 3939 1443 3994 Τά
1469 3957 1530 3994 τε
1571 3940 1683 4012 γάρ
1707 3940 1835 4013 ἐθνη

143 4030 454 4104 παρεζήλου
505 4026 694 4082 λοιπὸν
721 4065 738 4092 ,
802 4027 898 4081 καίΙ
966 4025 1268 4098 προθύμως
1343 4027 1674 4099 ἀπεδέχοντο
1733 4029 1837 4084 αύ-

139 4124 224 4177 τὺν
253 4136 303 4188 ι,
354 4121 411 4175 οῖ
446 4137 509 4174 τε
551 4118 825 4182 Ἰουδαῖοι,
867 4117 976 4173 τῶν
1027 4118 1201 4174 ἐθνῶν
1240 4109 1572 4192 δεχομένων,
1619 4121 1839 4193 μετενό⁴

138 4227 249 4266 ουν.
291 4206 582 4264 Ἐϐούλετο
637 4205 948 4276 ἀποστῆσαι
989 4205 1118 4270 τοὺς
1177 4205 1429 4278 μαθητὰς
1491 4208 1703 4262 ἐκεῖθεν
1743 4209 1838 4263 καὶ

138 4301 261 4372 παρ’
291 4296 480 4354 αὐτῶν
507 4293 697 4349 λαϐεῖν
749 4294 850 4364 τὴν
895 4293 1093 4365 ἀρχὴν,
1122 4292 1266 4348 ὥστε
1330 4295 1406 4366 μὴ
1463 4296 1834 4366 συνάγεσθαι·

136 4390 226 4442 καὶ
254 4389 358 4458 οὐχ
379 4385 572 4450 ἁπλῶς
601 4382 761 4438 τοῦτο
792 4383 988 4438 ἐποίει.
1037 4383 1137 4437 Διά
1164 4382 1325 4437 τοῦτο
1351 4383 1627 4454 διελέγετο
1653 4387 1840 4452 αὐτοῖς

138 4476 397 4546 συνεχῶς,
427 4477 512 4528 ὃτι
542 4471 749 4525 ἔπειθε.
785 4470 878 4542 Μὴ
902 4465 996 4525 οὖν
1017 4471 1206 4542 ἐπειδὴ
1229 4472 1548 4544 παρρησίαν
1574 4475 1836 4544 ἧκουσας,

134 4563 454 4635 τραχύτητα
487 4559 722 4631 νομίσῃς
745 4575 761 4591 ο
820 4559 950 4630 περὶ
982 4558 1240 4631 χρηστῶν
1293 4560 1638 4631 πραγμάτων
1665 4562 1838 4617 διελέ-

133 4669 276 4721 γετο,
315 4651 448 4722 περὶ
481 4647 795 4719 βασιλείαςο
845 4647 928 4712 τίς
957 4649 1058 4701 οὐκ
1088 4646 1154 4701 ἂν
1183 4648 1455 4720 ἥκουσεν;
1523 4649 1621 4714 Ὠς
1651 4648 1720 4704 δέ
1751 4667 1836 4704 τι-

133 4756 232 4805 νες
296 4734 764 4805 ἐσκληρύνοντο
827 4732 927 4787 καὶ
990 4733 1307 4801 ἠπείθουν,
1353 4733 1839 4804 κακολογοῦντες

133 4826 240 4895 τὴν
263 4823 417 4880 ὁδὸν
433 4821 698 4877 ἐνώπιον
717 4820 828 4876 τοῦ
858 4821 1153 4890 πλήθους,
1184 4822 1460 4888 ἀποστὰς
1482 4823 1583 4876 ἀπ’
1610 4823 1830 4891 αὐτῶν,

131 4914 396 4984 ἀφώρισε
454 4909 602 4977 τοὺς
642 4909 937 4981 μαθητὰς,
981 4910 1111 4965 καθ’
1148 4911 1380 4978 ἡμέραν
1407 4909 1831 4982 διαλεγόμενος

130 5004 194 5056 ὲν
218 5001 291 5072 τῇ
332 4997 542 5070 σχολῇ
582 4998 889 5066 Τυράννου
920 4999 1102 5064 τινός.
1143 4999 1324 5053 Τοῦτο
1368 4997 1436 5052 δὲ
1463 5000 1702 5069 ἐγένετο
1732 5001 1832 5056 ἐπὶ

130 5095 226 5160 ἐτη
249 5091 386 5157 δύο,
402 5089 566 5143 ὥστε
591 5086 828 5152 πάντας
853 5086 996 5153 τοὺς
1017 5086 1452 5154 κατοικοῦντας
1477 5087 1595 5156 τὴν
1622 5090 1833 5144 Ἀσίαν

130 5179 387 5234 ἁλοῦσαι
416 5177 529 5232 τὸν
550 5177 742 5246 λόγον
768 5173 874 5228 τοῦ
905 5175 1129 5243 Κυρίου
1156 5175 1383 5243 Ἰησοῦ,
1403 5176 1734 5245 Ἰουδαίους
1769 5196 1833 5234 τε

131 5269 222 5321 καί
271 5268 614 5335 Ἓλληνας.
676 5261 828 5316 Ὀδὸν
887 5262 948 5316 τὸ
981 5264 1246 5335 κήρυγμα
1295 5265 1523 5329 είκότως
1579 5267 1830 5322 ἐκάλουν.

136 5353 338 5419 Ὄντως
362 5355 475 5424 γὰρ
513 5351 659 5423 αῦτη
693 5352 727 5422 ἠ
761 5350 881 5415 ὁδὸς
929 5345 998 5423 ἦν
1035 5354 1068 5422 ἡ
1119 5353 1413 5422 ἀπάγουσα
1438 5356 1519 5419 είς
1545 5355 1642 5426 τὴν
1678 5356 1832 5426 βασι-

134 5444 270 5498 λείαν
302 5442 413 5498 τῶν
463 5439 739 5513 οὐρανῶν.
775 5441 882 5494 Ἐν
924 5439 998 5508 τῇ
1048 5440 1276 5510 σχολῇ,
1310 5444 1466 5513 φησὶ,
1523 5443 1830 5514 Τυράννου

135 5534 285 5600 τινὸς
333 5531 661 5600 διελέγετο.
719 5527 830 5583 Καὶ
871 5528 1048 5583 τοῦτο
1103 5528 1343 5601 ἐγένετο
1391 5532 1491 5586 ἐπὶ
1531 5532 1639 5603 ἐτη
1695 5533 1830 5602 δύο,

134 5618 275 5676 ὥστε
305 5620 544 5686 πάντας
572 5616 844 5673 ἀκοῦσαι
886 5616 996 5671 τὸν
1035 5619 1224 5688 λόγον
1260 5620 1594 5690 Ἰουδαίους
1631 5641 1695 5678 τε
1730 5625 1832 5681 καί

139 5708 455 5777 Ἕλληνας.
492 5707 663 5778 Ὁρᾷς
694 5706 864 5758 πόσον
896 5705 1094 5775 ἤνυσεν
1121 5700 1520 5778 ήέπιστασίαι
1552 5712 1662 5764 Καὶ
1697 5714 1826 5766 Ἰου-

138 5797 255 5851 δαῖοι
283 5799 376 5852 καὶ
397 5797 669 5869 Ἕλληνες
700 5796 916 5867 ἢκουον.
944 5795 1235 5864 Δυνάμεις
1266 5815 1329 5852 τε
1359 5800 1432 5854 οὐ
1462 5800 1566 5867 τὰς
1608 5803 1822 5872 τυχρύ-

191 5964 202 5982 ’
229 5964 320 6016 Alii
347 5967 508 6017 λοετέυ
535 5970 613 6016 va?
649 5965 824 6032 ῥᾳδίως
855 5967 991 6015 αὑτὸν
1026 5969 1323 6023 ἑπιδέξαντο.

1941 3551 2062 3604 σας
2084 3536 2275 3591 ἐποίει
2307 3539 2341 3592 ό
2371 3536 2518 3604 Θεὸς
2544 3535 2644 3591 διὰ
2671 3535 2793 3591 τῶν
2819 3536 3040 3607 χειρῶν
3067 3538 3340 3607 Παύλου,
3365 3539 3526 3597 ὥστε
3548 3545 3652 3599 καί

1939 3625 2040 3680 ἐπὶ
2069 3627 2212 3694 τοὺς
2239 3626 2659 3694 ἀσθενοῦντας
2685 3625 3078 3696 ἐπιφέρεσθαι
3121 3627 3245 3684 άπὸ
3277 3630 3386 3686 τοῦ
3419 3633 3652 3702 χρωτὸς

1939 3713 2129 3768 αὑτοῦ
2180 3714 2476 3784 σουδάρια
2529 3715 2568 3784 ἢ
2596 3715 2952 3785 σιμικίνθια,
2989 3715 3097 3769 παὶ
3128 3716 3650 3776 ἀπαλλάσσεσθαι

1940 3800 2044 3854 ἀπ’
2063 3800 2266 3856 αὐτῶν
2303 3801 2411 3870 τὰς
2454 3805 2706 3870 νόσους,
2738 3802 2812 3857 τά
2844 3821 2910 3858 τε
2948 3806 3264 3876 πνεύματα
3302 3806 3376 3861 τὰ
3409 3810 3647 3880 πονηρὰ

1939 3887 2290 3958 ἐξέρχεσθαι
2316 3891 2419 3946 ἀπ’
2449 3891 2669 3946 αὐτῶν.
2697 3891 2832 3964 Οὐχὶ
2861 3892 3157 3964 φοροῦντες
3185 3895 3426 3967 ἥπτοντο
3457 3899 3642 3969 μόνον,

1938 3976 2078 4032 ἀλλά
2108 3978 2202 4032 καὶ
2229 3977 2597 4050 λαμϐάνοντες
2648 3981 2991 4036 ἐπετίθεσαν.
3023 3982 3122 4038 Διά
3177 3983 3335 4038 τοῦτο
3364 3986 3468 4040 οὐκ
3496 3987 3584 4041 εἷα
3615 3991 3646 4043 ὁ

1939 4067 2176 4140 Χριστὸς
2215 4068 2475 4124 ἀπελθεῖν
2513 4071 2678 4126 αὑτὸν
2711 4073 2792 4135 είς
2825 4071 2927 4144 τὴν
2969 4072 3177 4139 Ἀσίαν,
3213 4073 3401 4146 τηρῶν
3452 4077 3643 4130 τοῦτον

1938 4157 2033 4211 τὸν
2065 4157 2280 4230 καιρὸν,
2305 4157 2383 4222 ὡς
2420 4157 2597 4228 ἔγωγε
2646 4154 2822 4231 οἴμαι.
2872 4161 3313 4231 Ἐπεχείρησαν
3359 4164 3428 4218 δέ
3480 4182 3644 4234 τινες

1938 4245 2058 4301 άπὸ
2092 4243 2213 4300 τῶν
2233 4247 2711 4318 περιερχομένων
2748 4248 3058 4304 Ἰουδαίων
3086 4249 3480 4319 ἐξορκιστῶν,
3509 4253 3644 4308 ὀνο-

1933 4335 2142 4406 μάζειν
2170 4336 2270 4390 ἐπί
2291 4335 2436 4404 τοὺς
2463 4336 2722 4406 ἔχοντας
2752 4335 2826 4392 τὰ
2854 4337 3171 4408 πνεύματα
3208 4337 3282 4392 τὰ
3311 4342 3548 4409 πονηρὰ
3575 4343 3643 4397 τὸ

1941 4423 2130 4494 ὄνομα
2155 4424 2264 4480 τοῦ
2288 4423 2441 4497 [509]
2470 4425 2693 4494 Κυρίου
2708 4424 2936 4493 Ἰησοῦ,
2964 4426 3250 4498 λέγοντες
3268 4445 3282 4459 ο
3304 4427 3645 4500 Ὀρκίζομεν

1939 4510 2098 4582 ὑμᾶς
2129 4511 2237 4566 τὸν
2262 4511 2529 4582 Ἰησοῦν,
2555 4512 2629 4568 δν
2655 4513 2902 4580 Παῦλος
2920 4515 3242 4582 κηρύσσει.
3275 4515 3432 4570 Οὕτω
3465 4519 3644 4574 πάντα

1939 4600 2159 4655 ἐποίουν
2186 4601 2576 4674 πραγματείας
2602 4601 2813 4656 ἐνεκεν.
2853 4602 2995 4674 Ὅρα
3016 4619 3029 4633 ·
3076 4602 3370 4658 πιστεῦσαι
3403 4605 3504 4677 μὲν
3540 4608 3642 4663 οὑκ

1941 4688 2159 4759 ἠθελον,
2189 4689 2277 4743 διὰ
2315 4689 2374 4744 δὲ
2417 4689 2510 4744 τοῦ
2545 4689 2812 4762 ὀνόματος
2837 4690 3034 4760 ἧθελον
3061 4693 3348 4747 ἐκϐάλλειν
3369 4695 3498 4760 τοὺς
3524 4696 3643 4752 δαίς

1945 4795 2136 4849 μονας.
2165 4777 2373 4834 Βαϐαίί
2406 4779 2467 4834 τὸ
2514 4779 2688 4851 ὄνομα
2735 4780 2830 4833 τοῦ
2857 4780 3074 4834 Παύλου
3106 4782 3272 4836 πόσον
3302 4777 3372 4855 ἦν
3400 4785 3411 4837 !
3447 4779 3643 4840 Ἦσαν

1941 4865 2010 4920 δέ
2063 4884 2226 4934 τινες
2262 4867 2381 4922 υίοί
2416 4866 2615 4923 Σκευᾶ
2661 4862 2960 4923 Ἰουδαίου
3014 4869 3334 4939 ἀρχιερέως
3383 4872 3537 4929 ἑπτὰ
3586 4878 3642 4931 οι

1940 4955 2116 5011 τοῦτο
2155 4956 2492 5024 ποιοῦντες.
2536 4957 2888 5026 Ἀποκριθὲν
2935 4956 3003 5011 δὲ
3042 4958 3105 5011 τὸ
3146 4960 3384 5030 πνεῦμα
3422 4963 3489 5016 τὸ
3535 4980 3642 5018 που

1940 5045 2147 5115 νηρὸν,
2171 5041 2342 5100 εἶπεν
2370 5045 2574 5114 αὐτοῖς
2597 5063 2612 5079 ο
2659 5045 2770 5100 Τὸν
2801 5046 3038 5114 Ἰησοῦν
3059 5046 3353 5116 γινώσκω,
3395 5051 3495 5104 καί
3533 5051 3642 5107 τὸν

1941 5135 2189 5189 Παῦλον
2223 5134 2568 5205 ἐπίσταμαι,
2597 5135 2768 5204 ὑμεῖς
2796 5134 2865 5188 δὲ
2911 5136 3076 5201 τίνες
3102 5136 3244 5190 ἐστέ
3259 5153 3280 5202 ;
3314 5139 3423 5192 Καὶ
3453 5142 3640 5208 ἐφαλο

1934 5223 2194 5292 λόμενος
2218 5222 2310 5276 ἐπ’
2333 5223 2562 5288 αὐτοὺς
2593 5224 2627 5276 ὀ
2657 5222 2993 5293 ἄνθρωπος,
3023 5225 3094 5278 ἐν
3117 5218 3166 5291 ᾧ
3192 5223 3272 5297 ἦν
3301 5227 3368 5280 τὸ
3400 5227 3641 5298 πνεῦμα

1934 5320 2002 5374 τὸ
2027 5322 2321 5389 πονηρὸν,
2351 5322 2449 5376 καὶ
2475 5323 2965 5392 κατακυριεῦσαν
2997 5323 3219 5390 αὐτῶν,
3255 5325 3481 5395 ισχυσε
3508 5327 3639 5382 κατ’

1935 5409 2156 5474 αὐτῶν,
2188 5408 2347 5464 ὥστε
2371 5413 2645 5481 γυμνοὺς
2676 5413 2776 5466 καὶ
2806 5414 3439 5484 τετραυματισμένους
3455 5415 3636 5486 ἐκφυ-

1939 5503 2064 5573 γεῖν
2083 5503 2152 5558 ἐκ
2177 5504 2283 5558 τοῦ
2310 5504 2480 5559 οἴκου
2502 5504 2762 5559 ἐκείνου.
2801 5505 2986 5560 Τοῦτο
3013 5503 3082 5558 δὲ
3101 5504 3342 5574 ἐγένετο
3360 5507 3636 5576 γνωστὸν

1933 5599 2126 5655 πᾶσιν
2164 5599 2478 5668 Ἰουδαίοις
2521 5618 2584 5656 τε
2638 5600 2736 5656 καί
2772 5602 3040 5670 ’Ἕλλησι
3097 5602 3223 5669 τοῖς
3282 5605 3635 5662 κατοικοῦσι

1925 5698 2044 5766 τὴν
2064 5700 2353 5769 Ἔφεσον.
2381 5699 2592 5753 Οὐκοῦν
2611 5699 2984 5762 λανθανόντως
3014 5699 3252 5766 ἐποίουν,
3281 5697 3402 5755 εἶτα
3427 5703 3632 5775 ἐκπομ-

1924 5788 2152 5842 πεύεται
2187 5789 2368 5842 αὐτῶν
2404 5791 2437 5859 ή
2483 5790 2762 5844 ἀσθένεια.
2817 5794 2926 5844 Καὶ
2972 5790 3237 5844 ἐπέπεσε
3299 5792 3487 5859 φόϐος
3531 5793 3632 5848 ἐπὶ

1921 5875 2152 5942 πάντας
2209 5878 2456 5943 αὐτοὺς,
2523 5878 2623 5932 καὶ
2687 5879 3092 5947 ἐμεγαλύνετο
3149 5878 3217 5932 τὸ
3269 5879 3460 5948 ὄνομα
3523 5878 3634 5934 τοῦ

1919 5965 2140 6032 Κυρίου
2175 5966 2400 6035 Ἰησοῦ,
2436 5967 2656 6021 πολλοί
2715 5984 2772 6020 τε
2831 5967 2948 6020 τῶν
2995 5966 3486 6022 πεπιστευκότων·
3516 5965 3620 6038 ἦρ·
