4034 6414
454 357 560 410 ’289

451 483 629 536 κοντο
650 465 962 532 ἑξομολογ-
975 464 1178 532 εἶμι-τοι
1206 464 1298 516 καὶ
1332 458 1806 530 ἀναγγέλλοντες
1835 456 1941 523 τὰς
1968 451 2114 521 πρά-

450 554 572 618 ξεις
599 549 814 605 αὐτῶν.
861 549 1079 620 Ἐπειδὴ
1109 549 1218 621 γὰρ
1267 548 1534 617 τοσαύτην
1569 546 1722 616 ἰσχὺν
1756 545 1932 614 ἔσχον,
1969 541 2111 594 ὥστε

446 639 533 691 διὰ
554 635 662 690 τῶν
704 635 994 706 δαιμονίων
1020 635 1242 690 τοιαῦτα
1273 635 1466 695 ποιεῖν,
1507 631 1730 694 εἰκότως
1763 629 1935 684 ταῦτα
1964 626 2106 695 γίνε-

446 733 557 771 ται.
603 717 812 770 Ἱκανοι
840 735 902 771 τε
956 717 1070 769 τῶν
1099 717 1171 771 τὰ
1203 716 1480 784 περίεργα
1511 712 1868 783 πραξάντων
1892 724 2113 763 συνεν-

446 798 730 867 έγκαντες
757 800 862 864 τὰς
887 801 1160 865 βίϐλους,
1199 797 1512 852 κατέκαιον
1537 795 1795 849 ἐνώπιον
1845 791 2110 852 πάντων,

448 886 543 938 καί
576 887 1011 956 συνεψήφισαν
1043 887 1142 952 τὰς
1170 885 1338 953 τιμὰς
1361 882 1579 948 αὐτῶν,
1603 881 1699 936 καί
1725 875 1903 948 εὗρον
1934 878 2112 948 ἀργυο

446 972 580 1038 ρίου
595 973 887 1041 μυριάδας
903 973 1102 1028 πέντε.
1135 971 1297 1026 Οὕτω
1323 969 1475 1023 κατὰ
1501 965 1719 1037 κράτος
1742 969 1776 1021 ὁ
1803 965 1983 1035 λόγος
2004 964 2111 1017 τοῦ

449 1059 670 1125 Κυρίου
699 1060 927 1127 ηὔξανε
960 1061 1055 1114 καί
1096 1059 1330 1127 ἴσχυεν.
1363 1057 1606 1119 Ἰδόντες,
1641 1055 1723 1108 ὃτι
1747 1052 1900 1106 οὐδὲν
1931 1050 2112 1106 αὐτῶν

448 1143 636 1212 ὄφελος
674 1145 854 1200 λοιπὸν
883 1142 972 1216 ἦν,
1023 1144 1380 1199 κατακαίουσι
1429 1143 1528 1206 τὰς
1559 1141 1815 1212 βίϐλουςι
1844 1157 1858 1171 ο
1897 1139 1986 1192 ὅτε
2017 1137 2112 1191 καὶ

449 1232 602 1284 αύτοί
630 1234 675 1284 οἰ
705 1233 952 1302 δαίμονες
973 1231 1147 1288 ταῦτα
1182 1231 1446 1286 ποιοῦσιν.
1483 1232 1595 1285 Οὐκ
1623 1229 1731 1301 ἄρα
1756 1228 1816 1281 τὸ
1856 1226 2028 1296 ὄνομά
2056 1242 2108 1278 τι

450 1321 610 1382 ποιεῖ,
641 1318 708 1371 ἀν
736 1320 809 1388 μὴ
840 1320 977 1390 μετά
1006 1318 1241 1382 πίστεως
1269 1315 1737 1388 λέγηται.-Καλῶς
1766 1315 1874 1383 ἄρα
1901 1312 2107 1380 ἔλεγεν.

458 1403 521 1457 Ὀ
545 1407 842 1459 πιστεύων
866 1409 952 1473 εἰς
998 1406 1122 1475 ἐμὲ,
1151 1407 1391 1476 μείζονα
1421 1403 1679 1470 ποιήσει,
1710 1401 1866 1455 τοῦτο
1895 1399 1957 1452 τὸ
1999 1399 2109 1453 τῶν

446 1491 613 1545 σκιῶν
637 1494 1022 1564 αἰνιττόμενος.
1055 1494 1197 1563 Ὅρα
1231 1492 1349 1556 πῶς
1377 1493 1492 1554 τοῖς
1523 1490 1706 1551 ὅπλοις
1748 1487 1870 1540 καθ’
1899 1485 2109 1540 ἑαυτῶν

443 1577 743 1648 ἐχρήσαντο
811 1579 916 1634 Καὶ
954 1578 1272 1647 διελέγετο,
1303 1579 1488 1648 φησὶν,
1541 1577 1610 1630 ἐν
1638 1573 1710 1644 τῇ
1743 1571 1944 1644 σχολῇ
2001 1575 2102 1628 Tv-

435 1663 666 1732 ράννου
693 1667 852 1733 τινὸς
885 1652 990 1720 ἐπὶ.
1031 1667 1134 1733 ἐτη
1175 1665 1305 1720 δύο.
1360 1664 1528 1717 Ἔνθα
1580 1663 1762 1717 πιστοί
1806 1657 1967 1732 ἦσαν,
2014 1659 2108 1714 καὶ

447 1750 650 1820 σφόδρα
679 1751 877 1804 πιστοί.
909 1749 1094 1815 οὕτως
1117 1751 1267 1804 ούδέν
1308 1751 1450 1821 μέγα
1478 1748 1726 1820 ἐνόμιζον
1755 1747 1846 1801 τὸν
1875 1745 2102 1817 Ἰησοῦν,

443 1835 524 1888 ὅτι
554 1837 755 1892 καὶτὸν
781 1837 990 1893 Παῦλον
1019 1839 1428 1909 προσετίθεσαν,
1461 1836 1536 1901 ὡς
1568 1837 1730 1890 αὑτὸν
1762 1833 1935 1907 ταύτῃ
1965 1834 2106 1904 μέγα

440 1937 493 1974 τι
525 1921 832 1992 νομίζοντες
863 1919 1023 1981 εἶναι.
1057 1925 1238 1989 Ἀξιον
1284 1915 1856 1992 ἐνταῦθα’θαυμάσαι,
1917 1921 2034 1983 πῶς
2076 1922 2106 1974 6

440 2006 647 2077 δαίμων
667 2011 726 2062 ού
759 2011 1090 2082 συνέπραξεν
1111 2014 1317 2074 ἐκεῖνος
1341 2014 1405 2083 τῇ
1428 2011 1536 2064 τῶν
1561 2008 1887 2080 ἐξορκιστῶν
1906 2006 2100 2078 πλάνῃ.

441 2093 577 2146 ἀλλά
607 2095 884 2167 διήλεγξεν
915 2097 1131 2160 αὐτοὺς,
1154 2096 1249 2150 καί
1280 2097 1378 2167 τὴν
1417 2096 1622 2168 σκηνὴν
1660 2095 1839 2149 αὐτῶν
1867 2093 2105 2165 φανερὰν

440 2181 710 2252 ἐποίησεν.
757 2181 908 2252 Ἐμοί
961 2183 1110 2237 δοκεῖ
1165 2183 1370 2256 σφόδρα
1415 2181 1708 2254 θυμωθεὶς,
1738 2181 1924 2254 ὥσπερ
1956 2181 2023 2236 ἂν
2055 2182 2108 2236 εῐ

437 2284 522 2329 τις
543 2269 666 2340 περί
688 2269 798 2322 τῶν
829 2270 1069 2340 ἐσχάτων
1086 2269 1430 2335 κινδυνεύων,
1451 2270 1557 2323 ύπό
1582 2285 1728 2331 τινος
1759 2267 1976 2339 οἰκτροῦ
2010 2267 2106 2321 καὶ

437 2353 782 2427 ταλαιπώρου
811 2355 1160 2427 διελέγχοιτο,
1194 2361 1288 2411 καὶ
1334 2356 1510 2410 πάντα.
1541 2357 1620 2421 εἰς
1648 2355 1852 2408 ἐκεῖνον
1889 2355 2105 2424 ἀφεῖναι

442 2438 688 2507 βούλεται
728 2440 819 2495 τὸν
847 2441 1038 2514 θυμόν.
1090 2443 1205 2496 Ἵνα
1243 2443 1350 2513 γάρ
1386 2443 1461 2513 μὴ
1495 2440 1619 2512 δόξῃ
1639 2439 2102 2514 ⁴καταφρονεῖσθαι

438 2526 497 2578 τὸ
517 2527 684 2597 ὄνομα
704 2528 796 2580 τοῦ
829 2527 1025 2598 Ἰησοῦ,
1052 2527 1312 2600 πρότερον
1340 2528 1705 2599 ὁμολογήσας,
1735 2527 1893 2581 τοῦτο
1914 2526 2102 2580 ἐλαϐεν

435 2612 701 2678 ἐξουσίαν.
745 2618 863 2670 Ὅτι
897 2616 1006 2687 γὰρ
1042 2617 1104 2671 ού
1137 2617 1231 2670 τοῦ
1263 2616 1525 2686 ὀνόματος
1551 2613 1619 2688 ἦν
1645 2615 1924 2677 ἀσθένεια,
1966 2615 2103 2669 ἀλλά

438 2705 534 2771 τῆς
562 2703 786 2757 ἐκείνων
810 2705 1025 2774 ἀπάτης
1045 2703 1106 2757 τὸ
1131 2705 1257 2771 πᾶν,
1283 2705 1376 2758 ἐπὶ
1399 2704 1614 2758 Παύλου
1638 2704 1726 2758 διὰ
1749 2704 1803 2757 τί
1835 2705 1910 2775 μὴ
1932 2703 2105 2758 ταῦτα

441 2790 764 2861 γεγένηται;
817 2790 926 2844 Καὶ
963 2791 1394 2862 ἐφαλλόμενος,
1441 2793 1624 2864 φησὶν,
1701 2795 1735 2847 ό
1796 2793 2104 2859 ἅνθρωπος

436 2875 530 2929 ἐπ’
558 2878 794 2943 αὐτούς.
833 2879 991 2941 Ἴσως
1040 2878 1326 2950 διέρρηξεν
1380 2879 1559 2932 αὐτῶν
1613 2879 1682 2932 τὰ
1741 2880 1952 2947 ἰμάτια.
2009 2880 2102 2933 καὶ

447 2962 788 3033 προσήραξεν
813 2964 992 3018 αὐτῶν
1011 2964 1110 3029 τὰς
1131 2963 1371 3035 κεφαλάς
1391 2981 1404 2994 ·
1441 2964 1599 3018 τοῦτο
1624 2965 1731 3036 γὰρ
1759 2965 1992 3036 ἐδήλωσε
2025 2965 2102 3035 τῷ

439 3050 632 3115 εἰπεῖν,
668 3050 1136 3120 Ἐφαλλόμενος·
1190 3051 1439 3105 τουτέστι
1493 3050 1630 3120 μετά
1689 3051 1869 3122 ῥύμης
1900 3046 2100 3122 επιπτί-

439 3135 626 3204 δήσας,
671 3136 811 3190 ῶστε
871 3139 1055 3192 ίκανδν
1101 3135 1170 3209 ἦν
1206 3139 1364 3193 τοῦτο
1415 3137 1773 3210 ἐργάσασθαι.
1818 3137 1883 3190 Τί
1921 3139 2100 3204 ἐστιν,

454 3225 736 3289 Ἀποστὰς
759 3225 861 3277 ἀπ’
888 3224 1086 3279 αὐτῶν
1109 3226 1368 3295 ἀφώρισε
1391 3224 1532 3291 τοὺς
1555 3223 1825 3294 μαθητάς
1839 3242 1859 3288 ;
1894 3225 2103 3278 Ἐνέκο-

439 3309 538 3377 ψεν
579 3310 776 3375 αὐτῶν,
812 3312 966 3382 φησί,
1025 3313 1124 3381 τὴν
1156 3313 1497 3381 κακολογίαν.
1546 3311 1717 3365 Τοῦτο
1748 3311 1804 3365 δέ
1839 3314 1981 3364 ποιεῖ
2012 3311 2103 3366 καί

440 3397 754 3464 ἀφίσταται,
783 3399 902 3451 ἐπεὶ
929 3399 1027 3452 ούκ
1052 3398 1307 3467 ⁴ἰιϐούλετο
1332 3396 1598 3452 ἐκκαῦσαι
1631 3397 1810 3452 αὐτῶν
1854 3397 1944 3450 τὸν
1970 3397 2102 3466 φθό-

441 3500 550 3548 νον,
580 3483 699 3536 ούδέ
727 3486 806 3547 εἰς
828 3484 943 3554 ἔριν
962 3485 1218 3554 ἐμϐαλεῖν
1241 3485 1483 3540 πλείονα.
1512 3485 1586 3538 Τὸ
1617 3485 1693 3548 δὲ,
1712 3485 2103 3552 Ὲπαρῤησιάο

443 3568 591 3636 ζετο,
617 3571 786 3639 λέγει,
845 3571 1020 3642 δηλῶν
1052 3573 1133 3625 ὅτι
1167 3574 1261 3625 καὶ
1287 3572 1424 3644 πρὸς
1469 3571 1743 3636 κινδύνους
1767 3566 1836 3642 ἧν
1868 3587 2103 3641 παρατε-

438 3659 728 3728 ταγμένος,
762 3659 852 3712 καὶ
889 3657 1263 3730 φανερώτερον
1313 3659 1616 3727 διελέγετο,
1676 3658 1735 3710 ού
1800 3657 2103 3721 συσκιάζων

442 3745 510 3798 τά
541 3745 801 3814 δόγματα.
840 3745 1112 3798 Ἐντεῦθεν
1167 3745 1530 3815 μανθάνομεν,
1593 3745 1667 3819 μὴ
1716 3744 1882 3815 ὁμόσε
1930 3745 1958 3786 δ
2005 3763 2105 3815 χω-

445 3835 556 3903 ρεῖν
577 3834 685 3894 τοῖς
697 3832 1100 3899 κακολογοῦσιν,
1120 3832 1232 3885 ἀλλ’
1249 3832 1583 3900 ἀφίστασθαι
1602 3831 1754 3905 [510]
1770 3832 1967 3886 αὐτῶν.
1991 3833 2104 3886 Οὐκ

441 3919 808 3988 ἐκακολόγησε
867 3921 1050 3984 κακῶς
1103 3920 1314 3974 ἀκούων
1366 3920 1460 3973 καί
1508 3920 1689 3983 αὐτὸς,
1758 3919 1894 3972 ἀλλά
1966 3920 2104 3989 μᾶλ-

442 4008 531 4060 λον
588 4007 852 4075 διελέγετο
907 4007 1028 4061 καθ’
1071 4007 1317 4079 ἡμέραν,
1364 4007 1459 4061 καὶ
1509 4006 1680 4078 ταύτῃ
1743 4006 1972 4076 μάλιστα
2015 4007 2104 4058 οἰ-

445 4093 755 4165 κειούμενος
797 4095 923 4158 τοὺς
977 4094 1204 4159 πολλοὺς
1251 4094 1330 4166 τῷ
1373 4093 1567 4159 κακῶς
1605 4095 1781 4148 καίτοι
1807 4093 2041 4156 ἀκούσας
2076 4105 2098 4134 ε

449 4183 521 4252 μὴ
566 4183 909 4253 ἀποπηδῆσαι
961 4183 1096 4254 μηδὲ
1143 4182 1493 4253 χωρισθῆναι.
1546 4183 1657 4236 Kal
1708 4182 1920 4244 σκόπει,
1957 4183 2103 4236 ἐπει-

439 4269 508 4336 δὴ
552 4270 580 4320 ὁ
609 4267 716 4320 τῶν
762 4267 865 4332 ἐξω
893 4269 1196 4341 πειρασμὸς
1220 4269 1518 4333 ἐπαύσατο,
1545 4269 1651 4322 ἀπὸ
1687 4269 1794 4322 τῶν
1831 4269 2101 4338 δαιμόνων

448 4355 667 4423 ἤρξατο.

529 4442 691 4510 Ὁρᾷς
730 4439 982 4510 πώρωσιν
1020 4441 1340 4513 Ἰουδαῖκήνς
1366 4443 1446 4497 Τὰ
1477 4443 1667 4514 ἰμάτια
1695 4443 1858 4498 αὐτοῦ
1894 4442 2095 4506 ἰδόντες

448 4527 790 4599 ἐνεργοῦντα,
823 4530 884 4581 ού
913 4532 1218 4600 προσεῖχον.
1250 4532 1314 4583 Τί
1339 4530 1532 4584 τούτου
1565 4532 1748 4602 μεῖζον
1771 4531 1838 4585 ἂν
1865 4531 2099 4599 γένοιτο;

450 4617 575 4678 Τοῖς
605 4615 660 4667 δὲ
689 4615 890 4685 μᾶλλον
925 4617 1006 4679 εἰς
1036 4618 1346 4670 τούναντίον
1376 4619 1656 4690 περιέστη.
1702 4621 1768 4673 Εἰ
1801 4637 1885 4682 τις
1925 4617 2104 4690 Ὶῐλλή⁴

447 4720 554 4755 νων
574 4704 812 4765 ἀπιστεῖ,
859 4703 955 4775 τὴν
995 4703 1150 4758 σκιὰν
1198 4706 1340 4776 ὁρῶν
1395 4706 1568 4760 ταῦτα
1617 4707 1991 4779 ἐργαζομένην
2017 4724 2104 4760 πι·

450 4789 700 4842 στευέτω.
732 4789 887 4843 Οὕτω
905 4791 982 4859 τῷ
1019 4791 1078 4854 ἐξ
1111 4792 1287 4845 αὐτῶν
1314 4793 1615 4863 ἀποστῆναι
1655 4795 1703 4846 οἰ
1749 4794 1848 4864 μέν
1880 4793 2106 4847 κακολο⁴

449 4875 669 4941 γοῦντες
701 4875 795 4928 καὶ
820 4877 1192 4940 διαϐάλλοντες
1218 4880 1278 4931 τὸ
1305 4881 1478 4950 δόγμα
1505 4881 1772 4950 ἡττῶνται
1800 4882 1978 4951 (τοῦτο
1998 4881 2104 4952 γὰρ

451 4962 708 5016 ἐκάλεσεν
757 4963 930 5033 ὀδόν)’
966 4963 1126 5026 αὐτὸς
1179 4966 1235 5017 δὲ
1297 4967 1610 5034 ἀφίσταται,
1665 4969 1740 5031 ώς
1792 4971 1926 5038 μήτε
1982 4971 2105 5032 τοὺς

455 5048 698 5118 μαθητὰς
729 5049 1095 5120 ἀναχωρῆσαι,
1134 5053 1272 5121 μήτε
1302 5052 1539 5115 ἐκείνους
1567 5056 1644 5116 εἰς
1675 5054 1843 5124 θυμὸν
1875 5058 2104 5125 ἐγεῖραι,

448 5137 661 5199 δεικνὺς
723 5138 994 5206 πανταχοῦ
1049 5138 1442 5209 διωθουμένους
1495 5141 1595 5212 τὴν
1652 5142 1944 5212 σωτηρίαν.
1996 5143 2108 5196 Kal

452 5222 630 5275 λοιπὸν
662 5223 893 5276 ἐνταῦθα
923 5224 1041 5276 οὐδὲ
1085 5225 1435 5294 ἀπολογεῖται
1465 5228 1665 5289 αὐτοῖς,
1707 5229 1802 5282 ἆτε
1835 5227 2109 5298 πανταχοῦ

450 5309 561 5361 τῶν
587 5310 752 5364 ἐθνῶν
800 5312 1225 5366 πιστευσάντων.
1274 5315 1382 5366 Kal
1424 5314 1750 5383 διαλέγεται.
1783 5315 1881 5385 οὑχ
1923 5315 2111 5379 ἁπλῶς

453 5394 545 5446 τὸν
569 5396 727 5447 τόπον
751 5396 1007 5468 ζητήσας,
1042 5398 1157 5450 ἀλλ’
1177 5399 1305 5453 ἔνθα
1335 5401 1496 5471 σχολὴ
1524 5397 1611 5471 ἦν,
1635 5401 1711 5465 ὡς
1751 5401 2112 5471 ἐπιτηδειότε-

455 5498 551 5550 ρον
577 5482 664 5533 διὰ
688 5482 882 5538 τὸέκεί
911 5485 1236 5554 συνάγεσθαι
1266 5497 1308 5540 ε.

524 5760 539 5781 ⁸
562 5761 893 5828 ,Κατνικαξουσι
921 5766 994 5819 τὰς
1022 5770 1202 5822 {incf/cu;
1248 5768 1325 5814 (1ιί
1348 5773 1384 5814 ,ι
1430 5769 1475 5812 ιιι
1519 5767 1819 5826 ψιιίιιιιιιιιιη.
1921 5769 1945 5806 b
1978 5770 2110 5815 l‘lms

467 5823 748 5916 rayea'vnp..-v
796 5823 888 5871 καῖ
920 5829 1050 5886 ’ἡμτῇ
1091 5832 1151 5882 μὴ
1192 5830 1348 5882 (mima
1442 5831 1462 5857 τ
1506 5823 1584 5874 Sir
1621 5843 1744 5875 unus
1787 5839 1831 5875 (-1
1873 5833 2084 5877 (mnum!

491 5887 903 5916 ιλιιιιηςὶιιιιοιιιη-μκ
940 5890 1065 5916 ςιιη
1115 5897 1156 5916 nl
1189 5890 1337 5916 ειη-,σι’
1366 5904 1469 5916 ...ηι
1499 5890 1647 5916 Irin.“-
1696 5908 1749 5916 υ..
1895 5894 2000 5916 ...;-.

464 5889 1067 5957 ἐαῑιιιιυςιιιινηιιζνκβδιιι
1114 5897 1160 5936 cl
1189 5890 1470 5937 Muntﬁcum
1499 5890 1665 5950 uibus,
1696 5908 1848 5939 7mm:
1895 5894 2011 5948 ma,
2035 5910 2106 5949 ;.~,

471 5948 544 5992 ςιαὲ
569 5948 786 6002 ἄξονι-δας.
821 5948 951 5996 limi".

1258 348 1314 403 S.
1354 344 1636 404 JOANNIS
1675 345 1810 401 Cllll
1825 344 1851 398 ἵ
1865 335 2104 398 SOSTOI

2215 335 2518 393 ARCHIEP.
2561 331 3103 393 CONSTANTINOP.

3770 329 3885 385 290

2291 451 2355 522 β’.
2380 451 2547 505 Βαϐαῖ
2573 453 2586 504 !
2616 450 2757 518 πόση
2785 449 2895 503 τῶν
2924 445 3328 501 πιστευσάντων
3358 441 3757 512 ἡδύναμις,ὄτι
3784 436 3892 494 καὶ

2216 539 2421 610 ἑτέροις
2442 538 2536 592 τοῦ
2562 537 2632 590 τὰ
2666 537 2806 590 αὐτὰ
2849 536 3023 588 ποιεῖν
3059 531 3306 601 γίνεταιί
3353 530 3496 598 πόση
3524 529 3581 581 δέ
3623 527 3890 597 πώρωσις

2214 626 2322 679 τῶν
2357 625 2449 678 καὶ
2481 624 2620 696 μετά
2648 623 2745 695 τὴν
2774 622 3042 688 ἀπόδειξιν
3067 620 3169 691 τῆς
3187 618 3467 689 δυνάμεως
3497 616 3577 669 ἐτι
3609 617 3892 687 μενόντων

2211 715 2276 784 τῇ
2302 712 2563 778 ἀπιστίᾳί
2595 712 2807 782 Ὥσπερ
2827 709 2921 765 οῦν
2944 711 3124 780 Σίμων
3164 707 3431 781 ἐμπορίας
3467 705 3654 758 ἕνεκεν
3692 705 3889 774 ἐζήτει

2210 799 2303 853 τοῦ
2334 799 2651 869 Πνεύματος
2694 799 2796 868 τὴν
2829 799 3016 870 χάριν,
3057 796 3200 850 οὕτω
3253 797 3348 848 καὶ
3392 786 3535 847 οῦτοι
3583 792 3676 846 τοῦ
3705 789 3889 845 αὐτοῦ

2211 887 2400 941 τούτου
2450 887 2634 940 ἐνεκεν
2678 885 2836 940 τοῦτο
2880 884 3117 938 ἐποίουν.
3149 883 3300 955 Πόση
3351 882 3636 954 πώρωσιςί
3682 879 3794 932 Kal
3826 878 3890 930 τί

2211 975 2406 1046 δήποτε
2428 975 2455 1025 ό
2479 972 2688 1037 Παῦλος
2713 974 2813 1026 οὐκ
2841 972 3101 1042 ἐπιτιμᾷς
3132 971 3257 1024 Ὀτι
3278 969 3458 1035 ἔδοξεν
3484 969 3551 1023 ἂν
3579 966 3890 1038 βασκανίας

2212 1057 2428 1116 εἶναιτὸ
2450 1063 2682 1132 πρᾶγμα
2712 1078 2726 1092 ·
2765 1060 2853 1114 διὰ
2894 1059 3052 1113 τοῦτο
3099 1059 3464 1128 οἰκονομεῖται
3508 1055 3672 1112 οὕτω.
3704 1054 3891 1107 Τοῦτο

2210 1149 2307 1201 καί
2331 1149 2422 1201 ἐπὶ
2444 1147 2538 1201 τοῦ
2567 1146 2803 1218 Χριστοῦ
2825 1146 3073 1215 γέγονεν’
3097 1145 3234 1198 ἀλλά
3259 1143 3382 1197 τότε
3406 1143 3503 1213 μέν
3524 1142 3585 1195 ού
3607 1140 3889 1194 κωλύεται

2211 1234 2386 1307 (ἀρχὴ
2438 1233 2546 1305 γὰρ
2604 1233 2712 1287 τῶν
2762 1234 3102 1304 πραγμάτων
3157 1227 3263 1303 ἦν)
3288 1246 3300 1259 ·
3348 1231 3471 1283 ἐπεὶ
3518 1230 3612 1284 καὶ
3674 1227 3889 1291 Ἰούδας

2211 1322 2458 1376 κλέπτων
2485 1321 2584 1374 ούκ
2605 1318 2914 1373 ἐκωλύετο(Ι
2931 1337 2944 1351 ·
2990 1319 3238 1383 Ἀνανίας
3265 1318 3323 1373 δέ
3347 1318 3444 1371 καὶ
3471 1317 3754 1385 νίιπφειρα
3778 1315 3888 1368 καὶ

2211 1407 2554 1479 ἀνῃρέθησαν
2579 1424 2593 1438 ·
2631 1406 2724 1459 καὶ
2759 1404 2943 1459 πολλοί
2980 1405 3221 1458 Ἰουδαῖοι
3248 1404 3349 1474 μὲν
3374 1404 3471 1458 καὶ
3493 1403 3890 1472 ἀνθιστάμενοι

2209 1498 2360 1551 ούδέν
2399 1496 2655 1567 ἔπασχον,
2694 1494 2932 1565 Ἐλύμας
2959 1495 3017 1548 δέ
3054 1494 3363 1564 ἐτυφλώθη.
3399 1496 3482 1549 Οὐ
3515 1493 3626 1562 γὰρ
3659 1489 3888 1564 ἦλθον,

2209 1585 2395 1655 φησὶν,
2448 1585 2548 1638 ἵνα
2597 1586 2780 1652 κρίνω
2828 1581 2937 1637 τὸν
2986 1584 3240 1651 κόσμον,
3291 1581 3443 1636 ἀλλ’
3489 1581 3590 1634 ἵνα
3637 1579 3808 1648 σωθῇ
3851 1584 3892 1635 ὁ

2209 1675 2457 1743 κόσμος.
2494 1674 2636 1743 Ὅρα
2667 1671 2922 1743 μιαρίανί
2971 1662 3211 1729 Ἰουδαῖοι
3236 1670 3487 1740 μένοντες
3515 1669 3618 1731 ἐτι,
3651 1667 3889 1722 ἀπὸτοῦ

2209 1760 2473 1831 ὀνόματος
2510 1758 2872 1832 χρηματίζειν
2905 1754 3094 1832 ἤθελον
3115 1773 3128 1786 ·
3161 1757 3303 1812 ὥστε
3343 1757 3522 1810 πάντα
3551 1756 3688 1827 πρὸς
3715 1754 3888 1820 δόξαν

2207 1847 2424 1900 ἐποίουν
2452 1847 2887 1917 καὶ-πορισμόν.
2935 1844 3045 1898 Θέα
3095 1842 3371 1913 πανταχοῦ
3422 1843 3520 1913 ούχ
3573 1841 3718 1896 οὕτω
3747 1841 3886 1906 τοὺς

2206 1925 2525 2000 ἀνθρώπους
2557 1933 3053 2004 ἐπιστρεφομένους
3075 1931 3182 1985 ἀπὸ
3209 1930 3318 1983 τῶν
3343 1929 3621 2001 χρηστῶν,
3656 1931 3732 1993 ὡς
3763 1928 3887 1984 ἀπὸ

2206 2019 2313 2072 τῶν
2343 2018 2606 2090 φοϐερῶν.
2650 2018 2776 2072 Ἐπὶ
2803 2018 3118 2089 Σαπφείρας
3161 2016 3324 2087 φόϐος
3356 2017 3626 2070 ἐπέπεσεν
3652 2016 3743 2068 ἐπὶ
3773 2016 3887 2086 τὴν

2218 2106 2563 2176 Ἐκκλησίαν,
2586 2106 2680 2160 καὶ
2706 2105 2807 2160 οὑκ
2827 2105 3068 2176 ἐτόλμων
3091 2103 3384 2158 κολλᾶσθαι
3399 2104 3608 2166 αὐτοῖς·
3639 2101 3885 2156 ἐνταῦθα.

2210 2192 2467 2264 σουδάρια
2491 2194 2584 2246 καὶ
2613 2190 2920 2263 σιμικίνθια
2955 2190 3258 2262 ἐλάμϐανον
3283 2190 3378 2244 καὶ
3403 2188 3581 2254 ἰῶντο,
3612 2188 3710 2243 καὶ
3733 2191 3886 2259 μετὰ

2207 2281 2364 2335 τοῦτο
2392 2280 2512 2334 τότε
2544 2275 2710 2352 ἦλθον
2736 2279 3214 2351 ἐξομολογούμενοι
3248 2280 3348 2341 τάς
3377 2277 3649 2348 ἁμαρτίας
3669 2277 3882 2336 αὐτῶν.

2220 2369 2351 2423 Ἀπὸ
2377 2368 2472 2422 τοῦ
2483 2369 2820 2438 ἐφάλλεσθαι
2848 2369 3122 2424 δείκνυται
3155 2367 3264 2422 τῶν
3293 2367 3565 2437 δαιμόνων
3591 2365 3886 2438 ὴδύναμις

2208 2455 2418 2525 μεγάλη
2442 2473 2526 2519 τις
2560 2451 2714 2519 οὖσα,
2752 2458 2880 2512 ὅταν
2923 2455 3060 2527 πρὸς
3091 2456 3353 2518 ἀπίστους
3399 2454 3520 2527 ἐχῃ.
3557 2453 3667 2508 Kal
3689 2452 3778 2507 διὰ
3826 2454 3886 2507 τί

2207 2543 2282 2613 μὴ
2311 2537 2557 2606 εἷπε,τίς
2596 2543 2744 2596 ἐστιν
2798 2547 2827 2598 ὁ
2867 2541 3092 2613 Ἰησοῦς,
3141 2541 3202 2595 τὸ
3255 2539 3473 2612 πνεῦμα
3507 2541 3568 2594 τὸ
3604 2539 3880 2611 πονηρὸν,

2202 2629 2318 2683 ἀλλ’
2347 2623 2468 2682 εἰπε
2499 2629 2697 2699 μᾶλλον
2730 2629 2799 2683 τά
2853 2629 3091 2702 ἀνόνητα
3141 2631 3400 2700 ρήματα;
3452 2627 3749 2698 Ἐφοϐεῖτο,
3797 2629 3887 2700 μὴ

2205 2717 2299 2771 καί
2323 2715 2485 2780 αὐτὸς
2515 2715 2673 2788 δίκην
2719 2716 2825 2787 δῷ·
2864 2717 2978 2789 ᾔδει
3036 2716 3166 2789 γὰρ,
3225 2718 3306 2771 ὅτι
3346 2714 3408 2769 τὸ
3450 2715 3885 2787 συγχωρηθῆναι

2205 2805 2354 2877 αύτῷ
2379 2806 2623 2869 ἐκείνους
2675 2805 2986 2876 ἀμύνασθαι
3045 2806 3174 2868 τοὺς
3229 2803 3668 2868 καταπαίζοντας
3707 2804 3886 2858 αὐτοῦ

2203 2892 2359 2946 τοῦτο
2390 2893 2453 2947 τὺ
2482 2893 2653 2963 ὄνομα
2686 2892 2977 2963 πεποίηκε.
3003 2893 3104 2946 Διά
3127 2891 3260 2946 τίδὲ
3283 2893 3380 2947 καὶ
3406 2893 3454 2945 οἱ
3482 2890 3658 2945 ἄθλιοι
3690 2890 3766 2963 μὴ
3795 2887 3888 2944 εἷ-

2205 2998 2305 3035 πον
2338 2981 2510 3051 αύτῷ,
2565 2981 2933 3053 Πιστεύομεν;
2991 2981 3364 3034 Ἐδεδοίκεσαν
3416 2979 3661 3034 Παῦλον·
3694 2979 3887 3034 καίτοι

2206 3070 2359 3140 πόσῳ
2389 3069 2587 3139 μᾶλλον
2625 3068 2995 3140 λαμπρότεροι
3053 3068 3120 3122 ἂν
3167 3064 3308 3140 ἦσαν
3336 3067 3494 3123 τοῦτο
3522 3067 3786 3130 εἰπόντες,
3827 3067 3890 3120 ετ

2205 3172 2268 3224 γε
2300 3154 2645 3226 ᾠκειώσαντο
2689 3155 2855 3208 αὑτοῦ
2901 3155 2999 3226 τὴν
3049 3155 3395 3220 δεσποτείαν;
3432 3154 3641 3216 ’Δλλως
3682 3171 3744 3207 τε
3775 3155 3888 3208 καὶ

2203 3244 2266 3296 τὸ
2309 3244 2368 3296 ἐν
2417 3243 2704 3307 Φιλίπποις
2753 3243 3047 3314 γενόμενον
3097 3244 3192 3296 καὶ
3244 3245 3469 3307 τούτους
3513 3232 3881 3316 ἐσωφρόνισε.

2205 3331 2277 3385 Σὺ
2309 3331 2365 3385 δέ
2397 3350 2485 3403 μοι
2529 3333 2718 3386 σκόπει
2769 3331 2865 3385 τοῦ
2925 3331 3282 3404 συγγραφέως
3327 3331 3561 3387 ἐνταῦθα
3587 3333 3650 3386 τδ
3700 3334 3887 3387 ἀνεπ-

2203 3419 2385 3490 αχθὲς,
2421 3420 2513 3472 καὶ
2539 3419 2654 3481 πῶς
2683 3419 2922 3491 ἰστορίαν
2949 3419 3107 3490 μόνον
3135 3421 3356 3489 γράφει,
3379 3421 3473 3473 καὶ
3488 3421 3548 3473 ού
3573 3419 3882 3474 διαϐάλλει.

2204 3507 2354 3580 [3H]
2383 3507 2553 3560 Τοῦτο
2573 3508 2698 3571 τοὺς
2741 3507 3069 3569 ἀποστόλους
3091 3505 3265 3559 ἐποίει
3296 3505 3665 3574 θαυμαστούς.
3713 3507 3887 3562 Ἀλλά

2203 3595 2347 3657 τίνος
2366 3590 2508 3663 ἦσαν
2541 3594 2667 3658 υἰοί,
2695 3592 2756 3647 τὸ
2783 3594 2954 3665 ὄνομα
3002 3592 3148 3661 λέγει
3201 3593 3298 3647 καὶ
3347 3592 3440 3645 τὸν
3471 3593 3702 3664 ἀριθμόν
3731 3610 3744 3624 ’
3804 3595 3886 3651 δι-

2203 3681 2326 3744 δοὺς
2353 3683 2467 3745 τοῖς
2498 3683 2618 3736 τότε
2664 3682 2965 3755 τεκμήριον
3002 3679 3312 3746 ἀξιόπιστον
3345 3673 3420 3735 ὧν
3458 3679 3686 3751 ἔγραφε.
3715 3681 3887 3747 Τίνος

2203 3766 2260 3819 δέ
2289 3767 2475 3820 ἕνεκεν
2523 3767 2618 3820 καὶ
2655 3768 3050 3838 περιήρχοντοι
3092 3767 3394 3838 Ἐμπορίας
3431 3767 3625 3838 χάριν·
3673 3768 3732 3820 ού
3764 3769 3883 3840 γὰρ

2203 3852 2269 3924 δὴ
2319 3854 2410 3907 τὸν
2458 3852 2616 3921 λόγον
2667 3853 3163 3922 καταγγέλλοντεςο
3221 3854 3338 3917 πῶς
3383 3855 3522 3925 γάρ;
3573 3853 3768 3918 Καλῶς
3818 3857 3884 3910 δὲ

2205 3940 2426 4011 ἔτρεχον
2474 3939 2678 4004 λοιπὸν,
2724 3939 3084 4014 κηρύττοντες
3125 3940 3204 3993 δι’
3247 3933 3322 3996 ὧν
3385 3943 3650 4011 ἔπασχον.
3710 3941 3883 3996 Ὅθεν

2203 4027 2361 4078 τοῦτο
2387 4026 2581 4097 δηλῶν,
2599 4026 2710 4081 Καὶ
2730 4027 2986 4096 ἐγένετο,
3019 4027 3172 4098 φησὶ,
3197 4027 3470 4097 γνωστὸν
3493 4027 3685 4083 πᾶσιν
3717 4028 3884 4084 Ἰου-

2204 4113 2393 4180 δαίοις
2419 4131 2482 4168 τε
2507 4116 2607 4168 καὶ
2640 4115 2905 4183 Ἕλλησι
2930 4113 3053 4181 τοῖς
3078 4114 3422 4169 κατοικοῦσι
3447 4116 3562 4182 τὴν
3581 4118 3877 4186 Ἔφεσον.

2204 4201 2375 4256 Τοῦτο
2397 4201 2516 4272 οὐχὶ
2543 4203 2638 4256 καὶ
2682 4205 2810 4267 τοὺς
2844 4203 3312 4272 σκληρυνομένους
3345 4204 3667 4273 ἐπιστρέψαι
3705 4205 3880 4273 ῶφει-

2203 4293 2316 4356 λεν,
2343 4292 2465 4346 εἰπέ
2520 4309 2646 4362 μοι;
2704 4292 2842 4344 Ἀλλ’
2879 4293 2980 4344 οὐκ
3026 4291 3349 4361 ἐπέστρεψε.
3402 4293 3511 4345 Kal
3555 4294 3629 4363 μὴ
3660 4293 3881 4364 θαυμά-

2208 4396 2304 4452 σῃς
2337 4396 2349 4408 ’
2391 4379 2491 4447 τὴν
2517 4379 2625 4450 γὰρ
2658 4379 2860 4432 κακίαν
2892 4377 3043 4431 οὐδὲν
3090 4375 3282 4433 πείθει.
3339 4378 3475 4447 Φέρε
3512 4378 3569 4432 δὲ
3624 4381 3716 4432 καί
3739 4383 3880 4436 αὐτὸ

2205 4469 2264 4521 τὸ
2297 4467 2404 4521 τῶν
2436 4467 2763 4537 ἐξορκιστῶν
2804 4466 3000 4534 ἴδωμεν
3051 4466 3183 4535 ὅσης
3227 4466 3342 4517 ἐστί
3379 4466 3596 4529 κακίας.
3625 4467 3795 4530 ⁶Τίνος
3819 4469 3881 4523 δέ

2209 4557 2395 4611 ἐνεκεν
2455 4556 2560 4608 ἐπὶ¹
2603 4554 2700 4608 τοῦ
2749 4552 2986 4625 Χριστοῦ
3043 4552 3202 4606 τοῦτο
3256 4553 3331 4623 μὴ
3378 4554 3620 4622 γέγονεν,
3673 4555 3871 4625 ἐτέρου

2209 4643 2420 4717 καιροῦ,
2450 4644 2543 4696 καὶ
2576 4643 2637 4697 οὐ
2665 4642 2760 4695 τοῦ
2801 4641 3068 4711 παρόντος
3099 4639 3364 4710 ζητῆσαι·
3403 4639 3541 4710 πλὴν
3573 4641 3656 4693 ὅτι
3692 4641 3881 4705 καλῶς

2207 4731 2364 4785 τοῦτο
2409 4729 2639 4784 ἐνταῦθα
2698 4729 2888 4796 γέγονε
2945 4725 3039 4779 καὶ
3076 4725 3385 4797 χρησίμως.
3439 4725 3594 4796 Ἐμοὶ
3647 4725 3703 4779 δὲ
3729 4726 3883 4781 δοκεῖ

2209 4820 2568 4890 χλευάζοντας
2613 4817 2811 4878 αὐτοὺς
2853 4813 3014 4867 τοῦτο
3062 4815 3268 4867 ποιεῖν·
3311 4813 3433 4868 ὅθεν
3480 4813 3879 4885 τιμωροῦνται,

2209 4909 2346 4961 ὥστε
2377 4908 2470 4961 καὶ
2495 4907 2601 4960 ἀπὸ
2633 4903 2820 4958 τούτου
2854 4901 3056 4972 μηδένα
3111 4902 3316 4974 τολμᾷν
3351 4901 3487 4973 μηδέ
3526 4901 3602 4964 ὡς
3627 4901 3784 4972 ἔτυχε
3814 4905 3881 4957 τὸ

2209 4998 2380 5066 ὄνομα.
2401 4995 2686 5065 ὀνομάζειν
2713 4991 2917 5045 λοιπόν.
2947 4989 3118 5044 Τοῦτο
3143 4990 3369 5052 πολλοὺς
3400 4989 3510 5042 τῶν
3543 4991 3879 5044 πιστευσάν-

2209 5101 2316 5136 των
2359 5084 2436 5145 εἰς
2483 5080 2870 5151 ἐξομολόγησιν
2917 5079 3126 5148 ἤγαγε·
3162 5076 3321 5129 τοῦτο
3362 5076 3454 5129 καί
3495 5075 3658 5144 φόϐον
3690 5077 3879 5141 αὐτοῖς

2211 5171 2446 5232 ἐνέϐαλε,
2476 5170 2569 5222 καὶ
2600 5167 2691 5222 τοῦ
2714 5167 2887 5220 πάντα
2915 5165 3114 5218 εἰδέναι
3145 5165 3233 5218 τὸν
3267 5163 3398 5216 Θεὸν
3436 5164 3691 5234 μέγιστον
3718 5165 3881 5219 τοῦτο

2210 5260 2507 5330 τεκμήριον
2525 5257 2740 5326 γέγονε.
2772 5253 2958 5325 Πρίνῆ
2982 5253 3083 5306 ὑπὸ
3102 5253 3212 5307 τῶν
3235 5251 3502 5321 δαιμόνων
3527 5251 3877 5321 ἐλεγχθῆναι,

2212 5346 2420 5400 ἑαυτῶν
2451 5343 2810 5415 κατηγόρουν,
2847 5340 3170 5411 φοϐούμενοι
3200 5339 3275 5409 μὴ
3304 5338 3376 5390 τὰ
3406 5337 3544 5390 αὐτά
3579 5337 3830 5394 πάθωσιν
3865 5358 3878 5371 ·

2214 5435 2455 5497 εἰκότως.
2494 5434 2663 5485 Ὅταν
2703 5431 2808 5501 γὰρ
2841 5431 2892 5482 οἱ
2930 5425 3250 5497 βοηθοῦντες
3292 5425 3540 5495 δαίμονες
3584 5428 3883 5497 κατήγοροι

2215 5522 2394 5574 αὐτῶν
2422 5515 2554 5584 ῶσι,
2586 5519 2677 5572 καὶ
2701 5519 2758 5570 οὺ
2793 5518 3098 5586 σύμμαχοι,
3133 5515 3263 5567 ποία
3303 5513 3490 5567 λοιπὸν
3519 5514 3697 5579 ἐλπὶς,
3731 5516 3764 5584 ἢ
3794 5516 3881 5568 διὰ

2213 5611 2319 5664 τῶν
2373 5609 2549 5679 ἔργων
2611 5604 3031 5674 ἐξομολόγησις;
3065 5603 3207 5670 Ὅρα
3261 5601 3317 5654 δέ
3371 5595 3459 5654 οἶα
3515 5602 3655 5670 μετὰ
3686 5603 3884 5673 μικρὸν

2220 5701 2422 5766 γίνεται
2462 5696 2642 5756 κακὰ,
2683 5693 2940 5747 τοιούτων
2989 5690 3228 5763 σημείων
3278 5691 3604 5759 γενομένων.
3644 5689 3883 5760 Τοιαύτη

2286 5947 2306 5987 ά
2339 5949 2469 5999 Linus:
2497 5952 2550 5996 ου
2578 5962 2824 5993 λοχεύεται..
