4034 6408
95 345 185 404 2ῒ9

1109 343 1172 401 lN
1212 341 1392 400 seu
1435 304 1965 406 Ams'rownmi.
2009 337 2242 396 l-lOMlL.
2278 336 2419 398 xu.

3324 345 3430 402 290

93 471 269 519 contra
298 475 423 528 eos,
471 461 544 518 ita
572 467 634 519 ut
660 459 790 517 nudi
817 467 873 517 et
892 458 1059 516 saucii
1104 456 1404 532 effugerent
1446 456 1516 512 de
1541 455 1706 510 domo
1819 451 1902 509 los
1923 451 2124 524 ubique
2153 454 2386 511 salutem
2435 454 2724 527 repellere.
2769 456 2835 513 Et
2871 457 2986 530 jam
3030 458 3139 516 illis
3167 475 3275 517 non
3309 475 3431 522 sese

93 558 196 612 illa.
228 557 317 612 l7.
355 556 480 614 lloc
508 565 690 612 autem
722 562 912 610 nottun
944 553 1144 610 factum
1188 562 1274 610 est
1297 551 1501 608 Iudaeis
1531 561 1700 622 atque

93 649 403 720 gentilibus,
448 649 544 720 qui
598 634 916 703 habitabant
961 645 1182 717 Ephesi.
1216 664 1236 698 ι
1273 645 1438 716 Igitur
1463 643 1602 698 clam
1627 642 1701 697 fa-

1797 553 2032 616 .purgat,
2057 560 2128 602 eo
2151 546 2297 618 quod
2326 557 2521 618 gentes
2567 548 2770 621 ubique
2813 550 3121 608 crederent.
3152 551 3220 610 Et
3247 553 3426 626 dispu-

1813 644 1913 704 tat,
1955 650 2064 693 non
2111 639 2363 709 quemvis
2398 639 2577 696 locum
2624 655 2914 712 quarens,
2970 644 3069 701 sed
3089 645 3182 702 ubi
3238 646 3429 703 schola

93 742 324 806 ciebant,
355 741 565 798 deinde
610 740 885 811 divulgata
933 747 1016 794 est
1057 739 1273 794 illorum
1299 735 1606 793 inﬁrmitas.
1634 733 1704 789 Et
1811 737 1950 797 eral,
1973 731 2126 800 quasi
2154 732 2609 801 commodiorem,
2648 749 2716 791 eo
2754 735 2900 807 quod
2928 736 3002 793 ibi
3027 753 3427 812 congregaren-

93 835 266 888 caa‘dit
298 836 461 890 timor
486 848 648 904 super
675 849 853 887 omnes
900 831 1039 898 illos,
1082 840 1130 887 et
1153 828 1584 901 magniﬁcabatnr
1601 843 1700 882 no-

93 944 196 980 sun
223 923 448 980 Domini
473 922 626 980 least.
654 924 744 980 18.
790 922 1045 994 Multique
1070 922 1385 978 credentium
1415 918 1696 986 veniebant,

90 1019 467 1087 conﬁtenteset
519 1018 889 1072 annuntiantes
936 1023 1081 1092 actas
1134 1029 1276 1070 suos.
1330 1012 1467 1082 Quia
1498 1021 1699 1067 tantam

92 1116 419 1180 potestatem
475 1106 774 1174 habebant,
806 1115 868 1162 ut
912 1121 1012 1178 per
1063 1104 1330 1162 daemonia
1386 1104 1509 1160 talia
1552 1104 1697 1160 face-

88 1212 226 1268 rent,
259 1202 471 1258 merito
492 1200 611 1257 hac
639 1200 795 1256 ﬁunt.
822 1198 911 1256 19.
946 1217 966 1253 t
1002 1197 1154 1254 Multi
1177 1205 1359 1253 autem
1392 1211 1459 1253 ex
1491 1195 1578 1264 iis,
1607 1196 1697 1267 qui

87 1297 297 1354 fuerant
320 1294 548 1350 curiosa
594 1292 826 1360 sectati,
879 1290 1229 1348 contulerunt
1257 1289 1445 1353 libros,
1470 1296 1526 1344 et
1551 1303 1700 1344 com-

84 1389 377 1444 busseruut
413 1400 604 1444 coram
630 1384 885 1441 omnibus
912 1399 927 1438 :
956 1391 1010 1439 et
1037 1380 1368 1454 computatis
1420 1380 1610 1452 pretiis
1635 1379 1699 1434 il-

82 1481 277 1546 lorum,
331 1480 676 1536 invenerunt
705 1476 992 1548 pecuniam
1035 1473 1386 1531 denarion
1426 1472 1696 1544 quinqua-

80 1572 224 1641 ginta
257 1568 522 1625 millium.
549 1567 642 1623 20.
674 1566 751 1622 lta
779 1562 1293 1621 tortitercrescebat
1317 1563 1546 1619 verbum
1576 1560 1693 1627 Dei,

80 1661 603 1721 eteouﬁrniahatur.
639 1678 659 1714 ι
704 1658 960 1716 Videntes
996 1665 1176 1714 autem
1223 1671 1294 1713 ex
1321 1655 1408 1711 his
1433 1655 1696 1725 deinceps

80 1754 349 1812 nihilsibi
380 1754 636 1811 utilitatis
687 1751 829 1822 fore,
873 1759 1197 1808 exusserant
1236 1750 1446 1808 libros:
1478 1749 1694 1822 quando

76 1852 172 1920 ipsi
204 1848 500 1910 daemones
520 1846 622 1902 hoc
643 1845 870 1902 faciunt.
895 1845 1010 1902 Non
1034 1860 1166 1917 ergo
1183 1859 1379 1901 nomen
1407 1843 1688 1915 quidpiam

73 1940 218 2006 facit,
256 1939 367 1998 nisi
397 1954 525 1996 cum
569 1938 674 1994 ﬁde
702 1937 935 1994 dicatur.
986 1937 1133 1994 Bene
1161 1951 1292 2010 ergo
1311 1936 1527 1994 dicebat
1545 1977 1562 2004 ,
1590 1935 1693 2002 Qui

74 2030 237 2084 credit
262 2030 322 2084 in
344 2044 461 2097 nte,
504 2029 702 2102 majora
743 2029 896 2102 faciet
929 2027 1129 2102 (Joan.
1160 2029 1247 2086 14.
1278 2028 1416 2102 η),
1450 2027 1690 2111 basium-

74 2121 196 2175 bras
229 2120 544 2177 insinuans.
577 2119 714 2176 Vide
739 2119 1014 2191 quomodo
1050 2121 1216 2177 armis
1236 2129 1425 2177 contra
1479 2121 1689 2192 seipsos

75 2213 150 2267 usi
179 2221 335 2267 sunt.
396 2210 470 2266 Et
515 2210 828 2282 disputabat,
877 2211 1074 2282 inquit,
1133 2212 1189 2266 in
1233 2212 1410 2270 schola
1457 2211 1690 2285 Tyranni

73 2305 345 2376 cujusdam
373 2320 468 2376 per
497 2321 663 2360 annos
690 2303 845 2361 duos.
875 2303 980 2363 Ubi
1032 2303 1224 2370 ﬁdeles
1245 2313 1404 2364 erant
1425 2349 1442 2375 ,
1493 2307 1688 2364 admo-

76 2398 198 2452 dum
241 2406 408 2454 erant
450 2396 664 2454 ﬁdeles.
711 2397 791 2454 lta
821 2398 956 2455 nihil
984 2413 1237 2470 magnum
1276 2400 1539 2471 putabant
1564 2415 1688 2458 esse

72 2490 252 2546 lesum
279 2533 296 2557 ,
330 2490 780 2563 quandoquidem
824 2499 882 2548 et
917 2491 1143 2548 Paulum
1185 2491 1476 2566 addidere,
1509 2494 1683 2565 ipsum

74 2581 190 2636 hinc
243 2595 513 2652 magnum
565 2581 846 2653 quidpiam
895 2596 1020 2638 esse
1065 2591 1256 2653 putare
1311 2583 1682 2641 ostendentes.

75 2672 162 2725 llic
182 2673 375 2728 mirari
403 2672 576 2739 subit,
605 2672 881 2743 quomodo
918 2673 1133 2730 daemon
1166 2674 1261 2731 ille
1285 2676 1684 2734 exorcistarum

73 2767 235 2821 errori
264 2781 382 2821 non
425 2775 756 2838 eooperatus
811 2777 917 2835 est,
960 2767 1056 2823 sed
1106 2768 1382 2841 redarguit
1420 2766 1598 2839 illum,
1629 2780 1686 2827 et

72 2870 282 2912 scenam
317 2871 518 2913 eorum
549 2857 826 2928 patefecit.
857 2858 986 2913 Mihi
1019 2859 1232 2915 videtur
1257 2859 1414 2917 valde
1455 2877 1684 2920 succen-

70 2949 254 3018 suisse,
285 2965 356 3006 ac
383 2950 432 3006 si
464 2950 588 3020 quis
607 2950 678 3007 de
707 2952 970 3008 extremis
1011 2952 1342 3024 periclitans,
1399 2969 1430 3010 a
1479 2956 1682 3014 misero

72 3041 300 3109 quodam
330 3050 392 3099 et
419 3057 738 3100 aerumnosa
763 3042 1049 3111 refutetur,
1081 3052 1137 3100 et
1161 3047 1397 3102 furorem
1419 3061 1576 3103 suum
1599 3055 1682 3104 to.

67 3142 167 3190 tum
194 3135 252 3191 in
274 3136 438 3191 illum
467 3150 773 3194 exonerare
800 3137 956 3193 velit.
988 3137 1067 3194 Ne
1088 3139 1540 3197 videretur-enim
1570 3157 1675 3198 no-

65 3243 178 3284 men
207 3227 346 3285 Jesu
396 3228 703 3300 despicere,
757 3229 937 3300 primo
985 3227 1163 3300 ipsum
1193 3231 1512 3299 confessus,
1548 3240 1679 3289 tunc

66 3330 392 3388 potestatem
421 3321 636 3392 accepit
691 3320 764 3378 Ut
805 3331 986 3376 autem
1017 3322 1284 3393 probetur
1327 3338 1437 3378 non
1483 3338 1551 3380 ex
1576 3323 1677 3381 de-

67 3413 266 3469 bilitate
299 3414 570 3480 nominis,
601 3412 698 3468 sed
724 3427 792 3469 ex
836 3411 1049 3468 illorum
1096 3412 1286 3470 fraude
1331 3420 1502 3470 totum
1531 3416 1676 3472 neci.

66 3506 220 3574 disse,
249 3522 356 3563 cur
382 3521 495 3561 non
529 3504 712 3561 .Paulo
744 3504 854 3560 tale
887 3503 1165 3575 quidpiam
1192 3506 1468 3577 contigit?
1494 3505 1564 3562 Et
1592 3513 1674 3565 in-

67 3598 265 3663 siliens,
315 3596 520 3668 inquit,
568 3596 721 3650 homo
750 3596 806 3650 in
835 3595 973 3650 illos.
1019 3593 1182 3653 Forte
1209 3595 1429 3652 discidit
1460 3597 1672 3656 illorum

66 3701 251 3756 restes,
309 3700 371 3746 et
405 3691 585 3758 capita
616 3686 899 3745 dilaniavit
928 3704 941 3740 :
975 3687 1080 3744 hoc
1119 3688 1265 3744 enim
1308 3687 1566 3746 indicavit
1591 3691 1675 3748 di-

66 3797 204 3847 cens,
236 3780 530 3846 Insiliens,’
575 3779 629 3836 id
672 3788 778 3844 est,
825 3770 958 3835 cum
996 3780 1201 3850 impetu
1249 3781 1488 3848 irruens,
1515 3783 1586 3838 ita
1615 3795 1674 3842 ut

67 3866 170 3921 hac
191 3862 384 3921 facere
411 3873 617 3934 posset.
646 3863 786 3934 Quid
831 3863 934 3920 sibi
987 3866 1123 3932 vult,
1164 3863 1446 3922 Discedens
1465 3869 1530 3923 ab
1555 3869 1628 3924 eis
1649 3911 1664 3937 ,

65 3959 332 4030 segregavit
371 3955 706 4026 discipulos!
742 3954 988 4024 illorum,
1011 3956 1204 4027 inquit,
1233 3957 1668 4015 maledicentiam

66 4049 304 4106 succidit.
343 4047 465 4104 Hoc
508 4054 697 4104 autem
726 4045 856 4103 facit
897 4055 950 4104 et
978 4047 1243 4115 abscedit,
1295 4050 1420 4121 quia
1449 4051 1671 4121 nolebat

67 4139 266 4194 illorum
310 4139 579 4194 invidiam
626 4136 980 4205 succendere,
1011 4154 1190 4210 neque
1217 4140 1272 4195 in
1299 4141 1564 4210 majorem
1594 4143 1668 4200 ri-

68 4247 172 4288 xam
204 4232 458 4288 incitare.
487 4229 627 4287 Illud
654 4240 857 4297 autem,
910 4229 1253 4289 Fiducialiter
1279 4236 1485 4307 agebat,
1508 4235 1664 4306 dicit,

65 4323 363 4393 signiﬁcans
405 4323 584 4393 ipsum
630 4321 698 4377 ad
743 4321 982 4391 pericula
1026 4332 1298 4395 paratum,
1343 4325 1542 4382 clarius
1566 4342 1668 4384 nec

66 4413 299 4486 cli-gnata
315 4414 740 4471 obumbrantem
759 4413 1085 4485 disputasse.
1107 4415 1246 4474 Hinc
1266 4417 1529 4476 discimus
1555 4435 1663 4476 non

67 4520 151 4574 nos
179 4507 491 4562 immiscere
517 4518 645 4561 cum
674 4504 954 4560 maledicis
978 4547 996 4574 ,
1026 4505 1120 4561 sed
1151 4507 1222 4562 ab
1253 4508 1365 4571 illis
1391 4509 1658 4568 abscede-

69 4613 133 4651 re.
162 4596 279 4653 Non
309 4595 601 4654 maledixit
622 4597 740 4667 ipse
758 4637 774 4662 ,
802 4611 927 4651 cum
983 4597 1128 4654 male
1152 4597 1404 4667 audiret,
1435 4601 1544 4657 imo
1559 4617 1662 4674 po-

66 4693 159 4745 tius
182 4690 427 4763 quotidie
450 4689 783 4760 disputabat,
815 4699 873 4746 et
898 4689 1000 4748 bac
1025 4692 1260 4749 maxime
1287 4695 1498 4751 ratione
1523 4696 1666 4753 mul-

68 4794 138 4837 tos
166 4783 265 4837 sibi
286 4781 617 4848 concilians,
645 4781 792 4853 quod
833 4784 1080 4854 quamvis
1107 4785 1250 4842 mala
1283 4787 1518 4857 audiret,
1551 4804 1662 4846 non

66 4873 358 4931 discederet
383 4889 566 4945 neque
592 4882 957 4944 separaretur.
989 4875 1059 4932 Et
1088 4877 1341 4946 observa,
1372 4890 1662 4952 postquam

70 4969 276 5024 tentatio
306 4968 380 5024 ab
403 4968 650 5024 externis
666 4969 922 5034 cessavit,
951 4984 981 5025 a
1011 4969 1605 5045 daemonibusincepit.

129 5061 430 5117 Iudaeorum
476 5063 698 5116 tacitas.
745 5091 818 5104 —
857 5061 1047 5119 Viden’
1104 5063 1404 5122 etscitatetn
1471 5067 1660 5125 Judai-

69 5154 209 5206 eam?
234 5153 372 5209 Cum
411 5151 662 5207 viderent
697 5163 881 5220 vestes
922 5155 1041 5225 ejus
1077 5167 1389 5226 operantes,
1427 5175 1535 5215 non
1558 5160 1659 5216 ad-

73 5246 358 5302 vertebant.
388 5243 535 5314 Quid
573 5243 678 5300 hoc
714 5245 889 5315 majus
924 5261 1046 5304 esse
1098 5250 1308 5318 possit?
1351 5252 1422 5307 Δι
1459 5252 1565 5309 illis
1606 5253 1659 5309 in

72 5339 384 5393 Contrarium
434 5351 527 5393 res
584 5351 741 5393 versa
799 5348 901 5393 est.
951 5339 1008 5395 Si
1057 5342 1180 5410 quis
1232 5343 1517 5412 gentilium
1549 5361 1658 5402 non

71 5427 257 5495 credat,
286 5427 485 5483 videns
528 5427 779 5482 umbram
822 5427 937 5484 hinc
960 5443 1301 5500 operantem,
1325 5434 1534 5490 credat.
1569 5437 1660 5494 Sic

72 5533 124 5572 ex
145 5535 222 5586 eo,
255 5521 400 5591 quod
436 5519 508 5577 ab
533 5521 642 5576 illis
671 5521 978 5580 discederet
998 5564 1014 5586 ,
1039 5526 1287 5583 maledici
1331 5537 1389 5583 et
1440 5530 1532 5600 qui
1561 5530 1658 5586 do-

72 5626 170 5678 gma
213 5613 727 5680 calumniabantur,
781 5627 1107 5687 superantur
1146 5620 1277 5690 (hoc
1322 5623 1468 5678 enim
1512 5625 1653 5679 viam

69 5705 274 5777 vocavit)
303 5724 316 5758 :
350 5706 441 5762 ille
469 5721 600 5761 vero
628 5706 882 5772 discedit,
909 5719 968 5762 ut
1011 5726 1191 5782 neque
1218 5712 1468 5783 discipuli
1497 5729 1646 5772 sece-

73 5801 235 5860 tierent
269 5818 450 5875 neque
483 5803 602 5859 illos
626 5802 696 5858 ad
750 5792 889 5858 iram.
909 5805 1236 5877 concitaret,
1269 5808 1560 5865 ostendens
1587 5811 1654 5865 il-

1815 827 1922 875 tur.

1879 914 1933 971 2.
1969 916 2153 989 Papze,
2183 928 2387 998 quanta
2409 919 2752 978 credentium
2788 924 2964 980 virtus
2988 964 3007 992 ,
3031 940 3197 996 quum
3225 934 3282 981 et
3303 926 3427 982 aliis

1807 1021 2022 1080 quoque
2051 1011 2240 1067 eadem
2274 1013 2391 1084 ipsa
2445 1011 2630 1071 facere
2661 1014 3030 1072 concedaturl
3058 1026 3259 1089 quanta
3292 1034 3425 1074 vero

1807 1102 2025 1158 caecitas
2055 1119 2270 1172 eorum,
2303 1106 2579 1178 quietiam
2598 1107 2728 1164 dum
2759 1109 2931 1166 virtus
2963 1108 3052 1166 illa
3082 1110 3426 1167 demonstra-

1807 1203 1990 1263 retur,
2021 1194 2076 1251 in
2121 1196 2502 1254 incredulitate
2543 1200 2856 1256 manebant.
2903 1199 2974 1257 Ut
3019 1201 3182 1274 igitur
3229 1201 3420 1259 Simon

1804 1285 1940 1342 lucri
1965 1302 2128 1345 causa
2152 1291 2386 1361 gratiam
2420 1290 2658 1362 Spiritus
2687 1293 3007 1364 quterebat,
3038 1293 3120 1351 sic
3149 1305 3204 1352 et
3235 1294 3290 1350 hi
3320 1310 3420 1352 ea-

1803 1375 1928 1434 dem
1965 1378 2033 1435 de
2057 1393 2224 1437 causa
2268 1381 2503 1453 idipsum
2549 1382 2841 1440 faciebant.
2891 1385 3107 1455 Quanta
3150 1386 3418 1445 caecitas?

1805 1465 1874 1523 Et
1912 1483 2083 1540 quare
2133 1470 2340 1528 Paulus
2381 1488 2490 1528 non
2536 1473 2822 1546 increpat?
2849 1474 2984 1544 Quia
3023 1477 3201 1534 visum
3229 1477 3420 1536 fuisset

1804 1559 1909 1617 hoc
1928 1575 1997 1618 ex
2019 1562 2222 1619 invidia
2273 1564 2426 1634 ﬁeri;
2469 1565 2594 1623 ideo
2612 1582 2705 1624 res
2743 1567 2816 1624 ita
2849 1568 3222 1641 dispensatur.
3251 1570 3343 1629 Sic
3360 1582 3420 1629 et

1798 1651 2018 1710 Christo
2052 1656 2282 1725 accidit;
2318 1657 2416 1715 sed
2469 1667 2594 1716 tunc
2643 1675 2752 1717 non
2794 1662 3191 1733 impediebatur
3238 1665 3410 1738 (nam

1801 1754 1928 1804 tunc
1949 1747 2163 1806 initium
2188 1766 2370 1808 rerum
2393 1752 2583 1826 erat),
2607 1754 2873 1826 siquidem
2903 1764 2958 1813 et
2986 1755 3156 1813 ludas
3183 1757 3269 1814 fur
3299 1773 3410 1816 non

1799 1840 2196 1910 cohibebatur;
2246 1844 2487 1902 Ananiae
2542 1859 2678 1903 vero
2727 1855 2785 1904 et
2823 1847 3093 1920 Sappliira
3144 1848 3414 1908 interfecti

1796 1942 1923 1987 sunt
1953 1948 1970 1993 :
2005 1933 2271 2006 multique
2286 1935 2458 1992 Judaei
2507 1935 2864 2007 obsistentes,
2896 1939 3031 1996 nihil
3055 1942 3203 2014 passi
3235 1952 3406 2012 sunt;

1796 2022 2016 2095 Elymas
2039 2041 2169 2082 vero
2199 2037 2505 2086 exemtus
2543 2039 2648 2087 est.
2689 2029 2814 2088 Non
2841 2033 3004 2102 enim,
3037 2033 3235 2106 inquit,
3267 2039 3404 2107 aeni,

1795 2124 1851 2169 ut
1871 2117 2101 2186 iudicem
2125 2119 2397 2186 mundum,
2432 2121 2524 2176 sed
2547 2130 2604 2176 ut
2626 2121 2852 2196 minetur
2894 2125 3122 2182 mundus
3146 2126 3331 2198 (Joan.
3354 2132 3409 2187 5.

1796 2205 1911 2279 l7).
1949 2207 2082 2265 Vide
2109 2225 2225 2266 rem
2255 2211 2644 2269 exsecrandam
2666 2232 2681 2270 :
2702 2212 2876 2272 Judaei
2905 2215 3084 2274 adhuc
3100 2230 3406 2291 manentes,

1793 2311 1862 2353 ex
1891 2298 2010 2369 ipso
2040 2301 2264 2357 nomine
2314 2303 2515 2358 lucrari
2559 2304 2850 2363 volebant:
2882 2307 3068 2381 itaque
3104 2313 3288 2370 omnia
3337 2315 3405 2372 ad

1792 2386 2021 2458 gloriam
2044 2399 2098 2445 et
2123 2391 2336 2449 lucrum
2380 2392 2672 2451 faciebant.
2721 2394 2974 2469 Undique
2999 2399 3125 2458 vide
3148 2401 3404 2464 homines

1793 2493 1902 2569 non
1934 2479 2005 2536 ita
2052 2496 2151 2553 per
2207 2484 2384 2551 utilia,
2443 2493 2503 2542 ut
2555 2501 2654 2558 per
2704 2489 2966 2546 terribilia
3019 2495 3288 2551 converti.
3324 2497 3435 2569 Ex,

1791 2568 2072 2641 Sapphiras
2123 2576 2378 2648 exemplo
2417 2587 2599 2634 terror
2646 2579 2839 2638 incidit
2889 2582 2942 2638 in
2995 2584 3321 2657 Ecclesiam,
3353 2601 3411 2647 et

1789 2661 1878 2754 alii
1916 2678 2023 2719 non
2051 2665 2324 2723 audebant
2352 2683 2415 2725 se
2444 2669 2778 2742 conjungere
2818 2673 2927 2728 illis
2951 2675 2971 2747 (
2995 2674 3114 2730 Act.
3140 2678 3196 2734 5.
3223 2680 3294 2738 13
3319 2683 3339 2754 )
3382 2701 3396 2738 :

1789 2753 1878 2809 hic
1903 2755 2118 2812 sudaria
2142 2765 2197 2814 et
2223 2759 2559 2817 semicinctia
2581 2762 2926 2833 accipiebant
2950 2775 3006 2821 et
3029 2753 3402 2842 sanabantur;

1789 2855 1845 2900 et
1887 2854 2075 2916 postea
2119 2850 2418 2908 veniebant
2461 2862 2521 2909 ut
2565 2855 2963 2913 conﬁterentur
3006 2871 3227 2930 peccata
3283 2879 3402 2924 sua.

1789 2937 1872 2994 Ex
1901 2954 1989 3008 eo,
2019 2941 2164 3012 quod
2203 2942 2468 3012 insiliret,
2499 2946 2809 3004 ostenditur
2851 2948 3161 3009 daemonum
3207 2971 3405 3030 magna

1786 3029 2034 3101 quaedam
2061 3034 2165 3100 vis,
2194 3049 2317 3091 cum
2344 3048 2535 3093 contra
2569 3037 2816 3097 inﬁdeles
2845 3051 3031 3114 agunt.
3065 3044 3136 3100 Et
3162 3062 3262 3104 cur
3289 3029 3400 3108 non

1784 3117 1924 3176 dixit
1974 3122 2201 3195 spiritus
2245 3126 2458 3182 malus:
2487 3126 2621 3197 Quis
2663 3137 2752 3186 est
2800 3129 3003 3188 lesusi
3045 3135 3140 3192 sed
3187 3138 3398 3198 inutilia

1784 3214 1954 3270 verba
2007 3219 2277 3287 protulit?
2329 3219 2600 3290 Timebat,
2660 3237 2732 3279 ne
2781 3223 2900 3296 ipse
2957 3241 3148 3297 ptenas
3193 3230 3400 3293 daret:

1783 3303 1994 3361 sciebat
2030 3308 2176 3362 enim
2215 3306 2378 3379 hujus
2406 3311 2645 3368 nominis
2699 3313 2900 3372 virtute
2936 3331 3261 3377 concessum
3290 3326 3395 3382 sibi

1781 3394 1968 3462 fuisse,
2005 3405 2064 3454 ut
2090 3398 2346 3458 illusores
2371 3401 2495 3461 illos
2516 3404 2898 3464 ulcisceretur.
2929 3409 3042 3466 Cur
3067 3424 3253 3471 autem
3284 3422 3391 3474 mi-

1779 3489 1890 3545 seri
1917 3489 1997 3546 illi
2026 3507 2134 3547 non
2162 3493 2420 3551 dixerunt
2447 3497 2521 3562 ei,
2547 3495 2838 3555 Credimus
2864 3500 2888 3556 ἳ
2932 3500 3221 3563 Timebant
3250 3509 3396 3567 Pau-

1781 3577 1893 3636 lum
1918 3596 2288 3654 :quamquam
2318 3585 2491 3644 multo
2535 3588 2800 3646 clariores
2833 3589 2999 3648 futuri
3028 3607 3206 3666 erant,
3233 3600 3279 3655 si
3307 3601 3399 3658 Je-

1777 3685 1900 3764 sum
1951 3672 2240 3730 Dominum
2293 3678 2668 3749 agnovissent.
2718 3680 2789 3737 Et
2836 3682 3078 3755 alioquin
3133 3689 3208 3754 id,
3245 3696 3394 3764 quod

1779 3763 2045 3837 Philippis
2101 3769 2366 3841 contigit,
2393 3770 2518 3828 illos
2567 3772 2900 3832 emendavit.
2956 3777 3035 3834 Tu
3079 3795 3210 3839 vero
3259 3763 3391 3844 mihi

1776 3857 2088 3925 considam,
2114 3875 2276 3931 quam
2325 3861 2607 3920 modestus
2656 3865 2760 3923 hoc
2802 3867 2924 3925 loco
2950 3871 3019 3927 sit
3049 3875 3305 3949 scriptor,
3335 3893 3393 3938 et

1774 3951 2053 4022 quomodo
2092 3951 2377 4010 historiam
2427 3955 2606 4012 solum
2647 3959 2886 4030 scribat,
2939 3978 3039 4021 nec
3078 3974 3389 4042 quempiam

1775 4052 2015 4137 accuset.
2047 4044 2164 4101 Hoc
2188 4048 2464 4117 apostolos
2510 4051 2790 4108 mirabiles
2815 4054 3100 4115 reddebat.
3134 4060 3203 4118 Et
3235 4061 3390 4137 cujus

1773 4145 1960 4192 essent
1985 4135 2080 4191 ﬁlii
2105 4137 2256 4206 dicit,
2285 4147 2339 4193 et
2369 4153 2566 4196 nomen
2590 4151 2642 4198 et
2672 4151 2982 4214 numerum,
3015 4150 3152 4209 dans
3176 4154 3265 4224 iis,
3298 4135 3388 4230 qui

1774 4237 1902 4284 tunc
1927 4238 2102 4298 erant,
2161 4240 2372 4288 certum
2421 4235 2752 4294 narrationis
2792 4253 2906 4296 sum
2956 4241 3236 4304 indicium.
3275 4250 3391 4311 Cur

1772 4332 1956 4378 autem
1993 4323 2295 4383 cireuihant
2315 4325 2440 4382 illi?
2472 4327 2634 4384 Lucri
2661 4343 2859 4399 causa,
2907 4348 3016 4389 non
3058 4346 3114 4393 ut
3158 4342 3382 4400 verbum
3483 4313 3496 4328 ’

1771 4417 2161 4471 annuntiarent
2189 4435 2203 4472 :
2235 4419 2512 4488 quomodo
2559 4421 2748 4477 enim?
2794 4423 2944 4482 Bene
2970 4437 3152 4485 autem
3193 4449 3380 4493 curre-

1771 4507 1902 4563 bant
1925 4517 2150 4579 postea,
2196 4510 2555 4579 prtedicantes
2595 4529 2694 4582 per
2737 4531 2800 4571 ea
2853 4533 2975 4590 qum
3018 4525 3381 4594 patiebantur.

1770 4599 1952 4670 Quare
1983 4600 2086 4658 hoc
2111 4601 2400 4660 declarans
2426 4605 2502 4660 ait
2527 4623 2540 4660 :
2573 4603 2643 4660 Et
2667 4617 2847 4664 notum
2878 4615 3083 4682 factum
3108 4627 3181 4671 est
3208 4625 3376 4677 omni-

1773 4694 1866 4749 bus
1921 4705 2026 4749 tam
2095 4693 2300 4752 Judteis
2351 4713 2508 4768 quam
2566 4701 2876 4770 gentilibus,
2924 4709 3012 4775 qui
3087 4710 3384 4780 habitabant

1771 4786 1985 4858 Ephesi.
2016 4787 2229 4858 Nonne,
2250 4805 2461 4861 quaeso,
2482 4792 2646 4848 etiam
2668 4809 2781 4861 eos,
2813 4798 2905 4866 qui
2931 4798 3183 4861 duriores
3203 4823 3380 4878 erant,

1779 4888 2103 4946 convertere
2123 4879 2344 4936 debuit?
2363 4878 2471 4938 Sed
2503 4899 2612 4940 non
2642 4890 2939 4957 convertit;
2973 4908 3076 4950 nec
3108 4897 3327 4959 mireris
3357 4921 3372 4959 :

1785 4973 2006 5028 malitia:
2033 4973 2179 5028 enim
2210 4973 2346 5030 nihil
2374 4986 2457 5032 est
2496 4978 2640 5048 quod
2689 4982 3198 5061 persuadeat..Age
3227 5008 3378 5066 vero,

1781 5067 1885 5124 hoc
1914 5068 2306 5125 exorcistarum
2353 5086 2489 5142 opus
2521 5073 2802 5130 videamus
2829 5090 3045 5148 quanta:
3083 5084 3155 5142 sit
3184 5091 3379 5159 nequi-

1771 5161 1882 5216 tite.
1929 5158 2040 5216 Cur
2073 5169 2258 5217 autem
2304 5161 2408 5218 hoc
2448 5163 2551 5220 sub
2594 5165 2814 5223 Christo
2881 5186 2988 5227 non
3053 5158 3380 5250 contigerit,

1770 5255 2018 5322 alterius,
2044 5270 2154 5310 non
2185 5258 2468 5326 prasentis
2512 5261 2773 5330 temporis
2803 5273 2889 5320 est
2916 5265 3252 5340 disquirere;
3287 5291 3381 5331 ve-

1779 5363 1898 5402 rum
1940 5347 2084 5418 quod
2129 5349 2240 5419 jam
2295 5349 2518 5420 pulchre
2558 5361 2615 5408 et
2645 5354 2850 5410 utiliter
2877 5359 3091 5416 accidit.
3155 5363 3387 5425 Videtur

1769 5438 1913 5494 enim
1943 5439 2065 5493 illos
2097 5439 2352 5495 irridendi
2386 5457 2549 5498 causa
2597 5444 2701 5500 hoc
2725 5445 2920 5505 fecisse
2948 5466 2963 5515 ;
2999 5451 3227 5525 ideoque
3268 5460 3384 5528 ple-

1768 5538 2019 5587 ctuntur;
2045 5530 2116 5586 ita
2141 5541 2203 5586 ut
2222 5533 2449 5603 posthac
2479 5550 2641 5591 nemo
2659 5537 2885 5594 auderet
2915 5550 3122 5600 temere
3149 5546 3253 5604 hoc
3282 5567 3380 5608 no-

1770 5639 1893 5678 men
1923 5623 2189 5694 proferre.
2216 5625 2330 5681 lloc
2355 5626 2598 5685 ﬁdelium
2644 5631 2844 5688 multos
2884 5633 2952 5690 ad
2979 5637 3379 5702 confessionem

1770 5716 2017 5783 deduxit,
2041 5717 2146 5772 hoc
2173 5726 2228 5773 et
2252 5718 2499 5776 timorem
2525 5721 2656 5794 ipsis
2686 5723 2948 5795 incussit,
2977 5730 3382 5807 maximumque

1775 5812 1876 5867 hoc
1900 5821 2276 5884 argumentum
2310 5814 2407 5871 fuit
2437 5816 2606 5874 Deum
2631 5823 2810 5877 omnia
2843 5835 3030 5882 nosse.
3055 5824 3376 5905 Priusquam
