4072 6438
710 352 806 409 291

708 482 736 522 :I
784 461 1114 521 dminonibus
1165 459 1633 530 redarguereutur,
1681 455 1888 524 seipsos
1910 452 2270 514 accusabant,

710 557 960 612 timentes
1010 568 1077 609 ne
1128 552 1312 607 eadem
1373 560 1714 620 paterentur;
1764 555 1820 602 et
1877 545 1998 615 jure
2046 543 2283 614 quidem.

705 647 933 714 Quando
953 645 1096 700 enim
1140 643 1413 712 adjutores
1450 641 1759 702 daemones,
1789 647 2133 692 accusatores
2169 634 2286 687 illo-

709 755 824 793 rum
856 747 1032 801 erant,
1065 751 1170 791 non
1201 734 1548 790 auxiliatores
1568 774 1581 795 ,
1614 731 1789 800 qualis
1815 745 1941 800 spes
1983 735 2284 796 supererat,

707 832 807 884 nisi
833 828 1103 884 confessio
1141 844 1235 898 per
1273 825 1484 896 opera?
1523 823 1656 878 Vide
1695 830 1893 892 quanta
1926 820 2073 875 brevi
2102 829 2286 883 postea

708 922 846 975 mala
865 921 1113 975 eveniant
1149 927 1267 986 post
1295 926 1371 970 tot
1417 917 1549 970 facta
1575 915 1745 984 signa.
1805 911 1950 967 Talis
1979 913 2176 980 quippe
2205 921 2289 965 est

707 1016 936 1068 humana
959 1022 1140 1065 natura
1172 1029 1184 1064 :
1217 1009 1393 1063 statim
1413 1007 1793 1061 beneﬁciorum
1824 1004 2175 1060 obliviscitur.

775 1104 947 1159 Terra:
962 1113 1121 1156 motus
1141 1099 1599 1175 Constantinopoli.
1626 1127 1698 1137 —
1719 1099 1908 1152 Annon
1932 1095 2274 1160 meministis,

704 1197 932 1266 idipsum
991 1194 1150 1248 etiam
1200 1191 1398 1245 nostris
1452 1187 1785 1258 temporibus
1851 1184 2148 1241 accidisse?
2194 1184 2288 1238 Dic

702 1290 845 1344 enim
874 1287 999 1342 mihi
1027 1304 1039 1340 :
1073 1300 1250 1338 nonne
1275 1297 1417 1338 anno
1439 1281 1717 1351 superiore
1744 1278 2017 1335 concussit
2046 1277 2186 1332 Deus
2213 1276 2289 1330 ci-

703 1384 920 1439 vitatcm
980 1387 1142 1433 totam
1183 1378 1300 1446 (a)?
1354 1376 1493 1443 Quid
1545 1373 1718 1429 vero?
1773 1389 1950 1427 nonne
1989 1384 2174 1426 omnes
2219 1370 2285 1423 ad

703 1473 1021 1545 baptismum
1043 1469 1408 1524 accedebant?
1433 1482 1611 1522 nonne
1636 1475 1978 1530 scortatores,
2013 1463 2203 1517 molles
2234 1470 2288 1516 et

701 1569 936 1638 corrupti
990 1566 1254 1625 homines.
1307 1562 1506 1616 relictis
1553 1559 1803 1614 domibus
1851 1567 1905 1613 ct
1948 1556 2284 1620 habitaculis,

701 1659 943 1714 conversi
992 1665 1044 1711 et
1086 1656 1157 1725 pii
1209 1641 1385 1708 ell'ecti
1439 1655 1600 1706 sunt?
1651 1649 1751 1705 Ubi
1805 1659 1982 1704 autem
2021 1657 2129 1702 tres
2171 1646 2288 1701 dies

703 1751 1051 1811 transierunt,
1082 1759 1266 1801 rursus
1306 1742 1372 1798 ad
1405 1742 1680 1811 pristinam
1720 1740 1922 1796 reversi
1950 1746 2074 1794 sunt
2098 1736 2285 1807 nequi-

701 1842 845 1894 tiam.
873 1838 1024 1894 Unde
1054 1837 1157 1892 ltoc
1183 1833 1486 1903 contingit?
1511 1830 1588 1884 Ex
1619 1830 1826 1900 ignavia
1859 1829 2046 1883 multa.
2083 1825 2286 1896 Ecquid

701 1931 912 1994 mirum,
933 1928 975 1982 si
999 1927 1084 1982 ubi
1105 1940 1191 1980 res
1215 1925 1562 1988 transierunt,
1588 1921 1802 1992 quando
1833 1919 2151 1989 imaginibus
2174 1931 2288 1986 per-

703 2032 863 2090 petuo
894 2016 1232 2073 manentibus
1259 2015 1361 2070 hoc
1397 2015 1571 2084 ipsum
1611 2012 1830 2067 evenit?
1867 2010 1997 2078 Quae
2025 2009 2078 2062 in
2112 2006 2285 2064 Sodo-

701 2111 822 2170 mis,
853 2109 937 2162 die
962 2107 1110 2171 mihi,
1156 2120 1334 2159 nonne
1378 2111 1636 2173 perpetuo
1665 2100 1922 2154 manent?
1955 2097 2092 2166 Quid
2121 2097 2287 2164 ergo?

698 2219 765 2256 an
792 2201 945 2256 vicini
977 2207 1257 2269 propterea
1286 2196 1534 2251 meliores
1553 2194 1677 2249 facti
1702 2193 1859 2247 sunt?
1881 2192 2116 2246 Minime.
2149 2189 2286 2256 Quid

702 2306 756 2350 et
785 2296 922 2350 ﬁlius
953 2293 1100 2348 Noe?
1147 2306 1326 2346 uoune
1372 2290 1492 2344 talis
1541 2288 1701 2342 erat?
1743 2301 1922 2341 nonne
1963 2295 2159 2339 tantam
2190 2284 2287 2338 sub

700 2387 871 2441 oculis
922 2385 1125 2439 habens
1170 2380 1533 2443 solitudinem,
1581 2377 1754 2432 malus
1789 2388 1963 2431 tamen
2006 2375 2164 2429 erat?
2210 2372 2287 2428 Ne

702 2479 960 2534 miremur
1002 2491 1151 2544 ergo,
1205 2475 1249 2528 si
1293 2473 1376 2527 his
1426 2473 1497 2525 ita
1549 2470 1715 2541 gestis
1767 2482 1873 2522 non
1918 2465 2280 2530 crediderunt,

699 2570 909 2642 quando
940 2569 1053 2638 ipsa
1085 2565 1215 2621 ﬁdes
1246 2565 1353 2620 illis
1393 2578 1537 2633 saepe
1565 2563 1616 2616 in
1660 2558 1989 2616 contrarium
2021 2565 2077 2612 et
2103 2557 2155 2609 iu
2187 2570 2282 2610 ne-

700 2663 924 2731 quitiam
951 2659 1214 2721 vertitur;
1247 2665 1306 2710 ut
1333 2652 1548 2724 quando
1574 2652 1966 2707 dmmoniacum
1990 2662 2111 2703 esse
2136 2647 2286 2701 dice-

700 2757 826 2809 bant
859 2754 950 2808 Dei
980 2751 1192 2806 Filium.
1215 2751 1403 2803 Annon
1435 2746 1627 2800 videtis
1653 2744 1756 2797 hoc
1790 2756 1933 2796 nunc
1957 2741 2116 2794 etiam
2137 2738 2285 2803 ﬁeri,

697 2859 748 2904 et
779 2847 972 2901 inultos
997 2844 1242 2898 homines
1272 2839 1612 2909 serpentibus
1637 2836 1864 2902 similes,
1900 2832 2204 2888 incredulos
2231 2838 2287 2885 et

702 2942 936 3009 ingratos
959 2937 1047 3006 qui
1069 2936 1235 2990 instar
1255 2933 1554 3001 viperarum
1577 2943 1697 2982 cum
1716 2925 1974 2982 beneﬁcia
1993 2921 2280 2994 accipiunt,

699 3028 954 3085 beneﬁcis
981 3025 1160 3080 infesti
1207 3022 1373 3076 sunt?
1404 3020 1528 3074 Haec
1549 3035 1577 3070 a
1601 3017 1755 3072 nobis
1782 3016 1923 3070 dicta
1953 3022 2096 3079 sunt,
2129 3024 2186 3067 ut
2216 3027 2285 3066 ne

697 3121 816 3191 quis
843 3118 1064 3172 miretur
1088 3157 1102 3181 ,
1129 3113 1273 3185 quod
1303 3120 1378 3167 tot
1406 3110 1566 3167 editis
1596 3107 1764 3178 signis
1792 3121 1900 3161 non
1927 3118 2115 3160 omnes
2157 3116 2289 3157 (ξοη-

698 3209 838 3265 versi
859 3209 986 3263 sint.

769 3303 824 3356 3.
868 3299 1076 3354 Nostris
1100 3297 1296 3367 quippe
1342 3292 1670 3363 temporibus
1699 3289 2012 3346 acciderunt
2045 3301 2130 3354 ea,
2164 3301 2284 3356 qua:

699 3393 914 3447 beatum
951 3388 1202 3460 Babylam
1232 3395 1479 3458 spectant
1500 3383 1574 3456 (ὁ)
1603 3424 1617 3447 ,
1650 3398 1770 3453 qua
1798 3379 2151 3452 Jerosolymis
2187 3392 2281 3448 ge-

698 3497 778 3541 sta
807 3491 950 3546 sunt.
981 3497 1099 3552 quae
1129 3481 1180 3533 in
1208 3478 1574 3534 destructione
1614 3474 1958 3544 templorum,
1993 3484 2166 3539 neque
2205 3477 2285 3522 ta-

699 3591 820 3629 men
851 3587 1038 3627 omnes
1066 3569 1313 3625 conversi
1363 3576 1506 3622 sunt.
1539 3564 1677 3633 Quid
1715 3579 1850 3634 opus
1877 3570 1959 3618 est
1984 3570 2164 3616 vetera
2191 3574 2280 3616 re-

699 3681 918 3722 censere
940 3665 963 3715 ‘l
986 3663 1100 3717 Dixi
1129 3661 1301 3724 vobis,
1331 3658 1454 3730 quid
1482 3672 1623 3711 anno
1645 3655 1889 3726 proximo
1919 3652 2193 3718 acciderit,
2229 3659 2284 3705 et

699 3771 856 3812 nemo
897 3753 1161 3816 attendit;
1193 3750 1286 3806 sed
1334 3763 1517 3804 rursus
1564 3746 1816 3819 paulatim
1847 3744 2186 3805 deﬂuxerunt
2228 3751 2283 3796 et

700 3847 924 3916 collapsi
955 3853 1098 3898 sunt.
1139 3841 1258 3897 Stat
1276 3855 1491 3910 semper
1517 3839 1706 3895 caelum
1733 3837 1973 3892 clamans
2002 3850 2062 3891 se
2091 3833 2281 3888 Domi—

699 3955 826 3993 num
849 3937 1065 3999 habere,
1096 3942 1151 3988 et
1178 3933 1278 3986 hoc
1308 3933 1612 3986 universum
1635 3944 1755 3985 esse
1774 3926 2052 3997 cujusdam
2078 3925 2281 3995 opiﬁcis

701 4031 790 4101 (de
836 4027 1034 4083 mundo
1076 4025 1326 4095 loquor);
1357 4033 1411 4078 et
1436 4022 1622 4078 dicunt
1649 4021 1868 4090 quidam
1902 4036 2010 4074 non
2040 4020 2110 4073 ita
2137 4033 2275 4074 esse.

697 4122 826 4188 Qua:
861 4119 1001 4174 circa
1048 4114 1390 4171 Theodorum
1439 4126 1580 4165 anno
1622 4110 1868 4180 proximo
1916 4117 2065 4178 gesta
2114 4115 2278 4173 sunt,

698 4226 856 4280 quem
886 4223 992 4263 non
1042 4202 1544 4276 obstupefecerant?
1573 4203 1638 4256 Et
1678 4209 1857 4255 tamen
1888 4198 2021 4253 nihil
2052 4197 2280 4267 amplius

700 4302 894 4356 factum
913 4306 1016 4364 est,
1041 4297 1134 4352 sed
1152 4295 1219 4350 ad
1242 4304 1448 4363 tempus
1477 4294 1548 4363 pii
1577 4292 1777 4356 cll'ecti,
1809 4306 1874 4347 eo
1904 4290 2101 4345 reversi
2133 4297 2278 4354 sunt,

699 4392 839 4446 unde
862 4391 1110 4460 pietatem
1135 4386 1384 4441 inierant.
1416 4383 1526 4437 lloc
1543 4383 1705 4437 etiam
1733 4381 1971 4437 Hebraeis
1999 4390 2124 4435 tunc
2151 4395 2282 4435 con~

701 4487 815 4555 tigit
848 4503 860 4538 :
885 4483 1004 4538 ideo
1030 4480 1241 4537 dicebat
1267 4478 1562 4549 propheta:
1587 4475 1716 4531 Cum
1735 4477 1980 4530 occideret
2003 4492 2108 4541 eos,
2138 4492 2278 4546 qure-

703 4578 878 4630 rebant
915 4590 1047 4638 eum,
1084 4581 1133 4626 et
1171 4571 1544 4624 revertebantur
1584 4576 1630 4620 et
1660 4567 1888 4620 diluculo
1919 4566 2178 4620 veniebant
2213 4567 2281 4619 ad

705 4667 859 4722 Deum
891 4663 1080 4735 (Psul.
1122 4664 1208 4717 77.
1241 4659 1368 4732 54).
1403 4657 1611 4727 Ecquid
1640 4665 1852 4727 oportet
1893 4657 2164 4728 generalia
2193 4655 2281 4711 illa

703 4755 975 4825 proferre?
1004 4763 1133 4823 quot
1160 4754 1212 4806 in
1255 4752 1473 4807 morbos
1509 4748 1848 4805 inciderunt?
1876 4757 2009 4819 quot
2053 4764 2278 4819 surgen-

699 4858 779 4902 tes
818 4845 1033 4916 polliciti
1085 4854 1210 4899 sunt
1237 4859 1296 4899 se
1325 4857 1502 4897 mores
1533 4843 1586 4896 in
1631 4843 1822 4898 melius
1866 4851 2182 4910 mutaturos,
2227 4851 2284 4898 ct

704 4954 878 4995 tamen
921 4938 1078 4993 iidem
1111 4938 1213 5008 ipsi
1243 4937 1592 4991 manserunt?
1637 4936 1747 4991 Hoc
1786 4937 2016 4992 maxime
2045 4937 2282 4992 ostendit

703 5033 857 5087 nobis
885 5031 1177 5086 naturalem
1209 5037 1445 5084 nostrain
1488 5028 1698 5083 arbitrii
1732 5030 2052 5093 libertatem,
2084 5046 2277 5100 repen-

699 5127 808 5179 tina
836 5138 1025 5193 nempe
1052 5122 1297 5177 mutatio.
1346 5121 1476 5176 Nam
1522 5121 1566 5175 si
1606 5121 1864 5174 naturalia
1897 5121 2038 5175 mala
2075 5131 2277 5188 essent,

698 5217 912 5270 libertas
954 5229 1059 5268 non
1094 5222 1238 5268 esset
1277 5229 1290 5263 :
1323 5227 1441 5281 quae
1470 5213 1616 5267 enim
1646 5227 1713 5267 ex
1743 5223 1931 5266 natura
1961 5223 2014 5267 et
2041 5215 2280 5268 necessi-

699 5320 806 5364 tate
836 5309 1000 5372 ﬁunt,
1030 5315 1236 5360 mutare
1276 5320 1382 5359 non
1425 5318 1730 5375 possumus.
1783 5305 1940 5374 Atqui
1972 5314 2242 5360 mutamur
2262 5347 2278 5373 ,

699 5399 925 5470 inquies.
960 5399 1149 5452 Annon
1179 5395 1422 5452 videmus
1450 5395 1718 5451 interdum
1749 5410 1843 5449 eos
1867 5437 1883 5466 ,
1910 5398 2001 5467 qui
2029 5412 2060 5450 a
2093 5407 2280 5454 natura

761 5533 832 5593 (η)
853 5540 984 5579 ttuue
1024 5541 1172 5578 terra:
1197 5537 1377 5579 motum
1397 5568 1409 5590 ,
1434 5532 1518 5593 qui
1542 5543 1669 5578 anno
1692 5532 1916 5592 proximo
1932 5566 1946 5586 ,
1974 5544 2153 5593 nempe
2188 5532 2302 5590 399,

696 5593 964 5702 aenide-rata
987 5605 1122 5652 saepe
1165 5601 1416 5641 memorat.
1459 5593 1526 5641 Ea
1568 5593 1634 5640 de
1679 5606 1735 5641 re
1760 5593 1806 5640 iu
1827 5593 1935 5642 Vita
1959 5593 2280 5656 Chrysostomi

701 5665 981 5702 mmme.

701 5665 1099 5829 “efﬁgit?
1125 5721 1410 5766 enarrantur
1436 5717 1483 5765 in
1505 5715 1681 5767 Ilomil.
1701 5715 1763 5768 de
1788 5723 1830 5766 s.
1859 5715 2048 5780 Bahyla,
2075 5725 2205 5767 Tom.
2225 5720 2276 5780 2,

701 5792 790 5827 eo.
1007 5791 1030 5827 s
1065 5793 1112 5829 (ι.

699 5791 790 5827 cui.
821 5791 906 5827 ’χιι
934 5791 985 5829 et
1007 5791 1112 5841 seq.

1450 343 1498 401 S.
1547 341 1818 400 JOANNIS
1865 334 2335 394 CHRYSOSTOMI
2375 334 2695 391 ARCIIIEP.
2736 333 3262 393 CONSTANTINOP.

3881 330 4012 383 eos

2399 450 2598 505 habent
2642 458 2698 503 ut
2741 449 2954 504 videant
2979 493 2994 516 ,
3027 468 3136 520 pra:
3179 461 3326 508 metu
3353 451 3692 507 cxcmcatos?
3719 449 4008 516 Quoniam

2397 542 2526 596 illud
2567 551 2769 596 uatum
2800 551 2916 607 est,
2961 549 3017 596 ut
3044 545 3400 612 reprimatur,
3445 559 3564 599 cum
3594 552 3783 598 natura
3816 542 4006 596 altera

2394 633 2611 688 advenit
2657 651 2670 686 :
2719 632 2790 686 ita
2847 633 3141 688 secundum
3185 645 3432 690 naturam
3480 643 3718 690 nostram
3773 642 3880 694 est.
3945 642 4010 684 ut

2397 728 2662 798 perterriti
2713 742 2820 781 non
2863 727 3156 782 videamus.
3213 726 3519 784 Secundum
3563 736 3809 781 naturam
3861 727 4008 779 item

2394 830 2498 885 est,
2528 829 2584 874 ut
2609 819 2813 889 majore
2841 818 3159 874 adveniente
3181 827 3346 886 metu,
3377 820 3514 875 alter
3546 829 3720 875 metus
3745 817 4009 873 recedat.

2394 909 2531 979 Quid
2561 911 2739 982 igitur.
2771 911 2980 980 inquies
3001 951 3018 978 ,
3046 910 3090 965 si
3117 911 3467 980 temperantia
3496 910 3789 966 secundum
3824 918 4011 963 natu-

2396 1019 2508 1056 ram
2551 1002 2641 1070 sit,
2697 1011 2752 1057 et
2795 1012 2970 1058 metus
3012 1001 3350 1058 iuvalescens
3387 1001 3532 1056 illam
3579 1001 3798 1070 eiiciat?
3849 999 4011 1067 Quid

2395 1096 2588 1164 igitur,
2631 1096 2674 1150 si
2702 1094 3032 1159 ostendero;
3061 1110 3129 1151 ne
3168 1093 3378 1165 quidem
3423 1103 3549 1150 tunc
3577 1095 3839 1166 quosdam
3867 1107 4017 1149 esse

2396 1197 2776 1258 temperantes,
2807 1187 2900 1241 sed
2931 1188 2983 1241 in
3003 1195 3148 1242 metu
3178 1187 3340 1242 etiam
3371 1185 3675 1256 petulantes
3701 1186 3865 1240 esse?
3891 1186 4013 1238 hoc

2395 1281 2636 1335 naturale
2665 1296 2769 1334 non
2820 1288 2920 1334 est.
2954 1280 3038 1333 An
3083 1287 3265 1334 vetera
3306 1279 3520 1335 dicam?
3544 1295 3612 1333 an
3642 1279 3819 1334 nova?
3848 1278 4015 1344 Quot

2395 1373 2446 1427 in
2477 1373 2592 1441 ipso
2621 1373 2812 1426 timore
2829 1378 3144 1426 manserunt
3173 1370 3436 1439 ridentes,
3461 1379 3516 1426 et
3546 1371 3679 1425 nihil
3706 1371 3813 1425 tale
3837 1370 4004 1443 passi

2395 1465 2558 1520 sunt?
2586 1465 2697 1528 Dic,
2717 1477 2919 1533 qu:eso,
2951 1461 3161 1518 Pharao
3189 1477 3367 1518 nonne
3397 1463 3577 1517 statim
3601 1472 3840 1516 mutatus
3877 1471 4007 1526 est,

2393 1566 2449 1612 et
2475 1557 2540 1611 ad
2573 1557 2845 1625 pristinam
2887 1554 3116 1610 recurrit
3143 1554 3435 1624 nequitiam
3459 1553 3481 1605 ?
3511 1553 3622 1608 [Ioc
3650 1561 3832 1607 autem
3865 1552 4004 1606 Ιοου

2393 1647 2766 1712 ἀειιηιοηίπὶε,
2818 1645 3061 1716 quamvis
3103 1646 3202 1715 ipsi
3231 1659 3338 1699 non
3372 1645 3702 1715 ignorarent,
3732 1644 4009 1698 dixerunt

2395 1740 2707 1808 simpliciter
2735 1757 2747 1793 :
2787 1737 2886 1792 Per
2912 1737 3091 1792 Iesum
3119 1738 3419 1808 adjuramus
3445 1753 3529 1790 vos
3550 1777 3564 1801 ,
3602 1752 3749 1808 quem
3789 1736 4008 1806 praedi-

2394 1846 2472 1889 cat
2495 1835 2691 1888 Paulus
2718 1850 2736 1888 :
2760 1848 2853 1903 per
2868 1849 2930 1888 ea
2956 1832 3122 1897 enim,
3142 1847 3262 1902 quae
3287 1831 3635 1900 respondent,
3668 1832 3813 1900 ipsos
3841 1830 4003 1885 scire

2393 1927 2667 1998 probatur.
2713 1924 2896 1980 Jcsum
2940 1939 3069 1980 vero
3114 1923 3302 1977 dicunt
3343 1922 3419 1976 illi
3465 1921 3804 1991 simpliciter,
3858 1936 4004 1974 cum

2393 2019 2716 2089 Oportuisset
2772 2017 2976 2084 dicere,
3031 2016 3380 2091 Servatorem.
3413 2013 3619 2080 mundi,
3656 2013 3749 2084 qui
3803 2029 4013 2068 resur-

2394 2112 2540 2167 rexit
2579 2128 2593 2164 :
2635 2110 2730 2165 sed
2772 2110 3064 2164 noluerunt
3109 2106 3353 2163 conﬁteri
3396 2106 3621 2178 gloriam
3671 2106 3811 2177 eius.
3865 2106 4016 2162 Ideo

2395 2206 2666 2275 redarguit
2713 2205 2833 2258 illos
2872 2203 3108 2269 dauuou,
3137 2201 3380 2257 insiliens
3422 2201 3474 2255 iu
3513 2216 3609 2256 eos
3639 2201 3950 2271 dicensque
3993 2221 4006 2254 :

2392 2297 2570 2351 Iesum
2597 2295 2730 2361 novi,
2776 2305 2821 2347 et
2866 2293 3085 2347 Paulum
3114 2289 3256 2359 scio;
3299 2307 3363 2347 ac
3403 2292 3449 2347 si
3475 2292 3701 2358 diceret,
3739 2292 3854 2347 Vos
3881 2309 4009 2346 non

2393 2386 2630 2451 creditis,
2659 2384 2753 2440 sed
2784 2383 2875 2438 illo
2908 2382 3186 2438 abutentes
3215 2382 3433 2438 nomine
3471 2383 3573 2437 hoc
3595 2382 3792 2437 dicitis.
3827 2381 4012 2452 Igitur

2393 2481 2663 2532 desertum
2695 2474 2951 2545 templum
2976 2482 3096 2540 est,
3126 2482 3432 2544 expugnato
3458 2471 3630 2527 facilia
3661 2487 3813 2528 arma
3845 2490 3857 2526 :
3893 2473 4014 2528 ita-

2393 2583 2499 2638 que
2541 2582 2649 2622 non
2691 2566 2822 2622 estis
2854 2579 3129 2636 praecones
3161 2605 3176 2632 ,
3207 2564 3398 2633 inquit,
3430 2563 3527 2620 sed
3557 2563 3660 2619 mei
3688 2563 3844 2618 estis.
3874 2563 4008 2617 Ma-

2393 2673 2530 2729 gnus
2560 2657 2710 2713 furor
2729 2656 3009 2713 daemonis.
3039 2655 3348 2712 Potuissent
3367 2653 3484 2709 hcce
3510 2654 3738 2725 apostoli
3763 2652 3959 2710 facere
3987 2694 4006 2721 ,

2395 2752 2489 2807 sed
2550 2751 2764 2806 interim
2815 2764 2923 2805 non
2973 2749 3259 2805 faciebant.
3317 2747 3452 2804 Nam
3505 2748 3595 2818 qui
3648 2748 4009 2818 imperabant

2393 2844 2498 2898 illis
2538 2883 2552 2909 ,
2609 2843 2700 2912 qui
2754 2842 2878 2896 talia
2923 2840 2975 2896 in
3022 2840 3169 2910 ipsos
3199 2840 3583 2911 operabantur,
3613 2840 3785 2894 multo
3811 2840 4004 2910 magis

2393 2935 2522 3005 ipsis
2578 2936 2952 3004 imperassent.
3023 2932 3158 2989 Vide
3231 2931 3505 3003 quomodo
3549 2931 3762 2986 illorum
3827 2947 4005 2987 man-

2392 3026 2620 3083 suetudo
2687 3034 3016 3081 monstratur
3048 3067 3062 3093 ,
3109 3025 3252 3098 quod
3302 3024 3428 3093 illi,
3486 3025 3576 3096 qui
3622 3024 4003 3094 pellebantur,

2393 3119 2514 3174 talia
2546 3117 2840 3183 faciebant;
2873 3116 3147 3173 daemones
3187 3132 3315 3172 vero
3344 3159 3359 3185 ,
3400 3117 3595 3188 quibus
3639 3117 3961 3174 serviebant
3985 3161 4001 3183 ,

2390 3209 2684 3264 contraria.
2726 3207 2941 3276 Jesum,
3007 3209 3217 3278 inquit,
3277 3211 3412 3265 novi.
3474 3209 3620 3281 Ergo
3681 3209 4006 3267 erubescite

2392 3317 2508 3368 vos,
2532 3303 2620 3372 qui
2644 3303 2792 3356 illum
2813 3301 3088 3372 ignoratis.
3123 3301 3183 3355 Et
3205 3301 3425 3355 Paulum
3446 3304 3570 3357 scio.
3596 3303 3660 3357 Et
3685 3302 3788 3359 hoc
3814 3303 4001 3370 bene;

2390 3405 2612 3452 noverat
2656 3396 2800 3451 enim
2832 3397 2926 3451 Dei
2977 3411 3099 3452 esse
3146 3410 3468 3464 prmcouem.
3501 3396 3705 3451 Deinde
3733 3396 3910 3451 insilit
3943 3400 4002 3452 in

2388 3503 2502 3554 eos,
2528 3496 2582 3543 et
2611 3497 2791 3542 vestes
2821 3485 3117 3552 dilacerat;
3147 3502 3209 3540 ac
3234 3487 3277 3540 si
3307 3502 3403 3556 per
3423 3501 3585 3556 opera
3610 3487 3815 3542 diceret
3845 3489 3961 3544 illis
3985 3508 3999 3543 :

2388 3578 2465 3633 Ne
2494 3577 2691 3648 putetis
2719 3593 2806 3633 me
2836 3577 2957 3632 ideo
2985 3576 3037 3632 id
3065 3576 3262 3643 facere,
3291 3575 3435 3648 quod
3467 3576 3587 3631 illus
3614 3587 3998 3633 contemnam.

2390 3669 2611 3740 Magnus
2643 3669 2804 3723 timor
2841 3667 3122 3723 dazmonis.
3157 3668 3224 3722 Et
3249 3684 3344 3723 cur
3371 3683 3477 3723 non
3510 3669 3627 3723 sine
3653 3669 3836 3725 verbis
3869 3670 4002 3726 istis

2389 3770 2564 3817 vestes
2588 3775 2772 3817 eorum
2804 3759 3057 3815 discidit?
3087 3760 3158 3814 ita
3189 3759 3332 3814 enim
3360 3769 3414 3815 et
3443 3759 3678 3814 furorem
3708 3760 4003 3832 implevis-

2388 3864 2490 3919 set,
2514 3863 2568 3909 et
2590 3868 2834 3909 errorem
2857 3854 3149 3908 statuisset.
3182 3853 3447 3921 Timebat,
3483 3863 3541 3908 ut
3566 3853 3700 3921 dixi,
3732 3855 3997 3911 inacces-

2388 3962 2501 4002 sam
2546 3954 2866 4015 potestatem
2893 3953 2984 4000 :et
3004 3961 3109 4000 non
3135 3953 3339 4000 tantum
3370 3944 3648 4013 potuisset,
3679 3945 3723 3999 si
3750 3946 3854 4000 hoc
3878 3962 4001 4002 non

2387 4037 2627 4092 dixisset.
2662 4036 2794 4092 Vide
2824 4037 3022 4107 ubique
3046 4035 3319 4092 daemones
3346 4037 3614 4106 gratiores
3639 4078 3654 4103 ,
3685 4053 3845 4107 quam
3886 4039 3997 4094 Ju-

2386 4126 2533 4181 dll‘OS
2552 4167 2565 4190 ,
2593 4141 2692 4181 nec
2719 4127 2981 4183 audentes
3010 4126 3381 4183 contradicere
3401 4166 3416 4190 ,
3447 4126 3527 4179 vel
3559 4141 3820 4182 accusare
3850 4144 3998 4198 apo-

2387 4217 2554 4271 stolos
2576 4259 2590 4283 ,
2623 4233 2796 4287 neque
2821 4217 3118 4274 Christum.
3153 4217 3266 4272 lllie
3301 4216 3488 4272 dicunt
3519 4236 3531 4272 :
3561 4218 3765 4274 Scimus
3795 4229 3844 4274 te
3871 4225 4000 4292 quis

2387 4308 2497 4372 sis;
2528 4317 2618 4371 et,
2667 4307 2769 4362 Cur
2820 4309 2996 4362 venisti
3045 4308 3142 4362 huc
3186 4317 3304 4363 ante
3358 4317 3556 4378 tempus
3607 4319 3842 4379 torquere
3897 4330 4000 4367 nos

2389 4398 2605 4468 (Matth.
2635 4399 2688 4454 8.
2735 4398 2882 4470 Q9);
2919 4409 2975 4454 et
3012 4413 3245 4466 rursum,
3293 4401 3416 4458 Scio
3459 4411 3508 4457 te
3544 4403 3658 4470 quis
3685 4403 3776 4467 sis,
3810 4402 4001 4460 Filius

2389 4488 2486 4543 Dei
2515 4488 2704 4558 (Marc.
2738 4491 2789 4544 1.
2831 4490 2923 4561 24)
2955 4508 2966 4541 :
3000 4490 3088 4546 hic
3114 4507 3242 4547 vero
3267 4533 3282 4559 ,
3333 4492 3408 4546 Hi
3449 4494 3678 4549 homines
3723 4497 3856 4550 servi
3893 4497 3998 4554 Dei

2388 4580 2576 4634 excelsi
2601 4590 2718 4635 sunt
2751 4581 2887 4652 (Act.
2919 4581 3006 4637 16.
3035 4583 3099 4636 17
3120 4580 3176 4654 );
3204 4592 3259 4639 et
3287 4599 3524 4653 rursum,
3553 4584 3733 4640 Jesum
3769 4591 3910 4651 novi,
3948 4604 4000 4644 ct

2393 4671 2611 4725 Paulum
2639 4672 2762 4726 scio.
2790 4671 3009 4727 Multum
3039 4673 3183 4728 enim
3213 4674 3570 4731 formidabant
3598 4687 3651 4731 et
3683 4680 3998 4738 tretuebaut

2389 4772 2605 4818 sanctos
2632 4764 2772 4819 illos.
2803 4765 2966 4820 Forte
2988 4767 3109 4836 quis
3133 4777 3372 4822 vestrum
3395 4769 3643 4835 audiens,
3671 4773 3817 4841 cupit
3845 4773 4000 4831 hanc

2390 4855 2586 4910 habere
2624 4864 2964 4926 potestatem,
3014 4867 3071 4912 ut
3115 4874 3196 4914 ne-
3225 4860 3403 4914 ausint
3448 4860 3664 4931 quidem
3707 4863 4000 4922 dtemoues

2387 4948 2644 5003 adversus
2697 4947 2842 5002 illum
2902 4951 3196 5020 respicere,
3246 4962 3301 5007 et
3353 4964 3572 5008 sanctos
3625 4954 3746 5010 illos
3800 4971 3867 5010 ea
3921 4960 3999 5014 de

2387 5055 2546 5095 causa
2580 5041 2761 5096 beatos
2786 5042 3066 5112 praedicat,
3100 5045 3223 5113 quia
3253 5054 3450 5101 tantam
3475 5046 3712 5104 habuere
3743 5059 3999 5117 potesta-

2388 5143 2516 5189 tem.
2559 5132 2662 5187 Sed
2692 5135 2874 5189 audiat
2904 5135 3174 5189 Christum
3210 5135 3513 5193 dicentem:
3541 5138 3717 5195 Nolite
3735 5143 3994 5212 gaudere,

2387 5227 2507 5295 quia
2550 5225 2802 5279 dwmonia
2828 5226 2966 5279 vobis
2995 5225 3331 5296 subjiciuntur
3378 5227 3528 5297 (Luc.
3566 5230 3654 5284 10.
3682 5231 3775 5300 20)
3805 5249 3821 5298 ;
3858 5238 3991 5302 quia

2391 5316 2596 5370 sciebat
2621 5331 2809 5371 omnes
2839 5316 3083 5371 homines
3112 5319 3180 5373 ob
3223 5334 3417 5375 vanam
3457 5323 3682 5391 gloriam
3714 5338 3779 5377 ea
3826 5325 3897 5378 de
3931 5345 3994 5381 re

2389 5410 2622 5464 maxime
2670 5410 2950 5480 gavisurus
2988 5425 3130 5466 esse.
3176 5411 3310 5467 Nam
3349 5414 3396 5469 si
3446 5414 3522 5480 id,
3551 5415 3694 5484 quod
3722 5417 3994 5486 placitum

2390 5502 2500 5556 Deo
2522 5509 2605 5555 est
2627 5541 2644 5568 ,
2671 5502 2866 5571 quatris
2891 5544 2906 5570 ,
2936 5512 2991 5558 et
3020 5504 3160 5572 quod
3191 5506 3244 5561 in
3288 5512 3559 5562 communi
3592 5510 3851 5578 prodest,
3880 5515 3989 5567 alia

2389 5594 2560 5662 major
2597 5601 2679 5648 est
2707 5595 2812 5649 via.
2856 5595 2973 5650 Non
3003 5597 3071 5651 ita
3102 5613 3349 5668 magnum
3381 5609 3463 5655 est
3509 5615 3538 5654 a
3571 5601 3818 5659 (tertioue
3847 5605 3988 5660 libe-

2390 5687 2531 5752 rari,
2563 5693 2621 5739 ut
2664 5701 2694 5740 a
2726 5696 2970 5757 peccato.
3007 5688 3227 5745 Daemon
3259 5706 3366 5746 non
3414 5691 3657 5761 impedit,
3691 5699 3988 5763 quominus

2394 5793 2617 5849 regnum
2647 5781 2901 5838 cmlorum
2933 5797 3360 5854 consequamur;
3390 5786 3498 5842 imo
3525 5799 3875 5860 cooperatur,
3908 5794 3986 5848 iu-
