4072 6404
75 332 156 386 291

74 450 168 514 γάρ
219 443 253 512 ή
322 434 648 510 ἀνθρωπίνη
702 431 903 502 φύσις⁶
956 423 1166 496 ταχέως
1224 418 1645 475 ἐπιλανθάνεται
1693 409 1769 468 ὧν

71 562 88 594 ε
101 538 442 610 ὶεργετεῖται
452 573 466 586 .

137 605 294 686 ’Πού
322 625 639 700 μέμνησθε,
669 624 755 678 ὅτι
784 620 881 675 καὶ
929 617 1022 672 ἐπὶ
1058 615 1168 668 τῶν
1193 611 1318 666 καθ’
1353 611 1506 682 ἡμᾶς
1542 605 1770 676 γενομέ-

74 749 168 780 νων
199 728 262 779 τὺ
292 724 432 779 αὐτὸ
463 721 624 774 τοῦτο
672 718 932 787 γέγονεν;
983 709 1124 766 Εἰπὲ
1157 709 1387 779 γάρίμοι
1409 744 1424 769 ,
1445 704 1508 757 οὐ
1543 703 1774 772 πέρυσιν

74 823 315 887 ἐτίναξεν
350 821 381 871 6
410 818 547 879 Θεὸς
568 816 670 886 τὴν
708 812 869 866 πόλιν
900 810 1112 870 πᾶσανς
1145 805 1210 857 Τί
1252 802 1373 866 δαί;
1407 799 1530 869 οὐχί
1573 797 1774 860 πάντες

73 922 157 972 ὲπὶ
187 917 251 970 :6
277 915 548 986 φώτισμα
587 910 861 981 ἕδραμον;
899 904 1019 974 οὐχὶ
1048 902 1240 972 πόρνοι
1268 896 1366 951 καὶ
1405 892 1641 966 μαλακοὶ
1681 891 1777 986 καὶ

74 979 495 1082 διεφθαρμένοι,
517 979 802 1075 οἰκήματα
831 998 1064 1070 ἀφέντες
1092 995 1187 1049 καὶ
1219 993 1348 1070 τούς
1363 991 1560 1082 τόπους
1599 986 1657 1038 ἐν
1693 979 1775 1048 οἷς

74 1105 385 1177 διέτριϐον,
464 1098 877 1172 μετετέθησαν,
946 1091 1043 1146 καὶ
1111 1087 1404 1157 γεγόνασιν
1479 1081 1774 1145 εὐλαϐεῖς;

85 1175 308 1272 Ἐπειδὴ
369 1199 428 1253 δέ
479 1198 633 1267 τρεῖς
685 1192 893 1264 ἡμέραι
957 1183 1270 1257 παρῆλθον,
1323 1179 1490 1232 πάλιν
1537 1177 1630 1230 ἐπὶ
1676 1175 1778 1246 τὴν

73 1296 279 1348 οίκείαν
341 1289 657 1360 ἐπανῆλθον
705 1285 927 1340 κακίαν.
985 1281 1155 1334 Πόθεν
1213 1278 1270 1329 δὲ
1327 1276 1484 1328 τοῦτο
1529 1274 1775 1341 γίνεται;

84 1389 217 1442 Ἀπὸ
253 1388 363 1457 τῆς
393 1383 601 1453 πολλῆς
657 1379 911 1440 νωθείας.
959 1375 1063 1428 Καὶ
1111 1373 1166 1426 τί
1211 1369 1549 1440 θαυμαστὸν,
1588 1369 1635 1420 εί
1666 1366 1776 1420 τῶν

77 1480 433 1550 πραγμάτων
470 1473 858 1548 παρελθόντων
877 1512 892 1538 ,
933 1472 1067 1523 ὅπου
1097 1485 1162 1537 γε
1190 1466 1299 1520 τῶν
1329 1465 1554 1518 εἰκόνων
1595 1463 1780 1534 διηνε-

80 1579 184 1640 κῶς
217 1574 512 1648 μενουσῶν
541 1572 605 1626 τὸ
638 1570 774 1624 αὐτὸ
821 1569 1063 1638 γίνεται;
1103 1564 1203 1618 Τά
1246 1565 1303 1618 ἐν
1354 1563 1630 1634 Σοδόμοις,
1658 1559 1781 1612 είπέ

83 1694 188 1745 μοι,
217 1674 349 1743 οὐχὶ
380 1669 619 1741 διηνεκῆ
665 1665 955 1736 τυγχάνει;
992 1662 1059 1716 Τί
1080 1657 1210 1727 οῦνς
1261 1660 1312 1712 οἱ
1361 1655 1785 1730 προσοικοῦντες

81 1771 180 1822 i=6
205 1767 424 1821 τούτων
456 1764 722 1833 γεγόνασι
765 1757 1044 1830 βελτίους;
1081 1754 1368 1824 Οὐδαμῶς.
1409 1752 1476 1805 Τί
1510 1751 1601 1804 δαὶ¹
1634 1751 1662 1803 6
1690 1747 1785 1802 τοῦ

81 1862 197 1914 Νῶε
259 1861 420 1926 υΞός;
482 1857 611 1928 οὐχὶ
671 1852 912 1914 τοιοῦτος
961 1847 1065 1921 ἦν;
1132 1849 1254 1918 οὐχὶ
1294 1849 1352 1900 ἐν
1386 1846 1543 1916 ὕψεσι
1575 1844 1788 1915 βλέπων

82 1957 317 2028 ἐρημίαν
343 1953 628 2020 τοσαύτην
670 1946 844 2011 κακὸς
887 1940 990 2016 ῆν;
1027 1943 1121 2012 Μὴ
1147 1941 1211 2012 δὴ
1255 1939 1629 2010 θαυμάζωμεν
1668 1937 1788 2002 πῶς

80 2053 176 2103 οὐκ
219 2048 570 2101 ἐπίστευσαν
627 2041 838 2094 τούτων
891 2036 1223 2107 γενομένων,
1282 2036 1419 2088 ὃπου
1475 2050 1541 2101 γε
1582 2033 1721 2102 αὐτὴ
1753 2034 1787 2102 ἡ

84 2148 268 2205 πίστις
301 2140 580 2201 πολλάκις
610 2138 692 2199 είς
711 2135 1024 2188 τούναντίον
1047 2131 1233 2193 αὐτοῖς
1260 2128 1677 2200 περιτρέπεται,
1712 2131 1792 2191 εἰς

88 2241 282 2294 κακίαν
303 2257 317 2268 ·
360 2233 480 2289 οἷον
513 2235 591 2295 ὡς
612 2235 744 2286 ὅταν
787 2227 1128 2300 δαιμονῶντα
1170 2223 1375 2292 λέγωσι
1403 2223 1497 2275 τὸν
1527 2223 1655 2275 Υίὸν
1693 2219 1790 2275 τοῦ

87 2334 234 2388 Θεοῦ.
291 2331 370 2385 Ἦ
413 2329 521 2398 οὐχ
575 2325 743 2396 δρᾶτε
793 2325 889 2377 καὶ
945 2323 1040 2376 νῦν
1111 2319 1290 2373 ταῦτα
1346 2317 1643 2387 γινόμενα,
1699 2317 1792 2370 καὶ

88 2432 334 2502 όφιώδεις
377 2423 715 2496 ἀνθρώπους
766 2422 928 2484 ὄντας
969 2419 1223 2483 πολλοὺς,
1275 2417 1542 2478 ἀπίστους
1590 2431 1650 2466 τε
1697 2413 1794 2466 καὶ

90 2526 440 2596 ἀγνώμονας,
491 2520 543 2573 οἳ
572 2520 670 2573 καλ⁸
699 2519 844 2572 κατά
876 2515 975 2579 τὰς
1023 2515 1188 2585 ἔχεις,
1239 2515 1370 2568 ὅταν
1407 2510 1795 2566 ἀπολαύσωσιν

92 2625 455 2696 εὐεργεσίας,
507 2618 605 2670 καὶ
662 2611 978 2683 θαλφθῶσιν
1013 2612 1116 2664 ὐπὸ
1150 2629 1336 2676 τινων,
1397 2610 1517 2663 τότε
1563 2605 1794 2659 λυποῦσι

93 2723 206 2784 τούς
240 2716 592 2789 εὐεργέτας;
629 2709 820 2764 Ταῦτα
851 2710 984 2780 ἡμῖν
1029 2707 1266 2781 εἴρηται,
1309 2707 1398 2759 ἵνα
1437 2704 1512 2776 μή
1537 2720 1622 2765 τις
1661 2702 1797 2754 θαυ-

97 2817 236 2888 μάζῃ
299 2811 427 2874 πῶς
481 2806 748 2863 τοιούτων
810 2803 1055 2875 σημείων
1113 2803 1423 2873 γενομένων
1490 2802 1549 2855 οὐ
1592 2800 1797 2861 πάντες

95 2905 467 2980 ἐπέστρεψαν.

151 3105 220 3169 γ’.
258 3097 397 3153 Ἰδοὺ
418 3094 535 3165 γάρ
551 3091 775 3147 ἐπὶτῶν
794 3092 1004 3163 καιρῶν
1022 3090 1130 3145 τῶν
1154 3087 1437 3162 ἡμετέρων
1455 3086 1523 3141 τά
1548 3083 1690 3139 κατά
1710 3085 1798 3139 τὸν

97 3194 372 3264 μακάριον
397 3189 661 3245 Βαϐύλαν
682 3188 896 3257 γέγονε,
913 3186 1066 3262 [512]
1083 3187 1152 3242 τά
1173 3186 1315 3241 κατά
1338 3184 1409 3239 τά
1426 3182 1692 3256 ἰεροσόλυ
1701 3199 1801 3254 μα,

95 3289 155 3341 τά
191 3289 341 3343 κατά
377 3290 488 3357 τὴν
520 3284 848 3354 καθαίρεσιν
887 3283 996 3336 τῶν
1023 3282 1209 3354 ίερῶν,
1240 3283 1336 3335 καὶ
1375 3282 1436 3334 οὐ
1480 3279 1806 3342 πάντεςιέπ-

98 3382 469 3455 ίστρεψαν.Τί
485 3381 568 3434 δεῖ
589 3381 660 3432 τά
673 3379 884 3432 παλαιά
899 3378 1095 3447 λέγειν,
1115 3378 1350 3449 Πέρυσιν
1370 3373 1523 3429 εἷπον
1541 3377 1673 3445 ὐμῖν
1693 3369 1804 3429 οἷον

99 3481 312 3547 γέγονε,
347 3477 452 3532 καὶ
476 3475 662 3539 οὐδεὶς
691 3472 1021 3545 προσέσχεν,
1067 3471 1205 3526 ἀλλά
1226 3471 1393 3525 πάλιν
1421 3470 1564 3524 κατά
1607 3470 1804 3540 μικρὸν

104 3579 463 3648 ὐπερῤὐησαν
495 3575 593 3627 καὶ
636 3571 960 3626 κατέπεσον.
1000 3569 1245 3640 ’Ἑστηκε
1278 3567 1545 3638 διηνεκῶς
1574 3570 1601 3620 ό
1641 3569 1806 3638 οὐρα-

103 3676 183 3738 v6;
214 3675 384 3746 βοῶν,
418 3672 510 3726 ὅτι
561 3667 833 3738 δεσπότην
898 3665 1033 3736 ἔχει,
1069 3664 1164 3718 καὶ
1213 3662 1458 3736 τεχνίτου
1511 3662 1656 3726 τινός
1692 3665 1809 3716 ἐστι

103 3771 213 3824 τόδε
241 3770 305 3822 τὸ
331 3768 450 3821 πᾶν
484 3765 615 3834 (τὸν
652 3764 861 3834 κόσμον
886 3760 1088 3832 λέγω),
1136 3761 1231 3814 καὶ
1262 3757 1480 3828 λέγουσί
1529 3776 1698 3822 τινες,
1725 3760 1810 3811 ὅτι

105 3867 236 3936 οὐχί.
275 3865 366 3919 Τά
414 3861 564 3916 κατά
613 3859 894 3930 Θεόδωρον
942 3859 1152 3912 ἐκεῖνον
1199 3855 1546 3927 γεγενημένα
1586 3855 1810 3925 πέρυσι,

107 3965 219 4014 τίνα
245 3963 352 4014 οὐκ
374 3956 650 4026 ἐξέπληξε
676 3974 690 4021 ;
725 3955 838 4007 Καὶ
861 3955 1012 4023 ὅμως
1039 3953 1192 4006 οὐδὲν
1215 3951 1379 4005 πλέον
1406 3952 1653 4020 γέγονεν,
1676 3952 1813 4006 άλλά

111 4059 237 4130 πρὸς
263 4056 468 4128 καιρὸν
499 4053 790 4124 γενόμενοι
832 4050 1105 4115 εὐλαϐεῖς,
1150 4050 1318 4103 πάλιν
1355 4049 1662 4120 ἐπανῆλθον
1688 4049 1813 4114 ὅθεν

111 4154 400 4221 γεγόνασιν
426 4150 703 4212 εὐλαϐεῖς.
731 4147 906 4201 Τοῦτο
936 4147 1033 4202 καὶ
1081 4148 1177 4201 ἐπὶ
1224 4147 1333 4200 τῶν
1371 4145 1644 4217 Ἐϐραίων
1692 4145 1814 4199 τότε

115 4248 306 4320 συνέϐη
325 4266 339 4278 ·
372 4246 457 4300 διὸ
485 4247 582 4298 καὶ
612 4245 802 4313 ἔλεγεν
831 4245 858 4297 6
887 4245 1178 4315 προφήτης
1201 4258 1217 4273 ·
1239 4243 1426 4296 Ὅταν
1455 4243 1815 4296 ἀπέκτεινεν

115 4345 353 4410 αὐτοὺς,
391 4343 536 4396 τότε
562 4340 892 4409 ἐξεξιξτουν
918 4339 1129 4407 αὑτὸν,
1160 4339 1262 4394 καί
1300 4337 1681 4409 ἐπέστρεφον
1711 4341 1814 4394 καὶ

115 4440 393 4509 ὢρθριζον
437 4439 593 4506 πρὸς
622 4438 734 4492 τὸν
766 4437 935 4490 Θεόν.
985 4437 1100 4490 Καὶ
1137 4436 1191 4488 τί
1233 4435 1314 4488 δεῖ
1365 4435 1546 4505 λέγειν
1583 4437 1652 4490 τὰ
1679 4438 1814 4492 καθ-

116 4539 301 4600 ama;
340 4533 509 4587 πόσοι
549 4533 727 4595 νόσοις
773 4532 1139 4604 περιέπεσον;
1196 4531 1355 4586 πόσοι
1415 4533 1818 4604 ἐπηγγείλαντο

118 4633 452 4693 ἀναστάντες
485 4629 690 4700 πολλὴν
712 4629 814 4702 τὴν
849 4627 1155 4708 μεταϐολὴν
1190 4628 1559 4700 ἐργάσασθαι,
1589 4630 1684 4683 καλ⁵
1707 4630 1814 4684 πά-

120 4728 195 4780 λιν
221 4731 268 4780 οἱ
321 4726 486 4781 αὐτοὶ
542 4723 832 4795 γεγόνασι;
865 4723 1038 4777 Τοῦτο
1084 4722 1322 4794 μάλιστα
1357 4722 1634 4778 δείκνυσιν
1681 4725 1816 4795 ἡμῖν

124 4823 213 4892 τὴν
271 4822 647 4894 προαίρεσιν,
705 4819 802 4871 καὶ
850 4817 949 4888 τὴν
1008 4817 1326 4890 ἐλευθερίαν
1386 4818 1491 4889 τῆς
1538 4818 1817 4889 ἡμετέρας

128 4920 357 4986 φύσεως,
389 4919 426 4989 ὴ
452 4917 630 4986 ἀθρόα
664 4915 958 4986 μεταϐολή.
979 4915 1043 4967 Εἰ
1073 4915 1183 4988 γάρ
1222 4914 1432 4985 φυσικὰ
1458 4909 1528 4986 ἦν
1555 4915 1623 4969 τά
1644 4915 1815 4982 κακὰ,

128 5018 225 5069 οὐδ’
253 5019 320 5072 ἀν
349 5015 496 5085 αὐτη
525 5013 720 5082 γέγονε
741 5030 754 5042 ·
783 5013 894 5066 τῶν
922 5013 1032 5084 γάρ
1062 5013 1207 5066 κατά
1233 5013 1394 5081 φύσιν
1424 5015 1519 5068 καὶ
1567 5013 1816 5085 ἀνάγκην

130 5115 183 5166 οὐ
205 5112 491 5184 δυνάμεθα
533 5108 924 5180 μεθίστασθαι.
956 5108 1069 5162 Καὶ
1099 5107 1207 5180 μὴν
1231 5107 1633 5180 μεθιστάμεθα,
1658 5110 1814 5180 φησί.

133 5214 198 5266 (λύ
222 5213 500 5284 βλέπομεν
521 5211 630 5284 γάρ
661 5227 817 5273 τινας
849 5208 1009 5279 φύσει
1039 5209 1140 5280 μέν
1174 5208 1397 5281 ἔχοντας
1435 5209 1686 5280 βλέπειν,
1711 5214 1818 5267 ὐπὸ

132 5309 217 5362 τοῦ
255 5309 428 5379 φόϐου
454 5308 514 5360 δέ
541 5305 990 5375 τυφλουμένουςς
1025 5305 1251 5376 Ἐπειδὴ
1279 5307 1374 5360 καὶ
1413 5305 1570 5361 τοῦτο
1603 5309 1820 5376 φύσεώς

136 5409 240 5457 ἐστι
275 5403 688 5467 συστέλλεσθαι,
742 5403 870 5458 ὅταν
909 5403 1071 5472 φύσις
1114 5403 1276 5475 ἑτέρα
1327 5406 1604 5479 προσέλθῃ
1627 5424 1642 5440 ·
1677 5408 1820 5462 ὥστε

139 5506 268 5556 κατά
288 5504 453 5573 φύσιν
485 5503 620 5573 ἡμῖν
650 5503 769 5555 ἐστι
794 5499 858 5553 1:6
891 5500 1294 5572 πεφοϐημένοις
1318 5502 1394 5574 μὴ
1419 5502 1658 5574 βλέπειν,
1679 5507 1819 5561 κατά

141 5598 287 5665 φύσιν
313 5599 371 5653 δέ
405 5599 502 5653 καὶ
552 5598 638 5660 τὸ,
702 5598 951 5668 μείζονος
1001 5599 1452 5670 παραγενομένου
1500 5601 1704 5669 φόϐου,
1730 5604 1822 5657 τὸν

142 5697 312 5766 ἕτερον
365 5695 792 5762 ὑπεξίστασθαι.
854 5695 920 5748 Τί
970 5713 1086 5764 ουν,
1136 5695 1202 5749 ἂν
1249 5696 1343 5749 καὶ
1381 5699 1414 5767 ή
1465 5700 1817 5772 σωφροσύνη,

147 5797 285 5862 φησι,
313 5792 456 5849 κατά
491 5791 594 5862 μὲν
625 5791 789 5862 φύσιν
887 5831 901 5856 ,
934 5793 963 5845 6
991 5792 1048 5846 δέ
1087 5792 1250 5860 φόϐος
1304 5795 1584 5866 κρατήσας
1615 5795 1820 5865 ταύτην

209 5948 221 5971 ⁸
247 5950 384 6001 Alius
407 5953 471 6013 μὴ
509 5949 732 6012 φυσικόν.

1141 306 1207 362 IN
1247 304 1433 361 ACTA
1473 293 2019 355 APOSTOLORUM.
2060 293 2296 351 IIOMIL.
2330 292 2466 348 XLI.

3454 286 3564 342 293

1875 411 2117 483 ἐκϐάλῃς
2161 411 2227 464 Τί
2256 406 2372 476 οὖν,
2422 411 2487 464 ἂν
2539 409 2696 476 δείξω
2728 407 2882 473 τινὰς
2915 405 3049 478 μηδέ
3078 403 3199 460 τότε
3230 399 3562 474 σωφρονιζο-

1876 509 2102 578 μένους,
2126 507 2263 572 άλλά
2293 506 2388 560 καὶ
2417 507 2474 559 ἐν
2499 505 2712 570 τούτοις
2739 509 2853 569 τοῖς
2885 504 3070 575 φόϐοις
3103 504 3265 566 ὂντας
3303 499 3530 571 ίταμούς
3549 539 3564 564 ,

1872 605 1933 658 οὐ
1961 606 2190 674 φυσικὸν
2231 617 2256 645 δ
2285 604 2445 658 τοῦτό
2498 605 2670 659 ἐστιν.
2727 606 2882 658 Εἴπω
2929 603 2996 657 τά
3042 601 3284 664 παλαιάς
3316 598 3454 652 ἀλλὰ
3495 599 3567 651 τὰ

1872 703 2003 768 νέα;
2048 703 2212 755 Πόσοι
2242 702 2307 772 δὴ
2353 704 2411 755 ἐν
2451 700 2638 764 αὐτοῖς
2694 699 2926 763 ἐκείνοις
2982 700 3096 761 τοῖς
3157 695 3348 765 φόϐοις
3402 695 3569 747 ἐναπ-

1873 796 2094 866 έμειναν
2129 795 2417 862 γελῶντες,
2454 795 2835 865 χλευάζοντες,
2867 808 2962 847 και
2982 792 3135 846 οὐδὲν
3171 790 3373 845 ἔπαθον
3393 786 3570 842 τοιοῦο

1872 906 1999 956 τον;
2030 887 2167 940 Είπέ
2196 906 2308 958 μοι,
2342 887 2589 960 ὁΦαραὼ
2616 889 2719 941 οὐκ
2752 886 2960 950 εὐθέως
3003 884 3321 956 μεθίστατο,
3353 883 3449 936 καὶ
3476 880 3570 932 ἐπὶ

1871 985 1969 1056 τὴν
1998 985 2276 1056 προτέραν
2323 985 2525 1038 κακίαν
2577 985 2874 1055 ἀνέτρεχε;
2921 979 3194 1036 Ἐνταῦθα
3233 979 3314 1045 δέ,
3339 978 3435 1033 ἐπὶ
3459 976 3570 1029 τῶν

1873 1083 1942 1136 τά
1989 1082 2244 1152 δαιμόνια
2298 1081 2569 1152 ἐχόντων,
2615 1082 2794 1135 καίτοι
2827 1081 2930 1134 οὐκ
2977 1077 3322 1148 ἀγνοούντων
3360 1075 3569 1140 αὐτῶν,

1875 1176 2270 1248 προσετίθεσαν
2300 1176 2494 1240 ἁπλῶς
2521 1178 2571 1229 οί
2605 1176 2877 1245 λέγοντες.
2925 1173 3038 1228 Τὸν
3080 1169 3319 1239 Ἰησοῦν
3341 1167 3571 1239 ὁρκίζο-

1870 1291 1986 1342 μεν
2008 1273 2186 1344 ὑμᾶς,
2235 1275 2310 1329 ὃν
2340 1274 2589 1340 Παῦλος
2629 1273 2959 1342 κηρύσσει·
3014 1269 3084 1322 δι’
3123 1261 3200 1322 ὧν
3229 1268 3342 1338 γάρ
3374 1267 3575 1321 ἀπολοο

1876 1369 2122 1438 γοῦνται,
2164 1371 2462 1436 δείκνυται,
2512 1371 2596 1423 ὅτι
2633 1369 2803 1421 ίσασι.
2837 1367 2943 1419 Τὸν
2975 1362 3188 1435 Ἰησοῦν
3219 1362 3276 1416 δὲ
3319 1361 3575 1430 λέγουσιν

1878 1470 2076 1522 ἐκεῖνοι
2112 1467 2322 1531 ἁπλῶς,
2365 1466 2483 1519 δέον
2508 1466 2686 1518 εἰπεῖν
2715 1464 2808 1516 τὸν
2833 1463 2933 1533 τῆς
2956 1459 3286 1528 οἰκουμένης
3317 1457 3575 1526 Σωτῆρα,

1879 1563 1972 1616 τὸν
1993 1562 2307 1616 ἀναστάντα
2329 1577 2342 1588 ’
2386 1558 2515 1612 ἀλλ’
2543 1559 2644 1611 οὐκ
2678 1556 2870 1628 ἤθελον
2906 1553 3248 1625 ὁμολογῆσαι
3279 1550 3377 1620 τὴν
3415 1549 3578 1615 δόξαν

1883 1657 2072 1713 αὐτοῦ.
2109 1657 2200 1710 Διὺ
2229 1657 2322 1708 καὶ
2377 1656 2589 1726 ἐλέγχει
2648 1651 2849 1715 αὐτοὺς
2907 1652 2936 1704 6
2983 1650 3196 1718 δαίμων
3229 1645 3578 1715 ἐπιπηδήσας

1885 1755 2092 1818 αὐτοῖς,
2139 1754 2235 1805 καὶ
2287 1751 2492 1805 εἰπών’
2562 1751 2675 1805 Τὸν
2714 1749 2960 1816 Ἰησοῦν
3004 1746 3300 1817 γινώσκω,
3342 1742 3439 1796 καί
3475 1741 3581 1794 τεν

1887 1848 2135 1903 Παῦλον
2153 1848 2503 1916 ἐπίσταμαι.
2543 1849 2690 1900 Ὠσεὶ
2712 1847 2899 1916 ἔλεγεν
2919 1862 2932 1876 ·
2966 1845 3158 1914 Ὑμεῖς
3189 1843 3250 1895 οὐ
3268 1839 3579 1902 πιστεύετε,

1888 1947 2018 2000 ἀλλ’
2053 1946 2504 2018 ἀποκεχρημένοι
2553 1944 2633 2016 τῷ
2684 1944 2912 2015 ὀνόματι
2945 1941 3125 1997 ταῦτά
3165 1957 3326 2011 φατε.
3363 1935 3582 1991 Οὐκοῦν

1888 2042 2094 2114 ἔρημος
2135 2044 2164 2096 ὁ
2201 2042 2351 2108 ναὸς,
2400 2040 2882 2109 εὐκαταγώνιστον
2936 2041 2998 2093 τὸ
3047 2038 3276 2101 σκεῦος⁶
3310 2035 3452 2089 ὥστε
3478 2033 3584 2085 οὐκ

1889 2140 2013 2192 ἐστὲ
2043 2141 2310 2211 κήρυκες,
2360 2140 2491 2194 ἀλλ’
2539 2139 2690 2210 ἐμοὶ,
2727 2137 2916 2208 φησιν,
2965 2135 3111 2190 ἐστέ.
3149 2133 3326 2194 Πολὺς
3359 2131 3388 2183 6
3413 2127 3586 2200 θυμὸς

1888 2236 1981 2290 τοῦ
2013 2237 2289 2306 δαίμονος.
2341 2235 2637 2289 Ἢδύναντο
2679 2233 2853 2288 ταῦτα
2904 2233 3106 2294 αὐτοὺς
3168 2225 3589 2300 ἐργάσασθαιοί

1891 2331 2201 2396 ἀπόστολοι,
2233 2331 2360 2384 ἀλλ’
2380 2331 2481 2384 οὐκ
2525 2330 2744 2384 ἐποίουν
2787 2331 2947 2394 τέως.
2981 2331 3043 2384 Οἱ
3076 2329 3188 2400 γάρ
3218 2327 3328 2381 τῶν
3357 2324 3590 2395 ἐργαζο-

1892 2430 2077 2501 μένων
2103 2431 2303 2506 αὐτούς
2333 2427 2509 2483 ταῦτα
2545 2427 2902 2500 κρατοῦντες,
2934 2425 3120 2497 πολλῷ
3152 2423 3354 2496 μᾶλλον
3383 2418 3588 2475 αὐτῶν.

1894 2529 2038 2598 Ὅρα
2095 2526 2214 2590 πῶς
2255 2525 2532 2578 δείκνυται
2597 2523 2781 2578 αὐτῶν
2847 2525 2881 2594 ή
2939 2523 3236 2586 ἐπιείκεια,
3287 2520 3371 2572 ὅτι
3407 2517 3594 2586 οἱμὲν

1893 2623 2249 2692 ἐλαυνόμενοι
2269 2620 2499 2675 τοιαῦτα
2528 2619 2799 2686 ποιοῦσιν,
2833 2619 2883 2672 οί
2909 2618 2966 2673 δὲ
3000 2615 3437 2689 θεραπευόμενοι
3475 2611 3594 2665 δαί-

1897 2736 2057 2790 μονες
2079 2717 2366 2771 τάναντία.
2400 2717 2514 2770 Τὸν
2554 2716 2823 2783 Ἰησοῦν,
2857 2719 3016 2785 φησὶ,
3051 2714 3349 2785 γινώσκω.
3376 2709 3592 2765 Οὐκοῦν

1895 2811 2228 2883 αἰσχύνθητε
2262 2813 2311 2865 οί
2333 2811 2488 2884 [515]
2517 2811 2838 2880 ἀγνοοῦντες
2864 2811 3043 2881 ὑμεῖς.
3075 2809 3187 2864 Καὶ
3215 2807 3323 2862 τὸν
3347 2805 3598 2862 Παῦλον

1895 2907 2244 2976 ἐπίσταμαι.
2292 2906 2491 2971 Καλῶς
2549 2907 2647 2960 καὶ
2702 2904 2900 2960 τοῦτο·
2951 2906 3070 2977 ᾔδει
3118 2907 3228 2976 γὰρ
3280 2901 3417 2958 Θεοῦ
3463 2901 3599 2955 ὄντα

1898 3004 2137 3074 κήρυκα.
2164 2997 2300 3056 Εἶτα
2327 3002 2619 3072 ἐφάλλεται
2637 3001 2739 3054 ἐπ’
2761 3002 2984 3070 αὐτοὺς,
3018 3003 3116 3057 καὶ
3130 3003 3499 3075 διαρρήγνυσι
3528 3003 3599 3052 τὰ

1900 3099 2128 3169 ἱμάτια·
2161 3098 2243 3151 δι’
2281 3091 2358 3152 ῶν
2396 3098 2572 3152 ἐποίει
2603 3098 2814 3164 αὐτοῖς,
2855 3097 3019 3150 τοῦτο
3059 3099 3346 3169 μονονουχὶ
3379 3096 3555 3160 λέγων
3579 3109 3596 3124 ο

1900 3195 1994 3267 Μὴ
2047 3196 2330 3268 νομίσητε,
2384 3198 2467 3250 ὃτι
2513 3193 2874 3264 καταφρονῶν
2922 3194 3150 3248 ἐκείνων
3201 3193 3378 3248 ταῦτα
3437 3191 3597 3246 ποιῶ.

1904 3294 2080 3356 Πολύς
2122 3294 2151 3346 6
2206 3291 2372 3362 φόϐος
2422 3291 2518 3344 τοῦ
2571 3290 2849 3361 δαίμονος.
2906 3289 3018 3344 Καὶ
3059 3289 3150 3342 διά
3204 3289 3258 3342 τί
3299 3287 3607 3361 χωρὶςτῶν

1906 3389 2172 3462 ῥημάτων
2201 3388 2407 3442 τούτων
2453 3387 2517 3440 οὐ
2547 3384 2834 3456 διέρρηξεν
2870 3383 3050 3438 αὐτῶν
3076 3383 3148 3437 τὰ
3194 3384 3422 3456 ίμάτια;
3458 3384 3606 3438 οὕτω

1903 3485 2014 3556 γὰρ
2041 3483 2110 3537 ἂν
2134 3483 2231 3535 καὶ
2259 3481 2352 3534 τὸν
2379 3478 2553 3549 θυμὸν
2579 3477 2892 3550 ἐπλήρωσε,
2932 3477 3027 3531 καὶ¹
3059 3477 3161 3548 τήν
3202 3477 3413 3548 πλάνην
3431 3478 3606 3550 ’ἐστη-

1907 3597 2020 3633 σεν.
2063 3576 2368 3646 Ἐφοϐεῖτο,
2389 3575 2528 3645 ὅπερ
2558 3574 2718 3643 ἐφην,
2736 3573 2836 3644 τὴν
2860 3573 3158 3646 ἀπρόσιτον
3180 3574 3208 3615 δ
3231 3574 3486 3646 δύναμιν,
3511 3574 3607 3628 καὶ

1906 3677 2006 3729 οὐκ
2034 3674 2101 3729 ἀν
2133 3673 2389 3727 τοσοῦτον
2455 3673 2699 3742 ἴσχυσεν,
2759 3671 2808 3723 εί
2863 3670 2938 3742 μὴ
2987 3670 3149 3724 τοῦτο
3168 3665 3344 3725 εἶπεν.
3380 3672 3523 3743 Ὅρα
3548 3671 3606 3726 δέ

1909 3768 2190 3841 πανταχοῦ
2234 3769 2362 3833 τούς
2414 3766 2677 3838 δαίμονας
2734 3763 3281 3836 εὐγνωμονεστέρους
3322 3766 3431 3818 τῶν
3475 3767 3610 3819 ἰου-

1909 3867 2094 3932 δαίων,
2131 3863 2230 3918 καὶ
2255 3863 2316 3915 οὐ
2352 3860 2672 3932 τολμῶντας
2709 3862 3015 3927 ἀντειπεῖν,
3061 3862 3182 3915 οὐδέ
3222 3861 3610 3934 κατηγορῆσαι

1916 3963 2026 4016 τῶν
2084 3960 2429 4024 ἀποστόλων,
2471 3959 2594 4011 οὐδὲ
2657 3958 2754 4011 τοῦ
2819 3959 3079 4029 Χριστοῦ.
3147 3960 3294 4013 Ἐκεῖ
3336 3959 3610 4028 λέγουσιν,

1917 4056 2179 4126 Οῑδαμέν
2231 4070 2306 4110 σε
2341 4055 2434 4121 τίς
2462 4050 2554 4108 εἴ*
2585 4054 2700 4120 καὶ,
2751 4053 2817 4106 Τί
2857 4049 3043 4123 ἦλθες
3071 4046 3191 4108 ὦοε
3243 4053 3358 4123 πρὸ
3391 4052 3612 4123 καιροῦ

1907 4152 2256 4219 βασανίσαι
2291 4149 2485 4220 ἠμᾶς;
2517 4150 2613 4203 καὶ
2652 4149 2838 4214 πάλιν,
2878 4146 3025 4204 Οἶδά
3063 4166 3139 4205 σε
3168 4152 3263 4217 τις
3284 4147 3358 4219 εἴ,
3394 4153 3428 4205 6
3468 4152 3605 4216 Υἱὸς

1913 4246 2020 4300 τοῦ
2051 4245 2204 4300 Θεοῦ
2233 4261 2246 4275 ⁸
2275 4244 2514 4300 ἐνταῦθα
2566 4245 2647 4312 δέ,
2701 4241 2880 4302 Οὗτοι
2940 4249 2998 4301 οὶ
3051 4246 3354 4316 ἅνθρωποι
3397 4247 3613 4302 δοῦλοι

1913 4341 2018 4396 τοῦ
2057 4341 2204 4395 Θεοῦ
2256 4340 2368 4394 τοῦ
2421 4340 2698 4408 ὑψίστου
2744 4341 2867 4395 εὶσί
2915 4356 2929 4370 ⁸
2981 4341 3078 4394 καὶ
3135 4342 3321 4406 πάλιν,
3361 4341 3616 4412 Τὸνμέν

1925 4437 2173 4505 Ἰησοῦν
2197 4434 2492 4506 γινώσκω,
2536 4436 2634 4489 καὶ
2659 4434 2768 4489 τὸν
2797 4437 3051 4490 Παῦλον
3081 4436 3431 4506 ἐπίσταμαι.
3463 4438 3618 4492 Πάνυ

1913 4534 2022 4605 γάρ
2044 4533 2384 4587 ἐδεδοίκεσαν
2417 4533 2512 4587 καὶ
2533 4532 2762 4604 ἔτρεμον
2794 4533 2922 4596 τούς
2954 4533 3144 4602 ἁγίους
3169 4533 3434 4599 ἐκείνους.
3460 4535 3616 4606 Τάχα

1913 4649 1998 4696 τις
2027 4631 2186 4702 ὐμῶν
2215 4631 2431 4685 ἀκούων
2455 4671 2469 4697 ,
2502 4631 2659 4684 ποθεῖ
2684 4631 2778 4684 ἐπὶ
2815 4630 3020 4701 ταύτης
3053 4630 3311 4699 γενέσθαι
3331 4632 3432 4701 τῆς
3461 4633 3616 4698 ἐξου-

1917 4729 2059 4796 σίας,
2111 4727 2252 4781 ῶστε
2310 4729 2384 4799 μὴ
2435 4727 2697 4781 δύνασθαι
2738 4726 3002 4798 δαίμονας
3052 4729 3398 4782 ἀντιϐλέπειν
3442 4731 3614 4800 αὐτῷ,

1915 4827 2010 4880 καὶ
2035 4825 2332 4897 μακαρίζει
2370 4826 2498 4888 τοὺς
2539 4824 2730 4892 ἀγίους
2771 4825 3017 4888 ἐκείνους
3050 4824 3139 4878 διά
3158 4825 3350 4892 τοῦτο,
3380 4827 3462 4880 ὃτι
3489 4844 3617 4880 τοσ-

1916 4923 2088 4993 αὐτην
2139 4917 2286 4991 εἶχον
2344 4919 2520 4990 ἰσχύν.
2559 4920 2700 4972 Ἀλλ’
2728 4919 2977 4973 ἀκουέτω
3021 4921 3116 4973 τοῦ
3156 4922 3397 4993 Χριστοῦ
3426 4925 3619 4992 λέγον-

1916 5035 2006 5081 τος
2039 5032 2053 5046 ’
2084 5016 2183 5084 Μὴ
2209 5017 2474 5085 χαίρετε,
2501 5016 2591 5070 ὅτι
2615 5016 2687 5070 τὰ
2709 5015 2988 5086 δαιμόνια
3007 5016 3153 5085 ὑμῖν
3174 5013 3614 5073 ὑποξνάσσεται·

1917 5114 2109 5185 ἐπειδὴ
2143 5112 2258 5183 ᾔδει
2290 5112 2504 5175 πάντας
2552 5111 2876 5181 ἀνθρώπους
2919 5112 3156 5182 μάλιστα
3203 5112 3379 5184 τούτῳ
3406 5115 3620 5184 χαίρον-

1917 5228 2015 5274 τας
2048 5211 2139 5264 διά
2160 5207 2491 5273 κενοδοξίαν.
2532 5207 2596 5259 Ei
2622 5206 2730 5275 γάρ
2764 5207 2825 5258 τὸ
2858 5206 2934 5276 τῷ
2972 5206 3093 5277 Θεῷ
3121 5217 3143 5245 ο
3189 5207 3380 5261 δοκοῦν
3434 5208 3620 5280 ζητεῖς

1921 5309 2016 5362 καὶ
2052 5307 2115 5360 τδ
2153 5307 2307 5377 κοινῇ
2359 5303 2664 5376 συμφέρον,
2716 5303 2880 5374 ἑτέρα
2908 5304 3112 5373 μείζων
3152 5305 3301 5358 ἐστὶν
3329 5306 3469 5371 ὁδός.
3502 5304 3620 5361 Οὐκ

1920 5404 2067 5459 ἔστιν
2124 5403 2270 5458 οὕτω
2320 5403 2466 5474 μέγα
2518 5401 2775 5472 δαίμονος
2829 5400 3163 5466 ἀπαλλάξαι,
3221 5404 3298 5467 ὡς
3342 5404 3621 5474 ἁμαρτίας

1921 5500 2229 5570 ἐξελέσθαι.
2257 5499 2485 5570 Δαίμων
2507 5500 2569 5551 οὐ
2596 5498 2798 5551 κωλύει
2830 5498 3110 5568 βασιλείας
3148 5500 3396 5569 οὐρανῶν
3435 5503 3623 5554 ἐπιτυ-

1922 5602 2059 5672 χεῖν,
2091 5597 2228 5652 ἀλλά
2257 5596 2352 5650 καὶ
2385 5596 2732 5667 συμπράττει
2755 5635 2770 5659 ,
2801 5598 2953 5650 ἄκων
2991 5597 3112 5667 μὲν,
3165 5598 3513 5667 συμπράττει
3539 5599 3623 5664 δὲ,

1924 5695 2370 5766 σωφρονέστερον
2406 5692 2498 5747 τδν
2545 5692 2741 5762 ἔχοντα
2787 5691 2958 5745 ποιῶν
2987 5709 3000 5722 ο
3041 5690 3288 5762 ἁμαρτία
3332 5691 3388 5746 δὲ
3419 5693 3622 5748 ἐκϐάλο

1924 5795 2025 5846 λει.

1982 5970 2010 6010 ι,
2034 5949 2172 6000 Idem
2202 5951 2286 6008 τὴν
2328 5949 2610 6013 ἀπὸῤῥητον.
2685 5951 2703 5978 ε
2732 5945 2866 5998 Unus
2891 5947 2980 6009 γάρ
3000 5948 3067 6007 τῷ
3090 5948 3200 6007 Θεῷ
