4072 6406
522 281 621 337 2εὸ

583 390 645 445 δ’.
685 388 823 442 Ἀλλ’
857 387 1114 457 ῖσωςέρεῖ
1136 402 1237 449 τις·
1266 386 1357 456 Μὴ
1374 383 1583 452 γένοιτό
1611 398 1701 453 μοι
1731 381 1972 435 τοιούτου
2000 380 2183 449 τυχεῖν

514 475 918 547 σωφρονισμοῦ.
944 474 1080 528 Οὐδέ
1114 472 1223 542 ἐγὼ
1257 471 1539 543 βούλομαι,
1569 470 1684 524 ἀλλ’
1716 469 1930 539 ἑτέρου,
1960 468 2067 521 ἀπὸ
2088 464 2181 518 τοῦ

518 563 684 619 πόθου
713 562 807 616 τοῦ
834 560 1072 633 Χριστοῦ
1098 561 1275 613 πάντα
1323 561 1517 612 ποιεῖν.
1546 558 1609 611 El
1639 556 1717 620 δέ,
1757 556 1787 609 ὃ
1830 556 1907 627 μὴ
1952 554 2181 623 γένοιτο,

518 650 761 721 συμϐαίη
820 650 915 703 καὶ
949 649 1089 720 ὐπέρ
1116 648 1306 701 τούτου
1340 645 1698 718 παρακαλεῖν.
1733 646 1796 698 El
1827 643 2005 697 τοίνυν
2035 635 2190 704 οὗτος

521 740 621 808 μέν
645 738 746 791 οὐκ
772 737 1046 802 ἐκϐάλλει,
1070 736 1251 806 ἐκείνη
1294 736 1348 789 δὲ
1375 732 1646 798 ἐκϐάλλει,
1695 732 1757 785 τὸ
1778 731 1992 800 ἐκείνης
2016 729 2191 782 ἀπαλ-

516 822 679 887 λάξαι
708 822 952 894 ι..είιζονος
976 821 1310 893 εὐεργεσίας.
1328 820 1538 874 Οὐκοῦν
1568 818 1772 888 ταύτης
1799 816 2193 887 σπουδάζωμεν

517 910 879 964 ἀπαλλάττειν
902 912 1028 973 τοὺς
1048 908 1275 978 πλησίον
1310 907 1403 961 καὶ
1428 907 1536 979 πρὸ
1551 905 1661 960 τῶν
1688 904 2077 974 πλησίονὴμᾶς
2093 903 2194 956 αὐ-

515 997 662 1061 τούς.
692 998 936 1068 Ἰδωμεν,
1075 995 1305 1065 δαίμονα
1336 995 1569 1066 ἔχωμεν·
1593 993 1939 1061 ἐξετάσωμεν
1965 990 2192 1054 ἐαυτούς

517 1083 786 1155 ἀκριϐῶς.
805 1084 1065 1155 Δαίμονος
1080 1080 1460 1153 χαλεπώτερον
1473 1080 1737 1153 ἁμαρτία·
1752 1080 1958 1143 ἐκεῖνος
1973 1078 2072 1148 μὲν
2082 1078 2190 1149 γὰρ

518 1171 804 1233 ταπεινοὺς
843 1172 1006 1224 ποιεῖ.
1045 1171 1115 1223 Ἦ
1140 1169 1239 1241 οὐχ
1264 1170 1430 1241 όράτε
1480 1169 1607 1231 τοὺς
1634 1168 2027 1238 δαιμονῶντας,
2062 1166 2188 1218 ὅταν

518 1257 880 1325 ἀνενέγκωσιν
907 1255 1017 1311 ἀπὸ
1070 1257 1172 1329 τῆς
1204 1255 1386 1324 νόσου,
1422 1255 1540 1320 πῶς
1577 1250 1683 1308 είσι
1733 1254 2019 1323 κατηφεῖς,
2072 1251 2189 1317 πῶς

520 1346 875 1419 σκυθρωποί;
907 1346 1026 1409 πῶς
1057 1346 1322 1417 αἰσχύνης
1353 1346 1421 1400 τὰ
1463 1346 1730 1416 πρόσωπα
1776 1346 1959 1400 αὐτῶν
1986 1346 2184 1417 γέμει;

519 1434 637 1499 πῶς
685 1435 807 1490 οὐδὲ
865 1434 1186 1503 ἀντιϐλέψαι
1238 1431 1545 1504 τολμῶσιν;
1606 1433 1747 1503 Ὀρα
1798 1432 1895 1504 τὴν
1937 1434 2187 1489 ἀτοπίαν·

519 1522 719 1576 ἐκεῖνοι
749 1524 847 1593 μὲν
875 1522 1015 1593 ὑπὲρ
1045 1514 1121 1575 ὧν
1173 1521 1477 1590 πάσχουσιν
1525 1520 1892 1591 αἰσχύνονται,
1925 1521 2084 1591 ἡμεῖς
2133 1520 2191 1575 δέ

520 1608 659 1679 ὑπὲρ
690 1602 765 1662 ὧν
786 1608 1099 1679 πράττομεν
1117 1607 1218 1661 οὐκ
1250 1606 1639 1677 αἰσχυνόμεθα·
1672 1610 1869 1663 ἐκεῖνοι
1896 1606 2189 1678 ἀδικούμε-

519 1714 599 1749 νοι
633 1694 932 1761 αἰδοῦνται,
964 1697 1125 1766 ἡμεῖς
1173 1693 1487 1757 ἀδικοῦντες
1524 1695 1625 1747 οὐκ
1651 1694 1967 1764 αἰδούμεθα·
2015 1695 2191 1749 καίτοι

518 1785 587 1836 τὰ
615 1782 838 1836 ἐκείνων
893 1783 994 1835 οὐκ
1047 1780 1311 1851 αίσχύνης
1341 1780 1488 1845 ἀξια,
1522 1781 1639 1835 ἀλλ’
1673 1781 1825 1835 ἐλέου
1860 1782 1952 1835 καί
2002 1783 2190 1851 φιλαν-

522 1870 768 1941 θρωπίας
801 1870 896 1923 καὶ
924 1868 1271 1938 συγγνώμης,
1310 1868 1404 1921 καὶ
1426 1868 1618 1921 πολλοῦ
1648 1868 1741 1922 τοῦ
1773 1867 2046 1939 θαύματος
2077 1870 2192 1923 ικαί

524 1957 733 2025 μυρίων
764 1956 873 2009 τῶν
917 1954 1174 2020 ἐπαίνων,
1212 1955 1342 2008 ὅταν
1399 1955 1493 2008 καὶ
1521 1954 1747 2025 τοιούτῳ
1793 1957 2187 2021 προσπαλαίον-

520 2060 609 2107 τες
656 2043 891 2114 δαίμονι,
946 2042 1126 2096 πάντα
1168 2042 1510 2113 εὐχαρίστως
1561 2043 1791 2113 φέρωσι·
1849 2044 1918 2098 τά
1964 2044 2022 2098 δὲ
2057 2045 2194 2116 ἠμέ-

521 2147 654 2202 τερα
682 2131 914 2199 γέλωτος
963 2130 1155 2196 ὅντως,
1190 2131 1471 2201 αἰσχύνης,
1503 2132 1858 2202 κατηγορίας,
1899 2132 2195 2197 κολάσεως,

522 2218 812 2287 τιμωρίας,
845 2216 955 2271 τῶν
995 2218 1239 2288 ἐσχάτων
1278 2218 1463 2271 κακῶν
1491 2218 1586 2271 καὶ
1628 2218 1872 2289 γεέννης,
1904 2219 2019 2273 ἀλλ’
2050 2221 2195 2274 οὐδε-

523 2305 657 2375 μιᾶς
698 2303 847 2376 [514]
898 2304 1026 2369 ἀξια
1081 2304 1430 2375 συγγνώμης.
1472 2305 1656 2375 Ὁρᾷς,
1693 2306 1773 2357 ὃτι
1819 2306 2197 2378 χαλεπώτερον

525 2392 777 2461 δαίμο·.ος
810 2391 1089 2462 ἀμαρτία;
1147 2392 1258 2444 Καὶ
1308 2394 1506 2445 ἐκεῖνοι
1558 2394 1656 2465 μὲν
1707 2392 1767 2457 ἐξ
1796 2388 1870 2449 ὧν
1928 2396 2198 2465 πάσχουσι

527 2479 712 2536 κακῶς
743 2492 791 2543 α,
824 2479 1171 2550 κερδαίνουσι
1200 2480 1390 2552 κέρδος
1415 2480 1655 2535 διπλοῦν·
1690 2481 1748 2536 ἒν
1772 2483 1871 2553 μὲν
1900 2482 1960 2535 τὸ
1983 2500 2198 2555 σωφρο-

525 2566 765 2630 νίζεσθαι
809 2568 901 2621 καὶ
939 2566 1364 2639 φιλοσοφώτεροι
1419 2562 1583 2635 εἶναι,
1625 2568 1878 2643 δεύτερον
1922 2570 1978 2625 δὲ
2005 2570 2065 2624 τὸ
2101 2571 2201 2642 τὴν

529 2654 747 2706 κόλασιν
802 2653 1040 2710 ἐνταῦθα
1089 2656 1196 2709 τῶν
1255 2656 1470 2709 οἰκείων
1527 2656 1938 2730 ἁμαρτημάτων
1996 2659 2199 2722 δόντες,

529 2740 757 2811 καθαροί
810 2742 945 2813 πρὸς
977 2742 1069 2795 τὸν
1120 2742 1398 2814 Δεσπότην
1428 2744 1705 2800 ἀπελθεῖν.
1761 2746 1873 2801 Καὶ
1903 2745 2011 2818 γάρ
2059 2747 2200 2818 ὑπὲρ

528 2827 720 2882 τούτου
775 2828 1130 2901 διελέχθημεν
1197 2830 1479 2897 πολλάκις,
1535 2832 1628 2885 καὶ
1677 2832 1961 2904 ἐδείξαμεν
2013 2835 2062 2902 δ,
2118 2835 2200 2888 ὅτι

527 2918 651 2982 τοὺς
699 2918 935 2972 ἐνταῦθα
970 2920 1385 2991 κολαζομένους,
1445 2920 1511 2973 ἂν
1560 2921 1916 2993 εὐγνωμόνως
1971 2924 2197 2994 φέρωσι,

532 3003 700 3058 πολλά
748 3006 858 3059 τῶν
893 3008 1313 3078 ἁμαρτημάτων
1353 3007 1707 3062 ἀποτίθεσθαι
1757 3010 1923 3073 εἰκός.
1962 3011 2096 3063 Ἀπὸ
2144 3011 2202 3065 δέ

530 3092 639 3146 τῶν
683 3094 1098 3165 ἁμαρτημάτων
1142 3095 1306 3147 διπλᾶ
1355 3094 1424 3147 τά
1464 3095 1633 3159 δεινὰ,
1680 3095 1737 3148 ἓν
1771 3097 1869 3166 μὲν
1896 3098 1977 3150 ὅτι
2030 3116 2202 3170 προσ·

531 3181 822 3251 κρούομεν,
863 3183 1047 3252 ἕτερον
1102 3181 1159 3235 δέ
1194 3183 1274 3235 ὅτι
1318 3182 1531 3254 χείρους
1570 3182 1853 3253 γινόμεθα.
1898 3186 2202 3257 Προσέχετε

529 3261 575 3335 ᾧ
614 3270 779 3337 λέγω.
833 3270 908 3322 Οὐ
944 3270 1100 3323 τοῦτο
1157 3270 1316 3339 μόνον
1359 3269 1692 3341 ἀδικούμεθα
1724 3272 1833 3324 ἀπὸ
1873 3272 1974 3342 τῆς
2023 3275 2203 3347 ἀμαρ-

531 3356 674 3421 τίας,
708 3357 789 3409 ὅτι
836 3357 1245 3427 ἁμαρτάνομεν,
1282 3356 1421 3409 ἀλλά
1448 3359 1545 3411 καὶ
1591 3357 1803 3430 ἕτερον,
1847 3360 1929 3413 ὅτι
1975 3360 2087 3425 ἓξιν
2116 3363 2203 3415 δέ-

532 3445 744 3515 χεταιή
779 3443 945 3516 ψυχὴ.
975 3439 1087 3498 οἷον
1135 3444 1211 3509 ὼς
1250 3445 1341 3498 ἐπὶ
1386 3444 1658 3516 σώματος·
1712 3448 2046 3520 σαφέστερον
2098 3452 2206 3524 γάρ

532 3530 687 3585 ἔσται
730 3533 823 3585 ἐπὶ
875 3531 1273 3603 ὑποδείγματος
1318 3531 1633 3603 λεγόμενον.
1683 3534 1956 3607 Καθάπερ
2017 3536 2126 3609 γάρ
2180 3542 2209 3593 ό

533 3618 773 3692 πυρέξας
798 3619 859 3673 οὐ
903 3619 1062 3674 τοῦτο
1110 3619 1269 3689 μόνον
1303 3619 1583 3690 ἠδίκηται,
1620 3622 1703 3675 ὅτι
1757 3626 1924 3689 νοσεῖ,
1960 3625 2075 3678 ἀλλ’
2125 3628 2207 3680 ὅτι

537 3705 681 3775 μετά
700 3706 796 3776 τὴν
846 3706 1000 3759 νόσον
1039 3706 1427 3777 ἀσθενέστερος
1474 3707 1686 3774 γίνεται
1730 3708 1937 3775 λοιπὸν,
1973 3710 2080 3764 κᾶν
2130 3713 2210 3775 εἰς

537 3793 731 3861 ὑγείαν
777 3792 1061 3847 ἐπανέλθοι
1092 3793 1199 3847 ἀπὸ
1226 3794 1381 3846 νὸσου
1418 3796 1657 3865 μακράς·
1690 3794 1834 3849 οὓτω
1866 3796 1928 3868 δὴ
1982 3797 2075 3850 καί
2120 3799 2211 3852 ἐπὶ

537 3881 634 3949 τῆς
686 3880 984 3951 ἁμαρτίας,
1029 3879 1133 3934 κᾶν
1183 3880 1539 3952 ὐγιαίνωμεν,
1590 3881 1671 3935 ἔτι
1726 3882 1932 3953 πολλῆς
1980 3883 2210 3955 δεόμεθα

536 3970 637 4037 τῆς
671 3967 874 4039 ἰσχύος.
926 3968 1035 4022 Ἴδε
1074 3969 1182 4039 γάρ
1215 3985 1310 4038 μοι
1341 3969 1640 4041 ὐϐρίσαντά
1670 3988 1813 4039 τινα,
1862 3972 1957 4026 καὶ
2000 3974 2075 4045 μὴ
2126 3994 2211 4030 τισ-

542 4058 886 4127 μωρηθέντα·
946 4057 1008 4110 οὐ
1047 4057 1136 4110 διὰ
1173 4057 1332 4111 τοῦτο
1384 4059 1543 4126 μόνον
1576 4059 1858 4131 δακρύειν,
1892 4062 1973 4116 ὅτι
2020 4064 2081 4117 οὐ
2112 4066 2210 4135 τῆς

544 4143 754 4213 ὕϐρεως
783 4142 941 4215 δίκην
1000 4144 1258 4211 δίδωσιν,
1304 4145 1441 4199 ἀλλά
1493 4146 1587 4200 καὶ
1632 4147 1698 4201 δι’
1759 4150 1946 4220 ἕτερον
1994 4151 2211 4205 πενθεῖν

541 4229 710 4294 ἄξιον.
768 4231 927 4283 Ποῖον
977 4230 1043 4303 δὴ
1088 4230 1277 4297 τοῦτο;
1331 4233 1453 4286 Ὀτι
1506 4235 1969 4307 ἀναισχυντοτέρα
2018 4236 2209 4305 γέγονε

539 4316 726 4370 λοιπὸν
755 4317 788 4387 ή
823 4317 994 4389 ψυχή.
1037 4317 1301 4371 Ἑκάστου
1334 4320 1441 4389 γάρ
1484 4320 1591 4373 τῶν
1625 4322 2063 4394 ἁμαρτημάτων,
2120 4328 2213 4379 καὶ

540 4406 641 4477 τῆς
693 4407 971 4479 ἁμαρτίας
1008 4407 1369 4477 ἐργασθείσης
1416 4408 1512 4461 καὶ
1540 4411 1919 4482 παυσαμένης,
1967 4413 2216 4468 ἐναποτί-

538 4493 693 4547 θεταί
741 4512 825 4559 τις
862 4496 1019 4567 ἡμῶν
1074 4496 1153 4559 ἰὸς
1202 4498 1269 4567 τῇ
1295 4494 1463 4566 ψυχῇ.
1518 4496 1632 4549 Οὐκ
1678 4498 1896 4562 ἀκούεις
1948 4499 2214 4569 λεγόντων

542 4582 725 4644 τινῶν,
776 4584 902 4639 ὅταν
955 4586 1020 4638 ἐκ
1074 4585 1230 4639 νόσου
1274 4585 1609 4657 ὑγιάνωσινκ
1642 4586 1723 4639 ὅτι
1758 4589 1870 4641 Οὐκ
1916 4588 1997 4643 ἔτι
2032 4591 2216 4663 τολμῶ

544 4670 691 4741 ὕδωρ
724 4673 900 4737 πιεῖν;
934 4672 1112 4724 καίτοι
1162 4689 1226 4741 γε
1276 4672 1513 4741 ὐγίανεν·
1566 4672 1680 4727 ἀλλ’
1711 4677 1744 4745 ὴ
1788 4676 1942 4739 νόσος
1973 4678 2067 4731 καὶ
2093 4678 2214 4731 τοῦ⁴

544 4776 605 4812 το
660 4759 905 4830 ἠδίκησε.
960 4760 1217 4813 Κάκεῖνοι
1280 4762 1377 4831 μὲν
1429 4761 1613 4826 κακῶς
1666 4764 1991 4834 πάσχοντες,
2050 4769 2215 4839 εὐχα-

546 4847 842 4917 ριστοῦσιν·
882 4850 1046 4918 ἡμεῖς
1092 4849 1148 4902 δέ
1182 4845 1241 4902 εὐ
1272 4848 1625 4919 πράττοντες,
1658 4852 2083 4927 βλασφημοῦμεν
2124 4858 2216 4912 τὸν

544 4936 699 5000 Θεὸν,
729 4937 822 4990 καὶ
856 4937 1359 5009 ἀποδυσπετοῦμεν·
1403 4938 1655 5003 πλείονας
1686 4940 1794 5012 γάρ
1840 4941 2020 5013 εὕροις
2051 4946 2118 4998 ἂν
2159 4948 2216 4999 ἐν

545 5024 704 5095 ὐγεία
761 5026 856 5077 καὶ
908 5024 1121 5096 πλούτῳ
1163 5026 1319 5081 τοῦτο
1369 5027 1678 5092 ποιοῦντας,
1743 5028 1775 5100 ἢ
1820 5032 1878 5082 ἐν
1929 5033 2089 5104 πενίᾳ
2124 5036 2216 5087 καὶ

546 5112 847 5183 ἀρρωστίᾳ.
913 5107 1213 5185 Ἐφέστηκε
1240 5114 1347 5187 γάρ
1377 5119 1406 5169 δ
1451 5116 1658 5188 δαίμων
1704 5118 1780 5181 ῶς
1809 5118 1999 5189 δήμιος
2048 5122 2217 5185 δντως

550 5198 779 5269 σφοδρὸς
828 5200 1067 5254 ἀπειλῶν
1118 5202 1309 5266 πολλὰ,
1358 5204 1607 5275 καθάπερ
1657 5215 1679 5244 ο
1734 5223 1818 5269 τις
1872 5208 2219 5277 παιδαγωγὸς

548 5290 639 5343 τὸν
699 5291 897 5360 ἱμάντα
950 5292 1246 5346 ἀνατείνων
1279 5331 1294 5357 ,
1362 5295 1456 5347 καὶ
1526 5295 1823 5365 οὐδαμόθεν
1882 5297 2218 5369 ἀναχυθῆναι

547 5378 748 5445 ἀφιείς.
788 5378 849 5431 Εἰ
886 5378 940 5431 δέ
963 5396 1109 5444 τινες
1137 5379 1259 5450 μηδ’
1297 5379 1441 5434 οὐτω
1474 5384 1711 5452 νήφοιεν,
1764 5384 1878 5437 ἀλλ’
1930 5381 2024 5439 οὖν
2083 5388 2220 5439 ἐκεῖ-

550 5482 627 5517 νοι
653 5465 857 5521 διδόασι
884 5465 911 5504 ἀ
949 5466 1123 5535 δίκην.
1161 5469 1234 5520 Οὐ
1282 5470 1477 5541 μικρὸν
1508 5470 1565 5522 δέ
1598 5474 1690 5524 καὶ
1736 5472 1909 5527 τοῦτο·
1965 5474 2218 5546 καθάπερ

550 5552 658 5621 γὰρ
715 5553 765 5604 οἱ
804 5553 1001 5622 μωροὶ,
1065 5552 1312 5626 καθάπερ
1371 5557 1419 5608 οἰ
1479 5557 1817 5627 μαινόμενοι,
1881 5560 2135 5631 καθάπερ
2169 5565 2217 5616 οἰ

612 5698 629 5721 ³
657 5701 905 5774 Πάσχσυσι
928 5701 1256 5774 κακῶςπᾷρεει
1274 5706 1343 5774 _In_
1388 5720 1488 5774 uno_
1509 5708 1714 5774 podice.
1804 5730 1832 5769 ι,
1852 5711 1945 5774 Καὶ
1976 5712 2214 5774 ἐδείξαμεν

549 5761 898 5834 t‘i‘eesUn-hnp.
987 5767 1009 5794 ε
1036 5766 1131 5834 Ali}
1175 5766 1566 5834 σφοδρὸς-πολλά
1591 5773 1759 5834 ,λέγων
1796 5761 2025 5834 καθάπερ.
2081 5761 2211 5821 ἰΓΙιει

554 5825 784 5895 ιῖςηηπιεΙ.
811 5831 864 5872 ει
884 5838 1008 5895 υῃυε
1041 5826 1146 5895 eqd:
1173 5840 1185 5886 ;
1220 5825 1429 5895 110011.,
1456 5838 1562 5892 post
1586 5825 1757 5892 Saﬂl.,
1788 5834 1839 5880 Εἰ
1864 5836 1914 5882 δέ
1934 5825 2055 5889 τινες
2103 5836 2212 5895 μηδ’

554 5886 676 5933 οὑτω
695 5886 823 5948 νήφ.,
852 5886 957 5935 οὐδὲ
984 5889 1054 5935 ἐκ.
1080 5888 1306 5937 δώσουσι.
1340 5886 1474 5941 Emi.

1292 272 1352 329 S.
1398 269 1681 329 JOANNIS
1722 262 2215 325 CIIRYSOSTOMI
2256 260 2583 323 ARCHIEP.
2631 265 3180 324 CONSTANTINOP.
3864 263 3993 324 τοι

2292 378 2477 443 παῖδες
2509 381 2608 433 οὐκ
2659 380 3015 434 ἀπαιτοῦνται
3078 380 3337 443 εὐθύνας,
3394 378 3567 443 οὕτως
3613 380 3733 433 οὐδὲ
3794 374 3993 434 οὗτοι·

2289 466 2397 518 τῶν
2429 468 2537 535 γὰρ
2593 468 2694 521 οὐκ
2753 468 2812 520 ἐν
2867 467 3068 533 γνώσει
3121 466 3514 536 πραττομένων
3559 467 3737 531 οὐδεὶς
3772 465 3998 527 οὕτως

2291 554 2459 623 ὠμὸς,
2501 553 2641 608 ὥστε
2694 556 2998 627 ἀπαιτῆσαι
3042 556 3198 626 δίκην
3246 555 3397 609 ποτέ.
3434 556 3576 625 Ἀρα
3630 553 3814 625 πολλῷ
3865 554 4002 606 τῶν

2292 642 2673 712 δαιμονῶντων
2696 645 2878 715 χεῖρον
2907 643 3229 713 διακείμεθα
3257 646 3306 697 οί
3350 644 3775 715 ἁμαρτάνοντες.
3828 642 4001 696 Ἀλλ’

2292 731 2489 784 ὅτιού)ι
2522 730 2848 801 ἀφρίζομεν,
2875 730 2999 784 οὐδέ
3041 732 3437 803 διαστρέφομεν
3481 732 3580 796 τὰς
3631 731 3825 803 κόρας,
3850 732 4003 784 οὐδὲ

2292 816 2388 881 τάς
2418 820 2634 889 χεῖρας;
2668 817 2793 873 Είθε
2823 820 2880 871 ἐν
2906 818 2983 890 τῷ
3022 817 3233 889 σώματι
3288 819 3448 873 τοῦτό
3478 820 3849 891 ἐπράττομεν,
3881 820 4005 872 καὶ

2295 908 2371 977 μὴ
2396 909 2453 959 ἐν
2481 910 2546 980 τῇ
2577 908 2742 979 ψυχῇ.
2762 908 2951 962 Βούλει
2978 925 3060 962 σοι
3084 906 3242 973 δείξω
3268 907 3447 978 ψυχὴν
3471 908 3811 979 ἀφρίζουσαν
3834 909 3999 961 ἀκά-

2293 994 2510 1065 θαρτον,
2552 995 2646 1050 καὶ
2676 996 3007 1068 διαστροφὴν
3040 996 3304 1068 ὀμμάτων
3347 996 3629 1062 διανοίας;
3684 996 4000 1067 Ἐννόησον

2290 1083 2415 1146 τοὺς
2434 1080 2819 1155 ὀργιζομένους
2856 1084 2950 1137 καί
2991 1082 3289 1155 μεθύοντας
3320 1082 3427 1135 ὐπύ
3448 1081 3542 1136 τοῦ
3578 1080 3772 1153 θυμοῦ,
3800 1083 3999 1135 πόσου

2290 1172 2468 1243 ἀφροῦ
2516 1174 2616 1226 οὐκ
2653 1172 3068 1244 ἀκαθαρτότερα
3107 1172 3429 1227 ἐκϐάλλουσι
3472 1172 3721 1242 ρήματας
3761 1173 4001 1234 Ὄντως

2290 1258 2480 1332 ὥσπερ
2511 1260 2719 1331 δυσώδη
2754 1260 2926 1314 σίελον
2949 1259 3335 1325 ἀποϐλύζουσι.
3359 1259 3471 1313 Καὶ
3495 1258 3748 1329 καθάπερ
3771 1259 4001 1311 ἐκεῖνοι

2290 1348 2483 1401 οὐδένα
2518 1349 2666 1402 ίσαοι
2688 1348 2796 1403 τῶν
2831 1347 3136 1419 παρόντων,
3180 1346 3354 1410 οὕτως
3382 1346 3507 1400 οὐδὲ
3560 1340 3728 1399 οὗτοι.
3782 1347 3999 1399 220311-

2295 1435 2519 1506 σθείσης
2546 1436 2656 1509 γάρ
2681 1437 2865 1500 αὐτοῖς
2893 1436 2993 1508 τῆς
3014 1434 3252 1498 διανοίας
3281 1435 3374 1487 καὶ
3392 1434 3842 1505 διαστραφέντων
3868 1434 3999 1487 τῶν

2292 1523 2607 1596 ὀφθαλμῶν,
2632 1526 2693 1578 οὐ
2726 1525 2899 1593 φίλον.
2939 1524 3051 1577 οὐκ
3105 1522 3318 1594 ἐχθρδν,
3371 1522 3471 1576 οὐκ
3519 1522 3823 1592 αἰδέσιμον,
3875 1522 4000 1575 οὐκ

2294 1612 2790 1685 εὐκαταφρόνητον,
2822 1611 2956 1666 ἀλλά
2995 1612 3203 1675 πάντας
3229 1611 3416 1674 ἁπλῶς
3446 1610 3667 1682 δρῶσιν.
3706 1610 3821 1681 Οὐχ
3842 1612 3999 1681 ὁρᾷς

2293 1700 2489 1763 αὐτοὺς
2522 1702 2617 1754 καὶ
2645 1701 2942 1773 τρέμοντας
2994 1698 3150 1772 [515]
3200 1698 3453 1769 καθάπερ
3483 1697 3759 1763 ἐκείνους;
3834 1697 3999 1749 Ἀλλ’

2293 1788 2353 1840 οὐ
2387 1788 2645 1841 πίπτουσι
2675 1788 2887 1858 χαμαί;
2933 1787 3092 1841 Ἀλλά
3124 1788 3157 1857 ὴ
3185 1786 3333 1858 ψυχὴ
3386 1785 3566 1839 αὐτῶν
3598 1785 3773 1856 χαμαὶ
3798 1788 4001 1838 κεῖται

2294 1875 2388 1928 καὶ
2420 1875 2607 1928 πίπτει
2650 1875 2976 1946 σπαίρουσα·
3011 1876 3060 1927 εἰ
3106 1874 3214 1945 γάρ
3255 1872 3393 1945 ὀρθὴ
3443 1874 3709 1945 εἱστήκει,
3753 1874 3859 1927 οὐκ
3918 1874 4001 1928 ἂν

2296 1962 2500 2015 ἔπαθεν
2530 1965 2711 2017 ἐκεῖνα
2740 1961 2882 2034 ἀπερ
2909 1961 3131 2017 ἔπαθεν.
3169 1962 3239 2015 Ἢ
3270 1962 3331 2014 οὐ
3361 1961 3507 2015 δοκεῖ
3534 1979 3613 2015 σοι
3636 1960 4005 2032 καταϐεϐλη-

2300 2052 2471 2122 μένης
2530 2047 2666 2105 εἶναι
2709 2051 2911 2123 ψυχῆς,
2960 2052 3054 2105 καὶ
3100 2049 3200 2122 τὴν
3236 2049 3443 2105 οἰκείαν
3484 2050 3646 2120 νῆψιν
3693 2050 4001 2103 ἀπολωλε-

2299 2139 2457 2203 κυίας
2484 2150 2531 2203 θ,
2564 2140 2659 2193 καί⁵
2694 2139 2730 2193 ἀ
2762 2139 2972 2192 ποιοῦσι
2997 2139 3091 2192 καὶ
3123 2138 3337 2207 λέγουσι
3363 2138 3653 2208 μεθύοντες
3680 2138 3758 2209 τῷ
3778 2138 3955 2209 θυμῷ
3980 2158 3997 2204 ;

2304 2226 2461 2279 Ἔστι
2490 2243 2541 2279 τι
2570 2227 2663 2278 καὶ
2691 2226 2876 2297 ἕτερον
2910 2226 3108 2297 μανίας
3158 2221 3296 2290 εἶδος
3330 2224 3520 2279 τούτου
3569 2225 3996 2296 χαλεπώτερον.

2301 2314 2459 2367 Ποῖον
2490 2312 2554 2385 δὴ
2572 2303 2769 2381 τοῦτοξ
2802 2314 2972 2366 ὀταν
3004 2314 3140 2385 μηδέ
3170 2315 3390 2383 ἀφεῖναι
3416 2314 3517 2384 τὴν
3543 2312 3712 2385 ὀργὴν
3746 2313 4001 2383 ἀνέχωνο

2300 2419 2409 2466 ται,
2442 2402 2578 2457 ἀλλά
2597 2402 2838 2474 τρέφωσι
2865 2403 2995 2474 παρ’
3027 2403 3241 2466 ἐαυτοῖς
3272 2402 3547 2456 οίκειακδν
3583 2401 3839 2473 καθάπερ
3862 2401 4004 2454 τινὰ

2299 2490 2491 2562 δήμιον
2523 2490 2623 2562 τὴν
2650 2490 3037 2561 μνησικακίαν.
3063 2490 3271 2553 Αὐτοὺς
3298 2490 3407 2561 γὰρ
3435 2487 3687 2561 πρώτους
3714 2478 4001 2543 ἀδπόλλυσι

2302 2580 2360 2632 τὸ
2392 2580 2753 2650 μνησικακεῖν
2774 2577 3023 2632 ἐντεῦθεν
3070 2578 3195 2650 ἤδη,
3232 2578 3319 2631 ἵνα
3369 2578 3439 2633 τά
3475 2576 3739 2648 μέλλοντα
3792 2578 3997 2649 παρῶ.

2305 2666 2483 2737 Πόσην
2512 2668 2622 2739 γὰρ
2648 2666 2751 2721 οίει
2806 2666 3039 2738 βάσανον
3086 2662 3225 2721 εἶναι
3283 2665 3555 2739 ἀνθρώπῳ
3606 2666 4003 2738 πεπληγμένῳ

2302 2754 2399 2825 τὴν
2427 2754 2625 2827 ψυχὴν,
2659 2754 2783 2809 καθ’
2825 2755 3062 2825 ἑκάστην
3095 2755 3309 2827 ἡμέραν
3348 2755 3638 2809 σκοποῦντι
3663 2755 3813 2819 ὅπως
3836 2756 4001 2826 ἀμύ-

2300 2858 2460 2912 νηται
2491 2842 2583 2897 τὸν
2613 2842 2838 2915 ἐχθρόν;
2875 2843 3144 2915 Πρότερον
3172 2844 3364 2896 ἑαυτὸν
3389 2842 3608 2908 κολάζει
3655 2842 3684 2895 ό
3714 2843 3998 2909 τοιοῦτος,

2302 2930 2399 2984 καὶ
2428 2936 2753 3003 τιμωρεῖται
2780 2933 3049 3000 οἰδαίνων,
3076 2934 3211 3004 πρὸς
3234 2933 3423 2987 ἑαυτὸν
3456 2934 3784 3005 μαχόμενος,
3810 2934 4003 3005 ἐμπυ-

2305 3016 2608 3089 ριζὸμενος.
2655 3020 2897 3089 Ἀνάγκη
2929 3020 3037 3091 γάρ
3069 3020 3364 3085 διαπαντὸς
3408 3021 3659 3076 καίεσθαι
3716 3023 3873 3094 παρά
3908 3026 4002 3075 σοὶ

2304 3104 2366 3157 τὸ
2401 3103 2531 3175 πῦρ·
2566 3102 2661 3157 κα)⁸
2713 3103 2803 3157 τὸν
2836 3104 3071 3176 πυρετὸν
3123 3107 3216 3159 ἐπὶ
3245 3106 3499 3160 τοσοῦτον
3550 3108 3835 3174 ἐκτείνων,
3888 3109 4001 3162 οὐκ

2303 3192 2472 3262 ἀφίης
2506 3192 2893 3265 παρακμάσαι,
2930 3193 3026 3249 καὶ
3054 3192 3294 3264 νομίζεις
3354 3194 3546 3265 ἐκείνῳ
3573 3194 3772 3249 διδόναι
3800 3214 3855 3250 τι
3887 3215 4000 3250 κα-

2304 3281 2419 3349 κὸν,
2453 3281 2615 3345 αὐτὸς
2647 3282 2704 3334 δὲ
2764 3282 2991 3336 σεαυτὸν
3047 3282 3260 3353 τήκεις,
3305 3283 3604 3347 διαπαντὸς
3652 3283 3751 3354 τὴν
3808 3285 4001 3353 φλόγα

2304 3370 2663 3441 ἀκμάζουσαν
2696 3372 2899 3443 φέρων,
2930 3372 3024 3425 καὶ
3052 3371 3522 3443 διαναπαύσασθαι
3554 3372 3655 3444 τὴν
3679 3372 3861 3445 ψυχὴν
3890 3376 4003 3427 οὐκ

2306 3460 2432 3522 ἐῶν,
2468 3460 2583 3513 ἀλλ’
2612 3461 3038 3533 έκθηριούμενος
3063 3461 3170 3527 ἀεὶ,
3205 3460 3380 3516 καὶέν
3406 3464 3616 3533 ταραχῇ
3651 3461 3746 3515 καὶ
3794 3464 3856 3518 ἐν
3882 3480 3999 3534 χει-

2311 3546 2449 3616 μῶνι
2467 3547 2558 3601 τὸν
2585 3548 2845 3619 λογισμὸν
2882 3548 3041 3619 ἔχων.

2379 3642 2437 3689 ε’.
2471 3637 2536 3688 Τί
2560 3637 2764 3708 ταύτης
2793 3636 3173 3708 χαλεπώτερον
3205 3639 3305 3709 τῆς
3336 3637 3551 3709 μανίας,
3577 3638 3873 3701 διαπαντὸς
3905 3638 4000 3690 λυ-

2310 3722 2531 3776 πεῖσθαι
2560 3724 2654 3777 καὶ
2685 3724 2845 3778 οἰδεῖν
2875 3724 2971 3777 καὶ
3018 3725 3411 3794 φλεγμαίνειν;
3461 3725 3720 3778 Τοιαῦται
3772 3725 3899 3795 γάρΔ
3945 3728 4000 3779 αἱ

2309 3810 2418 3865 τῶν
2458 3810 2814 3881 μνησικάκων
2844 3812 3036 3883 ψυχαί·
3090 3811 3219 3865 ἔνθα
3255 3812 3322 3865 ἂν
3376 3813 3561 3865 ἴδωσιν
3586 3812 3644 3865 δν
3705 3812 4000 3882 βούλονται

2308 3898 2643 3969 ἀμύνασθαι,
2696 3900 2899 3964 εὐθέως
2950 3901 3290 3972 ἐπλήγησαν·
3331 3902 3397 3955 ἂν
3451 3902 3635 3973 φωνῆς
3688 3901 3999 3967 ἀκούσωσι,

2309 3987 2634 4051 κατέπεσον,
2666 3988 2980 4059 τρέμουσιν·
3008 3987 3076 4043 ἂν
3106 3991 3199 4042 ἐπὶ
3231 3989 3421 4060 κλίνης
3472 3983 3596 4054 ὦσι,
3635 3991 3835 4061 μυρίας
3865 3993 4003 4044 ἑαυ-

2308 4078 2420 4138 τοῖς
2452 4075 2833 4146 ὐπογράφουσι
2860 4077 3154 4147 τιμωρίας,
3183 4077 3545 4147 ἀναρτῶντες,
3606 4076 4001 4147 βασανίζοντες

2313 4165 2525 4216 ἐκεῖνον
2549 4164 2641 4218 τὸν
2692 4164 2909 4235 ἐχθρόν·
2952 4166 3088 4236 πρὸς
3121 4166 3179 4219 δέ
3236 4166 3469 4230 τούτοις,
3530 4164 3596 4220 ἂν
3644 4167 3740 4221 καὶ
3783 4167 4003 4221 εὐδοκιο

2316 4251 2522 4322 μοῦντα
2579 4252 2753 4317 ίδωσι,
2792 4250 2954 4321 βαϐαὶ
3003 4254 3103 4323 τῆς
3156 4254 3459 4324 τιμωρίαςί
3498 4256 3669 4321 ’Ᾱφες
3726 4256 3884 4327 αὐτῷ
3942 4256 4002 4307 τὸ

2314 4341 2639 4411 ἁμάρτημα,
2668 4341 2763 4393 καί
2788 4340 3097 4407 ἀπάλλαξον
3129 4341 3321 4395 σαυτὸν
3382 4341 3481 4411 τῆς
3514 4342 3772 4413 βασάνου.
3796 4344 3866 4395 Τί
3904 4344 4002 4415 μέ-

2313 4446 2421 4490 νεις
2444 4427 2735 4492 διαπαντὸς
2776 4428 3156 4499 κολαζόμενος,
3189 4430 3274 4484 ἵνα
3310 4430 3518 4485 ἐκεῖνον
3551 4430 3699 4498 ἀπαξ
3758 4431 4003 4504 κολάσῃς

2315 4519 2412 4571 καὶ
2438 4519 2771 4591 τιμωρήσῃ;
2807 4518 2857 4572 τί
2900 4518 3332 4583 κατασκευάζεις
3364 4518 3581 4572 έκτικὸν
3612 4518 3795 4589 σαυτῷ
3832 4522 4003 4589 νόση-

2318 4620 2396 4673 μα
2435 4602 2454 4641 ί
2486 4619 2500 4669 ;
2546 4604 2597 4657 τί
2634 4604 2955 4675 βουλόμενον
2976 4604 3362 4673 ἀπαλλαγῆναί
3403 4621 3495 4657 σου
3523 4605 3611 4657 τὸν
3642 4606 3815 4676 θυμὸν
3864 4623 3996 4660 κατ-

2318 4691 2494 4761 έχει;;
2536 4692 2689 4762 Μηδέ
2727 4692 2917 4763 μέχρις
2947 4692 3186 4762 ἑσπέρας
3212 4692 3445 4763 μενέτω,
3474 4693 3636 4763 φησὶν
3680 4696 3709 4747 ό
3762 4695 3995 4757 Παῦλος.

2320 4780 2587 4852 Καθάπερ
2633 4779 2742 4851 γάρ
2788 4777 3032 4851 τηκεδών
3062 4797 3147 4844 τις
3192 4780 3286 4833 καὶ
3317 4780 3436 4852 σὴς,
3496 4780 3641 4835 οὕτω
3692 4782 3793 4854 τὴν
3841 4784 3999 4854 ῥίζαν

2318 4868 2419 4938 τῆς
2449 4869 2727 4939 ἡμετέρας
2772 4867 3062 4939 διατρώγει
3123 4869 3381 4931 διανοίας.
3436 4869 3502 4922 Τί
3553 4868 3741 4940 θηρίον
3799 4873 3993 4925 ἐναπο·

2320 4956 2519 5021 κλείεις
2544 4958 2625 5020 εἰς
2654 4957 2721 5011 τὰ
2751 4956 3036 5026 σπλάγχνα
3058 4958 3128 5011 τά
3160 4958 3261 5026 σά;
3296 4958 3517 5011 Βέλτιον
3548 4958 3671 5027 ὅφιν
3705 4960 3736 5031 ἢ
3762 4960 3883 5031 ἔχιν
3909 4963 3997 5027 t7-

2322 5044 2532 5098 κεῖσθαι
2560 5047 2628 5115 τῇ
2654 5044 2875 5116 καρδίᾳ,
2925 5044 2959 5115 ἢ
3018 5044 3184 5116 θυμὸν
3221 5048 3315 5102 καὶ
3365 5047 3754 5119 μνησικακίαν·
3818 5051 3999 5103 ἐκεῖνα

2325 5133 2422 5202 μὲν
2450 5132 2557 5204 γάρ
2584 5131 2788 5195 εὐθέως
2812 5132 2875 5185 ἀν
2902 5133 3052 5202 ἡμᾶς
3080 5134 3408 5205 ἀπήλλαξεν,
3438 5128 3596 5199 οὗτος
3618 5135 3675 5188 δὲ
3709 5138 3866 5206 μένει
3892 5139 3999 5190 δια·

2324 5221 2545 5285 παντὸς,
2586 5222 2709 5285 τούς
2730 5219 2953 5283 ὀδόντας
2996 5222 3299 5293 ἐμπηγνὺς,
3353 5225 3445 5277 τὸν
3482 5224 3560 5279 ἰὸν
3598 5226 3848 5291 ἐντιθεὶς,
3878 5228 3997 5285 τοὺς

2320 5313 2588 5381 χαλεποὺς
2614 5308 3021 5381 ἐπιστρατεύων
3053 5319 3079 5359 ε
3106 5312 3418 5383 λογισμούς.
3460 5315 3622 5369 ’Λλλά
3646 5315 3823 5369 ταῦτα
3844 5313 3997 5373 ποιῶ.

2321 5402 2505 5470 φησὶν,
2528 5401 2615 5453 ἵνα
2648 5400 2724 5471 μὴ
2751 5398 3119 5471 καταγελάσῃ,
3154 5400 3239 5454 ἵνα
3272 5402 3345 5473 μὴ
3370 5406 3783 5475 καταφρονήσῃ.
3819 5402 3995 5457 Ἀθλιε

2321 5488 2575 5557 ἀνθρωπε
2604 5490 2697 5541 καὶ
2725 5488 3064 5563 ταλαίπωρε,
3091 5492 3153 5543 οὐ
3180 5489 3358 5560 βούλει
3392 5493 3872 5563 καταγελασθῆναι
3900 5508 3993 5541 παι⁸

2325 5575 2391 5647 ρὰ
2425 5577 2517 5629 τοῦ
2549 5576 2859 5641 συνδούλου,
2899 5578 3036 5632 ἀλλά
3072 5578 3373 5651 μισηθῆναι
3438 5582 3587 5650 παρά
3620 5579 3714 5633 τοῦ
3774 5582 3869 5633 σοῦ
3902 5583 3986 5632 As-

2406 5718 2429 5745 θ
2458 5706 2575 5764 Alii,
2600 5706 2920 5764 ἀπολωλυίας,
2945 5710 3095 5757 male.
3168 5709 3187 5747 ἲ
3216 5711 3421 5770 Quidam
3471 5710 3673 5767 ἐκτῆκον
3710 5712 3887 5758 σαυτὸν
3928 5709 3991 5765 τῶ

2320 5762 2573 5834 νοσήματι,
2595 5762 3030 5834 συω--Ιεοι-ίοηοῃ
3076 5762 3375 5832 ερετηέοὼ,
3401 5779 3445 5823 ιε
3482 5762 3651 5823 moi'bo
3690 5762 3987 5834 lqbefaciens}

2323 5835 2346 5897 ξ
2374 5828 2473 5888 Sic,
2496 5842 2606 5897 cum
2632 5828 2794 5897 codg”
2820 5832 3055 5881 (lommcl.
3102 5828 3156 5883 ει
3182 5828 3684 5897 Ξδνίἰ.,ἐει·ἱρείωιιε.
3716 5828 3989 5895 Legebalur

2325 5892 2669 5953 ἰκστρατεύων.
2722 5891 2857 5939 Eon.
