4072 6406
200 275 308 330 293

1215 275 1281 331 ΙΝ
1320 276 1496 332 ACTA
1533 277 2036 358 APOSTOLORUM
2101 282 2328 340 HOMIL.
2375 285 2506 343 XLI.

196 390 346 444 ritus
379 386 621 460 quidem,
654 388 750 444 sed
781 399 960 444 tamen
986 396 1310 459 cooperator
1331 432 1347 457 ,
1373 389 1502 446 dum
1536 392 1820 449 continen-

3443 301 3548 361 ἓΘᾶ

1933 412 2052 452 rum
2090 399 2323 470 erigens,
2370 410 2424 456 et
2448 417 2715 475 nusquam
2745 405 3040 467 deﬂectere
3067 411 3276 468 sineris.
3305 413 3460 482 Quod
3501 418 3547 475 si

193 479 403 535 liorem
436 479 617 535 reddit
651 494 776 536 eum
803 495 964 551 quem
995 489 1224 551 occupat
1252 497 1267 534 :
1315 492 1594 553 peccatum
1623 499 1759 540 vero
1787 501 1820 542 e
1930 490 2021 560 qui
2045 507 2113 546 ne
2136 492 2208 548 ita
2239 493 2457 564 quidem
2497 497 2732 567 sapiant,
2778 516 2888 556 non
2916 502 3046 559 dant
3079 505 3154 560 illi
3184 479 3393 578 poenas.
3426 509 3543 569 Non

191 584 372 640 regno
397 570 568 640 ejicit.

1932 596 2124 651 parum
2155 594 2337 641 autem
2368 586 2472 643 lioc
2513 598 2618 644 est.
2654 589 2721 647 Ut
2747 592 2892 647 enim
2921 596 3093 664 stulti,
3125 607 3181 654 ut
3223 599 3437 669 furiosi,
3484 615 3543 660 ut

261 682 326 738 ι-
363 677 574 738 Habere
597 693 867 754 peccatum
894 699 1046 754 quam
1070 682 1255 739 habere
1296 683 1578 741 daemonem
1607 687 1788 760 gravis

1930 675 2084 742 pueri
2137 691 2243 732 non
2291 677 2424 734 dant
2471 695 2695 750 pinnas,
2727 683 2807 738 sic
2839 701 3017 756 neque
3047 686 3099 743 lii
3135 707 3149 743 :
3179 706 3367 748 eorum
3395 696 3540 751 enim

192 785 295 832 est.
329 806 407 816 —
431 777 504 832 At
537 777 674 833 forte
703 777 852 833 dicet
889 777 1155 850 quispiam
1200 795 1215 832 :
1247 778 1442 846 Absit,
1473 789 1531 834 ut
1557 780 1638 836 sic
1662 794 1815 836 asse-

189 884 340 937 quar
369 869 786 925 continentiam.
820 867 1005 940 Neque
1032 885 1135 942 ego
1163 870 1345 937 velim,
1388 870 1485 926 sed
1514 871 1625 927 alio
1654 871 1816 928 modo

191 969 250 1013 nt
279 959 481 1014 omnia
515 957 681 1015 facias
708 975 775 1016 ex
800 975 990 1017 amore
1015 961 1238 1020 Christi.
1267 960 1324 1018 Si
1354 977 1485 1018 vero
1516 966 1640 1030 hoc,
1669 964 1812 1036 quod

183 1051 360 1117 absit,
397 1051 676 1123 contingat
707 1093 724 1118 ,
753 1068 855 1123 pro
879 1053 980 1109 boc
1008 1061 1090 1108 est
1114 1053 1485 1112 orandum-Si
1513 1056 1675 1128 igitur
1700 1056 1813 1112 da:-

183 1153 319 1195 mon
357 1156 472 1195 non
499 1142 668 1211 ejicit,
695 1151 975 1213 peccatum
1004 1158 1132 1198 vero
1155 1145 1327 1213 ejicit,
1352 1145 1422 1200 ab
1451 1145 1556 1202 hoc
1585 1148 1809 1204 liberari

180 1231 374 1301 majus
422 1243 507 1288 est
536 1232 882 1289 beneﬁcium.
917 1235 1056 1306 Ergo
1098 1233 1169 1290 ab
1193 1235 1299 1291 hoc
1324 1237 1630 1307 proximum
1671 1238 1808 1295 libe-

179 1324 295 1379 rari
323 1339 610 1392 curemus,
633 1334 689 1380 et
714 1335 840 1381 ante
862 1326 1191 1395 proximum,
1211 1342 1310 1383 nos
1342 1327 1809 1399 ipsos.Videamus

179 1430 251 1471 ne
289 1415 609 1472 daemonem
662 1417 994 1485 habeamus,
1024 1419 1308 1490 diligenter
1353 1436 1454 1477 nos
1493 1423 1640 1493 ipsos
1666 1437 1803 1479 exa-

180 1507 490 1563 minemus.
524 1508 782 1565 Damone
810 1511 1034 1581 gravius
1062 1522 1146 1567 est
1173 1523 1454 1584 peccatum
1480 1529 1498 1580 ;
1531 1515 1625 1572 ille
1651 1517 1807 1571 nam;

174 1614 289 1669 que
350 1599 591 1657 humiles
644 1601 853 1658 reddit.
910 1605 1106 1660 Annon
1158 1604 1356 1662 videtis
1394 1605 1802 1676 diemoniaeos,

172 1693 409 1764 quando
431 1709 463 1749 a
486 1694 678 1750 morbo
694 1706 1033 1758 recreantur.
1057 1713 1218 1769 quam
1240 1699 1350 1755 sint
1367 1699 1616 1770 demissi,
1639 1717 1803 1775 quam

174 1785 724 1856 Intrasti?quomodo
761 1789 942 1844 vultus
985 1790 1193 1860 pudore
1245 1790 1609 1859 suﬂundatur,
1665 1809 1804 1866 quo-

171 1878 350 1934 modo
378 1894 484 1934 non
514 1881 694 1934 ausint
726 1881 979 1938 obtueri?
1006 1882 1140 1940 Vide
1164 1883 1550 1942 absurditatem
1585 1903 1600 1941 :
1634 1887 1710 1942 illi
1733 1887 1804 1944 de

171 1971 240 2028 iis
270 1987 402 2041 qua:
446 1973 732 2042 patiuntur
779 1973 1153 2042 erubescunt,
1184 1993 1284 2033 nos
1327 1977 1398 2034 de
1426 1979 1562 2035 actis
1597 1977 1802 2036 nostris

171 2077 285 2118 non
317 2063 702 2120 erubescimus
749 2081 764 2118 :
795 2065 870 2120 illi
919 2066 1117 2137 injuria
1145 2066 1326 2125 aﬂ‘ecti
1367 2079 1629 2126 verentur
1652 2113 1669 2138 ,
1699 2086 1800 2127 nos

171 2154 378 2225 injuria
404 2154 712 2212 allicientes
743 2171 850 2212 non
877 2173 1148 2215 veremur.
1178 2160 1340 2231 Atqui
1370 2160 1587 2217 illorum
1617 2173 1796 2220 status

173 2259 284 2298 non
315 2246 533 2316 pudore
561 2247 784 2317 dignus,
815 2248 911 2303 sed
938 2249 1309 2306 misericordia
1337 2260 1393 2308 et
1430 2251 1793 2324 humanitate,

170 2338 374 2406 venia,
431 2339 798 2397 admiratione
849 2357 1076 2413 magna,
1133 2344 1430 2402 innumeris
1498 2347 1792 2418 laudibus,

169 2430 398 2500 quando
426 2446 555 2486 cum
601 2432 692 2487 tali
736 2431 987 2490 dmmone
1012 2445 1392 2494 concermntes
1413 2477 1431 2506 ,
1461 2439 1641 2496 omnia
1669 2455 1792 2495 cum

167 2523 475 2592 gratiarum
507 2524 724 2580 actione
751 2525 1025 2594 patiuntur
1054 2544 1068 2581 :
1101 2536 1285 2582 nostra
1327 2543 1458 2584 vero
1483 2528 1644 2601 digna
1665 2539 1794 2586 sunt

167 2615 303 2680 risu,
340 2616 573 2687 pudore,
604 2617 973 2684 accusatione,
1003 2619 1293 2691 supplicio,
1322 2634 1503 2689 pinna,
1534 2623 1793 2679 extremis

167 2708 356 2776 malis,
410 2710 694 2780 gelienna,
749 2710 1004 2782 nullaque
1047 2712 1226 2767 venia.
1279 2712 1466 2769 Viden‘
1509 2725 1791 2786 peccatum

163 2798 422 2856 daemone
464 2800 712 2858 deterius
755 2802 919 2860 esse?
965 2803 1033 2860 Et
1072 2805 1151 2860 illi
1183 2804 1403 2875 quidem
1432 2821 1502 2864 ex
1529 2807 1600 2867 iis
1621 2849 1641 2876 ,
1668 2824 1791 2881 quae

162 2893 411 2962 graviter
447 2894 732 2966 patiuntur
762 2935 778 2960 ,
811 2893 1009 2967 duplex
1036 2896 1247 2952 lucrum
1275 2907 1554 2969 reportant
1579 2917 1595 2955 :
1622 2917 1789 2957 unum

160 2984 312 3055 quod
346 2986 769 3055 temperatiores
793 2985 903 3042 sint
926 2997 980 3042 et
1001 2988 1171 3059 magis
1199 2988 1525 3062 philosophi,
1557 2990 1786 3048 alterum

161 3077 339 3148 quod.
368 3092 498 3133 cum
541 3077 632 3133 hic
662 3087 1010 3148 peccatorum
1053 3095 1243 3152 ptenas
1267 3081 1538 3148 dederint,
1567 3085 1690 3158 puri
1717 3085 1786 3142 ad

158 3168 462 3224 Dominum
488 3168 746 3240 migrent.
776 3169 910 3226 Nam
946 3171 1047 3227 hac
1071 3171 1142 3228 de
1166 3188 1228 3229 re
1258 3187 1402 3246 saepe
1432 3174 1787 3232 disseruimus

159 3272 216 3318 et
233 3246 618 3329 ostendimus,
641 3277 738 3318 eos
759 3263 851 3334 qui
879 3262 967 3319 bic
995 3263 1292 3335 puniuntur
1317 3307 1331 3332 ,
1361 3267 1407 3322 si
1437 3266 1672 3339 benigne
1699 3270 1783 3324 l'e—

158 3364 326 3422 rant,
386 3353 646 3435 magnam
697 3365 1041 3426 peccatorum
1095 3358 1364 3414 sarcinam
1414 3343 1786 3419 verisiuiiliter

157 3444 472 3517 deponere.
506 3447 553 3502 A
582 3447 822 3517 peccatis
843 3458 1026 3504 autem
1049 3448 1283 3520 duplicia
1314 3452 1455 3507 mala
1482 3455 1741 3509 eveniunt
1767 3473 1782 3512 :

161 3553 335 3595 unum
393 3538 545 3610 quod
596 3537 955 3605 offendamus,
1007 3541 1236 3596 alterum
1286 3542 1432 3613 quod
1482 3544 1784 3602 deteriores

161 3631 498 3686 evadamus.
531 3629 813 3686 Attendite
849 3631 1027 3686 dictis.
1071 3630 1190 3687 Non
1217 3631 1272 3689 in
1315 3631 1422 3689 hoc
1451 3642 1662 3691 tantum
1690 3637 1784 3693 lie—

158 3721 346 3778 dimur
392 3737 424 3775 a
474 3729 724 3792 peccato,
774 3720 918 3792 quod
963 3737 1287 3793 peccemus;
1336 3722 1430 3780 sed
1460 3735 1516 3781 et
1557 3726 1611 3781 in
1651 3727 1776 3793 alio,

158 3816 305 3884 quod
333 3815 525 3870 anima
560 3815 802 3870 habitum
846 3813 1130 3882 admittat;
1160 3817 1300 3872 sicut
1341 3827 1398 3873 et
1423 3818 1476 3873 in
1502 3833 1734 3890 corpore
1763 3835 1776 3873 :

157 3907 368 3962 clarius
397 3906 548 3962 enim
592 3905 698 3961 erit
742 3906 869 3962 inde
897 3916 1168 3978 sumptum
1215 3909 1544 3980 exemplum.
1575 3910 1777 3978 Quem-

159 3999 462 4061 admodum
510 3998 654 4053 enim
694 3997 1003 4053 febricitans
1047 4015 1154 4054 non
1198 4000 1386 4056 in-hoc
1419 4002 1598 4058 solum
1628 4002 1779 4082 laedi-

159 4098 266 4154 tur,
307 4089 466 4162 quod
507 4087 828 4152 inﬁrmetur,
857 4090 954 4145 sed
986 4090 1148 4146 etiam
1177 4091 1321 4162 quod
1369 4101 1489 4164 post
1530 4096 1778 4151 morbum

158 4182 229 4237 sit
258 4180 567 4248 infirmior,
596 4180 810 4236 etiamsi
851 4197 916 4236 ex
952 4181 1209 4240 diuturno
1252 4186 1444 4242 morbo
1484 4187 1538 4244 in
1579 4187 1777 4244 bonam

160 4271 540 4328 valetudinem
583 4270 771 4327 redeat
795 4287 810 4326 :
841 4275 920 4327 sic
947 4273 1095 4330 etde
1125 4284 1346 4344 peccato
1369 4276 1682 4346 dicendum,
1714 4279 1781 4336 li-

157 4376 244 4421 cet
269 4379 564 4428 sanemur,
596 4363 774 4420 adhuc
803 4374 982 4421 tamen
1002 4381 1225 4439 egemus
1271 4367 1608 4429 fortitudine.
1641 4373 1778 4432 Vide

158 4471 402 4530 namque
429 4453 566 4510 milii
605 4456 956 4526 quempiam,
983 4460 1073 4530 qui
1116 4462 1446 4518 contumelia
1488 4464 1729 4522 all‘ecerit
1753 4508 1770 4534 ,

158 4562 258 4604 nec
291 4561 496 4620 pinnas
519 4545 735 4603 dederit
770 4567 783 4602 :
815 4564 920 4605 non
947 4549 1071 4607 ideo
1095 4552 1269 4609 solum
1294 4553 1582 4628 lacrymari
1605 4573 1773 4630 opor-

160 4649 254 4709 tet,
285 4640 444 4712 quod
473 4642 821 4698 contumeliae
851 4656 1037 4713 pinnas
1063 4659 1171 4700 non
1198 4645 1452 4704 dederit?
1480 4649 1589 4706 Sed
1613 4651 1775 4708 etiam

161 4732 262 4786 alia
297 4731 380 4786 de
430 4744 598 4785 causa
630 4731 944 4803 lugendum.
992 4736 1212 4803 Quare?
1242 4739 1376 4807 Quia
1412 4740 1778 4812 impudentior

159 4821 400 4879 cll’ectus
438 4829 526 4876 est
560 4821 793 4879 animus.
837 4824 1182 4898 Singulorum
1210 4832 1354 4885 enim
1386 4843 1731 4902 peccatorum
1757 4879 1772 4902 ,

156 4925 456 4988 postquam
497 4915 752 4971 delictum
801 4929 1081 4988 peractum
1109 4931 1193 4978 est
1231 4934 1286 4980 et
1327 4927 1598 4998 cessavit,
1629 4929 1776 4987 virus

158 5006 443 5074 quoddam
479 5004 532 5060 in
562 5006 1044 5077 animaiuseritur.
1076 5011 1194 5068 Non
1221 5014 1374 5071 audis
1405 5019 1670 5088 quosdam
1693 5019 1776 5076 di-

157 5110 379 5164 centes,
413 5105 700 5168 postquam
741 5113 772 5152 a
805 5100 996 5158 morbo
1027 5105 1256 5160 recreati
1286 5118 1414 5163 sunt
1440 5127 1455 5164 :
1487 5108 1605 5167 Non
1635 5111 1774 5168 ultra

159 5190 328 5244 ausim
365 5201 568 5259 aquam
599 5188 828 5258 bibere;
858 5191 983 5248 licet
1007 5196 1124 5251 sani
1156 5197 1302 5253 sint?
1329 5199 1425 5255 sed
1463 5203 1686 5258 morbus
1719 5204 1771 5259 in

162 5277 260 5334 hoc
298 5279 475 5335 etiain
522 5279 680 5335 limit.
709 5281 779 5337 Et
825 5282 904 5338 illi
933 5284 1149 5356 quidem
1195 5288 1335 5343 mala
1381 5293 1545 5360 passi,
1573 5296 1774 5364 gratias

162 5381 356 5440 agunt;
410 5384 520 5426 nos
557 5383 740 5428 autem
774 5375 903 5430 dum
947 5375 1086 5434 bene
1117 5378 1400 5450 habemus,
1451 5383 1617 5440 Deum
1659 5385 1775 5442 bla-

165 5462 544 5531 sphemamus,
573 5472 629 5518 et
671 5480 816 5535 aegre
844 5465 1065 5525 ierimus
1101 5487 1114 5524 :
1143 5470 1326 5540 plures
1351 5475 1498 5529 enim
1529 5477 1774 5533 invenias

166 5553 214 5605 iu
244 5557 488 5611 sanitate
524 5569 588 5610 ac
617 5556 825 5612 divitiis
852 5557 955 5615 hoc
983 5572 1206 5633 agentes
1226 5605 1240 5630 ,
1269 5580 1430 5635 quam
1462 5567 1514 5621 in
1543 5583 1774 5642 pauper:

166 5650 271 5700 tate
289 5655 346 5701 et
373 5645 715 5702 inﬁmitate.
739 5647 909 5705 lustat
937 5654 1079 5708 enim
1106 5655 1316 5711 daemon
1352 5661 1502 5730 quasi
1525 5663 1769 5720 carnifex

156 5734 343 5796 ardent
387 5737 570 5796 minas
599 5739 899 5810 intentans,
932 5744 1068 5800 sicut
1093 5746 1311 5816 quidam
1344 5751 1664 5826 piedagogus
1693 5757 1772 5813 lo-

1926 779 2047 834 quzu
2076 765 2371 825 inscienter
2412 778 2530 826 acta
2560 783 2688 828 sunt
2713 815 2728 840 ,
2762 791 2926 832 nemo
2959 788 3064 833 tam
3096 781 3335 838 crudelis
3364 795 3450 840 est
3480 797 3539 842 ut

1927 869 2114 925 pinnas
2141 869 2371 929 repetat.
2400 861 2544 933 Ergo
2575 877 2865 934 peccantes
2891 863 3062 926 multo
3088 870 3328 929 deterius
3359 875 3536 933 aﬂecti

1923 961 2112 1005 sumus
2155 965 2321 1022 quam
2361 951 2710 1015 dainioniaei.
2756 958 2872 1016 Sed
2898 978 3011 1019 non
3051 979 3403 1036 spumamus,
3437 987 3538 1029 nec

1923 1038 2154 1110 pupillas
2175 1041 2582 1115 distorquens
2601 1048 2683 1104 vel
2713 1066 2906 1108 manus
2927 1053 2951 1108 ?
2979 1053 3190 1112 Utinam
3216 1058 3320 1116 boe
3347 1061 3532 1119 ineor-

1921 1145 2053 1200 pore
2100 1143 2444 1204 pateremur,
2479 1152 2585 1194 non
2629 1140 2682 1194 iu
2732 1143 2911 1199 anima
2940 1145 3069 1200 lVis
3117 1149 3212 1206 tibi
3244 1155 3529 1211 ostendam

1917 1221 2152 1294 animam
2198 1237 2564 1298 spumantem,
2611 1231 2905 1303 impuram,
2931 1247 2987 1294 et
3034 1239 3299 1299 distortos
3344 1246 3534 1304 oculos

1917 1313 2152 1369 mentis?
2192 1313 2378 1388 Cogita
2407 1319 2574 1378 iratos
2614 1334 2670 1392 et
2719 1327 2900 1384 lurore
2941 1330 3147 1397 ebrios,
3182 1352 3288 1406 qua
3339 1353 3530 1410 spuma

1917 1421 2022 1461 non
2077 1407 2435 1468 iiuiuundiora
2481 1415 2761 1486 proferunt
2805 1420 3008 1478 verba?
3063 1424 3317 1484 Proiecto
3360 1407 3521 1502 quasi

1915 1494 2162 1554 fmtiduin
2207 1512 2425 1572 sputum
2460 1507 2736 1564 emittunt.
2778 1512 2847 1593 Et
2894 1513 3036 1571 sicut
3084 1516 3161 1573 illi
3203 1494 3412 1577 nullum
3459 1539 3526 1580 ex

1914 1595 2273 1663 pra'sentibos
2301 1610 2526 1669 norunt,
2557 1605 2638 1661 sic
2667 1621 2844 1680 neque
2872 1610 2947 1666 bi.
2977 1612 3346 1674 Obteuebrata
3372 1621 3519 1677 enim

1913 1683 2128 1741 illorum
2165 1699 2348 1746 mente
2374 1700 2430 1748 et
2454 1692 2699 1753 distortis
2723 1701 2902 1758 oculis
2925 1745 2942 1772 ,
2968 1721 3077 1762 non
3106 1711 3340 1767 amicum
3367 1756 3382 1778 ,
3415 1730 3524 1771 nun

1913 1776 2213 1848 inimicum,
2246 1797 2355 1837 non
2386 1789 2755 1847 venerabilem
2786 1835 2800 1859 ,
2833 1809 2939 1850 non
2966 1796 3398 1875 despiciendum,
3429 1809 3524 1863 sed

1908 1882 2101 1924 omnes
2130 1886 2237 1926 uno
2283 1872 2482 1933 intuitu
2509 1892 2761 1937 cernunt.
2789 1883 2908 1942 Non
2939 1888 3093 1946 vides
3135 1891 3236 1949 bos
3285 1904 3522 1954 tremere

1907 1960 2046 2016 sicut
2077 1961 2202 2020 illos
2225 1963 2372 2022 lSed
2394 1983 2504 2026 non
2532 1971 2733 2030 cadunt
2751 1976 2804 2032 in
2835 1988 3036 2037 terram
3057 1983 3083 2037 ?
3112 1983 3311 2042 Verum
3337 1989 3520 2048 auiuia

1906 2067 2098 2109 eorum
2148 2056 2295 2113 bumi
2330 2059 2479 2130 jacet
2503 2072 2560 2120 et
2585 2066 2730 2123 cadit
2758 2070 3032 2142 palpitans
3065 2096 3081 2133 :
3109 2077 3154 2134 si
3195 2081 3340 2138 enim
3374 2095 3529 2141 rectav

1904 2151 2092 2210 staret,
2124 2162 2228 2202 non
2260 2151 2539 2220 pateretur
2559 2145 2649 2213 illa
2676 2174 2797 2230 quae
2825 2165 3049 2234 patitur.
3089 2169 3283 2228 Annon
3323 2175 3515 2233 viden-

1905 2241 1992 2290 tur
2042 2237 2134 2292 tibi
2167 2237 2392 2312 abjectin
2424 2259 2548 2302 esse
2587 2250 2785 2307 anima:
2807 2295 2823 2322 ,
2852 2271 2972 2327 quae
3002 2258 3333 2331 vigilantiam
3364 2283 3518 2325 suam

1903 2327 2217 2397 perdiderit,
2246 2347 2309 2388 ea
2336 2348 2457 2404 qua!
2486 2338 2562 2394 ini
2589 2339 2860 2406 dicunt'et
2892 2327 3099 2406 faciunt
3123 2353 3309 2411 animo
3335 2357 3519 2416 ebrii?

1902 2419 1998 2474 Est
2047 2430 2102 2476 et
2149 2423 2295 2481 aliud
2339 2427 2534 2486 luroris
2582 2447 2755 2504 genus
2807 2435 2913 2495 hoc
2945 2443 3183 2513 gravius.
3232 2447 3516 2516 Quodnam

1902 2510 2032 2567 illud
2053 2513 2078 2568 ?
2099 2514 2325 2584 Quando
2342 2535 2521 2592 neque
2542 2525 2679 2580 iram
2701 2529 2902 2586 remitti
2932 2510 3225 2606 sustinent,
3249 2510 3344 2596 sed
3371 2544 3515 2614 apud

1899 2617 1961 2659 se
1985 2603 2138 2662 alunt
2159 2650 2175 2677 ,
2203 2612 2354 2681 quasi
2387 2613 2755 2675 domesticum
2784 2623 3097 2683 carniﬁcem
3131 2603 3427 2689 ulciscendi
3454 2651 3516 2693 se

1899 2699 2268 2769 cupiditatem.
2325 2706 2453 2763 lllos
2498 2711 2643 2767 enim
2693 2714 2901 2784 primos
2952 2719 3070 2777 haec
3116 2724 3387 2796 cupiditas
3423 2728 3520 2787 hic

1898 2793 2096 2865 perdit,
2179 2807 2238 2854 ut
2277 2800 2455 2858 futura
2502 2818 2845 2876 praeteream.
2875 2811 3012 2869 Nam
3041 2793 3303 2887 quantum
3350 2822 3519 2892 putas.

1895 2903 2020 2946 esse
2075 2901 2402 2953 tormentum
2451 2898 2687 2959 hominis
2736 2907 2920 2961 animo
2973 2912 3233 2980 perculsi,
3283 2916 3510 2989 singulis

1894 2979 2089 3038 diebus
2115 2986 2432 3046 meditantis
2459 3032 2477 3060 ,
2505 3007 2617 3064 quo
2647 3005 2808 3064 pacto
2837 2979 3118 3058 inimicum
3167 2979 3506 3066 ulciscatur?

1895 3069 2081 3130 Primo
2139 3077 2382 3149 seipsum
2429 3085 2604 3153 punit,
2661 3095 2719 3142 et
2767 3087 3013 3147 inﬂatum
3058 3093 3263 3166 plectit,
3320 3110 3507 3158 contra

1893 3164 2130 3238 seipsum
2155 3184 2397 3243 pugnans
2417 3183 2472 3230 et
2495 3175 2768 3235 incensus.
2795 3180 3028 3240 Necesse
3048 3164 3193 3244 enim
3214 3199 3301 3247 est
3325 3192 3505 3264 ignem

1891 3271 2110 3330 semper
2154 3262 2207 3318 in
2258 3273 2311 3320 te
2335 3267 2530 3325 ardere
2563 3287 2578 3324 :
2612 3282 2668 3326 et
2699 3272 2892 3329 febrim
2925 3273 3132 3335 tantum
3182 3262 3502 3349 intendens.

1891 3361 2000 3403 non
2031 3350 2166 3408 sinis
2185 3351 2526 3426 decrescere,
2551 3371 2817 3435 putasque
2848 3374 2901 3422 te
2929 3367 3004 3423 illi
3033 3371 3234 3428 malum
3263 3375 3504 3445 inferre;

1892 3438 2008 3509 ipse
2038 3446 2430 3516 veroteipsum
2460 3450 2736 3521 tabcl'acis,
2768 3453 3041 3515 ﬂammam
3067 3475 3288 3536 semper
3319 3438 3504 3540 vigcn:

1892 3540 1999 3587 tem
2023 3543 2262 3604 gestans,
2286 3555 2390 3597 nec
2415 3541 2603 3600 sitiens
2639 3547 2875 3605 animam
2903 3554 3208 3624 quiescere,
3245 3562 3340 3617 sed
3368 3564 3504 3620 eﬂ'e-

1890 3634 2040 3681 ratus
2066 3642 2302 3698 semper,
2327 3639 2382 3686 et
2407 3632 2460 3688 in
2487 3637 2898 3704 perturbatione
2917 3651 2976 3700 et
2996 3655 3317 3721 tempestate
3347 3669 3503 3712 men-

1889 3723 1998 3772 tem
2038 3718 2306 3778 retinens.

1960 3808 2014 3866 5.
2049 3810 2188 3879 Quid
2229 3813 2330 3871 hoc
2357 3817 2540 3876 lurore
2567 3820 2826 3894 deterius,
2850 3841 3068 3902 semper
3086 3833 3156 3888 ita
3178 3835 3386 3906 dolere,
3418 3841 3499 3898 in~

1887 3897 2028 3970 llari,
2052 3905 2283 3963 ardere?
2307 3909 2464 3966 Tales
2488 3914 2633 3971 enim
2657 3929 2780 3974 sunt
2803 3897 3091 3995 vindictam
3119 3897 3503 3992 meditandum

1887 3995 2082 4052 anima:
2110 4015 2124 4054 :
2158 4000 2246 4056 ubi
2276 4002 2509 4061 viderint
2532 4023 2680 4077 eum,
2713 4028 2874 4083 quem
2902 4017 3088 4075 ulcisci
3115 4023 3360 4094 cupiunt,
3387 4038 3499 4084 sta-

1889 4086 1984 4142 tim
2013 4093 2390 4162 concitantur;
2433 4099 2479 4154 si
2510 4117 2698 4159 vocem
2725 4106 3018 4178 audierint,
3053 4086 3358 4184 decidunt;
3379 4128 3491 4179 tre-

1886 4189 2080 4250 munt;
2119 4184 2165 4240 si
2212 4186 2265 4242 in
2296 4188 2807 4270 lectovdecumbant,
2849 4202 2999 4259 mille
3045 4205 3148 4262 sibi
3194 4207 3493 4284 depingunt

1885 4274 2108 4332 ultionis
2135 4293 2356 4350 genera,
2388 4287 2807 4358 suspendentes,
2849 4303 3166 4368 torquentes
3210 4274 3491 4366 Inimicum

1887 4363 2035 4421 illum
2066 4383 2081 4420 :
2110 4369 2178 4424 ad
2210 4369 2348 4440 haec,
2378 4375 2424 4430 si
2455 4375 2606 4434 illum
2637 4380 2844 4439 clarum
2871 4395 2926 4442 et
2953 4363 3308 4460 conspicuum
3336 4363 3490 4458 vide:-

1886 4458 2016 4526 rint,
2051 4475 2225 4533 papir,
2253 4470 2515 4538 quantum
2541 4472 2864 4543 supplicium
2895 4480 2909 4534 l
2945 4458 3167 4542 Dimitte
3191 4486 3268 4544 illi
3301 4505 3496 4561 pecca-

1889 4557 2023 4619 tum,
2055 4561 2215 4625 teque
2242 4571 2271 4610 a
2305 4567 2573 4617 tormento
2609 4565 2808 4624 exime.
2840 4567 2951 4627 Cur
2977 4588 3197 4647 semper
3221 4557 3503 4642 cruciatus

1886 4659 2219 4716 perseveras,
2250 4660 2309 4706 ut
2332 4651 2482 4708 illum
2511 4659 2682 4716 semel
2710 4662 2988 4724 ulciscaris
3009 4678 3066 4725 et
3103 4676 3338 4743 punias?-
3359 4681 3500 4752 quid

1887 4753 2044 4807 paras
2069 4740 2162 4797 tibi
2190 4742 2457 4802 hecticum
2488 4751 2740 4809 morbum
2757 4754 2788 4810 τ
2804 4771 2902 4813 cur
2919 4740 3161 4820 animum
3188 4775 3338 4826 tuum
3359 4740 3499 4832 libe-

1883 4833 1992 4888 rari
2031 4834 2303 4894 volentem
2332 4838 2591 4899 detines?
2639 4845 2720 4903 Ne
2757 4865 2928 4921 usque
2957 4855 3023 4910 ad
3055 4873 3340 4932 vesperam
3377 4883 3498 4923 ma-

1885 4933 2034 5017 neat,
2066 4925 2240 4999 inquit
2278 4929 2476 4988 Paulus
2505 4934 2721 5008 (Ephcs.
2756 4940 2812 4996 4.
2840 4942 2955 5016 26).
2989 4925 3312 5011 Sicutvenim
3342 4959 3494 5017 tabe;

1881 5016 2130 5085 quaedam
2159 5029 2216 5076 et
2254 5022 2419 5093 tinea,
2466 5027 2544 5083 sic
2575 5033 2774 5089 mentis
2803 5047 3004 5094 nostra:
3045 5042 3290 5102 radicem
3326 5050 3492 5108 rodit.

1881 5107 1992 5166 Cur
2019 5109 2189 5168 feram
2228 5114 2463 5176 includis
2506 5120 2560 5177 in
2606 5125 2911 5185 visceribus
2943 5133 3096 5190 tuis?
3124 5135 3317 5196 Melius
3342 5157 3496 5202 esset

1880 5215 2187 5274 serpentem
2235 5217 2290 5264 et
2319 5209 2561 5280 viperam
2607 5215 2660 5271 in
2704 5219 2869 5277 corde
2903 5237 3047 5293 esse,
3076 5243 3242 5300 quam
3271 5233 3407 5292 iram
3432 5247 3494 5294 et

1881 5296 2174 5353 ulciscendi
2204 5300 2553 5372 cupiditatem
2584 5325 2598 5361 :
2629 5323 2752 5365 nam
2775 5309 2864 5368 illa
2891 5296 3109 5386 reptiiia
3123 5323 3304 5379 statim
3332 5341 3365 5382 a
3386 5343 3486 5384 uo-

1881 5387 1965 5444 his
1988 5388 2374 5460 abscederent;
2404 5394 2522 5452 hinc
2550 5405 2731 5456 autem
2772 5417 2990 5475 semper
3023 5420 3227 5479 manet,
3269 5429 3490 5488 semper

1881 5482 2137 5540 dentibus
2166 5485 2354 5553 laniat,
2396 5490 2544 5548 virus
2593 5493 2855 5564 immittit,
2886 5500 3237 5561 molestarum
3275 5482 3490 5580 cogi-ta-

1881 5576 2088 5634 tionum
2115 5582 2412 5640 exercitum
2440 5585 2708 5656 producit.
2737 5591 2810 5646 At
2833 5591 2948 5649 bare
2968 5593 3130 5664 facio,
3159 5576 3391 5672 inquies,
3417 5620 3491 5664 ne

1880 5685 1970 5726 me
1988 5670 2189 5738 rideat,
2221 5688 2289 5728 ne
2334 5687 2668 5735 contemnat.
2696 5680 2861 5740 Miser
2885 5685 3049 5744 homo
3077 5699 3133 5746 et
3152 5708 3483 5762 :crumnose,

1879 5778 1986 5817 non
2012 5779 2089 5816 εἰς
2112 5781 2142 5819 a
2170 5780 2433 5824 conservo
2459 5769 2695 5842 irrideri,
2718 5772 2818 5833 sed
2835 5776 2963 5833 odio
2985 5778 3175 5840 haberi
3197 5801 3225 5839 a
3255 5781 3496 5846 Domino
