4072 6402
631 317 738 375 295

633 442 724 486 tuo
752 426 810 482 ¹1
838 439 941 481 non
973 420 1052 479 vis
1077 419 1279 491 despici
1307 432 1336 473 a
1367 430 1651 479 conservo,
1683 411 2088 469 scdDominum
2111 408 2205 464 de-

630 514 1048 589 spicisidespici
1090 512 1160 566 ab
1203 510 1295 565 illo
1331 524 1437 563 non
1475 505 1696 576 pateris,
1739 504 2010 571 Deumque
2055 500 2208 569 putas

633 626 741 665 non
785 606 1067 675 indignari,
1106 600 1251 672 quod
1305 601 1476 670 ipsum
1523 596 1790 660 derideas,
1840 592 1978 662 quod
2036 592 2207 659 ipsum

631 682 873 769 spernas,
902 694 1029 749 dum
1058 708 1161 747 non
1194 691 1273 745 vis
1303 689 1400 759 ipsi
1421 683 1827 755 obtemperare?
1855 680 2007 749 Quod
2030 690 2206 733 autem

633 792 719 845 ille
745 803 851 843 non
884 796 935 841 te
964 784 1239 847 deridebit,
1274 781 1399 834 hinc
1427 776 1769 833 manifestum
1803 782 1904 828 est.
1952 771 2007 825 Si
2039 779 2091 825 te
2125 769 2208 822 ul-

630 878 870 941 ciscaris,
894 877 1016 930 hinc
1035 887 1256 942 magnus
1276 870 1435 935 risus,
1460 880 1681 937 magnus
1696 870 2029 931 contemptus
2049 878 2063 924 ;
2087 876 2209 915 nam

635 965 1079 1041 pusillanimitatis
1106 970 1189 1017 est
1217 975 1352 1030 epus
1383 976 1396 1012 :
1427 960 1471 1013 si
1497 972 1627 1012 vero
1646 953 1938 1015 dimiseris.
1961 964 2209 1020 magnum

634 1060 983 1119 miraculum;
1018 1050 1469 1124 magnanimitatis
1497 1047 1639 1103 enim
1683 1045 1785 1100 hoc
1830 1058 1965 1113 opus
1993 1052 2094 1097 est.
2142 1043 2211 1095 At

635 1153 744 1216 ille,
776 1147 1002 1217 inquies,
1039 1145 1090 1199 id
1119 1144 1345 1212 ignorat.
1377 1138 1522 1196 Sciat
1552 1137 1713 1200 Deus,
1737 1144 1796 1189 ut
1826 1131 2083 1202 majorem
2114 1130 2209 1184 ha-

633 1241 761 1293 beas
786 1236 1107 1292 mercedem.
1135 1234 1189 1288 ln
1222 1232 1395 1286 foenus
1435 1227 1578 1293 date,
1610 1225 1800 1310 inquit,
1832 1224 1918 1288 iis,
1961 1238 1991 1276 a
2022 1221 2212 1288 quibus

636 1331 767 1385 nihil
808 1332 1049 1399 accipere
1090 1324 1317 1396 speratis
1346 1321 1496 1395 (Luc.
1531 1320 1617 1375 ﬂ.
1651 1318 1757 1388 14).
1817 1315 1906 1371 Sic
1954 1313 2210 1369 beneﬁcia

637 1430 947 1491 praestemus
992 1418 1075 1483 iis,
1106 1416 1195 1486 qui
1246 1429 1351 1469 non
1393 1412 1631 1467 sentiunt
1660 1423 1718 1463 se
1744 1405 2021 1462 beneﬂciis
2048 1403 2208 1469 affici,

636 1524 695 1568 ut
723 1529 787 1567 ne
814 1512 899 1567 vel
924 1510 1134 1566 laudem
1161 1507 1244 1561 vel
1266 1503 1464 1575 aliquid
1486 1500 1628 1556 aliud
1655 1498 1810 1555 nobis
1832 1497 2209 1569 rependentes,

635 1603 936 1661 mercedem
964 1600 1116 1654 nobis
1146 1597 1403 1653 minuant.
1437 1593 1572 1648 Cum
1602 1591 1743 1645 enim
1775 1588 1906 1643 nihil
1933 1590 2000 1643 ab
2038 1587 2211 1640 Immi-

638 1696 795 1749 nilius
814 1691 1126 1761 accipimus,
1150 1697 1279 1742 tunc
1296 1685 1497 1755 majora
1524 1699 1551 1736 a
1578 1683 1689 1737 Deo
1711 1680 2052 1750 accipiemus.
2077 1676 2211 1744 Quid

637 1796 813 1841 autem
843 1785 951 1839 risu
981 1781 1211 1851 dignius,
1240 1777 1367 1848 quid
1396 1775 1635 1845 frigidius
1659 1773 1834 1827 anima
1860 1785 1978 1841 quae
2003 1782 2216 1837 semper

639 1875 883 1930 irascitur
912 1881 965 1928 et
995 1887 1053 1926 se
1082 1869 1194 1923 vult
1222 1867 1408 1922 ulcisci
1432 1866 1453 1917 ?
1482 1864 1735 1919 Muliebre
1773 1876 1836 1915 ac
1866 1860 2068 1930 puerile
2095 1872 2216 1928 pro-

640 1965 868 2035 positum
890 1970 990 2017 est.
1018 1959 1147 2015 Nam
1173 1967 1231 2012 ut
1254 1956 1341 2011 illa
1369 1963 1553 2010 contra
1587 1952 1870 2007 inauimata
1918 1950 2075 2004 etiam
2113 1949 2217 2002 ira-

638 2054 825 2119 scitur,
858 2051 980 2106 etsi
1017 2049 1375 2118 pavimentum
1404 2059 1507 2098 non
1542 2042 1824 2113 percutiat,
1858 2055 1963 2094 non
1997 2038 2219 2094 remittit

637 2142 770 2197 iram
800 2158 813 2194 :
849 2142 917 2195 ita
948 2150 1002 2194 et
1028 2138 1080 2192 hi
1107 2152 1220 2202 eos,
1248 2136 1338 2206 qui
1362 2150 1418 2191 se
1444 2133 1766 2197 afﬂixerunt,
1792 2130 1975 2185 ulcisci
2007 2128 2213 2183 volunt.

637 2231 777 2302 Ergo
816 2240 871 2284 et
907 2227 1009 2298 ipsi
1057 2228 1167 2282 risu
1193 2225 1383 2295 digni:
1425 2239 1547 2277 nam
1596 2223 1687 2277 ira:
1734 2221 2034 2289 subjectum
2074 2234 2216 2284 esse,

641 2321 860 2391 puerilis
888 2328 970 2374 est
1011 2319 1205 2381 animi;
1248 2317 1341 2371 iraa
1387 2316 1670 2385 imperare,
1718 2314 1921 2368 strenui
1968 2312 2068 2367 viri
2112 2322 2215 2367 est.

642 2413 784 2482 Ergo
813 2427 917 2466 non
963 2425 1059 2464 nos
1091 2408 1399 2475 irridemur,
1447 2407 1491 2460 si
1543 2404 1841 2475 philosorihi
1890 2403 2078 2466 simus,
2122 2402 2216 2457 sed

643 2504 740 2559 illi.
766 2501 881 2557 Non
913 2508 995 2557 est
1024 2498 1153 2554 illud
1193 2495 1669 2565 contemptibilium
1700 2494 1997 2557 hominum,
2028 2507 2059 2545 a
2099 2508 2217 2562 pas-

639 2594 793 2649 sione
820 2607 930 2646 non
956 2590 1095 2645 vinci
1128 2606 1140 2642 :
1172 2586 1646 2657 contemptibilium
1677 2582 1950 2639 hominum
1972 2590 2055 2637 est
2069 2589 2223 2637 exte-

639 2700 819 2739 roruin
868 2683 1034 2737 risum
1088 2681 1297 2745 timere,
1342 2680 1411 2733 ita
1442 2687 1499 2732 ut
1538 2677 1657 2732 ideo
1706 2674 2001 2740 extollaris,
2058 2674 2218 2728 animi

640 2774 827 2831 morbo
883 2773 1201 2843 subjiciaris,
1252 2772 1418 2825 Deum
1447 2770 1707 2833 offendas,
1755 2778 1809 2824 et
1845 2778 1897 2824 te
1925 2767 2216 2823 ulciscaris.

638 2867 764 2922 llmc
789 2881 913 2922 vere
951 2875 1075 2921 sunt
1103 2866 1209 2919 risu
1237 2862 1415 2933 digna.
1447 2861 1574 2916 Haec
1598 2875 1726 2930 ergo
1754 2860 2035 2929 fugiamus.
2070 2858 2221 2913 Dicat

636 2972 717 3024 se,
748 2958 836 3027 qui
869 2971 967 3011 nos
993 2956 1261 3011 sexcentis
1308 2953 1569 3023 impetivit
1613 2952 1784 3018 malis,
1831 2951 1960 3007 nihil
2005 2966 2218 3020 passum

637 3064 758 3104 esse
786 3048 911 3101 mali
940 3065 954 3101 :
986 3046 1128 3101 dicat
1165 3060 1246 3113 se,
1288 3046 1336 3100 si
1366 3045 1417 3099 in
1467 3058 1566 3099 nos
1612 3044 1802 3097 iterum
1842 3041 2219 3105 debacchelur,

639 3140 771 3197 nihil
799 3155 919 3195 esse
948 3153 1246 3209 passurum.
1290 3136 1404 3191 Non
1446 3137 1601 3192 aliter
1642 3143 1878 3190 nostram
1910 3133 2225 3204 praedicaret

638 3231 908 3294 virtutem,
958 3244 1066 3282 non
1098 3228 1197 3282 alia
1244 3234 1510 3297 quiereret
1551 3224 1731 3290 verba,
1778 3224 1825 3279 si
1874 3239 1971 3278 nos
2006 3222 2223 3279 laudare

638 3321 821 3383 vellet.
857 3335 1013 3388 quam
1046 3319 1183 3385 haec,
1213 3333 1331 3389 qua:
1362 3329 1418 3373 ut
1462 3333 1558 3371 nos
1589 3316 1828 3371 mordeat
1852 3314 2071 3386 profert.
2103 3315 2221 3371 Uti—

641 3427 762 3467 nam
789 3426 978 3471 omnes
1004 3410 1120 3465 hmo
1154 3409 1224 3464 de
1256 3424 1344 3465 me
1371 3408 1613 3464 dicerent
1652 3426 1665 3462 :
1711 3408 1957 3478 Frigidus
1986 3408 2147 3463 homo
2171 3417 2226 3464 et

642 3505 805 3559 miser
828 3511 908 3558 cst
942 3521 957 3558 :
989 3516 1177 3558 omnes
1207 3502 1305 3573 ipsi
1337 3501 1712 3557 contumeliam
1742 3500 1995 3565 inferunt,
2029 3511 2082 3555 et
2113 3500 2226 3571 ipse

642 3594 775 3658 fert;
795 3607 981 3648 omnes
1008 3593 1266 3658 insiliunt,
1295 3601 1349 3647 et
1368 3592 1458 3647 ille
1483 3605 1587 3646 non
1610 3606 1671 3647 se
1694 3591 1987 3646 ulciscitur.
2012 3590 2224 3647 Utinam

641 3684 897 3739 adderent
924 3699 938 3738 :
971 3682 1155 3752 Neque
1184 3685 1229 3737 si
1258 3682 1402 3747 velit,
1435 3689 1649 3751 potest;
1684 3689 1740 3735 ut
1770 3680 1898 3735 mihi
1935 3680 2051 3735 laus
2081 3691 2226 3736 esset

642 3790 669 3826 a
698 3775 825 3834 Deo,
851 3783 903 3828 et
934 3788 1038 3827 non
1066 3774 1133 3828 ab
1173 3771 1498 3827 hominibus.
1539 3771 1707 3837 Dicat,
1742 3767 1882 3840 quod
1930 3770 1999 3825 ob
2024 3770 2227 3824 timidi-

647 3874 807 3917 tatem
859 3878 965 3917 non
1008 3878 1107 3918 nos
1140 3862 1467 3919 ulciscimur.
1513 3861 1654 3917 Nihil
1700 3862 1803 3916 hoc
1846 3861 2002 3915 nobis
2048 3868 2227 3926 nocet,

644 3954 858 4024 quando
888 3956 1028 4011 Deus
1051 3955 1186 4021 scit;
1220 3954 1315 4011 sed
1352 3954 1661 4010 thesaurum
1691 3962 1927 4009 nostrum
1959 3952 2010 4007 in
2043 3952 2228 4022 majnri

712 4112 728 4141 ι
769 4109 864 4158 Alii
890 4109 1077 4171 legunt,

647 4109 873 4233 de;
890 4109 1077 4171 legunt,
1118 4109 1204 4160 sed
1224 4108 1337 4160 odio
1360 4107 1528 4159 haberi
1562 4120 1594 4158 o
1617 4107 1819 4159 Domino
1848 4113 1959 4167 tuo,
1982 4112 2029 4158 et
2051 4105 2110 4156 ab
2128 4106 2233 4171 ipso

1348 380 1351 381 ν
1435 306 1495 364 S.
1522 300 1793 360 JOANNIS
1830 292 2301 356 CllRYSOSTOMl
2340 293 2654 349 ARCIIIEP.
2695 292 3223 350 CONSTANTINOP.

3796 294 3914 349 296

2314 409 2462 477 ponit
2489 406 2748 462 custodia.
2783 406 2840 462 Si
2872 407 2994 462 illos
3017 416 3341 476 spectemus,
3378 406 3446 461 ab
3476 405 3725 462 omnibus
3751 407 3911 462 exei-

2310 498 2522 552 demus.
2550 497 2627 553 Ne
2657 497 2939 554 videamus
2979 498 3105 569 quid
3146 498 3345 564 dicant,
3386 498 3482 552 sed
3519 498 3646 568 quid
3676 514 3775 554 nos
3802 498 3915 552 de—

2310 599 2448 644 ccat.
2477 590 2547 643 At
2592 590 2689 655 illi,
2719 589 2798 645 Ne
2828 606 2912 644 tne
2938 591 3060 659 quis
3088 590 3327 657 irrideat,
3373 590 3639 661 inquiunt,
3676 607 3744 646 ne
3777 590 3911 661 qui-

2312 680 2433 733 dam
2465 678 2778 749 glorientur.
2811 678 2856 734 0
2895 680 3172 735 stultitiam
3200 682 3213 734 Ι
3243 680 3411 736 Nemo
3437 682 3527 750 qui
3568 698 3655 737 me
3700 682 3917 737 lzeserit

2314 785 2398 824 me
2438 770 2624 835 irrisit,
2672 770 2953 840 inquiunt;
2988 771 3040 825 id
3079 782 3182 836 est,
3220 772 3365 828 ultus
3392 788 3509 828 sum
3539 774 3710 828 illum.
3737 775 3914 845 Atqui

2320 862 2418 917 hac
2447 862 2515 917 de
2561 876 2721 917 causa
2780 862 3083 918 irridendus
3126 878 3217 929 es,
3259 865 3382 935 quia
3435 866 3607 933 ipsum
3650 865 3795 919 ultus
3823 880 3913 919 es.

2318 951 2593 1008 Undenam
2639 953 2754 1007 lure
2783 953 2946 1008 veiba
2978 954 3191 1009 inducta
3232 964 3378 1020 sunt,
3424 956 3595 1024 turpia
3635 965 3689 1010 et
3724 957 3917 1025 periti-

2314 1043 2480 1110 ciosa,
2510 1059 2630 1114 quae
2658 1044 2821 1099 vitam
2870 1054 3107 1099 nostram
3155 1053 3211 1100 et
3252 1045 3637 1115 rempublicam
3678 1046 3916 1102 subver-

2317 1133 2470 1188 tunt?
2501 1149 2699 1201 nonne,
2731 1136 2854 1203 quia
2885 1135 2996 1190 Deo
3024 1135 3362 1192 adversantia
3407 1136 3721 1206 loquimur?
3746 1138 3912 1205 Quod

2316 1224 2459 1279 enim
2501 1224 2607 1279 Deo
2635 1224 2812 1280 reddit
2836 1227 3115 1296 aequalem,
3148 1241 3340 1296 nempe
3380 1241 3487 1282 non
3516 1242 3575 1282 se
3601 1228 3806 1293 ulcisci,
3852 1229 3914 1284 id

2317 1325 2371 1371 tu
2399 1316 2562 1370 risum
2588 1326 2803 1386 reputas
2827 1331 2967 1372 esse.
2994 1316 3182 1372 Nonne
3214 1317 3334 1374 ideo
3372 1319 3484 1373 risu
3514 1320 3660 1391 digni
3694 1336 3914 1387 sumus,

2315 1419 2369 1462 et
2393 1407 2533 1479 apud
2560 1422 2658 1463 nos
2685 1408 2830 1478 ipsos
2870 1418 2924 1464 et
2950 1409 3089 1479 apud
3118 1411 3370 1480 gentiles,
3412 1411 3555 1482 quod
3603 1413 3674 1467 ita
3715 1400 3915 1468 contra

2319 1498 2482 1553 Deum
2516 1498 2839 1567 loquamur?

2396 1588 2625 1644 Historia
2661 1590 2847 1659 reperti
2893 1591 3135 1646 thesauri.
3165 1622 3233 1631 —
3263 1592 3399 1647 Volo
3437 1594 3709 1664 quidpiam
3748 1611 3918 1653 enar-

2319 1695 2439 1735 rare
2465 1681 2604 1751 apud
2633 1691 2841 1736 veteres
2877 1693 3106 1752 gestum,
3137 1699 3243 1738 non
3274 1686 3415 1740 circa
3459 1685 3614 1753 iram,
3644 1687 3736 1742 sed
3763 1690 3915 1743 circa

2320 1774 2621 1840 pecuniam.
2661 1771 2790 1826 Erat
2819 1773 3031 1828 cuidam
3061 1775 3341 1844 praedium,
3373 1779 3641 1832 oeculunu
3682 1780 3917 1834 thesau—

2318 1879 2435 1917 rum
2466 1864 2689 1928 habens,
2733 1864 2901 1919 inscio
2932 1867 3169 1931 domino,
3199 1868 3340 1938 quod
3372 1871 3460 1924 ille
3487 1872 3725 1926 vendidit
3751 1892 3763 1927 :
3794 1889 3923 1927 em—

2320 1964 2442 2024 ptor
2470 1971 2601 2010 vero
2628 1971 2747 2010 cum
2778 1956 3003 2021 foderet,
3028 1968 3084 2011 ut
3110 1958 3373 2026 plantaret
3396 1970 3451 2015 et
3478 1972 3708 2028 curaret,
3741 1964 3923 2031 depo—

2320 2048 2478 2102 situm
2508 2048 2814 2103 thesaurum
2856 2049 3079 2104 invenit.
3107 2051 3257 2117 Quod
3287 2068 3406 2107 cum
3437 2053 3713 2109 didicisset
3742 2057 3786 2109 is
3816 2059 3921 2126 qui

2320 2139 2652 2204 vendiderat,
2686 2140 2907 2196 veniens
2932 2151 3230 2211 emptorem
3260 2144 3483 2212 cogebat
3513 2154 3568 2199 ut
3598 2144 3921 2202 thesaurum

2322 2229 2592 2294 redderet,
2625 2229 2806 2285 dicens
2835 2246 2893 2286 se
2914 2231 3173 2300 praedium
3198 2232 3520 2301 vendidisse,
3553 2251 3657 2289 non
3687 2235 3919 2291 thesau-

2323 2340 2461 2377 rum.
2492 2323 2587 2377 llle
2614 2333 2799 2378 contra
2838 2325 3126 2394 repellebat
3170 2341 3291 2379 eum
3323 2326 3525 2393 dicens,
3559 2342 3617 2382 se
3648 2329 3919 2398 praedium

2320 2431 2442 2472 cum
2472 2415 2725 2471 thesauro
2748 2417 2964 2481 emisse,
2994 2425 3048 2471 ct
3088 2432 3147 2472 se
3175 2417 3274 2472 hoc
3303 2418 3434 2473 nihil
3461 2434 3670 2475 curare.
3702 2422 3813 2476 Res
3861 2424 3920 2477 in

2323 2507 2469 2562 litem
2496 2508 2638 2561 inter
2677 2508 2867 2562 ambos
2898 2522 3052 2562 versa
3082 2518 3186 2574 est,
3235 2508 3330 2563 illo
3356 2509 3505 2564 reddi
3547 2511 3646 2566 sibi
3673 2512 3917 2580 volente,

2322 2598 2600 2668 alteroque
2652 2607 2899 2668 negante.
2952 2597 3251 2655 lncidcntes
3308 2610 3488 2656 autem
3541 2603 3593 2657 in
3638 2604 3921 2661 hominem

2324 2690 2626 2760 quempiam
2660 2688 2969 2758 litigabant;
2997 2690 3297 2760 deindequc
3320 2691 3711 2763 interrogaruut
3734 2695 3919 2763 illum,

2324 2782 2408 2836 cui
2437 2782 2662 2838 deberet
2709 2782 2990 2837 thesaurus
3038 2784 3351 2853 adjudicari.
3382 2785 3476 2842 Ille
3505 2803 3631 2843 vero
3653 2803 3759 2843 non
3790 2805 3926 2844 sen-

2325 2876 2543 2944 tentiam
2574 2875 2716 2941 tulit,
2745 2874 2983 2945 dixitque
3011 2890 3069 2931 se
3099 2877 3246 2932 litem
3271 2879 3569 2935 soluturum
3599 2896 3739 2945 esse,
3768 2884 3924 2952 quod

2326 2968 2439 3037 ipse
2467 2968 2714 3023 dominus
2740 2976 2901 3022 esset.
2934 2967 3001 3022 Et
3026 2968 3133 3022 illis
3162 2971 3521 3026 annuentibus
3552 2981 3771 3042 accepto
3794 2974 3926 3029 the-

2327 3075 2509 3128 sauro,
2537 3063 2817 3118 innumera
2848 3063 3041 3119 deinde
3078 3065 3213 3118 mala
3243 3080 3432 3135 passus
3468 3075 3575 3132 est,
3606 3075 3660 3122 et
3684 3082 3743 3122 re
3769 3067 3924 3123 didi-

2326 3154 2420 3219 cit,
2447 3154 2569 3224 jure
2599 3156 2719 3211 illos
2747 3156 2814 3211 ab
2856 3155 2957 3211 hoc
2993 3158 3333 3213 abstinuisse.
3369 3159 3481 3213 Hoc
3524 3169 3578 3214 et
3603 3160 3748 3214 circa
3780 3160 3926 3215 iram

2330 3245 2441 3300 fieri
2486 3255 2721 3315 oportet,
2755 3254 2812 3301 ut
2850 3256 2904 3301 et
2934 3262 3032 3301 nos
3081 3249 3489 3319 contendamus,
3522 3266 3629 3304 non
3666 3265 3785 3305 esse
3828 3266 3925 3305 su-

2328 3338 2575 3396 mendam
2599 3339 2875 3403 ultionem,
2895 3347 2951 3393 et
2970 3339 3058 3409 qui
3091 3339 3345 3395 Izeserunt
3370 3340 3717 3406 contendant,
3750 3357 3927 3411 opor-

2330 3439 2442 3485 tere
2468 3446 2528 3487 se
2550 3445 2735 3501 poenas
2762 3431 2910 3485 dare.
2945 3432 3048 3487 Sed
3078 3432 3259 3487 forsan
3286 3434 3401 3488 haec
3440 3434 3660 3489 ridicula
3692 3436 3928 3491 videan-

2332 3534 2436 3577 tur.
2465 3523 2690 3591 Quando
2711 3522 2853 3577 enim
2882 3523 2996 3578 haec
3024 3524 3228 3579 insania
3247 3525 3534 3581 admodum
3557 3536 3803 3596 occupat,
3829 3531 3929 3598 qui

2332 3614 2572 3669 modeste
2600 3622 2764 3684 agunt
2787 3614 3098 3681 irridentur,
3122 3623 3176 3669 et
3197 3615 3332 3669 inter
3350 3616 3675 3671 insanientes
3698 3619 3927 3684 multos,

2331 3705 2419 3773 qui
2449 3719 2555 3758 non
2584 3704 2782 3757 insanlt
2827 3705 3034 3759 videtur
3075 3705 3330 3760 insanire.
3368 3706 3726 3773 Quamobrem
3756 3708 3929 3764 obse-

2333 3810 2446 3861 cro,
2474 3797 2727 3862 feramus,
2756 3810 2962 3866 nosque
3002 3797 3394 3864 contineamus,
3422 3807 3478 3851 ut
3515 3801 3783 3867 possimus
3820 3800 3932 3856 hoc

2338 3885 2638 3954 pernicioso
2681 3885 2871 3941 morbo
2916 3885 3089 3953 liberi,
3135 3902 3358 3957 regnum
3403 3889 3652 3942 caelorum
3684 3892 3928 3960 asquui,

2335 3977 2502 4047 gratia
2533 3985 2587 4032 et
2616 3977 3050 4032 miserationibus
3078 3976 3333 4048 unigeniti
3364 3978 3504 4044 Filii,
3533 3979 3744 4047 quicum
3778 3980 3933 4035 Patri

2336 4078 2387 4121 et
2420 4066 2643 4136 Spiritui
2680 4075 2866 4121 sancto
2910 4066 3101 4136 gloria,
3136 4068 3439 4137 imperium,
3486 4069 3673 4135 honor,
3703 4086 3845 4126 nunc
3878 4081 3937 4127 et

2336 4172 2569 4227 semper,
2598 4166 2652 4213 et
2680 4158 2733 4211 in
2764 4157 2959 4212 sarcula
2988 4158 3329 4212 steculorum.
3356 4160 3547 4215 Amen.

1991 4363 2336 4425 HOMILIA
2377 4364 2574 4426 XLII.

650 4512 778 4567 CAP.
817 4511 897 4566 l9.
928 4526 980 4569 .v.
1013 4510 1104 4565 21.
1156 4508 1254 4565 His
1296 4518 1464 4564 autem
1503 4510 1732 4581 expletis,
1780 4508 2039 4579 praposuit
2090 4506 2229 4562 Pau-

725 4607 803 4658 lus
829 4605 878 4656 in
910 4602 1125 4673 Spiritu,
1159 4602 1372 4655 transitu
1418 4600 1722 4655 Macedonia
1760 4610 1806 4653 et
1834 4599 2024 4654 Achaia
2050 4599 2124 4653 ire
2143 4597 2237 4653 Je-

725 4693 1051 4763 rosolymam,
1082 4693 1252 4748 dicens
1276 4708 1296 4746 :
1338 4691 1611 4763 Postquam
1641 4692 1785 4761 [uero
1810 4691 1896 4759 ibi,
1934 4700 2127 4761 oportet
2157 4706 2235 4744 me

728 4794 773 4838 rt
806 4783 1018 4839 Romam
1048 4784 1234 4838 uidere.
1257 4782 1348 4836 22.
1380 4783 1590 4837 Mittens
1615 4792 1781 4837 autem
1805 4783 1859 4836 in
1887 4781 2235 4835 Macedoniam

730 4877 856 4929 duos
885 4890 949 4929 ea:
974 4874 1368 4928 ministrantibus
1408 4876 1499 4929 sibi
1528 4874 1846 4929 Timotheum
1884 4884 1931 4929 et
1972 4874 2232 4940 Erastum,

727 4968 837 5037 ipse
856 4967 1093 5020 remansit
1117 4967 1185 5019 ad
1205 4975 1400 5035 tempus
1419 4972 1471 5020 in
1503 4966 1641 5019 Asia.
1664 4966 1754 5021 25.
1788 4965 1946 5020 Facta
1974 4977 2043 5021 est
2070 4976 2237 5021 autem

726 5058 817 5112 illo
844 5066 1064 5127 tempore
1087 5057 1307 5110 turbatio
1334 5074 1431 5110 non
1462 5058 1669 5110 minima
1696 5058 1759 5111 de
1779 5058 1877 5110 via.

729 5150 782 5203 1.
825 5147 968 5201 Satis
996 5157 1233 5201 moratus
1265 5147 1318 5200 in
1350 5147 1438 5201 illa
1480 5148 1715 5215 civitate,
1752 5149 1867 5202 vult
1898 5147 2087 5202 iterum
2133 5148 2237 5203 alio

657 5240 930 5308 migrare:
957 5236 1079 5291 ideo
1109 5238 1269 5291 mittit
1304 5236 1643 5294 Timotheum
1672 5248 1727 5295 et
1752 5241 2000 5295 Erastum
2035 5241 2086 5294 in
2128 5240 2239 5295 Ma-

657 5330 959 5395 cedoniam,
990 5330 1105 5400 ipse
1134 5345 1263 5385 vero
1286 5338 1468 5385 manet
1487 5331 1707 5401 Ephesi.
1738 5333 2015 5400 Quomodo
2034 5344 2235 5398 autem,

659 5421 812 5475 initio
838 5422 1027 5476 volens
1048 5421 1099 5476 in
1126 5421 1336 5492 Syriam
1369 5422 1539 5488 abire,
1587 5422 1639 5477 in
1670 5423 2029 5479 Macedoniam
2059 5440 2239 5480 rever-

661 5512 827 5565 titur?
852 5512 922 5567 Ut
955 5512 1202 5568 ostendat
1228 5528 1287 5567 se
1328 5529 1435 5567 non
1476 5515 1654 5568 omnia
1702 5530 1766 5569 ex
1796 5517 2008 5585 pr0pria
2040 5517 2237 5572 virtute

661 5601 860 5655 facere.
884 5600 997 5656 Jam
1028 5602 1310 5670 prophetat
1340 5602 1523 5658 dicens
1556 5621 1567 5657 :
1603 5602 1810 5673 Oportet
1840 5622 1917 5658 me
1945 5614 1989 5657 α
2021 5604 2237 5659 Romam

660 5690 848 5746 videre.
884 5689 996 5747 Hoc
1021 5707 1147 5749 vero
1194 5692 1419 5749 fortasse
1453 5694 1599 5761 dicit,
1626 5705 1679 5750 ut
1709 5697 2013 5752 consoletur
2039 5711 2153 5767 eos,
2181 5710 2240 5754 ut

2341 4508 2431 4578 qui
2470 4522 2575 4563 non
2622 4504 2835 4565 maneat
2862 4511 3100 4581 quidem,
3132 4513 3225 4567 sed
3276 4528 3461 4570 rursus
3491 4516 3703 4573 vicinus
3740 4532 3935 4574 eorum

2343 4598 2550 4654 futurus
2574 4602 2666 4665 sit,
2694 4608 2748 4655 et
2777 4602 3055 4671 prophetia
3076 4603 3456 4674 discipulorum
3479 4610 3687 4663 animos
3708 4611 3936 4668 excitat.

2344 4691 2477 4745 llinc
2506 4691 2637 4746 mihi
2667 4691 2877 4747 videtur
2915 4693 3114 4763 Ephesi
3144 4695 3438 4752 Corinthiis
3480 4698 3715 4754 scribere
3755 4714 3820 4755 ac
3847 4704 3938 4758 di-

2341 4799 2463 4839 cere
2496 4802 2509 4839 :
2548 4783 2684 4839 Nolo
2728 4802 2813 4840 vos
2850 4787 3086 4858 ignorare
3124 4788 3188 4843 de
3232 4790 3553 4846 tribulatione
3590 4802 3783 4861 nostra,
3820 4813 3938 4866 qua

2344 4880 2478 4945 facta
2505 4888 2577 4933 est
2606 4879 2657 4932 in
2687 4879 2808 4933 Asia
2839 4879 2915 4951 (2.
2949 4879 3065 4935 Cor.
3091 4882 3142 4936 l.
3172 4881 3247 4952 8).
3277 4883 3411 4950 Quia
3440 4886 3582 4940 enim
3609 4888 3935 4957 promiserat

2342 4984 2400 5024 se
2430 4969 2745 5026 Corinthum
2789 4988 2907 5027 esse
2936 4982 3243 5042 venturum,
3290 4977 3435 5047 quod
3486 4993 3664 5033 moras
3708 4986 3936 5038 traxerit

2344 5076 2466 5117 sese
2496 5073 2703 5133 purgat,
2750 5073 2803 5118 et
2834 5067 3179 5122 tentationem
3225 5078 3518 5136 memorat,
3570 5087 3690 5141 qua:
3736 5074 3935 5131 Deme-

2347 5154 2505 5208 trium
2534 5163 2779 5223 spectant
2810 5171 3088 5213 enarrans.
3125 5158 3276 5214 Hunc
3304 5161 3448 5215 enim
3481 5162 3787 5219 subindicat
3810 5182 3935 5222 cum

2344 5242 2470 5298 dicit
2492 5244 2851 5300 turbationem
2880 5262 2986 5301 non
3032 5248 3305 5303 minimam
3337 5250 3405 5306 de
3432 5252 3539 5306 via.
3563 5252 3767 5309 Russus
3795 5259 3934 5327 peri.

2344 5336 2544 5401 culum,
2574 5352 2759 5390 rursus
2791 5339 3043 5393 turbatio.
3072 5340 3261 5396 Viden’
3288 5358 3449 5412 quam
3475 5344 3545 5399 sit
3566 5349 3937 5416 conspicuus?

2344 5426 2505 5481 Facta
2544 5439 2667 5482 sunt
2700 5429 2846 5498 signa
2877 5430 3108 5501 duplicia
3141 5450 3155 5487 :
3189 5432 3262 5487 illi
3301 5449 3429 5490 vero
3473 5439 3931 5496 contradiecbant.

2344 5517 2432 5573 Sic
2464 5534 2557 5587 per
2584 5521 2761 5574 omnia
2804 5537 2891 5577 res
2931 5532 3309 5584 contexuntur.
3340 5529 3430 5583 24.
3476 5529 3765 5586 Demetrius
3806 5536 3937 5588 enim

2344 5610 2550 5677 quidam
2598 5611 2816 5677 nomine,
2864 5616 3212 5684 argentarius,
3261 5619 3451 5685 faciens
3500 5620 3633 5673 a'des
3674 5635 3934 5692 argenteas

2344 5700 2547 5769 Dianae,
2584 5708 2853 5771 prcestabat
2892 5708 3169 5777 artiﬁcibus
3206 5726 3317 5779 [ton
3365 5713 3614 5767 modicum
3660 5724 3925 5783 qua'stum.
