4072 6408
476 430 578 484 297
1258 434 1317 490 S.
1358 431 1642 488 JOANNIS
1678 427 2171 487 CIIRYSOSTOMI
2207 427 2531 485 ARCIHEP.
2571 429 3126 489 CONSTANTINUP.

477 555 710 623 περὶτὰ
763 547 1004 602 τοιαῦτα
1036 546 1310 617 ἐργάτας,
1361 544 1546 600 εἶπεν·
1601 547 1862 613 Ἄνδρες,
1901 547 2144 601 ἐπίστα-

3813 433 3928 490 998

2250 539 2392 615 ἦσαν
2419 546 2903 617 εὐκαταφρόνητοι,
2930 546 3006 610 ὡς
3055 547 3188 600 πᾶσι
3220 546 3559 618 προκεῖσθαι.
3603 546 3935 600 Ἀκούσαν-

478 646 607 703 σθε,
641 639 730 692 ὅτι
776 637 845 690 ἐκ
893 636 1110 702 ταύτης
1146 633 1256 702 τῆς
1283 635 1566 702 ἐργασίας
1612 635 1650 701 ή
1682 635 1933 702 εὐπορία
1976 634 2144 702 ἡμῶν
2247 647 2345 696 τες
2381 630 2467 695 δὲ,
2516 633 2616 685 καὶ
2662 634 2971 703 γενόμενοι
3005 633 3264 702 πλήρεις
3285 633 3497 701 θυμοῦ,
3530 633 3716 702 φησὶν,
3746 631 3939 700 ἔκρα-

479 730 627 782 ἑστι·
657 724 754 778 καὶ
785 723 1049 792 θεωρεῖτε
1071 722 1168 776 καὶ
1202 721 1471 783 ἀκούετε,
1508 719 1598 773 ὅτι
1622 721 1693 775 οὐ
1739 723 1934 790 μόνον
1972 722 2140 789 Ἑφέ-

475 831 613 877 σου,
641 812 803 868 ἀλλὰ
824 812 926 865 καὶ
949 811 1177 881 σχεδὸν
1195 809 1399 875 πάσης
1422 807 1533 877 τῆς
1572 809 1776 876 Ἀσίας
1827 812 1860 864 ό
1899 811 2144 876 Παῦλος

474 899 656 967 οὗτος
677 900 896 965 πείσας
922 897 1302 969 μετέστησεν
1333 895 1524 965 ὄχλον
1551 898 1782 961 ίκανὸν,
1807 894 2022 966 λέγων,
2053 894 2142 948 ὅτι

477 993 601 1044 Οὺκ
627 989 747 1043 είσὶ
775 988 894 1043 θεοί
922 990 977 1041 οί
998 984 1095 1038 διὰ
1121 983 1340 1054 χειρῶν
1359 982 1686 1052 ἀνθρώπων
1714 985 2028 1053 γινόμενοι.
2059 985 2142 1037 Οὐ

469 1077 666 1147 μόνον
697 1076 764 1129 δὲ
784 1075 960 1130 τοῦτο
989 1071 1324 1126 κινδυνεύει
1352 1071 1498 1140 ημῖν
1521 1071 1586 1125 τὸ
1608 1072 1788 1140 μέρος
1813 1074 1899 1137 είς
1923 1073 2141 1126 ἀπελε-

474 1166 629 1234 γμὸν
666 1162 885 1226 ἐλθεῖν,
916 1159 1077 1215 ἀλλὰ
1125 1158 1225 1212 καί
1255 1161 1321 1212 τὸ
1359 1157 1469 1225 τῆς
1502 1158 1773 1228 μεγάλης
1816 1157 1954 1224 θεᾶς
1983 1160 2143 1228 ἱερὸν

486 1250 822 1321 Ἀρτέμιδος
867 1251 955 1314 εὶς
986 1246 1176 1302 οὐδὲν
1223 1245 1602 1316 λογισθῆναι,
1626 1247 1876 1315 μέλλειν
1923 1245 1991 1298 δέ
2041 1247 2139 1300 καὶ

475 1331 886 1400 καθαιρεῖσθαι
945 1329 1064 1400 τὴν
1109 1330 1540 1398 μεγαλειότητα
1584 1327 1796 1396 αὐτῆς,
1827 1327 1907 1395 ἢν
1939 1329 2052 1395 ὅλη
2101 1331 2139 1399 ἡ

474 1420 648 1475 Ἀσία
679 1419 778 1472 καὶ
808 1418 846 1486 ἡ
874 1417 1196 1487 οἰκουμένη
1241 1418 1497 1472 σέϐεται.
1531 1414 1743 1479 Ποιῶν,
1775 1417 1929 1487 φησὶ,
1957 1417 2142 1483 ναοὺς

472 1506 767 1575 ἀργυροῦς
828 1505 1187 1574 Ἀρτέμιδος.
1221 1505 1335 1559 Καὶ
1379 1505 1498 1566 πῶς
1550 1503 1628 1557 ἐνι
1663 1506 1824 1568 ναοὺς
1869 1505 2143 1576 ἀργυροῦς

471 1592 760 1661 γενέσθαι;
796 1594 955 1654 Ἴσως
987 1593 1061 1655 ὡς
1085 1591 1318 1663 κιϐωρια
1361 1591 1553 1662 μικράο
1600 1591 1771 1663 πολλὴ
1803 1593 1912 1664 γὰρ
1940 1592 2142 1662 ταύτης

470 1677 540 1752 ἦν
562 1683 596 1750 ἡ
624 1681 759 1750 τιμὴ
786 1683 844 1734 ἐν
879 1679 1110 1750 Ἐφέσῳ,
1151 1681 1285 1733 ὅπου
1308 1681 1402 1734 καὶ
1429 1680 1490 1733 τὸ
1537 1680 1679 1751 ἱερὸν
1704 1681 1883 1734 αὐτῶν
1929 1683 2144 1752 ἐμπρη-

474 1768 602 1822 σθὲν
631 1769 802 1831 οὕτως
831 1761 1100 1837 ἐλύπησεν
1132 1767 1352 1832 αὐτοὺς,
1379 1769 1455 1830 ὼς
1502 1766 1593 1820 τὸν
1627 1769 1988 1839 ἐμπρήσαντα
2048 1787 2141 1822 κε-

473 1855 651 1908 λεύειν
679 1855 814 1925 μηδὲ
839 1855 1064 1925 ὀνόματι
1086 1853 1364 1922 λέγεσθαι.
1396 1855 1539 1924 Ὅρα
1566 1857 1840 1926 πανταχοῦ
1862 1856 1961 1927 τὴν
1987 1857 2142 1910 εἰδω-

473 1941 785 2012 λολατρείαν
813 1942 920 1995 ἀπὸ
953 1942 1251 2012 χρημάτων
1281 1943 1592 2013 γινομένην.
1618 1945 1874 1998 Κάκεῖνοι
1895 1944 1983 1999 διὰ
2010 1946 2142 2015 χρή-

475 2049 644 2102 ματα,
669 2031 760 2084 καὶ
813 2023 967 2093 οὗτος
1000 2030 1088 2082 διὰ
1117 2033 1393 2102 χρήματα·
1427 2031 1525 2100 οὐχ
1575 2032 1654 2093 ὡς
1713 2033 1810 2101 τῆς
1862 2032 2142 2096 εὐσεϐείας

473 2117 884 2187 κινδυνευούσης
923 2119 1126 2180 αὐτοῖς,
1161 2117 1272 2170 ἀλλ’
1301 2117 1376 2180 ὼς
1397 2116 1490 2170 τοῦ
1532 2117 1804 2187 πορισμοῦ
1828 2117 1926 2190 τὴν
1955 2119 2144 2172 ὑπόθε-

474 2222 559 2258 σιν
590 2205 690 2256 οὐκ
727 2201 958 2273 ἔχοντος.
1015 2205 1125 2256 Καὶ
1159 2203 1349 2256 σκόπει
1396 2203 1594 2257 κακίαν
1635 2204 1845 2275 ἀνδρόςο
1897 2203 2142 2276 Εῦπορος

472 2288 543 2363 ἦν
586 2291 771 2356 αὐτὸς,
801 2293 896 2343 καὶ
923 2290 1071 2360 αὐτῷ
1117 2291 1214 2361 μὲν
1247 2291 1308 2343 ού
1348 2289 1583 2361 τοσαύτη
1627 2290 1817 2361 ἔμελλε
1857 2291 2028 2362 βλάϐη
2059 2310 2146 2362 γε·

476 2379 661 2431 νέσθαι
708 2380 770 2430 ἐκ
803 2376 1025 2430 τούτου⁶
1073 2376 1302 2439 ἐκείνοις
1334 2375 1391 2429 δὲ
1443 2372 1510 2446 ἦν
1557 2377 1749 2448 πολλὴ,
1786 2378 1881 2432 ἆτε
1919 2379 2144 2449 πένησιν

473 2461 594 2519 οὖσι
651 2465 745 2518 καὶ
774 2464 882 2518 ἀπὸ
913 2464 1014 2532 τῆς
1068 2462 1191 2515 καθ’
1220 2463 1430 2531 ἡμέραν
1473 2465 1734 2534 ἐργασίας
1770 2467 2139 2536 τρεφομένοις.

472 2553 584 2606 Καὶ
610 2551 758 2622 ὅμως
787 2545 930 2604 οῦτοι
955 2550 1049 2620 μὲν
1071 2549 1220 2602 οὐδὲν
1247 2549 1513 2617 λέγουσιν,
1537 2549 1698 2613 αὐτὸς
1718 2550 1775 2603 δέ
1793 2567 1807 2580 ·
1855 2555 2143 2618 κοινωνοὺς

472 2641 530 2694 δὲ
572 2639 730 2702 ὄντας
761 2639 957 2700 αὐτοὺς
993 2640 1092 2707 τῆς
1131 2636 1349 2706 τέχνης,
1404 2639 1690 2701 κοινωνοὺς
1745 2639 2008 2710 λαμϐάνει
2049 2644 2144 2696 καὶ

474 2727 568 2780 τοῦ
604 2726 852 2796 θορύϐου.
887 2721 1019 2779 Εἶτα
1045 2724 1139 2776 καὶ
1163 2724 1252 2777 τὸν
1279 2724 1522 2779 κίνδυνον
1555 2724 1808 2796 ηὔξησεν,
1833 2729 2141 2797 ἐπαγαγὼν,

474 2814 556 2866 ὅτι
606 2811 950 2866 Κινδυνεύει
983 2810 1129 2879 ἡμῖν
1172 2811 1348 2864 τοῦτο
1391 2811 1457 2864 τὸ
1490 2811 1671 2880 μέρος
1694 2815 1782 2878 εἰς
1804 2814 2146 2885 ἀπελεγμὸν

473 2897 689 2953 ἐλθεῖν.
726 2897 894 2951 Τοῦτο
912 2897 1021 2968 γὰρ
1046 2897 1231 2967 σχεδὸν
1256 2897 1342 2950 διά
1375 2897 1564 2950 τούτου
1591 2899 1764 2968 δηλοῖ,
1789 2901 1872 2952 ὅτι
1911 2903 2019 2954 άπὸ
2046 2904 2145 2974 τῆς

473 2987 668 3057 τέχνης
696 2984 899 3055 ταύτης
928 2983 1307 3054 κινδυνεύομεν
1336 2984 1415 3047 είς
1447 2983 1604 3055 λιμὸν
1639 2986 1917 3056 ἐμπεσεῖν.
1949 2989 2143 3043 Καίτοι

474 3075 543 3128 τὰ
569 3072 837 3144 εἰρημένα
866 3071 1028 3124 ἱκανά
1060 3073 1140 3134 είς
1177 3069 1461 3124 εὐσέϐειαν
1493 3072 1688 3136 αὐτοὺς
1716 3074 1972 3142 ἀγαγεῖν·
2008 3076 2145 3130 ἀλλά

474 3160 808 3231 ταλαίπωροι
836 3175 978 3222 τινες
1001 3158 1152 3221 ὅντες
1178 3159 1272 3211 καὶ
1297 3158 1518 3230 ψυχροὶ,
1545 3160 1985 3216 ἐπισυνίστανται
2011 3164 2146 3236 μᾶλς

475 3249 589 3312 λον,
610 3250 705 3302 καὶ
727 3248 826 3300 οὐκ
847 3245 1138 3311 ἐννοοῦσιν,
1163 3246 1243 3298 ὅτι
1270 3247 1332 3299 Ei
1359 3249 1388 3300 6
1415 3247 1698 3316 ἅνθρωπος
1727 3242 1880 3313 οὗτος
1909 3252 2146 3307 τοσαῦτα

481 3335 655 3407 ίσχύει
689 3335 765 3399 ὼς
819 3335 1150 3405 μεταστῆσαι
1191 3335 1418 3398 πάντας,
1454 3336 1548 3388 καὶ
1601 3336 1896 3391 κινδυνεύει
1937 3341 2004 3393 τά
2036 3341 2146 3393 τῶν

477 3427 636 3490 θεῶν,
689 3426 874 3494 ἡλίκος
929 3427 958 3477 6
1007 3423 1198 3476 τούτου
1244 3423 1403 3487 Θεόςί
1458 3424 1552 3478 καὶ
1600 3424 1682 3478 ὅτι
1732 3426 1917 3498 Πολλῷ
1948 3429 2145 3498 μᾶλλον

476 3515 658 3566 ἐκεῖνα
689 3513 819 3582 ἡμῖν
865 3509 1048 3576 δώσει,
1085 3509 1226 3580 ὑπὲρ
1254 3503 1328 3562 ὧν
1364 3511 1698 3581 φοϐούμεθα.
1728 3515 1864 3585 Ἤδη
1903 3533 2134 3586 προκατ-

476 3600 667 3653 έλαϐεν
712 3597 890 3651 αὐτῶν
918 3597 1016 3659 τὰς
1037 3597 1235 3668 ψμχάς,
1261 3597 1455 3665 λέγων,
1481 3599 1561 3652 ὅτι
1605 3602 1726 3654 Οὐκ
1767 3603 1886 3656 είσὶ
1931 3604 2051 3658 θεοὶ
2089 3607 2143 3658 οἱ

476 3686 595 3741 ὑπὸ
649 3684 866 3756 χειρῶν
893 3683 1218 3752 ἀνθρώπων
1249 3685 1567 3754 γινόμενοι.
1609 3687 1753 3758 ’Ὅρα
1806 3689 1946 3762 ὑπὲρ
2001 3692 2144 3757 τίνος

477 3771 876 3841 ἀγανακτοῦσιν
911 3771 1168 3840 Ἕλληνες
1192 3787 1205 3800 ·
1244 3772 1433 3841 ἐπειδὴ
1467 3768 1641 3837 εἶπεν,
1676 3776 1759 3827 ὅτι
1797 3780 1860 3829 Ol
1889 3779 2006 3831 ὑπὸ
2041 3780 2145 3833 ἀν-

479 3864 725 3929 θρώπων
763 3860 1081 3929 γινόμενοι,
1122 3861 1232 3911 οὐκ
1259 3859 1377 3912 εἰσὶ
1407 3860 1550 3913 θεοί.
1584 3861 1864 3932 Πανταχοῦ
1918 3866 1997 3929 είς
2048 3867 2146 3938 τὴν

477 3950 672 4019 τέχνην
694 3947 824 4000 ὠθεῖ
853 3947 945 3999 τὸν
970 3945 1144 4012 λόγον.
1172 3941 1302 3998 Εἶτα
1324 3947 1385 3998 τὸ
1417 3947 1649 4017 μάλιστα
1677 3950 1875 4014 αὐτοὺς
1899 3952 2146 4024 λυπῆσαν

478 4037 704 4106 ὕστερον
730 4034 933 4106 τίθησι,
963 4034 1138 4100 λέγων
1159 4048 1172 4062 ·
1226 4035 1308 4086 Οὐ
1351 4034 1627 4103 μόνονδέ
1660 4037 1836 4092 τοῦτο
1871 4039 1938 4092 τὸ
1968 4041 2147 4109 μέρος

475 4121 839 4176 κινδυνεύει·
885 4121 1158 4183 τουτέστι,
1206 4119 1327 4172 Τῶν
1370 4121 1482 4190 μὲν
1525 4121 1702 4177 ἀλλων
1752 4127 1924 4192 οὐδεὶς
1963 4127 2139 4196 λόγος,

477 4210 590 4263 ἀλλ’
619 4209 702 4263 ὅτι
723 4209 818 4262 καὶ
839 4208 900 4260 τὸ
920 4208 1019 4276 τῆς
1044 4208 1283 4278 μεγάλης
1311 4207 1439 4271 θεᾶς
1461 4210 1606 4280 ἱερὸν
1635 4212 1946 4282 Ἀρτέμιδος
1965 4217 2145 4269 κινδυ-

479 4296 624 4349 νεύει
682 4295 1082 4366 καθαιρεῖσθαι.
1142 4290 1277 4347 Εἷτα
1327 4296 1411 4349 ἵνα
1469 4297 1544 4367 μὴ
1592 4297 1717 4370 δόξῃ
1762 4304 2143 4374 χρηματισμοῦ

479 4386 664 4440 ’ἕνεκεν
690 4384 870 4452 λέγειν
903 4383 1096 4449 ταῦτα,
1128 4385 1228 4454 δρα
1250 4382 1304 4436 τί
1331 4383 1714 4456 προστίθησιν·
1754 4387 1866 4439 Ἦν
1888 4387 1927 4455 η
1951 4389 2147 4442 οίκου-

474 4477 633 4546 μένη
667 4472 919 4528 σέϐεται.
961 4472 1122 4542 Ὁρᾷς
1153 4470 1269 4534 πῶς
1291 4471 1454 4536 ἔδειξε
1485 4472 1654 4542 μείζω
1682 4473 1782 4543 τὴν
1811 4473 1904 4528 τοῦ
1933 4475 2145 4530 Παύλου

478 4563 731 4632 δύναμιν,
763 4561 970 4622 πάντας
1004 4558 1222 4620 ἀθλίους
1255 4560 1350 4617 καὶ
1380 4557 1758 4629 ταλαιπώρους
1783 4562 1980 4625 αὐτοὺς
2007 4563 2145 4615 ἀπο-

481 4652 704 4718 φαίνων,
723 4648 849 4718 είγε
861 4648 955 4703 ἀνθ
965 4665 1142 4718 ρωπος
1172 4647 1528 4719 ἐλαυνόμενος
1553 4649 1647 4701 καὶ
1679 4653 1998 4720 σκηνοποιὸς
2020 4671 2146 4707 τοσ-

482 4738 623 4790 αῦτα
669 4737 929 4799 δύναται;
974 4737 1115 4805 Ὅρα
1148 4736 1278 4805 παρ’
1319 4735 1531 4806 ἐχθρῶν
1567 4736 1665 4801 τὰς
1698 4739 2001 4807 μαρτυρίας
2035 4743 2146 4804 τοῖς

483 4823 800 4884 ἀποστόλοις
839 4825 1144 4892 γινομένας.
1190 4824 1334 4876 Ἐκεῖ
1373 4824 1471 4894 μὲν
1499 4823 1703 4892 ἔλεγον,
1739 4825 1885 4879 Ἰδοὺ
1917 4831 2145 4896 πεπλη-

475 4909 705 4978 ρώκατε
723 4910 1234 4978 τὴνἹερουσαλῂμ
1255 4910 1364 4978 τῆς
1386 4911 1634 4979 διδαχῆς
1656 4912 1822 4981 ὑμῶν
1839 4931 1853 4943 ·
1887 4915 2141 4982 ἐνταῦθα,

481 4999 563 5048 ὅτι
592 4996 814 5049 Μέλλει
847 4996 1249 5063 καθαιρεῖσθαι
1276 4995 1382 5064 τῆς
1413 4998 1748 5067 Ἀρτέμιδος
1780 5003 1817 5067 ἡ
1831 5006 2145 5071 μεγαλειό-

480 5101 610 5150 της·
627 5084 769 5146 τότε,
806 5086 868 5135 Ol
921 5083 1033 5150 τὴν
1055 5084 1413 5152 οἰκουμένην
1441 5084 1586 5157 [519]
1611 5088 2144 5159 ἀναστατώσαντες

480 5173 697 5241 ἢκουον,
727 5173 808 5224 ὃτι
845 5165 1018 5224 οὗτοι
1051 5172 1150 5224 καὶ
1187 5171 1400 5225 ἐνθάδε
1457 5171 1724 5240 πάρεισι’
1748 5175 1862 5236 νῦν,
1899 5179 1981 5230 ὃτι
2007 5183 2145 5232 Κιν-

482 5259 717 5311 δυνεύει
745 5257 890 5326 ἡμῖν
917 5257 1090 5310 τοῦτο
1116 5258 1183 5311 τὸ
1204 5259 1385 5326 μέρος
1427 5262 1514 5326 είς
1543 5261 1887 5330 ἀπελεγμὸν
1924 5265 2140 5322 ἐλθεῖν,

483 5345 637 5398 Οῦτω
675 5347 768 5399 καὶ
818 5344 1057 5398 Ἰουδαῖοι
1108 5346 1200 5398 ἐπὶ
1229 5347 1322 5399 τοῦ
1371 5349 1610 5419 Χριστοῦ
1663 5349 1879 5420 ἔλεγον⁹
1925 5353 2141 5421 Ὁρᾶτε,

483 5429 572 5483 ὅτι
609 5435 640 5484 ό
674 5431 900 5500 κόσμος
939 5431 1135 5483 ὀπίσω
1155 5431 1337 5488 αὑτοῦ
1383 5435 1615 5503 ὑπάγει.
1658 5437 1755 5491 καὶ
1787 5438 2143 5497 ἐλεύσονται

483 5520 536 5570 οί
566 5517 828 5585 Ῥωμαῖοι
855 5517 951 5570 καὶ
982 5518 1238 5585 ἀροῦσιν
1256 5519 1422 5588 ἡμῶν
1446 5522 1559 5590 τὴν
1577 5525 1776 5580 πόλιν.
1821 5528 2146 5584 Ἀκούσαν-

479 5623 579 5671 τες
615 5607 683 5658 δὲ
712 5606 893 5659 ταῦτα
928 5607 1330 5676 ἐπλήσθησαν
1358 5613 1568 5681 θυμοῦ.
1620 5616 1754 5668 Πότε
1783 5619 1810 5668 ὁ
1845 5619 2011 5690 θυμὸς
2054 5623 2144 5689 γέ-

480 5709 668 5760 γονεν;
695 5693 823 5745 Ὀτε
855 5694 982 5763 περὶ
1008 5695 1105 5765 τῆς
1133 5697 1448 5768 Ἀρτέμιδος
1485 5701 1744 5770 ἥκουσαν,
1777 5706 1864 5758 ὅτε
1892 5709 2020 5778 περὶ
2051 5711 2154 5762 τοῦ-

398 5833 405 5839 _
481 5778 771 5848 πορισμοῦ,
806 5779 1040 5831 Τοιαῦτα
1069 5783 1175 5853 γὰρ
1205 5783 1273 5836 τά
1305 5786 1411 5838 τῶν
1437 5788 1710 5858 ἀγοραίων
1744 5794 1871 5861 ἢθη,
1905 5797 2013 5848 άπὸ
2048 5799 2140 5848 τοῦ

481 5869 732 5934 τυχόντος
786 5869 1222 5935 συναρπάζεσθαι
1282 5875 1372 5925 καὶ
1418 5875 1756 5932 ἐκκαίεσθαι.
1819 5882 1914 5934 Διὰ
1970 5885 2141 5938 ταῦτα

482 5954 599 6023 μετ’
643 5950 938 6019 ἐξετάσεως
986 5954 1069 6008 δεῖ
1116 5960 1288 6013 ποιεῖν
1331 5961 1560 6016 πάντα·.
1595 5966 1736 6036 Ὅρα
1785 5967 1838 6020 δὲ
1900 5971 2013 6035 πῶς
2050 5976 2142 6028 καὶ

543 6073 558 6094 ⁸
582 6071 745 6120 Πάντα
771 6073 914 6124 deest
938 6073 984 6122 in
1009 6087 1119 6127 uno.

2254 717 2352 778 ζον
2379 719 2656 787 λέγοντες
2682 736 2697 750 ·
2745 721 2991 790 Μεγάλη
3032 724 3072 790 η
3117 725 3383 790 Ἄρτεμις
3435 721 3771 789 Ἐφεσίων]
3821 720 3939 774 Kal

2251 805 2530 874 ἐπλήσθη
2556 806 2594 874 ἠ
2629 807 2806 873 πόλις
2827 809 2940 876 ὅλη
2966 808 3079 877 τῆς
3114 810 3471 878 συγχύσεως
3493 826 3506 838 ·
3551 808 3841 878 ὥρμησάν
3873 826 3945 862 τε

2251 893 2634 963 ὁμοθυμαδὸν
2681 899 2769 960 είς
2837 896 2904 949 τὸ
2960 896 3227 964 θέατρον.
3299 896 3807 966 Συναρπάσαντες
3869 896 3941 948 δὲ

2252 979 2436 1034 Γάϊον
2471 985 2571 1035 καί
2616 983 3014 1051 Ἀρίσταρχον
3069 982 3447 1049 Μακεδόνας,
3506 982 3943 1051 συνεκδήμους

2251 1070 2523 1133 Παύλου,
2553 1070 2854 1124 εἵλκυσαν
2880 1070 3122 1135 αὐτούς.

2324 1156 2390 1227 β’.
2408 1157 2620 1220 ’Δπλῶς
2638 1157 2799 1211 πάλιν
2812 1157 3026 1211 ἐπίασιν
3041 1158 3114 1220 ὼς
3133 1157 3160 1196 ι»
3174 1157 3267 1210 ἐπὶ
3300 1157 3531 1220 Ἰάσονος
3555 1159 3818 1223 Ἰουδαῖοι,
3839 1159 3947 1210 καὶ

2251 1243 2526 1314 πανταχοῦ
2560 1245 2745 1309 αὐτοῖς
2768 1245 3083 1315 πρόκεινται
3109 1264 3120 1274 ·
3153 1244 3324 1309 οὕτως
3353 1246 3505 1298 οὐδὲν
3538 1242 3681 1316 εἶχον
3710 1248 3943 1318 κόμπου

2251 1333 2423 1402 γέμον
2469 1332 2592 1385 οὐδὲ
2627 1333 2804 1402 δόξης.
2866 1331 2976 1385 Τοῦ
3008 1331 3077 1384 δέ
3108 1333 3353 1386 Παύλου
3383 1333 3770 1402 βουλομένου
3803 1339 3946 1388 εισ-

2250 1418 2450 1472 ελθεῖν
2476 1422 2563 1482 εἰς
2605 1420 2712 1472 τὸν
2759 1417 2976 1486 δῆμον,
3030 1421 3141 1472 οὐκ
3173 1419 3313 1472 είων
3349 1418 3539 1472 αὐτὸν
3570 1422 3623 1472 οί
3648 1421 3943 1488 μαθηταί.

2257 1503 2422 1568 Τινὲς
2447 1504 2513 1556 δὲ
2538 1503 2658 1557 τῶν
2687 1504 3023 1572 Ἀσιαρχῶν
3051 1505 3221 1572 ὄντες
3247 1505 3409 1570 αὐτῷ
3438 1507 3626 1574 φίλοι,
3658 1505 3948 1574 πέμψαν-

2249 1607 2348 1657 τες
2375 1592 2525 1658 πρὸς
2553 1590 2740 1645 αὑτὸν
2787 1591 3174 1660 παρεκάλουν
3215 1591 3301 1662 μὴ
3331 1589 3546 1647 δοῦναι
3578 1593 3796 1646 ἑαυτὸν
3851 1595 3946 1656 είς

2250 1679 2318 1732 τὸ
2366 1679 2635 1747 θέατρον.
2698 1679 3136 1750 Παρακαλοῦσιν,
3170 1681 3250 1733 ὅτι
3296 1679 3530 1743 ἄτακτος
3579 1675 3718 1751 ἦσαν
3762 1680 3950 1750 δῆμος

2251 1766 2520 1836 ἀλογίστῳ
2555 1766 2706 1838 ῥύμῃ
2731 1767 2906 1820 πάντα
2934 1767 3261 1838 τολμῶντες.
3306 1770 3417 1821 Καὶ
3443 1769 3470 1820 6
3509 1768 3715 1831 Παῦλος
3744 1770 3949 1820 πείθεο

2250 1871 2338 1907 ται
2365 1873 2377 1884 ·
2402 1855 2462 1906 οὑ
2502 1855 2611 1924 γὰρ
2639 1850 2706 1924 ἦν
2749 1855 3045 1922 κενόδοξος,
3101 1856 3220 1908 οὐδὲ
3249 1854 3553 1925 φιλότιμος.
3591 1857 3790 1910 Ἄλλοι
3817 1859 3953 1925 μὲν

2250 1937 2366 1995 οὖν
2396 1940 2551 1994 ἄλλο
2573 1958 2625 1993 τι
2657 1941 2900 2009 ἔκραζον
2924 1962 2937 1974 ·
2981 1940 3062 2013 ἦν
3086 1948 3196 2012 γὰρ
3237 1945 3273 2012 η
3308 1945 3608 2012 ἐκκλησία
3641 1963 3949 2014 συγκεχυ-

2244 2028 2420 2098 μένη.
2457 2027 2709 2082 Τοιοῦτον
2739 2030 2847 2102 γὰρ
2876 2031 2937 2082 τὸ
2959 2032 3161 2100 πλῆθος
3181 2048 3196 2063 ο
3239 2031 3424 2096 ἁπλῶς
3451 2033 3642 2086 ἕπεται
3675 2034 3947 2106 καθάπερ

2252 2116 2365 2187 πῦρ
2399 2119 2478 2180 εἰς
2517 2116 2651 2188 ῦλην
2685 2119 2946 2188 ἐμπεσόν.
2980 2121 3090 2172 Καὶ
3125 2124 3178 2175 οί
3225 2122 3480 2188 πλείους
3506 2125 3617 2176 οὐκ
3649 2122 3947 2191 ᾔδεισαν,

2253 2204 2416 2269 τίνος
2452 2205 2658 2258 ἕνεκεν
2702 2207 3255 2272 συνεληλύθεισαν.
3303 2210 3405 2263 Ἐκ
3453 2210 3523 2262 δέ
3575 2210 3681 2263 τοῦ
3736 2211 3949 2280 ὄχλου

2253 2293 2654 2360 προεϐίϐασαν
2678 2292 3086 2363 Ἀλέξανδρον,
3121 2296 3544 2363 προϐαλόντων
3583 2296 3770 2350 αὐτὸν
3811 2295 3948 2350 τῶν

2265 2381 2580 2435 Ἰουδαίων.
2614 2382 2982 2451 Προεϐάλοντο
3023 2383 3266 2437 Ἰουδαῖοι
3309 2385 3686 2456 οἰκονομικῶς,
3714 2386 3801 2438 ἵνα
3827 2403 3949 2456 μη-

2251 2469 2341 2523 δὲν
2369 2470 2566 2539 ἔχωσιν
2611 2470 2836 2540 ὕστερον
2866 2473 3191 2540 ἀντιλέγειν.
3225 2468 3390 2538 Οῦτος
3422 2476 3515 2528 καὶ
3540 2475 3941 2545 προϐάλλεται,

2215 2603 2222 2609 .
2252 2560 2345 2611 καὶ
2375 2559 2690 2628 φθέγγεται,
2724 2561 2816 2613 καὶ
2838 2561 2912 2624 τί,
2939 2562 3123 2614 ἄκουεο
3157 2565 3218 2616 '0
3239 2564 3308 2616 δέ
3332 2565 3717 2633 Ἀλέξανδρος
3750 2582 3946 2618 κατα-

2254 2647 2468 2712 σείσας
2525 2646 2598 2715 τῇ
2665 2648 3080 2716 χειρὶ,ἤθελεν
3136 2651 3566 2721 ἀπολογεῖσθαι
3608 2651 3688 2717 τῷ
3737 2652 3940 2722 δήμῳ.

2267 2735 2646 2803 Ἐπιγνόντες
2697 2734 2786 2800 δέ,
2837 2735 2927 2788 ὅτι
2962 2736 3246 2803 Ἰουδαῖός
3281 2739 3433 2801 ἐστι,
3476 2739 3644 2808 φωνὴ
3691 2739 3945 2808 ἐγένετο

2245 2823 2359 2890 μία
2386 2822 2454 2874 ἐκ
2493 2821 2757 2887 πάντων,
2787 2824 2867 2889 ὼς
2890 2824 2989 2876 ἐπὶ
3017 2823 3173 2892 ὥρας
3206 2825 3314 2879 δύο
3338 2827 3698 2893 κραζόντων·
3734 2829 3945 2896 Μετά-

2251 2911 2331 2974 λη
2371 2909 2409 2975 η
2443 2910 2715 2976 Ἄρτεμις
2745 2910 3049 2983 Ἐφεσίων.
3104 2912 3333 2982 Παίδικὴ
3367 2912 3536 2976 ὅντως
3589 2916 3620 2983 ή
3681 2914 3900 2967 διάνοια
3925 2933 3940 2946 ο

2252 2994 2504 3065 καθάπερ
2552 2993 2896 3063 φοϐούμενοι,
2928 2981 3238 3069 μὴ’σϐεσθῇ
3267 2981 3329 3050 τὸν
3372 2997 3534 3062 σέϐας
3564 2981 3766 3062 αῦτῶν,
3800 3018 3943 3053 συν-

2249 3083 2391 3151 εχῶς
2422 3083 2608 3136 ἐϐόων.
2655 3084 2758 3135 Δύο
2787 3083 2881 3154 ἐτη
2919 3084 3172 3139 ἐκάθισεν
3202 3089 3340 3152 ἐκεῖ,
3371 3088 3466 3140 καὶ
3509 3089 3612 3159 ὅρα
3645 3088 3800 3141 πόσοι
3852 3091 3945 3144 ἔτι

2255 3169 2515 3238 Ἕλληνες
2548 3167 2713 3241 ἦσαν.
2747 3173 3159 3240 Καταστείλας
3207 3173 3274 3226 δέ
3317 3178 3350 3227 ὁ
3397 3177 3772 3244 γραμματεὺς
3825 3178 3947 3231 τὸν

2255 3256 2460 3325 ὄχλον,
2497 3259 2722 3325 φησιν’
2765 3259 3014 3327 Ἀνδρες
3050 3260 3326 3330 Ἐφέσιοι,
3366 3265 3458 3329 τίς
3483 3263 3595 3332 γάρ
3623 3265 3796 3318 ἐστιν
3826 3264 3946 3326 ἇν-

2255 3347 2506 3412 θρωπος,
2567 3345 2636 3412 ὃς
2688 3347 2760 3400 οὺ
2799 3347 3078 3416 γινώσκει
3119 3349 3231 3416 τὴν
3257 3350 3550 3418 Ἐφεσίων
3579 3352 3759 3404 πόλιν
3794 3370 3947 3406 νεω-

2253 3437 2436 3502 κιρον
2468 3431 2664 3490 οὖσαν
2691 3435 2799 3505 τῆς
2822 3439 3094 3508 μεγάλης
3123 3437 3262 3505 θεᾶς
3298 3440 3624 3511 Ἀρτέμιδος
3677 3445 3774 3497 καὶ
3822 3447 3944 3500 τοῦ

2248 3523 2607 3589 Διοπετοῦς;
2655 3525 2841 3596 Τούτῳ
2895 3525 3096 3597 πρώτῳ
3139 3527 3229 3580 τὸν
3279 3527 3448 3597 θυμὸν
3487 3529 3664 3582 αὐτῶν
3709 3531 3936 3586 ἔσϐεσε.

2252 3611 2361 3664 Καὶ
2392 3610 2500 3664 τοῦ
2530 3610 2865 3678 διοπετοῦς.
2932 3613 2975 3665 Τ
2978 3613 3102 3666 οῦτο
3145 3614 3314 3683 λέγει,
3349 3615 3422 3678 ὡς
3458 3617 3556 3669 οὑκ
3584 3617 3735 3681 ὄντος
3763 3617 3939 3689 δήλου

2253 3699 2345 3752 τοῦ
2380 3699 2724 3769 πράγματος.
2775 3701 2938 3769 Ἱερὸν
2967 3702 3023 3754 δὲ
3049 3702 3232 3773 ἕτερον
3271 3702 3410 3756 οὕτω
3457 3704 3703 3757 ἐκαλεῖτο
3739 3710 3944 3759 Διοπε-

2250 3785 2378 3847 ιἰές⁹
2438 3788 2554 3856 ἦτοι
2581 3788 2642 3839 τὸ
2676 3787 2890 3840 εἴδωλον
2932 3789 3108 3842 τοίνυν
3164 3790 3264 3859 τῆς
3308 3791 3622 3862 Ἀρτέμιδος
3668 3794 3942 3860 Διοπετές

2254 3871 2458 3938 ἔλεγον,
2501 3874 2576 3932 ὡς
2621 3873 2686 3926 ἐκ
2729 3873 2821 3926 τοῦ
2855 3874 2976 3938 Διὸς
3021 3877 3082 3928 τὸ
3113 3876 3378 3948 ὄστρακον
3411 3880 3585 3932 ἐκεῖνο
3614 3882 3936 3947 πεπτωκὸς,

2255 3961 2349 4011 καὶ
2395 3960 2492 4029 οὑχ
2541 3961 2644 4013 ὑπὸ
2691 3961 2979 4034 ἀνθρώπου
3025 3964 3312 4034 γενόμενον
3336 3982 3350 3997 ο
3399 3967 3432 4037 ἢ
3467 3968 3655 4041 ἕτερον
3700 3969 3938 4041 ἄγαλμα.

2255 4046 2388 4116 παρ’
2428 4050 2612 4111 αὐτοῖς
2654 4048 2826 4113 οῦτως
2869 4051 3104 4119 ἐλέγετο.
3142 4054 3608 4123 Ἀναντιρῤήτων
3650 4040 3778 4111 ὀὖν
3839 4040 3941 4112 δν-

2254 4152 2372 4188 των
2391 4136 2638 4200 τούτων,
2669 4136 2809 4190 δέον
2855 4138 3029 4191 ἐστὶν
3068 4140 3226 4209 ὑμᾶς
3251 4143 3773 4212 κατεσταλμένους
3821 4149 3938 4201 ὑπο

2254 4224 2480 4293 άρχειν,
2532 4225 2628 4277 καὶ
2687 4224 2881 4292 μηδὲν
2939 4230 3232 4294 προπετὲς
3286 4231 3607 4298 πράσσειν.
3674 4233 3941 4305 Ἠγάγε-

2255 4327 2315 4363 τε
2376 4311 2484 4379 γὰρ
2552 4310 2693 4376 τοὺς
2746 4310 2968 4379 ἄνδρας
3008 4315 3292 4379 τούτους,
3337 4317 3473 4370 οὔτε
3529 4320 3935 4388 ίεροσύλοι·ς,

2255 4398 2393 4450 οὔτε
2443 4396 2970 4465 βλασφημοῦντας
3021 4398 3136 4466 τὴν
3189 4399 3334 4454 θεὰν
3380 4401 3566 4470 ὑμῶν.
3638 4405 3779 4476 ’Δρα
3868 4411 3938 4462 τὸ

2257 4487 2365 4538 πᾶν
2410 4484 2640 4554 ψεῦδος·
2699 4483 2868 4539 ταῦτα
2914 4485 2969 4540 δέ
3019 4488 3156 4558 πρὸς
3202 4489 3291 4544 τὸν
3341 4491 3540 4562 δῆμον,
3609 4493 3750 4549 ῶστε
3825 4502 3933 4554 κά-

2255 4573 2466 4637 κείνους
2537 4575 2972 4646 ἐπιεικεστέρους
3039 4577 3340 4646 γενέσθαι,
3410 4583 3592 4652 φησίν.
3674 4589 3743 4640 Ει
3806 4590 3936 4657 μὲν
4004 4653 4005 4660 γ

2255 4658 2370 4718 οὖν
2392 4662 2718 4733 Δημήτριος
2738 4665 2835 4720 καὶ
2861 4670 2914 4720 οί
2937 4669 3058 4721 σὺν
3081 4668 3240 4735 αὐτῷ
3259 4672 3516 4739 τεχνῖται
3539 4675 3750 4742 ἔχουσι
3774 4684 3935 4749 πρός

2255 4768 2385 4804 τινα
2416 4755 2618 4819 λόγον,
2651 4753 2916 4822 ἀγοραῖοι
2942 4755 3209 4824 ἄγονται,
3231 4760 3339 4812 ’καὶ
3373 4761 3702 4819 ἀνθύπατοί
3727 4771 3892 4823 εἰσιν
3912 4791 3928 4803 ο
4001 4757 4003 4766 λ

2255 4837 2404 4910 [5‘20]
2429 4840 2874 4906 ἐγκαλείτωσαν
2910 4843 3229 4912 ἀλληλοις.
3260 4851 3327 4902 El
3353 4849 3420 4904 δέ
3455 4869 3508 4904 τι
3541 4855 3674 4921 περὶ
3705 4856 3934 4925 έτεξρων
4000 4863 4001 4889 ‘

2252 4925 2605 4992 ἐπιζητεῖτε,
2636 4926 2704 4979 ἐν
2743 4927 2818 4996 τῇ
2859 4929 3089 4998 ἐννόμῳ
3129 4935 3429 5005 ἐκκλησίᾳ
3469 4941 3928 5008 ἐπιλυθήσεται,
3997 4971 3999 4999 :

2254 5014 2362 5066 Καὶ
2410 5013 2518 5080 γὰρ
2555 5013 2990 5084 κινδυνεύομεν
3034 5019 3412 5087 ἐγκαλεῖσθαι
3472 5028 3743 5096 στάσεως
3787 5039 3928 5102 περὶ
3995 5069 3997 5102 ε

2254 5099 2362 5188 τῆς
2395 5099 2682 5188 σήμερον,
2717 5102 2978 5170 μηδενὸς
3005 5107 3198 5161 αἰτίου
3225 5110 3604 5182 ὑπάρχοντος
3625 5155 3643 5179 ,
3685 5121 3821 5188 περι
3850 5097 3928 5178 (gf,
3993 5097 3997 5188 ς

2256 5186 2349 5258 [οὺ
2371 5187 2421 5259 ο]
2458 5187 2843 5257 δυνησόμεθα
2867 5192 3195 5249 ἀποδοῦναι
3220 5196 3405 5265 λόγον
3435 5201 3544 5269 τῆς
3567 5186 3929 5279 συστροφῆς

2254 5275 2495 5341 ταύτης.
2537 5275 2649 5330 Καὶ
2672 5277 2857 5331 ταῦτα
2886 5281 3092 5348 εἰπὼν,
3117 5283 3388 5341 ἀπέλυσε
3410 5289 3526 5355 τὴν
3558 5275 3919 5362 ἐκκλησίαν,
3991 5295 3993 5333 Ῑ

2257 5361 2519 5434 Ἔννομον
2557 5363 2872 5434 ἐκκλησίαν,
2919 5370 3085 5438 φησὶ,
3118 5370 3252 5424 διότι
3298 5378 3444 5445 τρεῖς
3477 5361 3766 5448 ἐκκλησίαι
3807 5385 3926 5452 ἐγί-
3989 5393 3991 5445 i

2251 5470 2403 5505 νοντο
2432 5453 2572 5505 κατὰ
2607 5455 2769 5524 νόμον
2798 5457 2919 5510 καθ’
2945 5460 3177 5513 ἕκαστον
3213 5463 3356 5534 μῆνα
3376 5483 3388 5496 ·
3415 5467 3553 5534 αῦτη
3577 5469 3630 5520 δὲ
3659 5467 3726 5540 ἦν
3745 5479 3924 5544 παρά·
3987 5493 3989 5544 ε

2250 5557 2434 5610 νομος.
2457 5537 2591 5593 Εἶτα
2623 5544 2714 5594 καί
2742 5545 3009 5614 ἐφόϐησεν
3033 5549 3228 5613 αὐτοὺς
3257 5552 3446 5606 εἰπών·
3474 5559 3923 5630 Κινδυνεύομεν

2248 5629 2627 5695 ἐγκαλεῖσθαι
2673 5633 2967 5699 στάσεως.
3005 5636 3144 5688 Ἀλλ’
3179 5638 3374 5709 ἴδωμεν
3417 5643 3621 5696 ἀνωθεν
3650 5649 3716 5699 τὰ
3768 5629 3920 5720 είρη-
3980 5691 3985 5720 λ

2255 5716 2407 5804 μένα.
2425 5718 2541 5804 ,Ὡς
2563 5717 2628 5768 δὲ
2649 5720 2959 5788 ἐπληρώθη
2989 5725 3192 5790 ταῦτα,
3219 5730 3402 5797 φησὶν,
3433 5732 3596 5785 ἔθετο
3620 5739 3652 5788 ό
3677 5716 3915 5804 Παῦλος

2375 5800 2454 5864 τῷ
2513 5804 2841 5870 ΙΙνεύματι,
2907 5807 3160 5863 διελθὼν
3220 5811 3334 5879 τὴν
3385 5815 3760 5870 Μακεδονίαν
3815 5799 3916 5878 καί

2316 6032 2340 6069 ιι
2375 6033 2590 6081 Ἐπίασιν
2613 6039 2673 6108 ᾡς
2695 6037 2921 6118 deefgli'n”
2937 6041 3179 6118 (300001."
3200 6047 3221 6073 ε
3254 6046 3382 6098 Edili
3410 6055 3460 6098 et
3484 6064 3594 6101 mss.
3624 6054 3725 6118 περὶ
3751 6056 3806 6106 οῦ
3826 6058 3899 6114 οὗ,
3977 6075 3979 6111 i

2251 6109 2467 6156 quamvis
2494 6102 2687 6159 negatio
2711 6102 2755 6148 in
2785 6101 2950 6151 Uibliis
2975 6104 3114 6154 absit.
3148 6107 3276 6157 Ευιτ.

3980 5701 3985 5777 ί

3975 6167 3977 6221 ι

3973 6259 3975 6333 ί
