4072 6414
211 433 312 489 9.97

207 548 294 606 25.
332 549 476 616 Quos
501 563 809 616 convocans,
835 558 882 604 et
912 566 993 606 eos
1038 551 1125 618 qui
1167 551 1463 622 hujusmodi
1486 560 1627 605 erant
1652 551 1808 622 Opiﬁ-

202 659 306 704 ces.
365 643 498 698 dixit
520 658 540 698 :
576 643 705 709 Viri,
753 644 898 699 scitis
933 644 1052 714 quia
1081 659 1146 698 eo:
1176 645 1272 702 hoc
1298 645 1518 712 artiﬁcio
1554 653 1628 700 est
1665 645 1809 700 nobis

200 745 430 800 questus
467 751 489 789 :
521 734 611 790 26.
657 745 704 788 et
746 736 924 788 videtis
968 745 1015 789 et
1065 736 1255 789 auditis
1276 777 1292 799 ,
1339 737 1459 805 quia
1503 752 1606 790 non
1643 736 1808 790 solum

201 824 420 895 Ephesi,
445 827 536 881 sed
558 828 710 881 etiam
739 831 845 899 fere
871 827 1024 882 totius
1061 827 1216 889 Asia,
1253 825 1453 882 Paulus
1477 828 1560 882 hic
1589 830 1809 884 suadens

185 919 384 971 ’πει-ἀι
413 921 612 973 turbam
638 920 868 984 multant,
902 919 1072 974 dicens
1099 933 1117 973 :
1151 919 1272 974 Non
1307 930 1426 974 sunt
1442 919 1535 984 dii,
1567 937 1654 991 qut
1693 938 1804 973 tua-

193 1009 347 1062 nibus
373 1009 613 1064 humatis
651 1011 802 1080 ﬁunt.
839 1011 931 1065 27.
976 1009 1098 1066 Non
1137 1013 1302 1066 solum
1330 1022 1497 1066 autem
1526 1014 1633 1067 ha:c
1669 1017 1798 1083 peri-

192 1099 460 1154 clitabitur
487 1102 632 1156 nobis
654 1118 797 1172 pars,
828 1119 893 1157 ne
913 1103 968 1158 in
997 1105 1410 1175 confutationem.
1427 1106 1616 1172 ueniat,
1645 1107 1738 1161 sed
1756 1115 1803 1160 et

191 1206 258 1245 ne
290 1209 498 1263 magna
531 1193 642 1246 dcte
683 1192 868 1248 Diana
905 1195 1145 1266 templum
1184 1211 1278 1264 pro
1317 1195 1480 1276 nihilo
1518 1205 1799 1266 reputetur,

190 1282 582 1354 datrusturque
617 1285 861 1354 majestas
884 1287 1014 1356 ejus,
1037 1303 1190 1353 quam
1215 1295 1320 1341 tota
1347 1288 1473 1342 Asia
1495 1298 1543 1344 et
1562 1289 1698 1344 orbis
1721 1306 1816 1381 co-l

185 1371 269 1426 lit.
295 1371 545 1440 Faciem,
566 1375 759 1446 inquit,
780 1375 915 1430 ades
934 1389 1198 1447 argenteas
1221 1379 1425 1434 Biante.
1445 1381 1512 1435 Et
1527 1385 1798 1452 quomodo

186 1474 421 1533 possunt
476 1466 625 1522 sedes
667 1477 940 1538 argenteae
990 1469 1150 1524 ﬁeri?
1194 1471 1360 1527 Ferte
1399 1474 1552 1543 quasi
1591 1474 1794 1530 ciboria

186 1572 352 1625 parra
379 1574 393 1611 :
425 1573 654 1630 magnus
683 1560 826 1616 enim
865 1561 962 1631 ipsi
996 1561 1171 1617 honor
1197 1573 1318 1619 erat
1346 1563 1568 1634 Ephesi,
1598 1566 1686 1622 ubi
1731 1568 1796 1622 ii-

185 1647 361 1703 lorum
389 1650 618 1707 incenso
646 1652 846 1722 templo
873 1654 945 1708 ita
977 1654 1223 1720 doluere,
1250 1667 1308 1711 ut
1333 1673 1404 1714 ne
1431 1675 1628 1714 nomen
1668 1661 1790 1731 qni-

183 1736 305 1792 dem
332 1739 480 1808 ejus,
527 1742 620 1811 qui
663 1743 1040 1812 succenderet,
1085 1746 1313 1816 proferri
1346 1749 1622 1819 juberent.
1657 1751 1793 1808 Vide

181 1828 383 1900 ubique
409 1831 777 1889 idololatriam
807 1850 838 1889 a
870 1837 1114 1906 pecuniis
1141 1849 1415 1895 constare.
1449 1841 1516 1896 Et
1561 1841 1636 1897 illi
1665 1857 1790 1912 pro-

180 1931 300 1991 pter
343 1925 630 1994 pecunias,
683 1936 740 1982 et
777 1927 866 1985 hic
903 1941 1125 2000 propter
1169 1933 1467 2002 pecunias:
1499 1950 1605 1989 non
1634 1937 1786 2006 quasi

180 2014 441 2084 religione
493 2017 869 2086 periclitante,
917 2022 1012 2076 sed
1056 2023 1208 2091 quasi
1248 2033 1457 2094 quaestu
1505 2027 1783 2081 materiam

180 2119 283 2160 non
313 2105 574 2164 habente.
621 2109 689 2165 Et
739 2113 1011 2184 perpende
1054 2115 1154 2170 viri
1199 2118 1609 2189 malignitatem.
1639 2119 1786 2190 Opu-

179 2198 352 2254 Ientus
397 2201 496 2256 ille
523 2213 664 2268 erat,
696 2214 751 2260 et
780 2204 908 2262 hinc
935 2207 1010 2262 illi
1045 2224 1150 2264 non
1183 2220 1386 2266 tantum
1415 2211 1671 2271 damnum
1703 2215 1785 2270 fu-

177 2298 352 2344 turum
380 2301 542 2357 erat;
587 2293 696 2349 illis
736 2310 890 2360 vero.
937 2307 1125 2370 utpote
1168 2303 1498 2372 pauperibus
1525 2305 1777 2374 multum,

173 2381 260 2451 qui
289 2381 494 2439 diurno
532 2395 744 2458 quaestu
784 2388 983 2449 victum
1019 2395 1294 2463 pararent.
1317 2396 1578 2453 'Attamcn
1615 2398 1669 2453 hi
1701 2398 1786 2453 ni-

173 2473 248 2529 hil
297 2475 512 2544 dicunt,
567 2479 669 2534 sed
716 2480 810 2537 ille
853 2491 1056 2538 tantum
1091 2501 1105 2538 :
1138 2488 1274 2542 artis
1305 2503 1434 2544 vero
1478 2490 1613 2546 socii
1655 2507 1777 2546 cum

170 2575 393 2634 essent,
444 2569 711 2625 tumultus
755 2582 1037 2628 consortes
1075 2578 1324 2632 assumit.
1371 2580 1577 2635 Deinde
1614 2581 1776 2637 etiam

171 2657 470 2725 periculum
501 2665 871 2732 exaggeravit,
900 2663 1084 2720 dicens
1107 2684 1122 2720 :
1149 2665 1278 2722 Htec
1298 2670 1614 2738 periclitatur
1635 2672 1779 2728 nobis

169 2765 306 2817 pars,
351 2767 418 2805 ne
445 2752 503 2805 in
541 2755 944 2824 confutationem
985 2757 1198 2812 incidat.
1246 2761 1357 2815 Hoc
1381 2763 1527 2818 enim
1558 2762 1672 2820 fere
1698 2764 1775 2820 si-

166 2838 423 2905 gniﬁcat:
453 2841 540 2898 Ab
569 2842 672 2898 hac
713 2852 830 2900 arte
858 2845 910 2900 in
951 2846 1146 2903 famem
1177 2848 1354 2906 delabi
1387 2853 1773 2922 periclitamur.

167 2931 324 3000 Atqui
357 2940 621 3002 poterant
668 2933 809 2990 dicta
842 2937 932 2992 illa
960 2938 1106 3008 ipsos
1149 2940 1218 2995 ad
1264 2942 1407 3012 piam
1456 2944 1774 3016 religionem

165 3021 436 3079 adducere
461 3039 480 3090 ;
513 3024 613 3080 sed
645 3027 829 3083 miseri
859 3043 922 3084 ac
949 3031 1082 3086 viles
1105 3047 1230 3087 eum
1257 3044 1460 3103 essent,
1491 3040 1774 3109 insurgunt

164 3117 352 3187 magis,
389 3131 496 3173 nec
521 3119 785 3190 cogitant,
814 3122 858 3177 si
890 3121 977 3179 hic
1006 3123 1170 3180 homo
1197 3127 1318 3182 talia
1357 3132 1546 3199 possit,
1577 3141 1634 3188 ut
1657 3149 1775 3188 om-

162 3221 255 3261 nes
283 3217 585 3264 wnvertat
611 3218 665 3264 et
705 3211 780 3265 dii
817 3214 1207 3283 periclitentur,
1237 3230 1474 3287 quantus
1515 3223 1586 3278 sit
1628 3225 1772 3281 illius

162 3298 301 3355 Deus
335 3317 352 3353 :
382 3312 444 3356 et
472 3301 620 3371 quod
649 3303 821 3360 multo
847 3308 1015 3379 magis
1043 3310 1161 3380 ipse
1186 3311 1344 3368 nobis
1366 3315 1454 3369 illa
1484 3316 1650 3384 dabit,
1673 3331 1771 3388 pro

160 3392 354 3461 quibus
395 3395 682 3451 timemus.
730 3397 849 3453 Iam
892 3405 1380 3475 praeoccupaverat
1403 3408 1615 3465 illorum
1654 3413 1769 3467 ani-

159 3499 272 3539 mos
299 3526 317 3552 ,
364 3485 608 3541 dicens:
659 3486 783 3544 Non
837 3502 955 3546 sunt
1001 3494 1109 3562 dii,
1141 3499 1228 3568 qui
1256 3501 1490 3556 manibus
1530 3503 1768 3560 humanis

159 3575 310 3641 ﬁunt.
347 3575 490 3632 Vide
540 3593 642 3648 pro
680 3594 782 3650 qua
821 3597 881 3638 re
927 3585 1272 3657 indignentur
1321 3594 1551 3664 gentiles
1589 3613 1603 3650 :
1642 3600 1765 3668 quia

160 3666 376 3723 dixerat
404 3685 421 3721 :
448 3667 557 3736 Qui
586 3671 650 3726 ab
678 3671 965 3729 hominibus
1010 3678 1132 3748 facti
1183 3691 1322 3749 sunt,
1370 3700 1472 3738 non
1504 3697 1623 3740 sunt
1661 3666 1762 3744 dii.

159 3755 371 3828 Ubique
398 3759 457 3813 in
487 3773 666 3816 artem
706 3778 1012 3822 sermonem
1043 3773 1332 3828 convertit.
1378 3774 1582 3832 Deinde
1621 3779 1764 3848 quod

155 3852 391 3907 maxime
423 3853 482 3908 in
501 3868 774 3925 angorem
803 3860 1072 3930 conjicere
1097 3874 1329 3934 poterat,
1356 3867 1506 3935 dicit,
1539 3869 1764 3927 Nonso-

154 3940 258 3995 lutn
283 3943 400 3998 haec
419 3960 547 4015 pars
578 3948 935 4016 periclitatur;
962 3951 1014 4007 id
1045 3962 1150 4020 est,
1179 3955 1410 4013 aliorum
1435 3960 1592 4016 nobis
1616 3963 1761 4019 nulla

153 4049 277 4089 cura
301 4045 411 4102 est,
444 4037 543 4092 sed
571 4040 715 4107 quod
763 4057 967 4112 magna:
992 4045 1109 4102 dcte
1152 4048 1332 4106 Diana:
1365 4055 1622 4124 templum
1661 4057 1761 4114 de—

153 4128 283 4182 strui
317 4129 686 4199 periclitetur.
721 4132 924 4191 Deinde
946 4152 1013 4193 ne
1035 4138 1281 4198 videatur
1303 4143 1434 4200 lucri
1460 4132 1761 4206 causa'ltarc

151 4217 352 4286 dicere,
385 4220 514 4276 vide
536 4222 663 4292 quid
685 4223 847 4280 addat
871 4245 885 4282 :
907 4227 1071 4296 Quam
1096 4233 1232 4287 orbis
1252 4236 1392 4291 colit.
1420 4237 1608 4294 Vidcn'
1628 4257 1761 4312 quo-

152 4310 312 4366 modo
337 4312 606 4382 majorem
623 4316 874 4379 ostendat
892 4319 1042 4376 Pauli
1061 4323 1336 4392 virtutem,
1354 4342 1543 4386 omnes
1562 4310 1760 4388 uerum-

151 4418 311 4459 nosos
337 4414 396 4460 et
452 4405 683 4462 miseros
709 4409 832 4465 illos
871 4414 1182 4484 ostendens,
1205 4421 1274 4474 'si
1303 4419 1466 4478 homo
1496 4425 1680 4494 pulsus
1703 4437 1759 4482 et

151 4497 515 4552 tentoriorum
542 4499 737 4555 artifex
767 4503 890 4557 talia
923 4509 1138 4575 potest?
1179 4509 1314 4566 \‘ide
1344 4514 1650 4571 testimonia
1687 4518 1756 4574 de

147 4590 412 4658 apostolis
438 4590 511 4644 ab
538 4592 673 4663 ipsis
703 4595 934 4653 inimicis
963 4601 1192 4658 reddita.
1229 4604 1341 4662 Illic
1367 4608 1583 4678 quidem
1604 4611 1754 4667 dicc—

148 4679 271 4736 bant
297 4699 312 4736 :
342 4681 486 4738 Ecce
508 4684 732 4755 impletis
754 4686 1039 4746 Jerusalem
1063 4694 1298 4751 doctrina
1324 4710 1488 4754 vestra
1509 4701 1650 4770 (Act.
1690 4705 1747 4760 5.

147 4771 267 4842 98);
294 4775 406 4838 hic,
441 4773 703 4830 Futurum
729 4789 824 4847 est,
852 4791 908 4834 ut
932 4782 1226 4842 destruatur
1250 4787 1438 4846 Diana
1464 4796 1704 4865 majestas
1733 4813 1753 4852 :

149 4875 270 4921 tunc
295 4867 621 4931 audiebant,
655 4869 759 4937 Qui
786 4871 1132 4932 subvertet-unt
1160 4880 1331 4935 orbem
1361 4893 1633 4953 terrarum,
1669 4889 1752 4942 hic

146 4961 330 5016 adsunt
363 4960 533 5026 (Ibid.
570 4963 654 5017 l7.
712 4966 811 5034 6);
865 4985 1026 5037 nunc,
1074 4971 1404 5030 Periclitatur
1451 4980 1594 5035 nobis
1643 4981 1751 5038 hazc

147 5069 263 5119 pars
284 5055 342 5108 in
371 5055 776 5125 confutationem
803 5062 987 5118 venire.
1019 5063 1110 5121 Sic
1135 5064 1307 5124 Judaei
1337 5069 1405 5125 de
1430 5071 1645 5128 Christo
1663 5075 1750 5129 di-

146 5145 384 5201 cebant:
426 5145 610 5201 Videte
651 5150 788 5218 quod
837 5155 1058 5211 mundus
1107 5167 1220 5227 post
1263 5160 1430 5232 ipsum
1455 5164 1640 5232 cadat;
1668 5177 1744 5234 et,

159 5234 361 5292 Venient
386 5239 634 5297 Romani.
655 5253 704 5295 et
723 5243 897 5299 tollent
917 5258 1141 5303 nostram
1169 5252 1418 5308 civitatem
1449 5255 1628 5325 (loan.
1658 5261 1743 5318 1‘3.

149 5329 232 5383 l9.
255 5341 304 5384 et
337 5332 427 5386 il.
461 5333 580 5405 48).
615 5333 718 5390 llis
743 5349 910 5394 autem
936 5344 1147 5412 auditis,
1193 5348 1375 5419 repleti
1401 5361 1518 5405 sunt
1551 5358 1742 5424 furore.

150 5418 296 5476 Unde
319 5422 477 5477 furor
502 5425 637 5480 ille?
663 5427 886 5493 Quando
911 5431 979 5488 de
1007 5434 1170 5491 Diana
1190 5439 1496 5509 audierunt,
1529 5418 1748 5515 quando

148 5601 210 5657 de
233 5619 394 5660 causa
423 5606 599 5677 abripi
628 5619 683 5664 et
713 5614 955 5669 accendi.
984 5615 1187 5674 Idcirco
1207 5635 1327 5677 cum
1349 5627 1600 5685 examine
1628 5645 1744 5685 om-

151 5697 230 5750 nia
272 5709 402 5755 sunt
448 5703 682 5772 agenda.
717 5705 851 5762 Vide
893 5717 1072 5766 autem
1099 5730 1256 5784 quam
1289 5719 1618 5790 despiciendi
1647 5740 1737 5779 es-

151 5802 280 5853 sent,
302 5792 393 5862 qui
422 5794 493 5850 ab
511 5797 764 5854 omnibus
789 5815 1278 5867 commoverentur.
1305 5812 1397 5869 28.
1427 5814 1528 5871 llis
1552 5819 1741 5875 auditis

153 5882 314 5950 repleti
337 5895 459 5941 sunt
487 5887 588 5956 ira,
617 5898 666 5944 et
685 5891 1112 5970 exclamaverunt,
1145 5899 1337 5974 Magna
1363 5904 1532 5962 Diana
1564 5910 1738 5985 Ephe-

1222 433 1288 488 lN
1318 432 1506 489 ACTA
1552 430 2077 493 APOSTOLORUM.
2121 434 2349 492 l'lOMiL.
2393 436 2548 494 XL".

1728 5538 1742 5593 i
1851 5535 2153 5620 Proposuit,
2181 5567 2237 5613 et
2277 5559 2367 5618 hic
2411 5575 2495 5621 est
2536 5569 2802 5632 dictorum
2847 5594 3061 5641 sensus.

3411 455 3517 512 298

1913 553 2246 611 siorum!29.
2277 555 2342 611 Et
2367 557 2577 625 impleta
2601 571 2672 612 est
2709 561 2886 618 ciuitas
2912 569 3217 638 confusione
3239 587 3258 628 :
3285 587 3331 626 et
3356 578 3517 645 impe-

1913 656 2018 698 tum
2047 650 2273 717 fecerunt
2299 667 2401 704 uno
2427 651 2598 705 animo
2622 653 2674 706 in
2695 653 2969 712 theatrum.
2996 659 3166 730 llapto
3192 674 3361 720 autem
3386 668 3516 724 Gaio

1912 749 1957 790 et
1979 739 2273 795 Aristarcho
2306 742 2693 808 Macedonibus,
2749 745 2904 803 Pauli
2931 753 3219 821 comitibus,
3247 765 3517 815 traxerunt

1909 837 2048 882 :tt'os.

1978 920 2031 974 9..
2053 922 2182 980 Sine
2210 940 2371 981 causa
2390 944 2577 986 rursus
2604 932 2865 990 invadunt
2882 937 3020 993 sicut
3036 939 3288 998 iasonem
3309 943 3510 1011 Judmi,

1908 1020 1962 1064 et
1989 1013 2184 1084 ubique
2200 1023 2518 1091 sum'parati
2546 1039 2563 1100 ξ
2592 1025 2661 1080 ita
2686 1027 2997 1085 nullam-vel
3027 1031 3218 1103 gloria:
3246 1036 3332 1092 vel
3356 1036 3514 1093 lania:

1907 1104 2173 1161 rationem
2205 1108 2496 1168 habebant.
2674 1117 2843 1174 Paulo
2875 1098 3054 1178 autem
3093 1125 3290 1182 uolente
3318 1130 3515 1184 intrare

1905 1195 1959 1249 iu
1997 1203 2266 1268 populum,
2318 1221 2421 1259 non
2465 1211 2800 1276 permiserunt
2847 1215 3108 1286 discipuli.
3149 1222 3239 1276 5L
3285 1222 3512 1290 Quidam

1903 1299 2074 1344 autem
2103 1293 2167 1348 de
2188 1296 2322 1350 Asia
2345 1300 2801 1376 principibus,.qui
2824 1320 2968 1363 erant
2995 1312 3105 1381 ejus
3132 1316 3304 1380 amici,
3349 1320 3507 1376 mise-

1900 1393 2022 1435 runt
2050 1383 2120 1438 ad
2147 1403 2261 1440 eum
2288 1403 2544 1462 rogantes,
2577 1411 2641 1449 ne
2664 1413 2718 1452 se
2735 1400 2879 1455 daret
2906 1403 2961 1457 in
2989 1405 3264 1464 theatrum.
3295 1410 3510 1484 Rogant

1900 1476 2024 1542 quia
2077 1476 2344 1536 incondita
2391 1483 2544 1541 turba
2584 1499 2721 1558 erat,
2746 1508 2866 1572 qua:
2889 1509 3037 1553 (εωεο
3079 1500 3282 1572 impetu
3321 1476 3502 1564 omnia

1866 1569 2152 1640 audebat.
2196 1573 2265 1629 Et
2304 1574 2502 1635 Paulus
2546 1563 2888 1655 obtempertit
2933 1606 2947 1645 :
2979 1563 3172 1664 neque.
3198 1599 3344 1652 enim
3386 1563 3506 1657 erat

1898 1673 2052 1716 vanae
2073 1664 2260 1733 glorite
2305 1671 2535 1738 cupidus
2579 1675 2661 1730 vel
2708 1679 3046 1737 ambitiosus.
3075 1685 3165 1740 52.
3195 1689 3300 1745 Alii
3335 1693 3504 1764 itaque

1894 1752 2044 1806 aliud
2070 1755 2358 1813 clamabant
2385 1778 2405 1816 :
2429 1775 2537 1817 erat
2557 1768 2746 1838 quippe
2760 1772 3124 1844 incompositus
3156 1794 3334 1838 cetus.
3358 1752 3503 1843 Talis

1893 1853 1980 1898 est
2001 1847 2154 1901 turba
2175 1852 2388 1919 pOpuli:
2420 1862 2622 1913 temere
2643 1864 2903 1932 sequitur,
2924 1868 3063 1924 sicut
3090 1872 3228 1942 ignis
3254 1875 3308 1930 in
3338 1879 3502 1950 stipu-

1895 1933 2000 1989 lam
2025 1937 2287 1996 incidens.
2317 1942 2562 2018 Plerique
2592 1963 2758 2007 autem
2790 1959 3079 2016 nesciebant
3107 1983 3198 2019 cur
3229 1975 3498 2030 convenis-

1889 2029 2125 2084 sent.35.
2148 2028 2227 2084 De
2241 2034 2390 2088 turba
2401 2047 2569 2093 autem
2598 2041 2927 2104 detraxerunt
2968 2052 3340 2130 Alexandrum,
3375 2028 3495 2134 pro-

1890 2119 2195 2186 pellentibus
2227 2141 2342 2186 eum
2366 2124 2586 2187 Judan's.
2620 2134 2999 2209 Propcllehant
3023 2147 3193 2207 Judaei
3222 2170 3285 2211 ex

1887 2210 2315 2282 dispensatione,
2367 2229 2424 2275 ut
2475 2223 2610 2279 nihil
2653 2243 2874 2297 possent
2913 2237 3052 2294 ultra
3097 2239 3492 2309 contradicere.

1888 2302 1990 2358 llic
2019 2309 2360 2379 propellitur,
2390 2314 2644 2388 loquitur,
2677 2336 2731 2378 et
2754 2329 2881 2396 quid
2908 2331 3051 2390 dicat
3075 2339 3224 2398 audi.
3259 2302 3494 2404 aut;

1886 2396 1979 2450 der
2005 2410 2171 2454 autem
2199 2420 2355 2460 manu
2380 2409 2580 2466 silentio
2625 2419 2905 2487 postulato,
2929 2425 3126 2484 volebat
3167 2396 3382 2493 reddere
3405 2458 3494 2496 ra-

1886 2486 2075 2602 tionem
2099 2494 2312 2562 populo.
2337 2498 2427 2552 54.
2461 2500 2622 2568 Quem
2644 2516 2700 2561 ut
2727 2525 3069 2583 cognoverunt
3355 2486 3488 2602 esse,

1881 2593 1985 2631 νοτ
2021 2582 2159 2651 facta
2197 2596 2272 2640 est
2317 2605 2420 2644 una
2462 2597 2710 2666 omnium,
2739 2582 2889 2673 quasi
2915 2609 2986 2661 ad
3012 2611 3142 2668 duas
3188 2582 3344 2676 horas
3381 2582 3491 2681 cla:

1881 2675 2130 2730 montium
2162 2693 2183 2732 :
2225 2680 2417 2754 Magna
2456 2685 2629 2744 Diana
2672 2693 3054 2764 Ephesiorum!
3079 2675 3333 2768 Puerilisi
3362 2675 3491 2776 {eis

1880 2775 2038 2822 mens
2069 2784 2086 2822 :
2112 2773 2267 2840 quasi
2314 2777 2587 2848 timentes,
2628 2799 2697 2842 ne
2741 2791 3174 2864 exstingueretur
3192 2805 3490 2866 cultuseo—

1880 2861 2362 2971 rumhirequenter
2375 2870 2702 2931 clamabant.
2729 2880 2812 2936 Ad
2839 2861 2974 2941 duos
3003 2902 3179 2948 annos
3196 2895 3303 2954 illic
3322 2861 3486 2971 sedit,

1879 2960 1936 3006 et
1964 2952 2087 3010 vide
2130 2968 2260 3027 quot
2287 2961 2466 3019 adhuc
2497 2969 2749 3037 gentiles.
2779 2974 2873 3030 55.
2900 2977 3029 3034 Cum
3063 2995 3236 3042 autem

1877 3044 2048 3145 scriba
2094 3049 2298 3145 turb—as,
2325 3053 2455 3110 dixit
2485 3073 2506 3111 :
2535 3057 2646 3115 Viri
2688 3062 2923 3136 Ephesii,
2967 3075 3082 3143 quis
3104 3089 3178 3133 est

1875 3135 1965 3204 qui
1976 3139 2185 3207 nesciat,
2193 3139 2529 3210 Ephesiorum
2547 3135 2800 3211 civitatem
2821 3135 3022 3232 magna:
3041 3164 3225 3226 Diana.-
3363 3135 3486 3235 nec;

1876 3241 2052 3284 caram
2088 3242 2137 3285 et
2156 3232 2388 3305 Diopetis
2412 3240 2440 3294 Ρ
2461 3241 2576 3300 Hoc
2602 3249 2832 3316 primum
2864 3254 3102 3316 furorem
3133 3265 3349 3326 illorum
3379 3289 3480 3331 ex.

1875 3319 2086 3376 stinxit.
2115 3321 2187 3378 Et
2207 3324 2459 3400 Diopetis.
2492 3334 2608 3393 Hoc
2634 3340 2805 3411 dicit,
2833 3361 2956 3404 cum
2989 3367 3096 3410 non
3141 3359 3212 3414 sit
3251 3379 3337 3419 res
3365 3383 3482 3423 ma-

1876 3411 2091 3525 nifesta.
2144 3421 2304 3479 Aliud
2345 3440 2561 3487 sacrum
2611 3435 2682 3490 ita
2725 3444 3022 3502 vocabatur
3064 3411 3480 3525 piabat-.3232:

1875 3506 2289 3614 idolum-Dianae
2320 3519 2572 3591 Diopctes
2603 3533 2888 3604 vocabant,
2919 3543 3063 3610 quod
3090 3506 3316 3608 ex'lov'e

1873 3597 1963 3652 illa
2012 3601 2230 3674 delapsa
2275 3623 2440 3678 esset,
2473 3632 2575 3673 nec
2599 3620 2667 3675 ab
2695 3623 2912 3683 homine
2936 3597 3095 3690 lfacta
3121 3637 3310 3700 luisset
3345 3665 3359 3702 :
3391 3652 3478 3706 vel

1871 3690 2014 3815 aliud
2045 3696 2247 3755 idolum
2277 3706 2418 3772 apud
2463 3709 2583 3773 illos
2611 3715 2691 3771 sic
2715 3722 3029 3780 vocabatur.
3060 3730 3150 3788 36.
3184 3734 3310 3792 Cum
3357 3690 3479 3815 erqu

1910 3783 1949 3815 ἓ.
1981 3790 2259 3815 μηδι--.κά
2297 3810 2392 3815 μη
2575 3805 2604 3815 .,

3063 3780 3086 3784 ν
3103 3780 3150 3788 ν.
3187 3780 3310 3792 *φησιν
3357 3780 3399 3796 ου
3415 3780 3424 3797 l
3448 3780 3478 3800 ν

1871 3780 1949 3836 his
1977 3790 2259 3844 contradici
2294 3810 2398 3851 non
2448 3805 2625 3870 possit,
2659 3821 2856 3876 oportet
2885 3831 2972 3869 vos
3014 3822 3219 3881 sedatos
3267 3780 3478 3899 esse,Jet

1871 3876 2002 3899 ..ειη
2025 3889 2142 3899 .-ηρ
2428 3891 2496 3899 --
2570 3897 2578 3899 -

1869 3876 2002 3930 nihil
2019 3889 2204 3937 temere
2223 3901 2390 3957 agere.
2426 3891 2517 3946 37.
2542 3897 2844 3958 Adduxislis
2865 3909 2998 3963 enim
3027 3915 3162 3970 viros
3203 3919 3296 3974 hos
3318 3876 3478 3996 neque

1872 3971 2142 3996 ......:l----
2206 3994 2226 3996 κ-
2252 3995 2257 3996 γ
2408 3982 2422 3996 ¹
2442 3985 2455 3996 ·
2559 3990 2572 3996 -

1867 3971 2162 4043 sacrilegos,
2196 3994 2357 4092 neque
2400 3982 2807 4057 blasphentantes
2850 4000 2998 4057 deam

1868 4068 2037 4183 totum
2063 4069 2401 4183 mepdacium
2419 4085 2504 4134 est
2525 4121 2538 4134 .
2566 4082 2665 4138 ista
2685 4096 2864 4144 autem
2892 4094 2959 4148 ad
2981 4068 3474 4183 populum

1865 4157 2123 4214 secndum
2149 4161 2300 4223 dixit.
2319 4169 2410 4224 53.
2457 4172 2608 4240 Quod
2631 4179 2677 4232 si
2703 4157 3028 4254 Demetriui,
3053 4157 3105 4249 et
3135 4157 3235 4266 qui
3258 4157 3469 4264 alii.

1863 4258 1981 4302 sunt
2005 4254 2247 4322 artiﬁces,
2273 4258 2458 4318 habent
2485 4267 2728 4327 aduersus
2743 4277 2967 4348 aliquem
2991 4254 3223 4359 causam,
3249 4254 3469 4355 conecit:

1863 4347 1944 4392 tus
1967 4342 2192 4411 forenses
2206 4360 2446 4421 aguntur,
2461 4365 2508 4410 et
2532 4342 2862 4435 proconsules
2884 4385 3007 4429 sunt
3038 4393 3058 4432 :
3082 4342 3320 4442 accu'sent
3337 4391 3462 4448 iuvi-

1863 4445 1989 4484 cem.
2006 4433 2094 4488 59.
2116 4437 2324 4553 Si‘quid
2334 4458 2505 4502 autem
2529 4451 2594 4506 de
2612 4456 2729 4511 aliis
2745 4433 2893 4519 rebus
2906 4433 3467 4553 queritis—,iﬁn‘

1861 4538 2104 4581 conventu
2115 4533 2356 4591 solvetur.
2373 4541 2462 4596 40.
2483 4541 2625 4600 Nam
2641 4560 2688 4603 et
2713 4533 3064 4622 periclitamur
3081 4533 3467 4642 argui

1860 4619 1938 4672 nis
1959 4621 2236 4693 hodierna,
2256 4647 2372 4686 cum
2393 4637 2537 4691 nulla
2550 4640 2614 4694 sit
2629 4619 2803 4714 causa,
2827 4653 2963 4709 unde

1858 4713 2105 4825 rationem
2150 4720 2304 4791 hujus
2345 4730 2608 4788 tumultus.
2652 4735 2718 4792 Et
2763 4743 2844 4799 his
2867 4713 3017 4806 dictis
3060 4765 3244 4815 castum

1858 4801 2177 4876 Legitimum
2204 4830 2530 4878 conventum
2567 4826 2717 4885 dicit.
2759 4833 2895 4892 Nam
2944 4801 3244 4908 secundum

1860 4905 1968 4929 ,m,
2029 4918 2320 4929 “una”-
2376 4914 2457 4929 --
2643 4924 2654 4929 -

1860 4905 1971 4958 tres
2025 4918 2324 4965 conventus
2373 4914 2571 4974 ﬂebant
2610 4924 2834 4996 singulis
2861 4939 3140 4998 mensibus
3169 4962 3186 5001 :
3215 4905 3462 5010 bicjero

1855 5007 2157 5055 conventus
2207 5003 2518 5076 illegitimus
2560 5028 2695 5073 erat.
2732 5022 2942 5084 Deinde
2985 5003 3458 5103 terruit'illos'di:

1854 5098 1986 5141 cens
2017 5105 2030 5141 :
2064 5088 2362 5152 Periculum
2407 5113 2512 5168 est,
2561 5123 2625 5162 ne
2673 5127 2972 5174 accusantur
3010 5125 3295 5187 seditionis.
3345 5135 3489 5201 Sed.

1854 5180 2103 5298 super-iu:
2128 5183 2270 5241 dicta
2299 5202 2625 5261 repetamus.
2668 5201 2765 5260 His
2791 5212 3076 5281 completis,
3328 5180 3455 5298 pio:

1854 5274 2022 5340 posuit
2047 5274 2250 5335 Paulus
2270 5283 2321 5336 in
2346 5285 2566 5356 Spiritu,
2593 5298 2807 5352 transita
2838 5302 2891 5355 Μ
2898 5274 3146 5370 acedouia
3164 5274 3453 5390 et—Acliaia,

1854 5366 1926 5390 ι--
1967 5365 1988 5390 Ϊ
1999 5385 2073 5390 ι-ι
2086 5387 2100 5390 -
2116 5387 2128 5390 -
2143 5371 2158 5390 ¹
2183 5389 2187 5390 ν
2378 5378 2422 5390 “’
2534 5383 2546 5390 ⁸
2672 5387 2684 5390 ’

1850 5365 2348 5470 ire-Jerosolymam.
2377 5378 2491 5434 Non
2526 5383 2636 5452 jam
2669 5387 2903 5450 humana
2943 5365 3453 5479 ratione—agitis;

1851 5455 2189 5573 Epirumqno
2222 5469 2450 5526 transire
2471 5473 2713 5535 decrevit
2746 5503 2759 5536 ε
2789 5485 2840 5539 id
2865 5490 3006 5546 enim
3033 5495 3133 5552 sibi
3156 5455 3268 5555 vurt
3293 5455 3444 5573 illud,

3115 5588 3226 5648 Cur
3269 5607 3448 5656 autent

1850 5640 2028 5698 mittat
2074 5647 2414 5710 Timotheum
2447 5668 2502 5714 et
2544 5662 2817 5736 Erastum,
2868 5690 2974 5731 non
3020 5678 3196 5739 dicit:
3229 5640 3447 5748 videtu:

1849 5743 2027 5854 autem
2072 5740 2203 5796 mihi
2248 5747 2409 5803 etiam
2456 5753 2522 5808 de
2570 5755 2674 5813 hoc
2713 5761 2839 5829 dici,
2870 5765 2940 5822 In
2965 5769 3188 5842 Spiritu.
3223 5740 3448 5854 Propter

1846 5829 1983 5895 quod
2021 5849 2124 5888 non
2167 5842 2467 5901 sustinentes
2505 5854 2747 5924 amplius,
2773 5860 2968 5929 placuit
3006 5829 3150 5927 nobis
3187 5829 3446 5937 remat’iers

1851 5920 2080 5996 Athenis,
2111 5932 2231 5988 solis
2258 5932 2336 6005 (i.
2378 5936 2552 5999 Thess.
2588 5947 2640 6002 5.
2679 5920 2858 6022 ‘)'.'Et
2904 5920 3441 6033 vidc,ﬁdvuosve;un~ti:
