4072 6404
593 459 696 516 299

599 568 782 626 nistris
811 565 922 621 suis
949 559 1118 625 misit,
1137 565 1194 612 ut
1219 563 1274 610 et
1301 552 1583 608 adventum
1610 560 1764 601 suum
1795 538 2172 596 annuntiarent

597 673 651 718 et
671 659 1026 732 promptiores
1041 654 1160 708 illos
1188 646 1477 704 redderent
1491 684 1504 696 .
1528 640 1753 694 Maxime
1771 638 1822 688 in
1846 632 1970 687 Asia
1983 643 2172 732 versa-

603 722 687 808 tut"
707 770 722 810 :
741 762 798 807 et
823 722 1017 804 merito
1043 763 1055 795 :
1086 744 1192 798 illic
1209 739 1346 795 enim
1367 745 1714 802 eratmagnus
1737 722 2172 796 philosophorum

598 855 794 902 coetus.
823 843 887 899 Et
911 840 1162 901 veniens,
1193 844 1378 888 rursus
1403 829 1525 882 illos
1545 821 1912 894 alloquebatur
1942 836 1954 872 :
1984 829 2175 885 magna

602 939 797 1010 quippe
824 935 931 989 illic
954 941 1068 988 erat
1089 925 1416 997 superstitio.
1460 918 1744 974 Demetrius
1773 915 1909 1010 enini
1942 912 2172 1010 quidam,

604 1000 794 1099 inquit,
825 1019 1137 1092 argentarius
1161 1015 1382 1070 collectis
1411 1012 1554 1065 istius
1574 1009 1698 1060 artis
1718 1001 1983 1072 opiﬁcibus

613 1086 743 1186 Vt'n',
771 1086 911 1173 ictu}
940 1110 1185 1167 stridetis
1211 1117 1259 1161 et
1288 1104 1510 1165 auditis;
1545 1101 1616 1152 ita
1655 1094 1993 1150 manifestum
2046 1086 2176 1143 illud

603 1183 764 1266 erati:
794 1204 929 1276 quod
956 1202 1037 1255 hic
1073 1198 1265 1253 Paulus
1297 1193 1513 1248 suadens
1535 1187 1786 1242 subvertit
1831 1183 2045 1238 multam
2072 1189 2180 1232 tur-

605 1305 736 1355 bam.
765 1270 942 1365 ltaque
965 1307 1068 1347 non
1093 1289 1373 1350 violenter,
1398 1283 1442 1337 si
1465 1281 1633 1336 suasit
1662 1297 1676 1335 :
1709 1278 1780 1332 ita
1812 1270 2178 1346 persuadenda

605 1391 794 1445 civitas
819 1361 920 1442 est.
952 1381 1151 1438 Deinde
1179 1376 1393 1431 adducit
1431 1373 1505 1436 id,
1535 1369 1676 1440 quod
1719 1369 1835 1422 illos
1863 1361 2176 1418 mordebat:

609 1479 759 1548 Quod
781 1494 881 1531 non
908 1483 1023 1529 sunt
1043 1471 1134 1535 dii,
1158 1467 1241 1538 qui
1263 1463 1493 1520 manibus
1513 1460 1743 1516 humanis
1770 1459 1918 1548 ﬁunt.
1941 1453 2078 1522 Quid
2100 1461 2181 1548 est

613 1543 746 1626 hoc?
772 1565 1060 1627 Subvertit,
1089 1559 1280 1629 inquit,
1305 1566 1472 1610 artem
1501 1558 1762 1606 nostram.
1785 1547 1863 1603 Ne
1882 1561 2011 1602 vero
2035 1543 2181 1614 cogi-

609 1671 783 1718 tarent
808 1671 863 1715 et
889 1659 1149 1718 dicerent,
1182 1651 1322 1721 quod
1368 1648 1517 1702 solus
1544 1644 1706 1698 homo
1753 1639 1875 1695 talia
1907 1637 2100 1710 possit;
2127 1643 2181 1690 et

609 1755 771 1826 quod,
801 1753 846 1807 si
872 1759 1077 1806 tantum
1101 1745 1290 1817 possit.
1315 1742 1387 1796 illi
1417 1737 1638 1807 obsequi
1654 1729 2176 1826 oporteatzaddidit:

614 1820 779 1912 Quam
822 1853 924 1897 tota
953 1843 1073 1894 Asia
1111 1846 1156 1890 et
1193 1834 1324 1889 orbis
1349 1831 1485 1884 colit.
1519 1827 1718 1882 Vocem
1749 1838 1897 1879 suam
1928 1820 2182 1891 putabant

609 1941 788 1996 divino
829 1933 1048 2004 Spiritui
1075 1930 1396 1989 abfuturam,
1433 1937 1556 1978 cum
1587 1917 1762 1976 Graeci
1802 1916 1950 1987 pueri
1977 1919 2179 1969 essent.

611 2035 686 2089 Ex
719 2032 838 2095 hoc,
869 2027 1055 2098 inquit,
1098 2021 1309 2092 opiﬁcio
1348 2019 1636 2073 lucramur.
1667 2013 1735 2068 Et
1761 2011 1807 2066 si
1835 2024 1902 2065 ex
1930 2008 2032 2062 hoc
2061 2005 2180 2075 opi-

611 2124 731 2179 licio
758 2120 909 2174 vobis
942 2097 1154 2170 lucrum
1181 2116 1272 2177 sit,
1303 2106 1573 2180 quomodo
1619 2103 1781 2158 homo
1800 2099 1924 2156 vilis
1949 2097 2181 2154 suadere

610 2214 813 2287 potuit?
841 2207 1106 2281 quomodo
1131 2213 1289 2260 tanta:
1313 2195 1685 2257 consuetudini
1711 2190 2033 2287 praevaluit}
2053 2187 2182 2258 quid

609 2281 755 2371 fecit,
785 2302 910 2373 quid
939 2297 1106 2354 dixit?
1131 2290 1246 2350 Non
1272 2301 1354 2348 est
1381 2289 1554 2354 Pauli,
1596 2302 1702 2341 non
1731 2292 1813 2341 est
1837 2281 1957 2337 viri.
1989 2281 2057 2336 Et
2084 2283 2184 2334 hoc

611 2372 815 2454 sumen
831 2391 1052 2455 dixisse,
1085 2386 1207 2441 Non
1235 2393 1351 2440 sunt
1370 2383 1458 2436 an.
1493 2381 1550 2436 Si
1574 2393 1702 2449 ergo
1723 2377 1794 2431 ita
1817 2374 1970 2430 facile
1992 2372 2184 2442 depre-

611 2486 866 2546 henditur
893 2481 1051 2550 impia
1077 2476 1286 2546 religio,
1313 2473 1423 2543 jam
1463 2470 1593 2525 olim
1620 2469 1923 2523 damnatam
1967 2469 2182 2532 oporte-

609 2574 727 2645 bat;
755 2579 802 2634 si
824 2589 952 2630 vero
972 2569 1142 2627 solida
1172 2569 1262 2632 sit,
1296 2580 1400 2621 nou
1432 2571 1540 2617 tam
1565 2563 1673 2615 cito
1701 2556 1818 2612 tolli
1842 2563 2036 2626 potest.
2062 2551 2184 2606 Non

608 2643 759 2726 modo
788 2676 976 2730 autem,
1010 2661 1200 2731 inquit,
1226 2660 1320 2711 hoc
1340 2654 1654 2727 periclitatur
1677 2649 1839 2704 nobis.
1867 2646 2027 2715 Quasi
2058 2643 2185 2713 quid

613 2762 784 2832 majus
808 2759 1016 2819 dicens,
1046 2752 1148 2807 hoc
1173 2747 1428 2806 subdidit.
1466 2743 1561 2799 His
1589 2741 1777 2796 auditis
1804 2738 1983 2810 repleti
2014 2739 2187 2832 furore

612 2825 896 2908 clamabant
937 2862 956 2901 :
997 2843 1187 2912 Magna
1230 2839 1400 2892 Diana
1455 2833 1824 2904 Ephesiorum!
1865 2828 1923 2882 In
1964 2825 2185 2895 singulis

610 2943 754 2999 enim
782 2935 1086 2994 civitatibus
1105 2931 1177 2985 dii
1200 2925 1401 2998 proprii
1423 2929 1594 2979 erant.
1616 2923 1694 2975 Ac
1715 2921 1793 2974 sic
1811 2917 1983 2972 allecti
2008 2922 2181 2979 erant,

609 3031 759 3104 quasi
785 3042 916 3084 voce
945 3040 1038 3080 sua
1068 3022 1268 3077 cultum
1297 3017 1413 3087 ejus
1439 3013 1798 3076 restituerent,
1826 3017 1883 3064 et
1907 3023 2024 3078 qu:e
2049 3005 2184 3059 facta

612 3135 764 3183 erant
789 3121 1162 3179 dissolverent.

683 3220 737 3275 Ei.
767 3213 896 3269 Vide
931 3207 1254 3266 inconditam
1292 3200 1520 3257 turbam.
1555 3197 1722 3252 Paulo
1748 3204 1916 3249 autem
1937 3233 1953 3258 ,
1985 3193 2184 3263 inquit,

616 3310 808 3364 uolente
835 3306 1024 3357 intrare
1051 3301 1103 3353 in
1131 3295 1374 3370 papulum
1393 3332 1410 3357 ,
1443 3307 1543 3344 non
1571 3287 1903 3359 permiserunt
1930 3285 2184 3354 discipuli.

618 3398 815 3456 Paulus
836 3395 994 3465 igitur
1014 3388 1216 3458 ingredi
1235 3384 1448 3439 volebat
1469 3377 1818 3436 eoneionandi
1845 3389 2004 3432 causa
2031 3394 2044 3430 :
2069 3388 2189 3445 per-

616 3487 958 3559 sequutiones
987 3483 1128 3536 enim
1167 3477 1232 3532 ad
1262 3475 1557 3530 doctrinam
1583 3469 1860 3540 captabat;
1900 3467 1993 3523 sed
2022 3467 2186 3523 disci-

616 3581 727 3653 puli
758 3593 861 3633 non
896 3569 1290 3644 permittebant.
1327 3562 1603 3634 Perpende
1635 3568 1832 3653 quanta
1859 3573 1983 3629 erga
2015 3559 2187 3628 ipsum

616 3649 828 3742 semper
849 3662 1176 3739 providentia
1196 3668 1429 3714 utantur.
1451 3656 1517 3710 Et
1535 3653 1602 3709 ab
1622 3653 1772 3707 initio
1795 3651 1969 3720 ipsum
1989 3649 2189 3705 eduxe-

617 3773 772 3829 runt,
811 3776 879 3816 ne
911 3756 1125 3812 letalem
1169 3751 1438 3820 acciperet
1464 3747 1666 3816 plagam
1697 3761 1712 3798 :
1739 3757 2061 3814 quamquam
2095 3757 2189 3797 au-

618 3857 843 3914 dierant,
859 3846 997 3919 quod
1015 3851 1284 3915 oporteret
1297 3842 1468 3911 ipsum
1484 3839 1704 3892 Romam
1723 3835 1935 3902 videre;
1950 3844 2188 3891 attamen

618 3943 920 4018 prohibent.
949 3937 1064 3993 Non
1090 3934 1206 3990 sine
1233 3930 1560 4003 providentia
1584 3937 1760 3983 autem
1788 3926 2184 3998 praenuntiavit,

620 4054 686 4094 ne
711 4037 778 4091 de
798 4050 858 4090 re
881 4039 1027 4103 gesta
1054 4028 1414 4083 turbarentur.
1449 4018 1521 4076 lta
1546 4021 1794 4076 nolebant
1820 4020 1968 4076 illum
1989 4019 2188 4089 aliquid

616 4129 744 4200 pati.
778 4125 845 4181 Et
873 4122 1077 4193 quidam
1114 4118 1397 4188 principum
1423 4114 1584 4180 Asitc,
1619 4113 1822 4183 inquit,
1847 4112 2091 4184 rogabant
2117 4114 2186 4167 il-

622 4223 747 4285 lum,
773 4237 835 4273 ne
859 4220 1066 4272 intraret
1088 4215 1139 4266 in
1171 4213 1438 4264 theatrum.
1472 4209 1781 4276 Promptum
1813 4207 1929 4274 ejus
1953 4207 2187 4261 animum

619 4313 859 4366 videntes
881 4305 1229 4361 obseerabanl
1258 4321 1270 4357 :
1296 4302 1429 4355 adeo
1451 4300 1594 4353 illum
1623 4298 1808 4353 ﬁdeles
1834 4311 2021 4352 omnes
2047 4314 2192 4352 ama—

628 4404 775 4458 bant.
826 4400 895 4454 Et
931 4412 1055 4462 cur,
1104 4394 1338 4464 inquies,
1379 4390 1678 4468 Alexander
1718 4389 1884 4444 voluit
1929 4390 2188 4445 ratiOnem

614 4493 883 4550 reddere?
912 4504 1034 4543 num
1059 4498 1111 4539 et
1133 4487 1247 4554 ipse
1273 4484 1647 4538 accusabatur?
1673 4483 1737 4538 Ut
1763 4484 1971 4538 inventa
1997 4498 2191 4552 oppor-

621 4586 844 4640 tunitate
876 4590 1040 4634 totum
1068 4579 1422 4642 subverteret,
1449 4585 1499 4628 et
1527 4576 1700 4644 populi
1735 4574 1965 4629 furorem
1988 4576 2191 4630 exstin-

620 4686 826 4747 gueret.
880 4671 1124 4727 Vidistin’
1173 4669 1404 4722 furorem
1461 4665 1883 4720 tumultuosum?
1943 4667 2084 4720 Bene
2136 4676 2192 4721 et

627 4765 941 4834 increpantis
972 4775 1118 4816 more
1147 4759 1317 4812 scriba
1347 4775 1360 4810 :
1388 4756 1512 4822 Quis
1544 4766 1636 4820 est,
1670 4756 1859 4825 inquit,
1889 4757 1976 4826 qui
2006 4757 2192 4810 nesciat

628 4857 962 4925 Ephesiorum
986 4850 1268 4905 civitatem?
1295 4848 1382 4902 Sic
1405 4848 1550 4909 dicit,
1581 4846 1648 4901 de
1676 4862 1779 4916 quo
1812 4847 2099 4912 timebant;
2131 4862 2193 4901 ac

623 4949 669 5001 si
696 4947 918 5007 diceret,
946 4941 1131 4994 Nonne
1159 4940 1331 4992 colitis
1359 4939 1538 4991 illam?
1567 4937 1748 5006 Neque
1773 4935 1923 5002 dixit,
1957 4936 2086 5003 Quis
2113 4947 2192 4992 est

626 5041 712 5108 qui
750 5053 853 5091 non
899 5033 1105 5089 noverit
1153 5030 1413 5084 Dianam?
1451 5029 1574 5093 sed,
1615 5028 1874 5082 Civitatem
1919 5038 2190 5092 nostram,

624 5133 742 5185 illos
768 5139 1139 5196 compescens.
1171 5121 1295 5177 Cum
1325 5137 1439 5190 ergo
1471 5121 1548 5173 his
1576 5121 1848 5172 contradici
1876 5136 1974 5172 non
2005 5120 2190 5188 possit,

625 5233 817 5293 Oportet
855 5236 941 5272 vos
968 5217 1163 5268 sedatos
1189 5230 1312 5267 esse.
1346 5213 1418 5267 De
1446 5212 1530 5265 his
1560 5211 1859 5280 redarguit,
1887 5226 1947 5264 ac
1977 5213 2019 5264 si
2048 5210 2195 5280 dice;

627 5323 748 5369 ret:
774 5313 909 5378 Quid
943 5321 1068 5375 ergo
1097 5306 1332 5374 quieritis
1353 5345 1368 5368 ,
1409 5303 1558 5372 quasi
1596 5303 1710 5356 hzec
1743 5303 1939 5356 incerta
1980 5303 2195 5356 essent?

626 5407 800 5475 palam
834 5409 946 5466 est,
973 5396 1346 5452 contumeliam
1378 5397 1429 5449 in
1455 5395 1609 5449 deam
1642 5395 1783 5449 illam
1813 5395 2056 5448 transire.
2093 5394 2192 5448 Re-

628 5497 836 5564 ligionis
855 5492 1074 5547 obtentu
1095 5488 1292 5542 lucrum
1311 5502 1461 5540 suum
1483 5485 1693 5541 ﬁrmare
1711 5487 1972 5541 volebant.
1997 5487 2197 5542 Deinde

631 5586 819 5641 leuiter
840 5579 1144 5652 perstringit
1167 5594 1290 5643 eos;
1324 5577 1612 5633 ostendens
1635 5579 1752 5633 illos
1773 5579 1970 5647 absque
1993 5580 2198 5634 ratione

627 5670 961 5730 convenisse.
991 5669 1061 5722 Et
1088 5670 1232 5732 nihil,
1266 5669 1455 5738 inquit,
1493 5677 1673 5722 temere
1701 5686 1866 5739 agere.
1897 5671 2196 5726 Ostendens

631 5783 725 5824 eos
747 5765 1038 5836 petulanter
1067 5762 1257 5832 egisse,
1292 5762 1390 5815 hoc
1420 5762 1570 5816 dixit.
1603 5762 1748 5827 Quod
1769 5763 1809 5815 si
1841 5761 2123 5816 Demetrius
2152 5772 2197 5814 et

631 5859 714 5929 qui
744 5873 854 5912 cum
872 5872 929 5910 eo
951 5868 1090 5922 sunt,
1119 5856 1298 5909 habent
1325 5857 1559 5909 adversus
1588 5856 1803 5927 aliquem
1825 5871 2049 5922 causam,
2078 5871 2195 5925 pro.

1309 440 1362 495 S.
1399 430 1674 492 .IOANNIS
1719 418 2192 484 CHRYSOSTOHI
2242 413 2558 474 ARCHIEP.
2596 403 3126 466 CONSTANTINOP.

3753 391 3862 446 500

2277 529 2505 585 consules
2538 534 2672 580 sunt.
2707 523 2818 578 llac
2860 522 2929 576 de
2980 536 3040 574 re
3086 517 3300 587 culpat,
3331 523 3387 568 et
3415 508 3703 567 ostendens
3747 521 3860 559 non

2277 630 2525 692 oportere
2547 617 2876 688 privatorum
2897 613 3179 667 criminum
3200 621 3359 663 causa
3381 617 3717 660 communem
3743 599 3868 653 fieri

2276 718 2616 766 conventum.
2649 705 2790 760 Nam
2817 703 3097 772 periculum
3122 709 3213 765 est,
3245 696 3435 767 inquit,
3457 711 3520 748 ne
3543 706 3866 746 accusantur.

2280 803 2389 859 Hac
2416 817 2474 857 re
2503 801 2622 856 illos
2645 800 2695 852 in
2722 796 2993 867 angustias
3017 793 3254 862 conjicit.
3279 788 3405 844 Cum
3424 786 3568 841 nulla
3593 785 3657 840 sit
3679 799 3867 843 causa.

2279 896 2479 966 inquit,
2524 894 2586 947 de
2623 908 2720 962 qua
2748 890 2997 960 possimus
3027 888 3179 955 hujus
3207 884 3447 938 tumultus
3471 877 3718 934 rationem
3745 874 3870 928 red-

2281 992 2418 1043 dere.
2457 987 2590 1041 Vide
2636 999 2792 1055 quam
2845 980 3135 1051 prudenter
3179 975 3263 1032 vel
3312 971 3555 1030 inﬁdeles
3599 969 3867 1023 rationem

2282 1079 2527 1140 reddant,
2571 1086 2625 1131 et
2665 1090 2823 1145 quam
2853 1072 3144 1141 sapienter.
3191 1069 3281 1122 Sic
3323 1069 3555 1120 furorem
3584 1059 3868 1116 exstinxit.

2283 1167 2353 1226 l‘it
2371 1175 2512 1225 enim
2538 1167 2691 1222 facile
2713 1165 3041 1227 accenditur,
3068 1159 3285 1231 perinde
3306 1157 3460 1212 facile
3484 1152 3865 1222 exstinguitur.

2283 1259 2352 1314 Et
2395 1261 2473 1313 his
2513 1260 2660 1312 dictis
2703 1267 2882 1311 catum
2912 1253 3077 1307 solvit».
3119 1249 3305 1304 Viden’
3339 1248 3502 1302 Deum
3544 1244 3908 1298 tentationes‘

2287 1352 2617 1421 permittere.
2650 1365 2711 1403 ac
2740 1364 2834 1416 per
2863 1347 2978 1400 illas
3014 1341 3308 1411 discipulos
3334 1338 3568 1394 excitare
3594 1344 3647 1389 et
3678 1331 3874 1403 vigiles

2284 1444 2542 1511 reddere,
2583 1459 2645 1497 ac
2690 1441 3041 1496 ferventiores
3084 1434 3331 1492 efficere?
3360 1432 3437 1487 Ne
3461 1445 3588 1500 ergo
3616 1429 3876 1483 concida-

2283 1551 2402 1589 mus
2429 1535 2482 1588 in
2514 1532 2900 1588 tentationibus
2925 1547 2938 1584 :
2965 1531 3079 1600 ipse
3115 1539 3344 1595 namque
3374 1522 3573 1578 exitum
3601 1518 3780 1586 dabit,
3812 1524 3879 1572 ut

2283 1627 2547 1698 possimus
2575 1626 2860 1680 sustinere.

2352 1716 2612 1772 xErumna
2635 1718 2824 1771 amicos
2853 1714 3084 1769 devincit.
3109 1709 3432 1780 Comparatio
3458 1707 3639 1762 domus
3664 1704 3877 1775 nuptia-

2282 1825 2396 1862 runt
2429 1826 2544 1862 cum
2590 1809 2741 1863 domo
2791 1803 3228 1861 luctum—Nihil
3271 1803 3342 1856 ita
3384 1800 3587 1854 amicos
3632 1795 3876 1850 devincit

2281 1911 2339 1957 et
2379 1902 2654 1973 eonjungit
2689 1909 2749 1956 ut
2785 1913 3052 1960 aerumna;
3090 1895 3220 1951 nihil
3263 1895 3337 1949 ita
3379 1891 3613 1947 ﬁdelium
3658 1889 3875 1944 animos

2281 1997 2597 2066 constringit
2624 2004 2680 2049 et
2707 1995 2948 2065 colligat;
2993 1992 3125 2048 nihil
3158 1991 3313 2046 nobis
3341 1987 3648 2045 doctoribus
3669 1998 3878 2054 oppor-

2282 2086 2485 2151 tunius,
2517 2096 2574 2141 ut
2601 2085 2740 2142 dicta
2770 2095 2952 2140 nostra
2973 2083 3276 2138 audiantur.
3300 2079 3528 2135 Auditor
3550 2071 3695 2132 enim
3725 2083 3878 2129 trano

2289 2178 2454 2248 quille
2479 2193 2645 2248 agens
2684 2178 2860 2234 mollis
2884 2185 2970 2232 est
2995 2183 3052 2231 et
3089 2177 3340 2244 ignavus,
3380 2182 3435 2227 et
3471 2169 3698 2226 moleste
3726 2165 3876 2222 ferre

2285 2269 2491 2324 videtur
2513 2281 2813 2332 oratorem;
2848 2269 2900 2323 in
2927 2254 3185 2322 terumnis
3207 2281 3337 2320 vero
3361 2274 3417 2318 et
3436 2259 3705 2332 angustiis
3723 2257 3875 2329 posi-

2286 2368 2390 2425 tus,
2419 2361 2470 2414 in
2496 2361 2717 2414 multum
2742 2358 2994 2414 audiendi
3015 2356 3339 2412 desiderium
3363 2353 3564 2409 incidit.
3587 2350 3720 2406 Nam
3744 2363 3878 2404 eum

2285 2452 2495 2522 angitur
2525 2451 2759 2518 animus,
2792 2449 3026 2520 undique
3053 2445 3474 2504 consolationem
3502 2443 3728 2510 quarrit;
3760 2455 3878 2496 non

2289 2544 2564 2599 minimam
2610 2552 2789 2600 autem
2843 2556 3022 2599 sermo
3071 2540 3228 2596 amsrt
3272 2535 3714 2594 consolationem.
3763 2533 3883 2589 Cur

2287 2649 2436 2703 ergo,
2467 2633 2696 2704 inquies,
2728 2631 2901 2688 Judaei
2927 2646 3048 2685 cum
3073 2629 3454 2700 affligerentur,
3497 2641 3565 2682 ex
3597 2620 3880 2694 pusillani-

2287 2725 2475 2780 niitate
2515 2740 2621 2780 non
2667 2723 2993 2780 audiebant?
3034 2722 3166 2790 Quia
3205 2719 3376 2776 Judaei
3415 2725 3606 2782 erant,
3657 2731 3882 2785 semper

2289 2816 2582 2872 imbecilles
2602 2826 2654 2870 et
2679 2816 2860 2870 miseri
2886 2834 2900 2869 :
2923 2814 3156 2884 alioquin
3179 2827 3305 2868 vero
3326 2825 3515 2880 magna
3539 2809 3607 2863 ibi
3629 2809 3880 2877 angustia

2287 2917 2434 2974 erat;
2467 2907 2621 2962 nobis
2640 2917 2818 2961 autem
2837 2906 2905 2961 de
2926 2905 3179 2960 mediocri
3201 2913 3284 2959 est
3305 2918 3502 2958 sermo.
3523 2900 3654 2956 Vide
3675 2916 3840 2971 porro
3863 2917 3878 2954 :

2288 2997 2674 3067 exspectabant
2717 2996 2793 3051 illi
2836 2995 3050 3050 liberari
3077 3010 3105 3048 a
3135 2994 3288 3049 malis
3316 2993 3668 3063 praesentibus
3689 3031 3702 3053 ,
3736 3000 3788 3044 et
3821 2991 3878 3044 in

2289 3088 2532 3158 graviora
2559 3089 2838 3142 innumera
2867 3086 3207 3141 incidebant:
3232 3087 3332 3139 hoc
3359 3095 3537 3139 autem
3560 3099 3662 3137 non
3686 3081 3884 3138 leviter

2289 3180 2524 3234 animum
2566 3181 2616 3234 iii
2659 3195 2946 3235 maerorem
2977 3178 3155 3233 trahit.
3187 3177 3464 3233 IErumna:
3494 3191 3594 3232 nos
3619 3177 3687 3233 ab
3715 3177 3884 3244 hujus

2292 3272 2474 3326 mundi
2502 3270 2692 3326 affectu
2723 3270 3041 3326 abstrahunt
3067 3287 3080 3322 :
3102 3270 3280 3323 statim
3311 3284 3440 3323 vero
3477 3279 3703 3323 mortem
3734 3268 3882 3336 peti-

2291 3376 2442 3426 mus,
2479 3376 2576 3415 nec
2618 3376 2802 3416 sumus
2829 3361 3072 3430 corporis
3098 3369 3391 3426 amatores;
3419 3360 3560 3430 quod
3593 3370 3674 3416 est
3703 3359 3884 3430 philo-

2291 3452 2496 3523 sophia:
2524 3467 2646 3522 pars
2674 3452 2928 3518 maxima,
2956 3467 3060 3506 non
3088 3451 3324 3520 deditum
3350 3468 3449 3506 nec
3467 3452 3731 3507 addictum
3754 3468 3884 3509 esse

2293 3547 2540 3618 praisenti
2571 3547 2713 3600 vitae.
2748 3544 2956 3600 Afﬂieta
2983 3545 3160 3599 anima
3186 3561 3288 3598 non
3310 3545 3424 3598 vult
3444 3545 3624 3599 multis
3646 3545 3882 3615 hairere,

2293 3639 2388 3694 sed
2416 3641 2806 3694 recreationem
2830 3646 3032 3693 tantum
3059 3638 3343 3709 quamdam
3369 3645 3424 3692 ct
3442 3638 3674 3706 quietem
3700 3649 3883 3696 amat:

2289 3739 2438 3801 optat
2466 3745 2494 3783 a
2525 3729 2879 3800 praesentibus
2907 3730 3078 3800 eripi,
3112 3729 3321 3784 etiamsi
3349 3729 3481 3783 nihil
3513 3729 3656 3784 aliud
3688 3732 3773 3786 sit.
3805 3730 3884 3788 Ut

2291 3837 2484 3891 corpus
2510 3821 2857 3892 defatigatum
2906 3831 2960 3875 et
3005 3822 3056 3874 in
3102 3821 3315 3876 miseria
3344 3836 3592 3887 versans,
3628 3837 3731 3876 non
3765 3824 3884 3881 vult

2293 3927 2473 3967 amare
2501 3927 2600 3968 nec
2631 3913 2803 3966 ventri
2830 3912 3054 3976 servire,
3087 3912 3181 3966 sed
3210 3913 3486 3982 quiescere
3512 3921 3566 3967 et
3596 3912 3885 3983 tranquille

2292 4020 2452 4075 agere
2485 4023 2496 4057 :
2526 4005 2605 4059 sic
2643 4015 2696 4059 et
2734 4005 2908 4058 anima
2953 4005 3247 4058 innumeris
3288 4014 3552 4058 macerata
3595 4004 3776 4067 malis,
3807 4008 3880 4059 ad

2292 4097 2598 4166 quietemet
2627 4096 3064 4165 tranquillitatem
3095 4094 3327 4149 festinat.
3351 4093 3466 4160 llla,
3486 4096 3676 4164 quaein
3696 4095 3884 4165 quiete

2291 4190 2418 4258 agit,
2452 4187 2662 4257 stupida
2685 4197 2784 4252 est,
2820 4189 3085 4252 turbatur,
3109 4187 3352 4242 sublimis
3381 4190 3576 4254 fertur;
3609 4189 3723 4245 hinc
3748 4204 3886 4246 vero

2295 4282 2425 4335 nihil
2471 4281 2535 4334 ad
2589 4280 2731 4350 quod
2781 4280 2989 4342 inhiet,
3043 4280 3172 4333 nihil
3220 4280 3419 4333 ﬂuxum
3472 4280 3715 4347 habens,
3764 4290 3878 4334 tota

2293 4373 2706 4442 constringitur,
2746 4388 2847 4426 nec
2875 4372 3102 4426 sublime
3127 4374 3268 4440 sapit
3292 4393 3303 4424 :
3329 4381 3382 4425 et
3411 4373 3498 4426 illa
3525 4373 3730 4439 fortior,
3750 4373 3882 4429 [iure

2296 4464 2548 4533 puerilior
2586 4474 2699 4527 est;
2748 4464 2831 4516 illa
2872 4464 3117 4531 gravior,
3171 4465 3283 4518 hinc
3329 4464 3516 4519 levior.
3561 4463 3630 4519 Et
3662 4464 3799 4519 sicut
3829 4467 3881 4521 si

2297 4558 2418 4628 quid
2448 4556 2506 4611 in
2534 4557 2844 4626 profundam
2869 4573 3056 4624 aquam
3083 4557 3302 4624 incidat,
3328 4560 3369 4611 si
3396 4559 3512 4612 leve
3533 4558 3602 4613 sit
3622 4556 3880 4615 ﬂuetuat:

2297 4651 2374 4704 sic
2404 4659 2457 4704 et
2484 4650 2658 4703 anima
2703 4654 2752 4704 in
2783 4650 3031 4720 gaudium
3073 4652 3298 4705 multum
3341 4651 3601 4706 incidens.
3648 4651 3890 4709 Maxima

2298 4756 2426 4795 vero
2449 4751 2661 4810 peccata
2688 4759 2715 4795 a
2745 4741 2908 4795 multa
2936 4743 3205 4810 voluptate
3235 4743 3385 4796 nobis
3409 4743 3537 4797 oriri
3561 4743 3747 4799 videre
3771 4759 3880 4806 est.

2299 4834 2392 4897 Et,
2443 4835 2485 4887 si
2537 4834 2744 4903 placet.
2793 4835 2982 4887 domos
3030 4834 3162 4888 duas
3207 4836 3613 4899 describamus;
3653 4837 3880 4891 alteram

2299 4925 2640 4992 nuptiarum,
2689 4925 2913 4977 alteram
2949 4925 3156 4990 luctus:
3185 4925 3234 4978 in
3269 4935 3548 4995 utramque
3579 4936 3759 4982 mente
3799 4929 3881 4982 itt-

2298 5015 2598 5081 grcdiainur
2625 5034 2637 5068 :
2663 5016 2937 5067 videamus
2967 5027 3078 5068 utra
3126 5017 3195 5068 sit
3223 5017 3429 5071 melior.
3464 5016 3660 5072 Luctus
3684 5018 3880 5076 domus

2301 5105 2470 5157 inveni
2519 5115 2599 5157 'ur
2626 5105 2962 5173 ριιὶιοεοιιίιὶει
2990 5107 3162 5174 plena,
3193 5107 3384 5160 domus
3413 5124 3541 5162 vero
3573 5113 3880 5179 nuptiarum

2299 5197 2494 5265 turpitt
2524 5197 2647 5249 .ine.
2688 5197 2817 5252 Vide
2861 5203 3317 5270 namque:turpia
3364 5202 3470 5255 illic
3516 5205 3674 5257 verba
3722 5218 3880 5268 sunt,

2299 5287 2439 5338 risus
2485 5286 2809 5352 inconditus,
2849 5303 3062 5356 gressus
3105 5290 3463 5359 incompositi,
3509 5295 3669 5347 vestis
3707 5306 3759 5348 et
3802 5297 3882 5347 in-

2298 5391 2481 5429 ccssus
2518 5377 2841 5444 turpitudine
2870 5379 3086 5446 plenus,
3117 5391 3298 5450 gestus
3330 5382 3534 5435 insania
3569 5393 3622 5436 et
3651 5384 3880 5438 stultitia

2300 5471 2463 5523 multa
2493 5489 2502 5522 :
2531 5471 2580 5523 in
2625 5487 2828 5525 summa
2861 5473 2993 5527 nihil
3038 5474 3132 5536 ibi,
3182 5489 3340 5542 quam
3381 5475 3521 5530 risus
3566 5485 3620 5530 et
3659 5477 3878 5530 deris-io.

2301 5559 2415 5614 Non
2468 5561 2532 5614 de
2575 5561 2702 5629 ipsis
2743 5564 2941 5632 nuptiis
2981 5565 3134 5628 dico,
3179 5565 3344 5630 absit;
3386 5565 3480 5620 sed
3519 5566 3584 5619 de
3626 5567 3721 5630 iis,
3763 5585 3882 5636 qu:c

2304 5655 2512 5723 nuptias
2553 5648 2894 5709 comitantur.
2947 5657 3096 5711 Tunc
3135 5669 3320 5711 natura
3362 5658 3722 5712 debacchatur
3750 5679 3760 5710 :
3793 5663 3883 5728 qui

2305 5745 2498 5798 adsunt
2531 5763 2591 5797 ex
2666 5749 2927 5801 uiiiinibus
2965 5750 3115 5802 bruta
3156 5748 3324 5814 ﬁunt,
3370 5750 3457 5802 alii
3502 5761 3559 5802 ut
3597 5751 3716 5817 equi
3762 5750 3882 5804 ltiti-

2312 5836 2479 5905 ninnt,
2500 5839 2588 5894 alii
2614 5855 2661 5894 ut
2689 5841 2817 5894 asini
2842 5841 3115 5894 calcitrant
3135 5857 3148 5895 :
3169 5857 3355 5911 magna
3378 5842 3671 5907 dissolutio,
3697 5857 3884 5912 magna
