4072 6406
193 431 306 490 299

206 549 482 617 Ἀχαΐαν,
527 545 893 615 πορεύεσθαι
931 547 1019 612 είς
1074 543 1489 612 Ἰεροσόλυμα.
1521 540 1636 593 Οὐκ
1680 537 1762 591 ἐτι
1794 539 1894 592 ἀν-

191 637 492 709 θρωπίνως
525 637 763 692 ἐνταῦθα
787 638 950 698 ποιεῖ,
980 634 1118 689 ἀλλά
1151 633 1434 703 Πνεύματι
1461 672 1478 696 ,
1505 626 1550 700 ᾧ
1576 631 1672 684 καὶ
1704 629 1894 702 προεί-

190 726 321 778 λετο
347 725 604 779 διελθεῖν.
636 724 809 778 Τοῦτο
843 723 954 795 γάρ
978 726 1093 776 ἐστι
1118 722 1208 786 τὸ,
1244 720 1478 786 Ἔθετο,
1509 719 1607 774 καὶ
1633 717 1891 789 τοιαύτην

187 815 218 867 ὁ
247 813 414 882 λόγος
442 814 656 868 ἔννοιαν
681 813 816 884 ἔχει.
847 812 1006 875 Τίνος
1047 811 1105 864 δὲ
1141 811 1328 864 ἕνεκεν
1370 807 1695 863 ἀποστέλλει
1725 807 1894 876 Τιμό⁴

188 900 318 955 θεον
353 902 454 956 καὶ
477 903 778 972 Ἔραστον,
825 901 887 953 οὐ
934 899 1116 969 λέγει·
1155 900 1278 972 ἐμοὶ
1328 899 1388 953 δὲ
1426 898 1576 951 δοκεῖ
1618 897 1714 950 καὶ
1763 897 1895 966 περὶ

184 989 392 1044 τούτου
421 991 597 1042 εἰπεῖν
621 989 705 1052 τὸ,
761 989 865 1042 Ἐν
901 989 1223 1057 Πνεύματι.
1271 987 1373 1041 Διὸ
1395 984 1611 1056 μηκέτι
1639 982 1892 1054 στέγον-

185 1094 317 1144 τες.
349 1077 779 1146 εὐδοκήσαμεν
797 1075 1270 1145 καταλειφθῆναι
1294 1076 1364 1128 ὲν
1395 1073 1673 1140 Ἀθήναις
1691 1075 1889 1143 μόνοι.

189 1166 309 1220 Καὶ
334 1167 460 1234 ὅρα,
492 1165 586 1218 δύο
611 1165 722 1219 τῶν
750 1164 1148 1219 διακονούντων
1181 1163 1332 1234 αὐτῷ
1359 1161 1672 1225 ἀπέστειλε,
1703 1162 1804 1232 τήν
1831 1176 1894 1213 τε

187 1253 510 1323 παρουσίαν
582 1253 918 1320 ἀπαγγεῖλαι
990 1252 1085 1306 καὶ
1143 1251 1589 1322 προθυμοτέρους
1637 1250 1890 1322 ποιῆσαι.

188 1343 455 1398 Μάλιστα
495 1345 716 1398 πάντων
754 1346 822 1415 τῇ
858 1341 1014 1412 ’Λσία
1039 1340 1402 1413 ἐνδιατρίϐει·
1457 1341 1723 1404 εἰκότως·
1777 1341 1896 1393 ἐκεῖ

190 1432 307 1501 γάρ
355 1428 428 1503 ἦν
473 1434 507 1501 ή
549 1429 721 1501 πολλὴ
757 1429 960 1501 φατρία
1004 1429 1116 1482 τῶν
1165 1429 1494 1498 φιλοσόφων.
1547 1429 1660 1481 Kal
1694 1425 1890 1495 ἐλθὼν,

187 1522 360 1575 πάλιν
399 1522 588 1585 αὐτοῖς
626 1520 898 1589 διελέγετο
919 1537 932 1552 ·
978 1521 1074 1575 καὶ
1103 1521 1212 1592 γὰρ
1240 1520 1410 1592 πολλὴ
1433 1517 1500 1592 ἦν
1535 1521 1654 1574 ἐκεῖ
1680 1521 1713 1592 ή
1737 1519 1895 1573 δεισι-

186 1609 468 1679 δαιμονία.
527 1609 861 1679 Δημήτριος
919 1609 1030 1679 γάρ
1081 1626 1191 1675 τις,
1222 1611 1411 1680 φησὶν,
1452 1610 1891 1680 ἀργυροκόπος,

187 1700 615 1766 συναθροίσας
644 1699 788 1764 τοὺς
811 1699 948 1766 περὶ
983 1699 1055 1753 τὰ
1087 1699 1336 1753 τοιαῦτα
1379 1699 1658 1769 ἐργάτας,
1685 1699 1889 1753 εἶπεν·

192 1785 474 1853 Ἄνδρες,
499 1785 836 1841 ἐπίστασθε
856 1785 956 1840 καί
1000 1786 1268 1856 θεωρεῖτε
1307 1788 1407 1841 καὶ
1429 1787 1685 1841 ἀκούετε
1702 1803 1719 1819 ·
1746 1784 1893 1839 οὕτω

188 1874 500 1945 κατάδηλον
545 1870 616 1946 ἦν
672 1873 735 1927 τὸ
792 1875 1109 1946 γινόμενον·
1164 1876 1299 1932 Ὀτι
1355 1871 1559 1942 οὗτος,
1613 1876 1803 1946 φησὶν,
1854 1877 1890 1929 ό

189 1963 443 2026 Παῦλος
475 1963 702 2029 πείσας
726 1963 1115 2035 μετέστησεν
1134 1964 1350 2018 ἰκανὸν
1384 1963 1594 2031 ὄχλον.
1629 1962 1810 2021 Ὥστε,
1829 1963 1892 2015 οὐ

191 2050 410 2121 βιαίως,
435 2053 485 2103 εἰ
516 2051 758 2105 ἔπεισεν·
783 2050 926 2104 οὕτω
957 2051 1040 2104 δεῖ
1063 2050 1273 2104 πείθειν
1305 2051 1484 2104 πόλιν.
1515 2045 1652 2104 Εἶτα
1687 2050 1888 2119 ἐπάγει

186 2140 334 2208 ὅπερ
352 2140 536 2192 αὐτῶν
570 2138 908 2210 καθήπτετο,
929 2141 1012 2193 ὅτι
1037 2140 1161 2194 Οὐκ
1185 2138 1307 2193 εισι
1329 2137 1452 2192 θεοὶ
1473 2141 1528 2191 οἰ
1548 2136 1649 2190 διὰ
1675 2135 1894 2207 χειρῶν

189 2228 521 2296 γινόμενοι.
546 2227 613 2279 Τί
638 2228 755 2279 ἐστι
785 2226 977 2292 τοῦτο;
1017 2226 1363 2297 ’Δνατρέπει,
1396 2225 1552 2295 φησὶ,
1574 2224 1675 2296 τὴν
1695 2224 1893 2295 τέχνην

187 2314 295 2384 τὴν
327 2313 630 2384 ἡμετέραν.
682 2313 796 2366 Καὶ
840 2313 927 2366 ῖνα
960 2314 1036 2385 μὴ
1060 2315 1380 2383 ἐννοήσωσι,
1412 2314 1508 2367 καὶ
1531 2311 1782 2376 εῐπωσιν,
1811 2312 1894 2364 ὃτι

192 2401 358 2469 μόνος
383 2399 674 2470 ἄνθρωπος
699 2400 927 2455 τοιαῦτα
973 2400 1172 2471 ίσχύει,
1206 2402 1301 2454 καὶ
1333 2401 1381 2454 εἰ
1410 2397 1664 2454 τοσοῦτον
1694 2399 1891 2470 ἰσχύει,

189 2486 345 2557 αὐτῷ
367 2487 452 2541 δεῖ
480 2487 787 2553 πείθεσθαι,
805 2488 1118 2560 ἐπήγαγεν·
1147 2491 1256 2546 Ἦν
1291 2489 1406 2557 ὅλη
1441 2490 1481 2558 ἠ
1510 2489 1687 2543 Ἀσία
1718 2487 1820 2542 καί
1853 2490 1894 2558 ἡ

189 2575 520 2645 οἰκουμένη
569 2575 829 2630 σέϐεται.
865 2575 979 2649 Τὴν
1004 2578 1189 2650 φωνὴν
1217 2577 1400 2631 αὐτῶν
1427 2577 1598 2647 ᾣοντο
1629 2576 1897 2646 ἐπιτειχί-

190 2663 311 2727 ζειν
340 2663 422 2735 τῷ
452 2664 735 2734 Πνεύματι
765 2664 843 2735 τῷ
882 2664 1035 2736 θείῳ,
1070 2664 1225 2728 ὀντες
1257 2665 1448 2728 παῖδες
1466 2664 1753 2736 Ἕλληνες.
1797 2664 1897 2717 Ἐκ

189 2750 399 2821 ταύτης
453 2752 556 2821 τῆς
603 2752 891 2822 ἐργασίας,
945 2754 1136 2824 φησὶν,
1192 2755 1225 2823 ἡ
1263 2753 1494 2823 εὐπορία
1544 2753 1704 2824 ήμῶν
1756 2753 1895 2806 ἐστι.

192 2839 308 2891 Kal
354 2839 404 2891 εἰ
454 2837 566 2892 ἀπὸ
593 2839 799 2910 ταύτης
826 2840 930 2909 τῆς
959 2839 1226 2912 ἐργασίας
1248 2841 1484 2912 εὐπορία
1513 2840 1642 2910 ὐμῖν
1679 2839 1900 2910 περιγί-

191 2942 373 2988 νεται,
415 2925 538 2990 πῶς
566 2925 788 2980 ἔπεισεν
821 2926 1111 2997 ἄνθρωπος
1154 2927 1415 3000 εὐτελής;
1470 2927 1590 2991 πῶς
1626 2929 1898 2999 τοσαύτης

193 3014 476 3085 ἐκράτησε
522 3014 845 3087 συνηθείαςς
890 3015 942 3069 τί
986 3016 1158 3070 ποιῶν
1207 3016 1242 3086 ἦ
1270 3017 1323 3070 τί
1361 3017 1573 3085 λέγων;
1629 3017 1744 3070 Οὐκ
1779 3014 1896 3070 ἐστι

193 3102 440 3167 Παύλου,
477 3102 580 3156 οὐκ
612 3102 761 3158 ἐστιν
807 3103 1023 3175 ἀνδρός.
1079 3105 1190 3158 Kal
1232 3103 1393 3158 τοῦτο
1421 3106 1584 3176 ἀρκεῖ
1607 3104 1669 3157 τὸ
1697 3105 1896 3170 εἰπεῖν,

193 3193 280 3246 δτι
311 3193 439 3244 Οὐκ
482 3190 606 3244 εισι
634 3192 782 3246 θεοί.
808 3192 871 3245 El
901 3193 1002 3263 μιν
1030 3187 1125 3247 οῦν
1155 3192 1332 3258 οὕτως
1363 3192 1683 3265 εὐφώρατον
1703 3193 1768 3247 τὸ
1798 3195 1899 3265 τῆς

192 3275 458 3339 ἀσεϐείας
476 3275 704 3337 ’,πάλαι
738 3277 1194 3348 καταγνωσθῆναι
1208 3276 1337 3330 ἔδει·
1367 3275 1496 3330 εἰδὲ
1529 3277 1772 3349 ἰσχυρὸν,
1799 3279 1900 3349 οὐχ

194 3363 380 3429 οὕτως
410 3365 776 3435 ἀναιρεθῆναι
803 3366 1037 3437 ταχέως.
1075 3368 1158 3419 Οὐ
1182 3367 1380 3434 μόνον
1409 3364 1498 3429 δὲ,
1536 3368 1693 3435 φησὶ,
1719 3365 1900 3420 τοῦτο

195 3453 543 3508 κινδυνεύει
578 3454 728 3524 ἡμῖν
770 3455 838 3509 τὸ
875 3456 1081 3524 μέρος.
1121 3454 1211 3518 Ὦς
1235 3455 1301 3526 δή
1344 3454 1399 3508 τί
1438 3472 1568 3509 ποτε
1603 3457 1788 3527 μεῖζον
1813 3455 1899 3508 λέ-

195 3558 331 3609 γων.
367 3541 530 3594 τοῦτο
558 3543 860 3612 ἐπήγαγεν.
893 3543 1299 3610 Ἀκούσαντες
1330 3542 1401 3596 δὲ
1458 3543 1558 3596 καὶ
1587 3545 1898 3613 γενόμενοι

195 3626 457 3695 πλήρεις
479 3630 671 3699 θυμοῦ
701 3630 982 3700 ἔκραζον·
1030 3631 1277 3702 Μεγάλη
1336 3633 1376 3698 ἡ
1427 3631 1698 3702 Ἄρτεμις
1729 3633 1900 3702 Ἔφε-

197 3719 372 3771 σίων.
412 3717 576 3771 Κατά
612 3717 767 3772 πόλιν
817 3719 927 3792 γὰρ
957 3706 1142 3784 αὐτοῖς
1167 3715 1309 3790 ἦσαν
1338 3719 1469 3774 θεοί.
1515 3721 1626 3773 Kal
1646 3719 1790 3774 οῦτω
1821 3721 1900 3774 δι-

198 3805 434 3869 έκειντο,
465 3806 542 3870 ὠς
566 3806 656 3860 διὰ
682 3807 780 3877 τῆς
807 3808 994 3878 φωνῆς
1018 3806 1398 3880 ἀνακτώμενοι
1425 3809 1486 3862 τὸ
1518 3808 1684 3874 σέϐας
1704 3809 1896 3880 αὐτῆς,

198 3895 296 3948 καὶ
319 3894 390 3947 τά
415 3894 763 3965 γεγενημένα
793 3895 1142 3959 ἀναλύοντες.

269 3981 496 4052 τ’.’ορα
525 3983 760 4036 ἄτακτον
796 3982 1019 4054 πλῆθος.
1049 3983 1162 4037 Τοῦ
1184 3982 1253 4036 δὲ
1273 3984 1543 4050 Παύλου,
1576 3984 1732 4055 φησι,
1753 3985 1899 4049 βου·

199 4069 466 4137 λομένου
490 4069 791 4123 εἰσελθεῖν
818 4072 907 4135 εὶς
938 4070 1047 4124 τὸν
1075 4068 1292 4139 δῆμον,
1318 4072 1432 4125 οὐκ
1452 4072 1594 4125 ειων
1621 4071 1811 4127 αὐτόν
1841 4075 1897 4128 οι

195 4157 482 4226 μαθηταί.
514 4156 574 4210 '0
599 4157 698 4227 μὲν
723 4152 818 4211 οῦν
846 4157 1062 4222 Παῦλος
1087 4158 1342 4212 ἐϐούλετο
1369 4159 1634 4213 εἰσελθεῖν
1660 4161 1898 4232 δημηγο-

204 4245 370 4314 ρῆσαι
391 4261 404 4273 ·
427 4243 578 4316 [321]
603 4245 730 4309 τοὺς
756 4247 865 4316 γὰρ
896 4245 1172 4314 διωγμοὺς
1199 4247 1510 4318 ἐλάμϐανεν
1537 4250 1616 4312 είς
1636 4248 1898 4304 διδασκα-

202 4333 321 4386 λίαν
340 4349 354 4362 ·
378 4333 498 4386 ἀλλ’
523 4334 574 4385 οί
601 4331 844 4404 μαθηταὶ
865 4335 965 4387 οὐκ
991 4336 1118 4388 είων
1135 4334 1320 4388 αὐτόν.
1348 4335 1572 4400 Σκόπει,
1598 4336 1741 4410 πόσῃ
1767 4340 1897 4410 περὶ

201 4422 365 4475 αὐτὸν
382 4421 610 4494 προνοίᾳ
640 4422 934 4493 κέχρηνται
969 4424 1269 4494 πανταχοῦ.
1294 4425 1406 4478 Καὶ
1432 4424 1490 4491 ἐξ
1513 4425 1694 4496 ἀρχῆς
1728 4427 1895 4482 αὐτὸν

201 4509 493 4580 ἐξήγαγον,
526 4509 669 4562 ὥστε
701 4511 775 4582 μὴ
803 4513 931 4582 περὶ
960 4513 1029 4564 τά
1051 4513 1244 4584 καίρια
1296 4511 1486 4566 λαϐεῖν
1513 4514 1612 4583 τὴν
1641 4515 1856 4585 πληγήν
1877 4529 1889 4542 ·

203 4597 378 4650 καίτοι
413 4615 478 4666 γε
529 4599 790 4667 ήκουσαν,
845 4601 928 4652 ὃτι
979 4600 1060 4652 δεῖ
1116 4602 1213 4653 καὶ
1259 4600 1478 4671 Ῥώμην
1531 4600 1690 4654 ίδεῖν·
1744 4603 1894 4674 ὅμως

203 4685 524 4738 κωλύουσιν.
587 4687 964 4757 Οἰκονομικῶς
1018 4687 1072 4740 δὲ
1121 4688 1507 4758 προαγορεύει,
1569 4689 1656 4742 ἵνα
1689 4690 1764 4760 μὴ
1817 4689 1893 4760 τῷ

202 4775 484 4845 γενομένῳ
513 4773 910 4845 θορυϐηθῶσιν.
939 4774 1128 4839 Οῦτως
1162 4774 1283 4828 οὐδὲ
1329 4776 1563 4846 πάσχειν
1617 4795 1670 4830 τι
1729 4777 1894 4832 αὐτὸν

205 4862 486 4915 ἐϐούλοντο
517 4863 568 4914 ι».
595 4863 706 4916 Kal
742 4862 864 4916 τῶν
894 4861 1204 4932 ἀσιαρχῶν
1232 4862 1300 4918 δέ
1323 4881 1484 4929 τινες
1507 4864 1894 4932 παρεκάλουν

203 4952 409 5015 αὐτόν,
441 4951 598 5020 φησὶ,
646 4951 732 5019 μὴ
789 4951 1089 5006 εἰσελθεῖν
1128 4953 1216 5017 είς
1263 4952 1329 5006 τὸ
1362 4953 1629 5021 θέατρον.
1676 4954 1893 5018 Εἰδότες

205 5038 368 5090 αὐτοῦ
399 5039 501 5109 τὴν
531 5037 865 5108 προθυμίαν,
895 5039 1243 5108 παρεκάλουν
1263 5056 1277 5070 ·
1327 5040 1471 5094 οὕτω
1500 5043 1700 5106 πάντες
1727 5042 1890 5096 αὐτὸν

205 5125 418 5191 ἐφίλουν
463 5127 511 5178 οί
555 5126 758 5178 πιστοί.
794 5126 902 5179 Kal
952 5127 1097 5190 τίνος
1126 5129 1335 5193 ἕνεκεν,
1366 5131 1604 5199 φησὶν,ὁ
1635 5131 1890 5195 Ἀλέξαν-

204 5213 325 5281 δρος
371 5213 625 5266 ἐϐούλετο
656 5214 1088 5282 άπολογεῖσθαις
1125 5217 1199 5288 μὴ
1230 5217 1339 5288 γάρ
1385 5218 1548 5282 αὐτὸς
1582 5219 1888 5290 ἐνεκλήθη;

208 5303 364 5353 Ὥστε
411 5302 604 5372 καιρὸν
654 5303 852 5374 εὑρεῖν,
885 5305 980 5356 καὶ
1010 5304 1072 5357 τὸ
1107 5306 1213 5358 πᾶν
1245 5306 1622 5377 καταστρέψαι
1671 5309 1766 5360 καὶ
1799 5311 1893 5362 ἐκ·-

206 5389 400 5442 καῦσαι
431 5389 527 5442 τοῦ
580 5390 754 5462 δήμου
805 5392 896 5444 τὸν
943 5391 1134 5462 θυμόν.
1195 5389 1348 5456 Εἶδες
1397 5393 1568 5464 θυμὸν
1621 5394 1889 5463 ἄτακτον;

207 5477 398 5540 Καλῶς
425 5479 520 5530 καί
546 5479 944 5547 ἐπιτιμητικῶς
979 5483 1006 5534 ὁ
1043 5483 1432 5551 γραμματεὺς,
1463 5484 1562 5548 Τίς
1595 5483 1747 5546 ἐστι,
1781 5503 1890 5556 φη-

209 5565 305 5629 σὶν,
357 5565 429 5631 ὃς
485 5566 558 5618 οὐ
616 5565 898 5635 γινώσκει
946 5567 1062 5635 τὴν
1110 5569 1405 5637 Ἐφεσίων
1442 5572 1662 5634 πόλιν-ς
1702 5570 1892 5637 Οὕτως

210 5652 368 5704 εἰπὼν
417 5654 549 5724 περὶ
587 5645 648 5705 οῦ
679 5654 1001 5723 ἐφοϐοῦντο·
1033 5656 1166 5708 ὡσεὶ
1218 5657 1424 5724 ἔλεγεν·
1459 5659 1534 5712 Οὐ
1560 5659 1888 5730 θεραπεύετ.

209 5739 402 5804 αὐτήνς
451 5741 562 5793 Kal
598 5741 700 5795 οὐκ
729 5740 872 5808 εἷπε,
915 5744 1013 5808 Τίς
1049 5746 1158 5816 γάρ
1213 5745 1384 5809 ἐστιν,
1420 5745 1479 5809 ὃς
1510 5747 1571 5800 οὐ
1629 5748 1891 5817 γινώσκει

207 5828 300 5896 τὴν
337 5828 637 5898 Ἀρτεμινς
679 5829 837 5894 ἀλλά,
870 5832 988 5900 Τὴν
1011 5833 1194 5886 πόλιν
1240 5831 1340 5904 τὴν
1381 5836 1687 5907 ἡμετέραν·
1731 5836 1892 5909 θερα-

210 5914 383 5968 πεύων
440 5917 660 5980 αὐτούς.
711 5919 1185 5990 Ἀναντιρῤήτων
1222 5918 1338 5976 οὖν
1398 5925 1625 5978 τούτων
1676 5927 1888 5996 ὄντων,

259 6050 293 6121 ,⁸
317 6049 452 6098 Unus
472 6050 637 6121 tam;
659 6051 919 6121 εὐσεϐείας.
986 6055 1013 6098 b
1043 6054 1180 6106 Idem
1228 6056 1569 6119 θορυϐηθῶσιν
1595 6056 1698 6106 ἀλλ’
1736 6059 1888 6118 οὕτως

210 6113 403 6174 πάσχειν
425 6129 470 6160 τι
491 6113 636 6162 αὐτὸν
659 6115 896 6166 ἐϐούλετο.

1305 425 1375 481 ια
1415 422 1600 480 ACTA
1638 413 2186 477 APOSTOLORUM.
2223 409 2460 467 HOM'IL.
2501 409 2663 466 XLII.

3598 404 3708 461 300

1997 531 2142 587 δέον
2178 529 2353 586 ἐστὶν
2400 526 2561 598 ὑμᾶς
2593 523 3125 596 κατεσταλμένους
3167 524 3486 594 ὑπάρχειν.
3515 520 3706 574 Ἰἀῦτα

1996 621 2157 693 δῆθεν
2177 619 2422 689 ἐγκαλεῖ,
2462 616 2746 690 μονονουχὶ
2783 615 2960 685 λέγων
2980 633 2996 647 ο
3052 613 3118 669 Τί
3145 613 3327 668 τοίνυν
3359 613 3576 682 ζητεῖτε
3628 611 3707 676 ὡς

1999 709 2215 780 ἀδήλων
2245 707 2456 772 δντωνς
2510 705 2770 776 φανερόν,
2803 704 2879 768 ώς
2922 706 2956 775 ἠ
2987 703 3148 776 ῦϐρις
3177 703 3259 766 εἰς
3284 702 3386 774 τὴν
3417 700 3539 754 θεὸν
3584 698 3705 754 δια-

1999 798 2201 852 ϐαίνει.
2258 796 2569 868 Πρόσιημα
2619 795 2719 866 τὴν
2753 792 3038 848 εὐσέϐειαν
3070 791 3355 845 ἐϐούλοντο
3387 791 3564 844 ποιεῖν
3610 787 3706 842 τοῦ

1995 884 2411 958 χρηματισμοῦ.
2443 880 2580 938 Εἶτα
2622 883 2811 954 ἡρέμα
2843 881 3188 936 καθάπτεται
3213 879 3417 945 αὐτῶν,
3464 877 3706 941 δεικνὺς,

1993 977 2078 1030 ὅτι
2108 973 2418 1042 ἀλογίστως
2462 972 2750 1043 συνῆλθον.
2790 971 2903 1026 Καὶ
2955 969 3175 1040 μηδὲν,
3211 969 3370 1040 φησί,
3409 966 3708 1037 προπετὲς

1992 1061 2302 1132 εξοάττειν.
2356 1062 2608 1125 Δεικνὺς,
2641 1062 2723 1115 ὃτι
2757 1059 3053 1134 προπετῶς
3108 1057 3372 1131 ἔπραξαν,
3422 1055 3584 1109 τοῦτο
3620 1051 3705 1109 εῖ-

1995 1167 2121 1204 πεν.
2151 1151 2221 1206 ΕΖ
2245 1150 2366 1221 μὲν
2393 1147 2510 1206 οὖν
2544 1148 2877 1220 Δημήτριος
2904 1149 3007 1203 καὶ
3055 1149 3111 1203 οἰ
3135 1146 3260 1201 σὺν
3285 1143 3450 1210 αὐτῷ
3489 1147 3709 1214 ἔχουσι

1994 1240 2150 1308 πρός
2195 1257 2332 1294 τινα
2363 1243 2576 1311 λόγον,
2630 1240 2971 1307 ἀνθύπατοί
3013 1240 3157 1292 εισι.
3194 1235 3306 1290 Kal
3363 1232 3527 1288 τοῦτο
3558 1233 3706 1299 λέγει

1994 1328 2271 1398 ἐγκαλῶν,
2297 1330 2394 1384 καὶ
2409 1331 2626 1392 δεικνὺς
2646 1330 2732 1383 ὅτι
2759 1330 2860 1382 οὐκ
2882 1328 2990 1382 ἔδει
3017 1325 3307 1382 ἰδιωτικῶν
3333 1323 3707 1394 ἐγκλημάτων

1994 1418 2186 1474 ἕνεκεν
2225 1416 2411 1489 κοινὴν
2446 1416 2750 1488 ἐκκλησίαν
2783 1417 3081 1471 ποιεῖσθαι.
3123 1415 3237 1469 Kal
3264 1414 3375 1485 γὰρ
3396 1410 3710 1467 κινδυνεύ-

1993 1524 2163 1577 ομεν,
2205 1506 2395 1576 φησὶν,
2430 1504 2840 1575 ἐγκαλεῖσθαι.
2876 1504 3065 1575 Τούτῳ
3115 1503 3326 1574 σφόδρα
3375 1501 3576 1564 αὐτοὺς
3629 1499 3710 1552 δι-

1992 1595 2302 1666 ηπόρησεν.
2354 1593 2620 1659 Οὐδενὸς
2649 1594 2867 1656 αἰτίου,
2899 1595 3088 1664 φησὶν,
3128 1590 3536 1659 ὑπάρχοντος,
3570 1587 3708 1656 περὶ

1993 1678 2068 1738 οὗ
2104 1682 2493 1752 δυνησόμεθα
2525 1685 2718 1753 λόγον
2767 1681 2984 1736 δοῦναι
3023 1679 3134 1750 τῆς
3173 1677 3538 1748 συστροφῆς
3566 1677 3708 1731 ταύ-

1992 1786 2124 1838 της.
2163 1773 2306 1843 Ὂρα
2357 1769 2476 1835 πῶς
2526 1774 2576 1825 οἰ
2618 1772 2840 1826 ἄπιστοι
2887 1770 3175 1842 φρονίμως
3223 1767 3626 1836 ἀπολογοῦνται
3653 1775 3704 1830 ο,

1995 1862 2114 1925 πῶς
2160 1863 2422 1926 συνετῶς.
2457 1861 2647 1927 υῦτως
2695 1861 2889 1916 ἔσϐεσε
2934 1861 3029 1915 τὸν
3092 1859 3288 1933 θυμόν.
3342 1859 3560 1931 Ὥσπερ
3586 1855 3707 1928 γάρ’

1996 1949 2198 2022 ῥᾳδίως
2259 1951 2584 2018 ἐξάπτεται,
2640 1949 2785 2005 οὕτω
2835 1951 2932 2004 καὶ
2965 1949 3168 2022 ῥᾳδίως
3212 1947 3524 2002 σϐέννυται.
3591 1943 3707 1999 Kal

1993 2038 2184 2092 ταῦτα
2214 2039 2424 2105 εἰπὼν,
2453 2041 2734 2096 ἀπέλυσε
2759 2039 2877 2110 τὴν
2908 2039 3274 2107 ἐκκλησίαν,
3308 2035 3496 2109 φησίν.
3539 2034 3706 2106 Ὀρᾷς

1991 2125 2086 2180 τὸν
2129 2128 2263 2182 Θεὸν
2319 2128 2716 2201 συγχωροῦντα
2767 2130 2897 2193 τοὺς
2952 2126 3324 2200 πειρασμοὶρς,
3362 2124 3458 2179 καὶ
3505 2121 3708 2192 διεγεί-

1996 2231 2163 2286 ροντα
2189 2216 2284 2270 καὶ
2305 2217 2683 2286 ἅφυπνίζοντα
2703 2219 2830 2281 τοὺς
2857 2216 3107 2289 μαθητάς
3129 2215 3341 2278 τούτοις
3361 2213 3458 2268 καὶ
3480 2211 3708 2282 σφοδρο-

1994 2304 2192 2374 τέρους
2219 2304 2627 2378 ἐργαζόμενονς
2688 2304 2781 2377 Μὴ
2809 2305 2877 2377 δὴ
2903 2305 3347 2375 καταπίπτωμεν
3373 2303 3488 2365 τοῖς
3511 2315 3707 2370 πειρατ-

1999 2395 2159 2462 σμοῖς
2176 2408 2193 2425 ·
2233 2393 2400 2458 αὐτὸς
2426 2393 2536 2466 γὰρ
2573 2395 2788 2465 ποιήσει
2814 2394 2908 2448 καὶ
2932 2393 3033 2466 τὴν
3059 2391 3284 2447 ἑκϐασιν
3317 2389 3413 2445 τοῦ
3443 2388 3707 2444 δύνασθαι

1997 2480 2348 2551 ὑπενεγκεῖν.

2069 2568 2237 2622 Οὐδὲν
2265 2568 2411 2636 οὕτω
2453 2570 2647 2640 φίλους
2687 2571 2836 2624 ποιεῖ
2867 2571 2964 2625 καὶ
2999 2571 3328 2643 συγκροτεῖ,
3370 2568 3448 2633 ὡς
3472 2566 3652 2636 θλῖψις
3687 2581 3703 2596 ·

1997 2655 2150 2708 οὐδὲν
2171 2655 2317 2710 οῦτω
2341 2658 2525 2711 συνδεῖ
2553 2658 2646 2712 καὶ
2668 2658 3114 2728 ἐπισφίγγειτῶν
3133 2657 3347 2712 πιστῶν
3366 2655 3469 2720 τὰς
3484 2655 3665 2727 ψυχάς
3684 2669 3702 2686 ·

1997 2743 2152 2797 οὐδὲν
2179 2746 2312 2816 ἡμῖν
2331 2749 2446 2811 τοῖς
2475 2746 2820 2811 διδασκάλοις
2845 2747 3020 2811 οὕτως
3051 2746 3362 2818 ἐπιτήδειον
3395 2744 3534 2816 πρὸς
3558 2743 3620 2796 τὸ
3636 2742 3708 2796 τὰ

1999 2834 2131 2903 παρ’
2152 2834 2310 2905 ήμῶν
2333 2833 2612 2907 λεγόμενα
2632 2836 2952 2892 ἀκούεσθαι.
2989 2839 3079 2892 Ἑν
3103 2836 3205 2909 μὲν
3225 2835 3336 2907 γὰρ
3359 2835 3546 2890 ἀνέσει
3569 2849 3704 2901 τυγ-

1998 2923 2180 2991 χάνων
2227 2923 2529 2996 ἀκροατὴς,
2595 2924 2797 2996 χαῦνός
2847 2927 2908 2979 τέ
2975 2928 3094 2980 ἐστι
3149 2923 3245 2978 καὶ
3291 2922 3564 2996 ῥάθυμος,
3608 2919 3708 2974 καὶ

1999 3010 2338 3080 ἐνοχλεῖσθαι
2371 3012 2523 3066 δοκεῖ
2561 3015 2719 3085 παρὰ
2754 3013 2851 3067 τοῦ
2879 3014 3131 3083 λέγοντος
3165 3029 3182 3044 ·
3217 3014 3277 3068 ἐν
3305 3013 3364 3066 δὲ
3396 3011 3578 3081 θλίψει
3610 3008 3707 3064 καὶ

2001 3100 2344 3172 στενοχωρίᾳ
2374 3102 2456 3165 εἰς
2481 3101 2685 3173 πολλὴν
2721 3102 3021 3173 ἐπιθυμίαν
3055 3101 3380 3174 ἀκροάσεως
3413 3099 3704 3170 ἐμπίπτει.

2000 3185 2527 3259 Στενοχωρούμενος
2575 3189 2686 3260 γὰρ
2725 3189 2827 3260 τὴν
2875 3189 3058 3260 ψυχὴν
3082 3228 3098 3253 ,
3147 3186 3494 3259 πανταχόθεν
3551 3185 3707 3258 ζητεῖ

2002 3275 2365 3346 παραμυθίαν
2410 3276 2512 3346 τῆς
2550 3276 2785 3346 θλίψεως
2823 3277 3006 3348 εὑρεῖν
3039 3293 3052 3307 ·
3077 3276 3141 3330 οὐ
3190 3276 3396 3347 μικράν
3445 3273 3503 3327 δὲ
3547 3275 3707 3346 φέρει

2010 3359 2172 3428 λόγος
2211 3363 2596 3434 παραμυθίαν.
2655 3364 2721 3418 Τί
2770 3360 2886 3430 οὖν,
2941 3364 3131 3436 φησὶν,
3183 3365 3233 3417 οἰ
3279 3363 3557 3430 Ἰουδαῖοι;
3585 3361 3707 3427 πῶς

2001 3447 2312 3520 θλιϐόμενοι
2349 3451 2461 3504 ἀπὸ
2483 3452 2586 3523 τῆς
2613 3450 2972 3524 όλιγοψυχίας
2997 3453 3101 3507 οὐκ
3131 3452 3370 3525 ἦκουονς
3413 3453 3536 3506 Ὅτι
3573 3452 3707 3505 Ἰου-

1999 3535 2140 3589 δαῖοι
2178 3532 2343 3608 ἦσαν,
2374 3539 2426 3592 οἰ
2459 3540 2550 3593 ἀεὶ
2583 3539 2837 3605 ἀσθενεῖς
2875 3541 2972 3595 καὶ
3008 3541 3353 3613 ταλαίπωροι
3383 3557 3400 3575 ·
3432 3540 3614 3605 ἄλλως
3642 3557 3707 3595 τε

2000 3624 2096 3678 καὶ
2113 3625 2197 3678 ὅτι
2218 3625 2314 3678 καὶ
2331 3629 2450 3680 ἐκεῖ
2460 3628 2630 3699 πολλὴ
2643 3629 2676 3700 ή
2691 3627 2870 3698 θλίψις
2896 3617 2989 3702 ἦν,
3012 3631 3146 3702 ήμῖν
3168 3628 3224 3682 δὲ
3244 3627 3398 3703 [522]
3423 3629 3554 3701 περὶ
3575 3645 3706 3702 συμ·

2003 3715 2205 3786 μέτρου
2233 3715 2263 3766 ό
2285 3714 2615 3790 λόγος.’ορα
2651 3717 2780 3789 γάρ·
2814 3717 3230 3790 προσεδόκησαν
3262 3716 3706 3772 ἀπαλλάττεσθαι

1999 3803 2111 3855 τῶν
2133 3807 2481 3877 κατεχόντων
2513 3809 2713 3872 αὐτοὺς
2743 3808 2934 3861 κακῶν
2959 3810 3184 3874 ἐκεῖνοι,
3220 3809 3317 3862 καὶ
3356 3808 3574 3880 μυρίοις
3599 3824 3702 3860 πε-

2003 3893 2253 3964 ριέπεσον
2291 3896 2495 3966 μᾶλλον
2529 3898 2725 3960 δεινοῖς
2754 3912 2769 3928 ·
2803 3895 2965 3952 τοῦτο
3002 3899 3062 3952 δὲ
3100 3898 3201 3968 οὐχ
3240 3897 3318 3962 ὡς
3344 3898 3536 3969 ἔτυχεν
3565 3898 3702 3950 ἀπο-

2003 3984 2088 4075 ρεῖ
2106 3981 2308 4075 ψυχήν.
2335 3985 2406 4075 Al
2431 3982 2641 4075 θλίψεις
2689 3984 3085 4075 ἀποσχίζουσιν
3138 3987 3314 4075 ὴμρς
3349 3987 3448 4057 τῆς
3482 4003 3700 4075 συμπα-

2000 4067 2152 4132 θείας
2176 4070 2276 4139 τῆς
2313 4069 2452 4141 πρὸς
2486 4072 2580 4124 τὸν
2623 4072 2873 4141 παρόντα
2899 4073 3110 4144 κόσμον
3140 4090 3153 4103 ·
3193 4067 3396 4138 ε’ὐθέως
3448 4072 3584 4142 γοῦν
3608 4073 3701 4126 τὸν

1998 4155 2232 4210 θάνατον
2272 4157 2575 4229 αἰτοῦμεν,
2611 4161 2708 4213 καὶ
2747 4161 2848 4214 οὐκ
2886 4162 3057 4232 ἐσμὲν
3101 4160 3475 4232 φιλοσώματοι
3513 4178 3527 4193 ·
3559 4163 3700 4232 ὅπερ

2001 4244 2265 4314 μέγιστον
2310 4245 2636 4316 φιλοσοφίας
2702 4249 2874 4320 μέρος
2911 4250 3052 4316 ἐστὶ,
3106 4251 3182 4322 μὴ
3235 4251 3526 4320 κεχηνέναι
3561 4251 3699 4322 μηδὲ

2000 4333 2390 4404 προσδεδέσθαι
2423 4338 2491 4408 τῇ
2533 4336 2786 4409 παρούσῃ
2827 4337 2962 4409 ζωῇ.
3005 4338 3073 4391 Ἠ
3114 4339 3410 4410 θλιϐομένη
3447 4339 3596 4411 ψυχή
3634 4339 3697 4392 οὐ

2012 4421 2266 4492 βούλεται
2327 4424 2461 4494 περὶ⁵
2518 4424 2691 4478 πολλὰ
2739 4421 2903 4490 εἶναι,
2969 4425 3085 4479 ἀλλ’
3144 4427 3508 4490 ἀναπαύσεώς
3552 4445 3698 4492 τινος

2002 4511 2164 4579 μόνον
2191 4512 2286 4564 καὶ
2310 4512 2543 4581 ἡσυχίας
2573 4513 2678 4584 ἐρᾷ
2702 4529 2716 4543 ·
2745 4513 3036 4584 ἀγαπητὸν
3071 4514 3210 4586 αὐτῇ
3255 4516 3365 4568 τῶν
3409 4516 3697 4587 παρόντων

1997 4598 2406 4669 ἀπαλλαγῆναι,
2465 4600 2572 4654 κᾶν
2639 4600 2808 4672 μηδὲν
2868 4602 3057 4671 ἓτερον
3215 4603 3486 4674 Καθάπερ
3537 4604 3698 4673 σῶμα

1997 4688 2310 4758 πεπονηκὸς
2371 4688 2467 4742 καὶ
2521 4689 2945 4760 ταλαιπωρηθὲν
3009 4691 3110 4743 οὐκ
3153 4691 3287 4761 ἐρᾷν
3331 4689 3601 4760 βούλεται,
3631 4692 3692 4745 οὐ

1995 4775 2410 4846 γαστρίζεσθαι,
2442 4776 2561 4829 ἀλλ’
2606 4777 2991 4831 ἀναπαύεσθαι
3049 4779 3148 4833 καὶ
3191 4781 3369 4850 ἡσυχῇ
3418 4780 3637 4834 κεῖσθαι
3675 4796 3690 4811 ·

1995 4861 2142 4915 οὓτω
2173 4864 2268 4916 κα)⁸
2313 4863 2460 4936 ψυχὴ
2510 4865 2729 4936 μυρίοις
2788 4867 3180 4937 ταριχευθεῖσα
3221 4865 3246 4904 ἀ
3281 4869 3496 4932 κακοῖς,
3553 4866 3692 4938 πρὸς

1995 4952 2309 5006 ἀνάπαυσιν
2344 4954 2439 5006 καὶ
2468 4953 2699 5024 ἡσυχίαν
2747 4955 3035 5022 ἐπείγεται
3090 4951 3250 5018 εἰναι.
3287 4956 3351 5009 Ἡ
3410 4958 3468 5008 ἐν
3506 4956 3692 5010 ἀνέσει

1996 5034 2132 5092 οὖσα
2163 5041 2447 5112 ἐπτόηται,
2487 5040 2870 5112 τεθορύϐηται,
2909 5043 3187 5113 μετέωρός
3236 5045 3387 5121 ἐστιν
3413 5061 3424 5073 ·
3454 5044 3606 5115 αῦτη
3631 5045 3692 5098 δὲ

1996 5127 2150 5182 οὐδὲν
2174 5129 2404 5199 κεχηνὸς
2427 5129 2627 5198 ἔχουσα
2673 5129 2795 5182 οὐδέ
2837 5129 3115 5202 διαρρέον,
3172 5132 3268 5204 ὅλη
3294 5133 3690 5204 συνέσφιγκται

1996 5217 2091 5267 καὶ
2119 5217 2274 5285 μένει
2307 5216 2715 5288 άμετεώριστος
2761 5234 2776 5249 ·
2815 5220 2903 5272 καί
2938 5221 2972 5290 ή
3025 5221 3123 5290 μὲν
3162 5221 3536 5296 ἀνδρειοτέρα,
3567 5227 3600 5296 ἡ
3632 5225 3689 5279 δὲ

1996 5303 2370 5376 παιδικωτέρα
2398 5305 2514 5358 ἐστί
2549 5322 2564 5336 ·
2602 5307 2695 5358 καὶ
2717 5308 2751 5377 ἡ
2776 5307 2876 5376 μὲν
2904 5306 3202 5380 βαρυτέρα,
3225 5312 3259 5381 ἡ
3281 5310 3338 5364 δὲ
3363 5313 3686 5384 κουφοτέρα.

1997 5391 2107 5443 Kal
2138 5392 2394 5464 καθάπερ
2444 5395 2501 5446 ἐν
2541 5393 2723 5465 πολλῷ
2763 5394 2916 5447 ῦδατι
2969 5398 3212 5467 ἐμπεσόν
3255 5417 3308 5452 τι
3353 5400 3556 5470 κοῦφον
3588 5419 3688 5454 σα-

1993 5475 2215 5530 λεύεται
2243 5494 2258 5510 ο
2293 5478 2438 5532 οὕτω
2465 5481 2565 5534 καὶ
2604 5482 2686 5545 εἰς
2709 5482 2909 5553 πολλὴν
2950 5485 3127 5555 χαρὰν
3161 5487 3482 5556 ἐμπεσοῦσα
3516 5489 3685 5560 ψυχή.

1993 5566 2107 5620 Καὶ
2126 5567 2195 5620 τὰ
2222 5567 2458 5638 μέγιστα
2495 5570 2552 5623 δὲ
2581 5574 2712 5642 ἡμῖν
2755 5574 3131 5646 ἁμαρτήματα
3181 5577 3290 5631 ἀπὸ
3336 5577 3541 5649 πολλῆς
3565 5579 3687 5648 ἠδο-

1995 5653 2096 5724 νῆς
2128 5657 2474 5726 γεγενημένα
2531 5659 2627 5712 ἴδοι
2661 5677 2746 5724 τις
2792 5661 2880 5716 ἄν.
2931 5664 3043 5717 Kal
3091 5665 3143 5718 εί
3191 5664 3472 5735 βούλεσθε,
3506 5667 3687 5730 οἰκίας

1997 5743 2414 5816 ὐπογράψωμεν
2433 5746 2547 5814 δύο,
2578 5748 2678 5816 τὴν
2706 5751 2805 5821 μὲν
2835 5751 3183 5823 γαμούντων,
3211 5757 3312 5825 τὴν
3343 5755 3398 5809 δὲ
3431 5754 3688 5809 πενθούν⁸

1995 5847 2105 5884 των
2135 5847 2147 5858 ·
2185 5832 2520 5904 εἰσέλθωμεν
2568 5836 2646 5907 τῷ
2680 5837 2826 5910 λόγῳ
2849 5841 2988 5911 πρὸς
3021 5842 3322 5914 ἑκατέρους
3342 5859 3356 5872 ·
3377 5842 3578 5915 ἴδωμεν
3602 5842 3686 5908 τίς

1994 5919 2142 5984 τίνος
2175 5919 2416 5991 βελτίων.
2449 5921 2825 5996 Εὑρεθήσεται
2859 5929 2968 6001 γὰρ
2995 5932 3028 6001 ή
3054 5932 3148 5984 τοῦ
3189 5931 3516 5996 πενθοῦντος
3543 5932 3688 6001 φιλο.

1999 6013 2192 6081 σοφίας
2249 6015 2518 6084 γέμουσα,
2573 6020 2607 6090 ἠ
2664 6020 2722 6072 δε
2777 6021 2872 6074 τοῦ
2921 6022 3228 6094 γαμοῦντος
3272 6022 3682 6095 ἀσχημοσύνης,

2065 6120 2090 6151 ⁶
2127 6119 2496 6183 Ἀπώογοῦνται
2521 6124 2665 6178 deest
2685 6127 2733 6176 in
2759 6127 3066 6190 quibusdam.
3163 6129 3192 6169 ἀ
3215 6129 3358 6183 Alius
3374 6129 3674 6195 ταραχθεῖσα.
