4072 6466
447 451 546 508 501

444 565 588 637 Ὅρα
642 565 748 634 γάρ
779 579 792 591 °
826 563 1025 634 αἰσχρά
1090 565 1206 617 ἐκεῖ
1237 576 1264 604 ιι
1315 565 1554 635 ῥήματα,
1606 563 1779 631 γέλως
1838 562 2093 627 ἄτακτος,

447 654 664 726 βήματα
686 653 1042 722 ἀτακτότερα,
1086 651 1250 722 στολὴ
1306 652 1401 705 καὶ
1456 650 1666 721 βάδισις
1713 648 2098 720 ἀσχημοσύνης

443 742 706 813 γέμουσα,
764 743 1018 812 σχήματα
1070 741 1268 811 πολλῆς
1318 739 1502 802 ἀνοίας
1552 741 1648 793 καὶ
1689 738 1897 810 μωρίας
1943 755 1957 770 ·
2001 741 2095 793 καὶ

443 830 579 892 ὅλως
603 829 751 882 οὐδὲν
771 830 959 900 ἕτερον
1004 829 1037 900 ἢ
1089 828 1265 881 πάντα
1319 827 1491 896 γέλως
1531 827 1627 880 καὶ
1679 825 1992 894 κατάγελως
2025 825 2094 877 τὰ

443 919 578 971 ἐκεῖ.
607 917 720 988 Ούχ
746 920 778 972 ό
824 919 1022 989 γάμος,
1076 916 1236 984 λέγω,
1282 918 1356 987 μὴ
1403 917 1614 986 γένοιτο
1644 932 1657 947 ·
1692 914 1830 970 ἀλλὰ
1880 916 1948 968 τὰ
1971 914 2100 986 περὶ

440 1004 530 1057 τὸν
568 1005 763 1075 γάμον.
809 1003 1230 1072 Ἐκϐακχεύεται
1275 1004 1400 1058 τότε
1437 1005 1471 1074 ή
1517 1004 1707 1072 φύσις,
1759 1003 1930 1070 ἄλογα
1977 1004 2100 1055 ἀντι

439 1091 745 1161 ἀνθρώπων
774 1091 823 1143 οί
847 1090 1112 1161 παρόντες
1141 1089 1401 1159 γίνονται,
1449 1092 1510 1144 οί⁴
1547 1091 1642 1161 μὲν
1677 1090 1751 1152 ὡς
1787 1091 1944 1142 ἵπποι
1968 1106 2098 1160 χρε-

441 1179 767 1250 μετίζουσιν,
787 1178 836 1231 οἱ
859 1177 915 1231 δέ
944 1178 1022 1240 ὡς
1049 1179 1160 1232 όνοι
1179 1177 1488 1244 λακτίζουσι
1507 1193 1522 1209 ο
1544 1177 1712 1249 πολλὴ
1732 1179 1766 1249 ἡ
1783 1178 2026 1247 διάχυσις
2045 1176 2093 1241 δ,

441 1266 609 1336 πολλὴ
643 1268 676 1337 ἠ
709 1265 972 1330 διάλυσις,
1029 1266 1183 1320 οὐδὲν
1245 1265 1554 1330 σπουδαῖον,
1616 1266 1769 1319 οὐδὲν
1797 1267 2042 1334 γενναῖον
2075 1281 2090 1296 ·

437 1354 603 1426 πολλὴ
627 1356 745 1407 ἐκεῖ
769 1354 863 1408 τοῦ
895 1354 1140 1407 διαϐόλου
1167 1355 1201 1425 ἡ
1231 1353 1449 1425 πομπὴ,
1481 1353 1757 1423 κύμϐαλα,
1792 1351 1967 1417 αὐλοὶ,
1999 1353 2093 1406 καὶ

433 1441 652 1514 ᾅσματα
679 1443 938 1512 πορνείας
961 1442 1195 1512 γέμοντα
1219 1444 1313 1494 καί
1341 1442 1602 1512 μοιχείας.
1641 1441 1788 1495 Ἀλλ’
1815 1441 1914 1494 οὐκ
1944 1441 2089 1508 ἐκεῖ,

433 1530 562 1584 ἔνθα
582 1529 642 1583 τὸ
660 1530 874 1595 πένθος,
894 1529 1033 1584 ἀλλά
1057 1530 1234 1583 πάντα
1259 1529 1497 1583 εὔτακτα
1515 1545 1530 1560 ο
1562 1527 1728 1598 πολλὴ
1749 1528 1859 1599 γὰρ
1882 1530 1915 1600 ἡ
1940 1527 2087 1599 σιγὴ,

429 1618 604 1688 πολλὴ
643 1619 925 1689 ὴήσυχία,
967 1616 1134 1687 πολλὴ
1181 1618 1214 1688 ὴ
1264 1616 1590 1688 καταστολὴ,
1634 1617 1786 1670 οὐδὲν
1834 1617 2088 1682 ἄτακτον,

432 1705 586 1758 οὐδὲν
614 1705 890 1775 ἄρρυθμον
913 1721 926 1735 ο
951 1705 1004 1756 εί
1030 1703 1112 1768 τίς
1133 1721 1186 1756 τι
1230 1704 1322 1756 καὶ
1362 1702 1681 1772 ἐφθέγξατο,
1727 1703 1907 1756 πάντα
1948 1701 2092 1771 φιλο-

436 1791 624 1859 σοφίας
653 1791 889 1861 γέμοντα
930 1791 1149 1861 ῥήματα
1181 1789 1483 1859 ἐφθέγξατο
1514 1805 1528 1820 ⁸
1561 1791 1656 1844 καὶ
1685 1789 1745 1842 τὸ
1771 1789 1835 1860 δὴ
1878 1788 2091 1860 θαυμα-

434 1879 579 1942 στὸν,
606 1880 688 1930 ὅτι
721 1878 1094 1949 παρ’ἐκεῖνον
1139 1879 1230 1931 τὸν
1273 1879 1463 1948 καιρὸν
1511 1879 1611 1931 οὐκ
1663 1877 1854 1948 ἄνδρες
1905 1876 2086 1948 μόνον,

432 1965 566 2020 ἀλλά
589 1966 684 2019 καὶ
703 1965 1008 2032 οίκεῖοιικαὶ
1032 1968 1288 2034 γυναῖκες
1326 1964 1694 2034 φιλοσοφοῦσι.
1725 1965 1958 2033 Τοιαύτη
1978 1965 2087 2034 γὰρ

428 2055 463 2124 ἡ
484 2053 578 2107 τοῦ
605 2054 832 2115 πένθους
865 2053 1044 2122 φύσις.
1080 2052 1189 2106 Καὶ
1230 2053 1444 2106 δοκοῦσι
1493 2054 1591 2122 μὲν
1635 2052 1971 2123 παρακαλεῖν
1994 2053 2085 2105 τὸν

427 2137 747 2202 πενθοῦντα,
786 2141 952 2211 μυρία
1000 2139 1058 2193 δὲ
1114 2138 1441 2207 φθέγγονται
1479 2138 1721 2207 δόγματα
1768 2138 2085 2207 φιλοσοφίας

323 2269 325 2272 .
431 2227 605 2297 μεστά
635 2243 648 2256 ο
678 2227 833 2296 εὐχαὶ
873 2225 1074 2290 εὐθέως
1114 2224 1256 2279 ὥστε
1296 2225 1458 2296 μέχρι
1490 2224 1679 2277 τούτου
1716 2225 1933 2294 στῆναι,
1991 2226 2086 2278 καὶ⁵

431 2317 606 2370 ἱκανοὶ
635 2317 684 2369 οἱ
717 2317 809 2370 τὸν
851 2316 1198 2386 πεπονηκότα
1262 2313 1764 2385 παραμυθούμενοι,
1822 2313 1916 2366 καὶ
1979 2315 2086 2367 ἀπ-

430 2405 555 2475 αριθ
565 2405 637 2474 μή
647 2422 758 2468 σεις
784 2403 890 2457 τῶν
905 2404 1127 2457 τοιαῦτα
1149 2401 1486 2456 πενθούντων
1506 2401 1716 2473 μυρίαι.
1733 2401 1797 2453 Τί
1813 2401 1921 2471 γάρ
1938 2403 2085 2454 ἐστιν

425 2494 744 2564 ἄνθρωποςς
779 2492 891 2562 Τῆς
917 2492 1128 2559 φύσεως
1160 2490 1404 2554 ἐξέτασις
1426 2491 1524 2558 τῆς
1542 2488 1834 2559 ἡμετέρας.

493 2582 555 2634 δ’.
570 2582 635 2633 Τί
649 2581 824 2633 τοίνυν
839 2580 984 2632 ἐστὶν
1001 2578 1304 2650 ἀνθρωπος;
1321 2577 1425 2630 Τοῦ
1443 2575 1556 2647 βίου
1575 2577 1666 2629 καὶ
1675 2575 1773 2644 τῆς
1789 2575 2063 2638 εὐτελείας

427 2666 579 2743 [525]
617 2668 780 2721 αὑτοῦ
811 2666 1133 2739 κατηγορία,
1168 2665 1471 2735 ἀνάμνησις
1510 2663 1619 2716 τῶν
1651 2665 1707 2715 ἐν
1728 2662 1806 2731 τῷ
1836 2662 2083 2732 μέλλοντι

427 2755 789 2827 πραγμάτων,
837 2755 936 2823 τῆς
972 2753 1227 2822 κρίσεως.
1253 2752 1521 2813 Ἕκαστος
1575 2748 1756 2802 οἴκαδε
1791 2750 2081 2821 ἀναχωρεῖ,

430 2842 537 2895 ἀπὸ
570 2842 668 2912 μὲν
697 2841 874 2911 γάμου
906 2839 1260 2909 λυπούμενος,
1319 2839 1399 2890 ὅτι
1448 2837 1514 2908 δὴ
1570 2836 1731 2899 αὐτὸς
1786 2837 1860 2906 μὴ
1892 2838 1949 2887 ἐν
1989 2837 2082 2888 εὑ-

422 2929 636 3005 πραγίᾳ
679 2929 824 2981 ἐστίν
863 2944 878 2960 ι
927 2926 1035 2981 ἀπὸ
1069 2926 1126 2979 δέ
1167 2925 1397 2987 πένθους
1430 2923 1732 2993 ἀνειμένος,
1789 2922 1870 2975 ὅτι
1903 2922 1966 2993 δὴ
2007 2922 2081 2993 μὴ

421 3017 644 3070 τοιαῦτα
701 3015 891 3081 ἔπαθε,
950 3015 1042 3068 καὶ
1082 3012 1182 3082 τῆν
1234 3011 1542 3081 φλεγμονὴν
1595 3010 1795 3071 σϐέσας
1864 3009 2082 3062 ἅπασαν

423 3105 686 3176 ἀπῆλθεν.
733 3103 896 3155 Ἀλλὰ
949 3088 1039 3166 τι,
1093 3099 1268 3162 θέλεις
1315 3098 1385 3150 τά
1434 3098 1814 3167 δεσμωτήρια,
1866 3099 1961 3150 καὶ
2014 3097 2082 3150 τὰ

424 3191 626 3262 θέατρα
675 3188 1150 3256 ἀντεξετάσωμενς
1199 3186 1256 3238 Ὀ
1310 3186 1408 3255 μὲν
1471 3183 1579 3254 γὰρ
1640 3181 1886 3252 θλίψεως,
1952 3186 1981 3235 ό
2027 3184 2084 3236 δὲ

423 3280 614 3348 ἡδονῆς
642 3278 821 3339 τόπος.
855 3275 988 3345 Φέρε
1045 3269 1171 3338 οὖν,
1222 3272 1419 3341 ἴδωμεν
1450 3270 1517 3323 τά
1556 3268 1613 3335 ἐξ
1639 3270 1913 3340 ἑκατέρων
1947 3283 2084 3339 συμ-

424 3370 696 3426 ϐαίνοντα.
744 3368 893 3421 Ἐκεῖ
938 3364 1220 3435 φιλοσοφία
1269 3363 1436 3433 πολλή
1472 3380 1484 3392 ·
1527 3361 1654 3414 ἔνθα
1700 3361 1808 3432 1&9
1851 3363 2078 3430 ἀθυμία,

423 3458 518 3513 καὶ
548 3456 831 3526 φιλοσοφία
857 3455 1093 3514 πάντως.
1109 3451 1168 3504 ’0
1196 3451 1301 3519 πρὸ
1322 3448 1511 3501 τούτου
1534 3449 1796 3514 πλουτῶν,
1818 3451 1845 3502 ὁ
1871 3451 2079 3520 μεγάλα

423 3545 628 3617 φυσῶν,
656 3543 750 3597 καὶ
789 3541 882 3593 τοῦ
941 3540 1194 3610 τυχόντος
1243 3537 1492 3600 ἀνέξεται
1535 3531 1918 3607 διαλεγομένου
1945 3538 2080 3608 πρὸς

417 3633 602 3694 αὐτὸν,
629 3630 722 3683 τοῦ
754 3629 918 3698 φόϐου
950 3629 1043 3680 καὶ
1069 3627 1168 3696 τῆς
1198 3624 1435 3695 ἀθυμίας
1461 3624 1707 3694 καθάπερ
1734 3623 1877 3687 τινὸς
1909 3625 2079 3694 πυρός

423 3718 774 3791 σφοδροτέρου
809 3714 1159 3777 ἐπιπεσόντος
1205 3711 1371 3767 αὑτοῦ
1413 3714 1479 3783 τῇ
1522 3711 1704 3782 ψυχῇ,
1744 3713 1840 3767 καὶ
1876 3713 2072 3783 μαλάτ.

420 3823 600 3868 τοντος
631 3805 689 3857 τὸ
719 3803 948 3873 σκληρόν
977 3818 991 3833 ·
1025 3803 1146 3855 τότε
1178 3800 1432 3862 ταπεινὸς
1452 3799 1677 3867 γίνεται,
1697 3801 1814 3853 τότε
1842 3801 2082 3871 σκυθρω-

423 3897 523 3956 πὸς
552 3905 600 3957 ο,
623 3893 742 3946 τότε
792 3893 890 3962 τῆς
950 3889 1248 3961 μεταϐολῆς
1316 3888 1629 3942 αἰσθάνεται
1660 3889 1769 3962 ,τῆς
1797 3889 2075 3961 βιωτικῆς,

421 3984 540 4037 τότε
581 3983 839 4053 καρτερεῖ
879 3979 1015 4050 πρὸς
1074 3977 1268 4031 πάντα.
1312 3977 1402 4031 Ἐν
1450 3977 1506 4030 δὲ
1558 3977 1768 4047 θεάτρῳ
1799 3979 1979 4032 πάντα
2011 3979 2078 4035 τὰ

419 4070 657 4131 ἐναντία,
690 4069 881 4138 γέλως,
910 4065 1222 4136 αίσχρότης,
1255 4065 1449 4135 πομπὴ
1473 4064 1768 4134 διαϐολικὴ,
1807 4064 2074 4135 διάχυσις,

417 4159 679 4230 ἀνάλωμα
707 4156 921 4226 χρόνου,
963 4155 1056 4207 καὶ
1081 4154 1294 4224 δαπάνη
1331 4154 1554 4225 ἡμερῶν
1588 4153 1836 4224 περιττὴ,
1889 4154 2077 4208 ἐπιθυ-

425 4248 550 4321 μίας
579 4246 778 4300 ἀτόπου
805 4243 1139 4313 κατασκευὴ,
1168 4243 1410 4312 μοιχείας
1436 4241 1656 4311 μελέτη,
1697 4242 1947 4313 πορνείας
1977 4259 2076 4310 γυ-

423 4338 666 4411 μνάσιον,
685 4334 973 4397 ἀκολασίας
996 4332 1380 4394 διδασκαλεῖον,
1404 4330 1683 4402 προτροπὴ
1700 4332 2072 4402 αίσχρότητος,

420 4426 654 4496 γέλωτος
699 4422 973 4488 ὑπόθεσις,
1021 4422 1403 4491 ἀσχημοσύνης
1457 4420 1895 4490 παραδείγματα.
1935 4419 2074 4471 Ἀλλ’

419 4514 481 4565 ού
505 4512 564 4564 τὸ
595 4510 964 4580 δεσμωτήριον
989 4507 1225 4559 τοιοῦτον
1252 4520 1266 4535 '
1290 4506 1405 4559 ἀλλ’
1440 4507 1556 4558 ἐκεῖ
1580 4505 2072 4577 ταπεινοφροσύνῃ,

419 4601 784 4674 παράκλησις,
809 4596 1123 4668 φιλοσοφίας
1162 4595 1466 4667 προτροπὴ,
1511 4593 1782 4663 ὑπεροψία
1805 4594 1915 4649 τῶν
1956 4595 2074 4663 βιωο

419 4689 587 4743 τικῶν
637 4704 651 4719 ο
705 4687 880 4740 πάντα
909 4685 1218 4754 πεπάτηται
1273 4684 1366 4736 καὶ
1425 4682 1926 4754 καταπεφρόνηται,
1983 4686 2076 4738 καὶ

423 4775 670 4844 καθάπερ
720 4772 914 4841 παιδίῳ
955 4768 1304 4837 παιδαγωγὸς
1346 4771 1374 4822 ὁ
1410 4769 1575 4837 φόϐος
1613 4769 1901 4840 ἐφέστηκε,
1938 4773 2073 4841 πρὸς

422 4863 599 4915 πάντα
616 4860 683 4914 τὰ
711 4860 896 4911 δέοντα
924 4858 1202 4927 ῥυθμίζων
1223 4856 1404 4909 αὐτόν.
1447 4857 1583 4910 Ἀλλ’
1607 4859 1654 4910 εί
1682 4857 1882 4927 βούλει,
1912 4859 2073 4912 πάλιν

424 4950 623 5019 ἐτέρως
675 4946 1018 5013 ἐξετάσωμεν
1040 4946 1163 5007 τοὺς
1218 4944 1412 5007 αὐτοὺς
1468 4944 1684 5008 τόπους.
1747 4945 2076 5020 Ἐϐουλόμην

424 5036 699 5104 συντυχεῖν
748 5031 1018 5104 ἀνθρώπῳ
1068 5030 1174 5082 ἀπὸ
1226 5029 1451 5099 θεάτρου
1502 5033 1761 5093 κατιόντι,
1815 5037 1908 5089 καὶ
1934 5037 2077 5106 ἄλλῳ

420 5120 528 5175 ἀπὸ
565 5114 932 5189 δεσμωτηρίου
982 5113 1199 5178 ἐξιόντι,
1246 5114 1342 5166 καὶ
1397 5109 1535 5176 εἶδες
1584 5114 1650 5166 ἀν
1705 5115 1799 5168 τοῦ
1852 5119 1950 5187 μὲν
1973 5121 2070 5191 τὴν

419 5207 598 5280 ψυχὴν
635 5203 994 5274 ἐπτοημένην,
1049 5200 1512 5273 τεθορυϐημένην,
1561 5201 1855 5275 δεδεμένην
1883 5207 2070 5272 ὅντως,

421 5295 516 5348 τοῦ
543 5295 599 5348 δὲ
622 5292 933 5362 ἀνειμένην,
949 5289 1271 5359 λελυμένην,
1297 5289 1704 5361 ἐπτερωμένην.
1749 5292 1805 5346 ’0
1831 5295 1928 5363 μὲν
1969 5299 2077 5368 γὰρ

428 5383 533 5436 ἀπὸ
556 5381 647 5434 τοῦ
678 5379 907 5450 θεάτρου
935 5376 1221 5447 ἀναχωρεῖ,
1255 5381 1376 5440 ταῖς
1404 5378 1558 5454 δψεσι
1588 5379 1699 5431 τῶν
1739 5381 1858 5433 ἐκεῖ
1880 5401 2074 5451 γυναι-

427 5469 539 5524 κῶν
589 5468 918 5540 προσδεθεὶς,
969 5467 1166 5529 παντὸς
1221 5467 1441 5537 σιδήρου
1494 5468 1848 5540 χαλεπώτερα
1895 5475 2076 5543 φέρων

425 5557 620 5627 δεσμὰ,
652 5560 774 5620 τοὺς
793 5555 988 5618 τόπους
1016 5555 1140 5617 τοὺς
1163 5555 1380 5620 ἐκεῖ,τά
1401 5557 1638 5625 ῥήματα,
1672 5558 1742 5610 τὰ
1779 5562 2034 5630 σχήματα
2061 5586 2072 5598 ·

426 5649 456 5701 ὁ
492 5648 548 5700 δὲ
574 5646 680 5699 ἀπὸ
705 5643 1096 5714 δεσμωτηρίου,
1129 5643 1342 5696 πάντων
1387 5644 1616 5708 ἀνεθεὶς,
1643 5647 1742 5699 ούκ
1775 5647 1852 5702 ἔτι
1880 5652 2075 5723 ἡγήσε-

426 5753 516 5789 ται
541 5736 767 5805 πάσχειν
793 5747 843 5782 τι
864 5730 1053 5792 δεινὸν,
1085 5732 1194 5792 τοῖς
1223 5731 1329 5783 τῶν
1368 5730 1570 5800 ἐτέρων
1606 5732 1672 5784 τὰ
1704 5734 1866 5788 αὑτοῦ
1901 5756 2077 5812 παρα-

429 5821 654 5875 ϐάλλων.
690 5821 810 5873 Ὅτι
838 5819 899 5871 ού
924 5818 1153 5882 δέδεται,
1199 5820 1356 5888 χάριν
1413 5818 1618 5871 εἴσεται
1668 5819 1876 5889 λοιπὸν,
1904 5843 2072 5883 κατα-

430 5909 683 5980 φρονήσει
715 5907 822 5960 τῶν
867 5905 1218 5976 ἀνθρωπίνων
1258 5909 1617 5978 πραγμάτων,
1651 5910 1881 5976 πολλοὺς
1917 5916 2077 5971 πλου.

493 6007 518 6033 ο
546 5995 676 6066 Ἐκεῖ
706 5995 856 6066 ⁸(ξιεεξεςι
897 5997 958 6066 ίηΔ
1004 6011 1116 6066 ιιιιο.
1218 5997 1242 6033 h
1291 5997 1339 6047 In
1369 5999 1540 6050 eodem
1571 6001 1719 6057 ποηὴ
1772 6000 1802 6054 ἡ
1863 6001 2075 6066 διάχυσις

434 6057 590 6112 όνεει,
657 6061 677 6086 ⁸⁵
692 6058 829 6110 Alius
848 6059 1245 6123 σκυθρωπότερος.

1210 446 1268 505 S.
1307 444 1588 504 JOANNlS
1622 443 2111 503 CHRYSOSTOMI
2152 444 2471 502 ARCIIIEP.
2511 438 3056 506 CONSTANTINOP.

3763 449 3879 505 502

2201 562 2427 627 τοῦντας
2448 564 2590 635 όρῶν
2619 566 2676 618 ἐν
2709 570 3038 637 συμφοραῖς,
3072 563 3240 619 πολλὰ
3269 566 3363 623 καὶ
3398 565 3609 638 μεγάλα
3633 565 3880 637 δυναμέ-

2200 666 2324 712 νους
2349 651 2441 703 καὶ
2469 651 2784 722 δεδεμένους
2810 656 2928 707 ἐκεῖ
2952 670 2966 684 ο
2995 653 3095 708 κᾶν
3116 653 3313 717 ἀδίκως
3332 671 3384 707 τι
3415 656 3583 726 πάθῃ,
3611 657 3704 708 καὶ
3728 654 3877 724 πρὸς

2201 734 2358 788 τοῦτο
2407 739 2737 808 καρτερήσει
2782 755 2795 768 ·
2838 741 2932 793 καὶ
2968 740 3077 810 γὰρ
3119 740 3210 793 καὶ
3243 741 3434 793 τούτου
3467 737 3635 793 πολλά
3657 743 3774 793 ἐκεῖ
3799 741 3878 792 τὰ

2205 822 2568 893 ὑποδείγματα
2598 843 2611 855 ·
2647 828 2727 890 είς
2751 826 2958 880 ἔννοιαν
2992 827 3269 880 ἐλεύσεται
3299 831 3399 899 τῆς
3429 827 3727 898 μελλούσης
3751 827 3877 896 κρί-

2200 926 2358 974 σεως,
2395 911 2488 964 καὶ
2524 913 2703 983 φρίξει
2736 916 2863 978 τοὺς
2884 915 3087 978 τόπους
3120 915 3354 968 ἐνταῦθα
3396 914 3556 986 ὁρῶν.
3591 915 3875 984 Καθάπερ

2197 996 2305 1067 1&9
2333 997 2565 1053 ἐνταῦθα
2595 1003 2653 1054 ἐν
2682 1001 3040 1072 δεσμωτηρίῳ
3074 1002 3585 1073 συγκεκλεισμένος,
3615 1001 3872 1071 ἐπιεικὴς

2196 1085 2334 1155 πρὸς
2366 1087 2572 1150 πάντας
2612 1088 2760 1141 ἐστίν
2805 1104 2819 1118 ·
2864 1089 3007 1142 οὕτω
3039 1089 3280 1142 κάκεῖνοι
3309 1090 3416 1160 πρὸ
3457 1089 3561 1159 τῆς
3599 1090 3866 1160 κρίσεως,

2196 1173 2306 1244 πρὸ
2330 1175 2430 1244 τῆς
2464 1175 2762 1246 μελλούσης
2791 1177 3024 1247 ἡμέρας,
3044 1177 3180 1248 πρὸς
3207 1181 3459 1246 γυναῖκα,
3483 1179 3621 1247 πρὸς
3649 1178 3868 1238 παιδία,

2195 1260 2332 1330 πρὸς
2363 1263 2490 1324 τοὺς
2519 1263 2739 1326 οίκέτας
2765 1263 2976 1317 ἔσονται
3006 1265 3422 1335 ἐπιεικέστεροι.
3457 1263 3610 1317 Ἀλλ’
3634 1265 3742 1318 ἀπὸ
3767 1265 3867 1318 τοῦ

2195 1346 2424 1418 θεάτρου
2445 1349 2544 1418 οὐχ
2565 1347 2759 1411 οὕτως,
2783 1350 2900 1403 ἀλλ’
2923 1351 3250 1422 ἀηδέστερον
3272 1352 3461 1419 ὕψεται
3482 1354 3585 1422 τὴν,
3604 1356 3867 1420 γυναῖκα,

2192 1433 2286 1486 καὶ
2309 1433 2574 1506 δυσχερὴς
2597 1436 2734 1506 πρὸς
2765 1437 2892 1500 τοὺς
2925 1420 3169 1501 οἰκείους
3185 1438 3359 1502 ἔσται,
3388 1420 3869 1509 παροξύνθήσεται

2191 1521 2331 1593 πρὸς
2360 1521 2432 1576 τά
2471 1524 2680 1589 παιδία,
2710 1525 3179 1597 ἐκθηριωθήσεται
3202 1528 3337 1597 πρὸς
3368 1528 3598 1592 πάντας.
3632 1529 3868 1596 Μεγάλα

2190 1610 2335 1664 κακά
2377 1610 2450 1663 τὰ
2515 1611 2718 1682 θέατρα
2766 1614 3176 1683 παρασκευάζει
3213 1617 3334 1678 ταῖς
3375 1614 3585 1678 πόλεσι,
3620 1616 3864 1686 μεγάλα,

2191 1699 2285 1751 καὶ
2312 1699 2431 1750 ονἰδέ
2456 1697 2614 1752 τοῦτο
2643 1699 2798 1770 ἴσμεν
2835 1701 2916 1754 ὅτι
2949 1702 3179 1772 μεγάλα.
3217 1701 3356 1754 Εἰδέ
3389 1702 3489 1756 ούκ
3517 1705 3862 1774 ἀπεκόμετε,

2189 1783 2530 1856 ἐξετάσωμεν
2555 1785 2703 1858 [524]
2731 1787 2970 1852 καὶτοὺς
2996 1788 3090 1842 τοῦ
3112 1789 3344 1858 γέλωτος
3373 1792 3588 1854 τόπους,
3617 1791 3687 1843 τά
3723 1809 3866 1860 συμ-

2190 1872 2354 1926 πόσια
2392 1872 2552 1939 λέγω,
2596 1873 2724 1926 ἔνθα
2765 1877 3056 1946 παράσιτοι
3103 1880 3196 1930 καὶ
3225 1877 3455 1938 κόλακες
3484 1880 3578 1930 καὶ
3617 1877 3789 1948 πολλὴ
3828 1881 3865 1950 ὴ

2186 1955 2393 2031 τρυφὴ,
2424 1962 2518 2014 καὶ
2544 1961 2740 2025 τόπους
2770 1964 3006 2036 ἐτέρους,
3039 1963 3168 2017 ἔνθα
3209 1965 3371 2035 χωλοὶ
3417 1967 3513 2019 καὶ
3562 1965 3861 2036 ἀνάπηροι.

2188 2047 2353 2101 Πάλιν
2375 2049 2492 2101 ἐκεῖ
2512 2049 2610 2118 μὲν
2643 2049 2784 2120 μέθη
2807 2051 2900 2104 καὶ
2926 2051 3106 2122 τρυφὴ
3132 2054 3227 2104 καὶ
3250 2052 3518 2122 διάχυσις,
3546 2052 3782 2106 ἐνταῦθα
3800 2053 3864 2106 δὲ

2185 2134 2516 2192 τούναντίον.
2541 2137 2683 2205 Ὅρα
2709 2139 2803 2190 καὶ
2823 2138 2915 2189 ἐπὶ
2943 2137 3039 2190 τοῦ
3068 2138 3341 2208 σώματος,
3366 2141 3493 2193 ὅταν
3524 2138 3861 2212 φλεγμαίνει,

2187 2221 2315 2275 ὅταν
2336 2222 2567 2294 εύπαθῇ,
2599 2225 2859 2296 ταχίστην
2909 2226 3021 2296 ἔχει
3075 2225 3209 2297 πρὸς
3251 2228 3406 2281 νόσον
3460 2228 3811 2298 μετάπτωσιν
3845 2247 3857 2260 ·

2189 2311 2315 2366 ὅταν
2341 2314 2397 2366 δέ
2425 2316 2858 2385 κατεσταλμένον
2883 2311 2948 2389 ᾗ,
2985 2317 3082 2386 οὐχ
3122 2316 3315 2380 οὕτως.
3343 2318 3457 2370 ἰνα
3495 2317 3550 2370 δὲ
3587 2319 3862 2385 σαφέστε-

2188 2418 2280 2476 ρον
2307 2404 2433 2472 ὑμῖν
2459 2403 2485 2455 ὅ
2506 2404 2648 2470 λέγω
2679 2406 2891 2474 ποιήσω
2918 2404 2944 2443 ά
2971 2442 2986 2468 ,
3016 2405 3156 2456 έστω
3187 2404 3346 2474 σῶμα
3396 2404 3516 2474 ἔχον
3549 2405 3681 2458 πολὺ
3715 2401 3862 2475 αἷμα,

2185 2489 2280 2543 καὶ
2307 2489 2516 2559 σάρκας
2565 2490 2766 2554 πολλὰς
2805 2492 2901 2544 καὶ
2957 2492 3203 2561 σφριγῶν
3233 2508 3246 2520 °
3281 2490 3438 2546 τοῦτο
3486 2494 3579 2546 καὶ
3610 2494 3718 2546 ἀπὸ
3751 2494 3861 2563 τῆς

2186 2576 2454 2646 τυχούσης
2498 2577 2708 2647 τροφῆς
2743 2578 2979 2650 πυρετὸν
3024 2578 3314 2648 δυνήσεται
3343 2582 3541 2644 τεκεῖν,
3578 2581 3644 2632 ἄν
3671 2579 3862 2643 ἁπλῶς

2185 2666 2422 2736 ἀργήσῃ.
2470 2666 2651 2720 Ἔστω
2691 2667 2749 2720 δέ
2797 2668 2982 2737 ἕτερον
3030 2666 3173 2737 λιμῴ
3230 2667 3429 2737 μᾶλλον
3492 2667 3714 2718 παλαῖον
3759 2669 3864 2721 καὶ

2185 2749 2361 2819 θλίψει
2399 2768 2412 2781 ·
2455 2753 2612 2805 τοῦτο
2652 2752 2957 2806 δυσάλωτον
3013 2754 3106 2806 καὶ⁵
3163 2752 3663 2820 δυσκαταγώνιστον
3718 2755 3862 2824 7:90;

2184 2838 2518 2908 ἀρρωστίαν.
2540 2835 2689 2910 Αἷμα
2718 2842 2821 2894 κᾶν
2856 2841 3012 2909 ὑγιὲς
3113 2841 3171 2891 ἐν
3201 2842 3333 2909 ἡμῖν
3359 2880 3375 2906 ,
3398 2840 3475 2907 τῷ
3504 2839 3697 2910 πλήθει
3723 2842 3862 2894 πολ-

2182 2923 2339 2988 λάκις
2357 2926 2506 2978 νόσον
2565 2926 2750 2980 ἔτεκεν
2790 2943 2804 2956 ⁸
2841 2929 2908 2981 ἂν
2969 2928 3025 2980 δὲ
3080 2928 3260 2995 ὀλίγον
3310 2923 3383 3002 ᾗ,
3439 2927 3540 2982 κᾶν
3574 2928 3647 2998 μὴ
3677 2929 3858 2996 ὑγιὲς,

2181 3014 2414 3077 εὐκόλως
2441 3016 2877 3086 κατεργασθῆναι
2895 3015 3134 3069 δύναται.
3164 3016 3324 3069 Οὕτω
3340 3018 3402 3086 δὴ
3423 3016 3515 3069 καὶ
3531 3019 3622 3069 ἐπί
3648 3016 3856 3086 ψυχῆς,

2182 3107 2216 3175 ἡ
2239 3106 2335 3175 μὲν
2363 3107 2420 3158 ἐν
2453 3106 2632 3158 ἀνέσει
2659 3107 2751 3158 καὶ
2777 3108 2958 3175 τρυφῇ
2984 3105 3320 3174 ὀξυρρόπους
3351 3105 3464 3174 ἔχει
3489 3104 3624 3174 πρὸς
3674 3107 3862 3177 ἀμαρ-

2181 3193 2300 3245 τίαν
2315 3193 2413 3254 τὰς
2441 3194 2615 3262 ὁρμάς
2634 3209 2646 3221 ·
2673 3192 2887 3262 καὶγὰρ
2911 3194 3162 3252 ἀπονοίας
3179 3192 3341 3259 ἐγγὺς
3360 3194 3391 3260 ἡ
3413 3192 3631 3264 τοιαύτη
3653 3193 3860 3262 έστηκι

2183 3280 2276 3333 καὶ
2325 3279 2517 3349 ἡδονῆς
2557 3280 2650 3331 καὶ¹
2685 3278 2990 3342 κενοδοξίας
3031 3280 3126 3331 καὶ
3175 3279 3369 3346 φθόνου
3421 3280 3513 3332 καί⁵
3549 3279 3861 3334 ἐπιϐουλῶν

2181 3367 2278 3419 καὶ
2309 3366 2680 3434 συκοφαντιῶν
2711 3382 2723 3396 ’
2753 3365 2868 3418 ἀλλ’
2902 3367 2999 3436 οὺχ
3046 3367 3079 3435 ὴ
3116 3367 3172 3417 ἐν
3203 3365 3377 3436 θλίψει
3405 3367 3496 3419 καὶ
3528 3363 3856 3437 αὐταρκείᾳ,

2179 3453 2317 3508 ἀλλὰ
2364 3456 2580 3507 πάντων
2626 3455 2830 3506 τούτων
2889 3454 3251 3522 ἀπήλλακται.
3300 3455 3429 3508 Ἰδοὺ
3494 3453 3654 3524 ἡλίκη
3695 3454 3858 3517 πόλις

2180 3544 2319 3613 ἡμῖν
2349 3545 2495 3596 ἐστιν
2521 3545 2552 3612 ἡ
2584 3542 2794 3612 μεγάλη
2816 3541 2976 3612 αὕτη.
3001 3543 3171 3594 Πόθεν
3196 3539 3289 3595 οὖν
3311 3542 3554 3596 τίκτεται
3579 3543 3649 3595 τὰ
3671 3543 3854 3609 κακά;

2179 3632 2280 3684 οὐκ
2328 3631 2435 3683 ἀπὸ
2476 3630 2581 3682 τῶν
2631 3630 3034 3695 πλουτούντων;
3075 3631 3173 3682 οὐκ
3217 3629 3325 3682 ἀπὸ
3356 3630 3465 3683 τῶν
3510 3631 3852 3700 χαιρόντωνς

2180 3717 2338 3779 Τίνες
2361 3720 2438 3778 εἰς
2460 3716 2782 3787 δικαστήρια
2835 3716 3088 3782 ἐλκουσι;
3138 3715 3283 3779 τίνες
3319 3716 3507 3779 οὐσίας
3541 3717 3868 3772 διασπαθῶ-

2182 3820 2300 3868 σιν;
2335 3805 2383 3855 οἱ
2441 3803 2775 3873 ταλαίπωροι
2822 3804 2916 3856 κα.)¹
2967 3804 3393 3874 ἀπερριμμένοι,
3454 3804 3488 3873 ἢ
3543 3806 3592 3856 οἱ
3634 3804 3857 3874 μεγάλα

2182 3891 2460 3961 φυσῶντες
2489 3891 2582 3943 καλ⁸
2614 3891 2930 3962 χαίροντες;
2958 3892 3073 3944 Οὐκ
3095 3892 3242 3944 ἐστιν
3274 3891 3382 3944 ἀπὸ
3412 3891 3590 3962 ψυχῆς
3621 3892 3856 3963 τεθλιμ-

2184 3980 2351 4050 μένης
2411 3981 2666 4046 γενέσθαι
2726 3995 2780 4031 τι
2832 3980 3022 4034 κακόν.
3090 3977 3242 4032 Οἶδεν
3294 3980 3466 4049 αὐτῆς
3498 3981 3562 4032 τὸ
3603 3981 3858 4051 κέρδοςό

2181 4065 2390 4128 Παῦλος
2422 4081 2435 4094 ο
2467 4065 2556 4118 διὰ
2584 4065 2741 4118 τοῦτό
2779 4081 2962 4135 φησιν·
3009 4066 3078 4118 'Il
3122 4067 3325 4133 θνῖῖψις
3352 4067 3664 4137 ὑπομονὴν
3704 4086 3858 4124 κατ-

2176 4153 2489 4222 εργάζεται,
2544 4153 2581 4220 ἡ
2621 4153 2689 4205 δὲ
2745 4155 3018 4222 ὑπομονὴ
3074 4153 3354 4222 δοκιμὴν,
3407 4158 3444 4224 ἡ
3495 4154 3563 4208 δὲ
3627 4155 3851 4227 δοκιμὴ

2176 4239 2414 4304 ἐλπίδα,
2436 4241 2473 4307 ἢ
2498 4239 2565 4292 δὲ
2597 4240 2772 4303 ἐλπὶς
2801 4243 2871 4292 οὐ
2920 4244 3331 4308 καταισχίνει.
3368 4244 3464 4313 Μὴ
3505 4243 3568 4312 δὴ
3608 4246 3852 4297 καταπί-

2178 4345 2401 4398 πτωμεν
2427 4330 2484 4380 ἐν
2513 4330 2629 4388 ταῖς
2660 4327 2920 4394 θλίψεσιν,
2951 4328 3062 4380 ἀλλ’
3098 4332 3156 4381 ἐν
3181 4331 3383 4382 ἅπασιν
3410 4332 3849 4402 εὐχαριστῶμεν,

2180 4414 2265 4467 ἵνα
2292 4431 2344 4468 τι
2374 4415 2723 4484 κερδάνωμεν
2767 4417 2930 4482 μέγα,
2977 4416 3063 4466 ἵνα
3097 4415 3545 4488 εὐδοκιμήσωμεν
3579 4421 3732 4490 παρὰ.
3763 4424 3850 4493 τῷ

2178 4503 2297 4572 Θεῷ
2323 4501 2402 4571 τῷ
2431 4503 2526 4563 τὰς
2551 4502 2755 4571 θλίψεις
2789 4503 3180 4573 συγχωρούντι.
3208 4506 3367 4575 Μέγα
3397 4505 3572 4574 θλίψις
3596 4509 3802 4575 ἀγαθόν
3832 4533 3846 4544 ·

2179 4592 2272 4644 καὶ
2295 4590 2454 4642 τοῦτο
2481 4589 2587 4643 ἀπὸ
2613 4589 2718 4642 τῶν
2758 4590 2960 4644 παίδων
3000 4591 3107 4644 τῶν
3143 4593 3423 4662 ἡμετέρων
3453 4596 3797 4668 μανθάνομεν
3833 4618 3844 4630 ·

2178 4679 2345 4749 χωρὶς
2377 4677 2483 4747 γὰρ
2513 4677 2741 4746 θλίψεως
2765 4677 2916 4730 οὐδὲν
2946 4677 3011 4730 ἂν
3038 4677 3198 4747 μάθοι
3231 4681 3520 4752 χρήσιμον.
3574 4685 3761 4754 Ἡμεῖς
3787 4689 3850 4743 δὲ

2183 4768 2380 4836 μᾶλλον
2437 4767 2614 4819 αὐτῶν
2663 4767 2896 4836 δεόμεθα
2949 4766 3198 4835 θλίψεως.
3264 4771 3328 4822 Ei
3382 4771 3490 4842 1&9
3528 4775 3711 4827 ἐκεῖνα
3735 4777 3849 4829 τῶν

2179 4856 2367 4909 παθῶν
2411 4854 2758 4928 ἠρεμούντων
2825 4855 3011 4918 αὐτοῖς
3045 4855 3225 4908 θάλλει
3280 4868 3338 4921 ο,
3391 4860 3573 4931 πολλῷ
3640 4863 3849 4931 μᾶλλον

2179 4946 2361 5014 ἡμεῖς,
2396 4943 2491 4995 καὶ
2513 4943 2746 5013 μάλιστα
2771 4941 3046 5003 τοσούτοις
3104 4946 3470 5015 συνεχόμενοι.
3517 4948 3656 5000 Ἀλλ’
3694 4953 3848 5020 ἡμᾶς

2183 5034 2379 5105 μᾶλλον
2416 5031 2794 5098 παιδαγωγοὺς
2833 5026 2974 5099 έχείν
3011 5033 3180 5103 ἐχρῆν
3217 5051 3230 5063 ο
3274 5037 3425 5106 παρά
3466 5038 3565 5106 μὲν
3593 5039 3700 5111 1&9
3731 5044 3850 5097 τῶν

2180 5124 2383 5176 παίδων
2411 5121 2478 5173 τά
2506 5120 2875 5189 ἁμαρτήματα
2916 5121 3016 5174 οὐκ
3055 5121 3120 5173 ἂν
3155 5124 3365 5192 μεγάλα
3407 5125 3637 5193 γένοιτο,
3692 5135 3849 5200 παρὰ

2177 5213 2233 5265 δέ
2257 5215 2288 5282 ἡ
2300 5211 2413 5282 μῶν
2443 5209 2642 5278 σφόδρα
2674 5208 2898 5276 μεγάλα.
2939 5209 3287 5278 Παιδαγωγός
3308 5211 3364 5263 δὲ
3389 5215 3547 5283 ἡμῶν
3580 5219 3612 5286 ἡ
3641 5217 3846 5288 ολῖψις.

2178 5303 2332 5371 Μήτε
2365 5295 2455 5350 οὖν
2486 5295 2842 5360 ἐπισπώμεθα
2880 5295 3068 5368 αὐτὴν,
3111 5300 3205 5350 καὶ
3255 5300 3535 5369 παροῦσαν
3578 5309 3851 5374 γενναίως

2181 5390 2454 5458 φέρωμεν,
2501 5385 2585 5438 ἀεὶ
2626 5385 2833 5454 μυρίων
2884 5381 3049 5436 οὖσαν
3101 5385 3324 5453 ἀγαθῶν
3380 5391 3580 5455 αἰτίαν,
3619 5395 3704 5446 ἴνα
3748 5401 3850 5450 καὶ

2178 5478 2274 5544 τῆς
2301 5472 2451 5544 παρὰ
2478 5470 2570 5524 τοῦ
2610 5471 2743 5524 Θεοῦ
2779 5473 2951 5542 ῥοπῆς
2980 5473 3403 5544 ἀπολαύσωμεν,
3439 5479 3530 5532 καὶ
3570 5481 3677 5532 τῶν
3709 5485 3851 5536 ἀπο-

2180 5564 2444 5634 κειμένων
2497 5561 2710 5627 ἀγαθῶν
2765 5565 2874 5622 τοῖς
2931 5563 3212 5629 ἀγαπῶσιν
3266 5565 3444 5630 αὑτὸν,
3518 5569 3574 5618 ἐν
3622 5568 3850 5642 Χριστῷ

2190 5650 2362 5720 ,Ιησοῦ
2382 5648 2457 5718 τῷ
2489 5648 2673 5718 Κυρίῳ
2697 5649 2872 5718 ἡμῶν,
2911 5650 3010 5719 μεθ
3029 5650 3041 5667 ’
3067 5645 3127 5704 οὗ
3150 5651 3228 5721 τῷ
3252 5653 3424 5722 Πατρὶ
3454 5654 3567 5723 ἃμα
3595 5656 3670 5724 τῷ
3700 5658 3850 5729 ἁγίῳ

2179 5739 2452 5809 Πνεύματι
2482 5736 2623 5800 δόξα,
2653 5739 2874 5808 κράτος,
2917 5739 3070 5810 τιμὴ,
3099 5738 3194 5793 νῦν
3236 5743 3328 5793 καὶ
3353 5741 3459 5807 ἀεὶ,
3487 5743 3581 5795 καὶ
3607 5745 3686 5806 εἰς
3710 5749 3844 5810 τοὺς

2180 5829 2379 5889 αἰῶνας
2408 5825 2514 5900 τᾶς]
2537 5826 2768 5880 αἰώνων.
2813 5828 3005 5897 Ἀμήν.

2240 6010 2453 6080 {Unus}
2479 6011 2988 6080 001mg.”}§&9é01090v
3030 6015 3111 6064 οὖν
3162 6015 3272 6080 ὑμῖν
3315 6015 3505 6063 ποιγτσω
3561 6012 3639 6061 τόν
3673 6014 3818 6078 λόγον

2187 6089 2208 6115 σι
2239 6075 2370 6125 [dem
2396 6074 2538 6121 αὐτοῦ
2585 6074 2796 6136 σφάλλει.
