4072 6408
166 437 262 498 30!

163 544 612 611 confusioznihil
657 549 972 601 strenuum,
1017 529 1154 586 nihil
1183 510 1753 611 generosumzmulta

166 603 548 701 isthicidiaboli
573 648 787 706 pompa,
811 625 1075 701 cymbala,
1100 619 1265 684 tibiae,
1289 611 1497 671 cantica
1524 603 1758 706 fornica-

167 736 329 791 tionis
354 745 408 788 ct
438 697 687 786 adulterii
704 697 888 794 plena.
913 721 981 772 At
1011 716 1096 768 ubi
1127 714 1302 766 luctus
1321 715 1424 764 est,
1459 715 1565 755 non
1598 697 1757 754 item,

165 825 261 882 sed
290 826 470 879 omnia
500 822 640 876 bene
669 815 913 870 ordinata
939 827 953 864 :
977 821 1226 875 magnum
1250 798 1546 858 silentium,
1571 799 1757 857 magna

163 919 354 989 quies,
405 927 595 982 magna
635 904 927 968 demissio;
965 899 1098 955 nihil
1139 888 1588 962 incompositum,
1631 875 1761 933 nihil

166 970 533 1065 inordinatum
564 1000 655 1058 :si
698 999 820 1070 quis
862 996 1150 1064 loquatur,
1196 985 1359 1040 verba
1405 970 1762 1052 philosophia:

166 1105 326 1174 plena
367 1096 572 1162 fundit;
603 1091 850 1164 quodque
888 1086 1081 1142 mirum
1112 1089 1222 1144 est,
1257 1076 1348 1131 illo
1379 1080 1634 1174 tempore
1652 1076 1764 1117 non

165 1157 266 1247 viri
301 1192 501 1254 solum,
537 1185 633 1241 sed
661 1157 821 1239 etiam
849 1173 1130 1233 domestici
1159 1180 1212 1226 et
1243 1161 1496 1223 mulieres
1526 1157 1764 1230 philoso-

167 1285 430 1356 phantur.
471 1249 622 1333 'i‘ali's
660 1273 803 1329 enim
839 1281 920 1325 est
952 1268 1130 1322 luctus
1155 1272 1367 1315 natura.
1412 1249 1764 1338 Et‘videntur

164 1346 388 1446 quidem
418 1374 688 1442 lugentem
725 1361 986 1420 consolari
1011 1402 1026 1426 ,
1058 1356 1284 1430 plurima
1309 1357 1488 1406 autem
1515 1346 1763 1413 dogmata

167 1431 452 1537 proferunt
473 1431 843 1530 vphilosophiaa
879 1454 1058 1524 plena.
1099 1448 1294 1504 Preces
1332 1440 1547 1502 statim,
1583 1431 1765 1537 utIhic

167 1561 326 1615 sistat
349 1555 592 1616 afﬂictio,
627 1525 885 1618 multique
910 1552 1036 1600 stitit
1064 1540 1153 1610 qui
1181 1533 1440 1592 amictum
1474 1525 1764 1583 consolan-

168 1663 278 1719 tur,
309 1659 357 1704 et
387 1645 824 1702 enumerationes
851 1637 1000 1692 mille
1024 1633 1159 1687 ﬁunt
1176 1644 1386 1692 eorum,
1409 1621 1500 1694 qui
1522 1616 1766 1674 similiter

169 1745 374 1814 lugent.
424 1737 563 1806 Quid
605 1745 689 1790 est
726 1733 869 1788 enim
910 1725 1111 1783 homo?
1154 1722 1369 1778 Natura:
1409 1723 1609 1770 nostra:
1643 1722 1766 1778 per-

168 1833 407 1906 quisitio.

239 1930 294 1984 4.
331 1924 501 1980 Homo
520 1921 644 1994 quid
663 1921 749 1973 sit.
776 1915 1111 1972 Theatrorum
1141 1905 1498 1978 tnrpitudo.—
1515 1896 1652 1967 Quid
1682 1901 1767 1949 cst

169 2035 303 2091 ergo
326 2015 529 2072 homo?
553 2013 688 2067 Vitas
715 2022 765 2065 et
795 2006 1016 2064 vilitatis
1044 2004 1161 2072 ejus
1190 1996 1491 2058 accusatio,
1523 2002 1766 2064 comme-

171 2109 400 2167 moratio
450 2108 753 2162 futurarum
800 2113 977 2155 rerum
1023 2103 1079 2150 et
1130 2089 1340 2162 judicii.
1389 2080 1768 2152 Unusquisque

170 2215 351 2259 autem
375 2199 584 2257 recedit
603 2198 824 2252 domum
853 2211 866 2248 :
897 2190 985 2262 qui
1015 2204 1044 2241 a
1077 2185 1278 2255 nuptiis
1301 2223 1316 2248 ,
1346 2186 1594 2241 moestus,
1623 2169 1768 2242 quod

173 2313 283 2356 non
314 2314 402 2353 res
430 2308 688 2366 prospera
717 2291 822 2353 sit;
850 2286 939 2357 qui
968 2300 999 2338 a
1029 2282 1204 2345 luctu,
1233 2275 1492 2332 remissus
1521 2279 1574 2326 et
1612 2266 1768 2336 quie-

172 2403 257 2448 tus
277 2432 291 2455 ,
322 2390 444 2460 quia
475 2362 583 2441 non
625 2382 820 2438 similia
864 2389 1052 2449 passus
1079 2382 1196 2438 est,
1239 2377 1296 2424 et
1321 2365 1469 2423 omni
1501 2362 1769 2418 exstincto

169 2453 366 2538 ardore
391 2475 664 2534 discessit.
716 2471 824 2529 Sed
869 2466 1035 2540 quid?
1080 2465 1160 2519 vis
1189 2472 1437 2518 carceres
1474 2464 1530 2510 et
1561 2453 1768 2508 theatra

167 2570 558 2631 conferamus?
605 2567 702 2623 llle
744 2577 974 2632 namque
1020 2571 1312 2619 aerumnae,
1345 2551 1434 2608 hic
1480 2544 1768 2617 voluptatis

168 2677 251 2724 est
287 2667 458 2721 locus.
494 2665 604 2729 Age
635 2654 1068 2726 ergo,videamus
1127 2663 1246 2720 quae
1277 2660 1344 2701 ex
1371 2641 1612 2710 utrisque
1638 2651 1770 2691 con-

171 2763 400 2831 tingant.
447 2754 558 2810 lllic
590 2746 928 2822 philosophia
969 2744 1132 2797 uinlta
1162 2758 1175 2794 :
1208 2738 1297 2794 ubi
1336 2736 1479 2792 enim
1524 2745 1726 2788 maeror
1749 2769 1766 2795 ,

173 2852 242 2906 ibi
275 2849 502 2903 omnino
535 2821 896 2914 philosophia.
946 2836 1049 2902 Qui
1094 2842 1252 2887 antea
1297 2828 1450 2884 dives
1478 2835 1631 2889 erat,
1677 2821 1768 2891 qui

169 2940 462 2996 admodum
490 2913 748 2998 inﬂatus,
785 2929 897 3001 jam
923 2942 954 2984 e
994 2925 1153 2995 vulgo
1193 2919 1436 2993 quemvis
1465 2931 1524 2971 se
1573 2913 1770 2982 alloqui

170 3034 488 3106 permittet,
545 3035 690 3082 metu
741 3035 1082 3089 mteroreque
1131 3018 1252 3087 igne
1295 3008 1675 3068 vehementius
1714 3005 1768 3058 in

170 3130 409 3184 animam
437 3125 556 3196 ejus
581 3120 854 3177 incidente
877 3128 930 3171 et
962 3114 1213 3169 duritiem
1259 3106 1570 3163 emolliente
1599 3121 1613 3157 :
1643 3110 1771 3154 tunc

173 3219 395 3275 humilis
419 3260 434 3284 ,
465 3227 593 3270 tunc
622 3217 848 3268 maestus
877 3207 1104 3269 evadet,
1138 3213 1264 3257 tunc
1306 3197 1619 3254 smcularem
1649 3206 1772 3244 mu.

174 3312 442 3384 tationem
467 3306 695 3366 sentiet,
733 3312 858 3357 tunc
884 3297 1038 3353 fortis
1063 3295 1165 3350 erit
1191 3291 1257 3346 ad
1284 3288 1485 3344 omnia.
1515 3283 1573 3339 ln
1612 3283 1772 3336 thea-

175 3414 260 3459 tro
310 3411 492 3457 autem
527 3395 705 3452 omnia
738 3390 1004 3448 contraria
1051 3394 1206 3451 sunt,
1252 3384 1420 3445 risus,
1451 3374 1730 3448 turpitudo
1751 3413 1769 3439 ,

175 3510 371 3565 pompa
424 3489 688 3546 diabolica
709 3528 725 3554 ,
761 3485 949 3541 eﬂ'usio
968 3522 984 3548 ,
1014 3477 1308 3547 insumptio
1341 3471 1598 3542 temporis
1618 3511 1640 3541 ,
1669 3469 1772 3522 im-

176 3560 345 3657 pensa
418 3582 631 3638 dierum
700 3576 934 3640 inutilis,
992 3577 1281 3642 apparatus
1347 3564 1415 3620 ad
1483 3560 1770 3617 absurdam

175 3673 676 3745 concupiscentiam
704 3710 720 3736 ,
769 3664 1015 3723 adulterii
1061 3661 1335 3718 meditatio
1363 3702 1378 3724 ,
1432 3653 1775 3711 scortationis

176 3743 554 3841 gymnasium,
605 3759 1033 3831 intemperantia:
1078 3753 1301 3817 schola,
1351 3746 1659 3806 adhortatio
1706 3743 1775 3798 ad

179 3840 608 3934 turpitudinem,
654 3859 795 3912 risus
839 3852 1088 3916 occasio,
1141 3846 1400 3905 foeditatis
1444 3840 1774 3909 exemplum.

180 3959 252 4011 At
272 3931 390 4010 non
423 3953 543 4007 talis
570 3958 656 4006 est
683 3963 903 4012 carcer;
935 3943 1031 4000 sed
1079 3943 1186 3996 illic
1229 3939 1498 3994 humilitas
1518 3976 1532 4000 ,
1580 3931 1778 3988 exhor-

182 4049 318 4103 tatio
340 4090 357 4115 ,
391 4045 645 4101 stimulus
673 4041 740 4097 ad
790 4037 1182 4107 philosophiam
1204 4075 1218 4099 ,
1255 4029 1591 4088 sarcularinm
1641 4041 1776 4080 con-

187 4151 424 4210 temptus
450 4158 463 4192 :
505 4135 686 4190 omnia
716 4132 1117 4193 conculcantur,
1141 4125 1319 4179 omnia
1355 4126 1702 4192 spernuntur,
1724 4123 1779 4168 et

185 4243 366 4292 metus
420 4230 571 4301 quasi
621 4240 790 4298 puero
843 4224 1162 4296 pazdagogus
1213 4219 1403 4282 adest,
1454 4214 1521 4268 ad
1581 4212 1778 4266 decora

182 4327 367 4382 omnia
393 4325 543 4379 illum
571 4320 878 4375 instituens.
911 4314 1017 4370 Sed
1046 4314 1091 4368 si
1117 4313 1196 4366 vis
1225 4311 1418 4365 iterum
1445 4305 1634 4360 eadem
1661 4302 1777 4357 loca

184 4420 288 4472 alia
319 4417 532 4472 ratione
562 4412 926 4482 exploremus.
974 4406 1179 4461 Vellem
1207 4414 1524 4458 occurreres
1561 4397 1678 4451 viro
1703 4410 1773 4449 ex

184 4512 401 4566 theatro
439 4505 711 4572 venienti,
738 4513 794 4558 et
815 4502 906 4557 alii
938 4499 1169 4569 cuipiam
1202 4512 1232 4551 e
1268 4508 1487 4549 carcere
1513 4490 1727 4546 exeunti
1763 4505 1775 4540 :

184 4603 514 4670 videresque
562 4597 704 4652 illius
751 4595 982 4648 animam
1029 4589 1424 4651 fastidientem,
1467 4583 1777 4646 turbatam,

185 4709 312 4748 vere
335 4694 608 4753 vinctam;
634 4688 793 4754 hujus
812 4699 940 4740 vero
961 4683 1216 4753 quietam,
1245 4678 1472 4733 solutam
1495 4716 1509 4738 ,
1533 4674 1777 4728 liberam.

187 4787 280 4841 llle
313 4797 548 4852 namque
581 4795 646 4835 ex
692 4778 902 4832 theatro
929 4773 1164 4836 recedit,
1195 4770 1364 4824 oculis
1391 4777 1578 4836 captus
1624 4764 1780 4818 thea-

187 4879 402 4934 tralium
443 4889 633 4930 amore
672 4871 993 4932 mulierum,
1043 4865 1188 4919 ferro
1217 4861 1523 4917 durioribus
1551 4855 1780 4910 vinculis

185 4969 518 5026 constrictus
541 5008 558 5032 ,
593 4965 643 5020 id
694 4973 810 5028 est,
856 4961 990 5015 locis
1034 4958 1199 5029 ipsis,
1242 4955 1457 5018 verbis,
1495 4950 1734 5023 gestibus
1765 4964 1780 5000 :

187 5063 275 5132 qui
306 5069 490 5115 autem
519 5071 550 5112 e
571 5069 790 5111 carcere
819 5052 928 5107 exit
947 5091 963 5117 ,
993 5049 1242 5102 omnibus
1270 5045 1477 5101 solutus
1498 5084 1512 5104 ,
1544 5055 1648 5095 non
1672 5039 1782 5108 jam

187 5172 245 5213 se
277 5163 430 5226 putat
457 5149 732 5222 quidpiam
767 5147 871 5218 pati
892 5186 907 5212 ,
940 5159 1035 5200 sua
1071 5158 1191 5198 cum
1219 5140 1410 5194 alienis
1439 5149 1779 5204 comparans.

186 5247 342 5320 Quod
383 5262 492 5302 non
534 5244 746 5298 vinctus
791 5241 893 5306 sit,
941 5239 995 5293 id
1042 5253 1140 5308 pro
1181 5235 1352 5306 gratia
1400 5231 1653 5294 habebit,
1700 5243 1786 5282 res

193 5340 456 5398 humanas
481 5335 780 5406 deSpiciet,
811 5333 1008 5388 divites
1036 5330 1232 5384 multos
1263 5327 1451 5382 videns
1478 5326 1532 5379 in
1562 5321 1787 5377 calami-

193 5435 430 5499 tatibus,
463 5433 556 5504 qui
601 5445 723 5485 cum
771 5427 938 5483 multa
985 5437 1282 5495 magnaque
1332 5420 1573 5492 possint,
1631 5415 1786 5470 isthic

191 5527 422 5600 ligantur
447 5545 461 5581 :
493 5523 703 5581 etiamsi
731 5521 857 5594 quid
888 5519 1085 5591 injuste
1111 5517 1377 5589 patiatur,
1409 5512 1461 5569 id
1491 5511 1740 5568 tolerabit
1769 5526 1783 5564 :

1129 411 1195 467 IN
1232 405 1411 465 ACTA
1451 387 1980 457 APOSTOLORUM.
2023 387 2255 445 HOMIL.
2298 385 2460 444 Χιει.

3370 374 3485 436 δεῖ,

1864 504 2087 575 hujusce
2114 517 2344 576 namque
2373 503 2451 557 rei
2483 499 2650 557 multa
2677 499 2840 554 habet
2873 495 3120 565 exempla
3148 512 3162 550 :
3195 497 3458 549 memoria

1869 604 2082 667 repetet
2107 595 2342 650 futurum
2367 590 2631 664 judicium
2653 632 2669 656 ,
2705 600 2761 647 et
2799 588 3154 645 exborrescet
3174 628 3188 650 ,
3216 587 3343 641 dum
3381 586 3469 638 illa

1870 689 1985 743 loca
2030 686 2303 756 respiciet.
2348 684 2499 739 Sicut
2532 683 2676 738 enim
2711 679 2799 735 hic
2843 681 2897 733 in
2933 693 3151 733 carcere
3196 676 3472 734 inclusus.

1870 778 2017 833 mitis
2044 791 2171 848 erga
2199 791 2391 831 omnes
2415 782 2535 829 est:
2565 774 2646 828 sie
2675 780 2731 827 et
2755 771 2832 826 illi
2862 781 2989 824 ante
3014 768 3275 838 judicium
3301 807 3318 833 ,
3347 776 3473 820 ante

1869 869 2104 924 futuram
2157 868 2306 924 illam
2338 867 2481 922 diem
2503 907 2516 929 ,
2545 880 2673 935 erga
2701 878 2926 917 uxorem
2945 903 2960 926 ,
2989 876 3115 932 erga
3143 859 3312 926 ﬁlios,
3345 874 3470 928 erga

1871 961 2198 1016 domesticos
2228 967 2389 1022 erunt
2433 955 2851 1012 mansuetiores.
2881 952 2988 1009 Sed
3029 968 3058 1005 a
3108 951 3322 1005 theatro
3362 965 3471 1003 non

1871 1053 1949 1108 sic
1979 1060 2363 1116 revertuntur;
2392 1048 2486 1105 sed
2511 1050 2594 1104 vir
2621 1045 2966 1118 injucundius
2990 1043 3192 1100 videbit
3219 1056 3470 1105 uxorem,

1871 1146 2037 1202 dorus
2064 1147 2167 1201 erit
2189 1159 2314 1216 erga
2337 1142 2667 1200 domesticos
2687 1183 2701 1208 ,
2729 1155 2854 1218 erga
2881 1139 3021 1194 ﬁlios
3051 1152 3213 1207 asper
3232 1177 3249 1204 ,
3281 1134 3475 1192 effera-

1871 1239 2017 1294 bitur
2043 1239 2303 1295 adversus
2344 1253 2555 1295 onmes.
2589 1236 2782 1305 Magna
2815 1235 2952 1289 mala
2978 1231 3287 1289 civitatibus
3316 1229 3472 1285 thea-

1873 1341 1953 1385 tra
1985 1333 2233 1400 pariunt;
2281 1344 2473 1400 magna
2495 1371 2509 1390 .
2545 1344 2648 1383 nec
2689 1328 2904 1381 ‘scitnus
2933 1332 3156 1395 quanta.
3207 1323 3263 1380 Si
3291 1331 3468 1378 autem

1873 1437 1981 1476 non
2016 1420 2313 1491 fatigamini
2336 1461 2352 1487 ,
2379 1419 2755 1475 examinemus
2802 1417 2891 1472 illa
2923 1416 3066 1470 risus
3093 1415 3211 1469 loca
3236 1453 3252 1478 ,
3283 1414 3467 1468 convi-

1871 1516 1956 1570 via
1989 1515 2110 1570 dico
2134 1557 2150 1583 ,
2180 1515 2272 1570 ubi
2299 1509 2518 1583 parasiti
2555 1522 2611 1568 et
2638 1511 2953 1566 adulatores
2983 1517 3039 1564 et
3075 1523 3288 1579 magna:
3332 1506 3476 1562 deli-

1872 1607 1970 1661 cia:
1993 1623 2007 1673 ;
2031 1616 2086 1662 ct
2113 1607 2229 1662 loca
2258 1605 2362 1659 alia
2382 1645 2399 1672 ,
2424 1605 2514 1660 ubi
2546 1604 2723 1659 claudi
2751 1613 2806 1657 et
2831 1601 3026 1656 mutili.
3058 1601 3173 1656 Illic
3200 1600 3469 1662 ebrietas,

1871 1699 2082 1754 delicim
2102 1740 2117 1758 .
2162 1698 2390 1763 eil'usio;
2423 1695 2512 1750 hic
2538 1709 2666 1750 vero
2695 1694 2989 1748 contraria.
3023 1691 3161 1747 Vide
3190 1700 3246 1746 et
3274 1691 3325 1745 in
3355 1706 3477 1744 cor.

1874 1804 2006 1860 pore
2026 1831 2042 1856 ,
2071 1789 2288 1860 quando
2337 1789 2534 1858 pingue
2571 1799 2627 1842 et
2655 1795 2905 1858 vegetum
2936 1795 3015 1840 εει
3044 1825 3060 1852 ,
3092 1795 3219 1839 tunc
3248 1783 3477 1838 celerius

1873 1883 1927 1938 in
1970 1882 2214 1935 morbum
2259 1879 2434 1945 cadit;
2483 1894 2606 1934 cum
2653 1892 2783 1933 vero
2825 1877 3144 1947 castigatum
3192 1883 3311 1937 est,
3367 1889 3474 1926 non

1874 1973 2023 2027 item.
2052 1971 2123 2028 Ut
2151 1981 2328 2026 autem
2361 1971 2411 2024 id
2438 1971 2590 2025 vobis
2618 1969 2816 2024 clarius
2841 1969 3107 2037 explicem
3135 2007 3154 2033 ,
3185 1965 3254 2020 sit
3280 1981 3482 2036 corpus

1874 2065 2136 2135 sanguine
2186 2073 2241 2118 et
2284 2062 2538 2117 carnibus
2583 2061 2720 2116 bene
2767 2061 3088 2114 instructum
3135 2071 3197 2110 ac
3241 2058 3473 2126 vigens:

1874 2158 1976 2212 hoc
2005 2157 2090 2212 vel
2133 2173 2200 2211 ex
2228 2155 2335 2210 levi
2380 2155 2502 2210 cibo
2533 2153 2734 2223 peterit
2779 2152 2831 2206 in
2876 2149 3069 2205 febrim
3118 2148 3397 2223 incidere,
3430 2149 3475 2201 si

1873 2249 2089 2322 quidem
2115 2250 2169 2303 in
2194 2248 2304 2301 otio
2326 2247 2415 2301 sit.
2451 2221 2608 2301 Sitvet
2637 2242 2781 2297 aliud
2805 2285 2819 2308 ,
2849 2240 2991 2313 quod
3020 2255 3141 2295 cum
3173 2239 3316 2293 fame
3341 2221 3474 2292 con-

1873 2351 2045 2397 certet
2088 2349 2145 2395 et
2193 2338 2487 2393 utrumuis:
2536 2333 2667 2390 illud
2718 2333 2788 2388 ab
2831 2330 3154 2402 a‘gritudine
3203 2328 3478 2385 difﬁcilius

1873 2436 2085 2505 Capitur
2111 2441 2167 2488 et
2196 2439 2505 2502 superatur.
2531 2426 2761 2497 Sanguis
2787 2425 2912 2480 licet
2937 2437 3104 2478 sanus
3131 2424 3200 2476 sit
3220 2423 3273 2476 in
3298 2419 3474 2482 nobis,

1874 2542 1940 2583 ex
1970 2525 2325 2581 redundantia
2375 2536 2521 2592 saepe
2563 2521 2785 2574 morbos
2817 2517 3058 2588 peperit;
3099 2515 3146 2570 si
3192 2524 3371 2568 autem
3407 2516 3479 2567 sit

1874 2619 2120 2676 modicus
2141 2661 2156 2686 ,
2188 2632 2290 2673 nec
2319 2625 2501 2670 tamen
2531 2626 2717 2676 sanus,
2752 2610 2908 2664 facile
2937 2606 3118 2664 curari
3149 2615 3349 2676 potest.
3388 2605 3479 2660 Sic

1875 2723 1931 2769 et
1974 2711 2042 2766 de
2089 2710 2265 2763 anima
2297 2705 2621 2762 dicendum:
2657 2717 2776 2774 quze
2824 2702 2875 2756 in
2923 2699 3035 2754 otio
3083 2707 3137 2753 et
3185 2697 3238 2750 in
3269 2695 3479 2750 deliciis

1875 2815 1990 2868 cst,
2038 2802 2105 2857 ad
2153 2808 2372 2871 peccata
2419 2797 2676 2870 proclivis
2723 2794 2938 2858 fertur:
2985 2805 3110 2845 nam
3156 2789 3479 2859 arrogantia:

1875 2899 2052 2953 vicina
2108 2907 2226 2962 est,
2272 2894 2572 2963 voluptati,
2621 2905 2774 2945 vana:
2828 2888 3054 2960 gloriae,
3085 2885 3341 2950 invidiae,
3392 2882 3478 2937 in-

1875 2991 2029 3046 sidiis
2051 3033 2066 3055 ,
2099 2987 2468 3061 sycophantiis
2501 3004 2513 3039 :
2547 2993 2602 3039 at
2629 2998 2737 3037 non
2765 2996 2862 3044 ea,
2898 2995 3019 3050 qua:
3045 2979 3098 3033 in
3142 2976 3402 3033 arumnis
3426 2985 3483 3031 et

1877 3085 2184 3157 frugalitate
2208 3081 2388 3152 degit;
2413 3079 2530 3135 haec
2555 3077 2700 3133 enim
2729 3075 2797 3129 ab
2822 3075 2886 3129 iis
2916 3073 3167 3128 omnibus
3195 3070 3482 3125 liberatur.

1879 3178 1959 3232 En
2004 3189 2166 3246 quam
2209 3172 2387 3244 ampla
2418 3180 2503 3225 est
2530 3177 2714 3225 nostra
2754 3167 2964 3221 civitas.
2998 3163 3152 3220 Unde
3196 3162 3356 3232 igitur
3384 3174 3482 3213 na-

1879 3278 2106 3324 scuntur
2135 3266 2272 3321 mala
2295 3265 2319 3318 ‘I
2368 3277 2550 3318 nonne
2578 3275 2609 3315 a
2636 3256 2932 3314 divitibus?
2959 3269 3149 3310 annon
3173 3269 3203 3308 a
3235 3251 3479 3322 gauden-

1879 3363 2063 3418 tibus?
2093 3361 2324 3429 Quinam
2355 3356 2422 3412 ad
2447 3353 2736 3411 tribunalia
2767 3350 3026 3415 trahunt,
3061 3348 3280 3418 quinam
3307 3342 3478 3398 facul-

1882 3466 2019 3511 tates
2063 3449 2407 3522 dilapidant?
2457 3464 2527 3502 an
2568 3445 2754 3501 miseri
2782 3453 2838 3499 et
2882 3440 3116 3513 abjecti,
3166 3453 3236 3492 an
3267 3436 3342 3491 illi
3389 3436 3484 3503 qui

1881 3549 2106 3604 multum
2138 3544 2394 3600 inﬂantur
2423 3549 2479 3596 et
2501 3536 2775 3611 gaudent?
2817 3535 2899 3590 Ab
2928 3534 3107 3588 anima
3140 3531 3190 3584 in
3223 3529 3480 3584 mrumnis

1880 3649 2134 3695 versante
2161 3652 2267 3691 non
2296 3640 2476 3705 potest
2499 3628 2699 3700 aliquid
2732 3627 2854 3681 ntali
2886 3624 3041 3680 oriri.
3094 3622 3244 3676 illius
3271 3620 3483 3672 lucrum

1882 3731 2035 3786 novit
2086 3728 2320 3792 Paulus;
2367 3723 2601 3794 ideoque
2629 3720 2801 3775 dicit:
2843 3714 3131 3770 Tribulatio
3186 3712 3487 3783 patientiam

1882 3833 2155 3897 operatur,
2188 3819 2435 3891 patientia
2467 3814 2818 3888 probationem
2845 3851 2859 3874 ,
2894 3807 3126 3879 probatio
3155 3820 3274 3859 vero
3302 3819 3443 3870 spem
3467 3842 3482 3864 ,

1882 3894 1996 3988 spes
2024 3924 2195 3968 autem
2222 3928 2323 3966 non
2351 3906 2618 3980 confundit
2664 3906 2682 3975 (
2716 3902 2868 3956 Rom.
2901 3900 2954 3956 5.
2984 3901 3061 3954 5-
3081 3897 3114 3952 5
3147 3895 3191 3968 ).
3233 3894 3313 3950 Ne
3359 3907 3487 3962 ergo

1883 4007 2233 4064 concidamus
2281 4004 2336 4057 in
2383 4001 2671 4064 aerumnis,
2722 3993 2817 4049 sed
2863 3994 2918 4046 in
2947 3989 3215 4050 omnibus
3283 3985 3486 4057 gratias

1884 4091 2142 4170 agamus,
2192 4107 2250 4151 ut
2306 4094 2535 4150 multum
2584 4091 2896 4152 lucremur;
2957 4093 3016 4139 ut
3059 4079 3272 4153 probati
3319 4078 3490 4131 simus

1884 4166 2025 4262 apud
2056 4190 2224 4246 Deum
2245 4228 2259 4251 ,
2281 4187 2370 4257 qui
2398 4196 2670 4239 aerumnas
2701 4174 2982 4249 permittit.
3010 4173 3260 4243 Magnum
3298 4176 3381 4224 est
3400 4166 3484 4220 af-

1885 4283 2052 4339 ﬂictio
2077 4282 2276 4337 bonum
2305 4297 2318 4332 :
2346 4285 2402 4333 et
2429 4278 2531 4332 hoc
2556 4289 2586 4328 a
2612 4271 2796 4345 pueris
2817 4267 3018 4326 nostris
3045 4264 3342 4325 discimus;
3369 4273 3490 4312 nam

1886 4376 2007 4430 sine
2043 4371 2393 4442 castigatione
2423 4366 2557 4422 nihil
2583 4365 2716 4419 utile
2743 4375 2878 4432 puer
2900 4356 3172 4413 didicerit.
3218 4351 3329 4408 Nos
3361 4365 3491 4403 vero

1886 4466 2060 4536 magis
2081 4479 2240 4533 quam
2269 4461 2345 4515 illi
2375 4457 2668 4513 afﬂictione
2688 4467 2828 4524 opus
2848 4451 3130 4506 habemus.
3159 4446 3294 4500 Nam
3317 4443 3364 4496 si
3393 4442 3489 4506 illi,

1887 4573 2010 4613 eum
2042 4555 2206 4609 animi
2247 4559 2425 4607 motus
2453 4546 2626 4604 sedati
2656 4551 2783 4600 sunt
2802 4584 2817 4609 ,
2847 4541 3044 4596 ﬂorent
3069 4554 3085 4603 ;
3119 4535 3293 4590 multo
3317 4531 3491 4600 magis

1890 4665 1990 4706 nos
2018 4691 2034 4718 ,
2067 4663 2190 4703 cum
2232 4643 2468 4700 maxime
2519 4647 2599 4694 tot
2648 4635 2918 4704 tantisque
2962 4630 3325 4686 detineamur.
3388 4622 3494 4678 Sed

1887 4756 1990 4798 nos
2017 4740 2186 4809 magis
2234 4733 2540 4808 pmdagogis
2565 4743 2788 4801 egemus
2815 4744 2828 4780 :
2856 4735 3146 4794 puerorum
3176 4718 3319 4773 enim
3364 4730 3484 4784 pec-

1889 4845 2008 4890 cata
2056 4848 2163 4886 non
2210 4838 2355 4884 tanta
2397 4832 2554 4890 sunt,
2587 4829 2772 4877 nostra
2812 4829 2944 4871 vero
2977 4821 3195 4885 peccata
3233 4808 3491 4862 maxima.

1891 4924 2220 4992 Pmdagogus
2251 4926 2435 4973 noster
2475 4924 2558 4970 est
2605 4909 2844 4967 afﬂictio.
2881 4906 2961 4961 Ne
2989 4906 3170 4974 itaque
3212 4902 3360 4955 illam
3407 4907 3489 4951 at-

1893 5015 2169 5070 trahamus
2191 5052 2207 5077 ,
2233 5019 2286 5065 et
2316 5015 2638 5079 praesentem
2664 5000 2874 5056 fortiter
2898 4997 3139 5052 feramus
3160 5033 3176 5060 ,
3201 5006 3321 5062 qua:
3345 5004 3492 5044 sem-

1891 5125 1988 5180 pcr
2031 5114 2115 5161 est
2153 5105 2558 5159 innumerorum
2610 5109 2771 5149 causa
2827 5091 3135 5150 bonorum;
3185 5091 3247 5138 ut
3293 5090 3349 5136 et
3400 5079 3495 5135 Dei

1892 5199 2064 5268 gratia
2097 5195 2338 5249 fruamur
2358 5232 2374 5259 ,
2402 5200 2457 5244 et
2500 5186 2657 5242 bonis
2687 5199 2808 5254 qua:
2839 5179 3072 5247 reposita
3115 5183 3242 5230 sunt
3271 5173 3370 5238 iis,
3403 5169 3497 5240 qui

1894 5265 2122 5360 diligunt
2152 5287 2304 5341 illum
2327 5326 2343 5350 ,
2373 5284 2424 5338 in
2453 5281 2674 5336 Christo
2701 5276 2828 5331 Jesu
2861 5273 3090 5327 Domino
3118 5276 3306 5323 nostro
3328 5307 3343 5331 ,
3374 5265 3497 5331 qui-

1894 5397 2021 5436 cum
2077 5378 2226 5433 Patri
2277 5384 2332 5430 et
2380 5371 2606 5444 Spiritui
2659 5378 2885 5430 sancto,
2929 5363 3140 5433 gloria,
3174 5357 3497 5427 imperium,

1899 5474 2073 5527 honor
2100 5513 2116 5532 ,
2149 5487 2292 5524 nunc
2326 5476 2384 5523 et
2420 5480 2670 5537 semper,
2713 5471 2770 5517 et
2815 5460 2866 5513 in
2911 5456 3108 5512 sa-cula
3152 5451 3498 5507 seculorum.

1896 5565 2088 5622 Anien.
