4072 6410
605 433 712 499 305

613 559 1147 582 mw

1154 555 1425 572 Μ

1337 422 1394 475 s.
1432 418 1708 476 JO.\!\'.\'IS
1743 413 2212 471 cnnvsosroui
2253 412 2568 469 ARCIIIEP.
2610 415 3137 472 CONSTANTINOP.
3772 422 3894 478 3M

1440 545 3870 569 Mm

1940 620 2291 682 HOMILIA
2334 620 2557 682 XLIII.

607 772 732 828 Car.
757 767 848 824 20.
879 783 932 822 ν.
963 767 1017 822 I.
1060 763 1332 831 Postquam
1359 766 1524 809 autem
1554 752 1764 806 cessarit
1792 747 2062 811 tumultus,
2092 761 2180 799 ro-

674 860 800 916 catis
829 858 1027 913 Paulus
1056 852 1321 923 discipulis
1362 849 1521 916 iisque
1546 844 1797 907 salutatis,
1833 840 2087 911 profectus
2112 846 2185 892 est

675 964 730 1006 ut
760 954 850 1006 iret
870 951 922 1003 in
956 945 1331 1002 Macedoniam.

677 1046 730 1099 l.
771 1042 929 1097 Multa
971 1054 1105 1108 opus
1143 1044 1256 1089 erat
1290 1028 1659 1086 consolatione
1700 1034 1818 1095 post
1856 1032 2057 1076 tantum
2103 1030 2186 1074 tu-

611 1138 851 1190 multum.
895 1133 1003 1185 lloc
1035 1129 1121 1183 ille
1149 1134 1332 1188 curat,
1364 1135 1417 1178 et
1448 1131 1505 1175 ut
1533 1119 1825 1189 discipulos
1857 1115 2184 1177 consoletur,

610 1231 798 1298 migrat
826 1226 881 1279 in
906 1219 1266 1277 Macedoniam
1291 1256 1307 1283 ,
1341 1212 1537 1269 deinde
1565 1215 1617 1267 in
1644 1210 1921 1265 Grasciam.
1952 1206 2020 1260 Et
2046 1203 2184 1275 quod

607 1320 827 1374 multum
868 1315 986 1369 illos
1024 1311 1327 1365 conSolatus
1352 1306 1443 1372 sit,
1466 1304 1609 1358 audi.
1639 1304 1694 1357 2.
1727 1300 1850 1355 Cum
1876 1309 2041 1352 autem
2068 1314 2186 1364 per-

605 1411 908 1464 ambulasset
936 1414 1104 1477 partes
1130 1402 1267 1467 illas,
1296 1410 1343 1454 et
1373 1399 1665 1453 exhortatus
1697 1396 1869 1463 fuisset
1905 1408 1987 1444 eos
2028 1393 2187 1441 multo

604 1518 851 1562 sermone,
878 1499 1015 1553 venit
1048 1498 1102 1550 in
1131 1493 1401 1548 Gratiam.
1435 1491 1488 1544 '5.
1517 1488 1582 1541 Et
1607 1504 1720 1540 cum
1748 1486 1814 1538 ibi
1845 1486 2022 1553 fuisset
2049 1499 2188 1534 men-

605 1595 742 1648 sibus
773 1591 960 1654 tribus,
1002 1605 1114 1643 cum
1155 1594 1316 1640 essent
1344 1583 1424 1635 illi
1456 1590 1660 1634 structa
1701 1578 1902 1630 insidia:
1927 1593 1957 1627 a
1991 1574 2187 1628 Juda'is

597 1687 903 1754 mtuigaturo
940 1683 990 1734 in
1027 1678 1266 1749 Syriam,
1297 1672 1570 1727 consilium
1609 1671 1750 1732 iniit,
1781 1679 1834 1720 ut
1865 1676 2189 1720 reverteretur

609 1794 695 1844 per
724 1772 1099 1826 Macedoniam.
1128 1768 1181 1821 4.
1211 1765 1488 1820 Comitatus
1518 1774 1590 1816 est
1620 1771 1787 1815 autem
1818 1777 1932 1813 eum
1956 1774 2109 1824 usque
2136 1756 2189 1808 in

606 1869 777 1921 Asiam
804 1866 1025 1931 Sopater
1051 1860 1350 1920 Berazensis,
1382 1857 1911 1911 Thessalonicensium
1937 1870 2049 1905 vero
2069 1851 2187 1902 Ari-

606 1960 755 2011 stare
779 1974 833 2010 us
874 1967 919 2009 et
959 1938 1226 2009 Secundus
1262 1961 1308 2004 et
1339 1948 1501 2018 Gajus
1531 1949 1769 2001 Derbteus
1795 1956 1842 1999 et
1872 1943 2184 2005 Timotheus,

607 2052 783 2107 Asiani
813 2065 926 2102 vero
960 2046 1211 2116 Tycl-icus
1236 2052 1281 2096 et
1308 2040 1638 2107 Trophiums.
1750 2037 1819 2089 Ili
1844 2054 1954 2090 cum
1978 2050 2189 2103 pra’ces-

604 2145 806 2205 sissent,
829 2157 919 2192 nos
960 2142 1311 2203 exspectaram
1339 2134 1390 2185 in
1418 2130 1634 2184 Troade.
1668 2130 1869 2183 Rursus
1894 2142 2188 2197 persequu-

600 2236 803 2287 tione.1
852 2232 1047 2301 patitur
1090 2245 1117 2281 a
1165 2226 1402 2291 Judmis,
1434 2234 1484 2279 et
1530 2224 1678 2277 venit
1707 2223 1758 2275 in
1802 2219 2186 2274 Macedoniam.

607 2323 886 2392 Quomodo
922 2333 1100 2376 autem
1139 2318 1483 2374 Timotheum
1528 2314 2062 2370 Thessalonicensem
2104 2309 2188 2373 di-

607 2418 722 2470 cit?
755 2416 868 2470 Non
903 2414 1005 2467 hoc
1029 2413 1158 2466 dicit
1189 2427 1204 2475 ;
1238 2410 1355 2474 sed,
1383 2409 1469 2472 Ili,
1500 2407 1689 2476 inquit,
1721 2411 2112 2474 prmcesserunt
2138 2401 2189 2453 in

568 2564 570 2567 ,
612 2506 911 2569 Troadem,
972 2505 1109 2557 viam
1140 2502 1216 2555 illi
1243 2508 1512 2569 parantes.
1550 2498 1601 2551 6.
1642 2494 1755 2548 Nos
1787 2510 1901 2546 vero
1928 2492 2187 2563 navigavi-

610 2616 722 2652 mus
758 2608 867 2667 post
909 2596 1017 2649 dies
1058 2594 1362 2664 Azymorum
1400 2606 1432 2643 a
1464 2588 1755 2658 Philippis,
1797 2595 1845 2639 et
1872 2586 2095 2639 venimus
2124 2584 2193 2636 ad

608 2710 691 2746 eos
731 2690 984 2744 Troadem
1026 2689 1081 2741 in
1118 2686 1291 2739 diebus
1324 2686 1542 2755 quinque
1563 2724 1577 2746 ,
1619 2679 1703 2734 ubi
1736 2679 1985 2733 demorati
2020 2694 2193 2732 sumus

609 2783 781 2835 diebus
826 2790 1035 2847 septem.
1084 2777 1213 2831 Nam
1261 2776 1471 2829 videtur
1510 2773 1639 2827 mihi
1680 2772 1830 2825 illum
1871 2769 1987 2824 dies
2030 2768 2194 2824 festos

612 2870 906 2939 trans'gere
933 2867 1203 2921 curavisse
1243 2866 1296 2920 in
1330 2863 1536 2934 magnis
1572 2861 1815 2917 urbibus.
1860 2861 1901 2913 A
1933 2858 2194 2929 Philippis

609 2964 839 3033 navigat.
865 2961 953 3015 ubi
975 2976 1062 3016 res
1086 2959 1172 3014 illa
1202 2959 1343 3013 circa
1363 2970 1635 3011 carcerem
1661 2952 1981 3022 contigerat.
2010 2950 2190 3006 Tertia

609 3066 787 3109 autem
815 3052 936 3107 vice
965 3052 1016 3105 in
1047 3049 1412 3105 Macedoniam
1457 3046 1636 3112 venit,
1667 3054 1720 3099 et
1747 3044 1973 3098 multum
2005 3042 2193 3097 testifi-

608 3154 761 3199 catur
798 3142 869 3199 de
910 3138 1392 3210 Philippensibus;
1437 3135 1665 3206 ideoque
1711 3133 1820 3189 illic
1864 3132 2193 3189 demoratur.

608 3239 665 3293 Ἰ.
698 3235 818 3292 Una
842 3244 1010 3289 autem
1032 3234 1376 3297 sabbatorum,
1399 3246 1516 3284 cum
1536 3228 1942 3283 convenissemus
1965 3225 2035 3279 ad
2055 3227 2199 3296 fran-

610 3328 830 3398 gendum
866 3343 1069 3398 panem,
1100 3324 1296 3378 Paulus
1338 3321 1630 3391 disputabat
1686 3337 1803 3374 cum
1836 3320 1906 3373 eis
1934 3324 2195 3390 profectu-

610 3438 699 3476 rus
725 3438 747 3485 ς
772 3420 1121 3491 protraxitque
1150 3432 1430 3471 sermonem
1454 3430 1613 3484 usque
1648 3413 1700 3467 in
1726 3412 1947 3466 mediam
1978 3424 2195 3465 noctem.

614 3511 749 3564 Vide
788 3509 1059 3579 quonion
1094 3507 1272 3561 omnia
1318 3504 1768 3576 posthaberentur
1798 3502 2189 3573 praedicationi.

613 3602 928 3657 Pentecoste
964 3608 1091 3653 tunc
1137 3608 1286 3663 erat,
1319 3606 1375 3652 et
1420 3596 1536 3651 dies
1587 3594 1907 3658 Dominica;
1952 3594 2043 3648 ille
2070 3608 2198 3649 vero

612 3708 780 3762 usque
806 3692 871 3746 ad
894 3691 1065 3746 noctis
1084 3689 1363 3744 dimidium
1390 3702 1695 3743 sermonem
1725 3686 1988 3757 protraxit
2012 3702 2027 3751 ;
2061 3686 2198 3741 adeo

615 3785 996 3852 discipulorum
1032 3783 1261 3837 Salutem
1291 3780 1566 3849 cupiebat,
1602 3790 1659 3834 ut
1695 3794 1763 3834 ne
1793 3789 1954 3833 noctu
1981 3778 2197 3849 quidem

618 3887 817 3930 taceret
842 3892 855 3935 ς
887 3874 996 3929 iuno
1027 3884 1150 3928 tunc
1186 3873 1353 3940 magis
1380 3873 1693 3937 dissereret,
1726 3872 1867 3941 quod
1894 3873 2047 3943 quies
2076 3882 2200 3927 tunc

615 3977 784 4023 esset.
807 3967 933 4022 Vide
950 3982 1106 4037 quam
1130 3967 1351 4019 multum
1372 3965 1684 4031 dissereret,
1703 3965 1863 4019 etiam
1886 3974 2007 4034 post
2029 3964 2199 4035 ipsum

616 4075 785 4115 emine
813 4070 1039 4128 tempus.
1069 4057 1172 4113 Sed
1204 4058 1398 4112 festum
1440 4057 1673 4112 turbavit
1698 4056 1960 4122 diabolus,
1989 4072 2087 4111 nec
2118 4068 2199 4111 ta-

618 4167 738 4204 men
770 4151 1067 4219 prtevaluit,
1101 4165 1221 4203 cum
1254 4148 1549 4203 auditorem
1584 4148 1639 4203 iu
1665 4161 1915 4201 somnum
1941 4147 2201 4203 demersit

618 4253 673 4297 et
697 4242 891 4310 deiecit
924 4262 936 4296 :
970 4241 1111 4313 quod
1136 4252 1192 4297 ut
1216 4242 1519 4312 contigerit,
1543 4241 1620 4297 sic
1646 4250 1860 4296 enarrat
1887 4240 2160 4312 pergendo
2184 4260 2198 4295 :

620 4335 671 4389 8.
711 4333 873 4387 Erant
895 4346 1061 4387 autem
1078 4335 1339 4404 lampades
1358 4334 1574 4402 σονίοειε
1596 4335 1645 4387 in
1670 4332 1946 4398 caenaculo,
1983 4332 2067 4386 ubi
2091 4350 2203 4386 era-

620 4443 731 4478 mus
756 4428 1066 4495 congregati.
1090 4426 1143 4480 9.
1170 4424 1363 4479 Sedens
1383 4436 1551 4477 autem
1570 4425 1776 4494 quidam
1796 4425 2087 4478 adolescens
2114 4441 2205 4476 no-

621 4520 753 4572 utine
779 4517 1042 4588 Eutychus
1071 4534 1221 4587 super
1247 4519 1536 4585 fenestram,
1559 4534 1672 4570 cum
1701 4526 2007 4585 mergeretur
2029 4532 2203 4569 somno

621 4613 794 4684 gravi,
827 4612 1113 4681 disputante
1149 4611 1237 4663 diu
1270 4609 1469 4675 Paulo,
1508 4609 1687 4661 ductus
1726 4625 1899 4661 somno
1940 4609 2116 4661 cecidit
2145 4612 2206 4661 de

625 4705 767 4759 tertio
798 4703 1053 4757 cwnaculo
1084 4702 1315 4755 deorsum
1334 4743 1350 4767 ,
1381 4711 1429 4753 et
1458 4701 1683 4753 sublatus
1727 4710 1799 4752 cst
1834 4710 2079 4752 mortuus.
2114 4700 2201 4753 10.

624 4796 752 4848 Cum
781 4796 1109 4848 descendisset
1143 4794 1356 4858 Paulus,
1388 4795 1611 4847 incubuit
1638 4811 1790 4860 super
1821 4811 1931 4846 eum
1952 4834 1967 4857 ,
1997 4804 2043 4846 et
2070 4810 2207 4847 com-

626 4888 801 4959 pletus
832 4886 957 4938 dixit
988 4902 1005 4939 :
1047 4884 1217 4937 Nolite
1245 4886 1433 4937 ttn'bari
1456 4903 1471 4949 ;
1502 4888 1671 4937 anima
1700 4886 1830 4937 enim
1865 4886 1975 4954 ejus
2012 4886 2064 4937 in
2094 4885 2211 4952 ipso

623 4988 716 5032 est.
740 4977 761 5031 i
780 4977 825 5037 ι.
850 4976 1132 5029 Ascendens
1152 4984 1337 5040 autem,
1362 4980 1691 5046 frangensque
1712 4993 1891 5045 panem
1909 4988 1954 5029 et
1970 4987 2205 5046 gustaris,

623 5072 843 5139 satisque
880 5068 1166 5137 alloquutus
1198 5086 1354 5138 usque
1395 5070 1447 5121 in
1488 5070 1675 5133 lucem,
1720 5071 1791 5122 sic
1828 5073 2081 5139 profectus
2110 5082 2209 5127 est.

626 5162 714 5216 1⁸2.
745 5160 1082 5215 Adduxerunt
1115 5172 1280 5213 autent
1314 5179 1524 5231 puerum
1560 5163 1802 5215 viventem
1823 5203 1838 5227 ,
1870 5173 1917 5214 et
1960 5164 2207 5215 consolati

626 5263 739 5307 sunt
766 5271 865 5307 non
889 5252 1497 5323 minime.Vitle,qu:cso,
1522 5253 1809 5319 theatrum,
1839 5262 1896 5307 ut
1922 5264 2072 5308 erant
2102 5270 2209 5308 una

627 5343 1188 5413 coactizCongregatis
1211 5344 1348 5397 enim
1376 5344 1667 5414 discipulis,
1714 5345 1917 5414 inquit;
1939 5347 2212 5417 etiamque

632 5436 838 5503 signum
888 5438 1042 5505 quale
1082 5436 1236 5489 fuerit
1275 5438 1657 5505 perpendezin
1706 5440 1934 5492 fenestra
1979 5456 2214 5509 namque

630 5526 887 5590 sedebat,
921 5528 1123 5596 inquit,
1155 5537 1208 5580 ct
1252 5528 1563 5597 intempesta
1608 5541 1785 5587 nocte.
1818 5531 2047 5587 Tantum
2092 5545 2209 5588 erat

630 5617 931 5673 auditorum
967 5619 1310 5673 desiderium.
1346 5620 1731 5674 Erultescamus
1763 5636 1893 5687 nos,
1920 5625 2006 5692 qui
2036 5639 2213 5692 neque

633 5708 683 5760 in
712 5707 801 5761 die
828 5706 931 5761 hoc
959 5706 1200 5763 iacimus.
1234 5708 1338 5761 Sed
1370 5708 1582 5773 Paulus,
1618 5712 1842 5781 inqmes,
1878 5725 2004 5767 tum.
2032 5714 2206 5770 disse-

630 5801 800 5855 rebat.
828 5798 964 5866 Quid
992 5799 1325 5854 dicis'tNunc
1354 5816 1561 5871 quoque
1590 5803 1783 5857 Paulus
1813 5804 2065 5870 disserit,
2100 5808 2208 5860 imo

632 5908 755 5947 vero
782 5908 951 5965 neque
980 5903 1103 5947 tunc
1128 5907 1297 5964 neque
1336 5910 1477 5951 nunc
1506 5896 1716 5964 Paulus,
1747 5896 1839 5953 scd
1861 5898 2123 5966 Christus,
2157 5910 2208 5953 et

2292 761 2449 801 nemo
2482 745 2647 802 audit.
2681 744 2797 803 Non
2825 749 3065 807 fenestra
3096 768 3237 808 nunc
3263 764 3365 822 est,
3398 770 3502 810 non
3545 756 3732 824 fames,
3772 774 3899 811 non

2288 853 2506 893 somnus
2546 839 2907 908 interturbat;
2954 854 3005 899 et
3056 854 3233 901 tamen
3276 863 3381 903 non
3426 849 3717 904 audimus:
3770 866 3900 904 non

2288 940 2373 987 est
2398 934 2635 1003 angustia
2665 933 2797 1001 loci,
2830 950 2935 991 non
2965 937 3109 991 aliud
3140 938 3410 1010 quidpiam
3440 942 3634 997 simile.
3678 941 3882 1009 Quod-

2288 1040 2392 1093 que
2417 1025 2607 1079 mirum
2638 1036 2721 1079 est
2749 1026 2962 1083 etiamsi
2990 1028 3304 1084 adolescens
3330 1043 3493 1098 essm,
3520 1050 3623 1088 non
3651 1042 3774 1089 erat
3807 1036 3901 1103 pi-

2289 1131 2403 1185 ger,
2420 1127 2472 1171 et
2490 1133 2676 1173 somno
2699 1132 2945 1189 gravatus
2973 1136 3076 1175 non
3104 1123 3371 1188 discessu,
3388 1141 3560 1194 neque
3582 1127 3900 1197 periculum

2290 1209 2616 1278 formidavit,
2638 1229 2703 1267 ne
2727 1213 3014 1269 laberetur.
3039 1215 3192 1284 Quod
3209 1218 3253 1271 si
3275 1216 3573 1272 dormitans
3595 1219 3899 1285 deciderit,

2292 1317 2359 1357 ne
2391 1304 2641 1370 mireris;
2684 1322 2855 1375 neque
2882 1308 3027 1363 enim
3059 1324 3123 1364 ex
3166 1310 3370 1381 ignavia
3400 1311 3752 1381 dormitabat,
3786 1313 3900 1369 sed

2290 1411 2354 1450 ex
2381 1408 2582 1450 natura:
2611 1398 2949 1455 necessitate.
2974 1400 3053 1455 Tu
3078 1418 3208 1457 vero
3235 1403 3565 1471 consideres,
3597 1405 3785 1471 velim,
3820 1405 3899 1459 il-

2291 1486 2373 1542 los
2404 1497 2549 1542 tanto
2576 1489 2755 1543 studio
2782 1500 2957 1546 motos
2988 1491 3153 1548 fuisse
3174 1534 3191 1560 ,
3223 1504 3278 1548 ut
3306 1495 3468 1549 etiam
3498 1496 3549 1549 in
3592 1495 3748 1550 tertio
3772 1510 3905 1551 cae-

2290 1582 2484 1636 naculo
2522 1593 2741 1651 essent;
2782 1585 3016 1640 nondum
3067 1587 3210 1642 enim
3251 1597 3368 1644 erat
3406 1589 3553 1645 cccle
3590 1592 3654 1642 "1.
3704 1588 3907 1645 Nolite

2291 1677 2505 1739 turbari,
2529 1676 2699 1746 inquit
2725 1695 2738 1744 ;
2769 1679 2939 1731 anima
2960 1681 3092 1734 enim
3119 1679 3229 1745 eius
3250 1682 3305 1735 in
3326 1682 3441 1753 ipso
3463 1694 3556 1737 est.
3583 1683 3697 1737 Non
3721 1681 3897 1744 dixit.

2289 1765 2583 1837 Resurget,
2634 1770 2903 1825 suscitabo
2941 1773 3085 1826 enim
3137 1773 3326 1840 illum;
3360 1774 3452 1829 sed
3485 1774 3610 1845 quid
3640 1774 3662 1826 ?
3704 1773 3905 1829 Nolite

2290 1860 2501 1912 turbari.
2533 1860 2666 1916 Vide
2703 1878 2861 1931 quam
2891 1864 2960 1918 sit
2985 1880 3013 1918 a
3042 1865 3181 1919 fastu
3211 1866 3441 1933 alienus,
3475 1883 3631 1938 quam
3655 1867 3719 1923 ad
3746 1884 3901 1923 con-

2289 1953 2569 2007 solandum
2601 1972 2820 2025 pronus.
2848 1956 3159 2025 Ascendens,
3196 1959 3387 2030 inquit,
3421 1972 3467 2015 et
3509 1965 3749 2035 frangens
3794 1981 3905 2030 pa-

2290 2060 2402 2096 nem
2425 2056 2469 2097 et
2490 2056 2715 2114 gttslatts.
2743 2047 2852 2102 lloe
2868 2063 3170 2103 sermonem
3194 2050 3572 2120 interpellavit,
3597 2071 3697 2110 nec
3724 2055 3896 2110 lazsit.

2292 2135 2480 2190 Viden‘
2504 2152 2670 2193 omna:
2703 2138 3060 2210 frugalitatem
3083 2142 3105 2196 ?
3131 2141 3201 2196 Et
3219 2154 3431 2215 gustans
3452 2187 3465 2213 ,
3498 2146 3669 2217 inquit
3688 2188 3703 2210 ,
3732 2148 3900 2203 satis-

2291 2247 2333 2298 q.
2362 2246 2388 2281 e
2408 2231 2699 2301 alloquutus
2730 2250 2882 2303 usque
2904 2235 2970 2287 ad
2990 2236 3174 2303 lucem,
3199 2239 3273 2293 sic
3301 2240 3553 2310 profectus
3574 2250 3664 2296 est.
3694 2241 3902 2297 Viden‘

2292 2322 2565 2389 quomodo
2590 2333 2973 2393 pernoctarcnt
2993 2328 3017 2380 ?
3038 2327 3198 2383 Tales
3219 2341 3371 2385 erant
3392 2345 3613 2395 mensae,
3635 2340 3693 2386 ut
3718 2334 3899 2388 sobrii

2292 2413 2535 2481 discipuli
2562 2415 2790 2480 abirent,
2817 2426 2869 2472 et
2895 2418 2961 2473 ad
2978 2419 3305 2475 audiendum
3336 2425 3589 2493 prompti.
3624 2425 3758 2492 Quid
3789 2442 3902 2480 nos

2292 2520 2320 2558 a
2349 2506 2570 2559 canibus
2597 2507 2942 2564 differimus?
2969 2510 3158 2567 Videte
3187 2524 3442 2583 quantum
3472 2516 3541 2571 sit
3569 2517 3896 2576 discrimen.

2293 2596 2629 2652 Adduxcrunt
2655 2609 2820 2653 autem
2847 2619 3059 2673 puerum
3084 2606 3330 2660 viventem
3355 2612 3396 2670 ⁸,
3429 2618 3475 2660 et
3496 2608 3745 2663 consolati
3766 2620 3898 2665 sunt

2295 2705 2395 2741 non
2434 2691 2655 2745 minime.
2697 2694 2941 2764 Magnam
2981 2696 3252 2767 accipiunt
3290 2700 3733 2764 consolationem,
3772 2713 3894 2757 tum

2294 2783 2415 2850 quia
2441 2782 2617 2838 vivum
2648 2796 2990 2857 acceperunt,
3017 2799 3127 2843 tum
3157 2792 3281 2859 quia
3307 2791 3517 2860 signum
3550 2790 3747 2849 factum
3779 2804 3892 2849 est.

2297 2875 2384 2928 i5.
2408 2871 2519 2929 Nos
2536 2884 2699 2931 autem
2717 2880 3040 2937 ascendentes
3059 2883 3246 2947 navim,
3268 2886 3610 2955 navigavimus
3626 2888 3677 2940 in
3696 2886 3893 2955 Asson,

2294 2967 2413 3021 inde
2452 2971 2733 3039 suscepturi
2773 2968 2999 3028 Paulum
3041 2990 3061 3029 :
3088 2976 3163 3030 sic
3203 2978 3337 3031 enim
3382 2978 3699 3049 disposuerat
3742 2981 3894 3049 ipse,

2298 3076 2386 3128 per
2411 3070 2596 3115 terram
2623 3062 2717 3117 iter
2742 3067 2990 3135 facturus.
3019 3066 3106 3122 M.
3137 3066 3264 3122 Cum
3293 3078 3460 3123 autem
3485 3071 3896 3127 convenissemus

2296 3153 2351 3205 in
2380 3152 2559 3219 Asson,
2577 3164 2839 3225 assumpto
2863 3173 2922 3211 eo
2943 3159 3165 3214 venimus
3183 3159 3482 3232 Mitylenen.
3506 3162 3662 3234 Sa‘pe
3690 3163 3895 3221 Paulus

2297 3258 2327 3298 a
2358 3244 2635 3315 discipulis
2662 3261 2991 3321 segregatur.
3028 3251 3167 3308 Ecce
3196 3267 3428 3325 namque
3464 3255 3574 3326 jam
3604 3256 3694 3312 ille
3720 3259 3895 3328 pedes

2300 3336 2404 3393 iter
2432 3336 2580 3405 facit,
2613 3339 2690 3395 illi
2720 3356 2849 3397 vero
2884 3342 3008 3398 navi
3032 3360 3046 3397 :
3078 3344 3222 3415 quod
3251 3346 3423 3401 levius
3451 3356 3569 3402 erat
3598 3348 3701 3405 illis
3719 3351 3889 3418 cedit,

2298 3428 2440 3498 quod
2472 3430 2748 3488 molestius
2764 3432 2878 3504 ipse
2894 3435 3139 3491 assumit.
3163 3436 3333 3493 Pedes
3353 3437 3485 3505 ibat,
3507 3447 3615 3495 tum
3639 3450 3697 3496 ut
3719 3440 3891 3497 multa

2298 3515 2653 3592 dispensant,
2678 3532 2789 3579 tum
2819 3535 2876 3580 ut
2894 3526 3117 3587 doceret
3138 3528 3279 3596 illos,
3304 3545 3372 3585 ne
3396 3530 3465 3587 ab
3487 3546 3547 3587 se
3572 3547 3890 3602 separaren-

2300 3619 2404 3667 tur.
2440 3613 2526 3669 15.
2558 3613 2625 3668 Et
2653 3616 2773 3669 inde
2796 3618 3109 3689 navigantes,
3138 3622 3364 3687 sequenti
3400 3622 3483 3677 die
3505 3624 3733 3679 venimus
3757 3641 3886 3679 con-

2298 3712 2379 3757 tra
2403 3705 2584 3759 Chium
2613 3724 2631 3771 ,'
2653 3710 2878 3775 sequenti
2898 3726 3012 3764 vero
3033 3713 3328 3781 appulimus
3348 3714 3586 3780 Samum,
3609 3727 3658 3771 et
3678 3734 3895 3772 manen-

2302 3808 2373 3853 tes
2398 3798 2627 3871 Trogylii
2644 3842 2659 3866 ,
2686 3803 2913 3871 sequenti
2938 3803 3022 3856 die
3047 3805 3272 3859 venimus
3304 3805 3558 3861 Miletum.
3591 3808 3724 3865 Vide
3750 3825 3892 3881 quo-

2302 3890 2463 3944 modo
2504 3892 2790 3948 festinante
2819 3893 2989 3948 Paulo
3027 3903 3285 3967 pergunt,
3314 3913 3413 3954 nec
3442 3914 3620 3955 moras
3650 3901 3891 3970 trahunt,

2301 3982 2394 4036 sed
2434 3992 2760 4052 praetereunt
2789 3984 3009 4041 insulas.
3042 3987 3128 4043 16.
3158 3987 3507 4058 Proposuerat
3535 3994 3668 4047 enim
3693 3993 3892 4050 Paulus

2303 4075 2684 4145 transnavigare
2726 4074 3025 4147 Ephesum,
3070 4088 3128 4133 ut
3158 4097 3317 4151 neque
3359 4099 3502 4137 mora
3542 4084 3623 4137 illi
3668 4095 3795 4139 esset
3838 4089 3892 4141 in

2301 4167 2442 4219 Asia.
2474 4166 2768 4223 Festinabat
2807 4181 2977 4225 autem
3015 4171 3061 4225 si
3098 4174 3336 4241 possibile
3364 4175 3461 4231 sibi
3490 4187 3635 4245 esset,
3665 4186 3720 4232 ut
3756 4178 3890 4234 diem

2303 4256 2625 4314 Pentecostes
2647 4270 2815 4331 ageret
2838 4261 3192 4335 Jerosolymis.

2374 4350 2428 4403 9..
2471 4350 2599 4418 Quae
2630 4353 2744 4406 lucc
2784 4353 3100 4409 festinatio?
3132 4356 3247 4412 Non
3287 4369 3505 4429 propter
3537 4359 3751 4426 festum,
3792 4363 3889 4419 sed

2306 4450 2523 4510 propter
2549 4443 2961 4501 multitudinem.
2991 4448 3158 4503 Simul
3188 4450 3403 4506 Judteos
3419 4467 3483 4506 ex
3510 4468 3577 4508 eo
3602 4454 3884 4521 alliciebat,

2306 4534 2443 4601 quod
2492 4533 2805 4593 festivitates
2843 4539 3084 4605 coleret;
3117 4542 3277 4597 simul
3316 4554 3372 4597 et
3417 4545 3663 4600 inimicos
3703 4563 3890 4616 rapere

2306 4626 2405 4679 sibi
2428 4627 2672 4697 cupiens,
2696 4629 2979 4686 festinabat
2995 4633 3215 4689 verbum
3233 4638 3576 4693 annuntiare.
3601 4638 3735 4694 Vide
3760 4656 3897 4711 ergo

2307 4731 2560 4789 quantum
2605 4721 2803 4776 factum
2841 4724 2912 4778 sit
2954 4725 3197 4791 lucrum,
3242 4729 3493 4784 omnibus
3519 4732 3885 4800 prtesentibus.

2308 4812 2454 4866 Alias
2476 4827 2621 4875 vero,
2644 4830 2712 4868 ne
2738 4814 2953 4882 Ephesii
2987 4818 3401 4887 negligerentur,
3433 4822 3537 4875 alio
3563 4822 3886 4894 dispensarit

2308 4905 2487 4959 modo.
2518 4906 2621 4960 Sed
2645 4910 2889 4977 superius
2916 4911 3055 4965 dicta
3076 4924 3403 4980 repetamus.
3434 4916 3498 4969 Et
3520 4918 3777 4983 salutatis,
3802 4919 3886 4972 in-

2308 4998 2441 5066 quit,
2467 5000 2727 5069 discipulis
2744 5043 2760 5067 ,
2784 5003 3041 5072 profectus
3069 5013 3144 5059 est
3161 5044 3181 5071 ,τ
3207 5018 3261 5059 ut
3285 5007 3379 5059 iret
3406 5009 3461 5061 in
3492 5008 3843 5063 Macedoniam
3874 5054 3887 5075 ,

2310 5098 2355 5142 et
2383 5091 2679 5145 exhortatus
2709 5109 2791 5147 eos
2818 5110 3045 5147 sermone
3083 5098 3265 5163 multo,
3288 5099 3421 5153 venit
3444 5100 3497 5153 in
3527 5099 3794 5155 Granium.
3826 5103 3892 5159 Et

2311 5180 2388 5234 sic
2420 5198 2629 5237 rursum
2662 5187 2957 5249 recreavit,
3004 5202 3250 5258 magnam
3282 5189 3416 5245 dans
3443 5192 3886 5248 consolationem.

2313 5271 2445 5327 Vide
2491 5275 2683 5346 ubique
2731 5276 2879 5329 illum
2938 5292 3187 5335 sermone
3244 5283 3423 5337 omnia
3482 5283 3887 5352 pcrﬁcientem,

2313 5382 2423 5423 non
2468 5384 2593 5423 vero
2632 5369 2820 5438 signis.
2855 5368 3251 5442 Nauigaturum,
3282 5376 3379 5438 ait,
3407 5376 3459 5429 in
3494 5376 3721 5446 Syriam.
3751 5378 3886 5432 Cun-

2314 5460 2462 5513 tinuo
2490 5462 2642 5515 nobis
2682 5463 2825 5514 illum
2858 5464 3090 5517 ostendit
3114 5465 3454 5521 festinantem
3487 5468 3538 5523 in
3569 5469 3793 5539 Syriam.
3836 5472 3893 5524 In

2313 5570 2466 5607 causa
2496 5566 2606 5609 erat
2632 5554 2866 5608 Ecclesia
2894 5565 2947 5609 et
2975 5556 3309 5629 Jerosolyma
3333 5576 3347 5622 ;
3378 5562 3454 5615 sic
3482 5563 3813 5617 desiderabat
3838 5578 3891 5619 et

2312 5661 2429 5714 qua:
2456 5645 2561 5699 illic
2584 5655 2737 5699 erant
2759 5645 3027 5702 ordinare.
3056 5649 3219 5719 Atqui
3247 5667 3352 5705 non
3372 5668 3562 5723 magna
3591 5654 3757 5715 Troas
3780 5670 3893 5720 csa;

2375 5845 2558 5955 illimle,
2582 5846 2901 5954 ἱιτίιίιιαςεηιηι
2927 5856 3086 5900 autent
3118 5864 3331 5917 puerum
3370 5852 3599 5903 tirenum
3618 5894 3631 5911 ,
3650 5854 3821 5906 desunt
3848 5862 3891 5907 in

2384 5930 2387 5945 τ
2419 5923 2503 5954 ttlrt
2524 5923 2579 5955 illi
2607 5943 2615 5953 .

2313 5923 2372 5971 qu
2384 5930 2387 5945 τ
2399 5923 2615 5956 [ηυδειιιιιι.
