  <div class='ocr_page' id='page_1' title='image "/cluster/home/n/w/nwhite01/storage/ocr_20150623/60/ien.35556001660885/312.png"; bbox 0 0 4072 6400; ppageno 0'>
   <div class='ocr_carea' id='block_1_1' title="bbox 169 443 279 499">
    <p class='ocr_par' dir='ltr' id='par_1_1' title="bbox 169 443 279 499">
     <span class='ocr_line' id='line_1_1' title="bbox 169 443 279 499; baseline 0 0"><span class='ocrx_word' id='word_1_1' title='bbox 169 443 279 499; x_wconf 78' lang='grc' dir='ltr'><strong>3ῧ5</strong></span> 
     </span>
    </p>
   </div>
   <div class='ocr_carea' id='block_1_2' title="bbox 163 549 1758 629">
    <p class='ocr_par' dir='ltr' id='par_1_2' title="bbox 163 549 1758 629">
     <span class='ocr_line' id='line_1_2' title="bbox 163 549 1758 629; baseline -0.006 -16"><span class='ocrx_word' id='word_1_2' title='bbox 163 576 266 613; x_wconf 86' lang='lat' dir='ltr'><strong>cur</strong></span> <span class='ocrx_word' id='word_1_3' title='bbox 297 571 432 629; x_wconf 85' lang='lat' dir='ltr'><strong>ergo</strong></span> <span class='ocrx_word' id='word_1_4' title='bbox 478 573 574 628; x_wconf 90' lang='lat' dir='ltr'><strong>per</strong></span> <span class='ocrx_word' id='word_1_5' title='bbox 613 563 820 625; x_wconf 84' lang='lat' dir='ltr'><strong>septem</strong></span> <span class='ocrx_word' id='word_1_6' title='bbox 861 551 977 608; x_wconf 90' lang='lat' dir='ltr'><strong>dies</strong></span> <span class='ocrx_word' id='word_1_7' title='bbox 1009 551 1117 608; x_wconf 91' lang='lat' dir='ltr'><strong>illic</strong></span> <span class='ocrx_word' id='word_1_8' title='bbox 1148 552 1406 606; x_wconf 84' lang='lat' dir='ltr'><strong>manent?</strong></span> <span class='ocrx_word' id='word_1_9' title='bbox 1435 549 1618 620; x_wconf 76' lang='lat' dir='ltr'><strong>Magna</strong></span> <span class='ocrx_word' id='word_1_10' title='bbox 1646 549 1758 603; x_wconf 88' lang='lat' dir='ltr'><strong>for-</strong></span> 
     </span>
    </p>
   </div>
   <div class='ocr_carea' id='block_1_3' title="bbox 167 641 1770 703">
    <p class='ocr_par' dir='ltr' id='par_1_3' title="bbox 167 641 1770 703">
     <span class='ocr_line' id='line_1_3' title="bbox 167 641 1770 703; baseline -0.005 -1"><span class='ocrx_word' id='word_1_11' title='bbox 167 663 322 703; x_wconf 63' lang='lat' dir='ltr'><strong>lassc</strong></span> <span class='ocrx_word' id='word_1_12' title='bbox 345 659 462 702; x_wconf 87' lang='lat' dir='ltr'><strong>erat</strong></span> <span class='ocrx_word' id='word_1_13' title='bbox 497 645 789 702; x_wconf 85' lang='lat' dir='ltr'><strong>secundum</strong></span> <span class='ocrx_word' id='word_1_14' title='bbox 819 644 1052 699; x_wconf 81' lang='lat' dir='ltr'><strong>ﬁdelium</strong></span> <span class='ocrx_word' id='word_1_15' title='bbox 1081 658 1380 697; x_wconf 83' lang='lat' dir='ltr'><strong>numerum.</strong></span> <span class='ocrx_word' id='word_1_16' title='bbox 1419 641 1627 695; x_wconf 85' lang='lat' dir='ltr'><strong>Etcum</strong></span> <span class='ocrx_word' id='word_1_17' title='bbox 1655 641 1770 695; x_wconf 81' lang='lat' dir='ltr'><strong>dies</strong></span> 
     </span>
    </p>
   </div>
   <div class='ocr_carea' id='block_1_4' title="bbox 163 731 1768 811">
    <p class='ocr_par' dir='ltr' id='par_1_4' title="bbox 163 731 1768 811">
     <span class='ocr_line' id='line_1_4' title="bbox 163 731 1768 811; baseline -0.008 -14"><span class='ocrx_word' id='word_1_18' title='bbox 163 753 384 811; x_wconf 85' lang='lat' dir='ltr'><strong>septem</strong></span> <span class='ocrx_word' id='word_1_19' title='bbox 409 742 484 794; x_wconf 93' lang='lat' dir='ltr'><strong>ibi</strong></span> <span class='ocrx_word' id='word_1_20' title='bbox 507 739 813 801; x_wconf 75' lang='lat' dir='ltr'><strong>mansisset,</strong></span> <span class='ocrx_word' id='word_1_21' title='bbox 839 735 1083 806; x_wconf 88' lang='lat' dir='ltr'><strong>sequenti</strong></span> <span class='ocrx_word' id='word_1_22' title='bbox 1107 745 1318 788; x_wconf 88' lang='lat' dir='ltr'><strong>noctem</strong></span> <span class='ocrx_word' id='word_1_23' title='bbox 1348 734 1398 788; x_wconf 91' lang='lat' dir='ltr'><strong>in</strong></span> <span class='ocrx_word' id='word_1_24' title='bbox 1426 731 1669 786; x_wconf 83' lang='lat' dir='ltr'><strong>docendo</strong></span> <span class='ocrx_word' id='word_1_25' title='bbox 1693 733 1768 784; x_wconf 54' lang='lat' dir='ltr'><strong>in.</strong></span> 
     </span>
    </p>
   </div>
   <div class='ocr_carea' id='block_1_5' title="bbox 165 821 1770 900">
    <p class='ocr_par' dir='ltr' id='par_1_5' title="bbox 165 821 1770 900">
     <span class='ocr_line' id='line_1_5' title="bbox 165 821 1770 900; baseline -0.007 -15"><span class='ocrx_word' id='word_1_26' title='bbox 165 834 450 900; x_wconf 78' lang='lat' dir='ltr'><strong>sumpsit:</strong></span> <span class='ocrx_word' id='word_1_27' title='bbox 479 832 548 883; x_wconf 90' lang='lat' dir='ltr'><strong>ita</strong></span> <span class='ocrx_word' id='word_1_28' title='bbox 579 843 721 898; x_wconf 80' lang='lat' dir='ltr'><strong>:egre</strong></span> <span class='ocrx_word' id='word_1_29' title='bbox 753 829 866 898; x_wconf 78' lang='lat' dir='ltr'><strong>ipse</strong></span> <span class='ocrx_word' id='word_1_30' title='bbox 895 827 963 880; x_wconf 88' lang='lat' dir='ltr'><strong>ab</strong></span> <span class='ocrx_word' id='word_1_31' title='bbox 1005 825 1144 890; x_wconf 83' lang='lat' dir='ltr'><strong>illis,</strong></span> <span class='ocrx_word' id='word_1_32' title='bbox 1177 825 1254 879; x_wconf 85' lang='lat' dir='ltr'><strong>illi</strong></span> <span class='ocrx_word' id='word_1_33' title='bbox 1292 825 1360 879; x_wconf 86' lang='lat' dir='ltr'><strong>ab</strong></span> <span class='ocrx_word' id='word_1_34' title='bbox 1396 823 1512 894; x_wconf 80' lang='lat' dir='ltr'><strong>ipso</strong></span> <span class='ocrx_word' id='word_1_35' title='bbox 1549 821 1770 876; x_wconf 72' lang='lat' dir='ltr'><strong>divelle-</strong></span> 
     </span>
    </p>
   </div>
   <div class='ocr_carea' id='block_1_6' title="bbox 166 912 1768 986">
    <p class='ocr_par' dir='ltr' id='par_1_6' title="bbox 166 912 1768 986">
     <span class='ocr_line' id='line_1_6' title="bbox 166 912 1768 986; baseline -0.007 -11"><span class='ocrx_word' id='word_1_36' title='bbox 166 924 393 976; x_wconf 83' lang='lat' dir='ltr'><strong>bantur.</strong></span> <span class='ocrx_word' id='word_1_37' title='bbox 427 918 554 975; x_wconf 85' lang='lat' dir='ltr'><strong>Cum</strong></span> <span class='ocrx_word' id='word_1_38' title='bbox 597 919 994 973; x_wconf 75' lang='lat' dir='ltr'><strong>convenisscmus</strong></span> <span class='ocrx_word' id='word_1_39' title='bbox 1017 958 1032 984; x_wconf 92' lang='lat'><strong>,</strong></span> <span class='ocrx_word' id='word_1_40' title='bbox 1080 916 1286 986; x_wconf 88' lang='lat' dir='ltr'><strong>inquit,</strong></span> <span class='ocrx_word' id='word_1_41' title='bbox 1333 915 1402 967; x_wconf 82' lang='lat' dir='ltr'><strong>ad</strong></span> <span class='ocrx_word' id='word_1_42' title='bbox 1430 912 1768 984; x_wconf 80' lang='lat' dir='ltr'><strong>frangendum</strong></span> 
     </span>
    </p>
   </div>
   <div class='ocr_carea' id='block_1_7' title="bbox 1142 430 2490 492">
    <p class='ocr_par' dir='ltr' id='par_1_7' title="bbox 1142 430 2490 492">
     <span class='ocr_line' id='line_1_7' title="bbox 1142 430 2490 492; baseline -0.004 0"><span class='ocrx_word' id='word_1_43' title='bbox 1142 435 1208 492; x_wconf 83' lang='lat' dir='ltr'><strong>IN</strong></span> <span class='ocrx_word' id='word_1_44' title='bbox 1247 435 1423 491; x_wconf 65' lang='lat' dir='ltr'><strong>ACTA</strong></span> <span class='ocrx_word' id='word_1_45' title='bbox 1467 433 1991 491; x_wconf 74' lang='lat' dir='ltr'><strong>APOSTOLORUM.</strong></span> <span class='ocrx_word' id='word_1_46' title='bbox 2036 432 2267 489; x_wconf 73' lang='lat' dir='ltr'><strong>llOMlL.</strong></span> <span class='ocrx_word' id='word_1_47' title='bbox 2308 430 2490 487; x_wconf 74' lang='lat' dir='ltr'><strong>XLIII.</strong></span> 
     </span>
    </p>
   </div>
   <div class='ocr_carea' id='block_1_8' title="bbox 3371 430 3475 485">
    <p class='ocr_par' dir='ltr' id='par_1_8' title="bbox 3371 430 3475 485">
     <span class='ocr_line' id='line_1_8' title="bbox 3371 430 3475 485; baseline 0 0"><span class='ocrx_word' id='word_1_48' title='bbox 3371 430 3475 485; x_wconf 72' lang='lat'><strong>506</strong></span> 
     </span>
    </p>
   </div>
   <div class='ocr_carea' id='block_1_9' title="bbox 1876 545 3475 619">
    <p class='ocr_par' dir='ltr' id='par_1_9' title="bbox 1876 545 3475 619">
     <span class='ocr_line' id='line_1_9' title="bbox 1876 545 3475 619; baseline 0.001 -18"><span class='ocrx_word' id='word_1_49' title='bbox 1876 547 2144 614; x_wconf 78' lang='lat' dir='ltr'><strong>inﬁrmor.’</strong></span> <span class='ocrx_word' id='word_1_50' title='bbox 2168 548 2282 619; x_wconf 87' lang='lat' dir='ltr'><strong>quis</strong></span> <span class='ocrx_word' id='word_1_51' title='bbox 2308 545 2693 602; x_wconf 69' lang='lat' dir='ltr'><strong>scandalizatur</strong></span> <span class='ocrx_word' id='word_1_52' title='bbox 2711 587 2726 612; x_wconf 92' lang='lat'><strong>,</strong></span> <span class='ocrx_word' id='word_1_53' title='bbox 2769 555 2817 600; x_wconf 83' lang='lat' dir='ltr'><strong>et</strong></span> <span class='ocrx_word' id='word_1_54' title='bbox 2856 561 2948 616; x_wconf 80' lang='lat' dir='ltr'><strong>ego</strong></span> <span class='ocrx_word' id='word_1_55' title='bbox 2962 563 3074 601; x_wconf 87' lang='lat' dir='ltr'><strong>-non</strong></span> <span class='ocrx_word' id='word_1_56' title='bbox 3101 563 3223 600; x_wconf 87' lang='lat' dir='ltr'><strong>uror</strong></span> <span class='ocrx_word' id='word_1_57' title='bbox 3251 545 3327 616; x_wconf 69' lang='lat'><strong>(‘3.</strong></span> <span class='ocrx_word' id='word_1_58' title='bbox 3353 545 3475 604; x_wconf 82' lang='lat' dir='ltr'><strong>Cor.</strong></span> 
     </span>
    </p>
   </div>
   <div class='ocr_carea' id='block_1_10' title="bbox 1882 638 2122 696">
    <p class='ocr_par' dir='ltr' id='par_1_10' title="bbox 1882 638 2122 696">
     <span class='ocr_line' id='line_1_10' title="bbox 1882 638 2122 696; baseline 0 -2"><span class='ocrx_word' id='word_1_59' title='bbox 1882 638 2122 696; x_wconf 69' lang='lat' dir='ltr'><strong>H.29l?</strong></span> 
     </span>
    </p>
   </div>
   <div class='ocr_carea' id='block_1_11' title="bbox 1947 641 3478 803">
    <p class='ocr_par' dir='ltr' id='par_1_11' title="bbox 1947 641 3478 803">
     <span class='ocr_line' id='line_1_11' title="bbox 1954 641 2122 696; baseline -0.012 0"><span class='ocrx_word' id='word_1_60' title='bbox 1954 683 1966 696; x_wconf 95' lang='lat'><strong>.</strong></span> <span class='ocrx_word' id='word_1_61' title='bbox 1992 641 2063 696; x_wconf 70' lang='lat'><strong>29</strong></span> <span class='ocrx_word' id='word_1_62' title='bbox 2099 641 2122 694; x_wconf 88' lang='lat'><strong>?</strong></span> 
     </span>
     <span class='ocr_line' id='line_1_12' title="bbox 1947 642 3478 803; baseline -0.001 -17"><span class='ocrx_word' id='word_1_63' title='bbox 1947 733 1999 786; x_wconf 77' lang='lat'><strong>3.</strong></span> <span class='ocrx_word' id='word_1_64' title='bbox 2029 642 2216 786; x_wconf 44' lang='grc' dir='ltr'><strong>(ἐκπίω</strong></span> <span class='ocrx_word' id='word_1_65' title='bbox 2263 742 2469 802; x_wconf 77' lang='lat' dir='ltr'><strong>propter</strong></span> <span class='ocrx_word' id='word_1_66' title='bbox 2518 737 2704 803; x_wconf 78' lang='lat' dir='ltr'><strong>fratres</strong></span> <span class='ocrx_word' id='word_1_67' title='bbox 2763 732 3049 787; x_wconf 63' lang='lat' dir='ltr'><strong>subeunda.</strong></span> <span class='ocrx_word' id='word_1_68' title='bbox 3088 736 3226 786; x_wconf 83' lang='lat' dir='ltr'><strong>Dum</strong></span> <span class='ocrx_word' id='word_1_69' title='bbox 3269 732 3478 786; x_wconf 85' lang='lat' dir='ltr'><strong>retribu-</strong></span> 
     </span>
    </p>
   </div>
   <div class='ocr_carea' id='block_1_12' title="bbox 1877 823 3477 895">
    <p class='ocr_par' dir='ltr' id='par_1_12' title="bbox 1877 823 3477 895">
     <span class='ocr_line' id='line_1_13' title="bbox 1877 823 3477 895; baseline 0.002 -19"><span class='ocrx_word' id='word_1_70' title='bbox 1877 825 1949 878; x_wconf 75' lang='lat' dir='ltr'><strong>tio</strong></span> <span class='ocrx_word' id='word_1_71' title='bbox 1985 823 2241 890; x_wconf 62' lang='lat' dir='ltr'><strong>(ti/fertur,</strong></span> <span class='ocrx_word' id='word_1_72' title='bbox 2274 835 2488 895; x_wconf 75' lang='lat' dir='ltr'><strong>augettu’</strong></span> <span class='ocrx_word' id='word_1_73' title='bbox 2509 824 2798 878; x_wconf 66' lang='lat' dir='ltr'><strong>donum—</strong></span> <span class='ocrx_word' id='word_1_74' title='bbox 2820 824 2945 880; x_wconf 77' lang='lat' dir='ltr'><strong>lla-c</strong></span> <span class='ocrx_word' id='word_1_75' title='bbox 2972 834 3027 880; x_wconf 89' lang='lat' dir='ltr'><strong>et</strong></span> <span class='ocrx_word' id='word_1_76' title='bbox 3047 840 3146 879; x_wconf 85' lang='lat' dir='ltr'><strong>nos</strong></span> <span class='ocrx_word' id='word_1_77' title='bbox 3167 865 3182 890; x_wconf 91' lang='lat'><strong>,</strong></span> <span class='ocrx_word' id='word_1_78' title='bbox 3215 825 3477 888; x_wconf 89' lang='lat' dir='ltr'><strong>obsecro,</strong></span> 
     </span>
    </p>
   </div>
   <div class='ocr_carea' id='block_1_13' title="bbox 1875 915 3479 987">
    <p class='ocr_par' dir='ltr' id='par_1_13' title="bbox 1875 915 3479 987">
     <span class='ocr_line' id='line_1_14' title="bbox 1875 915 3479 987; baseline 0 -18"><span class='ocrx_word' id='word_1_79' title='bbox 1875 916 2040 970; x_wconf 76' lang='lat' dir='ltr'><strong>verba</strong></span> <span class='ocrx_word' id='word_1_80' title='bbox 2069 932 2342 971; x_wconf 85' lang='lat' dir='ltr'><strong>seetemur</strong></span> <span class='ocrx_word' id='word_1_81' title='bbox 2364 959 2379 985; x_wconf 59' lang='grc' dir='ltr'><strong>τ</strong></span> <span class='ocrx_word' id='word_1_82' title='bbox 2427 926 2482 973; x_wconf 79' lang='lat' dir='ltr'><strong>et</strong></span> <span class='ocrx_word' id='word_1_83' title='bbox 2529 927 2750 987; x_wconf 80' lang='lat' dir='ltr'><strong>propter</strong></span> <span class='ocrx_word' id='word_1_84' title='bbox 2780 917 2974 970; x_wconf 75' lang='lat' dir='ltr'><strong>fratres</strong></span> <span class='ocrx_word' id='word_1_85' title='bbox 3004 925 3220 970; x_wconf 63' lang='lat' dir='ltr'><strong>nostros</strong></span> <span class='ocrx_word' id='word_1_86' title='bbox 3251 915 3303 969; x_wconf 92' lang='lat' dir='ltr'><strong>in</strong></span> <span class='ocrx_word' id='word_1_87' title='bbox 3335 916 3479 985; x_wconf 79' lang='lat' dir='ltr'><strong>peri-</strong></span> 
     </span>
    </p>
   </div>
   <div class='ocr_carea' id='block_1_14' title="bbox 165 1005 3477 1083">
    <p class='ocr_par' dir='ltr' id='par_1_14' title="bbox 165 1005 3477 1083">
     <span class='ocr_line' id='line_1_15' title="bbox 165 1005 3477 1083; baseline -0.002 -18"><span class='ocrx_word' id='word_1_88' title='bbox 165 1031 382 1083; x_wconf 73' lang='lat' dir='ltr'><strong>panem.</strong></span> <span class='ocrx_word' id='word_1_89' title='bbox 426 1013 508 1066; x_wconf 77' lang='lat' dir='ltr'><strong>Ab</strong></span> <span class='ocrx_word' id='word_1_90' title='bbox 535 1013 655 1081; x_wconf 88' lang='lat' dir='ltr'><strong>ipso</strong></span> <span class='ocrx_word' id='word_1_91' title='bbox 685 1023 925 1081; x_wconf 90' lang='lat' dir='ltr'><strong>tempore</strong></span> <span class='ocrx_word' id='word_1_92' title='bbox 945 1053 958 1074; x_wconf 95' lang='lat'><strong>,</strong></span> <span class='ocrx_word' id='word_1_93' title='bbox 998 1025 1105 1080; x_wconf 91' lang='lat' dir='ltr'><strong>quo</strong></span> <span class='ocrx_word' id='word_1_94' title='bbox 1130 1010 1335 1064; x_wconf 86' lang='lat' dir='ltr'><strong>esurire</strong></span> <span class='ocrx_word' id='word_1_95' title='bbox 1371 1015 1772 1062; x_wconf 78' lang='lat' dir='ltr'><strong>monstrabatur</strong></span> <span class='ocrx_word' id='word_1_96' title='bbox 1869 1007 1995 1058; x_wconf 78' lang='lat' dir='ltr'><strong>cola</strong></span> <span class='ocrx_word' id='word_1_97' title='bbox 2024 1021 2122 1060; x_wconf 84' lang='lat' dir='ltr'><strong>nos</strong></span> <span class='ocrx_word' id='word_1_98' title='bbox 2148 1006 2519 1076; x_wconf 76' lang='lat' dir='ltr'><strong>conjiciamus.</strong></span> <span class='ocrx_word' id='word_1_99' title='bbox 2565 1005 2690 1062; x_wconf 91' lang='lat' dir='ltr'><strong>Sive</strong></span> <span class='ocrx_word' id='word_1_100' title='bbox 2723 1005 2859 1076; x_wconf 92' lang='lat' dir='ltr'><strong>ignis</strong></span> <span class='ocrx_word' id='word_1_101' title='bbox 2885 1048 2900 1071; x_wconf 96' lang='lat'><strong>,</strong></span> <span class='ocrx_word' id='word_1_102' title='bbox 2932 1006 3045 1060; x_wconf 83' lang='lat' dir='ltr'><strong>sive</strong></span> <span class='ocrx_word' id='word_1_103' title='bbox 3073 1005 3273 1059; x_wconf 91' lang='lat' dir='ltr'><strong>ferrum</strong></span> <span class='ocrx_word' id='word_1_104' title='bbox 3299 1005 3477 1070; x_wconf 85' lang='lat' dir='ltr'><strong>adsit,</strong></span> 
     </span>
    </p>
   </div>
   <div class='ocr_carea' id='block_1_15' title="bbox 166 1100 1769 1174">
    <p class='ocr_par' dir='ltr' id='par_1_15' title="bbox 166 1100 1769 1174">
     <span class='ocr_line' id='line_1_16' title="bbox 166 1100 1769 1174; baseline -0.006 -15"><span class='ocrx_word' id='word_1_105' title='bbox 166 1109 303 1174; x_wconf 87' lang='lat' dir='ltr'><strong>(nec</strong></span> <span class='ocrx_word' id='word_1_106' title='bbox 333 1115 454 1158; x_wconf 86' lang='lat' dir='ltr'><strong>erat</strong></span> <span class='ocrx_word' id='word_1_107' title='bbox 483 1105 613 1158; x_wconf 88' lang='lat' dir='ltr'><strong>illud</strong></span> <span class='ocrx_word' id='word_1_108' title='bbox 643 1100 1127 1173; x_wconf 74' lang='lat' dir='ltr'><strong>intempestivum),</strong></span> <span class='ocrx_word' id='word_1_109' title='bbox 1152 1113 1332 1155; x_wconf 86' lang='lat' dir='ltr'><strong><em>sermo</em></strong></span> <span class='ocrx_word' id='word_1_110' title='bbox 1351 1110 1561 1168; x_wconf 67' lang='lat' dir='ltr'><strong>ceptus</strong></span> <span class='ocrx_word' id='word_1_111' title='bbox 1585 1109 1769 1152; x_wconf 88' lang='lat' dir='ltr'><strong>cxten-</strong></span> 
     </span>
    </p>
   </div>
   <div class='ocr_carea' id='block_1_16' title="bbox 161 1190 1767 1264">
    <p class='ocr_par' dir='ltr' id='par_1_16' title="bbox 161 1190 1767 1264">
     <span class='ocr_line' id='line_1_17' title="bbox 161 1190 1767 1264; baseline -0.004 -14"><span class='ocrx_word' id='word_1_112' title='bbox 161 1215 261 1251; x_wconf 72' lang='lat' dir='ltr'><strong>sns</strong></span> <span class='ocrx_word' id='word_1_113' title='bbox 293 1209 420 1252; x_wconf 86' lang='lat' dir='ltr'><strong>est:</strong></span> <span class='ocrx_word' id='word_1_114' title='bbox 456 1200 525 1250; x_wconf 87' lang='lat' dir='ltr'><strong>ita</strong></span> <span class='ocrx_word' id='word_1_115' title='bbox 569 1207 626 1250; x_wconf 88' lang='lat' dir='ltr'><strong>ut</strong></span> <span class='ocrx_word' id='word_1_116' title='bbox 667 1212 787 1250; x_wconf 91' lang='lat' dir='ltr'><strong>cum</strong></span> <span class='ocrx_word' id='word_1_117' title='bbox 828 1211 931 1250; x_wconf 90' lang='lat' dir='ltr'><strong>non</strong></span> <span class='ocrx_word' id='word_1_118' title='bbox 971 1194 1237 1264; x_wconf 73' lang='lat' dir='ltr'><strong>prmcipue</strong></span> <span class='ocrx_word' id='word_1_119' title='bbox 1277 1192 1658 1249; x_wconf 89' lang='lat' dir='ltr'><strong>convenissent</strong></span> <span class='ocrx_word' id='word_1_120' title='bbox 1697 1190 1767 1244; x_wconf 89' lang='lat' dir='ltr'><strong>ad</strong></span> 
     </span>
    </p>
   </div>
   <div class='ocr_carea' id='block_1_17' title="bbox 158 1284 1768 1357">
    <p class='ocr_par' dir='ltr' id='par_1_17' title="bbox 158 1284 1768 1357">
     <span class='ocr_line' id='line_1_18' title="bbox 158 1284 1768 1357; baseline -0.004 -16"><span class='ocrx_word' id='word_1_121' title='bbox 158 1290 499 1351; x_wconf 78' lang='lat' dir='ltr'><strong>doctrinam,</strong></span> <span class='ocrx_word' id='word_1_122' title='bbox 531 1288 626 1343; x_wconf 90' lang='lat' dir='ltr'><strong>sed</strong></span> <span class='ocrx_word' id='word_1_123' title='bbox 655 1288 720 1341; x_wconf 89' lang='lat' dir='ltr'><strong>ad</strong></span> <span class='ocrx_word' id='word_1_124' title='bbox 754 1285 1101 1357; x_wconf 90' lang='lat' dir='ltr'><strong>frangendum</strong></span> <span class='ocrx_word' id='word_1_125' title='bbox 1128 1300 1338 1355; x_wconf 87' lang='lat' dir='ltr'><strong>panem,</strong></span> <span class='ocrx_word' id='word_1_126' title='bbox 1370 1284 1458 1336; x_wconf 87' lang='lat' dir='ltr'><strong>ubi</strong></span> <span class='ocrx_word' id='word_1_127' title='bbox 1485 1285 1535 1336; x_wconf 91' lang='lat' dir='ltr'><strong>in</strong></span> <span class='ocrx_word' id='word_1_128' title='bbox 1562 1297 1768 1337; x_wconf 85' lang='lat' dir='ltr'><strong>sermo-</strong></span> 
     </span>
    </p>
   </div>
   <div class='ocr_carea' id='block_1_18' title="bbox 161 1374 1768 1445">
    <p class='ocr_par' dir='ltr' id='par_1_18' title="bbox 161 1374 1768 1445">
     <span class='ocr_line' id='line_1_19' title="bbox 161 1374 1768 1445; baseline -0.004 -10"><span class='ocrx_word' id='word_1_129' title='bbox 161 1396 297 1435; x_wconf 88' lang='lat' dir='ltr'><strong>nem</strong></span> <span class='ocrx_word' id='word_1_130' title='bbox 354 1380 577 1445; x_wconf 88' lang='lat' dir='ltr'><strong>incidit,</strong></span> <span class='ocrx_word' id='word_1_131' title='bbox 633 1380 932 1433; x_wconf 81' lang='lat' dir='ltr'><strong>doctrinam</strong></span> <span class='ocrx_word' id='word_1_132' title='bbox 988 1377 1248 1432; x_wconf 88' lang='lat' dir='ltr'><strong>extendit.</strong></span> <span class='ocrx_word' id='word_1_133' title='bbox 1309 1376 1442 1430; x_wconf 75' lang='lat' dir='ltr'><strong>Vide</strong></span> <span class='ocrx_word' id='word_1_134' title='bbox 1498 1374 1768 1444; x_wconf 87' lang='lat' dir='ltr'><strong>quomodo</strong></span> 
     </span>
    </p>
   </div>
   <div class='ocr_carea' id='block_1_19' title="bbox 163 1465 1766 1539">
    <p class='ocr_par' dir='ltr' id='par_1_19' title="bbox 163 1465 1766 1539">
     <span class='ocr_line' id='line_1_20' title="bbox 163 1465 1766 1539; baseline -0.005 -14"><span class='ocrx_word' id='word_1_135' title='bbox 163 1487 378 1526; x_wconf 77' lang='lat' dir='ltr'><strong>mensze</strong></span> <span class='ocrx_word' id='word_1_136' title='bbox 404 1471 554 1525; x_wconf 80' lang='lat' dir='ltr'><strong>Pauli</strong></span> <span class='ocrx_word' id='word_1_137' title='bbox 587 1485 778 1524; x_wconf 62' lang='lat' dir='ltr'><strong>(tiones</strong></span> <span class='ocrx_word' id='word_1_138' title='bbox 809 1469 1096 1539; x_wconf 82' lang='lat' dir='ltr'><strong>participes</strong></span> <span class='ocrx_word' id='word_1_139' title='bbox 1123 1477 1323 1523; x_wconf 85' lang='lat' dir='ltr'><strong>essent.</strong></span> <span class='ocrx_word' id='word_1_140' title='bbox 1357 1466 1579 1521; x_wconf 74' lang='lat' dir='ltr'><strong>Videtur</strong></span> <span class='ocrx_word' id='word_1_141' title='bbox 1603 1465 1728 1519; x_wconf 90' lang='lat' dir='ltr'><strong>mihi</strong></span> <span class='ocrx_word' id='word_1_142' title='bbox 1750 1507 1766 1531; x_wconf 89' lang='lat'><strong>,</strong></span> 
     </span>
    </p>
   </div>
   <div class='ocr_carea' id='block_1_20' title="bbox 163 1559 1767 1630">
    <p class='ocr_par' dir='ltr' id='par_1_20' title="bbox 163 1559 1767 1630">
     <span class='ocr_line' id='line_1_21' title="bbox 163 1559 1767 1630; baseline 0 -16"><span class='ocrx_word' id='word_1_143' title='bbox 163 1563 349 1630; x_wconf 79' lang='lat' dir='ltr'><strong>ipsum</strong></span> <span class='ocrx_word' id='word_1_144' title='bbox 380 1562 450 1615; x_wconf 89' lang='lat' dir='ltr'><strong>ad</strong></span> <span class='ocrx_word' id='word_1_145' title='bbox 484 1577 726 1615; x_wconf 89' lang='lat' dir='ltr'><strong>mensam</strong></span> <span class='ocrx_word' id='word_1_146' title='bbox 757 1561 1030 1616; x_wconf 87' lang='lat' dir='ltr'><strong>sedentem</strong></span> <span class='ocrx_word' id='word_1_147' title='bbox 1059 1560 1392 1625; x_wconf 84' lang='lat' dir='ltr'><strong>disseruisse,</strong></span> <span class='ocrx_word' id='word_1_148' title='bbox 1427 1574 1526 1613; x_wconf 89' lang='lat' dir='ltr'><strong>nos</strong></span> <span class='ocrx_word' id='word_1_149' title='bbox 1565 1559 1767 1614; x_wconf 84' lang='lat' dir='ltr'><strong>docen-</strong></span> 
     </span>
    </p>
   </div>
   <div class='ocr_carea' id='block_1_21' title="bbox 163 1650 1767 1721">
    <p class='ocr_par' dir='ltr' id='par_1_21' title="bbox 163 1650 1767 1721">
     <span class='ocr_line' id='line_1_22' title="bbox 163 1650 1767 1721; baseline -0.001 -15"><span class='ocrx_word' id='word_1_150' title='bbox 163 1663 276 1706; x_wconf 84' lang='lat' dir='ltr'><strong>tem</strong></span> <span class='ocrx_word' id='word_1_151' title='bbox 327 1653 411 1707; x_wconf 87' lang='lat' dir='ltr'><strong>his</strong></span> <span class='ocrx_word' id='word_1_152' title='bbox 442 1653 618 1706; x_wconf 84' lang='lat' dir='ltr'><strong>omnia</strong></span> <span class='ocrx_word' id='word_1_153' title='bbox 668 1667 790 1706; x_wconf 90' lang='lat' dir='ltr'><strong>esse</strong></span> <span class='ocrx_word' id='word_1_154' title='bbox 830 1651 1218 1721; x_wconf 85' lang='lat' dir='ltr'><strong>postponcnda.</strong></span> <span class='ocrx_word' id='word_1_155' title='bbox 1263 1650 1627 1721; x_wconf 85' lang='lat' dir='ltr'><strong>lmaginamini</strong></span> <span class='ocrx_word' id='word_1_156' title='bbox 1667 1652 1767 1706; x_wconf 86' lang='lat' dir='ltr'><strong>do-</strong></span> 
     </span>
    </p>
   </div>
   <div class='ocr_carea' id='block_1_22' title="bbox 162 1742 1768 1813">
    <p class='ocr_par' dir='ltr' id='par_1_22' title="bbox 162 1742 1768 1813">
     <span class='ocr_line' id='line_1_23' title="bbox 162 1742 1768 1813; baseline -0.001 -15"><span class='ocrx_word' id='word_1_157' title='bbox 162 1760 319 1798; x_wconf 87' lang='lat' dir='ltr'><strong>mum</strong></span> <span class='ocrx_word' id='word_1_158' title='bbox 354 1745 500 1797; x_wconf 87' lang='lat' dir='ltr'><strong>illam</strong></span> <span class='ocrx_word' id='word_1_159' title='bbox 521 1786 536 1808; x_wconf 93' lang='lat'><strong>,</strong></span> <span class='ocrx_word' id='word_1_160' title='bbox 571 1743 622 1797; x_wconf 92' lang='lat' dir='ltr'><strong>in</strong></span> <span class='ocrx_word' id='word_1_161' title='bbox 651 1759 754 1813; x_wconf 87' lang='lat' dir='ltr'><strong>qua</strong></span> <span class='ocrx_word' id='word_1_162' title='bbox 801 1742 1076 1812; x_wconf 81' lang='lat' dir='ltr'><strong>lampades</strong></span> <span class='ocrx_word' id='word_1_163' title='bbox 1105 1752 1297 1808; x_wconf 90' lang='lat' dir='ltr'><strong>erant,</strong></span> <span class='ocrx_word' id='word_1_164' title='bbox 1329 1742 1417 1796; x_wconf 90' lang='lat' dir='ltr'><strong>ubi</strong></span> <span class='ocrx_word' id='word_1_165' title='bbox 1461 1743 1647 1807; x_wconf 87' lang='lat' dir='ltr'><strong>turba,</strong></span> <span class='ocrx_word' id='word_1_166' title='bbox 1679 1744 1768 1797; x_wconf 92' lang='lat' dir='ltr'><strong>ubi</strong></span> 
     </span>
    </p>
   </div>
   <div class='ocr_carea' id='block_1_23' title="bbox 163 1836 1767 1902">
    <p class='ocr_par' dir='ltr' id='par_1_23' title="bbox 163 1836 1767 1902">
     <span class='ocr_line' id='line_1_24' title="bbox 163 1836 1767 1902; baseline 0 -10"><span class='ocrx_word' id='word_1_167' title='bbox 163 1837 368 1892; x_wconf 79' lang='lat' dir='ltr'><strong>Paulus</strong></span> <span class='ocrx_word' id='word_1_168' title='bbox 399 1838 609 1892; x_wconf 88' lang='lat' dir='ltr'><strong>medius</strong></span> <span class='ocrx_word' id='word_1_169' title='bbox 637 1837 964 1902; x_wconf 87' lang='lat' dir='ltr'><strong>disserebat,</strong></span> <span class='ocrx_word' id='word_1_170' title='bbox 999 1837 1086 1890; x_wconf 90' lang='lat' dir='ltr'><strong>ubi</strong></span> <span class='ocrx_word' id='word_1_171' title='bbox 1117 1836 1378 1892; x_wconf 89' lang='lat' dir='ltr'><strong>fenestras</strong></span> <span class='ocrx_word' id='word_1_172' title='bbox 1413 1837 1566 1891; x_wconf 90' lang='lat' dir='ltr'><strong>multi</strong></span> <span class='ocrx_word' id='word_1_173' title='bbox 1603 1852 1767 1892; x_wconf 89' lang='lat' dir='ltr'><strong>occu-</strong></span> 
     </span>
    </p>
   </div>
   <div class='ocr_carea' id='block_1_24' title="bbox 164 1928 1769 2000">
    <p class='ocr_par' dir='ltr' id='par_1_24' title="bbox 164 1928 1769 2000">
     <span class='ocr_line' id='line_1_25' title="bbox 164 1928 1769 2000; baseline 0 -18"><span class='ocrx_word' id='word_1_174' title='bbox 164 1931 368 2000; x_wconf 83' lang='lat' dir='ltr'><strong>pabant</strong></span> <span class='ocrx_word' id='word_1_175' title='bbox 389 1972 403 1994; x_wconf 97' lang='lat'><strong>,</strong></span> <span class='ocrx_word' id='word_1_176' title='bbox 450 1940 508 1983; x_wconf 88' lang='lat' dir='ltr'><strong>ut</strong></span> <span class='ocrx_word' id='word_1_177' title='bbox 533 1929 714 1983; x_wconf 85' lang='lat' dir='ltr'><strong>tubam</strong></span> <span class='ocrx_word' id='word_1_178' title='bbox 745 1929 888 1982; x_wconf 81' lang='lat' dir='ltr'><strong>illam</strong></span> <span class='ocrx_word' id='word_1_179' title='bbox 921 1928 1202 1995; x_wconf 81' lang='lat' dir='ltr'><strong>audirent,</strong></span> <span class='ocrx_word' id='word_1_180' title='bbox 1241 1938 1298 1984; x_wconf 91' lang='lat' dir='ltr'><strong>et</strong></span> <span class='ocrx_word' id='word_1_181' title='bbox 1323 1929 1617 1999; x_wconf 89' lang='lat' dir='ltr'><strong>gratiosum</strong></span> <span class='ocrx_word' id='word_1_182' title='bbox 1648 1928 1769 1982; x_wconf 85' lang='lat' dir='ltr'><strong>vul-</strong></span> 
     </span>
    </p>
   </div>
   <div class='ocr_carea' id='block_1_25' title="bbox 164 2019 1768 2091">
    <p class='ocr_par' dir='ltr' id='par_1_25' title="bbox 164 2019 1768 2091">
     <span class='ocr_line' id='line_1_26' title="bbox 164 2019 1768 2091; baseline 0.001 -18"><span class='ocrx_word' id='word_1_183' title='bbox 164 2031 281 2074; x_wconf 88' lang='lat' dir='ltr'><strong>tum</strong></span> <span class='ocrx_word' id='word_1_184' title='bbox 313 2021 658 2089; x_wconf 78' lang='lat' dir='ltr'><strong>inspicerent.</strong></span> <span class='ocrx_word' id='word_1_185' title='bbox 693 2021 888 2088; x_wconf 78' lang='lat' dir='ltr'><strong>Quales</strong></span> <span class='ocrx_word' id='word_1_186' title='bbox 917 2019 1081 2075; x_wconf 88' lang='lat' dir='ltr'><strong>fuisse</strong></span> <span class='ocrx_word' id='word_1_187' title='bbox 1111 2020 1404 2086; x_wconf 88' lang='lat' dir='ltr'><strong>auditores,</strong></span> <span class='ocrx_word' id='word_1_188' title='bbox 1435 2031 1487 2075; x_wconf 87' lang='lat' dir='ltr'><strong>et</strong></span> <span class='ocrx_word' id='word_1_189' title='bbox 1514 2029 1768 2091; x_wconf 82' lang='lat' dir='ltr'><strong>quantam</strong></span> 
     </span>
    </p>
   </div>
   <div class='ocr_carea' id='block_1_26' title="bbox 166 2109 1769 2182">
    <p class='ocr_par' dir='ltr' id='par_1_26' title="bbox 166 2109 1769 2182">
     <span class='ocr_line' id='line_1_27' title="bbox 166 2109 1769 2182; baseline 0.001 -18"><span class='ocrx_word' id='word_1_190' title='bbox 166 2111 295 2166; x_wconf 83' lang='lat' dir='ltr'><strong>hinc</strong></span> <span class='ocrx_word' id='word_1_191' title='bbox 345 2112 622 2182; x_wconf 70' lang='lat' dir='ltr'><strong>accepisse</strong></span> <span class='ocrx_word' id='word_1_192' title='bbox 681 2112 1010 2180; x_wconf 83' lang='lat' dir='ltr'><strong>voluptatem</strong></span> <span class='ocrx_word' id='word_1_193' title='bbox 1068 2111 1253 2180; x_wconf 89' lang='lat' dir='ltr'><strong>putas?</strong></span> <span class='ocrx_word' id='word_1_194' title='bbox 1302 2109 1409 2165; x_wconf 85' lang='lat' dir='ltr'><strong>Cur</strong></span> <span class='ocrx_word' id='word_1_195' title='bbox 1438 2122 1619 2167; x_wconf 90' lang='lat' dir='ltr'><strong>autem</strong></span> <span class='ocrx_word' id='word_1_196' title='bbox 1672 2127 1769 2166; x_wconf 84' lang='lat' dir='ltr'><strong>no-</strong></span> 
     </span>
    </p>
   </div>
   <div class='ocr_carea' id='block_1_27' title="bbox 166 2203 1767 2271">
    <p class='ocr_par' dir='ltr' id='par_1_27' title="bbox 166 2203 1767 2271">
     <span class='ocr_line' id='line_1_28' title="bbox 166 2203 1767 2271; baseline -0.001 -15"><span class='ocrx_word' id='word_1_197' title='bbox 166 2212 253 2256; x_wconf 88' lang='lat' dir='ltr'><strong>ctu</strong></span> <span class='ocrx_word' id='word_1_198' title='bbox 296 2203 639 2257; x_wconf 70' lang='lat' dir='ltr'><strong>diSsercliat?</strong></span> <span class='ocrx_word' id='word_1_199' title='bbox 679 2203 811 2268; x_wconf 87' lang='lat' dir='ltr'><strong>Quia</strong></span> <span class='ocrx_word' id='word_1_200' title='bbox 853 2205 1175 2271; x_wconf 84' lang='lat' dir='ltr'><strong>migraturus</strong></span> <span class='ocrx_word' id='word_1_201' title='bbox 1214 2214 1328 2258; x_wconf 89' lang='lat' dir='ltr'><strong>erat</strong></span> <span class='ocrx_word' id='word_1_202' title='bbox 1353 2245 1368 2268; x_wconf 93' lang='lat'><strong>,</strong></span> <span class='ocrx_word' id='word_1_203' title='bbox 1395 2215 1447 2256; x_wconf 91' lang='lat' dir='ltr'><strong>et</strong></span> <span class='ocrx_word' id='word_1_204' title='bbox 1477 2219 1584 2257; x_wconf 88' lang='lat' dir='ltr'><strong>non</strong></span> <span class='ocrx_word' id='word_1_205' title='bbox 1633 2203 1767 2257; x_wconf 82' lang='lat' dir='ltr'><strong>ultra</strong></span> 
     </span>
    </p>
   </div>
   <div class='ocr_carea' id='block_1_28' title="bbox 167 2294 1770 2364">
    <p class='ocr_par' dir='ltr' id='par_1_28' title="bbox 167 2294 1770 2364">
     <span class='ocr_line' id='line_1_29' title="bbox 167 2294 1770 2364; baseline 0.002 -18"><span class='ocrx_word' id='word_1_206' title='bbox 167 2294 346 2361; x_wconf 79' lang='lat' dir='ltr'><strong>ipsum</strong></span> <span class='ocrx_word' id='word_1_207' title='bbox 377 2294 545 2348; x_wconf 84' lang='lat' dir='ltr'><strong>visuri</strong></span> <span class='ocrx_word' id='word_1_208' title='bbox 573 2303 733 2348; x_wconf 87' lang='lat' dir='ltr'><strong>erant</strong></span> <span class='ocrx_word' id='word_1_209' title='bbox 761 2312 773 2345; x_wconf 88' lang='lat'>:</span> <span class='ocrx_word' id='word_1_210' title='bbox 811 2310 994 2347; x_wconf 81' lang='lat' dir='ltr'><strong>verum</strong></span> <span class='ocrx_word' id='word_1_211' title='bbox 1028 2295 1130 2348; x_wconf 91' lang='lat' dir='ltr'><strong>hoc</strong></span> <span class='ocrx_word' id='word_1_212' title='bbox 1159 2309 1264 2347; x_wconf 91' lang='lat' dir='ltr'><strong>non</strong></span> <span class='ocrx_word' id='word_1_213' title='bbox 1299 2295 1402 2348; x_wconf 91' lang='lat' dir='ltr'><strong>illis</strong></span> <span class='ocrx_word' id='word_1_214' title='bbox 1422 2335 1438 2358; x_wconf 89' lang='lat'><strong>,</strong></span> <span class='ocrx_word' id='word_1_215' title='bbox 1473 2303 1660 2364; x_wconf 91' lang='lat' dir='ltr'><strong>utpote</strong></span> <span class='ocrx_word' id='word_1_216' title='bbox 1691 2296 1770 2349; x_wconf 75' lang='lat' dir='ltr'><strong>in-</strong></span> 
     </span>
    </p>
   </div>
   <div class='ocr_carea' id='block_1_29' title="bbox 167 2385 1768 2454">
    <p class='ocr_par' dir='ltr' id='par_1_29' title="bbox 167 2385 1768 2454">
     <span class='ocr_line' id='line_1_30' title="bbox 167 2385 1768 2454; baseline 0.002 -16"><span class='ocrx_word' id='word_1_217' title='bbox 167 2385 521 2450; x_wconf 88' lang='lat' dir='ltr'><strong>firmioribus,</strong></span> <span class='ocrx_word' id='word_1_218' title='bbox 554 2386 705 2448; x_wconf 86' lang='lat' dir='ltr'><strong>dicit,</strong></span> <span class='ocrx_word' id='word_1_219' title='bbox 738 2386 829 2439; x_wconf 87' lang='lat' dir='ltr'><strong>sed</strong></span> <span class='ocrx_word' id='word_1_220' title='bbox 858 2387 974 2440; x_wconf 83' lang='lat' dir='ltr'><strong>aliis</strong></span> <span class='ocrx_word' id='word_1_221' title='bbox 1001 2386 1236 2444; x_wconf 85' lang='lat' dir='ltr'><strong>dicebat,</strong></span> <span class='ocrx_word' id='word_1_222' title='bbox 1263 2385 1400 2453; x_wconf 88' lang='lat' dir='ltr'><strong>Quin</strong></span> <span class='ocrx_word' id='word_1_223' title='bbox 1421 2397 1474 2441; x_wconf 92' lang='lat' dir='ltr'><strong>et</strong></span> <span class='ocrx_word' id='word_1_224' title='bbox 1502 2395 1768 2454; x_wconf 79' lang='lat' dir='ltr'><strong>patratum</strong></span> 
     </span>
    </p>
   </div>
   <div class='ocr_carea' id='block_1_30' title="bbox 165 2477 1768 2546">
    <p class='ocr_par' dir='ltr' id='par_1_30' title="bbox 165 2477 1768 2546">
     <span class='ocr_line' id='line_1_31' title="bbox 165 2477 1768 2546; baseline 0.002 -16"><span class='ocrx_word' id='word_1_225' title='bbox 165 2477 487 2530; x_wconf 85' lang='lat' dir='ltr'><strong>miraculum</strong></span> <span class='ocrx_word' id='word_1_226' title='bbox 529 2477 580 2530; x_wconf 91' lang='lat' dir='ltr'><strong>id</strong></span> <span class='ocrx_word' id='word_1_227' title='bbox 628 2477 929 2541; x_wconf 89' lang='lat' dir='ltr'><strong>efliciebat,</strong></span> <span class='ocrx_word' id='word_1_228' title='bbox 951 2478 1018 2530; x_wconf 76' lang='lat' dir='ltr'><strong>&#39;ut</strong></span> <span class='ocrx_word' id='word_1_229' title='bbox 1043 2493 1258 2546; x_wconf 86' lang='lat' dir='ltr'><strong>semper</strong></span> <span class='ocrx_word' id='word_1_230' title='bbox 1285 2479 1457 2532; x_wconf 87' lang='lat' dir='ltr'><strong>noctis</strong></span> <span class='ocrx_word' id='word_1_231' title='bbox 1486 2479 1627 2533; x_wconf 85' lang='lat' dir='ltr'><strong>illius</strong></span> <span class='ocrx_word' id='word_1_232' title='bbox 1653 2495 1768 2533; x_wconf 84' lang='lat' dir='ltr'><strong>tne-</strong></span> 
     </span>
    </p>
   </div>
   <div class='ocr_carea' id='block_1_31' title="bbox 166 2568 1770 2641">
    <p class='ocr_par' dir='ltr' id='par_1_31' title="bbox 166 2568 1770 2641">
     <span class='ocr_line' id='line_1_32' title="bbox 166 2568 1770 2641; baseline 0.002 -20"><span class='ocrx_word' id='word_1_233' title='bbox 166 2569 398 2622; x_wconf 87' lang='lat' dir='ltr'><strong>moriam</strong></span> <span class='ocrx_word' id='word_1_234' title='bbox 432 2580 734 2623; x_wconf 87' lang='lat' dir='ltr'><strong>servarent.</strong></span> <span class='ocrx_word' id='word_1_235' title='bbox 780 2568 967 2638; x_wconf 80' lang='lat' dir='ltr'><strong>Magna</strong></span> <span class='ocrx_word' id='word_1_236' title='bbox 995 2569 1299 2623; x_wconf 88' lang='lat' dir='ltr'><strong>auditorum</strong></span> <span class='ocrx_word' id='word_1_237' title='bbox 1327 2569 1573 2640; x_wconf 82' lang='lat' dir='ltr'><strong>voluptas</strong></span> <span class='ocrx_word' id='word_1_238' title='bbox 1596 2612 1609 2634; x_wconf 92' lang='lat'><strong>,</strong></span> <span class='ocrx_word' id='word_1_239' title='bbox 1649 2586 1770 2641; x_wconf 73' lang='lat' dir='ltr'><strong>qua:</strong></span> 
     </span>
    </p>
   </div>
   <div class='ocr_carea' id='block_1_32' title="bbox 166 2643 1767 2732">
    <p class='ocr_par' dir='ltr' id='par_1_32' title="bbox 166 2643 1767 2732">
     <span class='ocr_line' id='line_1_33' title="bbox 166 2643 1767 2732; baseline 0.001 -18"><span class='ocrx_word' id='word_1_240' title='bbox 166 2659 333 2714; x_wconf 87' lang='lat' dir='ltr'><strong>etiam</strong></span> <span class='ocrx_word' id='word_1_241' title='bbox 375 2643 730 2716; x_wconf 62' lang='lat' dir='ltr'><strong>interiurbata</strong></span> <span class='ocrx_word' id='word_1_242' title='bbox 777 2661 942 2729; x_wconf 87' lang='lat' dir='ltr'><strong>magis</strong></span> <span class='ocrx_word' id='word_1_243' title='bbox 977 2659 1199 2714; x_wconf 88' lang='lat' dir='ltr'><strong>adaucta</strong></span> <span class='ocrx_word' id='word_1_244' title='bbox 1243 2660 1370 2725; x_wconf 86' lang='lat' dir='ltr'><strong>fuit;</strong></span> <span class='ocrx_word' id='word_1_245' title='bbox 1401 2671 1562 2732; x_wconf 88' lang='lat' dir='ltr'><strong>atque</strong></span> <span class='ocrx_word' id='word_1_246' title='bbox 1594 2663 1665 2715; x_wconf 87' lang='lat' dir='ltr'><strong>ita</strong></span> <span class='ocrx_word' id='word_1_247' title='bbox 1715 2663 1767 2716; x_wconf 92' lang='lat' dir='ltr'><strong>in</strong></span> 
     </span>
    </p>
   </div>
   <div class='ocr_carea' id='block_1_33' title="bbox 167 2751 1771 2825">
    <p class='ocr_par' dir='ltr' id='par_1_33' title="bbox 167 2751 1771 2825">
     <span class='ocr_line' id='line_1_34' title="bbox 167 2751 1771 2825; baseline 0.002 -21"><span class='ocrx_word' id='word_1_248' title='bbox 167 2751 410 2805; x_wconf 87' lang='lat' dir='ltr'><strong>doctoris</strong></span> <span class='ocrx_word' id='word_1_249' title='bbox 429 2752 662 2821; x_wconf 83' lang='lat' dir='ltr'><strong>gratiam</strong></span> <span class='ocrx_word' id='word_1_250' title='bbox 683 2766 840 2806; x_wconf 88' lang='lat' dir='ltr'><strong>casus</strong></span> <span class='ocrx_word' id='word_1_251' title='bbox 863 2751 951 2806; x_wconf 91' lang='lat' dir='ltr'><strong>ille</strong></span> <span class='ocrx_word' id='word_1_252' title='bbox 972 2753 1170 2807; x_wconf 82' lang='lat' dir='ltr'><strong>evenit.</strong></span> <span class='ocrx_word' id='word_1_253' title='bbox 1197 2753 1448 2824; x_wconf 84' lang='lat' dir='ltr'><strong>Alioquin</strong></span> <span class='ocrx_word' id='word_1_254' title='bbox 1473 2769 1601 2809; x_wconf 91' lang='lat' dir='ltr'><strong>vero</strong></span> <span class='ocrx_word' id='word_1_255' title='bbox 1620 2754 1771 2825; x_wconf 86' lang='lat' dir='ltr'><strong>igna-</strong></span> 
     </span>
    </p>
   </div>
   <div class='ocr_carea' id='block_1_34' title="bbox 169 2842 1771 2914">
    <p class='ocr_par' dir='ltr' id='par_1_34' title="bbox 169 2842 1771 2914">
     <span class='ocr_line' id='line_1_35' title="bbox 169 2842 1771 2914; baseline 0.004 -21"><span class='ocrx_word' id='word_1_256' title='bbox 169 2858 265 2896; x_wconf 84' lang='lat' dir='ltr'><strong>vos</strong></span> <span class='ocrx_word' id='word_1_257' title='bbox 293 2859 486 2897; x_wconf 88' lang='lat' dir='ltr'><strong>omnes</strong></span> <span class='ocrx_word' id='word_1_258' title='bbox 511 2842 605 2897; x_wconf 91' lang='lat' dir='ltr'><strong>ille</strong></span> <span class='ocrx_word' id='word_1_259' title='bbox 633 2842 1007 2911; x_wconf 88' lang='lat' dir='ltr'><strong>inerepaturus</strong></span> <span class='ocrx_word' id='word_1_260' title='bbox 1033 2852 1170 2908; x_wconf 89' lang='lat' dir='ltr'><strong>erat,</strong></span> <span class='ocrx_word' id='word_1_261' title='bbox 1203 2844 1294 2914; x_wconf 89' lang='lat' dir='ltr'><strong>qui</strong></span> <span class='ocrx_word' id='word_1_262' title='bbox 1321 2853 1564 2899; x_wconf 87' lang='lat' dir='ltr'><strong>nmrtuus</strong></span> <span class='ocrx_word' id='word_1_263' title='bbox 1588 2855 1690 2909; x_wconf 91' lang='lat' dir='ltr'><strong>est,</strong></span> <span class='ocrx_word' id='word_1_264' title='bbox 1715 2856 1771 2900; x_wconf 90' lang='lat' dir='ltr'><strong>ut</strong></span> 
     </span>
    </p>
   </div>
   <div class='ocr_carea' id='block_1_35' title="bbox 171 2933 1771 3005">
    <p class='ocr_par' dir='ltr' id='par_1_35' title="bbox 171 2933 1771 3005">
     <span class='ocr_line' id='line_1_36' title="bbox 171 2933 1771 3005; baseline 0.003 -19"><span class='ocrx_word' id='word_1_265' title='bbox 171 2933 399 2986; x_wconf 82' lang='lat' dir='ltr'><strong>Paulum</strong></span> <span class='ocrx_word' id='word_1_266' title='bbox 432 2934 663 2987; x_wconf 79' lang='lat' dir='ltr'><strong>audiret.</strong></span> <span class='ocrx_word' id='word_1_267' title='bbox 695 2935 761 2988; x_wconf 78' lang='lat' dir='ltr'><strong>Et</strong></span> <span class='ocrx_word' id='word_1_268' title='bbox 785 2950 901 2992; x_wconf 90' lang='lat' dir='ltr'><strong>cur.</strong></span> <span class='ocrx_word' id='word_1_269' title='bbox 927 2934 1136 3005; x_wconf 87' lang='lat' dir='ltr'><strong>inquies</strong></span> <span class='ocrx_word' id='word_1_270' title='bbox 1156 2976 1169 2998; x_wconf 95' lang='lat'><strong>,</strong></span> <span class='ocrx_word' id='word_1_271' title='bbox 1204 2935 1411 3005; x_wconf 87' lang='lat' dir='ltr'><strong>singula</strong></span> <span class='ocrx_word' id='word_1_272' title='bbox 1441 2945 1689 2990; x_wconf 79' lang='lat' dir='ltr'><strong>recenset</strong></span> <span class='ocrx_word' id='word_1_273' title='bbox 1716 2945 1771 2991; x_wconf 83' lang='lat' dir='ltr'><strong>et</strong></span> 
     </span>
    </p>
   </div>
   <div class='ocr_carea' id='block_1_36' title="bbox 168 3026 1770 3098">
    <p class='ocr_par' dir='ltr' id='par_1_36' title="bbox 168 3026 1770 3098">
     <span class='ocr_line' id='line_1_37' title="bbox 168 3026 1770 3098; baseline 0.003 -20"><span class='ocrx_word' id='word_1_274' title='bbox 168 3027 314 3080; x_wconf 89' lang='lat' dir='ltr'><strong>unde</strong></span> <span class='ocrx_word' id='word_1_275' title='bbox 343 3027 610 3090; x_wconf 78' lang='lat' dir='ltr'><strong>venerint,</strong></span> <span class='ocrx_word' id='word_1_276' title='bbox 642 3039 696 3081; x_wconf 88' lang='lat' dir='ltr'><strong>et</strong></span> <span class='ocrx_word' id='word_1_277' title='bbox 723 3042 831 3096; x_wconf 93' lang='lat' dir='ltr'><strong>quo</strong></span> <span class='ocrx_word' id='word_1_278' title='bbox 846 3026 1160 3097; x_wconf 76' lang='lat' dir='ltr'><strong>migrarint,</strong></span> <span class='ocrx_word' id='word_1_279' title='bbox 1193 3037 1248 3082; x_wconf 90' lang='lat' dir='ltr'><strong>et.</strong></span> <span class='ocrx_word' id='word_1_280' title='bbox 1272 3044 1440 3098; x_wconf 90' lang='lat' dir='ltr'><strong>quare</strong></span> <span class='ocrx_word' id='word_1_281' title='bbox 1471 3029 1560 3084; x_wconf 88' lang='lat' dir='ltr'><strong>ille</strong></span> <span class='ocrx_word' id='word_1_282' title='bbox 1584 3031 1770 3084; x_wconf 90' lang='lat' dir='ltr'><strong>demo-</strong></span> 
     </span>
    </p>
   </div>
   <div class='ocr_carea' id='block_1_37' title="bbox 170 3119 1770 3189">
    <p class='ocr_par' dir='ltr' id='par_1_37' title="bbox 170 3119 1770 3189">
     <span class='ocr_line' id='line_1_38' title="bbox 170 3119 1770 3189; baseline 0.003 -18"><span class='ocrx_word' id='word_1_283' title='bbox 170 3129 321 3173; x_wconf 79' lang='lat' dir='ltr'><strong>ratus</strong></span> <span class='ocrx_word' id='word_1_284' title='bbox 346 3119 451 3183; x_wconf 88' lang='lat' dir='ltr'><strong>sit,</strong></span> <span class='ocrx_word' id='word_1_285' title='bbox 494 3134 558 3172; x_wconf 90' lang='lat' dir='ltr'><strong>ac</strong></span> <span class='ocrx_word' id='word_1_286' title='bbox 596 3134 728 3187; x_wconf 84' lang='lat' dir='ltr'><strong>quas</strong></span> <span class='ocrx_word' id='word_1_287' title='bbox 766 3119 926 3174; x_wconf 88' lang='lat' dir='ltr'><strong>etiam</strong></span> <span class='ocrx_word' id='word_1_288' title='bbox 956 3129 1132 3188; x_wconf 87' lang='lat' dir='ltr'><strong>partes</strong></span> <span class='ocrx_word' id='word_1_289' title='bbox 1173 3120 1671 3189; x_wconf 70' lang='lat' dir='ltr'><strong>prteternavigarit?</strong></span> <span class='ocrx_word' id='word_1_290' title='bbox 1703 3120 1770 3176; x_wconf 87' lang='lat' dir='ltr'><strong>Ut</strong></span> 
     </span>
    </p>
   </div>
   <div class='ocr_carea' id='block_1_38' title="bbox 171 3208 1765 3279">
    <p class='ocr_par' dir='ltr' id='par_1_38' title="bbox 171 3208 1765 3279">
     <span class='ocr_line' id='line_1_39' title="bbox 171 3208 1765 3279; baseline 0.002 -18"><span class='ocrx_word' id='word_1_291' title='bbox 171 3210 389 3262; x_wconf 89' lang='lat' dir='ltr'><strong>interim</strong></span> <span class='ocrx_word' id='word_1_292' title='bbox 421 3209 773 3272; x_wconf 89' lang='lat' dir='ltr'><strong>ostenderet,</strong></span> <span class='ocrx_word' id='word_1_293' title='bbox 824 3208 971 3262; x_wconf 93' lang='lat' dir='ltr'><strong>illum</strong></span> <span class='ocrx_word' id='word_1_294' title='bbox 1003 3209 1231 3263; x_wconf 88' lang='lat' dir='ltr'><strong>lentiore</strong></span> <span class='ocrx_word' id='word_1_295' title='bbox 1259 3223 1419 3264; x_wconf 91' lang='lat' dir='ltr'><strong>cursu</strong></span> <span class='ocrx_word' id='word_1_296' title='bbox 1451 3210 1765 3279; x_wconf 81' lang='lat' dir='ltr'><strong>navigasse,</strong></span> 
     </span>
    </p>
   </div>
   <div class='ocr_carea' id='block_1_39' title="bbox 172 3301 1765 3372">
    <p class='ocr_par' dir='ltr' id='par_1_39' title="bbox 172 3301 1765 3372">
     <span class='ocr_line' id='line_1_40' title="bbox 172 3301 1765 3372; baseline 0.003 -20"><span class='ocrx_word' id='word_1_297' title='bbox 172 3302 334 3370; x_wconf 87' lang='lat' dir='ltr'><strong>idque</strong></span> <span class='ocrx_word' id='word_1_298' title='bbox 373 3302 607 3355; x_wconf 89' lang='lat' dir='ltr'><strong>humana</strong></span> <span class='ocrx_word' id='word_1_299' title='bbox 636 3301 864 3366; x_wconf 84' lang='lat' dir='ltr'><strong>ratione,</strong></span> <span class='ocrx_word' id='word_1_300' title='bbox 895 3310 1053 3370; x_wconf 90' lang='lat' dir='ltr'><strong>atque</strong></span> <span class='ocrx_word' id='word_1_301' title='bbox 1076 3301 1238 3355; x_wconf 89' lang='lat' dir='ltr'><strong>etiam</strong></span> <span class='ocrx_word' id='word_1_302' title='bbox 1272 3301 1765 3372; x_wconf 71' lang='lat' dir='ltr'><strong>praeternavigasse.</strong></span> 
     </span>
    </p>
   </div>
   <div class='ocr_carea' id='block_1_40' title="bbox 174 3390 1770 3461">
    <p class='ocr_par' dir='ltr' id='par_1_40' title="bbox 174 3390 1770 3461">
     <span class='ocr_line' id='line_1_41' title="bbox 174 3390 1770 3461; baseline 0.001 -16"><span class='ocrx_word' id='word_1_303' title='bbox 174 3392 523 3460; x_wconf 73' lang='lat' dir='ltr'><strong>Proposuerat</strong></span> <span class='ocrx_word' id='word_1_304' title='bbox 567 3392 704 3444; x_wconf 86' lang='lat' dir='ltr'><strong>enim</strong></span> <span class='ocrx_word' id='word_1_305' title='bbox 754 3394 1182 3461; x_wconf 77' lang='lat' dir='ltr'><strong>prteternavigare</strong></span> <span class='ocrx_word' id='word_1_306' title='bbox 1237 3390 1495 3461; x_wconf 83' lang='lat' dir='ltr'><strong>Ephes_um</strong></span> <span class='ocrx_word' id='word_1_307' title='bbox 1516 3435 1531 3458; x_wconf 92' lang='lat'><strong>,</strong></span> <span class='ocrx_word' id='word_1_308' title='bbox 1577 3402 1631 3446; x_wconf 85' lang='lat' dir='ltr'><strong>ut</strong></span> <span class='ocrx_word' id='word_1_309' title='bbox 1679 3410 1770 3447; x_wconf 79' lang='lat' dir='ltr'><strong>nec</strong></span> 
     </span>
    </p>
   </div>
   <div class='ocr_carea' id='block_1_41' title="bbox 173 3481 1772 3552">
    <p class='ocr_par' dir='ltr' id='par_1_41' title="bbox 173 3481 1772 3552">
     <span class='ocr_line' id='line_1_42' title="bbox 173 3481 1772 3552; baseline 0.002 -19"><span class='ocrx_word' id='word_1_310' title='bbox 173 3500 347 3545; x_wconf 87' lang='lat' dir='ltr'><strong>mora,</strong></span> <span class='ocrx_word' id='word_1_311' title='bbox 394 3483 598 3551; x_wconf 85' lang='lat' dir='ltr'><strong>inquit,</strong></span> <span class='ocrx_word' id='word_1_312' title='bbox 631 3483 708 3535; x_wconf 83' lang='lat' dir='ltr'><strong>illi</strong></span> <span class='ocrx_word' id='word_1_313' title='bbox 738 3492 862 3536; x_wconf 84' lang='lat' dir='ltr'><strong>esset</strong></span> <span class='ocrx_word' id='word_1_314' title='bbox 892 3483 944 3535; x_wconf 90' lang='lat' dir='ltr'><strong>in</strong></span> <span class='ocrx_word' id='word_1_315' title='bbox 971 3483 1112 3535; x_wconf 86' lang='lat' dir='ltr'><strong>Asia.</strong></span> <span class='ocrx_word' id='word_1_316' title='bbox 1144 3481 1329 3539; x_wconf 83' lang='lat' dir='ltr'><strong>Bene:</strong></span> <span class='ocrx_word' id='word_1_317' title='bbox 1360 3499 1464 3536; x_wconf 91' lang='lat' dir='ltr'><strong>non</strong></span> <span class='ocrx_word' id='word_1_318' title='bbox 1506 3484 1646 3537; x_wconf 88' lang='lat' dir='ltr'><strong>enim</strong></span> <span class='ocrx_word' id='word_1_319' title='bbox 1675 3499 1772 3552; x_wconf 90' lang='lat' dir='ltr'><strong>po-</strong></span> 
     </span>
    </p>
   </div>
   <div class='ocr_carea' id='block_1_42' title="bbox 177 3574 1768 3644">
    <p class='ocr_par' dir='ltr' id='par_1_42' title="bbox 177 3574 1768 3644">
     <span class='ocr_line' id='line_1_43' title="bbox 177 3574 1768 3644; baseline 0.003 -19"><span class='ocrx_word' id='word_1_320' title='bbox 177 3575 365 3629; x_wconf 89' lang='lat' dir='ltr'><strong>tuisset</strong></span> <span class='ocrx_word' id='word_1_321' title='bbox 386 3616 402 3640; x_wconf 92' lang='lat'><strong>,</strong></span> <span class='ocrx_word' id='word_1_322' title='bbox 434 3575 477 3626; x_wconf 84' lang='lat' dir='ltr'><strong>si</strong></span> <span class='ocrx_word' id='word_1_323' title='bbox 507 3574 598 3627; x_wconf 92' lang='lat' dir='ltr'><strong>illo</strong></span> <span class='ocrx_word' id='word_1_324' title='bbox 621 3574 877 3639; x_wconf 86' lang='lat' dir='ltr'><strong>venisset,</strong></span> <span class='ocrx_word' id='word_1_325' title='bbox 907 3575 1376 3644; x_wconf 70' lang='lat' dir='ltr'><strong>prmternavigare,</strong></span> <span class='ocrx_word' id='word_1_326' title='bbox 1408 3576 1531 3643; x_wconf 83' lang='lat' dir='ltr'><strong>quia</strong></span> <span class='ocrx_word' id='word_1_327' title='bbox 1563 3576 1768 3630; x_wconf 89' lang='lat' dir='ltr'><strong>noluis-</strong></span> 
     </span>
    </p>
   </div>
   <div class='ocr_carea' id='block_1_43' title="bbox 175 3665 1770 3735">
    <p class='ocr_par' dir='ltr' id='par_1_43' title="bbox 175 3665 1770 3735">
     <span class='ocr_line' id='line_1_44' title="bbox 175 3665 1770 3735; baseline 0.003 -19"><span class='ocrx_word' id='word_1_328' title='bbox 175 3675 257 3719; x_wconf 86' lang='lat' dir='ltr'><strong>set</strong></span> <span class='ocrx_word' id='word_1_329' title='bbox 275 3665 601 3719; x_wconf 81' lang='lat' dir='ltr'><strong>contristare</strong></span> <span class='ocrx_word' id='word_1_330' title='bbox 631 3665 771 3729; x_wconf 88' lang='lat' dir='ltr'><strong>illos,</strong></span> <span class='ocrx_word' id='word_1_331' title='bbox 796 3665 882 3734; x_wconf 89' lang='lat' dir='ltr'><strong>qui</strong></span> <span class='ocrx_word' id='word_1_332' title='bbox 910 3665 1081 3734; x_wconf 90' lang='lat' dir='ltr'><strong>ipsum</strong></span> <span class='ocrx_word' id='word_1_333' title='bbox 1113 3665 1377 3735; x_wconf 86' lang='lat' dir='ltr'><strong>precaturi</strong></span> <span class='ocrx_word' id='word_1_334' title='bbox 1402 3677 1554 3720; x_wconf 87' lang='lat' dir='ltr'><strong>erant</strong></span> <span class='ocrx_word' id='word_1_335' title='bbox 1580 3675 1636 3720; x_wconf 89' lang='lat' dir='ltr'><strong>ut</strong></span> <span class='ocrx_word' id='word_1_336' title='bbox 1657 3683 1770 3722; x_wconf 89' lang='lat' dir='ltr'><strong>ma-</strong></span> 
     </span>
    </p>
   </div>
   <div class='ocr_carea' id='block_1_44' title="bbox 179 3755 1766 3825">
    <p class='ocr_par' dir='ltr' id='par_1_44' title="bbox 179 3755 1766 3825">
     <span class='ocr_line' id='line_1_45' title="bbox 179 3755 1766 3825; baseline 0.004 -17"><span class='ocrx_word' id='word_1_337' title='bbox 179 3769 346 3812; x_wconf 72' lang='lat' dir='ltr'><strong>neret.</strong></span> <span class='ocrx_word' id='word_1_338' title='bbox 382 3755 483 3810; x_wconf 80' lang='lat' dir='ltr'><strong>Vel</strong></span> <span class='ocrx_word' id='word_1_339' title='bbox 520 3756 620 3810; x_wconf 86' lang='lat' dir='ltr'><strong>hac</strong></span> <span class='ocrx_word' id='word_1_340' title='bbox 663 3755 732 3811; x_wconf 85' lang='lat' dir='ltr'><strong>de</strong></span> <span class='ocrx_word' id='word_1_341' title='bbox 772 3772 932 3811; x_wconf 82' lang='lat' dir='ltr'><strong>causa</strong></span> <span class='ocrx_word' id='word_1_342' title='bbox 961 3767 1143 3822; x_wconf 88' lang='lat' dir='ltr'><strong>certe,</strong></span> <span class='ocrx_word' id='word_1_343' title='bbox 1173 3758 1255 3810; x_wconf 83' lang='lat' dir='ltr'><strong>vel</strong></span> <span class='ocrx_word' id='word_1_344' title='bbox 1284 3759 1423 3825; x_wconf 89' lang='lat' dir='ltr'><strong>quod</strong></span> <span class='ocrx_word' id='word_1_345' title='bbox 1469 3757 1766 3814; x_wconf 87' lang='lat' dir='ltr'><strong>festinaret.</strong></span> 
     </span>
    </p>
   </div>
   <div class='ocr_carea' id='block_1_45' title="bbox 182 3848 1770 3918">
    <p class='ocr_par' dir='ltr' id='par_1_45' title="bbox 182 3848 1770 3918">
     <span class='ocr_line' id='line_1_46' title="bbox 182 3848 1770 3918; baseline 0.001 -16"><span class='ocrx_word' id='word_1_346' title='bbox 182 3848 474 3903; x_wconf 77' lang='lat' dir='ltr'><strong>Festincbat</strong></span> <span class='ocrx_word' id='word_1_347' title='bbox 499 3850 656 3914; x_wconf 70' lang='grc' dir='ltr'><strong>ενιὶοη,</strong></span> <span class='ocrx_word' id='word_1_348' title='bbox 691 3848 890 3918; x_wconf 92' lang='lat' dir='ltr'><strong>inquit,</strong></span> <span class='ocrx_word' id='word_1_349' title='bbox 921 3859 976 3901; x_wconf 87' lang='lat' dir='ltr'><strong><em>ut</em></strong></span> <span class='ocrx_word' id='word_1_350' title='bbox 1000 3848 1438 3916; x_wconf 85' lang='lat' dir='ltr'><strong>sipossibileesset</strong></span> <span class='ocrx_word' id='word_1_351' title='bbox 1467 3849 1600 3904; x_wconf 83' lang='lat' dir='ltr'><strong>diem</strong></span> <span class='ocrx_word' id='word_1_352' title='bbox 1627 3848 1770 3904; x_wconf 83' lang='lat' dir='ltr'><strong>Pen-</strong></span> 
     </span>
    </p>
   </div>
   <div class='ocr_carea' id='block_1_46' title="bbox 179 3939 1770 4010">
    <p class='ocr_par' dir='ltr' id='par_1_46' title="bbox 179 3939 1770 4010">
     <span class='ocr_line' id='line_1_47' title="bbox 179 3939 1770 4010; baseline 0.006 -20"><span class='ocrx_word' id='word_1_353' title='bbox 179 3951 384 3993; x_wconf 80' lang='lat' dir='ltr'><strong>tecostes</strong></span> <span class='ocrx_word' id='word_1_354' title='bbox 424 3949 594 4009; x_wconf 80' lang='lat' dir='ltr'><strong>ageret</strong></span> <span class='ocrx_word' id='word_1_355' title='bbox 637 3940 990 4010; x_wconf 82' lang='lat' dir='ltr'><strong>Jerosolymis.</strong></span> <span class='ocrx_word' id='word_1_356' title='bbox 1040 3939 1165 3994; x_wconf 91' lang='lat' dir='ltr'><strong>Ideo</strong></span> <span class='ocrx_word' id='word_1_357' title='bbox 1207 3941 1366 4010; x_wconf 90' lang='lat' dir='ltr'><strong>igitur</strong></span> <span class='ocrx_word' id='word_1_358' title='bbox 1404 3957 1624 3998; x_wconf 90' lang='lat' dir='ltr'><strong>manere</strong></span> <span class='ocrx_word' id='word_1_359' title='bbox 1663 3959 1770 3999; x_wconf 90' lang='lat' dir='ltr'><strong>non</strong></span> 
     </span>
    </p>
   </div>
   <div class='ocr_carea' id='block_1_47' title="bbox 181 4030 1769 4104">
    <p class='ocr_par' dir='ltr' id='par_1_47' title="bbox 181 4030 1769 4104">
     <span class='ocr_line' id='line_1_48' title="bbox 181 4030 1769 4104; baseline 0.003 -20"><span class='ocrx_word' id='word_1_360' title='bbox 181 4042 406 4104; x_wconf 86' lang='lat' dir='ltr'><strong>poterat.</strong></span> <span class='ocrx_word' id='word_1_361' title='bbox 441 4031 576 4084; x_wconf 81' lang='lat' dir='ltr'><strong>Vide</strong></span> <span class='ocrx_word' id='word_1_362' title='bbox 619 4031 765 4084; x_wconf 72' lang='lat' dir='ltr'><strong>illiilli</strong></span> <span class='ocrx_word' id='word_1_363' title='bbox 808 4032 967 4086; x_wconf 90' lang='lat' dir='ltr'><strong>etiam</strong></span> <span class='ocrx_word' id='word_1_364' title='bbox 1015 4030 1246 4085; x_wconf 87' lang='lat' dir='ltr'><strong>lmmana</strong></span> <span class='ocrx_word' id='word_1_365' title='bbox 1278 4033 1482 4087; x_wconf 88' lang='lat' dir='ltr'><strong>ratione</strong></span> <span class='ocrx_word' id='word_1_366' title='bbox 1522 4036 1769 4102; x_wconf 86' lang='lat' dir='ltr'><strong>moveri,</strong></span> 
     </span>
    </p>
   </div>
   <div class='ocr_carea' id='block_1_48' title="bbox 181 4122 1771 4194">
    <p class='ocr_par' dir='ltr' id='par_1_48' title="bbox 181 4122 1771 4194">
     <span class='ocr_line' id='line_1_49' title="bbox 181 4122 1771 4194; baseline 0.003 -18"><span class='ocrx_word' id='word_1_367' title='bbox 181 4139 395 4192; x_wconf 87' lang='lat' dir='ltr'><strong>cupere,</strong></span> <span class='ocrx_word' id='word_1_368' title='bbox 428 4122 709 4187; x_wconf 83' lang='lat' dir='ltr'><strong>festinare,</strong></span> <span class='ocrx_word' id='word_1_369' title='bbox 733 4130 789 4176; x_wconf 90' lang='lat' dir='ltr'><strong>et</strong></span> <span class='ocrx_word' id='word_1_370' title='bbox 810 4137 953 4192; x_wconf 72' lang='lat' dir='ltr'><strong>stepe</strong></span> <span class='ocrx_word' id='word_1_371' title='bbox 979 4135 1219 4192; x_wconf 88' lang='lat' dir='ltr'><strong>optatum</strong></span> <span class='ocrx_word' id='word_1_372' title='bbox 1253 4136 1359 4176; x_wconf 90' lang='lat' dir='ltr'><strong>non</strong></span> <span class='ocrx_word' id='word_1_373' title='bbox 1385 4124 1620 4194; x_wconf 90' lang='lat' dir='ltr'><strong>assequi.</strong></span> <span class='ocrx_word' id='word_1_374' title='bbox 1647 4125 1771 4182; x_wconf 86' lang='lat' dir='ltr'><strong>Ideo</strong></span> 
     </span>
    </p>
   </div>
   <div class='ocr_carea' id='block_1_49' title="bbox 179 4212 1770 4284">
    <p class='ocr_par' dir='ltr' id='par_1_49' title="bbox 179 4212 1770 4284">
     <span class='ocr_line' id='line_1_50' title="bbox 179 4212 1770 4284; baseline 0 -15"><span class='ocrx_word' id='word_1_375' title='bbox 179 4226 352 4269; x_wconf 88' lang='lat' dir='ltr'><strong>autem</strong></span> <span class='ocrx_word' id='word_1_376' title='bbox 388 4214 504 4267; x_wconf 76' lang='lat' dir='ltr'><strong>ha-c</strong></span> <span class='ocrx_word' id='word_1_377' title='bbox 537 4213 689 4276; x_wconf 80' lang='lat' dir='ltr'><strong>finiit,</strong></span> <span class='ocrx_word' id='word_1_378' title='bbox 720 4223 775 4266; x_wconf 90' lang='lat' dir='ltr'><strong>ut</strong></span> <span class='ocrx_word' id='word_1_379' title='bbox 813 4228 881 4268; x_wconf 93' lang='lat' dir='ltr'><strong>nc</strong></span> <span class='ocrx_word' id='word_1_380' title='bbox 910 4222 1158 4283; x_wconf 88' lang='lat' dir='ltr'><strong>putemus</strong></span> <span class='ocrx_word' id='word_1_381' title='bbox 1186 4228 1247 4268; x_wconf 90' lang='lat' dir='ltr'><strong>ea</strong></span> <span class='ocrx_word' id='word_1_382' title='bbox 1279 4212 1443 4268; x_wconf 86' lang='lat' dir='ltr'><strong>fuisse</strong></span> <span class='ocrx_word' id='word_1_383' title='bbox 1472 4230 1632 4284; x_wconf 88' lang='lat' dir='ltr'><strong>supra</strong></span> <span class='ocrx_word' id='word_1_384' title='bbox 1669 4215 1770 4269; x_wconf 85' lang='lat' dir='ltr'><strong>hn-</strong></span> 
     </span>
    </p>
   </div>
   <div class='ocr_carea' id='block_1_50' title="bbox 183 4304 1770 4374">
    <p class='ocr_par' dir='ltr' id='par_1_50' title="bbox 183 4304 1770 4374">
     <span class='ocr_line' id='line_1_51' title="bbox 183 4304 1770 4374; baseline 0.001 -14"><span class='ocrx_word' id='word_1_385' title='bbox 183 4322 392 4360; x_wconf 87' lang='lat' dir='ltr'><strong>tuanam</strong></span> <span class='ocrx_word' id='word_1_386' title='bbox 443 4317 712 4359; x_wconf 88' lang='lat' dir='ltr'><strong>naturam.</strong></span> <span class='ocrx_word' id='word_1_387' title='bbox 759 4304 939 4358; x_wconf 89' lang='lat' dir='ltr'><strong>Sancti</strong></span> <span class='ocrx_word' id='word_1_388' title='bbox 989 4306 1186 4374; x_wconf 87' lang='lat' dir='ltr'><strong>quippe</strong></span> <span class='ocrx_word' id='word_1_389' title='bbox 1223 4313 1278 4358; x_wconf 90' lang='lat' dir='ltr'><strong>et</strong></span> <span class='ocrx_word' id='word_1_390' title='bbox 1323 4305 1502 4374; x_wconf 84' lang='lat' dir='ltr'><strong>magni</strong></span> <span class='ocrx_word' id='word_1_391' title='bbox 1551 4307 1627 4360; x_wconf 90' lang='lat' dir='ltr'><strong>illi</strong></span> <span class='ocrx_word' id='word_1_392' title='bbox 1671 4308 1770 4363; x_wconf 84' lang='lat' dir='ltr'><strong>viri</strong></span> 
     </span>
    </p>
   </div>
   <div class='ocr_carea' id='block_1_51' title="bbox 179 4397 1771 4470">
    <p class='ocr_par' dir='ltr' id='par_1_51' title="bbox 179 4397 1771 4470">
     <span class='ocr_line' id='line_1_52' title="bbox 179 4397 1771 4470; baseline 0.001 -18"><span class='ocrx_word' id='word_1_393' title='bbox 179 4401 419 4470; x_wconf 81' lang='lat' dir='ltr'><strong>ejusdem</strong></span> <span class='ocrx_word' id='word_1_394' title='bbox 454 4407 641 4459; x_wconf 76' lang='lat' dir='ltr'><strong>erant,</strong></span> <span class='ocrx_word' id='word_1_395' title='bbox 671 4399 824 4466; x_wconf 85' lang='lat' dir='ltr'><strong>cujus</strong></span> <span class='ocrx_word' id='word_1_396' title='bbox 855 4413 983 4463; x_wconf 92' lang='lat' dir='ltr'><strong>nos,</strong></span> <span class='ocrx_word' id='word_1_397' title='bbox 1030 4407 1271 4460; x_wconf 61' lang='lat' dir='ltr'><strong>naturas;</strong></span> <span class='ocrx_word' id='word_1_398' title='bbox 1304 4397 1543 4468; x_wconf 89' lang='lat' dir='ltr'><strong>ejusdem</strong></span> <span class='ocrx_word' id='word_1_399' title='bbox 1575 4400 1771 4455; x_wconf 86' lang='lat' dir='ltr'><strong>volun-</strong></span> 
     </span>
    </p>
   </div>
   <div class='ocr_carea' id='block_1_52' title="bbox 182 4490 1764 4560">
    <p class='ocr_par' dir='ltr' id='par_1_52' title="bbox 182 4490 1764 4560">
     <span class='ocr_line' id='line_1_53' title="bbox 182 4490 1764 4560; baseline 0.002 -14"><span class='ocrx_word' id='word_1_400' title='bbox 182 4494 301 4546; x_wconf 81' lang='lat' dir='ltr'><strong>tatis</strong></span> <span class='ocrx_word' id='word_1_401' title='bbox 337 4508 443 4544; x_wconf 90' lang='lat' dir='ltr'><strong>non</strong></span> <span class='ocrx_word' id='word_1_402' title='bbox 489 4492 616 4545; x_wconf 84' lang='lat' dir='ltr'><strong>item</strong></span> <span class='ocrx_word' id='word_1_403' title='bbox 645 4510 658 4545; x_wconf 91' lang='lat'>:</span> <span class='ocrx_word' id='word_1_404' title='bbox 691 4490 919 4560; x_wconf 83' lang='lat' dir='ltr'><strong>ideoque</strong></span> <span class='ocrx_word' id='word_1_405' title='bbox 960 4507 1105 4559; x_wconf 66' lang='lat' dir='ltr'><strong>saepe</strong></span> <span class='ocrx_word' id='word_1_406' title='bbox 1146 4491 1370 4560; x_wconf 80' lang='lat' dir='ltr'><strong>gratiam</strong></span> <span class='ocrx_word' id='word_1_407' title='bbox 1403 4493 1764 4549; x_wconf 84' lang='lat' dir='ltr'><strong>attrahebant.</strong></span> 
     </span>
    </p>
   </div>
   <div class='ocr_carea' id='block_1_53' title="bbox 180 4585 1767 4653">
    <p class='ocr_par' dir='ltr' id='par_1_53' title="bbox 180 4585 1767 4653">
     <span class='ocr_line' id='line_1_54' title="bbox 180 4585 1767 4653; baseline 0.004 -17"><span class='ocrx_word' id='word_1_408' title='bbox 180 4585 312 4639; x_wconf 78' lang='lat' dir='ltr'><strong>Vide</strong></span> <span class='ocrx_word' id='word_1_409' title='bbox 336 4599 490 4653; x_wconf 87' lang='lat' dir='ltr'><strong>ergo,</strong></span> <span class='ocrx_word' id='word_1_410' title='bbox 524 4593 719 4652; x_wconf 86' lang='lat' dir='ltr'><strong>quanta</strong></span> <span class='ocrx_word' id='word_1_411' title='bbox 752 4599 845 4652; x_wconf 86' lang='lat' dir='ltr'><strong>per</strong></span> <span class='ocrx_word' id='word_1_412' title='bbox 868 4585 1074 4652; x_wconf 88' lang='lat' dir='ltr'><strong>seipsos</strong></span> <span class='ocrx_word' id='word_1_413' title='bbox 1098 4586 1432 4653; x_wconf 86' lang='lat' dir='ltr'><strong>provideant.</strong></span> <span class='ocrx_word' id='word_1_414' title='bbox 1465 4586 1591 4642; x_wconf 86' lang='lat' dir='ltr'><strong>Ideo</strong></span> <span class='ocrx_word' id='word_1_415' title='bbox 1619 4588 1767 4643; x_wconf 82' lang='lat' dir='ltr'><strong>dice-</strong></span> 
     </span>
    </p>
   </div>
   <div class='ocr_carea' id='block_1_54' title="bbox 181 4673 1763 4750">
    <p class='ocr_par' dir='ltr' id='par_1_54' title="bbox 181 4673 1763 4750">
     <span class='ocr_line' id='line_1_55' title="bbox 181 4673 1763 4750; baseline 0.018 -32"><span class='ocrx_word' id='word_1_416' title='bbox 181 4675 304 4730; x_wconf 70' lang='grc' dir='ltr'><strong>ιηιε</strong></span> <span class='ocrx_word' id='word_1_417' title='bbox 339 4673 426 4727; x_wconf 82' lang='lat' dir='ltr'><strong>Ne</strong></span> <span class='ocrx_word' id='word_1_418' title='bbox 462 4674 640 4727; x_wconf 84' lang='lat' dir='ltr'><strong>demus</strong></span> <span class='ocrx_word' id='word_1_419' title='bbox 670 4673 999 4742; x_wconf 75' lang='lat' dir='ltr'><strong>oﬂ&#39;ensionem</strong></span> <span class='ocrx_word' id='word_1_420' title='bbox 1029 4676 1305 4731; x_wconf 82' lang='lat' dir='ltr'><strong>volentibus</strong></span> <span class='ocrx_word' id='word_1_421' title='bbox 1337 4677 1413 4747; x_wconf 73' lang='grc'><strong>(2.</strong></span> <span class='ocrx_word' id='word_1_422' title='bbox 1438 4677 1556 4733; x_wconf 88' lang='lat' dir='ltr'><strong>Cor.</strong></span> <span class='ocrx_word' id='word_1_423' title='bbox 1579 4679 1632 4734; x_wconf 90' lang='lat'><strong>6.</strong></span> <span class='ocrx_word' id='word_1_424' title='bbox 1665 4681 1763 4750; x_wconf 75' lang='lat'><strong>5);</strong></span> 
     </span>
    </p>
   </div>
   <div class='ocr_carea' id='block_1_55' title="bbox 182 4765 1765 4836">
    <p class='ocr_par' dir='ltr' id='par_1_55' title="bbox 182 4765 1765 4836">
     <span class='ocr_line' id='line_1_56' title="bbox 182 4765 1765 4836; baseline 0.003 -16"><span class='ocrx_word' id='word_1_425' title='bbox 182 4777 500 4829; x_wconf 86' lang='lat' dir='ltr'><strong>etrnrsnm,</strong></span> <span class='ocrx_word' id='word_1_426' title='bbox 552 4765 620 4820; x_wconf 83' lang='lat' dir='ltr'><strong>Ut</strong></span> <span class='ocrx_word' id='word_1_427' title='bbox 666 4783 764 4818; x_wconf 89' lang='lat' dir='ltr'><strong>non</strong></span> <span class='ocrx_word' id='word_1_428' title='bbox 807 4767 1114 4836; x_wconf 76' lang='lat' dir='ltr'><strong>vituperetur</strong></span> <span class='ocrx_word' id='word_1_429' title='bbox 1142 4769 1473 4822; x_wconf 77' lang='lat' dir='ltr'><strong>ministerium</strong></span> <span class='ocrx_word' id='word_1_430' title='bbox 1516 4781 1765 4826; x_wconf 87' lang='lat' dir='ltr'><strong>nostrum.</strong></span> 
     </span>
    </p>
   </div>
   <div class='ocr_carea' id='block_1_56' title="bbox 183 4849 1765 4933">
    <p class='ocr_par' dir='ltr' id='par_1_56' title="bbox 183 4849 1765 4933">
     <span class='ocr_line' id='line_1_57' title="bbox 183 4849 1765 4933; baseline 0.004 -23"><span class='ocrx_word' id='word_1_431' title='bbox 183 4856 316 4911; x_wconf 79' lang='lat' dir='ltr'><strong>Ecce</strong></span> <span class='ocrx_word' id='word_1_432' title='bbox 342 4868 391 4911; x_wconf 90' lang='lat' dir='ltr'><strong>et</strong></span> <span class='ocrx_word' id='word_1_433' title='bbox 427 4849 688 4925; x_wconf 71' lang='lat' dir='ltr'><strong>inculpata</strong></span> <span class='ocrx_word' id='word_1_434' title='bbox 723 4857 848 4920; x_wconf 89' lang='lat' dir='ltr'><strong>vita,</strong></span> <span class='ocrx_word' id='word_1_435' title='bbox 879 4869 934 4912; x_wconf 89' lang='lat' dir='ltr'><strong>et</strong></span> <span class='ocrx_word' id='word_1_436' title='bbox 960 4861 1122 4912; x_wconf 86' lang='lat' dir='ltr'><strong>multa</strong></span> <span class='ocrx_word' id='word_1_437' title='bbox 1156 4858 1502 4927; x_wconf 81' lang='lat' dir='ltr'><strong>indulgentia.</strong></span> <span class='ocrx_word' id='word_1_438' title='bbox 1531 4861 1641 4916; x_wconf 84' lang='lat' dir='ltr'><strong>Hoc</strong></span> <span class='ocrx_word' id='word_1_439' title='bbox 1669 4877 1765 4933; x_wconf 84' lang='lat' dir='ltr'><strong>ap-</strong></span> 
     </span>
    </p>
   </div>
   <div class='ocr_carea' id='block_1_57' title="bbox 184 4936 1768 5022">
    <p class='ocr_par' dir='ltr' id='par_1_57' title="bbox 184 4936 1768 5022">
     <span class='ocr_line' id='line_1_58' title="bbox 184 4936 1768 5022; baseline 0.005 -21"><span class='ocrx_word' id='word_1_440' title='bbox 184 4949 407 5020; x_wconf 75' lang='lat' dir='ltr'><strong>pellatur</strong></span> <span class='ocrx_word' id='word_1_441' title='bbox 445 4949 784 5012; x_wconf 74' lang='lat' dir='ltr'><strong>osconomia,</strong></span> <span class='ocrx_word' id='word_1_442' title='bbox 839 4949 890 5002; x_wconf 93' lang='lat' dir='ltr'><strong>in</strong></span> <span class='ocrx_word' id='word_1_443' title='bbox 923 4949 1160 5003; x_wconf 88' lang='lat' dir='ltr'><strong>culmine</strong></span> <span class='ocrx_word' id='word_1_444' title='bbox 1201 4959 1256 5004; x_wconf 91' lang='lat' dir='ltr'><strong>et</strong></span> <span class='ocrx_word' id='word_1_445' title='bbox 1297 4949 1511 5022; x_wconf 85' lang='lat' dir='ltr'><strong>fastigio</strong></span> <span class='ocrx_word' id='word_1_446' title='bbox 1554 4936 1768 5010; x_wconf 85' lang='lat' dir='ltr'><strong>virtutis</strong></span> 
     </span>
    </p>
   </div>
   <div class='ocr_carea' id='block_1_58' title="bbox 182 5040 1764 5115">
    <p class='ocr_par' dir='ltr' id='par_1_58' title="bbox 182 5040 1764 5115">
     <span class='ocr_line' id='line_1_59' title="bbox 182 5040 1764 5115; baseline 0.004 -19"><span class='ocrx_word' id='word_1_447' title='bbox 182 5056 324 5105; x_wconf 80' lang='lat' dir='ltr'><strong>esse,</strong></span> <span class='ocrx_word' id='word_1_448' title='bbox 357 5050 412 5095; x_wconf 89' lang='lat' dir='ltr'><strong>et</strong></span> <span class='ocrx_word' id='word_1_449' title='bbox 438 5040 796 5095; x_wconf 86' lang='lat' dir='ltr'><strong>humilitatem</strong></span> <span class='ocrx_word' id='word_1_450' title='bbox 830 5041 1109 5097; x_wconf 87' lang='lat' dir='ltr'><strong>exhibere.</strong></span> <span class='ocrx_word' id='word_1_451' title='bbox 1143 5042 1211 5097; x_wconf 88' lang='lat' dir='ltr'><strong>Et</strong></span> <span class='ocrx_word' id='word_1_452' title='bbox 1236 5044 1361 5098; x_wconf 91' lang='lat' dir='ltr'><strong>audi</strong></span> <span class='ocrx_word' id='word_1_453' title='bbox 1389 5047 1659 5115; x_wconf 90' lang='lat' dir='ltr'><strong>quomodo</strong></span> <span class='ocrx_word' id='word_1_454' title='bbox 1689 5046 1764 5114; x_wconf 91' lang='lat' dir='ltr'><strong>is,</strong></span> 
     </span>
    </p>
   </div>
   <div class='ocr_carea' id='block_1_59' title="bbox 181 5131 1766 5201">
    <p class='ocr_par' dir='ltr' id='par_1_59' title="bbox 181 5131 1766 5201">
     <span class='ocr_line' id='line_1_60' title="bbox 181 5131 1766 5201; baseline 0.007 -17"><span class='ocrx_word' id='word_1_455' title='bbox 181 5133 262 5201; x_wconf 87' lang='lat' dir='ltr'><strong>qui</strong></span> <span class='ocrx_word' id='word_1_456' title='bbox 293 5142 560 5201; x_wconf 82' lang='lat' dir='ltr'><strong>praecepta</strong></span> <span class='ocrx_word' id='word_1_457' title='bbox 600 5131 799 5186; x_wconf 86' lang='lat' dir='ltr'><strong>Christi</strong></span> <span class='ocrx_word' id='word_1_458' title='bbox 840 5135 1279 5200; x_wconf 89' lang='lat' dir='ltr'><strong>transcenderet,</strong></span> <span class='ocrx_word' id='word_1_459' title='bbox 1314 5140 1554 5191; x_wconf 88' lang='lat' dir='ltr'><strong>omnium</strong></span> <span class='ocrx_word' id='word_1_460' title='bbox 1586 5146 1766 5195; x_wconf 90' lang='lat' dir='ltr'><strong>tamen</strong></span> 
     </span>
    </p>
   </div>
   <div class='ocr_carea' id='block_1_60' title="bbox 183 5225 1762 5300">
    <p class='ocr_par' dir='ltr' id='par_1_60' title="bbox 183 5225 1762 5300">
     <span class='ocr_line' id='line_1_61' title="bbox 183 5225 1762 5300; baseline 0.004 -23"><span class='ocrx_word' id='word_1_461' title='bbox 183 5225 511 5278; x_wconf 87' lang='lat' dir='ltr'><strong>humillimus</strong></span> <span class='ocrx_word' id='word_1_462' title='bbox 536 5233 701 5278; x_wconf 86' lang='lat' dir='ltr'><strong>esset.</strong></span> <span class='ocrx_word' id='word_1_463' title='bbox 737 5225 978 5280; x_wconf 79' lang='lat' dir='ltr'><strong>Omnibus</strong></span> <span class='ocrx_word' id='word_1_464' title='bbox 1008 5227 1178 5279; x_wconf 82' lang='lat' dir='ltr'><strong>omnia</strong></span> <span class='ocrx_word' id='word_1_465' title='bbox 1203 5230 1366 5298; x_wconf 79' lang='lat' dir='ltr'><strong>factus</strong></span> <span class='ocrx_word' id='word_1_466' title='bbox 1394 5245 1539 5296; x_wconf 86' lang='lat' dir='ltr'><strong>sum,</strong></span> <span class='ocrx_word' id='word_1_467' title='bbox 1573 5230 1762 5300; x_wconf 90' lang='lat' dir='ltr'><strong>inquit,</strong></span> 
     </span>
    </p>
   </div>
   <div class='ocr_carea' id='block_1_61' title="bbox 181 5315 1765 5388">
    <p class='ocr_par' dir='ltr' id='par_1_61' title="bbox 181 5315 1765 5388">
     <span class='ocr_line' id='line_1_62' title="bbox 181 5315 1765 5388; baseline 0.006 -19"><span class='ocrx_word' id='word_1_468' title='bbox 181 5327 228 5370; x_wconf 88' lang='lat' dir='ltr'><strong>ut</strong></span> <span class='ocrx_word' id='word_1_469' title='bbox 254 5332 424 5369; x_wconf 85' lang='lat' dir='ltr'><strong>omnes</strong></span> <span class='ocrx_word' id='word_1_470' title='bbox 455 5315 777 5385; x_wconf 75' lang='lat' dir='ltr'><strong>lucrifaciam</strong></span> <span class='ocrx_word' id='word_1_471' title='bbox 804 5317 881 5386; x_wconf 82' lang='lat' dir='ltr'><strong>(l.</strong></span> <span class='ocrx_word' id='word_1_472' title='bbox 911 5317 1033 5371; x_wconf 83' lang='lat' dir='ltr'><strong>Cor.</strong></span> <span class='ocrx_word' id='word_1_473' title='bbox 1070 5317 1123 5373; x_wconf 88' lang='lat'><strong>9.</strong></span> <span class='ocrx_word' id='word_1_474' title='bbox 1165 5319 1282 5388; x_wconf 65' lang='lat'><strong>2‘3).</strong></span> <span class='ocrx_word' id='word_1_475' title='bbox 1320 5319 1462 5374; x_wconf 88' lang='lat' dir='ltr'><strong>Idem</strong></span> <span class='ocrx_word' id='word_1_476' title='bbox 1507 5322 1668 5376; x_wconf 85' lang='lat' dir='ltr'><strong>etiam</strong></span> <span class='ocrx_word' id='word_1_477' title='bbox 1711 5325 1765 5378; x_wconf 92' lang='lat' dir='ltr'><strong>in</strong></span> 
     </span>
    </p>
   </div>
   <div class='ocr_carea' id='block_1_62' title="bbox 181 5407 1761 5480">
    <p class='ocr_par' dir='ltr' id='par_1_62' title="bbox 181 5407 1761 5480">
     <span class='ocr_line' id='line_1_63' title="bbox 181 5407 1761 5480; baseline 0.005 -20"><span class='ocrx_word' id='word_1_478' title='bbox 181 5407 404 5476; x_wconf 79' lang='lat' dir='ltr'><strong>pericula</strong></span> <span class='ocrx_word' id='word_1_479' title='bbox 436 5423 497 5461; x_wconf 82' lang='lat' dir='ltr'><strong>se</strong></span> <span class='ocrx_word' id='word_1_480' title='bbox 533 5409 789 5472; x_wconf 81' lang='lat' dir='ltr'><strong>immisit,</strong></span> <span class='ocrx_word' id='word_1_481' title='bbox 833 5417 891 5462; x_wconf 89' lang='lat' dir='ltr'><strong>ut</strong></span> <span class='ocrx_word' id='word_1_482' title='bbox 914 5409 1042 5463; x_wconf 87' lang='lat' dir='ltr'><strong>alibi</strong></span> <span class='ocrx_word' id='word_1_483' title='bbox 1072 5411 1184 5464; x_wconf 91' lang='lat' dir='ltr'><strong>ait:</strong></span> <span class='ocrx_word' id='word_1_484' title='bbox 1213 5410 1281 5464; x_wconf 82' lang='lat' dir='ltr'><strong>In</strong></span> <span class='ocrx_word' id='word_1_485' title='bbox 1311 5414 1552 5480; x_wconf 81' lang='lat' dir='ltr'><strong>patientia</strong></span> <span class='ocrx_word' id='word_1_486' title='bbox 1573 5417 1761 5479; x_wconf 82' lang='lat' dir='ltr'><strong>multa,</strong></span> 
     </span>
    </p>
   </div>
   <div class='ocr_carea' id='block_1_63' title="bbox 184 5499 1764 5574">
    <p class='ocr_par' dir='ltr' id='par_1_63' title="bbox 184 5499 1764 5574">
     <span class='ocr_line' id='line_1_64' title="bbox 184 5499 1764 5574; baseline 0.003 -21"><span class='ocrx_word' id='word_1_487' title='bbox 184 5502 232 5554; x_wconf 87' lang='lat' dir='ltr'><strong>in</strong></span> <span class='ocrx_word' id='word_1_488' title='bbox 249 5499 673 5562; x_wconf 76' lang='lat' dir='ltr'><strong>tribulationibus,</strong></span> <span class='ocrx_word' id='word_1_489' title='bbox 701 5500 753 5552; x_wconf 87' lang='lat' dir='ltr'><strong>in</strong></span> <span class='ocrx_word' id='word_1_490' title='bbox 780 5501 1174 5564; x_wconf 77' lang='lat' dir='ltr'><strong>necessitatibus,</strong></span> <span class='ocrx_word' id='word_1_491' title='bbox 1204 5503 1257 5555; x_wconf 88' lang='lat' dir='ltr'><strong>in</strong></span> <span class='ocrx_word' id='word_1_492' title='bbox 1279 5505 1548 5571; x_wconf 84' lang='lat' dir='ltr'><strong>angustiis,</strong></span> <span class='ocrx_word' id='word_1_493' title='bbox 1579 5506 1630 5558; x_wconf 88' lang='lat' dir='ltr'><strong>in</strong></span> <span class='ocrx_word' id='word_1_494' title='bbox 1653 5505 1764 5574; x_wconf 84' lang='lat' dir='ltr'><strong>pla-</strong></span> 
     </span>
    </p>
   </div>
   <div class='ocr_carea' id='block_1_64' title="bbox 179 5589 1764 5664">
    <p class='ocr_par' dir='ltr' id='par_1_64' title="bbox 179 5589 1764 5664">
     <span class='ocr_line' id='line_1_65' title="bbox 179 5589 1764 5664; baseline 0.006 -21"><span class='ocrx_word' id='word_1_495' title='bbox 179 5591 266 5658; x_wconf 80' lang='lat' dir='ltr'><strong>gis,</strong></span> <span class='ocrx_word' id='word_1_496' title='bbox 295 5591 349 5643; x_wconf 85' lang='lat' dir='ltr'><strong>in</strong></span> <span class='ocrx_word' id='word_1_497' title='bbox 375 5592 664 5644; x_wconf 77' lang='lat' dir='ltr'><strong>carceribus</strong></span> <span class='ocrx_word' id='word_1_498' title='bbox 690 5589 779 5661; x_wconf 74' lang='lat'><strong>(2.</strong></span> <span class='ocrx_word' id='word_1_499' title='bbox 805 5590 923 5645; x_wconf 91' lang='lat' dir='ltr'><strong>Cor.</strong></span> <span class='ocrx_word' id='word_1_500' title='bbox 958 5591 1011 5646; x_wconf 83' lang='lat'><strong>6.</strong></span> <span class='ocrx_word' id='word_1_501' title='bbox 1045 5594 1098 5647; x_wconf 70' lang='grc'><strong>4.</strong></span> <span class='ocrx_word' id='word_1_502' title='bbox 1132 5594 1213 5661; x_wconf 87' lang='grc'><strong>5).</strong></span> <span class='ocrx_word' id='word_1_503' title='bbox 1248 5593 1470 5664; x_wconf 81' lang='lat' dir='ltr'><strong>Magnus</strong></span> <span class='ocrx_word' id='word_1_504' title='bbox 1496 5599 1622 5651; x_wconf 89' lang='lat' dir='ltr'><strong>item</strong></span> <span class='ocrx_word' id='word_1_505' title='bbox 1648 5607 1764 5652; x_wconf 87' lang='lat' dir='ltr'><strong>erat</strong></span> 
     </span>
    </p>
   </div>
   <div class='ocr_carea' id='block_1_65' title="bbox 179 5682 1761 5754">
    <p class='ocr_par' dir='ltr' id='par_1_65' title="bbox 179 5682 1761 5754">
     <span class='ocr_line' id='line_1_66' title="bbox 179 5682 1761 5754; baseline 0.006 -18"><span class='ocrx_word' id='word_1_506' title='bbox 179 5683 282 5751; x_wconf 80' lang='lat' dir='ltr'><strong>ejus</strong></span> <span class='ocrx_word' id='word_1_507' title='bbox 304 5697 458 5737; x_wconf 88' lang='lat' dir='ltr'><strong>amor</strong></span> <span class='ocrx_word' id='word_1_508' title='bbox 487 5697 610 5754; x_wconf 80' lang='lat' dir='ltr'><strong>erga</strong></span> <span class='ocrx_word' id='word_1_509' title='bbox 634 5682 929 5739; x_wconf 81' lang='lat' dir='ltr'><strong>Christum.</strong></span> <span class='ocrx_word' id='word_1_510' title='bbox 955 5683 1065 5739; x_wconf 76' lang='lat' dir='ltr'><strong>Nisi</strong></span> <span class='ocrx_word' id='word_1_511' title='bbox 1087 5687 1229 5740; x_wconf 91' lang='lat' dir='ltr'><strong>enim</strong></span> <span class='ocrx_word' id='word_1_512' title='bbox 1256 5689 1326 5741; x_wconf 87' lang='lat' dir='ltr'><strong>ita</strong></span> <span class='ocrx_word' id='word_1_513' title='bbox 1349 5689 1557 5754; x_wconf 88' lang='lat' dir='ltr'><strong>fuisset,</strong></span> <span class='ocrx_word' id='word_1_514' title='bbox 1582 5691 1761 5745; x_wconf 89' lang='lat' dir='ltr'><strong>omnia</strong></span> 
     </span>
    </p>
   </div>
   <div class='ocr_carea' id='block_1_66' title="bbox 179 5772 1761 5850">
    <p class='ocr_par' dir='ltr' id='par_1_66' title="bbox 179 5772 1761 5850">
     <span class='ocr_line' id='line_1_67' title="bbox 179 5772 1761 5850; baseline 0.006 -24"><span class='ocrx_word' id='word_1_515' title='bbox 179 5773 434 5844; x_wconf 74' lang='lat' dir='ltr'><strong>superflua</strong></span> <span class='ocrx_word' id='word_1_516' title='bbox 461 5772 639 5828; x_wconf 89' lang='lat' dir='ltr'><strong>futura</strong></span> <span class='ocrx_word' id='word_1_517' title='bbox 667 5785 841 5840; x_wconf 88' lang='lat' dir='ltr'><strong>erant,</strong></span> <span class='ocrx_word' id='word_1_518' title='bbox 864 5785 918 5829; x_wconf 89' lang='lat' dir='ltr'><strong>et</strong></span> <span class='ocrx_word' id='word_1_519' title='bbox 941 5775 1389 5846; x_wconf 85' lang='lat' dir='ltr'><strong>dispensationes,</strong></span> <span class='ocrx_word' id='word_1_520' title='bbox 1418 5789 1472 5835; x_wconf 89' lang='lat' dir='ltr'><strong>et</strong></span> <span class='ocrx_word' id='word_1_521' title='bbox 1498 5779 1761 5850; x_wconf 82' lang='lat' dir='ltr'><strong>inculpata</strong></span> 
     </span>
    </p>
   </div>
   <div class='ocr_carea' id='block_1_67' title="bbox 179 5868 1758 5947">
    <p class='ocr_par' dir='ltr' id='par_1_67' title="bbox 179 5868 1758 5947">
     <span class='ocr_line' id='line_1_68' title="bbox 179 5868 1758 5947; baseline 0.007 -28"><span class='ocrx_word' id='word_1_522' title='bbox 179 5868 304 5924; x_wconf 77' lang='lat' dir='ltr'><strong>vita.</strong></span> <span class='ocrx_word' id='word_1_523' title='bbox 339 5879 388 5924; x_wconf 86' lang='lat' dir='ltr'><strong>et</strong></span> <span class='ocrx_word' id='word_1_524' title='bbox 425 5868 683 5940; x_wconf 74' lang='lat' dir='ltr'><strong>poticuln.</strong></span> <span class='ocrx_word' id='word_1_525' title='bbox 721 5868 846 5934; x_wconf 82' lang='lat' dir='ltr'><strong>Quis</strong></span> <span class='ocrx_word' id='word_1_526' title='bbox 874 5869 1180 5938; x_wconf 80' lang='lat' dir='ltr'><strong>inﬁrmatur,</strong></span> <span class='ocrx_word' id='word_1_527' title='bbox 1216 5871 1420 5944; x_wconf 90' lang='lat' dir='ltr'><strong>inquit,</strong></span> <span class='ocrx_word' id='word_1_528' title='bbox 1455 5883 1498 5927; x_wconf 76' lang='lat' dir='ltr'><strong>et</strong></span> <span class='ocrx_word' id='word_1_529' title='bbox 1534 5891 1623 5947; x_wconf 70' lang='lat' dir='ltr'><strong>ego</strong></span> <span class='ocrx_word' id='word_1_530' title='bbox 1661 5893 1758 5930; x_wconf 84' lang='lat' dir='ltr'><strong>non</strong></span> 
     </span>
    </p>
   </div>
   <div class='ocr_carea' id='block_1_68' title="bbox 1878 1099 3478 1168">
    <p class='ocr_par' dir='ltr' id='par_1_68' title="bbox 1878 1099 3478 1168">
     <span class='ocr_line' id='line_1_69' title="bbox 1878 1099 3478 1168; baseline -0.001 -17"><span class='ocrx_word' id='word_1_531' title='bbox 1878 1099 2105 1168; x_wconf 84' lang='lat' dir='ltr'><strong>teipsum</strong></span> <span class='ocrx_word' id='word_1_532' title='bbox 2137 1100 2346 1167; x_wconf 90' lang='lat' dir='ltr'><strong>conjice</strong></span> <span class='ocrx_word' id='word_1_533' title='bbox 2366 1139 2382 1164; x_wconf 89' lang='lat'><strong>,</strong></span> <span class='ocrx_word' id='word_1_534' title='bbox 2417 1099 2642 1159; x_wconf 88' lang='lat' dir='ltr'><strong>dilecte.</strong></span> <span class='ocrx_word' id='word_1_535' title='bbox 2677 1110 2733 1154; x_wconf 91' lang='lat' dir='ltr'><strong>ut</strong></span> <span class='ocrx_word' id='word_1_536' title='bbox 2761 1099 3064 1154; x_wconf 89' lang='lat' dir='ltr'><strong>membrum</strong></span> <span class='ocrx_word' id='word_1_537' title='bbox 3097 1107 3246 1152; x_wconf 90' lang='lat' dir='ltr'><strong>tuum</strong></span> <span class='ocrx_word' id='word_1_538' title='bbox 3268 1108 3432 1150; x_wconf 86' lang='lat' dir='ltr'><strong>eruas</strong></span> <span class='ocrx_word' id='word_1_539' title='bbox 3462 1111 3478 1150; x_wconf 91' lang='lat'>:</span> 
     </span>
    </p>
   </div>
   <div class='ocr_carea' id='block_1_69' title="bbox 1875 1191 3476 1263">
    <p class='ocr_par' dir='ltr' id='par_1_69' title="bbox 1875 1191 3476 1263">
     <span class='ocr_line' id='line_1_70' title="bbox 1875 1191 3476 1263; baseline -0.001 -17"><span class='ocrx_word' id='word_1_540' title='bbox 1875 1192 2080 1259; x_wconf 68' lang='lat' dir='ltr'><strong>ctuijice</strong></span> <span class='ocrx_word' id='word_1_541' title='bbox 2128 1202 2220 1259; x_wconf 90' lang='lat' dir='ltr'><strong>te,</strong></span> <span class='ocrx_word' id='word_1_542' title='bbox 2268 1208 2336 1246; x_wconf 90' lang='lat' dir='ltr'><strong>ne</strong></span> <span class='ocrx_word' id='word_1_543' title='bbox 2382 1192 2589 1246; x_wconf 79' lang='lat' dir='ltr'><strong>timeas.</strong></span> <span class='ocrx_word' id='word_1_544' title='bbox 2650 1191 2955 1263; x_wconf 88' lang='lat' dir='ltr'><strong>Discipulus</strong></span> <span class='ocrx_word' id='word_1_545' title='bbox 2999 1206 3058 1247; x_wconf 88' lang='lat' dir='ltr'><strong>es</strong></span> <span class='ocrx_word' id='word_1_546' title='bbox 3108 1191 3344 1256; x_wconf 87' lang='lat' dir='ltr'><strong>Christi,</strong></span> <span class='ocrx_word' id='word_1_547' title='bbox 3385 1191 3476 1259; x_wconf 91' lang='lat' dir='ltr'><strong>qui</strong></span> 
     </span>
    </p>
   </div>
   <div class='ocr_carea' id='block_1_70' title="bbox 1878 1281 3479 1353">
    <p class='ocr_par' dir='ltr' id='par_1_70' title="bbox 1878 1281 3479 1353">
     <span class='ocr_line' id='line_1_71' title="bbox 1878 1281 3479 1353; baseline 0.001 -18"><span class='ocrx_word' id='word_1_548' title='bbox 1878 1291 2095 1351; x_wconf 81' lang='lat' dir='ltr'><strong>propter</strong></span> <span class='ocrx_word' id='word_1_549' title='bbox 2143 1281 2341 1337; x_wconf 87' lang='lat' dir='ltr'><strong>fratres</strong></span> <span class='ocrx_word' id='word_1_550' title='bbox 2372 1297 2499 1337; x_wconf 87' lang='lat' dir='ltr'><strong>suos</strong></span> <span class='ocrx_word' id='word_1_551' title='bbox 2538 1283 2773 1338; x_wconf 86' lang='lat' dir='ltr'><strong>animam</strong></span> <span class='ocrx_word' id='word_1_552' title='bbox 2824 1285 3002 1353; x_wconf 87' lang='lat' dir='ltr'><strong>posuit</strong></span> <span class='ocrx_word' id='word_1_553' title='bbox 3033 1303 3047 1339; x_wconf 91' lang='lat'><strong>:</strong></span> <span class='ocrx_word' id='word_1_554' title='bbox 3079 1281 3479 1352; x_wconf 86' lang='lat' dir='ltr'><strong>condiscipulus</strong></span> 
     </span>
    </p>
   </div>
   <div class='ocr_carea' id='block_1_71' title="bbox 1876 1373 3479 1445">
    <p class='ocr_par' dir='ltr' id='par_1_71' title="bbox 1876 1373 3479 1445">
     <span class='ocr_line' id='line_1_72' title="bbox 1876 1373 3479 1445; baseline 0.001 -18"><span class='ocrx_word' id='word_1_555' title='bbox 1876 1389 1934 1427; x_wconf 92' lang='lat' dir='ltr'><strong>es</strong></span> <span class='ocrx_word' id='word_1_556' title='bbox 1982 1373 2150 1438; x_wconf 86' lang='lat' dir='ltr'><strong>Pauli,</strong></span> <span class='ocrx_word' id='word_1_557' title='bbox 2182 1375 2270 1445; x_wconf 90' lang='lat' dir='ltr'><strong>qui</strong></span> <span class='ocrx_word' id='word_1_558' title='bbox 2317 1374 2478 1428; x_wconf 90' lang='lat' dir='ltr'><strong>millia</strong></span> <span class='ocrx_word' id='word_1_559' title='bbox 2540 1376 2644 1428; x_wconf 84' lang='lat' dir='ltr'><strong>nati</strong></span> <span class='ocrx_word' id='word_1_560' title='bbox 2694 1375 2866 1430; x_wconf 91' lang='lat' dir='ltr'><strong>voluit</strong></span> <span class='ocrx_word' id='word_1_561' title='bbox 2909 1390 3006 1444; x_wconf 89' lang='lat' dir='ltr'><strong>pro</strong></span> <span class='ocrx_word' id='word_1_562' title='bbox 3055 1375 3284 1429; x_wconf 85' lang='lat' dir='ltr'><strong>inimicis</strong></span> <span class='ocrx_word' id='word_1_563' title='bbox 3327 1382 3381 1428; x_wconf 84' lang='lat' dir='ltr'><strong>et</strong></span> <span class='ocrx_word' id='word_1_564' title='bbox 3418 1387 3479 1428; x_wconf 83' lang='lat' dir='ltr'><strong>se</strong></span> 
     </span>
    </p>
   </div>
   <div class='ocr_carea' id='block_1_72' title="bbox 1877 1462 3480 1536">
    <p class='ocr_par' dir='ltr' id='par_1_72' title="bbox 1877 1462 3480 1536">
     <span class='ocr_line' id='line_1_73' title="bbox 1877 1462 3480 1536; baseline 0.001 -21"><span class='ocrx_word' id='word_1_565' title='bbox 1877 1463 2308 1531; x_wconf 74' lang='lat' dir='ltr'><strong>ittlpttgnatttilius</strong></span> <span class='ocrx_word' id='word_1_566' title='bbox 2329 1485 2342 1518; x_wconf 88' lang='lat'><strong>:</strong></span> <span class='ocrx_word' id='word_1_567' title='bbox 2365 1464 2482 1518; x_wconf 82' lang='lat' dir='ltr'><strong>zelo</strong></span> <span class='ocrx_word' id='word_1_568' title='bbox 2505 1464 2762 1534; x_wconf 86' lang='lat' dir='ltr'><strong>replearis</strong></span> <span class='ocrx_word' id='word_1_569' title='bbox 2783 1507 2795 1528; x_wconf 93' lang='lat'><strong>,</strong></span> <span class='ocrx_word' id='word_1_570' title='bbox 2821 1466 3032 1519; x_wconf 82' lang='lat' dir='ltr'><strong>imitare</strong></span> <span class='ocrx_word' id='word_1_571' title='bbox 3053 1464 3311 1536; x_wconf 79' lang='lat' dir='ltr'><strong>Moysem.</strong></span> <span class='ocrx_word' id='word_1_572' title='bbox 3336 1462 3480 1518; x_wconf 82' lang='lat' dir='ltr'><strong>Vidit</strong></span> 
     </span>
    </p>
   </div>
   <div class='ocr_carea' id='block_1_73' title="bbox 1876 1555 3477 1627">
    <p class='ocr_par' dir='ltr' id='par_1_73' title="bbox 1876 1555 3477 1627">
     <span class='ocr_line' id='line_1_74' title="bbox 1876 1555 3477 1627; baseline 0 -19"><span class='ocrx_word' id='word_1_573' title='bbox 1876 1555 1966 1609; x_wconf 91' lang='lat' dir='ltr'><strong>ille</strong></span> <span class='ocrx_word' id='word_1_574' title='bbox 2010 1555 2209 1624; x_wconf 84' lang='lat' dir='ltr'><strong>injuste</strong></span> <span class='ocrx_word' id='word_1_575' title='bbox 2241 1556 2426 1609; x_wconf 66' lang='lat' dir='ltr'><strong>laesum</strong></span> <span class='ocrx_word' id='word_1_576' title='bbox 2453 1565 2509 1610; x_wconf 90' lang='lat' dir='ltr'><strong>et</strong></span> <span class='ocrx_word' id='word_1_577' title='bbox 2537 1555 2681 1609; x_wconf 86' lang='lat' dir='ltr'><strong>ultus</strong></span> <span class='ocrx_word' id='word_1_578' title='bbox 2709 1565 2792 1610; x_wconf 84' lang='lat' dir='ltr'><strong>est</strong></span> <span class='ocrx_word' id='word_1_579' title='bbox 2819 1573 2833 1609; x_wconf 92' lang='lat'><strong>:</strong></span> <span class='ocrx_word' id='word_1_580' title='bbox 2867 1555 3041 1627; x_wconf 81' lang='lat' dir='ltr'><strong>regias</strong></span> <span class='ocrx_word' id='word_1_581' title='bbox 3073 1556 3298 1610; x_wconf 83' lang='lat' dir='ltr'><strong>delicias</strong></span> <span class='ocrx_word' id='word_1_582' title='bbox 3341 1570 3477 1610; x_wconf 89' lang='lat' dir='ltr'><strong>con-</strong></span> 
     </span>
    </p>
   </div>
   <div class='ocr_carea' id='block_1_74' title="bbox 1877 1647 3476 1720">
    <p class='ocr_par' dir='ltr' id='par_1_74' title="bbox 1877 1647 3476 1720">
     <span class='ocr_line' id='line_1_75' title="bbox 1877 1647 3476 1720; baseline 0 -19"><span class='ocrx_word' id='word_1_583' title='bbox 1877 1649 2128 1716; x_wconf 89' lang='lat' dir='ltr'><strong>tempsit,</strong></span> <span class='ocrx_word' id='word_1_584' title='bbox 2178 1655 2235 1702; x_wconf 86' lang='lat' dir='ltr'><strong>et</strong></span> <span class='ocrx_word' id='word_1_585' title='bbox 2281 1659 2503 1717; x_wconf 86' lang='lat' dir='ltr'><strong>propter</strong></span> <span class='ocrx_word' id='word_1_586' title='bbox 2549 1647 2782 1702; x_wconf 84' lang='lat' dir='ltr'><strong>afﬂictos</strong></span> <span class='ocrx_word' id='word_1_587' title='bbox 2835 1648 3096 1720; x_wconf 87' lang='lat' dir='ltr'><strong>profugus</strong></span> <span class='ocrx_word' id='word_1_588' title='bbox 3146 1649 3278 1713; x_wconf 91' lang='lat' dir='ltr'><strong>fuit,</strong></span> <span class='ocrx_word' id='word_1_589' title='bbox 3315 1663 3476 1714; x_wconf 88' lang='lat' dir='ltr'><strong>erro,</strong></span> 
     </span>
    </p>
   </div>
   <div class='ocr_carea' id='block_1_75' title="bbox 1874 1737 3478 1810">
    <p class='ocr_par' dir='ltr' id='par_1_75' title="bbox 1874 1737 3478 1810">
     <span class='ocr_line' id='line_1_76' title="bbox 1874 1737 3478 1810; baseline 0.001 -17"><span class='ocrx_word' id='word_1_590' title='bbox 1874 1740 2114 1808; x_wconf 85' lang='lat' dir='ltr'><strong>cognatis</strong></span> <span class='ocrx_word' id='word_1_591' title='bbox 2162 1737 2452 1793; x_wconf 88' lang='lat' dir='ltr'><strong>destitutus</strong></span> <span class='ocrx_word' id='word_1_592' title='bbox 2482 1748 2537 1794; x_wconf 90' lang='lat' dir='ltr'><strong>et</strong></span> <span class='ocrx_word' id='word_1_593' title='bbox 2576 1739 2740 1794; x_wconf 86' lang='lat' dir='ltr'><strong>domo</strong></span> <span class='ocrx_word' id='word_1_594' title='bbox 2769 1757 2783 1794; x_wconf 89' lang='lat'><strong>:</strong></span> <span class='ocrx_word' id='word_1_595' title='bbox 2817 1741 2869 1794; x_wconf 89' lang='lat' dir='ltr'><strong>in</strong></span> <span class='ocrx_word' id='word_1_596' title='bbox 2916 1740 3091 1795; x_wconf 85' lang='lat' dir='ltr'><strong>aliena</strong></span> <span class='ocrx_word' id='word_1_597' title='bbox 3143 1751 3286 1794; x_wconf 88' lang='lat' dir='ltr'><strong>terra</strong></span> <span class='ocrx_word' id='word_1_598' title='bbox 3329 1739 3478 1810; x_wconf 81' lang='lat' dir='ltr'><strong>degit</strong></span> 
     </span>
    </p>
   </div>
   <div class='ocr_carea' id='block_1_76' title="bbox 1875 1832 3478 1903">
    <p class='ocr_par' dir='ltr' id='par_1_76' title="bbox 1875 1832 3478 1903">
     <span class='ocr_line' id='line_1_77' title="bbox 1875 1832 3478 1903; baseline 0.001 -17"><span class='ocrx_word' id='word_1_599' title='bbox 1875 1840 2024 1886; x_wconf 87' lang='lat' dir='ltr'><strong>tanto</strong></span> <span class='ocrx_word' id='word_1_600' title='bbox 2071 1843 2349 1901; x_wconf 90' lang='lat' dir='ltr'><strong>tempore,</strong></span> <span class='ocrx_word' id='word_1_601' title='bbox 2408 1847 2510 1887; x_wconf 89' lang='lat' dir='ltr'><strong>nec</strong></span> <span class='ocrx_word' id='word_1_602' title='bbox 2561 1835 2802 1902; x_wconf 89' lang='lat' dir='ltr'><strong>seipsum</strong></span> <span class='ocrx_word' id='word_1_603' title='bbox 2860 1832 3243 1903; x_wconf 84' lang='lat' dir='ltr'><strong>reprehendit,</strong></span> <span class='ocrx_word' id='word_1_604' title='bbox 3301 1848 3478 1903; x_wconf 85' lang='lat' dir='ltr'><strong>neque</strong></span> 
     </span>
    </p>
   </div>
   <div class='ocr_carea' id='block_1_77' title="bbox 1873 1923 3481 1994">
    <p class='ocr_par' dir='ltr' id='par_1_77' title="bbox 1873 1923 3481 1994">
     <span class='ocr_line' id='line_1_78' title="bbox 1873 1923 3481 1994; baseline 0.001 -17"><span class='ocrx_word' id='word_1_605' title='bbox 1873 1923 2006 1977; x_wconf 80' lang='lat' dir='ltr'><strong>dixit</strong></span> <span class='ocrx_word' id='word_1_606' title='bbox 2039 1941 2051 1975; x_wconf 88' lang='lat'><strong>:</strong></span> <span class='ocrx_word' id='word_1_607' title='bbox 2083 1923 2220 1989; x_wconf 84' lang='lat' dir='ltr'><strong>Quid</strong></span> <span class='ocrx_word' id='word_1_608' title='bbox 2251 1925 2352 1979; x_wconf 88' lang='lat' dir='ltr'><strong>hoc</strong></span> <span class='ocrx_word' id='word_1_609' title='bbox 2371 1924 2493 1979; x_wconf 82' lang='lat' dir='ltr'><strong>est?</strong></span> <span class='ocrx_word' id='word_1_610' title='bbox 2522 1923 2766 1994; x_wconf 76' lang='lat' dir='ltr'><strong>Regnum</strong></span> <span class='ocrx_word' id='word_1_611' title='bbox 2795 1924 3048 1994; x_wconf 76' lang='lat' dir='ltr'><strong>despexi;</strong></span> <span class='ocrx_word' id='word_1_612' title='bbox 3080 1932 3286 1978; x_wconf 86' lang='lat' dir='ltr'><strong>tantum</strong></span> <span class='ocrx_word' id='word_1_613' title='bbox 3310 1924 3481 1979; x_wconf 83' lang='lat' dir='ltr'><strong>ItOuO-</strong></span> 
     </span>
    </p>
   </div>
   <div class='ocr_carea' id='block_1_78' title="bbox 1874 2017 3479 2089">
    <p class='ocr_par' dir='ltr' id='par_1_78' title="bbox 1874 2017 3479 2089">
     <span class='ocr_line' id='line_1_79' title="bbox 1874 2017 3479 2089; baseline 0.003 -20"><span class='ocrx_word' id='word_1_614' title='bbox 1874 2031 1987 2070; x_wconf 88' lang='lat' dir='ltr'><strong>rem</strong></span> <span class='ocrx_word' id='word_1_615' title='bbox 2033 2025 2088 2071; x_wconf 89' lang='lat' dir='ltr'><strong>et</strong></span> <span class='ocrx_word' id='word_1_616' title='bbox 2132 2017 2354 2087; x_wconf 83' lang='lat' dir='ltr'><strong>gloriam</strong></span> <span class='ocrx_word' id='word_1_617' title='bbox 2388 2035 2402 2070; x_wconf 89' lang='lat'>:</span> <span class='ocrx_word' id='word_1_618' title='bbox 2434 2017 2600 2071; x_wconf 90' lang='lat' dir='ltr'><strong>malui</strong></span> <span class='ocrx_word' id='word_1_619' title='bbox 2651 2017 2810 2072; x_wconf 73' lang='lat' dir='ltr'><strong>la-sos</strong></span> <span class='ocrx_word' id='word_1_620' title='bbox 2856 2019 3079 2082; x_wconf 85' lang='lat' dir='ltr'><strong>ulcisci,</strong></span> <span class='ocrx_word' id='word_1_621' title='bbox 3129 2019 3289 2089; x_wconf 90' lang='lat' dir='ltr'><strong>idque</strong></span> <span class='ocrx_word' id='word_1_622' title='bbox 3337 2021 3479 2074; x_wconf 86' lang='lat' dir='ltr'><strong>Deus</strong></span> 
     </span>
    </p>
   </div>
   <div class='ocr_carea' id='block_1_79' title="bbox 1873 2106 3477 2179">
    <p class='ocr_par' dir='ltr' id='par_1_79' title="bbox 1873 2106 3477 2179">
     <span class='ocr_line' id='line_1_80' title="bbox 1873 2106 3477 2179; baseline 0.003 -18"><span class='ocrx_word' id='word_1_623' title='bbox 1873 2106 2152 2176; x_wconf 80' lang='lat' dir='ltr'><strong>deSpexit,</strong></span> <span class='ocrx_word' id='word_1_624' title='bbox 2204 2124 2376 2178; x_wconf 87' lang='lat' dir='ltr'><strong>neque</strong></span> <span class='ocrx_word' id='word_1_625' title='bbox 2426 2109 2588 2163; x_wconf 82' lang='lat' dir='ltr'><strong>modo</strong></span> <span class='ocrx_word' id='word_1_626' title='bbox 2639 2125 2726 2165; x_wconf 91' lang='lat' dir='ltr'><strong>me</strong></span> <span class='ocrx_word' id='word_1_627' title='bbox 2774 2111 2825 2164; x_wconf 93' lang='lat' dir='ltr'><strong>in</strong></span> <span class='ocrx_word' id='word_1_628' title='bbox 2878 2111 3163 2179; x_wconf 90' lang='lat' dir='ltr'><strong>pristinum</strong></span> <span class='ocrx_word' id='word_1_629' title='bbox 3216 2111 3477 2167; x_wconf 86' lang='lat' dir='ltr'><strong>honorem</strong></span> 
     </span>
    </p>
   </div>
   <div class='ocr_carea' id='block_1_80' title="bbox 1875 2199 3480 2272">
    <p class='ocr_par' dir='ltr' id='par_1_80' title="bbox 1875 2199 3480 2272">
     <span class='ocr_line' id='line_1_81' title="bbox 1875 2199 3480 2272; baseline 0.003 -20"><span class='ocrx_word' id='word_1_630' title='bbox 1875 2214 1979 2252; x_wconf 90' lang='lat' dir='ltr'><strong>non</strong></span> <span class='ocrx_word' id='word_1_631' title='bbox 2024 2199 2274 2265; x_wconf 81' lang='lat' dir='ltr'><strong>reduxit,</strong></span> <span class='ocrx_word' id='word_1_632' title='bbox 2306 2199 2401 2254; x_wconf 86' lang='lat' dir='ltr'><strong>sed</strong></span> <span class='ocrx_word' id='word_1_633' title='bbox 2431 2201 2595 2257; x_wconf 86' lang='lat' dir='ltr'><strong>etiam</strong></span> <span class='ocrx_word' id='word_1_634' title='bbox 2641 2201 2995 2272; x_wconf 87' lang='lat' dir='ltr'><strong>quadraginta</strong></span> <span class='ocrx_word' id='word_1_635' title='bbox 3035 2202 3192 2256; x_wconf 88' lang='lat' dir='ltr'><strong>annis</strong></span> <span class='ocrx_word' id='word_1_636' title='bbox 3223 2202 3275 2257; x_wconf 93' lang='lat' dir='ltr'><strong>in</strong></span> <span class='ocrx_word' id='word_1_637' title='bbox 3305 2203 3480 2258; x_wconf 85' lang='lat' dir='ltr'><strong>aliena</strong></span> 
     </span>
    </p>
   </div>
   <div class='ocr_carea' id='block_1_81' title="bbox 1875 2291 3482 2361">
    <p class='ocr_par' dir='ltr' id='par_1_81' title="bbox 1875 2291 3482 2361">
     <span class='ocr_line' id='line_1_82' title="bbox 1875 2291 3482 2361; baseline 0.003 -16"><span class='ocrx_word' id='word_1_638' title='bbox 1875 2301 2012 2345; x_wconf 82' lang='lat' dir='ltr'><strong>terra</strong></span> <span class='ocrx_word' id='word_1_639' title='bbox 2040 2291 2197 2361; x_wconf 86' lang='lat' dir='ltr'><strong>dego.</strong></span> <span class='ocrx_word' id='word_1_640' title='bbox 2229 2293 2370 2347; x_wconf 90' lang='lat' dir='ltr'><strong>Bene</strong></span> <span class='ocrx_word' id='word_1_641' title='bbox 2398 2293 2606 2349; x_wconf 89' lang='lat' dir='ltr'><strong>scilicet</strong></span> <span class='ocrx_word' id='word_1_642' title='bbox 2634 2311 2647 2347; x_wconf 92' lang='lat'>:</span> <span class='ocrx_word' id='word_1_643' title='bbox 2677 2309 2785 2348; x_wconf 91' lang='lat' dir='ltr'><strong>non</strong></span> <span class='ocrx_word' id='word_1_644' title='bbox 2813 2296 2957 2349; x_wconf 89' lang='lat' dir='ltr'><strong>enim</strong></span> <span class='ocrx_word' id='word_1_645' title='bbox 2989 2296 3295 2351; x_wconf 83' lang='lat' dir='ltr'><strong>mercedem</strong></span> <span class='ocrx_word' id='word_1_646' title='bbox 3325 2313 3482 2352; x_wconf 83' lang='lat' dir='ltr'><strong>acce—</strong></span> 
     </span>
    </p>
   </div>
   <div class='ocr_carea' id='block_1_82' title="bbox 1873 2383 3481 2460">
    <p class='ocr_par' dir='ltr' id='par_1_82' title="bbox 1873 2383 3481 2460">
     <span class='ocr_line' id='line_1_83' title="bbox 1873 2383 3481 2460; baseline 0.007 -28"><span class='ocrx_word' id='word_1_647' title='bbox 1873 2384 1947 2454; x_wconf 82' lang='lat' dir='ltr'><strong>pi.</strong></span> <span class='ocrx_word' id='word_1_648' title='bbox 1981 2383 2086 2440; x_wconf 89' lang='lat' dir='ltr'><strong>Sed</strong></span> <span class='ocrx_word' id='word_1_649' title='bbox 2134 2385 2265 2439; x_wconf 83' lang='lat' dir='ltr'><strong>nihil</strong></span> <span class='ocrx_word' id='word_1_650' title='bbox 2315 2385 2505 2440; x_wconf 88' lang='lat' dir='ltr'><strong>horum</strong></span> <span class='ocrx_word' id='word_1_651' title='bbox 2558 2387 2642 2442; x_wconf 91' lang='lat' dir='ltr'><strong>vel</strong></span> <span class='ocrx_word' id='word_1_652' title='bbox 2670 2387 2837 2452; x_wconf 80' lang='lat' dir='ltr'><strong>dixit,</strong></span> <span class='ocrx_word' id='word_1_653' title='bbox 2872 2389 2957 2443; x_wconf 86' lang='lat' dir='ltr'><strong>vel</strong></span> <span class='ocrx_word' id='word_1_654' title='bbox 2989 2390 3266 2460; x_wconf 88' lang='lat' dir='ltr'><strong>cogitavit.</strong></span> <span class='ocrx_word' id='word_1_655' title='bbox 3311 2391 3401 2445; x_wconf 76' lang='lat' dir='ltr'><strong>Sic</strong></span> <span class='ocrx_word' id='word_1_656' title='bbox 3426 2401 3481 2445; x_wconf 86' lang='lat' dir='ltr'><strong>et</strong></span> 
     </span>
    </p>
   </div>
   <div class='ocr_carea' id='block_1_83' title="bbox 1875 2475 3479 2552">
    <p class='ocr_par' dir='ltr' id='par_1_83' title="bbox 1875 2475 3479 2552">
     <span class='ocr_line' id='line_1_84' title="bbox 1875 2475 3479 2552; baseline 0.004 -22"><span class='ocrx_word' id='word_1_657' title='bbox 1875 2485 1930 2530; x_wconf 92' lang='lat' dir='ltr'><strong>tu</strong></span> <span class='ocrx_word' id='word_1_658' title='bbox 1969 2477 2126 2530; x_wconf 91' lang='lat' dir='ltr'><strong>facito</strong></span> <span class='ocrx_word' id='word_1_659' title='bbox 2160 2493 2173 2530; x_wconf 91' lang='lat'><strong>:</strong></span> <span class='ocrx_word' id='word_1_660' title='bbox 2207 2477 2449 2544; x_wconf 88' lang='lat' dir='ltr'><strong>etiamsi,</strong></span> <span class='ocrx_word' id='word_1_661' title='bbox 2478 2475 2605 2531; x_wconf 92' lang='lat' dir='ltr'><strong>dum</strong></span> <span class='ocrx_word' id='word_1_662' title='bbox 2659 2477 2919 2534; x_wconf 86' lang='lat' dir='ltr'><strong>beneficia</strong></span> <span class='ocrx_word' id='word_1_663' title='bbox 2971 2489 3227 2550; x_wconf 74' lang='lat' dir='ltr'><strong>przestas,</strong></span> <span class='ocrx_word' id='word_1_664' title='bbox 3276 2481 3479 2552; x_wconf 87' lang='lat' dir='ltr'><strong>aliquid</strong></span> 
     </span>
    </p>
   </div>
   <div class='ocr_carea' id='block_1_84' title="bbox 1875 2568 3480 2641">
    <p class='ocr_par' dir='ltr' id='par_1_84' title="bbox 1875 2568 3480 2641">
     <span class='ocr_line' id='line_1_85' title="bbox 1875 2568 3480 2641; baseline 0.006 -19"><span class='ocrx_word' id='word_1_665' title='bbox 1875 2568 2131 2637; x_wconf 88' lang='lat' dir='ltr'><strong>patiaris,</strong></span> <span class='ocrx_word' id='word_1_666' title='bbox 2163 2569 2372 2623; x_wconf 89' lang='lat' dir='ltr'><strong>etiamsi</strong></span> <span class='ocrx_word' id='word_1_667' title='bbox 2405 2569 2471 2623; x_wconf 90' lang='lat' dir='ltr'><strong>ad</strong></span> <span class='ocrx_word' id='word_1_668' title='bbox 2504 2571 2730 2624; x_wconf 90' lang='lat' dir='ltr'><strong>multum</strong></span> <span class='ocrx_word' id='word_1_669' title='bbox 2781 2581 3026 2641; x_wconf 90' lang='lat' dir='ltr'><strong>tempus,</strong></span> <span class='ocrx_word' id='word_1_670' title='bbox 3077 2589 3144 2628; x_wconf 90' lang='lat' dir='ltr'><strong>ne</strong></span> <span class='ocrx_word' id='word_1_671' title='bbox 3188 2575 3480 2631; x_wconf 65' lang='lat' dir='ltr'><strong>offendat-is</strong></span> 
     </span>
    </p>
   </div>
   <div class='ocr_carea' id='block_1_85' title="bbox 1875 2659 3477 2728">
    <p class='ocr_par' dir='ltr' id='par_1_85' title="bbox 1875 2659 3477 2728">
     <span class='ocr_line' id='line_1_86' title="bbox 1875 2659 3477 2728; baseline 0.006 -16"><span class='ocrx_word' id='word_1_672' title='bbox 1875 2673 2050 2728; x_wconf 89' lang='lat' dir='ltr'><strong>neque</strong></span> <span class='ocrx_word' id='word_1_673' title='bbox 2079 2659 2313 2715; x_wconf 88' lang='lat' dir='ltr'><strong>turberis</strong></span> <span class='ocrx_word' id='word_1_674' title='bbox 2346 2677 2359 2714; x_wconf 92' lang='lat'><strong>:</strong></span> <span class='ocrx_word' id='word_1_675' title='bbox 2393 2662 2616 2715; x_wconf 91' lang='lat' dir='ltr'><strong>omnino</strong></span> <span class='ocrx_word' id='word_1_676' title='bbox 2660 2663 2970 2719; x_wconf 89' lang='lat' dir='ltr'><strong>mercedem</strong></span> <span class='ocrx_word' id='word_1_677' title='bbox 3015 2665 3106 2718; x_wconf 90' lang='lat' dir='ltr'><strong>tibi</strong></span> <span class='ocrx_word' id='word_1_678' title='bbox 3143 2665 3285 2720; x_wconf 87' lang='lat' dir='ltr'><strong>Deus</strong></span> <span class='ocrx_word' id='word_1_679' title='bbox 3317 2668 3477 2722; x_wconf 82' lang='lat' dir='ltr'><strong>retri-</strong></span> 
     </span>
    </p>
   </div>
   <div class='ocr_carea' id='block_1_86' title="bbox 1875 2750 3480 2829">
    <p class='ocr_par' dir='ltr' id='par_1_86' title="bbox 1875 2750 3480 2829">
     <span class='ocr_line' id='line_1_87' title="bbox 1875 2750 3480 2829; baseline 0.006 -24"><span class='ocrx_word' id='word_1_680' title='bbox 1875 2750 2023 2805; x_wconf 88' lang='lat' dir='ltr'><strong>buet.</strong></span> <span class='ocrx_word' id='word_1_681' title='bbox 2052 2753 2263 2818; x_wconf 88' lang='lat' dir='ltr'><strong>Quanto</strong></span> <span class='ocrx_word' id='word_1_682' title='bbox 2295 2753 2462 2823; x_wconf 88' lang='lat' dir='ltr'><strong>magis</strong></span> <span class='ocrx_word' id='word_1_683' title='bbox 2501 2754 2787 2810; x_wconf 88' lang='lat' dir='ltr'><strong>retributio</strong></span> <span class='ocrx_word' id='word_1_684' title='bbox 2815 2755 3062 2812; x_wconf 81' lang='lat' dir='ltr'><strong>differtur</strong></span> <span class='ocrx_word' id='word_1_685' title='bbox 3081 2798 3097 2822; x_wconf 95' lang='lat'><strong>,</strong></span> <span class='ocrx_word' id='word_1_686' title='bbox 3129 2768 3279 2813; x_wconf 88' lang='lat' dir='ltr'><strong>tanto</strong></span> <span class='ocrx_word' id='word_1_687' title='bbox 3308 2761 3480 2829; x_wconf 83' lang='lat' dir='ltr'><strong>magis</strong></span> 
     </span>
    </p>
   </div>
   <div class='ocr_carea' id='block_1_87' title="bbox 1873 2844 3476 2920">
    <p class='ocr_par' dir='ltr' id='par_1_87' title="bbox 1873 2844 3476 2920">
     <span class='ocr_line' id='line_1_88' title="bbox 1873 2844 3476 2920; baseline 0.006 -22"><span class='ocrx_word' id='word_1_688' title='bbox 1873 2854 2137 2916; x_wconf 87' lang='lat' dir='ltr'><strong>augentur</strong></span> <span class='ocrx_word' id='word_1_689' title='bbox 2167 2844 2392 2902; x_wconf 71' lang='lat' dir='ltr'><strong>fmiiora.</strong></span> <span class='ocrx_word' id='word_1_690' title='bbox 2428 2847 2734 2904; x_wconf 81' lang='lat' dir='ltr'><strong>Habeamus</strong></span> <span class='ocrx_word' id='word_1_691' title='bbox 2771 2865 2901 2920; x_wconf 88' lang='lat' dir='ltr'><strong>ergo</strong></span> <span class='ocrx_word' id='word_1_692' title='bbox 2926 2852 3162 2905; x_wconf 80' lang='lat' dir='ltr'><strong>animum</strong></span> <span class='ocrx_word' id='word_1_693' title='bbox 3192 2854 3476 2907; x_wconf 89' lang='lat' dir='ltr'><strong>commise-</strong></span> 
     </span>
    </p>
   </div>
   <div class='ocr_carea' id='block_1_88' title="bbox 1875 2936 3479 3014">
    <p class='ocr_par' dir='ltr' id='par_1_88' title="bbox 1875 2936 3479 3014">
     <span class='ocr_line' id='line_1_89' title="bbox 1875 2936 3479 3014; baseline 0.007 -26"><span class='ocrx_word' id='word_1_694' title='bbox 1875 2936 2069 2990; x_wconf 89' lang='lat' dir='ltr'><strong>rationi</strong></span> <span class='ocrx_word' id='word_1_695' title='bbox 2119 2937 2352 2992; x_wconf 87' lang='lat' dir='ltr'><strong>deditam</strong></span> <span class='ocrx_word' id='word_1_696' title='bbox 2381 2979 2397 3005; x_wconf 94' lang='lat'><strong>,</strong></span> <span class='ocrx_word' id='word_1_697' title='bbox 2444 2939 2737 2995; x_wconf 88' lang='lat' dir='ltr'><strong>condolere</strong></span> <span class='ocrx_word' id='word_1_698' title='bbox 2789 2941 3050 2999; x_wconf 89' lang='lat' dir='ltr'><strong>scientem</strong></span> <span class='ocrx_word' id='word_1_699' title='bbox 3092 2960 3106 2998; x_wconf 91' lang='lat'><strong>:</strong></span> <span class='ocrx_word' id='word_1_700' title='bbox 3147 2943 3279 2998; x_wconf 89' lang='lat' dir='ltr'><strong>nihil</strong></span> <span class='ocrx_word' id='word_1_701' title='bbox 3338 2945 3479 3014; x_wconf 87' lang='lat' dir='ltr'><strong>apud</strong></span> 
     </span>
    </p>
   </div>
   <div class='ocr_carea' id='block_1_89' title="bbox 1875 3028 3474 3106">
    <p class='ocr_par' dir='ltr' id='par_1_89' title="bbox 1875 3028 3474 3106">
     <span class='ocr_line' id='line_1_90' title="bbox 1875 3028 3474 3106; baseline 0.007 -25"><span class='ocrx_word' id='word_1_702' title='bbox 1875 3043 1975 3082; x_wconf 91' lang='lat' dir='ltr'><strong>nos</strong></span> <span class='ocrx_word' id='word_1_703' title='bbox 1995 3029 2062 3083; x_wconf 91' lang='lat' dir='ltr'><strong>sit</strong></span> <span class='ocrx_word' id='word_1_704' title='bbox 2084 3028 2432 3086; x_wconf 86' lang='lat' dir='ltr'><strong>inhumanum</strong></span> <span class='ocrx_word' id='word_1_705' title='bbox 2455 3031 2539 3087; x_wconf 91' lang='lat' dir='ltr'><strong>vel</strong></span> <span class='ocrx_word' id='word_1_706' title='bbox 2561 3034 2801 3088; x_wconf 88' lang='lat' dir='ltr'><strong>crudele.</strong></span> <span class='ocrx_word' id='word_1_707' title='bbox 2826 3033 2881 3089; x_wconf 91' lang='lat' dir='ltr'><strong>Si</strong></span> <span class='ocrx_word' id='word_1_708' title='bbox 2909 3035 3040 3090; x_wconf 89' lang='lat' dir='ltr'><strong>nihil</strong></span> <span class='ocrx_word' id='word_1_709' title='bbox 3063 3038 3237 3106; x_wconf 89' lang='lat' dir='ltr'><strong>possis</strong></span> <span class='ocrx_word' id='word_1_710' title='bbox 3259 3037 3474 3104; x_wconf 84' lang='lat' dir='ltr'><strong>alferre,</strong></span> 
     </span>
    </p>
   </div>
   <div class='ocr_carea' id='block_1_90' title="bbox 1875 3118 3480 3195">
    <p class='ocr_par' dir='ltr' id='par_1_90' title="bbox 1875 3118 3480 3195">
     <span class='ocr_line' id='line_1_91' title="bbox 1875 3118 3480 3195; baseline 0.007 -23"><span class='ocrx_word' id='word_1_711' title='bbox 1875 3118 2173 3190; x_wconf 78' lang='lat' dir='ltr'><strong>lacrymare</strong></span> <span class='ocrx_word' id='word_1_712' title='bbox 2198 3162 2213 3185; x_wconf 88' lang='lat'><strong>,</strong></span> <span class='ocrx_word' id='word_1_713' title='bbox 2262 3121 2584 3192; x_wconf 88' lang='lat' dir='ltr'><strong>ingemisce,</strong></span> <span class='ocrx_word' id='word_1_714' title='bbox 2631 3126 2700 3183; x_wconf 70' lang='lat' dir='ltr'><strong>die</strong></span> <span class='ocrx_word' id='word_1_715' title='bbox 2743 3125 2807 3179; x_wconf 91' lang='lat' dir='ltr'><strong>iis</strong></span> <span class='ocrx_word' id='word_1_716' title='bbox 2836 3141 2954 3195; x_wconf 77' lang='lat' dir='ltr'><strong>qua:</strong></span> <span class='ocrx_word' id='word_1_717' title='bbox 2999 3126 3134 3182; x_wconf 90' lang='lat' dir='ltr'><strong>liunt</strong></span> <span class='ocrx_word' id='word_1_718' title='bbox 3161 3127 3282 3183; x_wconf 91' lang='lat' dir='ltr'><strong>dole</strong></span> <span class='ocrx_word' id='word_1_719' title='bbox 3317 3147 3330 3183; x_wconf 91' lang='lat'>:</span> <span class='ocrx_word' id='word_1_720' title='bbox 3362 3128 3480 3184; x_wconf 78' lang='lat' dir='ltr'><strong>hu-c</strong></span> 
     </span>
    </p>
   </div>
   <div class='ocr_carea' id='block_1_91' title="bbox 1881 3213 3478 3288">
    <p class='ocr_par' dir='ltr' id='par_1_91' title="bbox 1881 3213 3478 3288">
     <span class='ocr_line' id='line_1_92' title="bbox 1881 3213 3478 3288; baseline 0.007 -25"><span class='ocrx_word' id='word_1_721' title='bbox 1881 3226 1989 3265; x_wconf 90' lang='lat' dir='ltr'><strong>non</strong></span> <span class='ocrx_word' id='word_1_722' title='bbox 2021 3213 2114 3266; x_wconf 91' lang='lat' dir='ltr'><strong>tibi</strong></span> <span class='ocrx_word' id='word_1_723' title='bbox 2146 3213 2344 3267; x_wconf 87' lang='lat' dir='ltr'><strong>frustra</strong></span> <span class='ocrx_word' id='word_1_724' title='bbox 2373 3213 2588 3269; x_wconf 86' lang='lat' dir='ltr'><strong>cedent.</strong></span> <span class='ocrx_word' id='word_1_725' title='bbox 2614 3215 2670 3272; x_wconf 90' lang='lat' dir='ltr'><strong>Si</strong></span> <span class='ocrx_word' id='word_1_726' title='bbox 2699 3216 2764 3270; x_wconf 89' lang='lat' dir='ltr'><strong>iis</strong></span> <span class='ocrx_word' id='word_1_727' title='bbox 2783 3259 2798 3283; x_wconf 92' lang='lat'><strong>,</strong></span> <span class='ocrx_word' id='word_1_728' title='bbox 2824 3217 2914 3288; x_wconf 88' lang='lat' dir='ltr'><strong>qui</strong></span> <span class='ocrx_word' id='word_1_729' title='bbox 2947 3233 2977 3271; x_wconf 88' lang='lat' dir='ltr'><strong>a</strong></span> <span class='ocrx_word' id='word_1_730' title='bbox 3007 3217 3119 3272; x_wconf 90' lang='lat' dir='ltr'><strong>Deo</strong></span> <span class='ocrx_word' id='word_1_731' title='bbox 3149 3219 3444 3288; x_wconf 86' lang='lat' dir='ltr'><strong>punimnur</strong></span> <span class='ocrx_word' id='word_1_732' title='bbox 3464 3261 3478 3283; x_wconf 90' lang='lat'><strong>,</strong></span> 
     </span>
    </p>
   </div>
   <div class='ocr_carea' id='block_1_92' title="bbox 1876 3304 3482 3381">
    <p class='ocr_par' dir='ltr' id='par_1_92' title="bbox 1876 3304 3482 3381">
     <span class='ocr_line' id='line_1_93' title="bbox 1876 3304 3482 3381; baseline 0.004 -23"><span class='ocrx_word' id='word_1_733' title='bbox 1876 3304 2167 3361; x_wconf 84' lang='lat' dir='ltr'><strong>condolere</strong></span> <span class='ocrx_word' id='word_1_734' title='bbox 2212 3315 2460 3375; x_wconf 83' lang='lat' dir='ltr'><strong>Oportet,</strong></span> <span class='ocrx_word' id='word_1_735' title='bbox 2494 3308 2664 3362; x_wconf 90' lang='lat' dir='ltr'><strong>multo</strong></span> <span class='ocrx_word' id='word_1_736' title='bbox 2705 3311 2874 3379; x_wconf 90' lang='lat' dir='ltr'><strong>magis</strong></span> <span class='ocrx_word' id='word_1_737' title='bbox 2903 3310 2965 3363; x_wconf 89' lang='lat' dir='ltr'><strong>iis</strong></span> <span class='ocrx_word' id='word_1_738' title='bbox 2986 3353 3001 3376; x_wconf 92' lang='lat'><strong>,</strong></span> <span class='ocrx_word' id='word_1_739' title='bbox 3034 3311 3124 3381; x_wconf 91' lang='lat' dir='ltr'><strong>qui</strong></span> <span class='ocrx_word' id='word_1_740' title='bbox 3151 3311 3219 3366; x_wconf 89' lang='lat' dir='ltr'><strong>ab</strong></span> <span class='ocrx_word' id='word_1_741' title='bbox 3249 3311 3482 3366; x_wconf 84' lang='lat' dir='ltr'><strong>homini-</strong></span> 
     </span>
    </p>
   </div>
   <div class='ocr_carea' id='block_1_93' title="bbox 1876 3398 3477 3475">
    <p class='ocr_par' dir='ltr' id='par_1_93' title="bbox 1876 3398 3477 3475">
     <span class='ocr_line' id='line_1_94' title="bbox 1876 3398 3477 3475; baseline 0.002 -22"><span class='ocrx_word' id='word_1_742' title='bbox 1876 3399 1977 3454; x_wconf 88' lang='lat' dir='ltr'><strong>bus</strong></span> <span class='ocrx_word' id='word_1_743' title='bbox 2021 3398 2216 3467; x_wconf 85' lang='lat' dir='ltr'><strong>injuste</strong></span> <span class='ocrx_word' id='word_1_744' title='bbox 2272 3402 2567 3468; x_wconf 89' lang='lat' dir='ltr'><strong>patiuutur.</strong></span> <span class='ocrx_word' id='word_1_745' title='bbox 2619 3399 2744 3456; x_wconf 86' lang='lat' dir='ltr'><strong>Non</strong></span> <span class='ocrx_word' id='word_1_746' title='bbox 2802 3403 3226 3472; x_wconf 77' lang='lat' dir='ltr'><strong>egrediebantur,</strong></span> <span class='ocrx_word' id='word_1_747' title='bbox 3277 3405 3477 3475; x_wconf 90' lang='lat' dir='ltr'><strong>inquit,</strong></span> 
     </span>
    </p>
   </div>
   <div class='ocr_carea' id='block_1_94' title="bbox 1877 3487 3482 3568">
    <p class='ocr_par' dir='ltr' id='par_1_94' title="bbox 1877 3487 3482 3568">
     <span class='ocr_line' id='line_1_95' title="bbox 1877 3487 3482 3568; baseline 0.006 -25"><span class='ocrx_word' id='word_1_748' title='bbox 1877 3489 2060 3544; x_wconf 72' lang='grc' dir='ltr'><strong>Ᾰεῖηαη</strong></span> <span class='ocrx_word' id='word_1_749' title='bbox 2086 3493 2154 3544; x_wconf 76' lang='lat' dir='ltr'><strong>ad</strong></span> <span class='ocrx_word' id='word_1_750' title='bbox 2197 3487 2505 3562; x_wconf 80' lang='lat' dir='ltr'><strong>plorandum</strong></span> <span class='ocrx_word' id='word_1_751' title='bbox 2534 3493 2742 3548; x_wconf 86' lang='lat' dir='ltr'><strong>domum</strong></span> <span class='ocrx_word' id='word_1_752' title='bbox 2773 3511 2921 3548; x_wconf 87' lang='lat' dir='ltr'><strong>suam</strong></span> <span class='ocrx_word' id='word_1_753' title='bbox 2948 3497 3187 3550; x_wconf 82' lang='lat' dir='ltr'><strong>vicinam.</strong></span> <span class='ocrx_word' id='word_1_754' title='bbox 3217 3497 3482 3568; x_wconf 81' lang='lat' dir='ltr'><strong>Accipient</strong></span> 
     </span>
    </p>
   </div>
   <div class='ocr_carea' id='block_1_95' title="bbox 1877 3583 3478 3656">
    <p class='ocr_par' dir='ltr' id='par_1_95' title="bbox 1877 3583 3478 3656">
     <span class='ocr_line' id='line_1_96' title="bbox 1877 3583 3478 3656; baseline 0.007 -20"><span class='ocrx_word' id='word_1_755' title='bbox 1877 3583 2106 3638; x_wconf 87' lang='lat' dir='ltr'><strong>dolorem</strong></span> <span class='ocrx_word' id='word_1_756' title='bbox 2148 3602 2239 3651; x_wconf 84' lang='lat' dir='ltr'><strong>pro</strong></span> <span class='ocrx_word' id='word_1_757' title='bbox 2285 3602 2374 3652; x_wconf 87' lang='lat' dir='ltr'><strong>eo,</strong></span> <span class='ocrx_word' id='word_1_758' title='bbox 2428 3587 2566 3656; x_wconf 87' lang='lat' dir='ltr'><strong>quod</strong></span> <span class='ocrx_word' id='word_1_759' title='bbox 2607 3588 2995 3656; x_wconf 74' lang='lat' dir='ltr'><strong>(ediﬁcaverunt</strong></span> <span class='ocrx_word' id='word_1_760' title='bbox 3037 3590 3118 3649; x_wconf 76' lang='lat' dir='ltr'><strong>ad,</strong></span> <span class='ocrx_word' id='word_1_761' title='bbox 3153 3589 3478 3647; x_wconf 81' lang='lat' dir='ltr'><strong>derisionem.</strong></span> 
     </span>
    </p>
   </div>
   <div class='ocr_carea' id='block_1_96' title="bbox 1877 3671 3480 3749">
    <p class='ocr_par' dir='ltr' id='par_1_96' title="bbox 1877 3671 3480 3749">
     <span class='ocr_line' id='line_1_97' title="bbox 1877 3671 3480 3749; baseline 0.007 -24"><span class='ocrx_word' id='word_1_762' title='bbox 1877 3671 1990 3730; x_wconf 88' lang='lat' dir='ltr'><strong>llac</strong></span> <span class='ocrx_word' id='word_1_763' title='bbox 2017 3673 2084 3729; x_wconf 89' lang='lat' dir='ltr'><strong>de</strong></span> <span class='ocrx_word' id='word_1_764' title='bbox 2114 3691 2173 3730; x_wconf 88' lang='lat' dir='ltr'><strong>re</strong></span> <span class='ocrx_word' id='word_1_765' title='bbox 2198 3687 2416 3732; x_wconf 90' lang='lat' dir='ltr'><strong>accusat</strong></span> <span class='ocrx_word' id='word_1_766' title='bbox 2446 3676 2697 3733; x_wconf 83' lang='lat' dir='ltr'><strong>Ezechiel</strong></span> <span class='ocrx_word' id='word_1_767' title='bbox 2722 3718 2738 3743; x_wconf 92' lang='lat'><strong>,</strong></span> <span class='ocrx_word' id='word_1_768' title='bbox 2765 3678 2907 3749; x_wconf 91' lang='lat' dir='ltr'><strong>quod</strong></span> <span class='ocrx_word' id='word_1_769' title='bbox 2937 3695 3043 3734; x_wconf 90' lang='lat' dir='ltr'><strong>non</strong></span> <span class='ocrx_word' id='word_1_770' title='bbox 3075 3680 3480 3738; x_wconf 79' lang='lat' dir='ltr'><strong>condoluerint.</strong></span> 
     </span>
    </p>
   </div>
   <div class='ocr_carea' id='block_1_97' title="bbox 1876 3765 3483 3842">
    <p class='ocr_par' dir='ltr' id='par_1_97' title="bbox 1876 3765 3483 3842">
     <span class='ocr_line' id='line_1_98' title="bbox 1876 3765 3483 3842; baseline 0.007 -24"><span class='ocrx_word' id='word_1_771' title='bbox 1876 3765 2016 3831; x_wconf 90' lang='lat' dir='ltr'><strong>Quid</strong></span> <span class='ocrx_word' id='word_1_772' title='bbox 2045 3765 2181 3821; x_wconf 91' lang='lat' dir='ltr'><strong>dicis</strong></span> <span class='ocrx_word' id='word_1_773' title='bbox 2200 3808 2215 3831; x_wconf 97' lang='lat'><strong>,</strong></span> <span class='ocrx_word' id='word_1_774' title='bbox 2263 3767 2572 3838; x_wconf 87' lang='lat' dir='ltr'><strong>prepheta?</strong></span> <span class='ocrx_word' id='word_1_775' title='bbox 2624 3768 2763 3823; x_wconf 90' lang='lat' dir='ltr'><strong>Deus</strong></span> <span class='ocrx_word' id='word_1_776' title='bbox 2793 3771 2976 3839; x_wconf 84' lang='lat' dir='ltr'><strong>punit,</strong></span> <span class='ocrx_word' id='word_1_777' title='bbox 3017 3781 3070 3825; x_wconf 89' lang='lat' dir='ltr'><strong>et</strong></span> <span class='ocrx_word' id='word_1_778' title='bbox 3096 3787 3196 3842; x_wconf 82' lang='lat' dir='ltr'><strong>ego</strong></span> <span class='ocrx_word' id='word_1_779' title='bbox 3225 3775 3483 3830; x_wconf 88' lang='lat' dir='ltr'><strong>condole-</strong></span> 
     </span>
    </p>
   </div>
   <div class='ocr_carea' id='block_1_98' title="bbox 1878 3856 3481 3928">
    <p class='ocr_par' dir='ltr' id='par_1_98' title="bbox 1878 3856 3481 3928">
     <span class='ocr_line' id='line_1_99' title="bbox 1878 3856 3481 3928; baseline 0.006 -16"><span class='ocrx_word' id='word_1_780' title='bbox 1878 3873 1992 3912; x_wconf 91' lang='lat' dir='ltr'><strong>rem</strong></span> <span class='ocrx_word' id='word_1_781' title='bbox 2040 3856 2138 3922; x_wconf 92' lang='lat' dir='ltr'><strong>iis,</strong></span> <span class='ocrx_word' id='word_1_782' title='bbox 2185 3859 2274 3927; x_wconf 87' lang='lat' dir='ltr'><strong>qui</strong></span> <span class='ocrx_word' id='word_1_783' title='bbox 2320 3859 2652 3928; x_wconf 83' lang='lat' dir='ltr'><strong>puniuntur?</strong></span> <span class='ocrx_word' id='word_1_784' title='bbox 2682 3860 2858 3916; x_wconf 88' lang='lat' dir='ltr'><strong>Etiam</strong></span> <span class='ocrx_word' id='word_1_785' title='bbox 2897 3879 2910 3915; x_wconf 89' lang='lat'><strong>:</strong></span> <span class='ocrx_word' id='word_1_786' title='bbox 2947 3863 3050 3918; x_wconf 93' lang='lat' dir='ltr'><strong>hoc</strong></span> <span class='ocrx_word' id='word_1_787' title='bbox 3093 3864 3239 3919; x_wconf 89' lang='lat' dir='ltr'><strong>enim</strong></span> <span class='ocrx_word' id='word_1_788' title='bbox 3285 3866 3397 3921; x_wconf 87' lang='lat' dir='ltr'><strong>vult</strong></span> <span class='ocrx_word' id='word_1_789' title='bbox 3435 3869 3481 3921; x_wconf 84' lang='lat' dir='ltr'><strong>is</strong></span> 
     </span>
    </p>
   </div>
   <div class='ocr_carea' id='block_1_99' title="bbox 1878 3949 3478 4025">
    <p class='ocr_par' dir='ltr' id='par_1_99' title="bbox 1878 3949 3478 4025">
     <span class='ocr_line' id='line_1_100' title="bbox 1878 3949 3478 4025; baseline 0.006 -20"><span class='ocrx_word' id='word_1_790' title='bbox 1878 3950 1993 4020; x_wconf 91' lang='lat' dir='ltr'><strong>ipse</strong></span> <span class='ocrx_word' id='word_1_791' title='bbox 2015 3949 2107 4020; x_wconf 91' lang='lat' dir='ltr'><strong>qui</strong></span> <span class='ocrx_word' id='word_1_792' title='bbox 2137 3950 2289 4019; x_wconf 93' lang='lat' dir='ltr'><strong>punit</strong></span> <span class='ocrx_word' id='word_1_793' title='bbox 2315 3969 2328 4006; x_wconf 92' lang='lat'><strong>:</strong></span> <span class='ocrx_word' id='word_1_794' title='bbox 2354 3966 2530 4022; x_wconf 91' lang='lat' dir='ltr'><strong>neque</strong></span> <span class='ocrx_word' id='word_1_795' title='bbox 2554 3953 2698 4007; x_wconf 89' lang='lat' dir='ltr'><strong>enim</strong></span> <span class='ocrx_word' id='word_1_796' title='bbox 2723 3953 2814 4009; x_wconf 87' lang='lat' dir='ltr'><strong>ille</strong></span> <span class='ocrx_word' id='word_1_797' title='bbox 2843 3955 3116 4025; x_wconf 88' lang='lat' dir='ltr'><strong>puniendo</strong></span> <span class='ocrx_word' id='word_1_798' title='bbox 3137 3958 3443 4014; x_wconf 85' lang='lat' dir='ltr'><strong>oblectatur</strong></span> <span class='ocrx_word' id='word_1_799' title='bbox 3463 4002 3478 4021; x_wconf 88' lang='lat'><strong><em>.</em></strong></span> 
     </span>
    </p>
   </div>
   <div class='ocr_carea' id='block_1_100' title="bbox 1877 4042 3480 4118">
    <p class='ocr_par' dir='ltr' id='par_1_100' title="bbox 1877 4042 3480 4118">
     <span class='ocr_line' id='line_1_101' title="bbox 1877 4042 3480 4118; baseline 0.006 -21"><span class='ocrx_word' id='word_1_800' title='bbox 1877 4043 1988 4097; x_wconf 91' lang='lat' dir='ltr'><strong>imo</strong></span> <span class='ocrx_word' id='word_1_801' title='bbox 2019 4042 2195 4113; x_wconf 91' lang='lat' dir='ltr'><strong>potius</strong></span> <span class='ocrx_word' id='word_1_802' title='bbox 2216 4042 2384 4098; x_wconf 88' lang='lat' dir='ltr'><strong>dolet.</strong></span> <span class='ocrx_word' id='word_1_803' title='bbox 2419 4043 2553 4112; x_wconf 89' lang='lat' dir='ltr'><strong>Quia</strong></span> <span class='ocrx_word' id='word_1_804' title='bbox 2584 4044 2747 4115; x_wconf 89' lang='lat' dir='ltr'><strong>igitur</strong></span> <span class='ocrx_word' id='word_1_805' title='bbox 2775 4046 2866 4102; x_wconf 90' lang='lat' dir='ltr'><strong>ille</strong></span> <span class='ocrx_word' id='word_1_806' title='bbox 2896 4051 2985 4118; x_wconf 90' lang='lat' dir='ltr'><strong>qui</strong></span> <span class='ocrx_word' id='word_1_807' title='bbox 3015 4049 3169 4118; x_wconf 89' lang='lat' dir='ltr'><strong>punit</strong></span> <span class='ocrx_word' id='word_1_808' title='bbox 3200 4066 3304 4105; x_wconf 92' lang='lat' dir='ltr'><strong>non</strong></span> <span class='ocrx_word' id='word_1_809' title='bbox 3330 4052 3480 4106; x_wconf 57' lang='lat' dir='ltr'><strong>laetae</strong></span> 
     </span>
    </p>
   </div>
   <div class='ocr_carea' id='block_1_101' title="bbox 1879 4134 3481 4213">
    <p class='ocr_par' dir='ltr' id='par_1_101' title="bbox 1879 4134 3481 4213">
     <span class='ocr_line' id='line_1_102' title="bbox 1879 4134 3481 4213; baseline 0.006 -26"><span class='ocrx_word' id='word_1_810' title='bbox 1879 4141 1998 4200; x_wconf 90' lang='lat' dir='ltr'><strong>tur,</strong></span> <span class='ocrx_word' id='word_1_811' title='bbox 2031 4148 2206 4204; x_wconf 89' lang='lat' dir='ltr'><strong>neque</strong></span> <span class='ocrx_word' id='word_1_812' title='bbox 2241 4144 2295 4188; x_wconf 93' lang='lat' dir='ltr'><strong>tu</strong></span> <span class='ocrx_word' id='word_1_813' title='bbox 2340 4136 2560 4190; x_wconf 69' lang='lat' dir='ltr'><strong>lmteris.</strong></span> <span class='ocrx_word' id='word_1_814' title='bbox 2591 4134 2699 4191; x_wconf 91' lang='lat' dir='ltr'><strong>Sed</strong></span> <span class='ocrx_word' id='word_1_815' title='bbox 2730 4137 2775 4192; x_wconf 87' lang='lat' dir='ltr'><strong>si</strong></span> <span class='ocrx_word' id='word_1_816' title='bbox 2817 4138 2993 4208; x_wconf 89' lang='lat' dir='ltr'><strong>juste,</strong></span> <span class='ocrx_word' id='word_1_817' title='bbox 3039 4139 3285 4212; x_wconf 88' lang='lat' dir='ltr'><strong>inquies,</strong></span> <span class='ocrx_word' id='word_1_818' title='bbox 3323 4147 3481 4213; x_wconf 88' lang='lat' dir='ltr'><strong>puni-</strong></span> 
     </span>
    </p>
   </div>
   <div class='ocr_carea' id='block_1_102' title="bbox 1879 4227 3482 4303">
    <p class='ocr_par' dir='ltr' id='par_1_102' title="bbox 1879 4227 3482 4303">
     <span class='ocr_line' id='line_1_103' title="bbox 1879 4227 3482 4303; baseline 0.006 -23"><span class='ocrx_word' id='word_1_819' title='bbox 1879 4236 2041 4282; x_wconf 88' lang='lat' dir='ltr'><strong>untur</strong></span> <span class='ocrx_word' id='word_1_820' title='bbox 2060 4269 2075 4296; x_wconf 89' lang='lat'><strong>,</strong></span> <span class='ocrx_word' id='word_1_821' title='bbox 2101 4243 2207 4283; x_wconf 93' lang='lat' dir='ltr'><strong>non</strong></span> <span class='ocrx_word' id='word_1_822' title='bbox 2233 4227 2418 4284; x_wconf 90' lang='lat' dir='ltr'><strong>dolere</strong></span> <span class='ocrx_word' id='word_1_823' title='bbox 2444 4237 2678 4298; x_wconf 89' lang='lat' dir='ltr'><strong>oportet.</strong></span> <span class='ocrx_word' id='word_1_824' title='bbox 2710 4229 2885 4286; x_wconf 86' lang='lat' dir='ltr'><strong>Etiam</strong></span> <span class='ocrx_word' id='word_1_825' title='bbox 2914 4243 3136 4303; x_wconf 87' lang='lat' dir='ltr'><strong>propter</strong></span> <span class='ocrx_word' id='word_1_826' title='bbox 3161 4234 3263 4291; x_wconf 92' lang='lat' dir='ltr'><strong>hoc</strong></span> <span class='ocrx_word' id='word_1_827' title='bbox 3291 4237 3482 4293; x_wconf 86' lang='lat' dir='ltr'><strong>dolen-</strong></span> 
     </span>
    </p>
   </div>
   <div class='ocr_carea' id='block_1_103' title="bbox 1882 4319 3480 4391">
    <p class='ocr_par' dir='ltr' id='par_1_103' title="bbox 1882 4319 3480 4391">
     <span class='ocr_line' id='line_1_104' title="bbox 1882 4319 3480 4391; baseline 0.006 -18"><span class='ocrx_word' id='word_1_828' title='bbox 1882 4319 2040 4385; x_wconf 90' lang='lat' dir='ltr'><strong>dum,</strong></span> <span class='ocrx_word' id='word_1_829' title='bbox 2091 4319 2235 4389; x_wconf 90' lang='lat' dir='ltr'><strong>quod</strong></span> <span class='ocrx_word' id='word_1_830' title='bbox 2286 4319 2434 4391; x_wconf 86' lang='lat' dir='ltr'><strong>digni</strong></span> <span class='ocrx_word' id='word_1_831' title='bbox 2480 4321 2746 4391; x_wconf 88' lang='lat' dir='ltr'><strong>supplicio</strong></span> <span class='ocrx_word' id='word_1_832' title='bbox 2790 4322 2891 4378; x_wconf 92' lang='lat' dir='ltr'><strong>visi</strong></span> <span class='ocrx_word' id='word_1_833' title='bbox 2939 4322 3157 4379; x_wconf 86' lang='lat' dir='ltr'><strong>fuerint.</strong></span> <span class='ocrx_word' id='word_1_834' title='bbox 3211 4326 3305 4381; x_wconf 89' lang='lat' dir='ltr'><strong>Dic</strong></span> <span class='ocrx_word' id='word_1_835' title='bbox 3351 4343 3480 4384; x_wconf 81' lang='lat' dir='ltr'><strong>vero</strong></span> 
     </span>
    </p>
   </div>
   <div class='ocr_carea' id='block_1_104' title="bbox 1879 4409 3479 4480">
    <p class='ocr_par' dir='ltr' id='par_1_104' title="bbox 1879 4409 3479 4480">
     <span class='ocr_line' id='line_1_105' title="bbox 1879 4409 3479 4480; baseline 0.008 -17"><span class='ocrx_word' id='word_1_836' title='bbox 1879 4409 2040 4474; x_wconf 89' lang='lat' dir='ltr'><strong>mihi,</strong></span> <span class='ocrx_word' id='word_1_837' title='bbox 2076 4425 2197 4464; x_wconf 91' lang='lat' dir='ltr'><strong>cum</strong></span> <span class='ocrx_word' id='word_1_838' title='bbox 2226 4411 2427 4466; x_wconf 87' lang='lat' dir='ltr'><strong>videris</strong></span> <span class='ocrx_word' id='word_1_839' title='bbox 2455 4410 2625 4466; x_wconf 86' lang='lat' dir='ltr'><strong>lilium</strong></span> <span class='ocrx_word' id='word_1_840' title='bbox 2660 4421 2807 4467; x_wconf 91' lang='lat' dir='ltr'><strong>tuum</strong></span> <span class='ocrx_word' id='word_1_841' title='bbox 2838 4414 2919 4468; x_wconf 90' lang='lat' dir='ltr'><strong>uri</strong></span> <span class='ocrx_word' id='word_1_842' title='bbox 2947 4415 3032 4470; x_wconf 89' lang='lat' dir='ltr'><strong>vel</strong></span> <span class='ocrx_word' id='word_1_843' title='bbox 3061 4418 3232 4471; x_wconf 84' lang='lat' dir='ltr'><strong>secari</strong></span> <span class='ocrx_word' id='word_1_844' title='bbox 3259 4460 3272 4480; x_wconf 93' lang='lat'><strong>,</strong></span> <span class='ocrx_word' id='word_1_845' title='bbox 3299 4435 3479 4476; x_wconf 69' lang='lat' dir='ltr'><strong>nomne</strong></span> 
     </span>
    </p>
   </div>
   <div class='ocr_carea' id='block_1_105' title="bbox 1876 4501 3481 4579">
    <p class='ocr_par' dir='ltr' id='par_1_105' title="bbox 1876 4501 3481 4579">
     <span class='ocr_line' id='line_1_106' title="bbox 1876 4501 3481 4579; baseline 0.009 -24"><span class='ocrx_word' id='word_1_846' title='bbox 1876 4502 2067 4558; x_wconf 84' lang='lat' dir='ltr'><strong>doles?</strong></span> <span class='ocrx_word' id='word_1_847' title='bbox 2093 4501 2252 4561; x_wconf 88' lang='lat' dir='ltr'><strong>Certe</strong></span> <span class='ocrx_word' id='word_1_848' title='bbox 2278 4504 2430 4561; x_wconf 89' lang='lat' dir='ltr'><strong>doles</strong></span> <span class='ocrx_word' id='word_1_849' title='bbox 2449 4545 2464 4569; x_wconf 90' lang='lat'><strong>,</strong></span> <span class='ocrx_word' id='word_1_850' title='bbox 2497 4516 2550 4560; x_wconf 91' lang='lat' dir='ltr'><strong>et</strong></span> <span class='ocrx_word' id='word_1_851' title='bbox 2575 4522 2683 4560; x_wconf 92' lang='lat' dir='ltr'><strong>non</strong></span> <span class='ocrx_word' id='word_1_852' title='bbox 2715 4507 2850 4563; x_wconf 90' lang='lat' dir='ltr'><strong>dicis</strong></span> <span class='ocrx_word' id='word_1_853' title='bbox 2875 4507 2970 4564; x_wconf 81' lang='lat' dir='ltr'><strong>tibi</strong></span> <span class='ocrx_word' id='word_1_854' title='bbox 2998 4508 3097 4579; x_wconf 90' lang='lat' dir='ltr'><strong>ipsi</strong></span> <span class='ocrx_word' id='word_1_855' title='bbox 3127 4526 3141 4562; x_wconf 92' lang='lat'>:</span> <span class='ocrx_word' id='word_1_856' title='bbox 3173 4511 3308 4579; x_wconf 86' lang='lat' dir='ltr'><strong>Quid</strong></span> <span class='ocrx_word' id='word_1_857' title='bbox 3338 4512 3481 4569; x_wconf 84' lang='lat' dir='ltr'><strong>hoc?</strong></span> 
     </span>
    </p>
   </div>
   <div class='ocr_carea' id='block_1_106' title="bbox 1876 4594 3481 4671">
    <p class='ocr_par' dir='ltr' id='par_1_106' title="bbox 1876 4594 3481 4671">
     <span class='ocr_line' id='line_1_107' title="bbox 1876 4594 3481 4671; baseline 0.008 -23"><span class='ocrx_word' id='word_1_858' title='bbox 1876 4594 1944 4649; x_wconf 91' lang='lat' dir='ltr'><strong>ad</strong></span> <span class='ocrx_word' id='word_1_859' title='bbox 1971 4595 2256 4651; x_wconf 87' lang='lat' dir='ltr'><strong>sanitatem</strong></span> <span class='ocrx_word' id='word_1_860' title='bbox 2303 4598 2472 4652; x_wconf 87' lang='lat' dir='ltr'><strong>sectio</strong></span> <span class='ocrx_word' id='word_1_861' title='bbox 2521 4607 2767 4667; x_wconf 84' lang='lat' dir='ltr'><strong>spectat,</strong></span> <span class='ocrx_word' id='word_1_862' title='bbox 2815 4608 2870 4654; x_wconf 89' lang='lat' dir='ltr'><strong>et</strong></span> <span class='ocrx_word' id='word_1_863' title='bbox 2899 4616 2999 4671; x_wconf 88' lang='lat' dir='ltr'><strong>pro</strong></span> <span class='ocrx_word' id='word_1_864' title='bbox 3046 4601 3366 4660; x_wconf 84' lang='lat' dir='ltr'><strong>liberatione</strong></span> <span class='ocrx_word' id='word_1_865' title='bbox 3396 4618 3481 4660; x_wconf 86' lang='lat' dir='ltr'><strong>est</strong></span> 
     </span>
    </p>
   </div>
   <div class='ocr_carea' id='block_1_107' title="bbox 1877 4687 3479 4759">
    <p class='ocr_par' dir='ltr' id='par_1_107' title="bbox 1877 4687 3479 4759">
     <span class='ocr_line' id='line_1_108' title="bbox 1877 4687 3479 4759; baseline 0.008 -20"><span class='ocrx_word' id='word_1_866' title='bbox 1877 4687 2018 4740; x_wconf 81' lang='lat' dir='ltr'><strong>ustio</strong></span> <span class='ocrx_word' id='word_1_867' title='bbox 2047 4705 2060 4740; x_wconf 91' lang='lat'><strong>:</strong></span> <span class='ocrx_word' id='word_1_868' title='bbox 2089 4696 2326 4742; x_wconf 87' lang='lat' dir='ltr'><strong>attamen</strong></span> <span class='ocrx_word' id='word_1_869' title='bbox 2375 4703 2497 4742; x_wconf 91' lang='lat' dir='ltr'><strong>cum</strong></span> <span class='ocrx_word' id='word_1_870' title='bbox 2527 4689 2684 4743; x_wconf 90' lang='lat' dir='ltr'><strong>audis</strong></span> <span class='ocrx_word' id='word_1_871' title='bbox 2726 4690 3020 4746; x_wconf 88' lang='lat' dir='ltr'><strong>ululantem</strong></span> <span class='ocrx_word' id='word_1_872' title='bbox 3047 4735 3062 4759; x_wconf 91' lang='lat'><strong>,</strong></span> <span class='ocrx_word' id='word_1_873' title='bbox 3117 4709 3217 4748; x_wconf 89' lang='lat' dir='ltr'><strong>nec</strong></span> <span class='ocrx_word' id='word_1_874' title='bbox 3261 4695 3479 4751; x_wconf 88' lang='lat' dir='ltr'><strong>dolores</strong></span> 
     </span>
    </p>
   </div>
   <div class='ocr_carea' id='block_1_108' title="bbox 1876 4776 3477 4857">
    <p class='ocr_par' dir='ltr' id='par_1_108' title="bbox 1876 4776 3477 4857">
     <span class='ocr_line' id='line_1_109' title="bbox 1876 4776 3477 4857; baseline 0.007 -26"><span class='ocrx_word' id='word_1_875' title='bbox 1876 4776 2176 4844; x_wconf 89' lang='lat' dir='ltr'><strong>ferentem,</strong></span> <span class='ocrx_word' id='word_1_876' title='bbox 2220 4778 2416 4844; x_wconf 87' lang='lat' dir='ltr'><strong>doles;</strong></span> <span class='ocrx_word' id='word_1_877' title='bbox 2463 4795 2563 4835; x_wconf 91' lang='lat' dir='ltr'><strong>nec</strong></span> <span class='ocrx_word' id='word_1_878' title='bbox 2607 4782 2806 4837; x_wconf 85' lang='lat' dir='ltr'><strong>sufficit</strong></span> <span class='ocrx_word' id='word_1_879' title='bbox 2835 4783 2922 4837; x_wconf 88' lang='lat' dir='ltr'><strong>illa</strong></span> <span class='ocrx_word' id='word_1_880' title='bbox 2951 4786 3198 4841; x_wconf 87' lang='lat' dir='ltr'><strong>sanitatis</strong></span> <span class='ocrx_word' id='word_1_881' title='bbox 3244 4801 3368 4857; x_wconf 88' lang='lat' dir='ltr'><strong>spes</strong></span> <span class='ocrx_word' id='word_1_882' title='bbox 3409 4790 3477 4843; x_wconf 86' lang='lat' dir='ltr'><strong>ad</strong></span> 
     </span>
    </p>
   </div>
   <div class='ocr_carea' id='block_1_109' title="bbox 1877 4868 3475 4944">
    <p class='ocr_par' dir='ltr' id='par_1_109' title="bbox 1877 4868 3475 4944">
     <span class='ocr_line' id='line_1_110' title="bbox 1877 4868 3475 4944; baseline 0.008 -23"><span class='ocrx_word' id='word_1_883' title='bbox 1877 4868 2167 4923; x_wconf 87' lang='lat' dir='ltr'><strong>tollendam</strong></span> <span class='ocrx_word' id='word_1_884' title='bbox 2205 4879 2412 4924; x_wconf 71' lang='lat' dir='ltr'><strong>naturae</strong></span> <span class='ocrx_word' id='word_1_885' title='bbox 2462 4871 2949 4941; x_wconf 83' lang='lat' dir='ltr'><strong>perturbationem.</strong></span> <span class='ocrx_word' id='word_1_886' title='bbox 3002 4875 3078 4929; x_wconf 88' lang='lat' dir='ltr'><strong>Ita</strong></span> <span class='ocrx_word' id='word_1_887' title='bbox 3123 4885 3178 4932; x_wconf 89' lang='lat' dir='ltr'><strong>et</strong></span> <span class='ocrx_word' id='word_1_888' title='bbox 3224 4878 3275 4932; x_wconf 87' lang='lat' dir='ltr'><strong>in</strong></span> <span class='ocrx_word' id='word_1_889' title='bbox 3323 4879 3475 4944; x_wconf 91' lang='lat' dir='ltr'><strong>istis,</strong></span> 
     </span>
    </p>
   </div>
   <div class='ocr_carea' id='block_1_110' title="bbox 1877 4959 3478 5033">
    <p class='ocr_par' dir='ltr' id='par_1_110' title="bbox 1877 4959 3478 5033">
     <span class='ocr_line' id='line_1_111' title="bbox 1877 4959 3478 5033; baseline 0.007 -18"><span class='ocrx_word' id='word_1_890' title='bbox 1877 4959 2086 5015; x_wconf 87' lang='lat' dir='ltr'><strong>etiamsi</strong></span> <span class='ocrx_word' id='word_1_891' title='bbox 2127 4959 2193 5015; x_wconf 90' lang='lat' dir='ltr'><strong>ad</strong></span> <span class='ocrx_word' id='word_1_892' title='bbox 2231 4961 2519 5017; x_wconf 89' lang='lat' dir='ltr'><strong>sanitatem</strong></span> <span class='ocrx_word' id='word_1_893' title='bbox 2565 4965 2886 5033; x_wconf 85' lang='lat' dir='ltr'><strong>puniantur,</strong></span> <span class='ocrx_word' id='word_1_894' title='bbox 2917 4975 3153 5022; x_wconf 85' lang='lat' dir='ltr'><strong>attamen</strong></span> <span class='ocrx_word' id='word_1_895' title='bbox 3183 4971 3325 5025; x_wconf 90' lang='lat' dir='ltr'><strong>circa</strong></span> <span class='ocrx_word' id='word_1_896' title='bbox 3360 4972 3478 5027; x_wconf 90' lang='lat' dir='ltr'><strong>illos</strong></span> 
     </span>
    </p>
   </div>
   <div class='ocr_carea' id='block_1_111' title="bbox 1876 5050 3479 5132">
    <p class='ocr_par' dir='ltr' id='par_1_111' title="bbox 1876 5050 3479 5132">
     <span class='ocr_line' id='line_1_112' title="bbox 1876 5050 3479 5132; baseline 0.009 -28"><span class='ocrx_word' id='word_1_897' title='bbox 1876 5050 2172 5106; x_wconf 88' lang='lat' dir='ltr'><strong>fraternum</strong></span> <span class='ocrx_word' id='word_1_898' title='bbox 2194 5051 2442 5108; x_wconf 86' lang='lat' dir='ltr'><strong>affectum</strong></span> <span class='ocrx_word' id='word_1_899' title='bbox 2469 5055 2853 5124; x_wconf 85' lang='lat' dir='ltr'><strong>exhibeamus,</strong></span> <span class='ocrx_word' id='word_1_900' title='bbox 2881 5060 3272 5132; x_wconf 66' lang='lat' dir='ltr'><strong>paternamque’</strong></span> <span class='ocrx_word' id='word_1_901' title='bbox 3288 5064 3479 5118; x_wconf 77' lang='lat' dir='ltr'><strong>volun-</strong></span> 
     </span>
    </p>
   </div>
   <div class='ocr_carea' id='block_1_112' title="bbox 1876 5143 3474 5222">
    <p class='ocr_par' dir='ltr' id='par_1_112' title="bbox 1876 5143 3474 5222">
     <span class='ocr_line' id='line_1_113' title="bbox 1876 5143 3474 5222; baseline 0.008 -24"><span class='ocrx_word' id='word_1_902' title='bbox 1876 5153 2061 5198; x_wconf 87' lang='lat' dir='ltr'><strong>tatem.</strong></span> <span class='ocrx_word' id='word_1_903' title='bbox 2085 5143 2366 5201; x_wconf 86' lang='lat' dir='ltr'><strong>Sectiones</strong></span> <span class='ocrx_word' id='word_1_904' title='bbox 2393 5156 2447 5202; x_wconf 89' lang='lat' dir='ltr'><strong>et</strong></span> <span class='ocrx_word' id='word_1_905' title='bbox 2475 5147 2715 5203; x_wconf 90' lang='lat' dir='ltr'><strong>ustiones</strong></span> <span class='ocrx_word' id='word_1_906' title='bbox 2742 5158 2867 5203; x_wconf 89' lang='lat' dir='ltr'><strong>sunt</strong></span> <span class='ocrx_word' id='word_1_907' title='bbox 2891 5164 3066 5219; x_wconf 71' lang='lat' dir='ltr'><strong>ptenze</strong></span> <span class='ocrx_word' id='word_1_908' title='bbox 3087 5167 3116 5205; x_wconf 90' lang='lat' dir='ltr'><strong>a</strong></span> <span class='ocrx_word' id='word_1_909' title='bbox 3141 5154 3251 5209; x_wconf 88' lang='lat' dir='ltr'><strong>Deo</strong></span> <span class='ocrx_word' id='word_1_910' title='bbox 3274 5155 3436 5210; x_wconf 80' lang='lat' dir='ltr'><strong>illata:</strong></span> <span class='ocrx_word' id='word_1_911' title='bbox 3458 5175 3474 5222; x_wconf 84' lang='lat'><strong>;</strong></span> 
     </span>
    </p>
   </div>
   <div class='ocr_carea' id='block_1_113' title="bbox 1875 5234 3477 5316">
    <p class='ocr_par' dir='ltr' id='par_1_113' title="bbox 1875 5234 3477 5316">
     <span class='ocr_line' id='line_1_114' title="bbox 1875 5234 3477 5316; baseline 0.009 -29"><span class='ocrx_word' id='word_1_912' title='bbox 1875 5234 1969 5288; x_wconf 89' lang='lat' dir='ltr'><strong>sed</strong></span> <span class='ocrx_word' id='word_1_913' title='bbox 2001 5234 2122 5290; x_wconf 92' lang='lat' dir='ltr'><strong>ideo</strong></span> <span class='ocrx_word' id='word_1_914' title='bbox 2163 5235 2294 5291; x_wconf 84' lang='lat' dir='ltr'><strong>flere</strong></span> <span class='ocrx_word' id='word_1_915' title='bbox 2331 5235 2626 5300; x_wconf 88' lang='lat' dir='ltr'><strong>debemus,</strong></span> <span class='ocrx_word' id='word_1_916' title='bbox 2676 5238 2818 5307; x_wconf 88' lang='lat' dir='ltr'><strong>quod</strong></span> <span class='ocrx_word' id='word_1_917' title='bbox 2867 5245 3285 5312; x_wconf 79' lang='lat' dir='ltr'><strong>:egrotaveriut,</strong></span> <span class='ocrx_word' id='word_1_918' title='bbox 3334 5248 3477 5316; x_wconf 88' lang='lat' dir='ltr'><strong>quod</strong></span> 
     </span>
    </p>
   </div>
   <div class='ocr_carea' id='block_1_114' title="bbox 1874 5325 3475 5404">
    <p class='ocr_par' dir='ltr' id='par_1_114' title="bbox 1874 5325 3475 5404">
     <span class='ocr_line' id='line_1_115' title="bbox 1874 5325 3475 5404; baseline 0.01 -27"><span class='ocrx_word' id='word_1_919' title='bbox 1874 5325 1964 5378; x_wconf 91' lang='lat' dir='ltr'><strong>tali</strong></span> <span class='ocrx_word' id='word_1_920' title='bbox 1996 5339 2131 5395; x_wconf 91' lang='lat' dir='ltr'><strong>opus</strong></span> <span class='ocrx_word' id='word_1_921' title='bbox 2175 5326 2460 5382; x_wconf 87' lang='lat' dir='ltr'><strong>habuerint</strong></span> <span class='ocrx_word' id='word_1_922' title='bbox 2502 5328 2792 5384; x_wconf 86' lang='lat' dir='ltr'><strong>medicina.</strong></span> <span class='ocrx_word' id='word_1_923' title='bbox 2840 5331 2895 5386; x_wconf 90' lang='lat' dir='ltr'><strong>Si</strong></span> <span class='ocrx_word' id='word_1_924' title='bbox 2943 5333 3064 5402; x_wconf 90' lang='lat' dir='ltr'><strong>quis</strong></span> <span class='ocrx_word' id='word_1_925' title='bbox 3115 5351 3215 5404; x_wconf 91' lang='lat' dir='ltr'><strong>pro</strong></span> <span class='ocrx_word' id='word_1_926' title='bbox 3258 5340 3475 5393; x_wconf 88' lang='lat' dir='ltr'><strong>coronis</strong></span> 
     </span>
    </p>
   </div>
   <div class='ocr_carea' id='block_1_115' title="bbox 1875 5419 3474 5490">
    <p class='ocr_par' dir='ltr' id='par_1_115' title="bbox 1875 5419 3474 5490">
     <span class='ocr_line' id='line_1_116' title="bbox 1875 5419 3474 5490; baseline 0.01 -19"><span class='ocrx_word' id='word_1_927' title='bbox 1875 5419 1976 5474; x_wconf 88' lang='lat' dir='ltr'><strong>hoc</strong></span> <span class='ocrx_word' id='word_1_928' title='bbox 2006 5420 2236 5488; x_wconf 91' lang='lat' dir='ltr'><strong>patiatur</strong></span> <span class='ocrx_word' id='word_1_929' title='bbox 2260 5461 2274 5485; x_wconf 96' lang='lat'><strong>,</strong></span> <span class='ocrx_word' id='word_1_930' title='bbox 2305 5430 2434 5475; x_wconf 89' lang='lat' dir='ltr'><strong>tunc</strong></span> <span class='ocrx_word' id='word_1_931' title='bbox 2467 5437 2535 5476; x_wconf 91' lang='lat' dir='ltr'><strong>ne</strong></span> <span class='ocrx_word' id='word_1_932' title='bbox 2575 5421 2796 5490; x_wconf 87' lang='lat' dir='ltr'><strong>doleas,</strong></span> <span class='ocrx_word' id='word_1_933' title='bbox 2838 5435 2894 5478; x_wconf 92' lang='lat' dir='ltr'><strong>ut</strong></span> <span class='ocrx_word' id='word_1_934' title='bbox 2925 5425 3126 5482; x_wconf 81' lang='lat' dir='ltr'><strong>Paulus</strong></span> <span class='ocrx_word' id='word_1_935' title='bbox 3157 5439 3210 5483; x_wconf 88' lang='lat' dir='ltr'><strong>et</strong></span> <span class='ocrx_word' id='word_1_936' title='bbox 3237 5431 3428 5486; x_wconf 83' lang='lat' dir='ltr'><strong>Petrus</strong></span> <span class='ocrx_word' id='word_1_937' title='bbox 3462 5452 3474 5487; x_wconf 90' lang='lat'>:</span> 
     </span>
    </p>
   </div>
   <div class='ocr_carea' id='block_1_116' title="bbox 1870 5511 3477 5589">
    <p class='ocr_par' dir='ltr' id='par_1_116' title="bbox 1870 5511 3477 5589">
     <span class='ocr_line' id='line_1_117' title="bbox 1870 5511 3477 5589; baseline 0.01 -28"><span class='ocrx_word' id='word_1_938' title='bbox 1870 5511 2085 5579; x_wconf 84' lang='lat' dir='ltr'><strong>quando</strong></span> <span class='ocrx_word' id='word_1_939' title='bbox 2115 5519 2291 5566; x_wconf 89' lang='lat' dir='ltr'><strong>autem</strong></span> <span class='ocrx_word' id='word_1_940' title='bbox 2320 5512 2442 5582; x_wconf 90' lang='lat' dir='ltr'><strong>jure</strong></span> <span class='ocrx_word' id='word_1_941' title='bbox 2469 5513 2559 5566; x_wconf 86' lang='lat' dir='ltr'><strong>dat</strong></span> <span class='ocrx_word' id='word_1_942' title='bbox 2589 5528 2800 5583; x_wconf 76' lang='lat' dir='ltr'><strong>pomus,</strong></span> <span class='ocrx_word' id='word_1_943' title='bbox 2836 5525 2965 5570; x_wconf 89' lang='lat' dir='ltr'><strong>tunc</strong></span> <span class='ocrx_word' id='word_1_944' title='bbox 2994 5518 3312 5589; x_wconf 77' lang='lat' dir='ltr'><strong>lacrymare,</strong></span> <span class='ocrx_word' id='word_1_945' title='bbox 3348 5533 3477 5577; x_wconf 89' lang='lat' dir='ltr'><strong>tunc</strong></span> 
     </span>
    </p>
   </div>
   <div class='ocr_carea' id='block_1_117' title="bbox 1872 5600 3473 5680">
    <p class='ocr_par' dir='ltr' id='par_1_117' title="bbox 1872 5600 3473 5680">
     <span class='ocr_line' id='line_1_118' title="bbox 1872 5600 3473 5680; baseline 0.01 -27"><span class='ocrx_word' id='word_1_946' title='bbox 1872 5600 2182 5670; x_wconf 82' lang='lat' dir='ltr'><strong>ingemisce.</strong></span> <span class='ocrx_word' id='word_1_947' title='bbox 2216 5603 2377 5657; x_wconf 91' lang='lat' dir='ltr'><strong>Tales</strong></span> <span class='ocrx_word' id='word_1_948' title='bbox 2420 5615 2574 5658; x_wconf 88' lang='lat' dir='ltr'><strong>erant</strong></span> <span class='ocrx_word' id='word_1_949' title='bbox 2620 5608 2919 5675; x_wconf 75' lang='lat' dir='ltr'><strong>proplietze.</strong></span> <span class='ocrx_word' id='word_1_950' title='bbox 2962 5609 3305 5680; x_wconf 83' lang='lat' dir='ltr'><strong>Quapropter</strong></span> <span class='ocrx_word' id='word_1_951' title='bbox 3336 5629 3473 5669; x_wconf 86' lang='lat' dir='ltr'><strong>llllllS</strong></span> 
     </span>
    </p>
   </div>
   <div class='ocr_carea' id='block_1_118' title="bbox 1873 5694 3478 5775">
    <p class='ocr_par' dir='ltr' id='par_1_118' title="bbox 1873 5694 3478 5775">
     <span class='ocr_line' id='line_1_119' title="bbox 1873 5694 3478 5775; baseline 0.007 -28"><span class='ocrx_word' id='word_1_952' title='bbox 1873 5694 2086 5748; x_wconf 90' lang='lat' dir='ltr'><strong>illorum</strong></span> <span class='ocrx_word' id='word_1_953' title='bbox 2126 5695 2260 5748; x_wconf 80' lang='lat' dir='ltr'><strong>dixit</strong></span> <span class='ocrx_word' id='word_1_954' title='bbox 2289 5713 2301 5747; x_wconf 93' lang='lat'>:</span> <span class='ocrx_word' id='word_1_955' title='bbox 2336 5695 2435 5750; x_wconf 83' lang='grc' dir='ltr'><strong><em>ΙΙεί</em></strong></span> <span class='ocrx_word' id='word_1_956' title='bbox 2466 5697 2590 5750; x_wconf 80' lang='lat' dir='ltr'><strong>mihi</strong></span> <span class='ocrx_word' id='word_1_957' title='bbox 2614 5739 2629 5763; x_wconf 92' lang='lat'><strong>,</strong></span> <span class='ocrx_word' id='word_1_958' title='bbox 2660 5697 2900 5764; x_wconf 83' lang='lat' dir='ltr'><strong>Domine,</strong></span> <span class='ocrx_word' id='word_1_959' title='bbox 2940 5702 3127 5756; x_wconf 82' lang='lat' dir='ltr'><strong>delebis</strong></span> <span class='ocrx_word' id='word_1_960' title='bbox 3156 5715 3210 5756; x_wconf 86' lang='lat' dir='ltr'><strong>tu</strong></span> <span class='ocrx_word' id='word_1_961' title='bbox 3238 5707 3478 5775; x_wconf 72' lang='lat' dir='ltr'><strong>reliquias</strong></span> 
     </span>
    </p>
   </div>
   <div class='ocr_carea' id='block_1_119' title="bbox 1873 5783 3478 5868">
    <p class='ocr_par' dir='ltr' id='par_1_119' title="bbox 1873 5783 3478 5868">
     <span class='ocr_line' id='line_1_120' title="bbox 1873 5783 3478 5868; baseline 0.011 -30"><span class='ocrx_word' id='word_1_962' title='bbox 1873 5783 2039 5840; x_wconf 81' lang='lat' dir='ltr'><strong>Israel</strong></span> <span class='ocrx_word' id='word_1_963' title='bbox 2073 5787 2092 5857; x_wconf 88' lang='lat'>(</span> <span class='ocrx_word' id='word_1_964' title='bbox 2124 5785 2314 5844; x_wconf 76' lang='lat' dir='ltr'><strong>Ezeclt.</strong></span> <span class='ocrx_word' id='word_1_965' title='bbox 2345 5788 2397 5844; x_wconf 87' lang='lat'><strong>9.</strong></span> <span class='ocrx_word' id='word_1_966' title='bbox 2429 5789 2462 5844; x_wconf 91' lang='lat'>8</span> <span class='ocrx_word' id='word_1_967' title='bbox 2485 5789 2546 5860; x_wconf 84' lang='lat'><strong>)‘?</strong></span> <span class='ocrx_word' id='word_1_968' title='bbox 2589 5791 2896 5849; x_wconf 87' lang='lat' dir='ltr'><strong>llomicidas</strong></span> <span class='ocrx_word' id='word_1_969' title='bbox 2935 5805 2990 5849; x_wconf 88' lang='lat' dir='ltr'><strong>et</strong></span> <span class='ocrx_word' id='word_1_970' title='bbox 3029 5798 3286 5851; x_wconf 87' lang='lat' dir='ltr'><strong>scelestos</strong></span> <span class='ocrx_word' id='word_1_971' title='bbox 3333 5815 3478 5868; x_wconf 71' lang='lat' dir='ltr'><strong>saepe</strong></span> 
     </span>
    </p>
   </div>
   <div class='ocr_carea' id='block_1_120' title="bbox 1875 5878 3477 5962">
    <p class='ocr_par' dir='ltr' id='par_1_120' title="bbox 1875 5878 3477 5962">
     <span class='ocr_line' id='line_1_121' title="bbox 1875 5878 3477 5962; baseline 0.005 -29"><span class='ocrx_word' id='word_1_972' title='bbox 1875 5878 2030 5948; x_wconf 82' lang='lat' dir='ltr'><strong>plecti</strong></span> <span class='ocrx_word' id='word_1_973' title='bbox 2063 5879 2304 5938; x_wconf 87' lang='lat' dir='ltr'><strong>videmus</strong></span> <span class='ocrx_word' id='word_1_974' title='bbox 2329 5921 2344 5949; x_wconf 93' lang='lat'><strong>,</strong></span> <span class='ocrx_word' id='word_1_975' title='bbox 2376 5891 2430 5938; x_wconf 88' lang='lat' dir='ltr'><strong>et</strong></span> <span class='ocrx_word' id='word_1_976' title='bbox 2473 5883 2778 5941; x_wconf 86' lang='lat' dir='ltr'><strong>cruciamur</strong></span> <span class='ocrx_word' id='word_1_977' title='bbox 2815 5885 3188 5962; x_wconf 81' lang='lat' dir='ltr'><strong>doletnuSque.</strong></span> <span class='ocrx_word' id='word_1_978' title='bbox 3232 5889 3310 5947; x_wconf 82' lang='lat' dir='ltr'><strong>Nc</strong></span> <span class='ocrx_word' id='word_1_979' title='bbox 3342 5889 3477 5943; x_wconf 80' lang='lat' dir='ltr'><strong>ultra</strong></span> 
     </span>
    </p>
   </div>
  </div>
