4072 6414
616 467 724 524 307

619 585 832 639 modum
860 572 1158 647 philosophi
1186 571 1359 626 simus
1376 572 1391 601 ¹
1410 612 1425 637 ,
1451 570 1541 626 sed
1564 561 1969 622 misericordes,
2002 564 2062 609 ut
2086 552 2187 605 mi-

617 644 961 729 sericordiam
984 676 1371 733 consequamur
1394 676 1407 711 :
1434 655 1562 711 nihil
1590 654 1712 707 huic
1737 651 1878 704 bono
1904 663 2033 716 par:
2059 644 2191 697 nihil

618 766 687 820 ita
716 762 1004 815 lnnnanum
1032 752 1263 810 ostendit
1286 752 1683 807 characterem,
1713 752 1770 795 ut
1796 735 2187 794 misericordia.

619 854 744 909 Ideo
790 852 937 918 leges
983 844 1318 901 carniﬁcibus
1365 836 1541 891 omnia
1588 833 1932 904 permittunt,
1960 826 2189 895 judicem

617 916 872 1015 cogentes
914 949 1116 995 tantum
1163 948 1327 1003 usque
1366 929 1432 984 ad
1475 927 1789 982 sententiam
1820 920 2043 981 ulcisci;
2073 916 2193 969 illos

621 1014 750 1091 vero
792 1032 857 1087 ad
904 1045 1038 1099 opus
1084 1026 1335 1081 educunt.
1387 1020 1462 1074 Ita
1508 1018 1606 1074 etsi
1649 1018 1790 1083 juste
1822 1014 1947 1074 ﬁat,
1977 1023 2081 1062 nou
2111 1015 2194 1060 est

616 1129 784 1181 animi
831 1119 1133 1193 philosophi
1168 1118 1381 1187 punire,
1428 1112 1521 1168 sed
1573 1111 1682 1165 alio
1727 1121 1863 1176 opus
1910 1112 1993 1158 est
2025 1118 2038 1154 :
2071 1115 2191 1153 nam

621 1232 796 1283 neque
842 1215 981 1267 Deus
1018 1225 1117 1280 per
1156 1208 1389 1277 seipsum
1435 1203 1622 1273 punit,
1680 1198 1773 1253 sed
1817 1210 1913 1265 per
1951 1192 2189 1283 angelos.

616 1281 905 1362 Carniﬁces
950 1314 1079 1371 ergo
1118 1305 1243 1351 sunt
1282 1292 1497 1364 angeli?
1540 1290 1721 1352 Absit,
1760 1302 1865 1349 non
1896 1284 1996 1337 hoc
2032 1281 2191 1344 dico;

616 1394 715 1450 sed
752 1393 968 1446 ultrices
1006 1396 1299 1461 potestates
1339 1390 1481 1437 sunt.
1512 1378 1644 1435 Cum
1674 1376 1907 1439 Sodoma
1938 1371 2191 1425 subversa

616 1494 734 1546 cst,
781 1497 875 1552 per
921 1458 1040 1535 illos
1087 1475 1264 1532 omnia
1310 1472 1446 1527 facta
1492 1477 1652 1531 sunt;
1699 1463 1913 1535 quando
1973 1476 2091 1531 qua:
2138 1458 2190 1511 in

618 1576 850 1646 Egypto
890 1571 1229 1631 acciderunt,
1275 1580 1373 1635 per
1413 1562 1535 1616 illos
1582 1560 1729 1613 item.
1778 1554 2190 1615 Immissionem,

624 1645 830 1736 inquit,
861 1680 951 1733 per
975 1660 1179 1731 angelos
1204 1656 1365 1710 malos
1390 1652 1573 1725 (Psal.
1608 1651 1696 1704 77.
1722 1646 1851 1718 49).
1893 1645 2035 1736 Cum
2068 1658 2195 1711 ergo

616 1735 837 1814 scrvare
856 1762 1095 1823 oportet,
1126 1753 1222 1820 per
1243 1748 1476 1816 seipsum
1503 1743 1606 1797 hoc
1635 1741 1757 1795 facit
1781 1758 1794 1793 :
1824 1739 1895 1792 ita
1918 1747 1973 1792 et
1999 1735 2191 1790 Filium

619 1863 777 1902 suum
808 1846 950 1900 misit
988 1818 1055 1898 ad
1094 1842 1320 1897 salutem
1363 1835 1576 1910 generis
1607 1833 1796 1889 nostri.
1830 1831 1897 1885 Et
1934 1844 2145 1883 rursum
2177 1842 2193 1879 :

625 1938 800 2002 Tunc,
844 1935 1040 2004 inquit,
1088 1934 1251 1988 dicam
1294 1930 1534 2002 angelis:
1562 1926 1870 1997 Congregate
1910 1922 2035 1975 mihi
2073 1935 2155 1974 eos
2178 1960 2193 1983 ,

616 2030 710 2100 qui
738 2028 931 2099 faciunt
952 2025 1289 2095 iniquitatem,
1319 2033 1365 2075 et
1388 2020 1567 2074 mittite
1596 2019 1648 2071 in
1677 2015 1929 2069 caminum
1965 2014 1982 2082 (
2006 2011 2193 2065 Matth.

627 2121 717 2175 15,
746 2121 833 2173 41.
862 2119 932 2173 42
951 2120 991 2187 ).
1026 2118 1100 2172 De
1122 2115 1281 2185 justis
1308 2128 1433 2167 vero
1465 2127 1570 2165 non
1598 2110 1709 2174 sic,
1742 2107 1835 2161 sed
1856 2148 1872 2174 ,
1904 2105 2004 2171 Qui
2023 2104 2197 2173 recipit

623 2228 748 2277 eos,
794 2227 871 2263 me
902 2209 1077 2280 recipit
1117 2206 1249 2277 (Id.
1301 2207 1390 2261 10.
1428 2205 1497 2260 40
1523 2206 1581 2275 );
1631 2213 1685 2259 et
1720 2218 1964 2266 rursum,
2021 2198 2198 2270 Ligate

683 2344 699 2375 ¹
714 2343 798 2411 _lta
813 2343 952 2411 juxta
974 2340 1115 2390 Savil.
1134 2338 1399 2411 legendum
1423 2342 1519 2411 est,
1539 2344 1697 2411 recte.
1715 2335 1772 2385 In
1783 2332 2054 2411 tttontefjet
2069 2332 2202 2411 Com:

684 2359 699 2375 '
730 2359 798 2392 Ita
837 2359 952 2391 uxra
974 2359 1115 2390 aavu.
1136 2359 1399 2403 legewulu
1423 2359 1519 2398 εδι,
1543 2359 1697 2386 recte.
1717 2359 1772 2385 ιιι
1789 2359 1979 2385 usuusu.
2002 2359 2054 2382 (τι
2069 2359 2200 2383 υυυι-

622 2404 796 2465 metm.
813 2359 1099 2465 legitur..."
1146 2400 1421 2452 cruciamur
1467 2398 1789 2461 dolenutsque,
1814 2410 1901 2447 nec
1945 2394 2152 2447 dicimus
2179 2406 2200 2445 :

628 2473 695 2515 Nc
720 2464 844 2514 ultra
866 2464 1077 2513 mixtum.
1098 2499 1111 2513 .
1133 2492 1145 2507 .
1165 2495 1182 2511 .
1206 2497 1255 2512 ν.

1353 455 1412 511 S.
1442 448 1719 510 JOANNIS
1754 435 2227 499 CllBYSOSTOMl
2266 432 2579 490 ABCIIIEP.
2619 426 3147 486 CONSTANTINOP.

2290 564 2471 601 manus
2508 548 2619 614 ejus
2656 553 2703 598 et
2745 544 2922 612 pedes,
2963 551 3009 597 et
3046 542 3222 594 mittite
3257 540 3309 592 in
3346 539 3571 620 tenebras
3598 538 3881 592 exteriores

3763 420 3878 476 303

2294 640 2519 713 (Matth.
2558 637 2647 690 22.
2684 637 2803 705 l5).
2832 635 2966 690 Vide
3006 634 3113 688 illic
3152 648 3367 694 servos,
3410 630 3501 700 qui
3543 630 3881 684 ministrant.

2293 732 2426 785 Cum
2452 739 2630 781 autem
2665 726 2924 780 beneﬁcia
2957 722 3252 794 praestanda
3278 765 3294 789 ,
3326 722 3440 791 ipse
3468 731 3717 791 prmstat,
3754 721 3882 788 ipse

2294 832 2446 875 vocat
2475 842 2487 875 :
2534 817 2975 884 Venite,benedicti
3002 816 3174 871 Patris
3203 817 3297 867 mei
3316 857 3330 876 ,
3363 814 3605 895 percipitg
3631 822 3883 882 paratum

2297 915 2433 968 vobis
2479 927 2689 982 regnum
2733 907 2872 980 (Id.
2917 906 3009 961 25.
3051 909 3120 961 3t
3140 906 3181 977 ).
3252 905 3479 972 Quando
3543 902 3877 973 loquendum

2296 1012 2380 1058 est
2423 1019 2544 1058 cum
2592 1001 2895 1065 Abraham,
2945 999 3059 1068 ipse
3101 997 3289 1051 venit:
3329 995 3543 1065 quando
3586 995 3888 1050 Sodomam

2296 1096 2443 1149 abire
2488 1103 2729 1162 oportet,
2780 1105 2967 1145 servos
3018 1088 3180 1142 mittit
3220 1086 3381 1158 (Gen.
3436 1086 3521 1140 19.
3574 1088 3690 1155 1),
3737 1085 3892 1139 sicut

2292 1188 2451 1256 judex
2494 1185 2583 1254 qui
2627 1183 2914 1239 exsuscitat
2957 1182 3252 1251 punituros.
3286 1180 3354 1233 Et
3396 1193 3608 1233 rursum
3644 1196 3657 1232 :
3693 1177 3846 1247 Euge
3869 1218 3887 1242 ,

2297 1293 2435 1331 serue
2458 1277 2583 1328 bone
2620 1285 2665 1327 et
2698 1273 2895 1343 ﬁdelis,
2921 1273 3039 1341 quia
3078 1288 3230 1339 super
3273 1285 3438 1341 pauca
3486 1269 3626 1339 fuisti
3673 1268 3889 1336 ﬁdelis,

2298 1385 2449 1438 super
2480 1365 2642 1420 multa
2670 1375 2717 1418 te
2740 1366 3039 1418 constituam
3064 1362 3277 1434 (Matth.
3307 1363 3405 1417 25.
3429 1361 3494 1415 21
3527 1362 3565 1427 ).
3595 1360 3728 1414 lluic
3760 1361 3896 1429 qui-

2297 1462 2419 1516 dem
2451 1462 2564 1530 ipse
2592 1458 2895 1518 benedicit;
2928 1457 3073 1509 illum
3104 1469 3229 1510 vero
3264 1454 3560 1522 improbum
3593 1468 3699 1507 non
3729 1454 3853 1522 ipse
3875 1493 3893 1516 ,

2299 1552 2391 1607 sed
2422 1550 2562 1604 servi
2606 1550 2788 1619 ligant.
2818 1547 2944 1601 Hmc
2988 1560 3106 1601 cum
3138 1544 3370 1599 sciamus
3391 1587 3405 1611 ,
3439 1560 3507 1599 ne
3554 1544 3897 1611 gaudeamus

2299 1643 2368 1698 de
2391 1644 2454 1697 iis
2477 1684 2490 1706 ,
2515 1641 2604 1711 qui
2635 1640 2923 1710 puniuntur
2941 1679 2955 1702 ,
2982 1637 3077 1692 sed
3102 1637 3377 1692 doleamus
3401 1654 3414 1689 :
3448 1636 3544 1689 hos
3566 1635 3852 1704 lugeamus
3876 1674 3894 1697 ,

2304 1737 2403 1791 hos
2430 1733 2652 1791 ﬂeamus
2676 1774 2692 1798 ,
2725 1742 2783 1785 ut
2807 1742 2861 1785 et
2888 1730 3010 1785 ideo
3041 1730 3340 1785 mercedem
3390 1728 3699 1782 habeamus.
3730 1726 3899 1781 Nunc

2300 1844 2431 1886 vero
2458 1828 2609 1883 nndti
2650 1825 2811 1882 etiam
2839 1823 2905 1879 de
2945 1825 3050 1891 iis,
3081 1823 3171 1892 qui
3200 1822 3396 1891 injuste
3435 1821 3572 1905 mala
3611 1819 3901 1888 patiuntur

2299 1923 2551 1995 gaudent.
2594 1921 2700 1977 Sed
2728 1934 2833 1973 non
2866 1918 2935 1971 ita
2959 1930 3056 1971 nos
3077 1914 3352 1980 iaciamus,
3383 1927 3703 1981 omnemque
3730 1927 3899 1965 com-

2301 2016 2697 2072 miserationem
2721 2010 3092 2071 exhibeamus,
3123 2017 3180 2061 ut
3204 2017 3256 2061 et
3274 2006 3370 2076 ipsi
3401 2021 3431 2059 a
3450 2005 3560 2059 Deo
3578 2004 3899 2059 misericor-

2303 2110 2444 2164 diam
2477 2118 2904 2175 consequamur,
2951 2101 3117 2171 gratia
3156 2107 3211 2154 et
3251 2098 3578 2166 benignitate
3617 2094 3905 2162 Unigeniti

2304 2202 2439 2272 ejus,
2471 2198 2682 2268 quicum
2724 2196 2868 2251 Patri
2905 2202 2959 2247 et
2992 2190 3209 2261 Spiritui
3250 2198 3436 2244 sancto
3469 2187 3635 2258 gloria
3656 2227 3672 2252 ,
3713 2188 3906 2254 impe-

2306 2285 2461 2357 rium,
2492 2291 2669 2346 honor
2692 2327 2706 2353 ,
2739 2302 2878 2342 nunc
2902 2296 2956 2340 et
2993 2298 3241 2353 seraper,
3268 2290 3325 2338 et
3360 2281 3414 2336 in
3442 2280 3638 2336 smcula
3660 2278 3908 2334 szeculo-

2304 2400 2446 2439 rum.
2476 2385 2667 2438 Amen.

637 2570 3892 2605 Μ

1993 2649 2339 2712 HOMILIA
2380 2648 2604 2710 XLIV.

625 2804 742 2860 (In
790 2804 878 2858 20.
906 2819 959 2857 v.
999 2803 1085 2857 17.
1109 2802 1151 2855 Α
1198 2801 1371 2855 Mileto
1399 2810 1566 2855 autem
1596 2801 1795 2854 mittens
1817 2798 2095 2869 Ephesum,
2124 2812 2213 2850 vo-

707 2899 837 2952 cavit
865 2896 1177 2968 presbyteros
1205 2886 1463 2948 EcclesitP.
1490 2895 1575 2948 18.
1612 2894 1713 2957 Qui
1741 2910 1851 2945 cum
1876 2893 2121 2945 venissent
2146 2887 2213 2940 ad

705 3005 839 3053 eum,
870 2988 997 3041 dixit
1022 2987 1093 3040 eis
1118 3002 1136 3041 :
1171 2985 1269 3039 Vos
1295 2986 1432 3040 scitis
1456 3003 1487 3038 a
1517 2985 1682 3054 prima
1707 2984 1808 3044 die,
1832 2999 1931 3055 qua
1958 2982 2212 3052 ingressus

704 3096 818 3135 sum
860 3081 913 3132 in
960 3078 1151 3139 Asiam,
1180 3077 1397 3147 qualiter
1444 3077 1699 3129 vobiscum
1729 3091 1817 3143 per
1844 3091 1992 3128 omne
2020 3084 2212 3142 tempus

708 3172 911 3241 fuerim,
934 3168 1023 3224 19.
1045 3170 1261 3222 serviens
1290 3166 1509 3221 Domino
1534 3166 1785 3220 vobiscum
1814 3181 1927 3217 cum
1953 3164 2089 3217 omni
2119 3164 2216 3215 hu-

704 3262 921 3315 militate
947 3268 995 3314 et
1023 3259 1194 3326 multis
1222 3258 1459 3329 lacrymis
1488 3266 1533 3312 et
1560 3254 1933 3320 tentationibus,
1955 3270 2070 3325 qua:
2092 3253 2215 3307 mihi

705 3350 1002 3404 acciderunt
1025 3366 1087 3404 es
1120 3348 1316 3404 insidiis
1342 3348 1665 3415 Judteorum,
1692 3347 1783 3403 20.
1811 3347 2058 3418 quomodo
2086 3345 2213 3399 nihil

711 3441 1043 3496 subter
1068 3441 1287 3502 utilium,
1314 3440 1435 3508 quin
1473 3439 1824 3492 annuntiarem
1849 3438 2008 3503 vobis,
2044 3446 2090 3491 et
2116 3436 2212 3490 do-

712 3547 875 3586 cerem
901 3546 986 3583 ros
1015 3529 1212 3599 publice
1249 3538 1297 3583 et
1328 3545 1418 3597 per
1457 3528 1669 3592 domos;
1696 3529 1785 3583 2|.
1817 3529 2088 3595 testificaris
2116 3526 2213 3580 Ju-

710 3622 841 3677 dcis
872 3631 1019 3691 atque
1045 3618 1311 3693 gentilibus
1336 3618 1389 3672 iu
1415 3616 1581 3672 Deum
1620 3618 1979 3687 penitentiam,
1995 3628 2040 3672 et
2064 3618 2216 3688 ﬁdem

709 3715 769 3769 in
792 3714 1062 3767 Dominum
1088 3722 1314 3767 nostrum
1337 3711 1373 3764 Ι
1377 3727 1515 3765 esum
1540 3710 1813 3764 Christum.

716 3810 768 3863 1.
804 3806 958 3861 Pauli
984 3807 1244 3860 modestia.
1275 3835 1347 3845 —
1379 3805 1505 3858 Vide
1530 3818 1687 3875 quam
1727 3810 1915 3871 urgeat
1958 3802 2024 3857 ad
2076 3818 2216 3871 prte—

640 3897 1116 3966 lcrnavigandum,
1172 3911 1269 3949 nec
1313 3895 1564 3964 negligat,
1607 3895 1713 3947 imo
1741 3894 1989 3948 omnibus
2037 3895 2215 3964 provi-

639 3990 789 4053 deat,
822 4001 1101 4042 accersens
1132 3986 1412 4056 principes,
1438 3996 1631 4040 etcum
1662 3986 1766 4040 illis
1792 4000 2095 4039 sermonem
2125 3985 2217 4039 ha-

642 4083 798 4135 Itcus.
828 4080 889 4134 Et
917 4078 1264 4131 admiratione
1288 4076 1503 4145 dignum
1531 4084 1632 4141 est,
1658 4075 1925 4145 quomodo
1950 4076 2000 4129 in
2029 4092 2215 4130 neces-

643 4175 801 4226 sitate
833 4168 1031 4240 positus
1063 4185 1245 4239 magna
1275 4169 1516 4239 qtucdam
1543 4168 1608 4222 de
1638 4183 1696 4221 se
1725 4167 1956 4231 dicendi,
1996 4178 2217 4222 conetur

646 4264 906 4317 suodestia
932 4263 1024 4314 uti.
1048 4260 1190 4315 Sicut
1222 4263 1361 4315 enim
1380 4260 1594 4314 Samuel
1620 4260 1908 4313 traditurus
1936 4259 2213 4328 imperium

645 4355 817 4417 Sauli,
844 4353 1040 4407 Iudaeis
1057 4352 1187 4406 dicit
1211 4370 1223 4405 :
1260 4350 1397 4407 Nunt
1418 4352 1676 4420 quidpiam
1697 4369 1729 4403 α
1755 4351 1889 4404 vobis
1912 4351 2103 4420 accepi,
2132 4366 2217 4403 uos

646 4457 795 4500 testes
820 4448 935 4498 estis
963 4454 1009 4498 et
1036 4445 1170 4498 Deus
1198 4444 1274 4515 (1.
1300 4444 1427 4513 Reg.
1449 4443 1534 4497 12.
1560 4442 1644 4512 5);
1668 4453 1720 4496 et
1747 4441 1911 4495 David
1937 4457 2055 4494 cum
2086 4440 2217 4495 ﬁdes

647 4556 754 4593 sum
780 4539 1064 4593 haberetur
1084 4539 1155 4601 ei,
1184 4538 1285 4591 ait:
1310 4535 1375 4590 In
1396 4536 1514 4590 ovili
1536 4553 1675 4590 erant
1700 4548 1906 4604 pascens
1932 4552 2041 4588 oues
2063 4535 2217 4605 patris

644 4635 781 4698 mei;
822 4644 1009 4686 etcum
1060 4631 1189 4684 uenit
1239 4647 1422 4696 ursus,
1492 4631 1721 4682 manibus
1764 4631 1929 4697 ipsum
1978 4630 2219 4699 discerpsi

642 4726 734 4787 (l.
764 4724 887 4794 Reg.
920 4724 1003 4777 17.
1034 4724 1121 4779 ει.
1160 4722 1287 4792 35);
1319 4732 1372 4776 et
1416 4722 1529 4789 ipse
1574 4722 1767 4774 Paulus
1794 4721 2084 4774 Corinthiis
2110 4722 2213 4774 ait:

652 4814 909 4883 [nsipiens
932 4816 1003 4885 fui
1024 4833 1044 4867 :
1070 4831 1155 4868 vos
1193 4831 1270 4867 me
1303 4814 1531 4883 coagistis
1558 4812 1633 4883 (2.
1665 4812 1783 4865 Cor.
1818 4812 1903 4866 12.
1939 4812 2049 4879 10).
2081 4813 2219 4866 Deus

648 4921 862 4975 quoque
905 4906 1127 4973 idipsum
1155 4904 1298 4960 facit.
1340 4920 1447 4957 non
1488 4903 1803 4971 simpliciter
1842 4902 1908 4957 de
1937 4902 2114 4971 seipso
2141 4902 2222 4956 di-

648 5015 782 5051 cens
812 5015 823 5050 :
857 4998 946 5051 sed
976 4996 1185 5065 quando
1213 4997 1259 5050 ei
1291 5010 1397 5048 non
1430 4995 1679 5058 creditur,
1709 4996 1966 5049 beneﬁcia
1997 4994 2217 5063 profert.

648 5087 787 5141 Vide
814 5104 938 5155 ergo
979 5086 1100 5154 quid
1131 5086 1218 5138 hic
1250 5087 1405 5140 faciat
1434 5102 1446 5137 :
1502 5086 1673 5152 primo
1720 5085 1931 5138 illorum
1979 5086 2218 5139 testimo-

642 5182 795 5233 nium
824 5178 997 5241 affert,
1024 5193 1089 5231 ne
1115 5187 1265 5245 putes
1296 5178 1409 5231 bzec
1457 5177 1523 5231 ad
1550 5176 1739 5229 fastum
1772 5176 1896 5243 dici,
1925 5185 1979 5230 et
2006 5177 2219 5230 audito-

654 5288 737 5326 res
762 5271 1027 5325 dictorum
1054 5280 1216 5324 testes
1240 5270 1480 5334 advocat,
1503 5269 1641 5338 quod
1668 5269 1886 5321 minime
1917 5269 2045 5335 ipsis
2073 5284 2219 5321 men-

644 5366 828 5417 tiatur.
882 5362 1005 5416 "me
1054 5361 1288 5415 doctoris
1343 5362 1511 5412 virtus
1551 5368 1657 5425 est,
1702 5358 1914 5428 quando
1958 5360 2218 5413 bonorum

645 5468 869 5523 operum
898 5462 1062 5508 testes
1088 5452 1243 5506 habet
1270 5452 1577 5519 discipulos.
1606 5452 1862 5520 Quodque
1893 5451 2086 5503 mirum
2116 5460 2215 5512 est,

646 5560 755 5598 non
775 5560 930 5596 unam
949 5554 1002 5598 et
1023 5544 1242 5599 alteram
1262 5544 1399 5598 diem
1424 5544 1473 5596 in
1497 5542 1598 5596 hoc
1615 5542 1917 5611 insumpsit,
1934 5544 2028 5596 sed
2051 5558 2221 5597 annos

648 5638 931 5705 plurimos.
967 5634 1066 5688 Vos
1091 5637 1219 5688 enim
1268 5637 1425 5695 scitis.
1457 5636 1647 5704 inquit,
1677 5636 1923 5703 quomodo
1969 5635 2223 5687 vobiscum

656 5744 742 5792 per
772 5742 917 5778 omne
948 5737 1141 5794 tempus
1171 5726 1367 5794 fuerim.
1401 5726 1529 5779 Vult
1572 5726 1728 5794 igitur
1759 5725 1902 5792 ipsos
1934 5724 2132 5777 hortari
2169 5734 2223 5777 ut

652 5818 861 5872 fortiter
882 5818 1052 5872 ferant
1084 5819 1281 5877 omnia.
1300 5832 1349 5871 et
1368 5819 1755 5886 scparationem
1779 5832 1925 5869 suam
1945 5829 1995 5869 et
2018 5818 2221 5869 futuras

656 5912 1013 5979 mutationes;
1040 5918 1101 5964 ut
1122 5910 1185 5965 de
1210 5908 1385 5981 Moyse
1406 5920 1455 5965 ct
1477 5910 1541 5965 de
1567 5909 1691 5967 Jesu
1718 5908 1961 5978 legimus.
1986 5908 2048 5962 Et
2074 5907 2217 5976 vidc,

2316 2794 2441 2865 quid
2490 2793 2651 2848 addat
2702 2809 2716 2845 :
2768 2791 3028 2858 Quomodo
3088 2790 3339 2844 vobiscum
3391 2806 3479 2857 per
3521 2803 3667 2842 omne
3705 2797 3916 2850 tempus

2321 2886 2525 2956 fuerim,
2554 2884 2772 2937 serviens
2816 2883 3033 2935 Domino
3080 2897 3193 2932 cum
3239 2879 3378 2933 omni
3408 2879 3710 2932 Ituntilitate.
3742 2876 3911 2942 Vide,

2318 2975 2444 3046 quid
2475 2976 2706 3029 maxime
2752 2973 3020 3043 principes
3049 2971 3237 3025 doceat
3263 2988 3275 3023 :
3309 2969 3565 3033 0dientes,
3595 2970 3788 3037 inquit,
3817 2986 3915 3020 su-

2320 3068 2565 3137 perbiam.
2598 3064 2652 3119 Id
2697 3062 2839 3135 quod
2883 3063 3113 3118 maxime
3155 3061 3479 3130 principibus
3522 3057 3799 3128 competit,
3837 3076 3914 3113 eo

2319 3158 2463 3229 quod
2510 3156 2762 3212 facillime
2791 3156 2843 3209 iu
2890 3154 3249 3224 arrogantiam
3276 3152 3549 3207 tollantur.
3579 3150 3703 3205 Haec
3730 3151 3913 3205 virtus

2319 3257 2405 3305 est
2434 3248 2695 3304 bonorum
2721 3243 3054 3318 hypothesis,
3074 3257 3130 3298 ut
3151 3254 3205 3298 et
3226 3242 3469 3297 Christus
3489 3242 3696 3297 dicebat
3716 3258 3732 3296 :
3754 3241 3917 3297 Beati

2319 3357 2567 3413 pauperes
2609 3340 2797 3409 spiritu
2828 3335 3039 3409 (Matth.
3082 3336 3136 3391 5.
3170 3334 3247 3405 3).
3279 3333 3385 3388 Nec
3413 3333 3605 3395 solum,
3632 3332 3764 3387 Cum
3796 3333 3905 3386 hu-

2319 3434 2566 3499 militate,
2584 3432 2755 3496 dixit;
2786 3430 2902 3496 sed,
2923 3430 3048 3485 Cum
3068 3430 3204 3483 omni
3230 3426 3529 3482 humilitate.
3555 3427 3600 3482 BZ
3611 3428 3733 3481 ulta:
3754 3427 3909 3481 enim

2318 3533 2443 3578 sunt
2466 3524 2673 3593 species
2714 3521 3065 3575 humilitatis:
3096 3529 3180 3574 est
3207 3518 3482 3572 humilitas
3526 3518 3578 3571 in
3616 3517 3802 3581 verbo,
3846 3518 3910 3571 in

2320 3629 2503 3684 opere,
2534 3628 2658 3683 erga
2706 3610 2993 3681 principes,
3038 3623 3164 3678 erga
3211 3607 3472 3662 subditos.
3504 3607 3676 3662 Vultis
3723 3606 3909 3661 dies-ni

2319 3708 2473 3762 vobis
2501 3703 2817 3760 humilitatis
2843 3702 3069 3756 modos?
3098 3701 3235 3754 Sunt
3257 3700 3344 3769 qui
3373 3715 3497 3769 erga
3526 3699 3751 3752 humiles
3771 3708 3913 3752 sunt

2322 3799 2571 3863 humiles,
2603 3812 2727 3865 erga
2760 3795 3015 3847 sublimes
3062 3807 3192 3847 vero
3240 3790 3539 3845 sublimes:
3571 3789 3673 3843 hoc
3719 3800 3909 3843 autem

2324 3904 2428 3942 non
2452 3898 2535 3943 est
2565 3887 2856 3940 humilitas.
2882 3882 3015 3938 Sunt
3040 3884 3202 3937 etiam
3227 3883 3313 3936 alii
3342 3897 3447 3936 non
3477 3881 3629 3946 tales,
3654 3880 3746 3935 sed
3772 3896 3907 3949 erga

2324 3991 2575 4049 utrosque
2600 3976 2950 4031 humilitatem
2979 3984 3032 4029 et
3057 3975 3439 4031 sublimitatem
3471 3983 3684 4029 servant
3713 3990 3725 4025 :
3753 3973 3909 4043 quod

2326 4073 2481 4126 etiam
2531 4071 2759 4124 maxime
2803 4067 3117 4122 humilitatis
3146 4077 3251 4122 est.
3304 4066 3565 4120 Docturus
3602 4080 3729 4134 ergo
3775 4065 3911 4120 illos

2326 4164 2472 4229 talia,
2509 4170 2567 4216 ut
2594 4177 2663 4216 ne
2709 4160 2983 4215 videretur
3021 4170 3332 4228 arroganter
3358 4158 3555 4221 eﬂ‘erri,
3594 4159 3740 4227 prius
3777 4155 3909 4211 fun-

2323 4257 2628 4310 damentum
2661 4254 2829 4322 ponit,
2863 4252 3224 4321 suspicionem
3266 4249 3482 4303 tollens.
3514 4248 3645 4302 Nam
3689 4249 3731 4301 si
3776 4264 3909 4302 cum

2322 4345 2466 4400 omni
2497 4345 2796 4398 humilitate
2840 4345 2931 4407 l'ui,
2960 4343 3151 4410 inquit,
3192 4356 3295 4394 non
3324 4356 3387 4395 ex
3436 4340 3735 4409 arrogantia
3784 4339 3913 4395 haec

2325 4437 2464 4490 dico.
2492 4436 2697 4489 Deinde
2728 4432 3189 4487 mansuetudinem
3220 4432 3474 4485 declarat.
3504 4430 3788 4495 Vobiscum,
3821 4432 3910 4485 in—

2326 4533 2459 4603 quit,
2492 4530 2918 4599 fuerim,serviens
2948 4528 3181 4589 Domino,
3214 4527 3335 4579 illos
3364 4526 3488 4579 boni
3519 4525 3696 4593 operis
3725 4525 3910 4579 socios

2325 4621 2637 4677 ostendens.
2668 4620 2761 4673 Sic
2804 4619 2997 4684 ubique
3026 4618 3256 4672 societas
3282 4618 3418 4670 bona
3457 4625 3559 4670 est.
3586 4615 3909 4670 Communia

2326 4730 2454 4784 ergo
2490 4711 2614 4765 facit
2642 4712 2780 4764 bona
2810 4724 2992 4779 opera,
3024 4718 3078 4763 et
3109 4707 3238 4761 nihil
3275 4707 3375 4759 sibi
3407 4707 3590 4760 tribuit
3619 4705 3903 4760 eximium.

2326 4806 2465 4872 Quid
2492 4805 2657 4868 enim,
2686 4801 2935 4871 inquies?
2979 4816 3044 4853 an
3075 4810 3261 4853 contra
3294 4799 3458 4852 Deum
3487 4814 3743 4867 arrogans
3781 4812 3910 4854 esse

2326 4898 2532 4967 potuit?
2563 4896 2719 4962 Atqui
2747 4894 2898 4947 multi
2947 4903 3101 4967 sunt,»
3122 4892 3208 4959 qui
3238 4899 3420 4943 contra
3462 4889 3606 4942 illum
3650 4903 3909 4959 arrogan-

2329 5000 2408 5042 tes
2435 4998 2557 5043 sunt
2582 5006 2593 5040 :
2641 4987 2726 5040 hic
2756 5001 2885 5039 vero
2914 4999 2979 5037 ne
3006 4965 3189 5037 contra
3216 4982 3501 5050 discipulos
3530 4996 3656 5035 suos
3686 4980 3904 5048 quidem

2327 5095 2581 5149 arrogans
2602 5088 2737 5133 erat.
2763 5077 2874 5130 Hoc
2901 5077 3095 5128 bonum
3120 5074 3352 5126 doctoris
3376 5083 3457 5125 est
3483 5088 3637 5141 opus,
3659 5088 3723 5125 ex
3747 5072 3908 5126 bonis

2326 5172 2576 5240 Operibus
2602 5172 2712 5224 suis
2738 5168 3029 5237 discipulos
3069 5165 3353 5219 moderari.
3388 5165 3587 5219 Deinde
3632 5164 3903 5219 fortitudi-

2327 5279 2448 5317 nem
2498 5279 2648 5315 snam
2696 5259 2947 5320 ostendit,
2990 5273 3145 5326 quam
3189 5256 3415 5324 carptim
3472 5256 3727 5323 praeterit.
3777 5254 3904 5308 Cum

2326 5355 2497 5407 multis
2541 5353 2777 5423 lacrymis
2822 5361 2865 5403 et
2900 5350 3269 5413 tentationibus,
3304 5364 3419 5417 qua:
3458 5348 3583 5400 mihi
3612 5348 3905 5403 acciderunt

2329 5463 2392 5500 ea:
2420 5446 2617 5498 insidiis
2646 5443 2963 5497 Judaaorum.
2997 5440 3183 5493 Viden’
3211 5438 3479 5509 quomodo
3506 5439 3572 5491 de
3612 5439 3774 5509 gestis
3802 5439 3905 5491 do-

2327 5530 2472 5592 leat?
2522 5537 2616 5590 llic
2645 5549 2772 5589 \ero
2800 5533 3316 5587 commiserationem
3344 5547 3492 5584 suam
3522 5532 3733 5586 videtur
3761 5532 3905 5583 indi-

2324 5644 2447 5681 care
2482 5646 2492 5677 :
2526 5627 2786 5681 mmrehat
2814 5626 2953 5677 enim
2986 5639 3080 5694 pro
3112 5623 3476 5693 pereuntibus,
3511 5638 3608 5691 pro
3639 5622 3907 5675 facinoro-

2326 5720 2398 5771 sis
2433 5736 2445 5770 :
2496 5734 2613 5771 nam
2654 5717 2721 5771 de
2767 5715 2866 5769 sibi
2912 5716 3067 5768 illatis
3100 5715 3253 5768 malis
3286 5714 3731 5784 gaudebat.-Erat
3756 5714 3902 5767 cuitu

2325 5828 2389 5866 ex
2434 5812 2641 5865 illorum
2679 5810 2864 5873 choro,
2891 5810 2978 5879 qui
3024 5809 3344 5878 gaudebant,
3376 5824 3495 5877 quta
3542 5807 3685 5875 digni
3736 5806 3902 5862 habiti

2324 5913 2476 5961 erant
2501 5918 2596 5972 pro
2619 5900 2973 5957 nornichcsu
2999 5900 3372 5955 contumeliam
3401 5900 3510 5969 pati
3538 5900 3671 5970 (Act.
3700 5898 3751 5954 5.
3780 5898 3842 5953 41
3852 5898 3899 5969 ).
