  <div class='ocr_page' id='page_1' title='image "/cluster/home/n/w/nwhite01/storage/ocr_20150623/60/ien.35556001660885/316.png"; bbox 0 0 4072 6404; ppageno 0'>
   <div class='ocr_carea' id='block_1_1' title="bbox 191 443 299 502">
    <p class='ocr_par' dir='ltr' id='par_1_1' title="bbox 191 443 299 502">
     <span class='ocr_line' id='line_1_1' title="bbox 191 443 299 502; baseline -0.028 -1"><span class='ocrx_word' id='word_1_1' title='bbox 191 443 299 502; x_wconf 81' lang='grc'><strong>509</strong></span> 
     </span>
    </p>
   </div>
   <div class='ocr_carea' id='block_1_2' title="bbox 189 543 1791 620">
    <p class='ocr_par' dir='ltr' id='par_1_2' title="bbox 189 543 1791 620">
     <span class='ocr_line' id='line_1_2' title="bbox 189 543 1791 620; baseline -0.013 -4"><span class='ocrx_word' id='word_1_2' title='bbox 189 561 262 616; x_wconf 77' lang='lat' dir='ltr'><strong>Et</strong></span> <span class='ocrx_word' id='word_1_3' title='bbox 315 571 504 613; x_wconf 86' lang='lat' dir='ltr'><strong>rursus</strong></span> <span class='ocrx_word' id='word_1_4' title='bbox 549 556 673 610; x_wconf 90' lang='lat' dir='ltr'><strong>alibi</strong></span> <span class='ocrx_word' id='word_1_5' title='bbox 717 554 892 610; x_wconf 90' lang='lat' dir='ltr'><strong>dicit:</strong></span> <span class='ocrx_word' id='word_1_6' title='bbox 929 551 1082 606; x_wconf 78' lang='lat' dir='ltr'><strong>Nunc</strong></span> <span class='ocrx_word' id='word_1_7' title='bbox 1133 550 1331 620; x_wconf 79' lang='lat' dir='ltr'><strong>gaudeo</strong></span> <span class='ocrx_word' id='word_1_8' title='bbox 1371 548 1426 600; x_wconf 88' lang='lat' dir='ltr'><strong>in</strong></span> <span class='ocrx_word' id='word_1_9' title='bbox 1473 543 1791 614; x_wconf 86' lang='lat' dir='ltr'><strong>passionibus</strong></span> 
     </span>
    </p>
   </div>
   <div class='ocr_carea' id='block_1_3' title="bbox 193 637 1795 719">
    <p class='ocr_par' dir='ltr' id='par_1_3' title="bbox 193 637 1795 719">
     <span class='ocr_line' id='line_1_3' title="bbox 193 637 1795 719; baseline -0.012 -14"><span class='ocrx_word' id='word_1_10' title='bbox 193 653 322 706; x_wconf 78' lang='lat' dir='ltr'><strong>meis</strong></span> <span class='ocrx_word' id='word_1_11' title='bbox 351 667 447 719; x_wconf 86' lang='lat' dir='ltr'><strong>pro</strong></span> <span class='ocrx_word' id='word_1_12' title='bbox 476 650 613 703; x_wconf 73' lang='lat' dir='ltr'><strong>vobis</strong></span> <span class='ocrx_word' id='word_1_13' title='bbox 637 647 770 711; x_wconf 86' lang='lat' dir='ltr'><strong>(Col.</strong></span> <span class='ocrx_word' id='word_1_14' title='bbox 798 648 851 701; x_wconf 78' lang='grc'><strong>1.</strong></span> <span class='ocrx_word' id='word_1_15' title='bbox 873 643 997 714; x_wconf 63' lang='lat'><strong>9.4);</strong></span> <span class='ocrx_word' id='word_1_16' title='bbox 1022 652 1076 696; x_wconf 89' lang='lat' dir='ltr'><strong>et</strong></span> <span class='ocrx_word' id='word_1_17' title='bbox 1101 656 1313 696; x_wconf 89' lang='lat' dir='ltr'><strong>rursum</strong></span> <span class='ocrx_word' id='word_1_18' title='bbox 1339 656 1353 692; x_wconf 89' lang='lat'><strong>:</strong></span> <span class='ocrx_word' id='word_1_19' title='bbox 1389 637 1544 692; x_wconf 85' lang='lat' dir='ltr'><strong>Nunc</strong></span> <span class='ocrx_word' id='word_1_20' title='bbox 1567 653 1795 690; x_wconf 88' lang='lat' dir='ltr'><strong>momen-</strong></span> 
     </span>
    </p>
   </div>
   <div class='ocr_carea' id='block_1_4' title="bbox 191 728 1794 797">
    <p class='ocr_par' dir='ltr' id='par_1_4' title="bbox 191 728 1794 797">
     <span class='ocr_line' id='line_1_4' title="bbox 191 728 1794 797; baseline -0.012 0"><span class='ocrx_word' id='word_1_21' title='bbox 191 755 347 797; x_wconf 71' lang='lat' dir='ltr'><strong>tonea</strong></span> <span class='ocrx_word' id='word_1_22' title='bbox 369 741 556 796; x_wconf 82' lang='lat' dir='ltr'><strong>levitas</strong></span> <span class='ocrx_word' id='word_1_23' title='bbox 580 737 920 793; x_wconf 71' lang='lat' dir='ltr'><strong>tribulationis</strong></span> <span class='ocrx_word' id='word_1_24' title='bbox 941 752 1095 797; x_wconf 88' lang='lat' dir='ltr'><strong>supra</strong></span> <span class='ocrx_word' id='word_1_25' title='bbox 1126 734 1332 786; x_wconf 84' lang='lat' dir='ltr'><strong>modum</strong></span> <span class='ocrx_word' id='word_1_26' title='bbox 1351 742 1593 785; x_wconf 68' lang='lat' dir='ltr'><strong>aternum</strong></span> <span class='ocrx_word' id='word_1_27' title='bbox 1614 728 1794 796; x_wconf 74' lang='lat' dir='ltr'><strong>gloria:</strong></span> 
     </span>
    </p>
   </div>
   <div class='ocr_carea' id='block_1_5' title="bbox 185 822 1790 906">
    <p class='ocr_par' dir='ltr' id='par_1_5' title="bbox 185 822 1790 906">
     <span class='ocr_line' id='line_1_5' title="bbox 185 822 1790 906; baseline -0.011 -14"><span class='ocrx_word' id='word_1_28' title='bbox 185 837 399 902; x_wconf 79' lang='lat' dir='ltr'><strong>pondus</strong></span> <span class='ocrx_word' id='word_1_29' title='bbox 424 843 667 906; x_wconf 87' lang='lat' dir='ltr'><strong>operatur</strong></span> <span class='ocrx_word' id='word_1_30' title='bbox 706 831 850 885; x_wconf 86' lang='lat' dir='ltr'><strong>nobis</strong></span> <span class='ocrx_word' id='word_1_31' title='bbox 878 828 956 896; x_wconf 72' lang='grc' dir='ltr'><strong>(Ξ.</strong></span> <span class='ocrx_word' id='word_1_32' title='bbox 986 828 1102 883; x_wconf 82' lang='lat' dir='ltr'><strong>Cor.</strong></span> <span class='ocrx_word' id='word_1_33' title='bbox 1128 827 1184 882; x_wconf 76' lang='grc'><strong>4.</strong></span> <span class='ocrx_word' id='word_1_34' title='bbox 1216 827 1326 894; x_wconf 82' lang='lat' dir='ltr'><strong>l7).</strong></span> <span class='ocrx_word' id='word_1_35' title='bbox 1354 822 1550 878; x_wconf 78' lang='lat' dir='ltr'><strong>Verum</strong></span> <span class='ocrx_word' id='word_1_36' title='bbox 1580 823 1694 875; x_wconf 76' lang='lat' dir='ltr'><strong>lucc</strong></span> <span class='ocrx_word' id='word_1_37' title='bbox 1725 835 1790 875; x_wconf 80' lang='lat' dir='ltr'><strong>ex</strong></span> 
     </span>
    </p>
   </div>
   <div class='ocr_carea' id='block_1_6' title="bbox 192 916 1786 981">
    <p class='ocr_par' dir='ltr' id='par_1_6' title="bbox 192 916 1786 981">
     <span class='ocr_line' id='line_1_6' title="bbox 192 916 1786 981; baseline -0.009 0"><span class='ocrx_word' id='word_1_38' title='bbox 192 928 460 981; x_wconf 84' lang='lat' dir='ltr'><strong>modestia</strong></span> <span class='ocrx_word' id='word_1_39' title='bbox 484 926 634 980; x_wconf 89' lang='lat' dir='ltr'><strong>dicit.</strong></span> <span class='ocrx_word' id='word_1_40' title='bbox 653 924 750 978; x_wconf 77' lang='lat' dir='ltr'><strong>llic</strong></span> <span class='ocrx_word' id='word_1_41' title='bbox 771 932 949 975; x_wconf 88' lang='lat' dir='ltr'><strong>autem</strong></span> <span class='ocrx_word' id='word_1_42' title='bbox 972 919 1204 975; x_wconf 73' lang='lat' dir='ltr'><strong>ostendit</strong></span> <span class='ocrx_word' id='word_1_43' title='bbox 1227 916 1588 972; x_wconf 75' lang='lat' dir='ltr'><strong>fortitudinem</strong></span> <span class='ocrx_word' id='word_1_44' title='bbox 1611 928 1786 978; x_wconf 87' lang='lat' dir='ltr'><strong>suam,</strong></span> 
     </span>
    </p>
   </div>
   <div class='ocr_carea' id='block_1_7' title="bbox 191 1008 1786 1084">
    <p class='ocr_par' dir='ltr' id='par_1_7' title="bbox 191 1008 1786 1084">
     <span class='ocr_line' id='line_1_7' title="bbox 191 1008 1786 1084; baseline -0.008 -10"><span class='ocrx_word' id='word_1_45' title='bbox 191 1039 294 1076; x_wconf 82' lang='lat' dir='ltr'><strong>nec</strong></span> <span class='ocrx_word' id='word_1_46' title='bbox 322 1032 430 1075; x_wconf 89' lang='lat' dir='ltr'><strong>tam</strong></span> <span class='ocrx_word' id='word_1_47' title='bbox 456 1018 845 1081; x_wconf 76' lang='lat' dir='ltr'><strong>fortitudinem,</strong></span> <span class='ocrx_word' id='word_1_48' title='bbox 869 1031 1027 1084; x_wconf 89' lang='lat' dir='ltr'><strong>qnam</strong></span> <span class='ocrx_word' id='word_1_49' title='bbox 1052 1013 1380 1084; x_wconf 79' lang='lat' dir='ltr'><strong>patientiam,</strong></span> <span class='ocrx_word' id='word_1_50' title='bbox 1399 1024 1462 1065; x_wconf 82' lang='lat' dir='ltr'><strong>ac</strong></span> <span class='ocrx_word' id='word_1_51' title='bbox 1486 1010 1530 1064; x_wconf 86' lang='lat' dir='ltr'><strong>si</strong></span> <span class='ocrx_word' id='word_1_52' title='bbox 1552 1008 1786 1063; x_wconf 63' lang='lat' dir='ltr'><strong>diceret-</strong></span> 
     </span>
    </p>
   </div>
   <div class='ocr_carea' id='block_1_8' title="bbox 189 1100 1786 1181">
    <p class='ocr_par' dir='ltr' id='par_1_8' title="bbox 189 1100 1786 1181">
     <span class='ocr_line' id='line_1_8' title="bbox 189 1100 1786 1181; baseline -0.012 -12"><span class='ocrx_word' id='word_1_53' title='bbox 189 1115 332 1169; x_wconf 69' lang='lat' dir='ltr'><strong>Male</strong></span> <span class='ocrx_word' id='word_1_54' title='bbox 363 1111 625 1181; x_wconf 75' lang='lat' dir='ltr'><strong>patiebar,</strong></span> <span class='ocrx_word' id='word_1_55' title='bbox 657 1108 748 1163; x_wconf 88' lang='lat' dir='ltr'><strong>sed</strong></span> <span class='ocrx_word' id='word_1_56' title='bbox 791 1108 1062 1160; x_wconf 90' lang='lat' dir='ltr'><strong>vobiscum</strong></span> <span class='ocrx_word' id='word_1_57' title='bbox 1097 1122 1111 1159; x_wconf 92' lang='lat'><strong>:</strong></span> <span class='ocrx_word' id='word_1_58' title='bbox 1144 1104 1393 1174; x_wconf 87' lang='lat' dir='ltr'><strong>quodque</strong></span> <span class='ocrx_word' id='word_1_59' title='bbox 1438 1100 1654 1172; x_wconf 77' lang='lat' dir='ltr'><strong>gravius</strong></span> <span class='ocrx_word' id='word_1_60' title='bbox 1683 1107 1786 1163; x_wconf 88' lang='lat' dir='ltr'><strong>est,</strong></span> 
     </span>
    </p>
   </div>
   <div class='ocr_carea' id='block_1_9' title="bbox 186 1190 1786 1260">
    <p class='ocr_par' dir='ltr' id='par_1_9' title="bbox 186 1190 1786 1260">
     <span class='ocr_line' id='line_1_9' title="bbox 186 1190 1786 1260; baseline -0.011 -2"><span class='ocrx_word' id='word_1_61' title='bbox 186 1222 216 1258; x_wconf 87' lang='lat' dir='ltr'><strong>a</strong></span> <span class='ocrx_word' id='word_1_62' title='bbox 248 1203 477 1260; x_wconf 57' lang='lat' dir='ltr'><strong>ludatis.</strong></span> <span class='ocrx_word' id='word_1_63' title='bbox 506 1202 601 1256; x_wconf 90' lang='lat' dir='ltr'><strong>llic</strong></span> <span class='ocrx_word' id='word_1_64' title='bbox 632 1200 754 1254; x_wconf 85' lang='lat' dir='ltr'><strong>vide</strong></span> <span class='ocrx_word' id='word_1_65' title='bbox 774 1199 1138 1253; x_wconf 82' lang='lat' dir='ltr'><strong>characterem</strong></span> <span class='ocrx_word' id='word_1_66' title='bbox 1168 1194 1433 1249; x_wconf 68' lang='lat' dir='ltr'><strong>doctrina:</strong></span> <span class='ocrx_word' id='word_1_67' title='bbox 1467 1211 1479 1245; x_wconf 94' lang='lat'>:</span> <span class='ocrx_word' id='word_1_68' title='bbox 1510 1201 1563 1247; x_wconf 89' lang='lat' dir='ltr'><strong>et</strong></span> <span class='ocrx_word' id='word_1_69' title='bbox 1589 1190 1786 1245; x_wconf 89' lang='lat' dir='ltr'><strong>carita-</strong></span> 
     </span>
    </p>
   </div>
   <div class='ocr_carea' id='block_1_10' title="bbox 188 1284 1785 1365">
    <p class='ocr_par' dir='ltr' id='par_1_10' title="bbox 188 1284 1785 1365">
     <span class='ocr_line' id='line_1_10' title="bbox 188 1284 1785 1365; baseline -0.009 -16"><span class='ocrx_word' id='word_1_70' title='bbox 188 1307 303 1350; x_wconf 73' lang='lat' dir='ltr'><strong>tem</strong></span> <span class='ocrx_word' id='word_1_71' title='bbox 335 1297 487 1365; x_wconf 84' lang='lat' dir='ltr'><strong>ponit</strong></span> <span class='ocrx_word' id='word_1_72' title='bbox 511 1303 568 1348; x_wconf 90' lang='lat' dir='ltr'><strong>et</strong></span> <span class='ocrx_word' id='word_1_73' title='bbox 595 1293 984 1348; x_wconf 79' lang='lat' dir='ltr'><strong>fortitudinem.</strong></span> <span class='ocrx_word' id='word_1_74' title='bbox 1021 1289 1172 1356; x_wconf 89' lang='lat' dir='ltr'><strong>Quod</strong></span> <span class='ocrx_word' id='word_1_75' title='bbox 1207 1287 1336 1340; x_wconf 82' lang='lat' dir='ltr'><strong>nihil</strong></span> <span class='ocrx_word' id='word_1_76' title='bbox 1373 1284 1785 1354; x_wconf 75' lang='lat' dir='ltr'><strong>subterfugerim,</strong></span> 
     </span>
    </p>
   </div>
   <div class='ocr_carea' id='block_1_11' title="bbox 188 1374 1788 1457">
    <p class='ocr_par' dir='ltr' id='par_1_11' title="bbox 188 1374 1788 1457">
     <span class='ocr_line' id='line_1_11' title="bbox 188 1374 1788 1457; baseline -0.01 -17"><span class='ocrx_word' id='word_1_77' title='bbox 188 1389 404 1457; x_wconf 89' lang='lat' dir='ltr'><strong>inquit;</strong></span> <span class='ocrx_word' id='word_1_78' title='bbox 436 1386 648 1453; x_wconf 84' lang='lat' dir='ltr'><strong>capiam</strong></span> <span class='ocrx_word' id='word_1_79' title='bbox 673 1384 830 1438; x_wconf 90' lang='lat' dir='ltr'><strong>simul</strong></span> <span class='ocrx_word' id='word_1_80' title='bbox 858 1391 912 1436; x_wconf 92' lang='lat' dir='ltr'><strong>et</strong></span> <span class='ocrx_word' id='word_1_81' title='bbox 939 1380 1275 1435; x_wconf 80' lang='lat' dir='ltr'><strong>sedulitatem</strong></span> <span class='ocrx_word' id='word_1_82' title='bbox 1305 1374 1560 1432; x_wconf 83' lang='lat' dir='ltr'><strong>ostendit.</strong></span> <span class='ocrx_word' id='word_1_83' title='bbox 1594 1374 1788 1427; x_wconf 79' lang='lat' dir='ltr'><strong>Eorum</strong></span> 
     </span>
    </p>
   </div>
   <div class='ocr_carea' id='block_1_12' title="bbox 185 1467 1788 1548">
    <p class='ocr_par' dir='ltr' id='par_1_12' title="bbox 185 1467 1788 1548">
     <span class='ocr_line' id='line_1_12' title="bbox 185 1467 1788 1548; baseline -0.007 -18"><span class='ocrx_word' id='word_1_84' title='bbox 185 1495 307 1548; x_wconf 80' lang='lat' dir='ltr'><strong>qua:</strong></span> <span class='ocrx_word' id='word_1_85' title='bbox 335 1478 484 1530; x_wconf 85' lang='lat' dir='ltr'><strong>utilia</strong></span> <span class='ocrx_word' id='word_1_86' title='bbox 505 1484 689 1530; x_wconf 86' lang='lat' dir='ltr'><strong>essent.</strong></span> <span class='ocrx_word' id='word_1_87' title='bbox 719 1474 867 1528; x_wconf 90' lang='lat' dir='ltr'><strong>Bene</strong></span> <span class='ocrx_word' id='word_1_88' title='bbox 895 1481 1043 1527; x_wconf 90' lang='lat' dir='ltr'><strong>certe</strong></span> <span class='ocrx_word' id='word_1_89' title='bbox 1081 1472 1217 1525; x_wconf 85' lang='lat' dir='ltr'><strong>dixit</strong></span> <span class='ocrx_word' id='word_1_90' title='bbox 1247 1491 1260 1526; x_wconf 90' lang='lat'><strong>:</strong></span> <span class='ocrx_word' id='word_1_91' title='bbox 1303 1478 1457 1523; x_wconf 90' lang='lat' dir='ltr'><strong>erant</strong></span> <span class='ocrx_word' id='word_1_92' title='bbox 1495 1467 1639 1522; x_wconf 91' lang='lat' dir='ltr'><strong>enim</strong></span> <span class='ocrx_word' id='word_1_93' title='bbox 1669 1482 1788 1534; x_wconf 78' lang='lat' dir='ltr'><strong>qua:</strong></span> 
     </span>
    </p>
   </div>
   <div class='ocr_carea' id='block_1_13' title="bbox 187 1559 1785 1643">
    <p class='ocr_par' dir='ltr' id='par_1_13' title="bbox 187 1559 1785 1643">
     <span class='ocr_line' id='line_1_13' title="bbox 187 1559 1785 1643; baseline -0.008 -22"><span class='ocrx_word' id='word_1_94' title='bbox 187 1571 405 1623; x_wconf 76' lang='lat' dir='ltr'><strong>discere</strong></span> <span class='ocrx_word' id='word_1_95' title='bbox 447 1585 554 1622; x_wconf 82' lang='lat' dir='ltr'><strong>non</strong></span> <span class='ocrx_word' id='word_1_96' title='bbox 585 1565 888 1637; x_wconf 82' lang='lat' dir='ltr'><strong>oportebat.</strong></span> <span class='ocrx_word' id='word_1_97' title='bbox 924 1562 992 1619; x_wconf 91' lang='lat' dir='ltr'><strong>Ut</strong></span> <span class='ocrx_word' id='word_1_98' title='bbox 1031 1578 1160 1618; x_wconf 87' lang='lat' dir='ltr'><strong>vero</strong></span> <span class='ocrx_word' id='word_1_99' title='bbox 1204 1560 1449 1631; x_wconf 61' lang='lat' dir='ltr'><strong>quadam</strong></span> <span class='ocrx_word' id='word_1_100' title='bbox 1493 1559 1785 1643; x_wconf 83' lang='lat' dir='ltr'><strong>occultare,</strong></span> 
     </span>
    </p>
   </div>
   <div class='ocr_carea' id='block_1_14' title="bbox 187 1649 1789 1720">
    <p class='ocr_par' dir='ltr' id='par_1_14' title="bbox 187 1649 1789 1720">
     <span class='ocr_line' id='line_1_14' title="bbox 187 1649 1789 1720; baseline -0.009 -4"><span class='ocrx_word' id='word_1_101' title='bbox 187 1661 415 1716; x_wconf 72' lang='lat' dir='ltr'><strong>invidia:</strong></span> <span class='ocrx_word' id='word_1_102' title='bbox 445 1662 652 1720; x_wconf 86' lang='lat' dir='ltr'><strong>fuisset,</strong></span> <span class='ocrx_word' id='word_1_103' title='bbox 682 1658 760 1712; x_wconf 90' lang='lat' dir='ltr'><strong>sic</strong></span> <span class='ocrx_word' id='word_1_104' title='bbox 805 1658 982 1711; x_wconf 85' lang='lat' dir='ltr'><strong>omnia</strong></span> <span class='ocrx_word' id='word_1_105' title='bbox 1009 1655 1189 1710; x_wconf 88' lang='lat' dir='ltr'><strong>dicere</strong></span> <span class='ocrx_word' id='word_1_106' title='bbox 1225 1653 1468 1707; x_wconf 67' lang='lat' dir='ltr'><strong>stultitia:</strong></span> <span class='ocrx_word' id='word_1_107' title='bbox 1496 1669 1509 1705; x_wconf 91' lang='lat'><strong>:</strong></span> <span class='ocrx_word' id='word_1_108' title='bbox 1543 1650 1665 1704; x_wconf 89' lang='lat' dir='ltr'><strong>ideo</strong></span> <span class='ocrx_word' id='word_1_109' title='bbox 1695 1649 1789 1702; x_wconf 86' lang='lat' dir='ltr'><strong>ad-</strong></span> 
     </span>
    </p>
   </div>
   <div class='ocr_carea' id='block_1_15' title="bbox 186 1745 1786 1820">
    <p class='ocr_par' dir='ltr' id='par_1_15' title="bbox 186 1745 1786 1820">
     <span class='ocr_line' id='line_1_15' title="bbox 186 1745 1786 1820; baseline -0.009 -12"><span class='ocrx_word' id='word_1_110' title='bbox 186 1753 345 1816; x_wconf 83' lang='lat' dir='ltr'><strong>didit,</strong></span> <span class='ocrx_word' id='word_1_111' title='bbox 400 1751 597 1806; x_wconf 81' lang='lat' dir='ltr'><strong>Eorum</strong></span> <span class='ocrx_word' id='word_1_112' title='bbox 642 1766 756 1820; x_wconf 69' lang='lat' dir='ltr'><strong>quin</strong></span> <span class='ocrx_word' id='word_1_113' title='bbox 803 1747 953 1801; x_wconf 78' lang='lat' dir='ltr'><strong>utilia</strong></span> <span class='ocrx_word' id='word_1_114' title='bbox 1003 1745 1527 1801; x_wconf 85' lang='lat' dir='ltr'><strong>essent:ostendens</strong></span> <span class='ocrx_word' id='word_1_115' title='bbox 1574 1757 1634 1796; x_wconf 89' lang='lat' dir='ltr'><strong>se</strong></span> <span class='ocrx_word' id='word_1_116' title='bbox 1679 1755 1786 1794; x_wconf 92' lang='lat' dir='ltr'><strong>non</strong></span> 
     </span>
    </p>
   </div>
   <div class='ocr_carea' id='block_1_16' title="bbox 187 1832 1787 1905">
    <p class='ocr_par' dir='ltr' id='par_1_16' title="bbox 187 1832 1787 1905">
     <span class='ocr_line' id='line_1_16' title="bbox 187 1832 1787 1905; baseline -0.009 -6"><span class='ocrx_word' id='word_1_117' title='bbox 187 1845 352 1899; x_wconf 88' lang='lat' dir='ltr'><strong>modo</strong></span> <span class='ocrx_word' id='word_1_118' title='bbox 384 1843 608 1905; x_wconf 55' lang='lat' dir='ltr'><strong>dixisse,</strong></span> <span class='ocrx_word' id='word_1_119' title='bbox 638 1841 734 1895; x_wconf 90' lang='lat' dir='ltr'><strong>sed</strong></span> <span class='ocrx_word' id='word_1_120' title='bbox 758 1841 918 1894; x_wconf 90' lang='lat' dir='ltr'><strong>etiam</strong></span> <span class='ocrx_word' id='word_1_121' title='bbox 949 1839 1225 1900; x_wconf 88' lang='lat' dir='ltr'><strong>docuisse;</strong></span> <span class='ocrx_word' id='word_1_122' title='bbox 1257 1852 1356 1894; x_wconf 89' lang='lat' dir='ltr'><strong>nec</strong></span> <span class='ocrx_word' id='word_1_123' title='bbox 1383 1835 1536 1905; x_wconf 89' lang='lat' dir='ltr'><strong>quasi</strong></span> <span class='ocrx_word' id='word_1_124' title='bbox 1570 1832 1787 1902; x_wconf 90' lang='lat' dir='ltr'><strong>perfun-</strong></span> 
     </span>
    </p>
   </div>
   <div class='ocr_carea' id='block_1_17' title="bbox 184 1925 1781 2003">
    <p class='ocr_par' dir='ltr' id='par_1_17' title="bbox 184 1925 1781 2003">
     <span class='ocr_line' id='line_1_17' title="bbox 184 1925 1781 2003; baseline -0.009 -12"><span class='ocrx_word' id='word_1_125' title='bbox 184 1939 378 1992; x_wconf 86' lang='lat' dir='ltr'><strong>ctorie.</strong></span> <span class='ocrx_word' id='word_1_126' title='bbox 413 1933 568 2003; x_wconf 86' lang='lat' dir='ltr'><strong>Quod</strong></span> <span class='ocrx_word' id='word_1_127' title='bbox 619 1940 798 1986; x_wconf 84' lang='lat' dir='ltr'><strong>autem</strong></span> <span class='ocrx_word' id='word_1_128' title='bbox 845 1930 948 1985; x_wconf 88' lang='lat' dir='ltr'><strong>hoc</strong></span> <span class='ocrx_word' id='word_1_129' title='bbox 991 1928 1274 1999; x_wconf 85' lang='lat' dir='ltr'><strong>significet,</strong></span> <span class='ocrx_word' id='word_1_130' title='bbox 1311 1925 1437 1981; x_wconf 89' lang='lat' dir='ltr'><strong>andi</strong></span> <span class='ocrx_word' id='word_1_131' title='bbox 1480 1925 1781 1994; x_wconf 86' lang='lat' dir='ltr'><strong>sequentia,</strong></span> 
     </span>
    </p>
   </div>
   <div class='ocr_carea' id='block_1_18' title="bbox 187 2019 1786 2096">
    <p class='ocr_par' dir='ltr' id='par_1_18' title="bbox 187 2019 1786 2096">
     <span class='ocr_line' id='line_1_18' title="bbox 187 2019 1786 2096; baseline -0.008 -16"><span class='ocrx_word' id='word_1_132' title='bbox 187 2027 404 2080; x_wconf 79' lang='lat' dir='ltr'><strong>Publice</strong></span> <span class='ocrx_word' id='word_1_133' title='bbox 435 2036 480 2078; x_wconf 87' lang='lat' dir='ltr'><strong>et</strong></span> <span class='ocrx_word' id='word_1_134' title='bbox 510 2041 600 2096; x_wconf 89' lang='lat' dir='ltr'><strong>per</strong></span> <span class='ocrx_word' id='word_1_135' title='bbox 631 2025 851 2086; x_wconf 86' lang='lat' dir='ltr'><strong>domos;</strong></span> <span class='ocrx_word' id='word_1_136' title='bbox 891 2032 946 2076; x_wconf 91' lang='lat' dir='ltr'><strong>et</strong></span> <span class='ocrx_word' id='word_1_137' title='bbox 988 2036 1236 2092; x_wconf 87' lang='lat' dir='ltr'><strong>magnum</strong></span> <span class='ocrx_word' id='word_1_138' title='bbox 1292 2019 1531 2073; x_wconf 89' lang='lat' dir='ltr'><strong>laborem</strong></span> <span class='ocrx_word' id='word_1_139' title='bbox 1579 2025 1634 2071; x_wconf 88' lang='lat' dir='ltr'><strong>et</strong></span> <span class='ocrx_word' id='word_1_140' title='bbox 1673 2027 1786 2069; x_wconf 86' lang='lat' dir='ltr'><strong>sut-</strong></span> 
     </span>
    </p>
   </div>
   <div class='ocr_carea' id='block_1_19' title="bbox 184 2108 1784 2189">
    <p class='ocr_par' dir='ltr' id='par_1_19' title="bbox 184 2108 1784 2189">
     <span class='ocr_line' id='line_1_19' title="bbox 184 2108 1784 2189; baseline -0.008 -15"><span class='ocrx_word' id='word_1_141' title='bbox 184 2122 333 2174; x_wconf 89' lang='lat' dir='ltr'><strong>dium</strong></span> <span class='ocrx_word' id='word_1_142' title='bbox 360 2119 930 2189; x_wconf 79' lang='lat' dir='ltr'><strong>perseverantiatnqne</strong></span> <span class='ocrx_word' id='word_1_143' title='bbox 947 2113 1092 2168; x_wconf 88' lang='lat' dir='ltr'><strong>decla</strong></span> <span class='ocrx_word' id='word_1_144' title='bbox 1101 2129 1154 2167; x_wconf 88' lang='lat' dir='ltr'><strong>ra</strong></span> <span class='ocrx_word' id='word_1_145' title='bbox 1163 2128 1245 2167; x_wconf 90' lang='lat' dir='ltr'><strong>ns.</strong></span> <span class='ocrx_word' id='word_1_146' title='bbox 1265 2111 1564 2179; x_wconf 77' lang='lat' dir='ltr'><strong>Testiﬁcans</strong></span> <span class='ocrx_word' id='word_1_147' title='bbox 1583 2108 1613 2160; x_wconf 84' lang='lat' dir='ltr'><strong><em>J</em></strong></span> <span class='ocrx_word' id='word_1_148' title='bbox 1623 2108 1784 2162; x_wconf 76' lang='lat' dir='ltr'><strong>udteis</strong></span> 
     </span>
    </p>
   </div>
   <div class='ocr_carea' id='block_1_20' title="bbox 184 2202 1787 2283">
    <p class='ocr_par' dir='ltr' id='par_1_20' title="bbox 184 2202 1787 2283">
     <span class='ocr_line' id='line_1_20' title="bbox 184 2202 1787 2283; baseline -0.007 -17"><span class='ocrx_word' id='word_1_149' title='bbox 184 2225 337 2283; x_wconf 85' lang='lat' dir='ltr'><strong>atque</strong></span> <span class='ocrx_word' id='word_1_150' title='bbox 347 2211 640 2282; x_wconf 75' lang='lat' dir='ltr'><strong>gentilibus.</strong></span> <span class='ocrx_word' id='word_1_151' title='bbox 657 2209 773 2264; x_wconf 89' lang='lat' dir='ltr'><strong>Non</strong></span> <span class='ocrx_word' id='word_1_152' title='bbox 788 2206 939 2262; x_wconf 88' lang='lat' dir='ltr'><strong>vobis</strong></span> <span class='ocrx_word' id='word_1_153' title='bbox 955 2206 1150 2272; x_wconf 89' lang='lat' dir='ltr'><strong>solum,</strong></span> <span class='ocrx_word' id='word_1_154' title='bbox 1169 2205 1360 2274; x_wconf 89' lang='lat' dir='ltr'><strong>inquit,</strong></span> <span class='ocrx_word' id='word_1_155' title='bbox 1376 2203 1471 2257; x_wconf 91' lang='lat' dir='ltr'><strong>sed</strong></span> <span class='ocrx_word' id='word_1_156' title='bbox 1486 2202 1646 2256; x_wconf 89' lang='lat' dir='ltr'><strong>etiam</strong></span> <span class='ocrx_word' id='word_1_157' title='bbox 1663 2215 1787 2270; x_wconf 67' lang='lat' dir='ltr'><strong>gen«</strong></span> 
     </span>
    </p>
   </div>
   <div class='ocr_carea' id='block_1_21' title="bbox 185 2295 1778 2372">
    <p class='ocr_par' dir='ltr' id='par_1_21' title="bbox 185 2295 1778 2372">
     <span class='ocr_line' id='line_1_21' title="bbox 185 2295 1778 2372; baseline -0.009 -12"><span class='ocrx_word' id='word_1_158' title='bbox 185 2307 390 2360; x_wconf 87' lang='lat' dir='ltr'><strong>tilibus.</strong></span> <span class='ocrx_word' id='word_1_159' title='bbox 407 2305 504 2360; x_wconf 87' lang='lat' dir='ltr'><strong>llic</strong></span> <span class='ocrx_word' id='word_1_160' title='bbox 524 2302 773 2372; x_wconf 84' lang='lat' dir='ltr'><strong>loquendi</strong></span> <span class='ocrx_word' id='word_1_161' title='bbox 792 2302 1008 2355; x_wconf 89' lang='lat' dir='ltr'><strong>libertas</strong></span> <span class='ocrx_word' id='word_1_162' title='bbox 1022 2299 1203 2353; x_wconf 89' lang='lat' dir='ltr'><strong>adest:</strong></span> <span class='ocrx_word' id='word_1_163' title='bbox 1225 2295 1443 2351; x_wconf 85' lang='lat' dir='ltr'><strong>Etiamsi</strong></span> <span class='ocrx_word' id='word_1_164' title='bbox 1463 2295 1594 2349; x_wconf 86' lang='lat' dir='ltr'><strong>nihil</strong></span> <span class='ocrx_word' id='word_1_165' title='bbox 1617 2295 1778 2362; x_wconf 81' lang='lat' dir='ltr'><strong>proli-</strong></span> 
     </span>
    </p>
   </div>
   <div class='ocr_carea' id='block_1_22' title="bbox 187 2388 1779 2460">
    <p class='ocr_par' dir='ltr' id='par_1_22' title="bbox 187 2388 1779 2460">
     <span class='ocr_line' id='line_1_22' title="bbox 187 2388 1779 2460; baseline -0.008 -7"><span class='ocrx_word' id='word_1_166' title='bbox 187 2403 416 2459; x_wconf 85' lang='lat' dir='ltr'><strong>cianms,</strong></span> <span class='ocrx_word' id='word_1_167' title='bbox 433 2399 527 2454; x_wconf 89' lang='lat' dir='ltr'><strong>ait.</strong></span> <span class='ocrx_word' id='word_1_168' title='bbox 544 2396 726 2449; x_wconf 91' lang='lat' dir='ltr'><strong>dicere</strong></span> <span class='ocrx_word' id='word_1_169' title='bbox 745 2403 922 2448; x_wconf 89' lang='lat' dir='ltr'><strong>tamen</strong></span> <span class='ocrx_word' id='word_1_170' title='bbox 938 2399 1185 2460; x_wconf 88' lang='lat' dir='ltr'><strong>oportet:</strong></span> <span class='ocrx_word' id='word_1_171' title='bbox 1210 2389 1341 2444; x_wconf 89' lang='lat' dir='ltr'><strong>illud</strong></span> <span class='ocrx_word' id='word_1_172' title='bbox 1360 2389 1504 2444; x_wconf 88' lang='lat' dir='ltr'><strong>enim</strong></span> <span class='ocrx_word' id='word_1_173' title='bbox 1523 2398 1606 2442; x_wconf 90' lang='lat' dir='ltr'><strong>est</strong></span> <span class='ocrx_word' id='word_1_174' title='bbox 1629 2388 1779 2441; x_wconf 86' lang='lat' dir='ltr'><strong>testi-</strong></span> 
     </span>
    </p>
   </div>
   <div class='ocr_carea' id='block_1_23' title="bbox 185 2480 1777 2558">
    <p class='ocr_par' dir='ltr' id='par_1_23' title="bbox 185 2480 1777 2558">
     <span class='ocr_line' id='line_1_23' title="bbox 185 2480 1777 2558; baseline -0.01 -11"><span class='ocrx_word' id='word_1_175' title='bbox 185 2491 357 2553; x_wconf 83' lang='lat' dir='ltr'><strong>ficari,</strong></span> <span class='ocrx_word' id='word_1_176' title='bbox 375 2489 592 2558; x_wconf 87' lang='lat' dir='ltr'><strong>quando</strong></span> <span class='ocrx_word' id='word_1_177' title='bbox 612 2504 716 2542; x_wconf 90' lang='lat' dir='ltr'><strong>non</strong></span> <span class='ocrx_word' id='word_1_178' title='bbox 737 2485 1134 2546; x_wconf 85' lang='lat' dir='ltr'><strong>attendentibus</strong></span> <span class='ocrx_word' id='word_1_179' title='bbox 1155 2481 1451 2554; x_wconf 89' lang='lat' dir='ltr'><strong>loquimur:</strong></span> <span class='ocrx_word' id='word_1_180' title='bbox 1474 2494 1595 2533; x_wconf 90' lang='lat' dir='ltr'><strong>nam</strong></span> <span class='ocrx_word' id='word_1_181' title='bbox 1622 2480 1777 2532; x_wconf 86' lang='lat' dir='ltr'><strong>testi-</strong></span> 
     </span>
    </p>
   </div>
   <div class='ocr_carea' id='block_1_24' title="bbox 183 2571 1777 2650">
    <p class='ocr_par' dir='ltr' id='par_1_24' title="bbox 183 2571 1777 2650">
     <span class='ocr_line' id='line_1_24' title="bbox 183 2571 1777 2650; baseline -0.009 -12"><span class='ocrx_word' id='word_1_182' title='bbox 183 2586 331 2639; x_wconf 82' lang='lat' dir='ltr'><strong>ficari</strong></span> <span class='ocrx_word' id='word_1_183' title='bbox 352 2583 455 2636; x_wconf 88' lang='lat' dir='ltr'><strong>hoc</strong></span> <span class='ocrx_word' id='word_1_184' title='bbox 471 2591 529 2634; x_wconf 87' lang='grc' dir='ltr'><strong>ιιι</strong></span> <span class='ocrx_word' id='word_1_185' title='bbox 547 2581 835 2650; x_wconf 85' lang='lat' dir='ltr'><strong>plurimum</strong></span> <span class='ocrx_word' id='word_1_186' title='bbox 852 2574 1338 2647; x_wconf 84' lang='lat' dir='ltr'><strong>significat.Testor,</strong></span> <span class='ocrx_word' id='word_1_187' title='bbox 1361 2571 1777 2642; x_wconf 75' lang='lat' dir='ltr'><strong>inquitMoyscs,</strong></span> 
     </span>
    </p>
   </div>
   <div class='ocr_carea' id='block_1_25' title="bbox 180 2662 1783 2744">
    <p class='ocr_par' dir='ltr' id='par_1_25' title="bbox 180 2662 1783 2744">
     <span class='ocr_line' id='line_1_25' title="bbox 180 2662 1783 2744; baseline -0.01 -14"><span class='ocrx_word' id='word_1_188' title='bbox 180 2677 366 2732; x_wconf 72' lang='lat' dir='ltr'><strong>celum</strong></span> <span class='ocrx_word' id='word_1_189' title='bbox 390 2684 438 2728; x_wconf 87' lang='lat' dir='ltr'><strong>et</strong></span> <span class='ocrx_word' id='word_1_190' title='bbox 455 2687 647 2728; x_wconf 87' lang='lat' dir='ltr'><strong>terrant</strong></span> <span class='ocrx_word' id='word_1_191' title='bbox 674 2671 835 2744; x_wconf 89' lang='lat' dir='ltr'><strong>(Dan.</strong></span> <span class='ocrx_word' id='word_1_192' title='bbox 854 2667 1051 2742; x_wconf 67' lang='lat'><strong>4.26);</strong></span> <span class='ocrx_word' id='word_1_193' title='bbox 1080 2679 1129 2723; x_wconf 90' lang='lat' dir='ltr'><strong>et</strong></span> <span class='ocrx_word' id='word_1_194' title='bbox 1156 2681 1300 2722; x_wconf 88' lang='lat' dir='ltr'><strong>nunc</strong></span> <span class='ocrx_word' id='word_1_195' title='bbox 1321 2665 1549 2721; x_wconf 86' lang='lat' dir='ltr'><strong>Paulus:</strong></span> <span class='ocrx_word' id='word_1_196' title='bbox 1580 2662 1783 2731; x_wconf 82' lang='lat' dir='ltr'><strong>Testi/i-</strong></span> 
     </span>
    </p>
   </div>
   <div class='ocr_carea' id='block_1_26' title="bbox 182 2761 1704 2837">
    <p class='ocr_par' dir='ltr' id='par_1_26' title="bbox 182 2761 1704 2837">
     <span class='ocr_line' id='line_1_26' title="bbox 182 2761 1704 2837; baseline -0.008 -13"><span class='ocrx_word' id='word_1_197' title='bbox 182 2788 308 2825; x_wconf 88' lang='lat' dir='ltr'><strong>cans</strong></span> <span class='ocrx_word' id='word_1_198' title='bbox 334 2769 540 2823; x_wconf 59' lang='lat' dir='ltr'><strong>ludatis</strong></span> <span class='ocrx_word' id='word_1_199' title='bbox 570 2779 721 2836; x_wconf 84' lang='lat' dir='ltr'><strong>atque</strong></span> <span class='ocrx_word' id='word_1_200' title='bbox 745 2763 1014 2837; x_wconf 89' lang='lat' dir='ltr'><strong>gentilibus</strong></span> <span class='ocrx_word' id='word_1_201' title='bbox 1040 2765 1092 2817; x_wconf 91' lang='lat' dir='ltr'><strong>in</strong></span> <span class='ocrx_word' id='word_1_202' title='bbox 1121 2761 1286 2816; x_wconf 88' lang='lat' dir='ltr'><strong>Deum</strong></span> <span class='ocrx_word' id='word_1_203' title='bbox 1336 2761 1704 2832; x_wconf 77' lang='lat' dir='ltr'><strong>paenitentiam.</strong></span> 
     </span>
    </p>
   </div>
   <div class='ocr_carea' id='block_1_27' title="bbox 248 2851 1779 2926">
    <p class='ocr_par' dir='ltr' id='par_1_27' title="bbox 248 2851 1779 2926">
     <span class='ocr_line' id='line_1_27' title="bbox 248 2851 1779 2926; baseline -0.007 -12"><span class='ocrx_word' id='word_1_204' title='bbox 248 2861 309 2915; x_wconf 72' lang='lat'><strong>2.</strong></span> <span class='ocrx_word' id='word_1_205' title='bbox 348 2861 486 2926; x_wconf 87' lang='lat' dir='ltr'><strong>Quid</strong></span> <span class='ocrx_word' id='word_1_206' title='bbox 534 2855 869 2913; x_wconf 79' lang='lat' dir='ltr'><strong>testiﬁcaris?</strong></span> <span class='ocrx_word' id='word_1_207' title='bbox 898 2855 967 2912; x_wconf 87' lang='lat' dir='ltr'><strong>Ut</strong></span> <span class='ocrx_word' id='word_1_208' title='bbox 992 2855 1111 2908; x_wconf 60' lang='lat' dir='ltr'><strong>vitae</strong></span> <span class='ocrx_word' id='word_1_209' title='bbox 1136 2853 1371 2907; x_wconf 90' lang='lat' dir='ltr'><strong>studium</strong></span> <span class='ocrx_word' id='word_1_210' title='bbox 1405 2851 1693 2913; x_wconf 87' lang='lat' dir='ltr'><strong>habeatur,</strong></span> <span class='ocrx_word' id='word_1_211' title='bbox 1719 2857 1779 2904; x_wconf 92' lang='lat' dir='ltr'><strong>ut</strong></span> 
     </span>
    </p>
   </div>
   <div class='ocr_carea' id='block_1_28' title="bbox 179 2943 1778 3024">
    <p class='ocr_par' dir='ltr' id='par_1_28' title="bbox 179 2943 1778 3024">
     <span class='ocr_line' id='line_1_28' title="bbox 179 2943 1778 3024; baseline -0.008 -15"><span class='ocrx_word' id='word_1_212' title='bbox 179 2951 554 3024; x_wconf 65' lang='lat' dir='ltr'><strong>paenitentiam</strong></span> <span class='ocrx_word' id='word_1_213' title='bbox 579 2958 809 3020; x_wconf 85' lang='lat' dir='ltr'><strong>agantet</strong></span> <span class='ocrx_word' id='word_1_214' title='bbox 831 2947 897 3002; x_wconf 88' lang='lat' dir='ltr'><strong>ad</strong></span> <span class='ocrx_word' id='word_1_215' title='bbox 928 2947 1092 3001; x_wconf 93' lang='lat' dir='ltr'><strong>Deum</strong></span> <span class='ocrx_word' id='word_1_216' title='bbox 1121 2944 1397 3000; x_wconf 88' lang='lat' dir='ltr'><strong>accedant.</strong></span> <span class='ocrx_word' id='word_1_217' title='bbox 1417 2943 1602 3013; x_wconf 87' lang='lat' dir='ltr'><strong>Neque</strong></span> <span class='ocrx_word' id='word_1_218' title='bbox 1631 2943 1778 2998; x_wconf 87' lang='lat' dir='ltr'><strong>enim</strong></span> 
     </span>
    </p>
   </div>
   <div class='ocr_carea' id='block_1_29' title="bbox 177 3042 1781 3114">
    <p class='ocr_par' dir='ltr' id='par_1_29' title="bbox 177 3042 1781 3114">
     <span class='ocr_line' id='line_1_29' title="bbox 177 3042 1781 3114; baseline -0.006 -11"><span class='ocrx_word' id='word_1_219' title='bbox 177 3049 347 3103; x_wconf 65' lang='lat' dir='ltr'><strong>Judaai</strong></span> <span class='ocrx_word' id='word_1_220' title='bbox 398 3055 661 3100; x_wconf 81' lang='lat' dir='ltr'><strong>noverant.</strong></span> <span class='ocrx_word' id='word_1_221' title='bbox 705 3045 875 3107; x_wconf 86' lang='lat' dir='ltr'><strong>illum,</strong></span> <span class='ocrx_word' id='word_1_222' title='bbox 925 3042 1067 3114; x_wconf 89' lang='lat' dir='ltr'><strong>quod</strong></span> <span class='ocrx_word' id='word_1_223' title='bbox 1099 3042 1292 3096; x_wconf 87' lang='lat' dir='ltr'><strong>Filium</strong></span> <span class='ocrx_word' id='word_1_224' title='bbox 1340 3042 1668 3111; x_wconf 89' lang='lat' dir='ltr'><strong>ignorarent,</strong></span> <span class='ocrx_word' id='word_1_225' title='bbox 1725 3047 1781 3094; x_wconf 88' lang='lat' dir='ltr'><strong>et</strong></span> 
     </span>
    </p>
   </div>
   <div class='ocr_carea' id='block_1_30' title="bbox 179 3132 1779 3208">
    <p class='ocr_par' dir='ltr' id='par_1_30' title="bbox 179 3132 1779 3208">
     <span class='ocr_line' id='line_1_30' title="bbox 179 3132 1779 3208; baseline -0.003 -16"><span class='ocrx_word' id='word_1_226' title='bbox 179 3138 322 3208; x_wconf 89' lang='lat' dir='ltr'><strong>quod</strong></span> <span class='ocrx_word' id='word_1_227' title='bbox 353 3153 455 3190; x_wconf 81' lang='lat' dir='ltr'><strong>nec</strong></span> <span class='ocrx_word' id='word_1_228' title='bbox 479 3150 644 3206; x_wconf 84' lang='lat' dir='ltr'><strong>opera</strong></span> <span class='ocrx_word' id='word_1_229' title='bbox 677 3135 938 3189; x_wconf 84' lang='lat' dir='ltr'><strong>haberent</strong></span> <span class='ocrx_word' id='word_1_230' title='bbox 963 3148 1064 3188; x_wconf 92' lang='lat' dir='ltr'><strong>nec</strong></span> <span class='ocrx_word' id='word_1_231' title='bbox 1105 3133 1261 3187; x_wconf 81' lang='lat' dir='ltr'><strong>fidem</strong></span> <span class='ocrx_word' id='word_1_232' title='bbox 1296 3134 1346 3187; x_wconf 91' lang='lat' dir='ltr'><strong>in</strong></span> <span class='ocrx_word' id='word_1_233' title='bbox 1378 3133 1658 3188; x_wconf 91' lang='lat' dir='ltr'><strong>Dominum</strong></span> <span class='ocrx_word' id='word_1_234' title='bbox 1685 3132 1779 3188; x_wconf 85' lang='lat' dir='ltr'><strong>Je-</strong></span> 
     </span>
    </p>
   </div>
   <div class='ocr_carea' id='block_1_31' title="bbox 179 3223 1778 3298">
    <p class='ocr_par' dir='ltr' id='par_1_31' title="bbox 179 3223 1778 3298">
     <span class='ocr_line' id='line_1_31' title="bbox 179 3223 1778 3298; baseline -0.003 -15"><span class='ocrx_word' id='word_1_235' title='bbox 179 3246 322 3285; x_wconf 85' lang='lat' dir='ltr'><strong>sum.</strong></span> <span class='ocrx_word' id='word_1_236' title='bbox 368 3228 482 3283; x_wconf 87' lang='lat' dir='ltr'><strong>Cur</strong></span> <span class='ocrx_word' id='word_1_237' title='bbox 524 3244 652 3298; x_wconf 86' lang='lat' dir='ltr'><strong>ergo</strong></span> <span class='ocrx_word' id='word_1_238' title='bbox 685 3227 801 3281; x_wconf 66' lang='lat' dir='ltr'><strong>haec</strong></span> <span class='ocrx_word' id='word_1_239' title='bbox 824 3225 998 3281; x_wconf 82' lang='lat' dir='ltr'><strong>dicis?</strong></span> <span class='ocrx_word' id='word_1_240' title='bbox 1041 3241 1138 3281; x_wconf 91' lang='lat' dir='ltr'><strong>cnr</strong></span> <span class='ocrx_word' id='word_1_241' title='bbox 1183 3225 1299 3280; x_wconf 56' lang='lat' dir='ltr'><strong>huc</strong></span> <span class='ocrx_word' id='word_1_242' title='bbox 1346 3223 1778 3280; x_wconf 81' lang='lat' dir='ltr'><strong>commemoras?</strong></span> 
     </span>
    </p>
   </div>
   <div class='ocr_carea' id='block_1_32' title="bbox 178 3316 1777 3392">
    <p class='ocr_par' dir='ltr' id='par_1_32' title="bbox 178 3316 1777 3392">
     <span class='ocr_line' id='line_1_32' title="bbox 178 3316 1777 3392; baseline -0.003 -19"><span class='ocrx_word' id='word_1_243' title='bbox 178 3321 307 3392; x_wconf 87' lang='lat' dir='ltr'><strong>quid</strong></span> <span class='ocrx_word' id='word_1_244' title='bbox 359 3320 558 3374; x_wconf 81' lang='lat' dir='ltr'><strong>factum</strong></span> <span class='ocrx_word' id='word_1_245' title='bbox 610 3318 734 3372; x_wconf 83' lang='lat' dir='ltr'><strong>est?</strong></span> <span class='ocrx_word' id='word_1_246' title='bbox 785 3332 852 3370; x_wconf 90' lang='lat' dir='ltr'><strong>an</strong></span> <span class='ocrx_word' id='word_1_247' title='bbox 905 3317 1029 3385; x_wconf 88' lang='lat' dir='ltr'><strong>quid</strong></span> <span class='ocrx_word' id='word_1_248' title='bbox 1086 3316 1449 3372; x_wconf 86' lang='lat' dir='ltr'><strong>accusandum</strong></span> <span class='ocrx_word' id='word_1_249' title='bbox 1502 3317 1777 3385; x_wconf 80' lang='lat' dir='ltr'><strong>suppetit?</strong></span> 
     </span>
    </p>
   </div>
   <div class='ocr_carea' id='block_1_33' title="bbox 180 3408 1774 3483">
    <p class='ocr_par' dir='ltr' id='par_1_33' title="bbox 180 3408 1774 3483">
     <span class='ocr_line' id='line_1_33' title="bbox 180 3408 1774 3483; baseline -0.004 -15"><span class='ocrx_word' id='word_1_250' title='bbox 180 3414 471 3483; x_wconf 86' lang='lat' dir='ltr'><strong>Postquam</strong></span> <span class='ocrx_word' id='word_1_251' title='bbox 497 3413 716 3466; x_wconf 88' lang='lat' dir='ltr'><strong>illorum</strong></span> <span class='ocrx_word' id='word_1_252' title='bbox 745 3419 981 3464; x_wconf 88' lang='lat' dir='ltr'><strong>mentem</strong></span> <span class='ocrx_word' id='word_1_253' title='bbox 1011 3409 1333 3478; x_wconf 82' lang='lat' dir='ltr'><strong>exagilavit,</strong></span> <span class='ocrx_word' id='word_1_254' title='bbox 1379 3418 1505 3467; x_wconf 83' lang='lat' dir='ltr'><strong>tunc</strong></span> <span class='ocrx_word' id='word_1_255' title='bbox 1545 3408 1727 3476; x_wconf 87' lang='lat' dir='ltr'><strong>adjicit</strong></span> <span class='ocrx_word' id='word_1_256' title='bbox 1759 3425 1774 3462; x_wconf 91' lang='lat'><strong>:</strong></span> 
     </span>
    </p>
   </div>
   <div class='ocr_carea' id='block_1_34' title="bbox 184 3500 1767 3572">
    <p class='ocr_par' dir='ltr' id='par_1_34' title="bbox 184 3500 1767 3572">
     <span class='ocr_line' id='line_1_34' title="bbox 184 3500 1767 3572; baseline 0 -16"><span class='ocrx_word' id='word_1_257' title='bbox 184 3523 202 3556; x_wconf 80' lang='grc' dir='ltr'><strong>ι</strong></span> <span class='ocrx_word' id='word_1_258' title='bbox 239 3505 334 3559; x_wconf 70' lang='grc'><strong>22.</strong></span> <span class='ocrx_word' id='word_1_259' title='bbox 369 3505 439 3558; x_wconf 85' lang='grc' dir='ltr'>Ει</span> <span class='ocrx_word' id='word_1_260' title='bbox 462 3520 599 3559; x_wconf 92' lang='lat' dir='ltr'><strong>nunc</strong></span> <span class='ocrx_word' id='word_1_261' title='bbox 622 3519 750 3558; x_wconf 89' lang='lat' dir='ltr'><strong>ecce</strong></span> <span class='ocrx_word' id='word_1_262' title='bbox 775 3503 1019 3572; x_wconf 84' lang='lat' dir='ltr'><strong>alligatus</strong></span> <span class='ocrx_word' id='word_1_263' title='bbox 1042 3519 1140 3571; x_wconf 78' lang='lat' dir='ltr'><strong>ego</strong></span> <span class='ocrx_word' id='word_1_264' title='bbox 1167 3501 1392 3572; x_wconf 83' lang='lat' dir='ltr'><strong>Spiritu,</strong></span> <span class='ocrx_word' id='word_1_265' title='bbox 1426 3500 1562 3555; x_wconf 78' lang='lat' dir='ltr'><strong>vado</strong></span> <span class='ocrx_word' id='word_1_266' title='bbox 1604 3503 1654 3557; x_wconf 91' lang='lat' dir='ltr'><strong>in</strong></span> <span class='ocrx_word' id='word_1_267' title='bbox 1682 3500 1767 3556; x_wconf 81' lang='lat' dir='ltr'><strong>Je-</strong></span> 
     </span>
    </p>
   </div>
   <div class='ocr_carea' id='block_1_35' title="bbox 178 3595 1774 3666">
    <p class='ocr_par' dir='ltr' id='par_1_35' title="bbox 178 3595 1774 3666">
     <span class='ocr_line' id='line_1_35' title="bbox 178 3595 1774 3666; baseline -0.002 -13"><span class='ocrx_word' id='word_1_268' title='bbox 178 3599 443 3660; x_wconf 85' lang='lat' dir='ltr'><strong>rusalem,</strong></span> <span class='ocrx_word' id='word_1_269' title='bbox 475 3613 594 3666; x_wconf 78' lang='lat' dir='ltr'><strong>qua:</strong></span> <span class='ocrx_word' id='word_1_270' title='bbox 627 3596 678 3650; x_wconf 93' lang='lat' dir='ltr'><strong>in</strong></span> <span class='ocrx_word' id='word_1_271' title='bbox 707 3612 769 3650; x_wconf 89' lang='lat' dir='ltr'><strong>ea</strong></span> <span class='ocrx_word' id='word_1_272' title='bbox 797 3606 1020 3649; x_wconf 83' lang='lat' dir='ltr'><strong>ventura</strong></span> <span class='ocrx_word' id='word_1_273' title='bbox 1047 3605 1172 3649; x_wconf 90' lang='lat' dir='ltr'><strong>sunt</strong></span> <span class='ocrx_word' id='word_1_274' title='bbox 1198 3595 1328 3650; x_wconf 89' lang='lat' dir='ltr'><strong>mihi</strong></span> <span class='ocrx_word' id='word_1_275' title='bbox 1353 3596 1604 3666; x_wconf 78' lang='lat' dir='ltr'><strong>ignorans</strong></span> <span class='ocrx_word' id='word_1_276' title='bbox 1638 3613 1652 3649; x_wconf 92' lang='lat'><strong>:</strong></span> <span class='ocrx_word' id='word_1_277' title='bbox 1680 3596 1774 3651; x_wconf 74' lang='lat'><strong>23.</strong></span> 
     </span>
    </p>
   </div>
   <div class='ocr_carea' id='block_1_36' title="bbox 178 3687 1776 3760">
    <p class='ocr_par' dir='ltr' id='par_1_36' title="bbox 178 3687 1776 3760">
     <span class='ocr_line' id='line_1_36' title="bbox 178 3687 1776 3760; baseline -0.003 -14"><span class='ocrx_word' id='word_1_278' title='bbox 178 3689 282 3746; x_wconf 85' lang='lat' dir='ltr'><strong>nisi</strong></span> <span class='ocrx_word' id='word_1_279' title='bbox 309 3689 454 3760; x_wconf 88' lang='lat' dir='ltr'><strong>quod</strong></span> <span class='ocrx_word' id='word_1_280' title='bbox 479 3688 712 3759; x_wconf 91' lang='lat' dir='ltr'><strong>Spiritus</strong></span> <span class='ocrx_word' id='word_1_281' title='bbox 735 3697 951 3742; x_wconf 86' lang='lat' dir='ltr'><strong>sanctus</strong></span> <span class='ocrx_word' id='word_1_282' title='bbox 975 3702 1071 3757; x_wconf 90' lang='lat' dir='ltr'><strong>per</strong></span> <span class='ocrx_word' id='word_1_283' title='bbox 1099 3689 1345 3743; x_wconf 76' lang='lat' dir='ltr'><strong>civitates</strong></span> <span class='ocrx_word' id='word_1_284' title='bbox 1373 3687 1501 3742; x_wconf 90' lang='lat' dir='ltr'><strong>mihi</strong></span> <span class='ocrx_word' id='word_1_285' title='bbox 1533 3689 1776 3744; x_wconf 79' lang='lat' dir='ltr'><strong>testifica-</strong></span> 
     </span>
    </p>
   </div>
   <div class='ocr_carea' id='block_1_37' title="bbox 181 3777 1775 3850">
    <p class='ocr_par' dir='ltr' id='par_1_37' title="bbox 181 3777 1775 3850">
     <span class='ocr_line' id='line_1_37' title="bbox 181 3777 1775 3850; baseline 0 -14"><span class='ocrx_word' id='word_1_286' title='bbox 181 3794 288 3849; x_wconf 88' lang='lat' dir='ltr'><strong>tur,</strong></span> <span class='ocrx_word' id='word_1_287' title='bbox 337 3782 547 3847; x_wconf 85' lang='lat' dir='ltr'><strong>dicens,</strong></span> <span class='ocrx_word' id='word_1_288' title='bbox 595 3777 850 3850; x_wconf 86' lang='lat' dir='ltr'><strong>quoniam</strong></span> <span class='ocrx_word' id='word_1_289' title='bbox 907 3778 1117 3832; x_wconf 89' lang='lat' dir='ltr'><strong>vincula</strong></span> <span class='ocrx_word' id='word_1_290' title='bbox 1159 3788 1214 3833; x_wconf 93' lang='lat' dir='ltr'><strong>et</strong></span> <span class='ocrx_word' id='word_1_291' title='bbox 1262 3779 1638 3835; x_wconf 87' lang='lat' dir='ltr'><strong>tribulationes</strong></span> <span class='ocrx_word' id='word_1_292' title='bbox 1688 3796 1775 3836; x_wconf 84' lang='lat' dir='ltr'><strong>nte</strong></span> 
     </span>
    </p>
   </div>
   <div class='ocr_carea' id='block_1_38' title="bbox 180 3869 1775 3940">
    <p class='ocr_par' dir='ltr' id='par_1_38' title="bbox 180 3869 1775 3940">
     <span class='ocr_line' id='line_1_38' title="bbox 180 3869 1775 3940; baseline -0.001 -14"><span class='ocrx_word' id='word_1_293' title='bbox 180 3881 421 3928; x_wconf 87' lang='lat' dir='ltr'><strong>manent.</strong></span> <span class='ocrx_word' id='word_1_294' title='bbox 444 3871 536 3924; x_wconf 72' lang='lat'><strong>24.</strong></span> <span class='ocrx_word' id='word_1_295' title='bbox 562 3872 633 3924; x_wconf 86' lang='lat' dir='ltr'><strong>At</strong></span> <span class='ocrx_word' id='word_1_296' title='bbox 657 3870 784 3924; x_wconf 89' lang='lat' dir='ltr'><strong>nihil</strong></span> <span class='ocrx_word' id='word_1_297' title='bbox 819 3869 1006 3923; x_wconf 90' lang='lat' dir='ltr'><strong>horum</strong></span> <span class='ocrx_word' id='word_1_298' title='bbox 1023 3883 1233 3935; x_wconf 84' lang='lat' dir='ltr'><strong>vereor,</strong></span> <span class='ocrx_word' id='word_1_299' title='bbox 1257 3885 1433 3940; x_wconf 91' lang='lat' dir='ltr'><strong>neque</strong></span> <span class='ocrx_word' id='word_1_300' title='bbox 1459 3871 1528 3925; x_wconf 86' lang='lat' dir='ltr'><strong>ita</strong></span> <span class='ocrx_word' id='word_1_301' title='bbox 1542 3872 1775 3925; x_wconf 88' lang='lat' dir='ltr'><strong>animam</strong></span> 
     </span>
    </p>
   </div>
   <div class='ocr_carea' id='block_1_39' title="bbox 179 3961 1769 4033">
    <p class='ocr_par' dir='ltr' id='par_1_39' title="bbox 179 3961 1769 4033">
     <span class='ocr_line' id='line_1_39' title="bbox 179 3961 1769 4033; baseline 0.001 -15"><span class='ocrx_word' id='word_1_302' title='bbox 179 3979 352 4019; x_wconf 87' lang='lat' dir='ltr'><strong>meam</strong></span> <span class='ocrx_word' id='word_1_303' title='bbox 384 3963 675 4033; x_wconf 85' lang='lat' dir='ltr'><strong>pretiosam</strong></span> <span class='ocrx_word' id='word_1_304' title='bbox 702 3961 860 4029; x_wconf 87' lang='lat' dir='ltr'><strong>facio,</strong></span> <span class='ocrx_word' id='word_1_305' title='bbox 886 3973 944 4016; x_wconf 91' lang='lat' dir='ltr'><strong>ut</strong></span> <span class='ocrx_word' id='word_1_306' title='bbox 964 3977 1336 4019; x_wconf 88' lang='lat' dir='ltr'><strong>consummare</strong></span> <span class='ocrx_word' id='word_1_307' title='bbox 1351 3980 1565 4019; x_wconf 90' lang='lat' dir='ltr'><strong>cursum</strong></span> <span class='ocrx_word' id='word_1_308' title='bbox 1593 3981 1769 4020; x_wconf 89' lang='lat' dir='ltr'><strong>meum</strong></span> 
     </span>
    </p>
   </div>
   <div class='ocr_carea' id='block_1_40' title="bbox 178 4055 1772 4126">
    <p class='ocr_par' dir='ltr' id='par_1_40' title="bbox 178 4055 1772 4126">
     <span class='ocr_line' id='line_1_40' title="bbox 178 4055 1772 4126; baseline 0.003 -16"><span class='ocrx_word' id='word_1_309' title='bbox 178 4073 301 4110; x_wconf 79' lang='lat' dir='ltr'><strong>cum</strong></span> <span class='ocrx_word' id='word_1_310' title='bbox 323 4055 540 4126; x_wconf 88' lang='lat' dir='ltr'><strong>gaudio,</strong></span> <span class='ocrx_word' id='word_1_311' title='bbox 573 4065 628 4109; x_wconf 90' lang='lat' dir='ltr'><strong>et</strong></span> <span class='ocrx_word' id='word_1_312' title='bbox 673 4055 1049 4121; x_wconf 89' lang='lat' dir='ltr'><strong>ministerium,</strong></span> <span class='ocrx_word' id='word_1_313' title='bbox 1093 4055 1234 4124; x_wconf 88' lang='lat' dir='ltr'><strong>quod</strong></span> <span class='ocrx_word' id='word_1_314' title='bbox 1275 4058 1457 4126; x_wconf 91' lang='lat' dir='ltr'><strong>accepi</strong></span> <span class='ocrx_word' id='word_1_315' title='bbox 1486 4073 1515 4111; x_wconf 90' lang='lat' dir='ltr'><strong>a</strong></span> <span class='ocrx_word' id='word_1_316' title='bbox 1545 4058 1772 4114; x_wconf 84' lang='lat' dir='ltr'><strong>Dinnino</strong></span> 
     </span>
    </p>
   </div>
   <div class='ocr_carea' id='block_1_41' title="bbox 180 4145 1776 4216">
    <p class='ocr_par' dir='ltr' id='par_1_41' title="bbox 180 4145 1776 4216">
     <span class='ocr_line' id='line_1_41' title="bbox 180 4145 1776 4216; baseline 0.001 -13"><span class='ocrx_word' id='word_1_317' title='bbox 180 4148 328 4209; x_wconf 65' lang='lat' dir='ltr'><strong>Iesu,</strong></span> <span class='ocrx_word' id='word_1_318' title='bbox 364 4156 422 4200; x_wconf 88' lang='lat' dir='ltr'><strong>ut</strong></span> <span class='ocrx_word' id='word_1_319' title='bbox 446 4145 698 4200; x_wconf 81' lang='lat' dir='ltr'><strong>testiﬁcor</strong></span> <span class='ocrx_word' id='word_1_320' title='bbox 723 4147 1058 4215; x_wconf 84' lang='lat' dir='ltr'><strong>evangelium</strong></span> <span class='ocrx_word' id='word_1_321' title='bbox 1086 4145 1274 4216; x_wconf 71' lang='lat' dir='ltr'><strong>gratia:</strong></span> <span class='ocrx_word' id='word_1_322' title='bbox 1307 4148 1422 4203; x_wconf 91' lang='lat' dir='ltr'><strong>Dei.</strong></span> <span class='ocrx_word' id='word_1_323' title='bbox 1465 4167 1485 4203; x_wconf 71' lang='grc' dir='ltr'><strong>ι</strong></span> <span class='ocrx_word' id='word_1_324' title='bbox 1520 4149 1776 4205; x_wconf 69' lang='grc' dir='ltr'>(Ξυι-οιιιυθ</span> 
     </span>
    </p>
   </div>
   <div class='ocr_carea' id='block_1_42' title="bbox 179 4238 1778 4312">
    <p class='ocr_par' dir='ltr' id='par_1_42' title="bbox 179 4238 1778 4312">
     <span class='ocr_line' id='line_1_42' title="bbox 179 4238 1778 4312; baseline 0.003 -18"><span class='ocrx_word' id='word_1_325' title='bbox 179 4240 347 4294; x_wconf 80' lang='lat' dir='ltr'><strong>dicit?</strong></span> <span class='ocrx_word' id='word_1_326' title='bbox 384 4238 452 4292; x_wconf 88' lang='lat' dir='ltr'><strong>Ut</strong></span> <span class='ocrx_word' id='word_1_327' title='bbox 479 4238 598 4293; x_wconf 89' lang='lat' dir='ltr'><strong>illos</strong></span> <span class='ocrx_word' id='word_1_328' title='bbox 628 4253 846 4308; x_wconf 85' lang='lat' dir='ltr'><strong>semper</strong></span> <span class='ocrx_word' id='word_1_329' title='bbox 889 4248 1104 4308; x_wconf 89' lang='lat' dir='ltr'><strong>paratos</strong></span> <span class='ocrx_word' id='word_1_330' title='bbox 1137 4240 1324 4295; x_wconf 88' lang='lat' dir='ltr'><strong>reddat</strong></span> <span class='ocrx_word' id='word_1_331' title='bbox 1349 4241 1416 4296; x_wconf 87' lang='lat' dir='ltr'><strong>ad</strong></span> <span class='ocrx_word' id='word_1_332' title='bbox 1459 4243 1690 4312; x_wconf 74' lang='lat' dir='ltr'><strong>pericula</strong></span> <span class='ocrx_word' id='word_1_333' title='bbox 1721 4251 1778 4298; x_wconf 89' lang='lat' dir='ltr'><strong>et</strong></span> 
     </span>
    </p>
   </div>
   <div class='ocr_carea' id='block_1_43' title="bbox 179 4328 1775 4403">
    <p class='ocr_par' dir='ltr' id='par_1_43' title="bbox 179 4328 1775 4403">
     <span class='ocr_line' id='line_1_43' title="bbox 179 4328 1775 4403; baseline 0.004 -18"><span class='ocrx_word' id='word_1_334' title='bbox 179 4331 385 4385; x_wconf 85' lang='lat' dir='ltr'><strong>occulta</strong></span> <span class='ocrx_word' id='word_1_335' title='bbox 440 4339 496 4385; x_wconf 92' lang='lat' dir='ltr'><strong>et</strong></span> <span class='ocrx_word' id='word_1_336' title='bbox 541 4328 856 4392; x_wconf 86' lang='lat' dir='ltr'><strong>manifesta;</strong></span> <span class='ocrx_word' id='word_1_337' title='bbox 918 4331 986 4385; x_wconf 90' lang='lat' dir='ltr'><strong>ita</strong></span> <span class='ocrx_word' id='word_1_338' title='bbox 1047 4341 1103 4385; x_wconf 92' lang='lat' dir='ltr'><strong>ut</strong></span> <span class='ocrx_word' id='word_1_339' title='bbox 1150 4330 1203 4386; x_wconf 91' lang='lat' dir='ltr'><strong>in</strong></span> <span class='ocrx_word' id='word_1_340' title='bbox 1250 4334 1502 4388; x_wconf 88' lang='lat' dir='ltr'><strong>omnibus</strong></span> <span class='ocrx_word' id='word_1_341' title='bbox 1553 4335 1775 4403; x_wconf 89' lang='lat' dir='ltr'><strong>Spiritui</strong></span> 
     </span>
    </p>
   </div>
   <div class='ocr_carea' id='block_1_44' title="bbox 180 4421 1771 4497">
    <p class='ocr_par' dir='ltr' id='par_1_44' title="bbox 180 4421 1771 4497">
     <span class='ocr_line' id='line_1_44' title="bbox 180 4421 1771 4497; baseline 0.006 -24"><span class='ocrx_word' id='word_1_342' title='bbox 180 4423 577 4492; x_wconf 82' lang='lat' dir='ltr'><strong>obtemperent.</strong></span> <span class='ocrx_word' id='word_1_343' title='bbox 605 4421 854 4478; x_wconf 90' lang='lat' dir='ltr'><strong>Ostendit</strong></span> <span class='ocrx_word' id='word_1_344' title='bbox 900 4434 1079 4479; x_wconf 90' lang='lat' dir='ltr'><strong>autem</strong></span> <span class='ocrx_word' id='word_1_345' title='bbox 1120 4441 1179 4480; x_wconf 81' lang='lat' dir='ltr'><strong>se</strong></span> <span class='ocrx_word' id='word_1_346' title='bbox 1226 4426 1291 4480; x_wconf 90' lang='lat' dir='ltr'><strong>ad</strong></span> <span class='ocrx_word' id='word_1_347' title='bbox 1339 4442 1529 4497; x_wconf 86' lang='lat' dir='ltr'><strong>magna</strong></span> <span class='ocrx_word' id='word_1_348' title='bbox 1557 4429 1771 4482; x_wconf 89' lang='lat' dir='ltr'><strong>adduci.</strong></span> 
     </span>
    </p>
   </div>
   <div class='ocr_carea' id='block_1_45' title="bbox 184 4512 1777 4586">
    <p class='ocr_par' dir='ltr' id='par_1_45' title="bbox 184 4512 1777 4586">
     <span class='ocr_line' id='line_1_45' title="bbox 184 4512 1777 4586; baseline 0.004 -18"><span class='ocrx_word' id='word_1_349' title='bbox 184 4512 300 4568; x_wconf 75' lang='lat' dir='ltr'><strong>Nisi</strong></span> <span class='ocrx_word' id='word_1_350' title='bbox 335 4515 472 4582; x_wconf 84' lang='lat' dir='ltr'><strong>quod</strong></span> <span class='ocrx_word' id='word_1_351' title='bbox 513 4513 742 4583; x_wconf 79' lang='lat' dir='ltr'><strong>Spiritus</strong></span> <span class='ocrx_word' id='word_1_352' title='bbox 781 4525 1001 4576; x_wconf 86' lang='lat' dir='ltr'><strong>sanctus,</strong></span> <span class='ocrx_word' id='word_1_353' title='bbox 1034 4517 1224 4585; x_wconf 89' lang='lat' dir='ltr'><strong>inqttit,</strong></span> <span class='ocrx_word' id='word_1_354' title='bbox 1257 4535 1348 4586; x_wconf 85' lang='lat' dir='ltr'><strong>per</strong></span> <span class='ocrx_word' id='word_1_355' title='bbox 1389 4520 1610 4573; x_wconf 90' lang='lat' dir='ltr'><strong>civitates</strong></span> <span class='ocrx_word' id='word_1_356' title='bbox 1652 4521 1777 4574; x_wconf 84' lang='lat' dir='ltr'><strong>nti/ii</strong></span> 
     </span>
    </p>
   </div>
   <div class='ocr_carea' id='block_1_46' title="bbox 182 4605 1779 4677">
    <p class='ocr_par' dir='ltr' id='par_1_46' title="bbox 182 4605 1779 4677">
     <span class='ocr_line' id='line_1_46' title="bbox 182 4605 1779 4677; baseline 0.005 -19"><span class='ocrx_word' id='word_1_357' title='bbox 182 4608 501 4672; x_wconf 77' lang='lat' dir='ltr'><strong>testiﬁcatur,</strong></span> <span class='ocrx_word' id='word_1_358' title='bbox 534 4607 727 4659; x_wconf 86' lang='lat' dir='ltr'><strong>dicens.</strong></span> <span class='ocrx_word' id='word_1_359' title='bbox 766 4605 832 4661; x_wconf 90' lang='lat' dir='ltr'><strong>Ut</strong></span> <span class='ocrx_word' id='word_1_360' title='bbox 854 4607 1099 4663; x_wconf 84' lang='lat' dir='ltr'><strong>oStendat</strong></span> <span class='ocrx_word' id='word_1_361' title='bbox 1135 4623 1192 4662; x_wconf 89' lang='lat' dir='ltr'><strong>se</strong></span> <span class='ocrx_word' id='word_1_362' title='bbox 1219 4609 1491 4664; x_wconf 84' lang='lat' dir='ltr'><strong>lubentem</strong></span> <span class='ocrx_word' id='word_1_363' title='bbox 1521 4611 1690 4677; x_wconf 89' lang='lat' dir='ltr'><strong>abire,</strong></span> <span class='ocrx_word' id='word_1_364' title='bbox 1723 4622 1779 4666; x_wconf 88' lang='lat' dir='ltr'><strong>et</strong></span> 
     </span>
    </p>
   </div>
   <div class='ocr_carea' id='block_1_47' title="bbox 185 4699 1773 4771">
    <p class='ocr_par' dir='ltr' id='par_1_47' title="bbox 185 4699 1773 4771">
     <span class='ocr_line' id='line_1_47' title="bbox 185 4699 1773 4771; baseline 0.003 -18"><span class='ocrx_word' id='word_1_365' title='bbox 185 4717 248 4753; x_wconf 92' lang='lat' dir='ltr'><strong>ne</strong></span> <span class='ocrx_word' id='word_1_366' title='bbox 266 4699 534 4752; x_wconf 86' lang='lat' dir='ltr'><strong>vinculum</strong></span> <span class='ocrx_word' id='word_1_367' title='bbox 557 4709 650 4751; x_wconf 89' lang='lat' dir='ltr'><strong>attt</strong></span> <span class='ocrx_word' id='word_1_368' title='bbox 672 4699 1044 4754; x_wconf 78' lang='lat' dir='ltr'><strong>necessitatem</strong></span> <span class='ocrx_word' id='word_1_369' title='bbox 1070 4715 1189 4755; x_wconf 88' lang='lat' dir='ltr'><strong>esse</strong></span> <span class='ocrx_word' id='word_1_370' title='bbox 1213 4711 1386 4770; x_wconf 85' lang='lat' dir='ltr'><strong>putes,</strong></span> <span class='ocrx_word' id='word_1_371' title='bbox 1410 4701 1514 4756; x_wconf 90' lang='lat' dir='ltr'><strong>Per</strong></span> <span class='ocrx_word' id='word_1_372' title='bbox 1529 4703 1773 4771; x_wconf 82' lang='lat' dir='ltr'><strong>civitates,</strong></span> 
     </span>
    </p>
   </div>
   <div class='ocr_carea' id='block_1_48' title="bbox 185 4791 1774 4863">
    <p class='ocr_par' dir='ltr' id='par_1_48' title="bbox 185 4791 1774 4863">
     <span class='ocr_line' id='line_1_48' title="bbox 185 4791 1774 4863; baseline 0.003 -17"><span class='ocrx_word' id='word_1_373' title='bbox 185 4793 328 4846; x_wconf 85' lang='lat' dir='ltr'><strong>dicit.</strong></span> <span class='ocrx_word' id='word_1_374' title='bbox 360 4791 563 4847; x_wconf 91' lang='lat' dir='ltr'><strong>Deinde</strong></span> <span class='ocrx_word' id='word_1_375' title='bbox 601 4791 816 4862; x_wconf 81' lang='lat' dir='ltr'><strong>subjicil</strong></span> <span class='ocrx_word' id='word_1_376' title='bbox 851 4812 862 4846; x_wconf 93' lang='lat'><strong>:</strong></span> <span class='ocrx_word' id='word_1_377' title='bbox 898 4792 1018 4846; x_wconf 82' lang='lat' dir='ltr'><strong>Non</strong></span> <span class='ocrx_word' id='word_1_378' title='bbox 1060 4796 1129 4846; x_wconf 88' lang='lat' dir='ltr'><strong>ita</strong></span> <span class='ocrx_word' id='word_1_379' title='bbox 1174 4797 1445 4863; x_wconf 86' lang='lat' dir='ltr'><strong>pretiosam</strong></span> <span class='ocrx_word' id='word_1_380' title='bbox 1494 4797 1627 4861; x_wconf 81' lang='lat' dir='ltr'><strong>facio</strong></span> <span class='ocrx_word' id='word_1_381' title='bbox 1658 4799 1774 4851; x_wconf 88' lang='lat' dir='ltr'><strong>ani—</strong></span> 
     </span>
    </p>
   </div>
   <div class='ocr_carea' id='block_1_49' title="bbox 184 4892 1770 4958">
    <p class='ocr_par' dir='ltr' id='par_1_49' title="bbox 184 4892 1770 4958">
     <span class='ocr_line' id='line_1_49' title="bbox 184 4892 1770 4958; baseline 0.003 -20"><span class='ocrx_word' id='word_1_382' title='bbox 184 4902 314 4938; x_wconf 85' lang='lat' dir='ltr'><strong>mant</strong></span> <span class='ocrx_word' id='word_1_383' title='bbox 342 4901 507 4937; x_wconf 86' lang='lat' dir='ltr'><strong>meam</strong></span> <span class='ocrx_word' id='word_1_384' title='bbox 545 4894 601 4937; x_wconf 89' lang='lat' dir='ltr'><strong>ut</strong></span> <span class='ocrx_word' id='word_1_385' title='bbox 631 4901 984 4940; x_wconf 84' lang='lat' dir='ltr'><strong>consummare</strong></span> <span class='ocrx_word' id='word_1_386' title='bbox 1003 4903 1208 4939; x_wconf 88' lang='lat' dir='ltr'><strong>cursum</strong></span> <span class='ocrx_word' id='word_1_387' title='bbox 1234 4904 1396 4939; x_wconf 85' lang='lat' dir='ltr'><strong>meum</strong></span> <span class='ocrx_word' id='word_1_388' title='bbox 1419 4905 1533 4940; x_wconf 88' lang='lat' dir='ltr'><strong>cttnt</strong></span> <span class='ocrx_word' id='word_1_389' title='bbox 1563 4892 1770 4958; x_wconf 81' lang='lat' dir='ltr'><strong>gaudio,</strong></span> 
     </span>
    </p>
   </div>
   <div class='ocr_carea' id='block_1_50' title="bbox 184 4975 1777 5046">
    <p class='ocr_par' dir='ltr' id='par_1_50' title="bbox 184 4975 1777 5046">
     <span class='ocr_line' id='line_1_50' title="bbox 184 4975 1777 5046; baseline 0.004 -16"><span class='ocrx_word' id='word_1_390' title='bbox 184 4986 228 5030; x_wconf 87' lang='lat' dir='ltr'><strong>et</strong></span> <span class='ocrx_word' id='word_1_391' title='bbox 253 4976 586 5030; x_wconf 74' lang='lat' dir='ltr'><strong>ministerium</strong></span> <span class='ocrx_word' id='word_1_392' title='bbox 603 4975 759 5039; x_wconf 88' lang='lat' dir='ltr'><strong>verbi,</strong></span> <span class='ocrx_word' id='word_1_393' title='bbox 779 4977 917 5046; x_wconf 87' lang='lat' dir='ltr'><strong>quod</strong></span> <span class='ocrx_word' id='word_1_394' title='bbox 936 4979 1107 5046; x_wconf 83' lang='lat' dir='ltr'><strong>accepi</strong></span> <span class='ocrx_word' id='word_1_395' title='bbox 1125 4995 1157 5029; x_wconf 90' lang='lat' dir='ltr'><strong>a</strong></span> <span class='ocrx_word' id='word_1_396' title='bbox 1187 4977 1405 5032; x_wconf 86' lang='lat' dir='ltr'><strong>Domino</strong></span> <span class='ocrx_word' id='word_1_397' title='bbox 1425 4980 1457 5032; x_wconf 89' lang='lat' dir='ltr'><em>J</em></span> <span class='ocrx_word' id='word_1_398' title='bbox 1465 4998 1565 5033; x_wconf 85' lang='lat' dir='ltr'><strong>esu.</strong></span> <span class='ocrx_word' id='word_1_399' title='bbox 1599 4982 1777 5035; x_wconf 82' lang='lat' dir='ltr'><strong>\‘iden’</strong></span> 
     </span>
    </p>
   </div>
   <div class='ocr_carea' id='block_1_51' title="bbox 189 5068 1778 5140">
    <p class='ocr_par' dir='ltr' id='par_1_51' title="bbox 189 5068 1778 5140">
     <span class='ocr_line' id='line_1_51' title="bbox 189 5068 1778 5140; baseline 0.006 -21"><span class='ocrx_word' id='word_1_400' title='bbox 189 5084 290 5122; x_wconf 89' lang='lat' dir='ltr'><strong>non</strong></span> <span class='ocrx_word' id='word_1_401' title='bbox 319 5068 663 5121; x_wconf 88' lang='lat' dir='ltr'><strong>latnentantis</strong></span> <span class='ocrx_word' id='word_1_402' title='bbox 694 5082 816 5121; x_wconf 89' lang='lat' dir='ltr'><strong>esse</strong></span> <span class='ocrx_word' id='word_1_403' title='bbox 845 5070 1026 5129; x_wconf 86' lang='lat' dir='ltr'><strong>verba.</strong></span> <span class='ocrx_word' id='word_1_404' title='bbox 1063 5069 1154 5123; x_wconf 90' lang='lat' dir='ltr'><strong>sed</strong></span> <span class='ocrx_word' id='word_1_405' title='bbox 1193 5071 1435 5125; x_wconf 89' lang='lat' dir='ltr'><strong>modeste</strong></span> <span class='ocrx_word' id='word_1_406' title='bbox 1456 5075 1684 5140; x_wconf 78' lang='lat' dir='ltr'><strong>agentis,</strong></span> <span class='ocrx_word' id='word_1_407' title='bbox 1716 5090 1778 5128; x_wconf 90' lang='lat' dir='ltr'><strong>ac</strong></span> 
     </span>
    </p>
   </div>
   <div class='ocr_carea' id='block_1_52' title="bbox 187 5159 1776 5229">
    <p class='ocr_par' dir='ltr' id='par_1_52' title="bbox 187 5159 1776 5229">
     <span class='ocr_line' id='line_1_52' title="bbox 187 5159 1776 5229; baseline 0.004 -17"><span class='ocrx_word' id='word_1_408' title='bbox 187 5159 424 5214; x_wconf 85' lang='lat' dir='ltr'><strong>docentis</strong></span> <span class='ocrx_word' id='word_1_409' title='bbox 445 5159 590 5226; x_wconf 88' lang='lat' dir='ltr'><strong>illos,</strong></span> <span class='ocrx_word' id='word_1_410' title='bbox 621 5167 674 5214; x_wconf 90' lang='lat' dir='ltr'><strong>et</strong></span> <span class='ocrx_word' id='word_1_411' title='bbox 699 5161 1139 5228; x_wconf 87' lang='lat' dir='ltr'><strong>compatientisin</strong></span> <span class='ocrx_word' id='word_1_412' title='bbox 1170 5161 1232 5216; x_wconf 91' lang='lat' dir='ltr'><strong>iis</strong></span> <span class='ocrx_word' id='word_1_413' title='bbox 1258 5179 1378 5229; x_wconf 70' lang='lat' dir='ltr'><strong>qua:</strong></span> <span class='ocrx_word' id='word_1_414' title='bbox 1406 5161 1637 5217; x_wconf 82' lang='lat' dir='ltr'><strong>ﬁebant?</strong></span> <span class='ocrx_word' id='word_1_415' title='bbox 1665 5166 1776 5218; x_wconf 70' lang='lat' dir='ltr'><strong>Non</strong></span> 
     </span>
    </p>
   </div>
   <div class='ocr_carea' id='block_1_53' title="bbox 187 5253 1774 5326">
    <p class='ocr_par' dir='ltr' id='par_1_53' title="bbox 187 5253 1774 5326">
     <span class='ocr_line' id='line_1_53' title="bbox 187 5253 1774 5326; baseline 0.001 -20"><span class='ocrx_word' id='word_1_416' title='bbox 187 5254 337 5315; x_wconf 80' lang='lat' dir='ltr'><strong>dixit,</strong></span> <span class='ocrx_word' id='word_1_417' title='bbox 368 5255 650 5322; x_wconf 80' lang='lat' dir='ltr'><strong>Angimur,</strong></span> <span class='ocrx_word' id='word_1_418' title='bbox 702 5253 796 5306; x_wconf 89' lang='lat' dir='ltr'><strong>sed</strong></span> <span class='ocrx_word' id='word_1_419' title='bbox 842 5255 978 5308; x_wconf 86' lang='lat' dir='ltr'><strong>l&#39;erre</strong></span> <span class='ocrx_word' id='word_1_420' title='bbox 1021 5253 1244 5311; x_wconf 84' lang='lat' dir='ltr'><strong>necesse</strong></span> <span class='ocrx_word' id='word_1_421' title='bbox 1264 5264 1385 5321; x_wconf 91' lang='lat' dir='ltr'><strong>est;</strong></span> <span class='ocrx_word' id='word_1_422' title='bbox 1438 5257 1531 5310; x_wconf 89' lang='lat' dir='ltr'><strong>sed</strong></span> <span class='ocrx_word' id='word_1_423' title='bbox 1583 5273 1774 5326; x_wconf 79' lang='lat' dir='ltr'><strong>neque,</strong></span> 
     </span>
    </p>
   </div>
   <div class='ocr_carea' id='block_1_54' title="bbox 189 5346 1778 5414">
    <p class='ocr_par' dir='ltr' id='par_1_54' title="bbox 189 5346 1778 5414">
     <span class='ocr_line' id='line_1_54' title="bbox 189 5346 1778 5414; baseline 0.004 -14"><span class='ocrx_word' id='word_1_424' title='bbox 189 5347 410 5401; x_wconf 85' lang='lat' dir='ltr'><strong>Censeo.</strong></span> <span class='ocrx_word' id='word_1_425' title='bbox 438 5346 552 5400; x_wconf 84' lang='lat' dir='ltr'><strong>Hoc</strong></span> <span class='ocrx_word' id='word_1_426' title='bbox 582 5346 708 5399; x_wconf 87' lang='lat' dir='ltr'><strong>item</strong></span> <span class='ocrx_word' id='word_1_427' title='bbox 735 5346 884 5413; x_wconf 89' lang='lat' dir='ltr'><strong>dicit,</strong></span> <span class='ocrx_word' id='word_1_428' title='bbox 924 5363 1029 5402; x_wconf 90' lang='lat' dir='ltr'><strong>non</strong></span> <span class='ocrx_word' id='word_1_429' title='bbox 1058 5364 1179 5404; x_wconf 88' lang='lat' dir='ltr'><strong>sese</strong></span> <span class='ocrx_word' id='word_1_430' title='bbox 1202 5350 1469 5404; x_wconf 81' lang='lat' dir='ltr'><strong>extollens</strong></span> <span class='ocrx_word' id='word_1_431' title='bbox 1494 5394 1507 5414; x_wconf 95' lang='lat'><strong>,</strong></span> <span class='ocrx_word' id='word_1_432' title='bbox 1541 5352 1634 5404; x_wconf 84' lang='lat' dir='ltr'><strong>sed</strong></span> <span class='ocrx_word' id='word_1_433' title='bbox 1660 5353 1778 5406; x_wconf 86' lang='lat' dir='ltr'><strong>illos</strong></span> 
     </span>
    </p>
   </div>
   <div class='ocr_carea' id='block_1_55' title="bbox 189 5439 1779 5511">
    <p class='ocr_par' dir='ltr' id='par_1_55' title="bbox 189 5439 1779 5511">
     <span class='ocr_line' id='line_1_55' title="bbox 189 5439 1779 5511; baseline 0.005 -21"><span class='ocrx_word' id='word_1_434' title='bbox 189 5439 405 5500; x_wconf 78' lang='lat' dir='ltr'><strong>ducens,</strong></span> <span class='ocrx_word' id='word_1_435' title='bbox 457 5453 552 5507; x_wconf 89' lang='lat' dir='ltr'><strong>per</strong></span> <span class='ocrx_word' id='word_1_436' title='bbox 601 5439 779 5507; x_wconf 88' lang='lat' dir='ltr'><strong>priora</strong></span> <span class='ocrx_word' id='word_1_437' title='bbox 834 5439 1047 5509; x_wconf 89' lang='lat' dir='ltr'><strong>quidem</strong></span> <span class='ocrx_word' id='word_1_438' title='bbox 1098 5439 1472 5508; x_wconf 86' lang='lat' dir='ltr'><strong>humilitatem,</strong></span> <span class='ocrx_word' id='word_1_439' title='bbox 1525 5459 1619 5511; x_wconf 84' lang='lat' dir='ltr'><strong>per</strong></span> <span class='ocrx_word' id='word_1_440' title='bbox 1663 5443 1779 5499; x_wconf 66' lang='lat' dir='ltr'><strong>hare</strong></span> 
     </span>
    </p>
   </div>
   <div class='ocr_carea' id='block_1_56' title="bbox 191 5528 1778 5601">
    <p class='ocr_par' dir='ltr' id='par_1_56' title="bbox 191 5528 1778 5601">
     <span class='ocr_line' id='line_1_56' title="bbox 191 5528 1778 5601; baseline 0.006 -23"><span class='ocrx_word' id='word_1_441' title='bbox 191 5545 312 5584; x_wconf 85' lang='lat' dir='ltr'><strong>vero</strong></span> <span class='ocrx_word' id='word_1_442' title='bbox 336 5528 707 5585; x_wconf 86' lang='lat' dir='ltr'><strong>fortitudinem</strong></span> <span class='ocrx_word' id='word_1_443' title='bbox 731 5540 786 5585; x_wconf 89' lang='lat' dir='ltr'><strong>et</strong></span> <span class='ocrx_word' id='word_1_444' title='bbox 813 5531 1062 5601; x_wconf 86' lang='lat' dir='ltr'><strong>loquendi</strong></span> <span class='ocrx_word' id='word_1_445' title='bbox 1093 5532 1392 5588; x_wconf 88' lang='lat' dir='ltr'><strong>libertatem</strong></span> <span class='ocrx_word' id='word_1_446' title='bbox 1427 5550 1440 5585; x_wconf 87' lang='lat'><strong>:</strong></span> <span class='ocrx_word' id='word_1_447' title='bbox 1470 5549 1532 5587; x_wconf 91' lang='lat' dir='ltr'><strong>ac</strong></span> <span class='ocrx_word' id='word_1_448' title='bbox 1558 5550 1601 5588; x_wconf 74' lang='grc' dir='ltr'>ει</span> <span class='ocrx_word' id='word_1_449' title='bbox 1628 5533 1778 5589; x_wconf 87' lang='lat' dir='ltr'><strong>dice-</strong></span> 
     </span>
    </p>
   </div>
   <div class='ocr_carea' id='block_1_57' title="bbox 193 5622 1782 5695">
    <p class='ocr_par' dir='ltr' id='par_1_57' title="bbox 193 5622 1782 5695">
     <span class='ocr_line' id='line_1_57' title="bbox 193 5622 1782 5695; baseline 0.003 -18"><span class='ocrx_word' id='word_1_450' title='bbox 193 5632 270 5678; x_wconf 90' lang='lat' dir='ltr'><strong>ret</strong></span> <span class='ocrx_word' id='word_1_451' title='bbox 299 5641 313 5677; x_wconf 88' lang='lat'><strong>:</strong></span> <span class='ocrx_word' id='word_1_452' title='bbox 341 5622 459 5676; x_wconf 83' lang='lat' dir='ltr'><strong>Non</strong></span> <span class='ocrx_word' id='word_1_453' title='bbox 505 5638 632 5677; x_wconf 91' lang='lat' dir='ltr'><strong>amo</strong></span> <span class='ocrx_word' id='word_1_454' title='bbox 659 5623 803 5676; x_wconf 81' lang='lat' dir='ltr'><strong>illam</strong></span> <span class='ocrx_word' id='word_1_455' title='bbox 835 5640 941 5692; x_wconf 70' lang='lat' dir='ltr'><strong>prae</strong></span> <span class='ocrx_word' id='word_1_456' title='bbox 962 5623 1063 5678; x_wconf 86' lang='lat' dir='ltr'><strong>hac</strong></span> <span class='ocrx_word' id='word_1_457' title='bbox 1098 5641 1111 5678; x_wconf 92' lang='lat'>:</span> <span class='ocrx_word' id='word_1_458' title='bbox 1137 5626 1424 5695; x_wconf 86' lang='lat' dir='ltr'><strong>pretiosius</strong></span> <span class='ocrx_word' id='word_1_459' title='bbox 1452 5625 1624 5679; x_wconf 88' lang='lat' dir='ltr'><strong>babco</strong></span> <span class='ocrx_word' id='word_1_460' title='bbox 1649 5641 1782 5681; x_wconf 86' lang='lat' dir='ltr'><strong>con-</strong></span> 
     </span>
    </p>
   </div>
   <div class='ocr_carea' id='block_1_58' title="bbox 193 5717 1776 5788">
    <p class='ocr_par' dir='ltr' id='par_1_58' title="bbox 193 5717 1776 5788">
     <span class='ocr_line' id='line_1_58' title="bbox 193 5717 1776 5788; baseline 0.003 -17"><span class='ocrx_word' id='word_1_461' title='bbox 193 5731 460 5771; x_wconf 89' lang='lat' dir='ltr'><strong>summare</strong></span> <span class='ocrx_word' id='word_1_462' title='bbox 479 5733 700 5770; x_wconf 89' lang='lat' dir='ltr'><strong>cursum</strong></span> <span class='ocrx_word' id='word_1_463' title='bbox 732 5725 786 5771; x_wconf 91' lang='lat' dir='ltr'><strong>et</strong></span> <span class='ocrx_word' id='word_1_464' title='bbox 814 5717 1106 5771; x_wconf 67' lang='lat' dir='ltr'><strong>ttrstilicari.</strong></span> <span class='ocrx_word' id='word_1_465' title='bbox 1136 5718 1244 5774; x_wconf 88' lang='lat' dir='ltr'><strong>Nec</strong></span> <span class='ocrx_word' id='word_1_466' title='bbox 1268 5718 1421 5783; x_wconf 82' lang='lat' dir='ltr'><strong>dixit,</strong></span> <span class='ocrx_word' id='word_1_467' title='bbox 1451 5719 1776 5788; x_wconf 77' lang='lat' dir='ltr'><strong>Praedicare,</strong></span> 
     </span>
    </p>
   </div>
   <div class='ocr_carea' id='block_1_59' title="bbox 195 5807 1776 5882">
    <p class='ocr_par' dir='ltr' id='par_1_59' title="bbox 195 5807 1776 5882">
     <span class='ocr_line' id='line_1_59' title="bbox 195 5807 1776 5882; baseline 0.002 -19"><span class='ocrx_word' id='word_1_468' title='bbox 195 5809 424 5873; x_wconf 83' lang='lat' dir='ltr'><strong>Docere;</strong></span> <span class='ocrx_word' id='word_1_469' title='bbox 454 5809 550 5862; x_wconf 88' lang='lat' dir='ltr'><strong>sed</strong></span> <span class='ocrx_word' id='word_1_470' title='bbox 581 5809 708 5878; x_wconf 88' lang='lat' dir='ltr'><strong>quid</strong></span> <span class='ocrx_word' id='word_1_471' title='bbox 730 5809 754 5862; x_wconf 86' lang='lat'><strong>?</strong></span> <span class='ocrx_word' id='word_1_472' title='bbox 779 5807 1064 5878; x_wconf 83' lang='lat' dir='ltr'><strong>Testi/icari</strong></span> <span class='ocrx_word' id='word_1_473' title='bbox 1105 5813 1417 5878; x_wconf 80' lang='lat' dir='ltr'><strong>evangelium</strong></span> <span class='ocrx_word' id='word_1_474' title='bbox 1442 5816 1622 5882; x_wconf 61' lang='lat' dir='ltr'><strong>gratia</strong></span> <span class='ocrx_word' id='word_1_475' title='bbox 1659 5813 1776 5868; x_wconf 85' lang='lat' dir='ltr'><strong>Dei.</strong></span> 
     </span>
    </p>
   </div>
   <div class='ocr_carea' id='block_1_60' title="bbox 192 5903 1778 5978">
    <p class='ocr_par' dir='ltr' id='par_1_60' title="bbox 192 5903 1778 5978">
     <span class='ocr_line' id='line_1_60' title="bbox 192 5903 1778 5978; baseline 0.004 -21"><span class='ocrx_word' id='word_1_476' title='bbox 192 5903 324 5972; x_wconf 80' lang='lat' dir='ltr'><strong>Quid</strong></span> <span class='ocrx_word' id='word_1_477' title='bbox 348 5903 902 5960; x_wconf 83' lang='lat' dir='ltr'><strong>molestiusdicturus</strong></span> <span class='ocrx_word' id='word_1_478' title='bbox 925 5913 1008 5958; x_wconf 90' lang='lat' dir='ltr'><strong>est</strong></span> <span class='ocrx_word' id='word_1_479' title='bbox 1041 5922 1054 5958; x_wconf 74' lang='grc' dir='ltr'>ε</span> <span class='ocrx_word' id='word_1_480' title='bbox 1089 5903 1317 5959; x_wconf 79' lang='lat' dir='ltr'><strong>Mundus</strong></span> <span class='ocrx_word' id='word_1_481' title='bbox 1343 5921 1433 5978; x_wconf 86' lang='lat' dir='ltr'><strong>ego</strong></span> <span class='ocrx_word' id='word_1_482' title='bbox 1465 5924 1576 5960; x_wconf 81' lang='lat' dir='ltr'><strong>sunt</strong></span> <span class='ocrx_word' id='word_1_483' title='bbox 1594 5925 1625 5961; x_wconf 92' lang='lat' dir='ltr'><strong>a</strong></span> <span class='ocrx_word' id='word_1_484' title='bbox 1653 5926 1778 5964; x_wconf 85' lang='lat' dir='ltr'><strong>san-</strong></span> 
     </span>
    </p>
   </div>
   <div class='ocr_carea' id='block_1_61' title="bbox 1161 425 2521 491">
    <p class='ocr_par' dir='ltr' id='par_1_61' title="bbox 1161 425 2521 491">
     <span class='ocr_line' id='line_1_61' title="bbox 1161 425 2521 491; baseline -0.005 0"><span class='ocrx_word' id='word_1_485' title='bbox 1161 433 1226 490; x_wconf 83' lang='grc' dir='ltr'><strong>ΙΝ</strong></span> <span class='ocrx_word' id='word_1_486' title='bbox 1263 430 1441 491; x_wconf 77' lang='lat' dir='ltr'><strong>ACTA</strong></span> <span class='ocrx_word' id='word_1_487' title='bbox 1485 425 2012 487; x_wconf 80' lang='lat' dir='ltr'><strong>APOSTOLORUM.</strong></span> <span class='ocrx_word' id='word_1_488' title='bbox 2055 425 2292 483; x_wconf 74' lang='lat' dir='ltr'><strong>llOMlL.</strong></span> <span class='ocrx_word' id='word_1_489' title='bbox 2332 425 2521 484; x_wconf 78' lang='lat' dir='ltr'><strong>XLIV.</strong></span> 
     </span>
    </p>
   </div>
   <div class='ocr_carea' id='block_1_62' title="bbox 3402 433 3510 487">
    <p class='ocr_par' dir='ltr' id='par_1_62' title="bbox 3402 433 3510 487">
     <span class='ocr_line' id='line_1_62' title="bbox 3402 433 3510 487; baseline 0 0"><span class='ocrx_word' id='word_1_490' title='bbox 3402 433 3510 487; x_wconf 79' lang='grc'><strong>510</strong></span> 
     </span>
    </p>
   </div>
   <div class='ocr_carea' id='block_1_63' title="bbox 1903 528 3506 615">
    <p class='ocr_par' dir='ltr' id='par_1_63' title="bbox 1903 528 3506 615">
     <span class='ocr_line' id='line_1_63' title="bbox 1903 528 3506 615; baseline 0.007 -22"><span class='ocrx_word' id='word_1_491' title='bbox 1903 541 2058 612; x_wconf 86' lang='lat' dir='ltr'><strong>guine</strong></span> <span class='ocrx_word' id='word_1_492' title='bbox 2085 542 2314 594; x_wconf 88' lang='lat' dir='ltr'><strong>omnium</strong></span> <span class='ocrx_word' id='word_1_493' title='bbox 2340 559 2354 595; x_wconf 93' lang='lat'><em>:</em></span> <span class='ocrx_word' id='word_1_494' title='bbox 2389 542 2509 598; x_wconf 87' lang='lat' dir='ltr'><strong>ideo</strong></span> <span class='ocrx_word' id='word_1_495' title='bbox 2540 553 2811 615; x_wconf 48' lang='lat' dir='ltr'><strong>pra‘parat</strong></span> <span class='ocrx_word' id='word_1_496' title='bbox 2851 553 2903 599; x_wconf 91' lang='lat' dir='ltr'><strong>et</strong></span> <span class='ocrx_word' id='word_1_497' title='bbox 2931 544 3167 599; x_wconf 86' lang='lat' dir='ltr'><strong>ostendit</strong></span> <span class='ocrx_word' id='word_1_498' title='bbox 3209 528 3506 605; x_wconf 28' lang='lat' dir='ltr'><strong>nihil‘reli-</strong></span> 
     </span>
    </p>
   </div>
   <div class='ocr_carea' id='block_1_64' title="bbox 1904 634 3502 707">
    <p class='ocr_par' dir='ltr' id='par_1_64' title="bbox 1904 634 3502 707">
     <span class='ocr_line' id='line_1_64' title="bbox 1904 634 3502 707; baseline 0.009 -22"><span class='ocrx_word' id='word_1_499' title='bbox 1904 649 2068 702; x_wconf 84' lang='lat' dir='ltr'><strong>quunt</strong></span> <span class='ocrx_word' id='word_1_500' title='bbox 2097 649 2237 689; x_wconf 90' lang='lat' dir='ltr'><strong>esse.</strong></span> <span class='ocrx_word' id='word_1_501' title='bbox 2271 634 2407 702; x_wconf 85' lang='lat' dir='ltr'><strong>Quia</strong></span> <span class='ocrx_word' id='word_1_502' title='bbox 2439 637 2598 707; x_wconf 84' lang='lat' dir='ltr'><strong>igitur</strong></span> <span class='ocrx_word' id='word_1_503' title='bbox 2619 639 2724 694; x_wconf 87' lang='lat' dir='ltr'><strong>illis</strong></span> <span class='ocrx_word' id='word_1_504' title='bbox 2757 650 2924 693; x_wconf 88' lang='lat' dir='ltr'><strong>totum</strong></span> <span class='ocrx_word' id='word_1_505' title='bbox 2956 655 3091 695; x_wconf 85' lang='lat' dir='ltr'><strong>onus</strong></span> <span class='ocrx_word' id='word_1_506' title='bbox 3137 651 3190 696; x_wconf 90' lang='lat' dir='ltr'><strong>et</strong></span> <span class='ocrx_word' id='word_1_507' title='bbox 3236 646 3502 701; x_wconf 87' lang='lat' dir='ltr'><strong>sarcinam</strong></span> 
     </span>
    </p>
   </div>
   <div class='ocr_carea' id='block_1_65' title="bbox 1906 725 3499 812">
    <p class='ocr_par' dir='ltr' id='par_1_65' title="bbox 1906 725 3499 812">
     <span class='ocr_line' id='line_1_65' title="bbox 1906 725 3499 812; baseline 0.013 -33"><span class='ocrx_word' id='word_1_508' title='bbox 1906 725 2256 796; x_wconf 85' lang='lat' dir='ltr'><strong>impositurus</strong></span> <span class='ocrx_word' id='word_1_509' title='bbox 2297 739 2434 795; x_wconf 85' lang='lat' dir='ltr'><strong>erat,</strong></span> <span class='ocrx_word' id='word_1_510' title='bbox 2481 730 2628 800; x_wconf 89' lang='lat' dir='ltr'><strong>prius</strong></span> <span class='ocrx_word' id='word_1_511' title='bbox 2673 731 2885 789; x_wconf 82' lang='lat' dir='ltr'><strong>illorum</strong></span> <span class='ocrx_word' id='word_1_512' title='bbox 2930 736 3169 792; x_wconf 85' lang='lat' dir='ltr'><strong>animum</strong></span> <span class='ocrx_word' id='word_1_513' title='bbox 3215 727 3499 812; x_wconf 78' lang='lat' dir='ltr'><strong>einolhrit,</strong></span> 
     </span>
    </p>
   </div>
   <div class='ocr_carea' id='block_1_66' title="bbox 1906 816 3504 903">
    <p class='ocr_par' dir='ltr' id='par_1_66' title="bbox 1906 816 3504 903">
     <span class='ocr_line' id='line_1_66' title="bbox 1906 816 3504 903; baseline 0.012 -32"><span class='ocrx_word' id='word_1_514' title='bbox 1906 816 2092 872; x_wconf 90' lang='lat' dir='ltr'><strong>dicens</strong></span> <span class='ocrx_word' id='word_1_515' title='bbox 2122 835 2135 870; x_wconf 89' lang='lat'>:</span> <span class='ocrx_word' id='word_1_516' title='bbox 2164 819 2254 874; x_wconf 71' lang='lat'><strong>25.</strong></span> <span class='ocrx_word' id='word_1_517' title='bbox 2287 820 2443 875; x_wconf 78' lang='lat' dir='ltr'><strong>Nunc</strong></span> <span class='ocrx_word' id='word_1_518' title='bbox 2467 840 2579 876; x_wconf 86' lang='lat' dir='ltr'><strong>ecce</strong></span> <span class='ocrx_word' id='word_1_519' title='bbox 2604 841 2694 894; x_wconf 87' lang='lat' dir='ltr'><strong>ego</strong></span> <span class='ocrx_word' id='word_1_520' title='bbox 2714 827 2820 880; x_wconf 89' lang='lat' dir='ltr'><strong>scio</strong></span> <span class='ocrx_word' id='word_1_521' title='bbox 2837 868 2853 892; x_wconf 94' lang='lat'><strong>,</strong></span> <span class='ocrx_word' id='word_1_522' title='bbox 2881 829 3018 897; x_wconf 87' lang='lat' dir='ltr'><strong>quod</strong></span> <span class='ocrx_word' id='word_1_523' title='bbox 3045 846 3149 884; x_wconf 85' lang='lat' dir='ltr'><strong>non</strong></span> <span class='ocrx_word' id='word_1_524' title='bbox 3177 834 3397 903; x_wconf 76' lang='lat' dir='ltr'><strong>amplius</strong></span> <span class='ocrx_word' id='word_1_525' title='bbox 3428 835 3504 889; x_wconf 80' lang='lat' dir='ltr'><strong>vi-</strong></span> 
     </span>
    </p>
   </div>
   <div class='ocr_carea' id='block_1_67' title="bbox 1913 907 3497 982">
    <p class='ocr_par' dir='ltr' id='par_1_67' title="bbox 1913 907 3497 982">
     <span class='ocr_line' id='line_1_67' title="bbox 1913 907 3497 982; baseline 0.015 -23"><span class='ocrx_word' id='word_1_526' title='bbox 1913 907 2090 962; x_wconf 77' lang='lat' dir='ltr'><strong>debitis</strong></span> <span class='ocrx_word' id='word_1_527' title='bbox 2113 909 2295 977; x_wconf 80' lang='lat' dir='ltr'><strong>facient</strong></span> <span class='ocrx_word' id='word_1_528' title='bbox 2319 930 2502 966; x_wconf 87' lang='lat' dir='ltr'><strong>meam.</strong></span> <span class='ocrx_word' id='word_1_529' title='bbox 2534 915 2737 971; x_wconf 79' lang='lat' dir='ltr'><strong>Deinde</strong></span> <span class='ocrx_word' id='word_1_530' title='bbox 2760 919 2996 974; x_wconf 87' lang='lat' dir='ltr'><strong>subdidit</strong></span> <span class='ocrx_word' id='word_1_531' title='bbox 3028 939 3041 974; x_wconf 89' lang='lat'>:</span> <span class='ocrx_word' id='word_1_532' title='bbox 3071 921 3300 978; x_wconf 71' lang='lat' dir='ltr'><strong>Mundus</strong></span> <span class='ocrx_word' id='word_1_533' title='bbox 3324 944 3436 980; x_wconf 83' lang='lat' dir='ltr'><strong>sunt</strong></span> <span class='ocrx_word' id='word_1_534' title='bbox 3463 946 3497 982; x_wconf 79' lang='grc' dir='ltr'><strong>ιι</strong></span> 
     </span>
    </p>
   </div>
   <div class='ocr_carea' id='block_1_68' title="bbox 1902 999 3497 1082">
    <p class='ocr_par' dir='ltr' id='par_1_68' title="bbox 1902 999 3497 1082">
     <span class='ocr_line' id='line_1_68' title="bbox 1902 999 3497 1082; baseline 0.013 -32"><span class='ocrx_word' id='word_1_535' title='bbox 1902 999 2152 1068; x_wconf 85' lang='lat' dir='ltr'><strong>sanguine</strong></span> <span class='ocrx_word' id='word_1_536' title='bbox 2197 1003 2442 1059; x_wconf 75' lang='lat' dir='ltr'><strong>omnium.</strong></span> <span class='ocrx_word' id='word_1_537' title='bbox 2475 1004 2677 1074; x_wconf 84' lang='lat' dir='ltr'><strong>Duplex</strong></span> <span class='ocrx_word' id='word_1_538' title='bbox 2724 1017 2806 1061; x_wconf 90' lang='lat' dir='ltr'><strong>est</strong></span> <span class='ocrx_word' id='word_1_539' title='bbox 2834 1008 3010 1074; x_wconf 89' lang='lat' dir='ltr'><strong>dolor,</strong></span> <span class='ocrx_word' id='word_1_540' title='bbox 3039 1021 3094 1066; x_wconf 89' lang='lat' dir='ltr'><strong>et</strong></span> <span class='ocrx_word' id='word_1_541' title='bbox 3118 1015 3260 1082; x_wconf 92' lang='lat' dir='ltr'><strong>quod</strong></span> <span class='ocrx_word' id='word_1_542' title='bbox 3305 1014 3497 1071; x_wconf 85' lang='lat' dir='ltr'><strong>faciem</strong></span> 
     </span>
    </p>
   </div>
   <div class='ocr_carea' id='block_1_69' title="bbox 1903 1089 3497 1170">
    <p class='ocr_par' dir='ltr' id='par_1_69' title="bbox 1903 1089 3497 1170">
     <span class='ocr_line' id='line_1_69' title="bbox 1903 1089 3497 1170; baseline 0.014 -28"><span class='ocrx_word' id='word_1_543' title='bbox 1903 1089 2020 1159; x_wconf 86' lang='lat' dir='ltr'><strong>ejus</strong></span> <span class='ocrx_word' id='word_1_544' title='bbox 2045 1107 2150 1146; x_wconf 91' lang='lat' dir='ltr'><strong>non</strong></span> <span class='ocrx_word' id='word_1_545' title='bbox 2179 1104 2365 1148; x_wconf 85' lang='lat' dir='ltr'><strong>essent</strong></span> <span class='ocrx_word' id='word_1_546' title='bbox 2389 1095 2577 1163; x_wconf 85' lang='lat' dir='ltr'><strong>visuri,</strong></span> <span class='ocrx_word' id='word_1_547' title='bbox 2608 1110 2662 1153; x_wconf 91' lang='lat' dir='ltr'><strong>et</strong></span> <span class='ocrx_word' id='word_1_548' title='bbox 2691 1102 2833 1170; x_wconf 87' lang='lat' dir='ltr'><strong>quod</strong></span> <span class='ocrx_word' id='word_1_549' title='bbox 2866 1103 2942 1157; x_wconf 90' lang='lat' dir='ltr'><strong>illi</strong></span> <span class='ocrx_word' id='word_1_550' title='bbox 2969 1120 3179 1160; x_wconf 88' lang='lat' dir='ltr'><strong>omnes.</strong></span> <span class='ocrx_word' id='word_1_551' title='bbox 3229 1106 3349 1161; x_wconf 85' lang='lat' dir='ltr'><strong>Non</strong></span> <span class='ocrx_word' id='word_1_552' title='bbox 3379 1128 3497 1163; x_wconf 84' lang='lat' dir='ltr'><strong>am-</strong></span> 
     </span>
    </p>
   </div>
   <div class='ocr_carea' id='block_1_70' title="bbox 1903 1184 3498 1275">
    <p class='ocr_par' dir='ltr' id='par_1_70' title="bbox 1903 1184 3498 1275">
     <span class='ocr_line' id='line_1_70' title="bbox 1903 1184 3498 1275; baseline 0.014 -40"><span class='ocrx_word' id='word_1_553' title='bbox 1903 1184 2057 1252; x_wconf 88' lang='lat' dir='ltr'><strong>plius,</strong></span> <span class='ocrx_word' id='word_1_554' title='bbox 2118 1187 2308 1257; x_wconf 88' lang='lat' dir='ltr'><strong>inqttit,</strong></span> <span class='ocrx_word' id='word_1_555' title='bbox 2357 1191 2585 1246; x_wconf 81' lang='lat' dir='ltr'><strong>videbitis</strong></span> <span class='ocrx_word' id='word_1_556' title='bbox 2629 1195 2811 1265; x_wconf 79' lang='lat' dir='ltr'><strong>faciem</strong></span> <span class='ocrx_word' id='word_1_557' title='bbox 2861 1213 3024 1250; x_wconf 77' lang='lat' dir='ltr'><strong>nteant</strong></span> <span class='ocrx_word' id='word_1_558' title='bbox 3070 1215 3156 1253; x_wconf 88' lang='lat' dir='ltr'><strong>vos</strong></span> <span class='ocrx_word' id='word_1_559' title='bbox 3185 1217 3376 1263; x_wconf 85' lang='lat' dir='ltr'><strong>omnes.</strong></span> <span class='ocrx_word' id='word_1_560' title='bbox 3405 1222 3498 1275; x_wconf 75' lang='lat' dir='ltr'><strong>per</strong></span> 
     </span>
    </p>
   </div>
   <div class='ocr_carea' id='block_1_71' title="bbox 1899 1279 3499 1362">
    <p class='ocr_par' dir='ltr' id='par_1_71' title="bbox 1899 1279 3499 1362">
     <span class='ocr_line' id='line_1_71' title="bbox 1899 1279 3499 1362; baseline 0.014 -35"><span class='ocrx_word' id='word_1_561' title='bbox 1899 1290 2026 1345; x_wconf 86' lang='lat' dir='ltr'><strong>quos</strong></span> <span class='ocrx_word' id='word_1_562' title='bbox 2049 1279 2257 1332; x_wconf 80' lang='lat' dir='ltr'><strong>transivi</strong></span> <span class='ocrx_word' id='word_1_563' title='bbox 2285 1283 2572 1347; x_wconf 69' lang='lat' dir='ltr'><strong>prmdicans</strong></span> <span class='ocrx_word' id='word_1_564' title='bbox 2598 1303 2829 1355; x_wconf 84' lang='lat' dir='ltr'><strong>regnum.</strong></span> <span class='ocrx_word' id='word_1_565' title='bbox 2861 1289 2950 1344; x_wconf 75' lang='lat'><strong>26.</strong></span> <span class='ocrx_word' id='word_1_566' title='bbox 2983 1291 3162 1362; x_wconf 85' lang='lat' dir='ltr'><strong>Itaque</strong></span> <span class='ocrx_word' id='word_1_567' title='bbox 3182 1294 3307 1362; x_wconf 88' lang='lat' dir='ltr'><strong>jure</strong></span> <span class='ocrx_word' id='word_1_568' title='bbox 3347 1298 3499 1350; x_wconf 63' lang='lat' dir='ltr'><strong>testi-</strong></span> 
     </span>
    </p>
   </div>
   <div class='ocr_carea' id='block_1_72' title="bbox 1903 1363 3497 1451">
    <p class='ocr_par' dir='ltr' id='par_1_72' title="bbox 1903 1363 3497 1451">
     <span class='ocr_line' id='line_1_72' title="bbox 1903 1363 3497 1451; baseline 0.013 -29"><span class='ocrx_word' id='word_1_569' title='bbox 1903 1369 2036 1423; x_wconf 86' lang='lat' dir='ltr'><strong>licor</strong></span> <span class='ocrx_word' id='word_1_570' title='bbox 2064 1363 2234 1437; x_wconf 76' lang='lat' dir='ltr'><strong>vobis,</strong></span> <span class='ocrx_word' id='word_1_571' title='bbox 2269 1383 2454 1444; x_wconf 91' lang='lat' dir='ltr'><strong>utpote</strong></span> <span class='ocrx_word' id='word_1_572' title='bbox 2480 1392 2585 1431; x_wconf 91' lang='lat' dir='ltr'><strong>non</strong></span> <span class='ocrx_word' id='word_1_573' title='bbox 2620 1378 2758 1433; x_wconf 85' lang='lat' dir='ltr'><strong>ultra</strong></span> <span class='ocrx_word' id='word_1_574' title='bbox 2789 1381 3090 1446; x_wconf 87' lang='lat' dir='ltr'><strong>adfuturus.</strong></span> <span class='ocrx_word' id='word_1_575' title='bbox 3116 1386 3249 1451; x_wconf 86' lang='lat' dir='ltr'><strong>Quia</strong></span> <span class='ocrx_word' id='word_1_576' title='bbox 3274 1391 3497 1443; x_wconf 82' lang='lat' dir='ltr'><strong>mundus</strong></span> 
     </span>
    </p>
   </div>
   <div class='ocr_carea' id='block_1_73' title="bbox 1903 1469 3490 1550">
    <p class='ocr_par' dir='ltr' id='par_1_73' title="bbox 1903 1469 3490 1550">
     <span class='ocr_line' id='line_1_73' title="bbox 1903 1469 3490 1550; baseline 0.013 -36"><span class='ocrx_word' id='word_1_577' title='bbox 1903 1476 2016 1514; x_wconf 82' lang='lat' dir='ltr'><strong>sunt</strong></span> <span class='ocrx_word' id='word_1_578' title='bbox 2069 1479 2100 1514; x_wconf 91' lang='lat' dir='ltr'><strong>a</strong></span> <span class='ocrx_word' id='word_1_579' title='bbox 2142 1471 2387 1535; x_wconf 85' lang='lat' dir='ltr'><strong>sanguine</strong></span> <span class='ocrx_word' id='word_1_580' title='bbox 2431 1469 2678 1523; x_wconf 88' lang='lat' dir='ltr'><strong>omnium.</strong></span> <span class='ocrx_word' id='word_1_581' title='bbox 2708 1471 2798 1528; x_wconf 70' lang='lat'><strong>27.</strong></span> <span class='ocrx_word' id='word_1_582' title='bbox 2838 1472 2959 1529; x_wconf 87' lang='lat' dir='ltr'><strong>Non</strong></span> <span class='ocrx_word' id='word_1_583' title='bbox 2999 1478 3130 1530; x_wconf 90' lang='lat' dir='ltr'><strong>enim</strong></span> <span class='ocrx_word' id='word_1_584' title='bbox 3186 1479 3490 1550; x_wconf 79' lang='lat' dir='ltr'><strong>subterfugi,</strong></span> 
     </span>
    </p>
   </div>
   <div class='ocr_carea' id='block_1_74' title="bbox 1898 1555 3491 1638">
    <p class='ocr_par' dir='ltr' id='par_1_74' title="bbox 1898 1555 3491 1638">
     <span class='ocr_line' id='line_1_74' title="bbox 1898 1555 3491 1638; baseline 0.014 -33"><span class='ocrx_word' id='word_1_585' title='bbox 1898 1555 2168 1621; x_wconf 80' lang='lat' dir='ltr'><strong>quominus</strong></span> <span class='ocrx_word' id='word_1_586' title='bbox 2214 1561 2569 1638; x_wconf 85' lang='lat' dir='ltr'><strong>annuutiarent</strong></span> <span class='ocrx_word' id='word_1_587' title='bbox 2613 1564 2750 1617; x_wconf 83' lang='lat' dir='ltr'><strong>vobis</strong></span> <span class='ocrx_word' id='word_1_588' title='bbox 2798 1583 2997 1620; x_wconf 85' lang='lat' dir='ltr'><strong>onmem</strong></span> <span class='ocrx_word' id='word_1_589' title='bbox 3026 1572 3329 1626; x_wconf 83' lang='lat' dir='ltr'><strong>voluntatem</strong></span> <span class='ocrx_word' id='word_1_590' title='bbox 3376 1573 3491 1629; x_wconf 85' lang='lat' dir='ltr'><strong>Dei.</strong></span> 
     </span>
    </p>
   </div>
   <div class='ocr_carea' id='block_1_75' title="bbox 1904 1647 3496 1721">
    <p class='ocr_par' dir='ltr' id='par_1_75' title="bbox 1904 1647 3496 1721">
     <span class='ocr_line' id='line_1_75' title="bbox 1904 1647 3496 1721; baseline 0.014 -22"><span class='ocrx_word' id='word_1_591' title='bbox 1904 1647 2084 1714; x_wconf 81' lang='lat' dir='ltr'><strong>Vides,</strong></span> <span class='ocrx_word' id='word_1_592' title='bbox 2107 1653 2377 1720; x_wconf 90' lang='lat' dir='ltr'><strong>quomodo</strong></span> <span class='ocrx_word' id='word_1_593' title='bbox 2409 1664 2594 1718; x_wconf 88' lang='lat' dir='ltr'><strong>terret.</strong></span> <span class='ocrx_word' id='word_1_594' title='bbox 2622 1669 2672 1710; x_wconf 88' lang='lat' dir='ltr'><strong>et</strong></span> <span class='ocrx_word' id='word_1_595' title='bbox 2706 1658 3014 1720; x_wconf 81' lang='lat' dir='ltr'><strong>laborantes</strong></span> <span class='ocrx_word' id='word_1_596' title='bbox 3045 1663 3255 1720; x_wconf 90' lang='lat' dir='ltr'><strong>illorum</strong></span> <span class='ocrx_word' id='word_1_597' title='bbox 3285 1668 3496 1721; x_wconf 89' lang='lat' dir='ltr'><strong>animas</strong></span> 
     </span>
    </p>
   </div>
   <div class='ocr_carea' id='block_1_76' title="bbox 1899 1739 3490 1821">
    <p class='ocr_par' dir='ltr' id='par_1_76' title="bbox 1899 1739 3490 1821">
     <span class='ocr_line' id='line_1_76' title="bbox 1899 1739 3490 1821; baseline 0.013 -29"><span class='ocrx_word' id='word_1_598' title='bbox 1899 1739 2235 1812; x_wconf 84' lang='lat' dir='ltr'><strong>afﬂictasqne</strong></span> <span class='ocrx_word' id='word_1_599' title='bbox 2285 1746 2509 1802; x_wconf 87' lang='lat' dir='ltr'><strong>atterit?</strong></span> <span class='ocrx_word' id='word_1_600' title='bbox 2558 1749 2723 1813; x_wconf 86' lang='lat' dir='ltr'><strong>Bene,</strong></span> <span class='ocrx_word' id='word_1_601' title='bbox 2773 1753 2894 1821; x_wconf 89' lang='lat' dir='ltr'><strong>quia</strong></span> <span class='ocrx_word' id='word_1_602' title='bbox 2952 1758 3311 1812; x_wconf 75' lang='lat' dir='ltr'><strong>necessarium</strong></span> <span class='ocrx_word' id='word_1_603' title='bbox 3353 1769 3490 1813; x_wconf 86' lang='lat' dir='ltr'><strong>erat.</strong></span> 
     </span>
    </p>
   </div>
   <div class='ocr_carea' id='block_1_77' title="bbox 1901 1830 3494 1917">
    <p class='ocr_par' dir='ltr' id='par_1_77' title="bbox 1901 1830 3494 1917">
     <span class='ocr_line' id='line_1_77' title="bbox 1901 1830 3494 1917; baseline 0.013 -32"><span class='ocrx_word' id='word_1_604' title='bbox 1901 1830 2024 1886; x_wconf 83' lang='lat' dir='ltr'><strong>Non</strong></span> <span class='ocrx_word' id='word_1_605' title='bbox 2048 1835 2181 1887; x_wconf 85' lang='lat' dir='ltr'><strong>enim</strong></span> <span class='ocrx_word' id='word_1_606' title='bbox 2208 1836 2520 1909; x_wconf 82' lang='lat' dir='ltr'><strong>subterfugi,</strong></span> <span class='ocrx_word' id='word_1_607' title='bbox 2573 1841 2773 1911; x_wconf 88' lang='lat' dir='ltr'><strong>inquit,</strong></span> <span class='ocrx_word' id='word_1_608' title='bbox 2825 1847 3092 1909; x_wconf 84' lang='lat' dir='ltr'><strong>quominus</strong></span> <span class='ocrx_word' id='word_1_609' title='bbox 3134 1854 3494 1917; x_wconf 85' lang='lat' dir='ltr'><strong>annuntiarem</strong></span> 
     </span>
    </p>
   </div>
   <div class='ocr_carea' id='block_1_78' title="bbox 1897 1925 3495 2008">
    <p class='ocr_par' dir='ltr' id='par_1_78' title="bbox 1897 1925 3495 2008">
     <span class='ocr_line' id='line_1_78' title="bbox 1897 1925 3495 2008; baseline 0.012 -30"><span class='ocrx_word' id='word_1_610' title='bbox 1897 1925 2032 1979; x_wconf 82' lang='lat' dir='ltr'><strong>vobis</strong></span> <span class='ocrx_word' id='word_1_611' title='bbox 2061 1942 2257 1980; x_wconf 86' lang='lat' dir='ltr'><strong>onmem</strong></span> <span class='ocrx_word' id='word_1_612' title='bbox 2286 1930 2596 1984; x_wconf 84' lang='lat' dir='ltr'><strong>voluntatem</strong></span> <span class='ocrx_word' id='word_1_613' title='bbox 2624 1932 2736 1987; x_wconf 85' lang='lat' dir='ltr'><strong>Dei.</strong></span> <span class='ocrx_word' id='word_1_614' title='bbox 2773 1934 2914 2006; x_wconf 83' lang='lat' dir='ltr'><strong>Ergo</strong></span> <span class='ocrx_word' id='word_1_615' title='bbox 2937 1939 3034 2007; x_wconf 86' lang='lat' dir='ltr'><strong>qui</strong></span> <span class='ocrx_word' id='word_1_616' title='bbox 3057 1955 3161 1994; x_wconf 89' lang='lat' dir='ltr'><strong>non</strong></span> <span class='ocrx_word' id='word_1_617' title='bbox 3185 1940 3338 2008; x_wconf 86' lang='lat' dir='ltr'><strong>dicit,</strong></span> <span class='ocrx_word' id='word_1_618' title='bbox 3369 1947 3495 1998; x_wconf 78' lang='lat' dir='ltr'><strong>rens</strong></span> 
     </span>
    </p>
   </div>
   <div class='ocr_carea' id='block_1_79' title="bbox 1895 2022 3486 2092">
    <p class='ocr_par' dir='ltr' id='par_1_79' title="bbox 1895 2022 3486 2092">
     <span class='ocr_line' id='line_1_79' title="bbox 1895 2022 3486 2092; baseline 0.013 -22"><span class='ocrx_word' id='word_1_619' title='bbox 1895 2028 1980 2072; x_wconf 89' lang='lat' dir='ltr'><strong>est</strong></span> <span class='ocrx_word' id='word_1_620' title='bbox 2008 2022 2320 2090; x_wconf 88' lang='lat' dir='ltr'><strong>sanguinis;</strong></span> <span class='ocrx_word' id='word_1_621' title='bbox 2377 2023 2427 2078; x_wconf 92' lang='lat' dir='ltr'><strong>id</strong></span> <span class='ocrx_word' id='word_1_622' title='bbox 2458 2033 2562 2087; x_wconf 88' lang='lat' dir='ltr'><strong>est,</strong></span> <span class='ocrx_word' id='word_1_623' title='bbox 2595 2028 2775 2082; x_wconf 63' lang='lat' dir='ltr'><strong>caedis.</strong></span> <span class='ocrx_word' id='word_1_624' title='bbox 2819 2030 2962 2084; x_wconf 80' lang='lat' dir='ltr'><strong>Nihil</strong></span> <span class='ocrx_word' id='word_1_625' title='bbox 3018 2031 3119 2088; x_wconf 91' lang='lat' dir='ltr'><strong>hoc</strong></span> <span class='ocrx_word' id='word_1_626' title='bbox 3175 2037 3486 2092; x_wconf 83' lang='lat' dir='ltr'><strong>terribilius.</strong></span> 
     </span>
    </p>
   </div>
   <div class='ocr_carea' id='block_1_80' title="bbox 1895 2108 3488 2198">
    <p class='ocr_par' dir='ltr' id='par_1_80' title="bbox 1895 2108 3488 2198">
     <span class='ocr_line' id='line_1_80' title="bbox 1895 2108 3488 2198; baseline 0.013 -36"><span class='ocrx_word' id='word_1_627' title='bbox 1895 2108 2142 2166; x_wconf 84' lang='lat' dir='ltr'><strong>Ostendit</strong></span> <span class='ocrx_word' id='word_1_628' title='bbox 2160 2129 2276 2180; x_wconf 89' lang='lat' dir='ltr'><strong>eos,</strong></span> <span class='ocrx_word' id='word_1_629' title='bbox 2309 2116 2352 2169; x_wconf 88' lang='lat' dir='ltr'><strong>si</strong></span> <span class='ocrx_word' id='word_1_630' title='bbox 2387 2132 2494 2170; x_wconf 91' lang='lat' dir='ltr'><strong>non</strong></span> <span class='ocrx_word' id='word_1_631' title='bbox 2528 2118 2577 2171; x_wconf 94' lang='lat' dir='ltr'><strong>id</strong></span> <span class='ocrx_word' id='word_1_632' title='bbox 2610 2118 2857 2183; x_wconf 85' lang='lat' dir='ltr'><strong>fecerint,</strong></span> <span class='ocrx_word' id='word_1_633' title='bbox 2887 2140 3012 2177; x_wconf 91' lang='lat' dir='ltr'><strong>reos</strong></span> <span class='ocrx_word' id='word_1_634' title='bbox 3041 2141 3162 2182; x_wconf 84' lang='lat' dir='ltr'><strong>esse</strong></span> <span class='ocrx_word' id='word_1_635' title='bbox 3193 2131 3488 2198; x_wconf 90' lang='lat' dir='ltr'><strong>sanguinis.</strong></span> 
     </span>
    </p>
   </div>
   <div class='ocr_carea' id='block_1_81' title="bbox 1897 2200 3490 2283">
    <p class='ocr_par' dir='ltr' id='par_1_81' title="bbox 1897 2200 3490 2283">
     <span class='ocr_line' id='line_1_81' title="bbox 1897 2200 3490 2283; baseline 0.013 -28"><span class='ocrx_word' id='word_1_636' title='bbox 1897 2200 1965 2256; x_wconf 85' lang='lat' dir='ltr'><strong>Et</strong></span> <span class='ocrx_word' id='word_1_637' title='bbox 1994 2202 2202 2259; x_wconf 88' lang='lat' dir='ltr'><strong>videtur</strong></span> <span class='ocrx_word' id='word_1_638' title='bbox 2247 2206 2465 2278; x_wconf 84' lang='lat' dir='ltr'><strong>quidem</strong></span> <span class='ocrx_word' id='word_1_639' title='bbox 2513 2211 2774 2265; x_wconf 90' lang='lat' dir='ltr'><strong>rationem</strong></span> <span class='ocrx_word' id='word_1_640' title='bbox 2821 2215 3087 2283; x_wconf 83' lang='lat' dir='ltr'><strong>reddere,</strong></span> <span class='ocrx_word' id='word_1_641' title='bbox 3136 2220 3256 2274; x_wconf 89' lang='lat' dir='ltr'><strong>illos</strong></span> <span class='ocrx_word' id='word_1_642' title='bbox 3309 2232 3490 2276; x_wconf 88' lang='lat' dir='ltr'><strong>antetn</strong></span> 
     </span>
    </p>
   </div>
   <div class='ocr_carea' id='block_1_82' title="bbox 1897 2295 3491 2383">
    <p class='ocr_par' dir='ltr' id='par_1_82' title="bbox 1897 2295 3491 2383">
     <span class='ocr_line' id='line_1_82' title="bbox 1897 2295 3491 2383; baseline 0.014 -37"><span class='ocrx_word' id='word_1_643' title='bbox 1897 2301 2080 2349; x_wconf 88' lang='lat' dir='ltr'><strong>terret.</strong></span> <span class='ocrx_word' id='word_1_644' title='bbox 2115 2295 2206 2351; x_wconf 73' lang='lat'><strong>28.</strong></span> <span class='ocrx_word' id='word_1_645' title='bbox 2239 2300 2498 2355; x_wconf 82' lang='lat' dir='ltr'><strong>Attendite</strong></span> <span class='ocrx_word' id='word_1_646' title='bbox 2533 2303 2690 2372; x_wconf 87' lang='lat' dir='ltr'><strong>igitur</strong></span> <span class='ocrx_word' id='word_1_647' title='bbox 2711 2306 2849 2360; x_wconf 84' lang='lat' dir='ltr'><strong>vobis</strong></span> <span class='ocrx_word' id='word_1_648' title='bbox 2882 2318 2929 2360; x_wconf 88' lang='lat' dir='ltr'><strong>et</strong></span> <span class='ocrx_word' id='word_1_649' title='bbox 2969 2312 3200 2365; x_wconf 86' lang='lat' dir='ltr'><strong>universo</strong></span> <span class='ocrx_word' id='word_1_650' title='bbox 3236 2316 3375 2383; x_wconf 79' lang='lat' dir='ltr'><strong>gregi</strong></span> <span class='ocrx_word' id='word_1_651' title='bbox 3393 2357 3407 2375; x_wconf 84' lang='lat'><strong>,</strong></span> <span class='ocrx_word' id='word_1_652' title='bbox 3437 2317 3491 2369; x_wconf 77' lang='lat' dir='ltr'><strong>in</strong></span> 
     </span>
    </p>
   </div>
   <div class='ocr_carea' id='block_1_83' title="bbox 1894 2390 3492 2476">
    <p class='ocr_par' dir='ltr' id='par_1_83' title="bbox 1894 2390 3492 2476">
     <span class='ocr_line' id='line_1_83' title="bbox 1894 2390 3492 2476; baseline 0.017 -38"><span class='ocrx_word' id='word_1_653' title='bbox 1894 2403 1993 2458; x_wconf 88' lang='lat' dir='ltr'><strong>quo</strong></span> <span class='ocrx_word' id='word_1_654' title='bbox 2024 2405 2109 2442; x_wconf 88' lang='lat' dir='ltr'><strong>vos</strong></span> <span class='ocrx_word' id='word_1_655' title='bbox 2131 2390 2357 2460; x_wconf 84' lang='lat' dir='ltr'><strong>Spiritus</strong></span> <span class='ocrx_word' id='word_1_656' title='bbox 2377 2405 2581 2450; x_wconf 87' lang='lat' dir='ltr'><strong>sanctus</strong></span> <span class='ocrx_word' id='word_1_657' title='bbox 2611 2401 2779 2466; x_wconf 86' lang='lat' dir='ltr'><strong>posuit</strong></span> <span class='ocrx_word' id='word_1_658' title='bbox 2805 2402 3088 2474; x_wconf 78' lang='lat' dir='ltr'><strong>episcOpos,</strong></span> <span class='ocrx_word' id='word_1_659' title='bbox 3126 2415 3182 2458; x_wconf 88' lang='lat' dir='ltr'><strong>ut</strong></span> <span class='ocrx_word' id='word_1_660' title='bbox 3220 2412 3492 2476; x_wconf 84' lang='lat' dir='ltr'><strong>pasceretis</strong></span> 
     </span>
    </p>
   </div>
   <div class='ocr_carea' id='block_1_84' title="bbox 1890 2475 3484 2568">
    <p class='ocr_par' dir='ltr' id='par_1_84' title="bbox 1890 2475 3484 2568">
     <span class='ocr_line' id='line_1_84' title="bbox 1890 2475 3484 2568; baseline 0.016 -39"><span class='ocrx_word' id='word_1_661' title='bbox 1890 2475 2172 2532; x_wconf 81' lang='lat' dir='ltr'><strong>Ecclesium</strong></span> <span class='ocrx_word' id='word_1_662' title='bbox 2193 2479 2291 2535; x_wconf 91' lang='lat' dir='ltr'><strong>Dei</strong></span> <span class='ocrx_word' id='word_1_663' title='bbox 2298 2526 2309 2543; x_wconf 87' lang='lat'><strong>,</strong></span> <span class='ocrx_word' id='word_1_664' title='bbox 2328 2500 2481 2553; x_wconf 89' lang='lat' dir='ltr'><strong>quam</strong></span> <span class='ocrx_word' id='word_1_665' title='bbox 2502 2489 2760 2557; x_wconf 84' lang='lat' dir='ltr'><strong>acquisivit</strong></span> <span class='ocrx_word' id='word_1_666' title='bbox 2782 2508 2872 2558; x_wconf 85' lang='lat' dir='ltr'><strong>per</strong></span> <span class='ocrx_word' id='word_1_667' title='bbox 2892 2496 3153 2561; x_wconf 88' lang='lat' dir='ltr'><strong>proprium</strong></span> <span class='ocrx_word' id='word_1_668' title='bbox 3169 2500 3484 2568; x_wconf 84' lang='lat' dir='ltr'><strong>sanguinem.</strong></span> 
     </span>
    </p>
   </div>
   <div class='ocr_carea' id='block_1_85' title="bbox 1893 2567 3489 2662">
    <p class='ocr_par' dir='ltr' id='par_1_85' title="bbox 1893 2567 3489 2662">
     <span class='ocr_line' id='line_1_85' title="bbox 1893 2567 3489 2662; baseline 0.017 -41"><span class='ocrx_word' id='word_1_669' title='bbox 1893 2567 2100 2623; x_wconf 77' lang='lat' dir='ltr'><strong>Vides?</strong></span> <span class='ocrx_word' id='word_1_670' title='bbox 2149 2573 2261 2626; x_wconf 91' lang='lat' dir='ltr'><strong>Dno</strong></span> <span class='ocrx_word' id='word_1_671' title='bbox 2309 2579 2585 2646; x_wconf 58' lang='lat' dir='ltr'><strong>praecepit.</strong></span> <span class='ocrx_word' id='word_1_672' title='bbox 2638 2580 2802 2649; x_wconf 85' lang='lat' dir='ltr'><strong>Igitur</strong></span> <span class='ocrx_word' id='word_1_673' title='bbox 2845 2599 3020 2652; x_wconf 86' lang='lat' dir='ltr'><strong>neque</strong></span> <span class='ocrx_word' id='word_1_674' title='bbox 3049 2589 3184 2642; x_wconf 87' lang='lat' dir='ltr'><strong>alios</strong></span> <span class='ocrx_word' id='word_1_675' title='bbox 3215 2567 3489 2662; x_wconf 81' lang='lat' dir='ltr'><strong>corrigere</strong></span> 
     </span>
    </p>
   </div>
   <div class='ocr_carea' id='block_1_86' title="bbox 1890 2660 3491 2753">
    <p class='ocr_par' dir='ltr' id='par_1_86' title="bbox 1890 2660 3491 2753">
     <span class='ocr_line' id='line_1_86' title="bbox 1890 2660 3491 2753; baseline 0.016 -39"><span class='ocrx_word' id='word_1_676' title='bbox 1890 2660 2063 2715; x_wconf 87' lang='lat' dir='ltr'><strong>solum</strong></span> <span class='ocrx_word' id='word_1_677' title='bbox 2096 2661 2258 2718; x_wconf 88' lang='lat' dir='ltr'><strong>habet</strong></span> <span class='ocrx_word' id='word_1_678' title='bbox 2284 2668 2556 2736; x_wconf 86' lang='lat' dir='ltr'><strong>quidpiam</strong></span> <span class='ocrx_word' id='word_1_679' title='bbox 2589 2671 2721 2726; x_wconf 87' lang='lat' dir='ltr'><strong>lucri</strong></span> <span class='ocrx_word' id='word_1_680' title='bbox 2758 2673 2955 2741; x_wconf 83' lang='lat' dir='ltr'><strong>(Timeo</strong></span> <span class='ocrx_word' id='word_1_681' title='bbox 2991 2679 3133 2733; x_wconf 87' lang='lat' dir='ltr'><strong>enim</strong></span> <span class='ocrx_word' id='word_1_682' title='bbox 3156 2721 3174 2744; x_wconf 92' lang='lat'><strong>,</strong></span> <span class='ocrx_word' id='word_1_683' title='bbox 3203 2660 3390 2753; x_wconf 74' lang='lat' dir='ltr'><strong>inquit,</strong></span> <span class='ocrx_word' id='word_1_684' title='bbox 3424 2703 3491 2740; x_wconf 87' lang='lat' dir='ltr'><strong>ne</strong></span> 
     </span>
    </p>
   </div>
   <div class='ocr_carea' id='block_1_87' title="bbox 1889 2752 3486 2847">
    <p class='ocr_par' dir='ltr' id='par_1_87' title="bbox 1889 2752 3486 2847">
     <span class='ocr_line' id='line_1_87' title="bbox 1889 2752 3486 2847; baseline 0.014 -43"><span class='ocrx_word' id='word_1_685' title='bbox 1889 2752 2006 2807; x_wconf 86' lang='lat' dir='ltr'><strong>aliis</strong></span> <span class='ocrx_word' id='word_1_686' title='bbox 2034 2756 2339 2822; x_wconf 75' lang='lat' dir='ltr'><strong>prtcdicans,</strong></span> <span class='ocrx_word' id='word_1_687' title='bbox 2372 2759 2482 2828; x_wconf 89' lang='lat' dir='ltr'><strong>ipse</strong></span> <span class='ocrx_word' id='word_1_688' title='bbox 2506 2763 2748 2829; x_wconf 86' lang='lat' dir='ltr'><strong>reprobus</strong></span> <span class='ocrx_word' id='word_1_689' title='bbox 2769 2765 2954 2834; x_wconf 71' lang='lat' dir='ltr'><strong>eﬂiciar</strong></span> <span class='ocrx_word' id='word_1_690' title='bbox 2980 2766 3056 2838; x_wconf 79' lang='grc'><strong>[1.</strong></span> <span class='ocrx_word' id='word_1_691' title='bbox 3084 2769 3201 2824; x_wconf 83' lang='lat' dir='ltr'><strong>Cor.</strong></span> <span class='ocrx_word' id='word_1_692' title='bbox 3233 2752 3286 2826; x_wconf 83' lang='lat'><strong>9.</strong></span> <span class='ocrx_word' id='word_1_693' title='bbox 3320 2773 3486 2847; x_wconf 72' lang='lat'><strong>27]);</strong></span> 
     </span>
    </p>
   </div>
   <div class='ocr_carea' id='block_1_88' title="bbox 1889 2848 3486 2934">
    <p class='ocr_par' dir='ltr' id='par_1_88' title="bbox 1889 2848 3486 2934">
     <span class='ocr_line' id='line_1_88' title="bbox 1889 2848 3486 2934; baseline 0.015 -36"><span class='ocrx_word' id='word_1_694' title='bbox 1889 2859 2064 2916; x_wconf 89' lang='lat' dir='ltr'><strong>neque</strong></span> <span class='ocrx_word' id='word_1_695' title='bbox 2103 2848 2184 2902; x_wconf 85' lang='lat' dir='ltr'><strong>sui</strong></span> <span class='ocrx_word' id='word_1_696' title='bbox 2211 2849 2378 2904; x_wconf 88' lang='lat' dir='ltr'><strong>solius</strong></span> <span class='ocrx_word' id='word_1_697' title='bbox 2422 2867 2603 2908; x_wconf 86' lang='lat' dir='ltr'><strong>curam</strong></span> <span class='ocrx_word' id='word_1_698' title='bbox 2647 2855 2866 2912; x_wconf 86' lang='lat' dir='ltr'><strong>habere.</strong></span> <span class='ocrx_word' id='word_1_699' title='bbox 2921 2859 3055 2914; x_wconf 84' lang='lat' dir='ltr'><strong>Nam</strong></span> <span class='ocrx_word' id='word_1_700' title='bbox 3108 2864 3199 2932; x_wconf 92' lang='lat' dir='ltr'><strong>qni</strong></span> <span class='ocrx_word' id='word_1_701' title='bbox 3247 2866 3486 2934; x_wconf 84' lang='lat' dir='ltr'><strong>seipstnn</strong></span> 
     </span>
    </p>
   </div>
   <div class='ocr_carea' id='block_1_89' title="bbox 1867 2950 3484 3026">
    <p class='ocr_par' dir='ltr' id='par_1_89' title="bbox 1867 2950 3484 3026">
     <span class='ocr_line' id='line_1_89' title="bbox 1867 2950 3484 3026; baseline 0.016 -37"><span class='ocrx_word' id='word_1_702' title='bbox 1867 2950 2052 3003; x_wconf 81' lang='lat' dir='ltr'><strong>amat,</strong></span> <span class='ocrx_word' id='word_1_703' title='bbox 2083 2956 2202 3009; x_wconf 69' lang='lat' dir='ltr'><strong>qua:</strong></span> <span class='ocrx_word' id='word_1_704' title='bbox 2231 2957 2326 2996; x_wconf 91' lang='lat' dir='ltr'><strong>sua</strong></span> <span class='ocrx_word' id='word_1_705' title='bbox 2345 2955 2470 2999; x_wconf 86' lang='lat' dir='ltr'><strong>sunt</strong></span> <span class='ocrx_word' id='word_1_706' title='bbox 2502 2955 2704 3002; x_wconf 91' lang='lat' dir='ltr'><strong>tantum</strong></span> <span class='ocrx_word' id='word_1_707' title='bbox 2743 2952 2957 3019; x_wconf 59' lang='lat' dir='ltr'><strong>qua‘rit,</strong></span> <span class='ocrx_word' id='word_1_708' title='bbox 2991 2963 3045 3008; x_wconf 89' lang='lat' dir='ltr'><strong>et</strong></span> <span class='ocrx_word' id='word_1_709' title='bbox 3078 2955 3270 3011; x_wconf 89' lang='lat' dir='ltr'><strong>similis</strong></span> <span class='ocrx_word' id='word_1_710' title='bbox 3299 2968 3378 3013; x_wconf 88' lang='lat' dir='ltr'><strong>est</strong></span> <span class='ocrx_word' id='word_1_711' title='bbox 3407 2960 3484 3026; x_wconf 85' lang='lat' dir='ltr'><strong>ei,</strong></span> 
     </span>
    </p>
   </div>
   <div class='ocr_carea' id='block_1_90' title="bbox 1887 3031 3486 3117">
    <p class='ocr_par' dir='ltr' id='par_1_90' title="bbox 1887 3031 3486 3117">
     <span class='ocr_line' id='line_1_90' title="bbox 1887 3031 3486 3117; baseline 0.014 -34"><span class='ocrx_word' id='word_1_712' title='bbox 1887 3031 1977 3099; x_wconf 91' lang='lat' dir='ltr'><strong>qui</strong></span> <span class='ocrx_word' id='word_1_713' title='bbox 2008 3032 2264 3088; x_wconf 88' lang='lat' dir='ltr'><strong>talentum</strong></span> <span class='ocrx_word' id='word_1_714' title='bbox 2293 3035 2516 3090; x_wconf 87' lang='lat' dir='ltr'><strong>defodit.</strong></span> <span class='ocrx_word' id='word_1_715' title='bbox 2550 3037 2676 3094; x_wconf 70' lang='lat' dir='ltr'><strong>Htec</strong></span> <span class='ocrx_word' id='word_1_716' title='bbox 2707 3040 2852 3103; x_wconf 83' lang='lat' dir='ltr'><strong>dicit,</strong></span> <span class='ocrx_word' id='word_1_717' title='bbox 2886 3059 2991 3097; x_wconf 91' lang='lat' dir='ltr'><strong>non</strong></span> <span class='ocrx_word' id='word_1_718' title='bbox 3019 3047 3162 3115; x_wconf 88' lang='lat' dir='ltr'><strong>quod</strong></span> <span class='ocrx_word' id='word_1_719' title='bbox 3193 3049 3486 3117; x_wconf 81' lang='lat' dir='ltr'><strong>pretiosior</strong></span> 
     </span>
    </p>
   </div>
   <div class='ocr_carea' id='block_1_91' title="bbox 1886 3125 3483 3212">
    <p class='ocr_par' dir='ltr' id='par_1_91' title="bbox 1886 3125 3483 3212">
     <span class='ocr_line' id='line_1_91' title="bbox 1886 3125 3483 3212; baseline 0.013 -35"><span class='ocrx_word' id='word_1_720' title='bbox 1886 3125 1956 3178; x_wconf 84' lang='lat' dir='ltr'><strong>sit</strong></span> <span class='ocrx_word' id='word_1_721' title='bbox 1981 3137 2163 3180; x_wconf 71' lang='lat' dir='ltr'><strong>nosua</strong></span> <span class='ocrx_word' id='word_1_722' title='bbox 2187 3128 2334 3184; x_wconf 87' lang='lat' dir='ltr'><strong>salus</strong></span> <span class='ocrx_word' id='word_1_723' title='bbox 2363 3146 2522 3200; x_wconf 88' lang='lat' dir='ltr'><strong>quam</strong></span> <span class='ocrx_word' id='word_1_724' title='bbox 2552 3134 2730 3203; x_wconf 80' lang='lat' dir='ltr'><strong>gregis</strong></span> <span class='ocrx_word' id='word_1_725' title='bbox 2756 3152 2770 3198; x_wconf 89' lang='lat'><strong>;</strong></span> <span class='ocrx_word' id='word_1_726' title='bbox 2803 3135 2896 3189; x_wconf 87' lang='lat' dir='ltr'><strong>sed</strong></span> <span class='ocrx_word' id='word_1_727' title='bbox 2925 3137 3070 3205; x_wconf 86' lang='lat' dir='ltr'><strong>quia,</strong></span> <span class='ocrx_word' id='word_1_728' title='bbox 3095 3142 3138 3192; x_wconf 88' lang='lat' dir='ltr'><strong>si</strong></span> <span class='ocrx_word' id='word_1_729' title='bbox 3169 3140 3321 3195; x_wconf 89' lang='lat' dir='ltr'><strong>nobis</strong></span> <span class='ocrx_word' id='word_1_730' title='bbox 3353 3142 3483 3212; x_wconf 87' lang='lat' dir='ltr'><strong>ipsis</strong></span> 
     </span>
    </p>
   </div>
   <div class='ocr_carea' id='block_1_92' title="bbox 1887 3217 3483 3302">
    <p class='ocr_par' dir='ltr' id='par_1_92' title="bbox 1887 3217 3483 3302">
     <span class='ocr_line' id='line_1_92' title="bbox 1887 3217 3483 3302; baseline 0.013 -33"><span class='ocrx_word' id='word_1_731' title='bbox 1887 3217 2252 3284; x_wconf 89' lang='lat' dir='ltr'><strong>attendamus,</strong></span> <span class='ocrx_word' id='word_1_732' title='bbox 2286 3229 2414 3274; x_wconf 87' lang='lat' dir='ltr'><strong>tunc</strong></span> <span class='ocrx_word' id='word_1_733' title='bbox 2443 3231 2497 3275; x_wconf 86' lang='lat' dir='ltr'><strong>et</strong></span> <span class='ocrx_word' id='word_1_734' title='bbox 2526 3239 2658 3293; x_wconf 82' lang='lat' dir='ltr'><strong>grex</strong></span> <span class='ocrx_word' id='word_1_735' title='bbox 2695 3224 2902 3279; x_wconf 91' lang='lat' dir='ltr'><strong>lucrum</strong></span> <span class='ocrx_word' id='word_1_736' title='bbox 2938 3228 3116 3283; x_wconf 85' lang='lat' dir='ltr'><strong>habet.</strong></span> <span class='ocrx_word' id='word_1_737' title='bbox 3159 3229 3226 3283; x_wconf 87' lang='lat' dir='ltr'><strong>In</strong></span> <span class='ocrx_word' id='word_1_738' title='bbox 3252 3249 3352 3302; x_wconf 89' lang='lat' dir='ltr'><strong>quo</strong></span> <span class='ocrx_word' id='word_1_739' title='bbox 3394 3249 3483 3289; x_wconf 86' lang='lat' dir='ltr'><strong>vos</strong></span> 
     </span>
    </p>
   </div>
   <div class='ocr_carea' id='block_1_93' title="bbox 1887 3305 3483 3388">
    <p class='ocr_par' dir='ltr' id='par_1_93' title="bbox 1887 3305 3483 3388">
     <span class='ocr_line' id='line_1_93' title="bbox 1887 3305 3483 3388; baseline 0.011 -27"><span class='ocrx_word' id='word_1_740' title='bbox 1887 3305 2114 3376; x_wconf 86' lang='lat' dir='ltr'><strong>Spiritus</strong></span> <span class='ocrx_word' id='word_1_741' title='bbox 2135 3320 2342 3365; x_wconf 87' lang='lat' dir='ltr'><strong>sanctus</strong></span> <span class='ocrx_word' id='word_1_742' title='bbox 2378 3316 2547 3383; x_wconf 84' lang='lat' dir='ltr'><strong>posuit</strong></span> <span class='ocrx_word' id='word_1_743' title='bbox 2589 3317 2871 3385; x_wconf 83' lang='lat' dir='ltr'><strong>episcopos,</strong></span> <span class='ocrx_word' id='word_1_744' title='bbox 2910 3331 2962 3371; x_wconf 88' lang='lat' dir='ltr'><strong>ut</strong></span> <span class='ocrx_word' id='word_1_745' title='bbox 2995 3324 3262 3388; x_wconf 87' lang='lat' dir='ltr'><strong>pasceretis</strong></span> <span class='ocrx_word' id='word_1_746' title='bbox 3302 3323 3483 3381; x_wconf 74' lang='lat' dir='ltr'><strong>Eccle-</strong></span> 
     </span>
    </p>
   </div>
   <div class='ocr_carea' id='block_1_94' title="bbox 1882 3399 3490 3483">
    <p class='ocr_par' dir='ltr' id='par_1_94' title="bbox 1882 3399 3490 3483">
     <span class='ocr_line' id='line_1_94' title="bbox 1882 3399 3490 3483; baseline 0.013 -31"><span class='ocrx_word' id='word_1_747' title='bbox 1882 3399 2013 3453; x_wconf 86' lang='lat' dir='ltr'><strong>siam</strong></span> <span class='ocrx_word' id='word_1_748' title='bbox 2032 3400 2148 3454; x_wconf 85' lang='lat' dir='ltr'><strong>Dei.</strong></span> <span class='ocrx_word' id='word_1_749' title='bbox 2175 3402 2310 3459; x_wconf 78' lang='lat' dir='ltr'><strong>Vide</strong></span> <span class='ocrx_word' id='word_1_750' title='bbox 2335 3415 2545 3474; x_wconf 72' lang='lat' dir='ltr'><strong>quantm</strong></span> <span class='ocrx_word' id='word_1_751' title='bbox 2578 3409 2939 3466; x_wconf 89' lang='lat' dir='ltr'><strong>necessitates.</strong></span> <span class='ocrx_word' id='word_1_752' title='bbox 2969 3414 3012 3466; x_wconf 85' lang='lat' dir='ltr'><strong>A</strong></span> <span class='ocrx_word' id='word_1_753' title='bbox 3039 3413 3238 3483; x_wconf 90' lang='lat' dir='ltr'><strong>Spiritu</strong></span> <span class='ocrx_word' id='word_1_754' title='bbox 3266 3417 3490 3472; x_wconf 78' lang='lat' dir='ltr'><strong>ordina—</strong></span> 
     </span>
    </p>
   </div>
   <div class='ocr_carea' id='block_1_95' title="bbox 1886 3491 3478 3572">
    <p class='ocr_par' dir='ltr' id='par_1_95' title="bbox 1886 3491 3478 3572">
     <span class='ocr_line' id='line_1_95' title="bbox 1886 3491 3478 3572; baseline 0.013 -27"><span class='ocrx_word' id='word_1_755' title='bbox 1886 3491 2089 3548; x_wconf 84' lang='lat' dir='ltr'><strong>tionem</strong></span> <span class='ocrx_word' id='word_1_756' title='bbox 2121 3493 2350 3562; x_wconf 87' lang='lat' dir='ltr'><strong>habetis,</strong></span> <span class='ocrx_word' id='word_1_757' title='bbox 2384 3499 2556 3568; x_wconf 89' lang='lat' dir='ltr'><strong>inquit</strong></span> <span class='ocrx_word' id='word_1_758' title='bbox 2585 3518 2597 3553; x_wconf 92' lang='lat'><strong>:</strong></span> <span class='ocrx_word' id='word_1_759' title='bbox 2629 3501 2680 3555; x_wconf 91' lang='lat' dir='ltr'><strong>id</strong></span> <span class='ocrx_word' id='word_1_760' title='bbox 2709 3504 2854 3557; x_wconf 89' lang='lat' dir='ltr'><strong>enim</strong></span> <span class='ocrx_word' id='word_1_761' title='bbox 2885 3504 2986 3558; x_wconf 86' lang='lat' dir='ltr'><strong>sibi</strong></span> <span class='ocrx_word' id='word_1_762' title='bbox 3033 3507 3143 3560; x_wconf 85' lang='lat' dir='ltr'><strong>vult</strong></span> <span class='ocrx_word' id='word_1_763' title='bbox 3184 3508 3335 3572; x_wconf 88' lang='lat' dir='ltr'><strong>illud,</strong></span> <span class='ocrx_word' id='word_1_764' title='bbox 3371 3510 3478 3566; x_wconf 82' lang='lat' dir='ltr'><strong>Po-</strong></span> 
     </span>
    </p>
   </div>
   <div class='ocr_carea' id='block_1_96' title="bbox 1884 3584 3484 3670">
    <p class='ocr_par' dir='ltr' id='par_1_96' title="bbox 1884 3584 3484 3670">
     <span class='ocr_line' id='line_1_96' title="bbox 1884 3584 3484 3670; baseline 0.013 -34"><span class='ocrx_word' id='word_1_765' title='bbox 1884 3586 2005 3637; x_wconf 83' lang='lat' dir='ltr'><strong>suit.</strong></span> <span class='ocrx_word' id='word_1_766' title='bbox 2063 3584 2174 3640; x_wconf 89' lang='lat' dir='ltr'><strong>Una</strong></span> <span class='ocrx_word' id='word_1_767' title='bbox 2217 3586 2332 3642; x_wconf 80' lang='lat' dir='ltr'><strong>hac</strong></span> <span class='ocrx_word' id='word_1_768' title='bbox 2376 3600 2458 3643; x_wconf 87' lang='lat' dir='ltr'><strong>est</strong></span> <span class='ocrx_word' id='word_1_769' title='bbox 2514 3593 2848 3647; x_wconf 87' lang='lat' dir='ltr'><strong>necessitas:</strong></span> <span class='ocrx_word' id='word_1_770' title='bbox 2885 3594 3098 3660; x_wconf 88' lang='lat' dir='ltr'><strong>deinde,</strong></span> <span class='ocrx_word' id='word_1_771' title='bbox 3152 3598 3218 3652; x_wconf 90' lang='lat' dir='ltr'><strong>Ut</strong></span> <span class='ocrx_word' id='word_1_772' title='bbox 3258 3603 3484 3670; x_wconf 88' lang='lat' dir='ltr'><strong>pascatis</strong></span> 
     </span>
    </p>
   </div>
   <div class='ocr_carea' id='block_1_97' title="bbox 1885 3676 3477 3759">
    <p class='ocr_par' dir='ltr' id='par_1_97' title="bbox 1885 3676 3477 3759">
     <span class='ocr_line' id='line_1_97' title="bbox 1885 3676 3477 3759; baseline 0.011 -29"><span class='ocrx_word' id='word_1_773' title='bbox 1885 3676 2170 3734; x_wconf 78' lang='lat' dir='ltr'><strong>Ecclesiam</strong></span> <span class='ocrx_word' id='word_1_774' title='bbox 2219 3680 2330 3735; x_wconf 87' lang='lat' dir='ltr'><strong>Dei.</strong></span> <span class='ocrx_word' id='word_1_775' title='bbox 2371 3683 2512 3739; x_wconf 88' lang='lat' dir='ltr'><strong>Ecce</strong></span> <span class='ocrx_word' id='word_1_776' title='bbox 2560 3693 2614 3739; x_wconf 87' lang='lat' dir='ltr'><strong>et</strong></span> <span class='ocrx_word' id='word_1_777' title='bbox 2662 3687 2896 3742; x_wconf 88' lang='lat' dir='ltr'><strong>secunda</strong></span> <span class='ocrx_word' id='word_1_778' title='bbox 2929 3699 3022 3743; x_wconf 87' lang='lat' dir='ltr'><strong>:et</strong></span> <span class='ocrx_word' id='word_1_779' title='bbox 3074 3693 3257 3756; x_wconf 83' lang='lat' dir='ltr'><strong>tertia,</strong></span> <span class='ocrx_word' id='word_1_780' title='bbox 3312 3695 3477 3759; x_wconf 83' lang='lat' dir='ltr'><strong>Quam</strong></span> 
     </span>
    </p>
   </div>
   <div class='ocr_carea' id='block_1_98' title="bbox 1884 3772 3478 3847">
    <p class='ocr_par' dir='ltr' id='par_1_98' title="bbox 1884 3772 3478 3847">
     <span class='ocr_line' id='line_1_98' title="bbox 1884 3772 3478 3847; baseline 0.011 -24"><span class='ocrx_word' id='word_1_781' title='bbox 1884 3772 2148 3840; x_wconf 80' lang='lat' dir='ltr'><strong>acquisivit</strong></span> <span class='ocrx_word' id='word_1_782' title='bbox 2169 3775 2418 3844; x_wconf 87' lang='lat' dir='ltr'><strong>sanguine</strong></span> <span class='ocrx_word' id='word_1_783' title='bbox 2442 3793 2558 3841; x_wconf 88' lang='lat' dir='ltr'><strong>suo,</strong></span> <span class='ocrx_word' id='word_1_784' title='bbox 2587 3778 2779 3847; x_wconf 91' lang='lat' dir='ltr'><strong>inquit.</strong></span> <span class='ocrx_word' id='word_1_785' title='bbox 2812 3778 3035 3835; x_wconf 86' lang='lat' dir='ltr'><strong>Multum</strong></span> <span class='ocrx_word' id='word_1_786' title='bbox 3058 3784 3314 3846; x_wconf 81' lang='lat' dir='ltr'><strong>Ostendit,</strong></span> <span class='ocrx_word' id='word_1_787' title='bbox 3347 3787 3478 3841; x_wconf 87' lang='lat' dir='ltr'><strong>dum</strong></span> 
     </span>
    </p>
   </div>
   <div class='ocr_carea' id='block_1_99' title="bbox 1885 3864 3471 3948">
    <p class='ocr_par' dir='ltr' id='par_1_99' title="bbox 1885 3864 3471 3948">
     <span class='ocr_line' id='line_1_99' title="bbox 1885 3864 3471 3948; baseline 0.01 -31"><span class='ocrx_word' id='word_1_788' title='bbox 1885 3864 2015 3919; x_wconf 84' lang='lat' dir='ltr'><strong>dicit</strong></span> <span class='ocrx_word' id='word_1_789' title='bbox 2047 3868 2334 3933; x_wconf 89' lang='lat' dir='ltr'><strong>pretiosam</strong></span> <span class='ocrx_word' id='word_1_790' title='bbox 2367 3882 2519 3932; x_wconf 87' lang='lat' dir='ltr'><strong>rem;</strong></span> <span class='ocrx_word' id='word_1_791' title='bbox 2554 3885 2652 3924; x_wconf 89' lang='lat' dir='ltr'><strong>nec</strong></span> <span class='ocrx_word' id='word_1_792' title='bbox 2682 3872 2748 3926; x_wconf 90' lang='lat' dir='ltr'><strong>de</strong></span> <span class='ocrx_word' id='word_1_793' title='bbox 2776 3874 2953 3942; x_wconf 88' lang='lat' dir='ltr'><strong>parvis</strong></span> <span class='ocrx_word' id='word_1_794' title='bbox 2983 3875 3143 3930; x_wconf 90' lang='lat' dir='ltr'><strong>rebus</strong></span> <span class='ocrx_word' id='word_1_795' title='bbox 3172 3891 3295 3932; x_wconf 90' lang='lat' dir='ltr'><strong>esse</strong></span> <span class='ocrx_word' id='word_1_796' title='bbox 3327 3881 3471 3948; x_wconf 81' lang='lat' dir='ltr'><strong>peri-</strong></span> 
     </span>
    </p>
   </div>
   <div class='ocr_carea' id='block_1_100' title="bbox 1884 3955 3478 4039">
    <p class='ocr_par' dir='ltr' id='par_1_100' title="bbox 1884 3955 3478 4039">
     <span class='ocr_line' id='line_1_100' title="bbox 1884 3955 3478 4039; baseline 0.01 -30"><span class='ocrx_word' id='word_1_797' title='bbox 1884 3955 2088 4019; x_wconf 91' lang='lat' dir='ltr'><strong>cnlntn,</strong></span> <span class='ocrx_word' id='word_1_798' title='bbox 2122 3957 2388 4027; x_wconf 87' lang='lat' dir='ltr'><strong>siquidem</strong></span> <span class='ocrx_word' id='word_1_799' title='bbox 2437 3959 2691 4016; x_wconf 84' lang='lat' dir='ltr'><strong>Dominus</strong></span> <span class='ocrx_word' id='word_1_800' title='bbox 2735 3978 2831 4032; x_wconf 90' lang='lat' dir='ltr'><strong>pro</strong></span> <span class='ocrx_word' id='word_1_801' title='bbox 2862 3965 3101 4020; x_wconf 78' lang='lat' dir='ltr'><strong>Ecclesia</strong></span> <span class='ocrx_word' id='word_1_802' title='bbox 3134 3984 3308 4039; x_wconf 88' lang='lat' dir='ltr'><strong>neque</strong></span> <span class='ocrx_word' id='word_1_803' title='bbox 3353 3985 3478 4025; x_wconf 89' lang='lat' dir='ltr'><strong>san-</strong></span> 
     </span>
    </p>
   </div>
   <div class='ocr_carea' id='block_1_101' title="bbox 1884 4050 3481 4120">
    <p class='ocr_par' dir='ltr' id='par_1_101' title="bbox 1884 4050 3481 4120">
     <span class='ocr_line' id='line_1_101' title="bbox 1884 4050 3481 4120; baseline 0.013 -20"><span class='ocrx_word' id='word_1_804' title='bbox 1884 4050 2029 4118; x_wconf 85' lang='lat' dir='ltr'><strong>gnini</strong></span> <span class='ocrx_word' id='word_1_805' title='bbox 2064 4065 2163 4103; x_wconf 86' lang='lat' dir='ltr'><strong>suo</strong></span> <span class='ocrx_word' id='word_1_806' title='bbox 2190 4052 2452 4120; x_wconf 87' lang='lat' dir='ltr'><strong>pepercit,</strong></span> <span class='ocrx_word' id='word_1_807' title='bbox 2485 4068 2583 4108; x_wconf 89' lang='lat' dir='ltr'><strong>nos</strong></span> <span class='ocrx_word' id='word_1_808' title='bbox 2622 4065 2800 4111; x_wconf 88' lang='lat' dir='ltr'><strong>autem</strong></span> <span class='ocrx_word' id='word_1_809' title='bbox 2828 4056 3052 4115; x_wconf 88' lang='lat' dir='ltr'><strong>fratrum</strong></span> <span class='ocrx_word' id='word_1_810' title='bbox 3091 4064 3317 4117; x_wconf 89' lang='lat' dir='ltr'><strong>salutem</strong></span> <span class='ocrx_word' id='word_1_811' title='bbox 3350 4081 3481 4119; x_wconf 84' lang='lat' dir='ltr'><strong>eon-</strong></span> 
     </span>
    </p>
   </div>
   <div class='ocr_carea' id='block_1_102' title="bbox 1884 4141 3471 4224">
    <p class='ocr_par' dir='ltr' id='par_1_102' title="bbox 1884 4141 3471 4224">
     <span class='ocr_line' id='line_1_102' title="bbox 1884 4141 3471 4224; baseline 0.011 -29"><span class='ocrx_word' id='word_1_812' title='bbox 1884 4141 2197 4196; x_wconf 80' lang='lat' dir='ltr'><strong>tetnnitnns.</strong></span> <span class='ocrx_word' id='word_1_813' title='bbox 2222 4142 2290 4196; x_wconf 86' lang='lat' dir='ltr'><strong>Et</strong></span> <span class='ocrx_word' id='word_1_814' title='bbox 2318 4143 2409 4197; x_wconf 90' lang='lat' dir='ltr'><strong>ille</strong></span> <span class='ocrx_word' id='word_1_815' title='bbox 2433 4145 2670 4215; x_wconf 88' lang='lat' dir='ltr'><strong>quidetn,</strong></span> <span class='ocrx_word' id='word_1_816' title='bbox 2701 4158 2757 4202; x_wconf 93' lang='lat' dir='ltr'><strong>ut</strong></span> <span class='ocrx_word' id='word_1_817' title='bbox 2785 4150 3032 4208; x_wconf 90' lang='lat' dir='ltr'><strong>inimicos</strong></span> <span class='ocrx_word' id='word_1_818' title='bbox 3063 4157 3471 4224; x_wconf 82' lang='lat' dir='ltr'><strong>recoiiciliaret,</strong></span> 
     </span>
    </p>
   </div>
   <div class='ocr_carea' id='block_1_103' title="bbox 1883 4236 3477 4314">
    <p class='ocr_par' dir='ltr' id='par_1_103' title="bbox 1883 4236 3477 4314">
     <span class='ocr_line' id='line_1_103' title="bbox 1883 4236 3477 4314; baseline 0.011 -24"><span class='ocrx_word' id='word_1_819' title='bbox 1883 4236 2198 4307; x_wconf 85' lang='lat' dir='ltr'><strong>sanguinem</strong></span> <span class='ocrx_word' id='word_1_820' title='bbox 2245 4236 2466 4304; x_wconf 81' lang='lat' dir='ltr'><strong>effudit;</strong></span> <span class='ocrx_word' id='word_1_821' title='bbox 2513 4248 2567 4294; x_wconf 93' lang='lat' dir='ltr'><strong>tu</strong></span> <span class='ocrx_word' id='word_1_822' title='bbox 2623 4256 2751 4296; x_wconf 91' lang='lat' dir='ltr'><strong>vero</strong></span> <span class='ocrx_word' id='word_1_823' title='bbox 2790 4259 2965 4314; x_wconf 87' lang='lat' dir='ltr'><strong>neque</strong></span> <span class='ocrx_word' id='word_1_824' title='bbox 3010 4248 3214 4302; x_wconf 87' lang='lat' dir='ltr'><strong>amicos</strong></span> <span class='ocrx_word' id='word_1_825' title='bbox 3243 4252 3477 4308; x_wconf 88' lang='lat' dir='ltr'><strong>retinere</strong></span> 
     </span>
    </p>
   </div>
   <div class='ocr_carea' id='block_1_104' title="bbox 1883 4329 3481 4413">
    <p class='ocr_par' dir='ltr' id='par_1_104' title="bbox 1883 4329 3481 4413">
     <span class='ocr_line' id='line_1_104' title="bbox 1883 4329 3481 4413; baseline 0.011 -31"><span class='ocrx_word' id='word_1_826' title='bbox 1883 4341 2058 4398; x_wconf 83' lang='lat' dir='ltr'><strong>potes.</strong></span> <span class='ocrx_word' id='word_1_827' title='bbox 2085 4329 2177 4386; x_wconf 70' lang='grc'><strong>29.</strong></span> <span class='ocrx_word' id='word_1_828' title='bbox 2209 4330 2319 4401; x_wconf 83' lang='lat' dir='ltr'><strong>Ego</strong></span> <span class='ocrx_word' id='word_1_829' title='bbox 2363 4333 2495 4386; x_wconf 86' lang='lat' dir='ltr'><strong>enim</strong></span> <span class='ocrx_word' id='word_1_830' title='bbox 2525 4335 2629 4388; x_wconf 87' lang='lat' dir='ltr'><strong>scio</strong></span> <span class='ocrx_word' id='word_1_831' title='bbox 2658 4335 2786 4402; x_wconf 87' lang='lat' dir='ltr'><strong>ltoc,</strong></span> <span class='ocrx_word' id='word_1_832' title='bbox 2817 4339 2951 4406; x_wconf 89' lang='lat' dir='ltr'><strong>quod</strong></span> <span class='ocrx_word' id='word_1_833' title='bbox 2985 4340 3331 4411; x_wconf 86' lang='lat' dir='ltr'><strong>ingredientur</strong></span> <span class='ocrx_word' id='word_1_834' title='bbox 3350 4340 3481 4413; x_wconf 80' lang='lat' dir='ltr'><strong>post</strong></span> 
     </span>
    </p>
   </div>
   <div class='ocr_carea' id='block_1_105' title="bbox 1884 4423 3480 4503">
    <p class='ocr_par' dir='ltr' id='par_1_105' title="bbox 1884 4423 3480 4503">
     <span class='ocr_line' id='line_1_105' title="bbox 1884 4423 3480 4503; baseline 0.01 -29"><span class='ocrx_word' id='word_1_835' title='bbox 1884 4423 2240 4476; x_wconf 85' lang='lat' dir='ltr'><strong>discessionem</strong></span> <span class='ocrx_word' id='word_1_836' title='bbox 2272 4439 2434 4476; x_wconf 84' lang='lat' dir='ltr'><strong>nteant</strong></span> <span class='ocrx_word' id='word_1_837' title='bbox 2474 4425 2584 4494; x_wconf 87' lang='lat' dir='ltr'><strong>lupi</strong></span> <span class='ocrx_word' id='word_1_838' title='bbox 2621 4443 2798 4496; x_wconf 87' lang='lat' dir='ltr'><strong>graves</strong></span> <span class='ocrx_word' id='word_1_839' title='bbox 2844 4429 2894 4481; x_wconf 86' lang='lat' dir='ltr'><strong>in</strong></span> <span class='ocrx_word' id='word_1_840' title='bbox 2925 4445 3031 4494; x_wconf 87' lang='lat' dir='ltr'><strong>vos,</strong></span> <span class='ocrx_word' id='word_1_841' title='bbox 3081 4448 3182 4486; x_wconf 87' lang='lat' dir='ltr'><strong>non</strong></span> <span class='ocrx_word' id='word_1_842' title='bbox 3219 4447 3480 4503; x_wconf 83' lang='lat' dir='ltr'><strong>parcentes</strong></span> 
     </span>
    </p>
   </div>
   <div class='ocr_carea' id='block_1_106' title="bbox 1883 4514 3478 4589">
    <p class='ocr_par' dir='ltr' id='par_1_106' title="bbox 1883 4514 3478 4589">
     <span class='ocr_line' id='line_1_106' title="bbox 1883 4514 3478 4589; baseline 0.011 -23"><span class='ocrx_word' id='word_1_843' title='bbox 1883 4516 2042 4585; x_wconf 73' lang='lat' dir='ltr'><strong>gregi.</strong></span> <span class='ocrx_word' id='word_1_844' title='bbox 2089 4514 2293 4570; x_wconf 85' lang='lat' dir='ltr'><strong>Rursus</strong></span> <span class='ocrx_word' id='word_1_845' title='bbox 2325 4515 2432 4567; x_wconf 91' lang='lat' dir='ltr'><strong>alio</strong></span> <span class='ocrx_word' id='word_1_846' title='bbox 2484 4519 2643 4569; x_wconf 89' lang='lat' dir='ltr'><strong>modo</strong></span> <span class='ocrx_word' id='word_1_847' title='bbox 2697 4519 2818 4574; x_wconf 87' lang='lat' dir='ltr'><strong>illos</strong></span> <span class='ocrx_word' id='word_1_848' title='bbox 2862 4533 3074 4589; x_wconf 85' lang='lat' dir='ltr'><strong>versat,</strong></span> <span class='ocrx_word' id='word_1_849' title='bbox 3105 4539 3132 4575; x_wconf 93' lang='lat' dir='ltr'><strong>a</strong></span> <span class='ocrx_word' id='word_1_850' title='bbox 3168 4524 3388 4581; x_wconf 88' lang='lat' dir='ltr'><strong>futuris:</strong></span> <span class='ocrx_word' id='word_1_851' title='bbox 3422 4540 3478 4583; x_wconf 90' lang='lat' dir='ltr'><strong>nt</strong></span> 
     </span>
    </p>
   </div>
   <div class='ocr_carea' id='block_1_107' title="bbox 1884 4605 3480 4676">
    <p class='ocr_par' dir='ltr' id='par_1_107' title="bbox 1884 4605 3480 4676">
     <span class='ocr_line' id='line_1_107' title="bbox 1884 4605 3480 4676; baseline 0.007 -16"><span class='ocrx_word' id='word_1_852' title='bbox 1884 4605 2099 4676; x_wconf 88' lang='lat' dir='ltr'><strong>quando</strong></span> <span class='ocrx_word' id='word_1_853' title='bbox 2128 4607 2251 4660; x_wconf 89' lang='lat' dir='ltr'><strong>alibi</strong></span> <span class='ocrx_word' id='word_1_854' title='bbox 2289 4606 2422 4661; x_wconf 71' lang='lat' dir='ltr'><strong>dicit</strong></span> <span class='ocrx_word' id='word_1_855' title='bbox 2452 4625 2463 4660; x_wconf 92' lang='lat'><strong>:</strong></span> <span class='ocrx_word' id='word_1_856' title='bbox 2499 4606 2620 4659; x_wconf 81' lang='lat' dir='ltr'><strong>Non</strong></span> <span class='ocrx_word' id='word_1_857' title='bbox 2649 4619 2720 4661; x_wconf 89' lang='lat' dir='ltr'><strong>est</strong></span> <span class='ocrx_word' id='word_1_858' title='bbox 2748 4610 2889 4664; x_wconf 87' lang='lat' dir='ltr'><strong>nobis</strong></span> <span class='ocrx_word' id='word_1_859' title='bbox 2927 4611 3062 4666; x_wconf 90' lang='lat' dir='ltr'><strong>lucta</strong></span> <span class='ocrx_word' id='word_1_860' title='bbox 3087 4615 3327 4670; x_wconf 83' lang='lat' dir='ltr'><strong>adversus</strong></span> <span class='ocrx_word' id='word_1_861' title='bbox 3357 4636 3480 4672; x_wconf 85' lang='lat' dir='ltr'><strong>san-</strong></span> 
     </span>
    </p>
   </div>
   <div class='ocr_carea' id='block_1_108' title="bbox 1885 4699 3475 4777">
    <p class='ocr_par' dir='ltr' id='par_1_108' title="bbox 1885 4699 3475 4777">
     <span class='ocr_line' id='line_1_108' title="bbox 1885 4699 3475 4777; baseline 0.008 -27"><span class='ocrx_word' id='word_1_862' title='bbox 1885 4701 2086 4768; x_wconf 87' lang='lat' dir='ltr'><strong>guinem</strong></span> <span class='ocrx_word' id='word_1_863' title='bbox 2116 4708 2164 4752; x_wconf 87' lang='lat' dir='ltr'><strong>et</strong></span> <span class='ocrx_word' id='word_1_864' title='bbox 2191 4715 2392 4752; x_wconf 86' lang='lat' dir='ltr'><strong>carnem</strong></span> <span class='ocrx_word' id='word_1_865' title='bbox 2419 4701 2437 4769; x_wconf 89' lang='lat'>(</span> <span class='ocrx_word' id='word_1_866' title='bbox 2474 4699 2662 4770; x_wconf 70' lang='lat' dir='ltr'><strong>lz&#39;plti&#39;s.</strong></span> <span class='ocrx_word' id='word_1_867' title='bbox 2692 4701 2743 4755; x_wconf 87' lang='grc'><strong>6.</strong></span> <span class='ocrx_word' id='word_1_868' title='bbox 2780 4701 2846 4756; x_wconf 73' lang='grc'><strong>12</strong></span> <span class='ocrx_word' id='word_1_869' title='bbox 2947 4703 3081 4768; x_wconf 86' lang='lat' dir='ltr'><strong>Quia</strong></span> <span class='ocrx_word' id='word_1_870' title='bbox 3108 4707 3475 4777; x_wconf 83' lang='lat' dir='ltr'><strong>ingredicntur,</strong></span> 
     </span>
    </p>
   </div>
   <div class='ocr_carea' id='block_1_109' title="bbox 1887 4793 3473 4867">
    <p class='ocr_par' dir='ltr' id='par_1_109' title="bbox 1887 4793 3473 4867">
     <span class='ocr_line' id='line_1_109' title="bbox 1887 4793 3473 4867; baseline 0.008 -21"><span class='ocrx_word' id='word_1_871' title='bbox 1887 4793 2078 4861; x_wconf 86' lang='lat' dir='ltr'><strong>inquit,</strong></span> <span class='ocrx_word' id='word_1_872' title='bbox 2104 4803 2215 4863; x_wconf 88' lang='lat' dir='ltr'><strong>post</strong></span> <span class='ocrx_word' id='word_1_873' title='bbox 2233 4793 2588 4846; x_wconf 84' lang='lat' dir='ltr'><strong>discessionem</strong></span> <span class='ocrx_word' id='word_1_874' title='bbox 2615 4812 2778 4849; x_wconf 86' lang='lat' dir='ltr'><strong>nteant</strong></span> <span class='ocrx_word' id='word_1_875' title='bbox 2811 4795 2918 4867; x_wconf 89' lang='lat' dir='ltr'><strong>lupi</strong></span> <span class='ocrx_word' id='word_1_876' title='bbox 2943 4815 3117 4867; x_wconf 85' lang='lat' dir='ltr'><strong>graves</strong></span> <span class='ocrx_word' id='word_1_877' title='bbox 3137 4801 3189 4852; x_wconf 87' lang='lat' dir='ltr'><strong>in</strong></span> <span class='ocrx_word' id='word_1_878' title='bbox 3228 4819 3331 4855; x_wconf 84' lang='lat' dir='ltr'><strong>vos.</strong></span> <span class='ocrx_word' id='word_1_879' title='bbox 3366 4803 3473 4857; x_wconf 85' lang='lat' dir='ltr'><strong>Du-</strong></span> 
     </span>
    </p>
   </div>
   <div class='ocr_carea' id='block_1_110' title="bbox 1885 4885 3477 4961">
    <p class='ocr_par' dir='ltr' id='par_1_110' title="bbox 1885 4885 3477 4961">
     <span class='ocr_line' id='line_1_110' title="bbox 1885 4885 3477 4961; baseline 0.009 -25"><span class='ocrx_word' id='word_1_880' title='bbox 1885 4885 2004 4955; x_wconf 79' lang='lat' dir='ltr'><strong>plex</strong></span> <span class='ocrx_word' id='word_1_881' title='bbox 2035 4885 2232 4938; x_wconf 88' lang='lat' dir='ltr'><strong>malum</strong></span> <span class='ocrx_word' id='word_1_882' title='bbox 2266 4901 2278 4937; x_wconf 93' lang='lat'><strong>:</strong></span> <span class='ocrx_word' id='word_1_883' title='bbox 2309 4885 2450 4953; x_wconf 88' lang='lat' dir='ltr'><strong>quod</strong></span> <span class='ocrx_word' id='word_1_884' title='bbox 2483 4887 2597 4955; x_wconf 81' lang='lat' dir='ltr'><strong>ipse</strong></span> <span class='ocrx_word' id='word_1_885' title='bbox 2637 4902 2742 4939; x_wconf 92' lang='lat' dir='ltr'><strong>non</strong></span> <span class='ocrx_word' id='word_1_886' title='bbox 2771 4888 2930 4953; x_wconf 87' lang='lat' dir='ltr'><strong>adsit,</strong></span> <span class='ocrx_word' id='word_1_887' title='bbox 2961 4900 3015 4943; x_wconf 74' lang='lat' dir='ltr'><strong>et</strong></span> <span class='ocrx_word' id='word_1_888' title='bbox 3061 4892 3201 4961; x_wconf 89' lang='lat' dir='ltr'><strong>quod</strong></span> <span class='ocrx_word' id='word_1_889' title='bbox 3244 4894 3477 4950; x_wconf 85' lang='lat' dir='ltr'><strong>l&#39;ntnrnnt</strong></span> 
     </span>
    </p>
   </div>
   <div class='ocr_carea' id='block_1_111' title="bbox 1885 4976 3479 5052">
    <p class='ocr_par' dir='ltr' id='par_1_111' title="bbox 1885 4976 3479 5052">
     <span class='ocr_line' id='line_1_111' title="bbox 1885 4976 3479 5052; baseline 0.008 -22"><span class='ocrx_word' id='word_1_890' title='bbox 1885 4977 1957 5030; x_wconf 90' lang='lat' dir='ltr'><strong>sit</strong></span> <span class='ocrx_word' id='word_1_891' title='bbox 1980 4988 2033 5028; x_wconf 91' lang='lat' dir='ltr'><strong>nt</strong></span> <span class='ocrx_word' id='word_1_892' title='bbox 2059 4977 2146 5030; x_wconf 90' lang='lat' dir='ltr'><strong>alii</strong></span> <span class='ocrx_word' id='word_1_893' title='bbox 2182 4976 2402 5030; x_wconf 90' lang='lat' dir='ltr'><strong>instent.</strong></span> <span class='ocrx_word' id='word_1_894' title='bbox 2435 4977 2545 5030; x_wconf 92' lang='lat' dir='ltr'><strong>Cnr</strong></span> <span class='ocrx_word' id='word_1_895' title='bbox 2570 4992 2699 5048; x_wconf 88' lang='lat' dir='ltr'><strong>ergo</strong></span> <span class='ocrx_word' id='word_1_896' title='bbox 2733 4979 2869 5045; x_wconf 76' lang='lat' dir='ltr'><strong>aliis,</strong></span> <span class='ocrx_word' id='word_1_897' title='bbox 2920 4981 2963 5034; x_wconf 89' lang='lat' dir='ltr'><strong>si</strong></span> <span class='ocrx_word' id='word_1_898' title='bbox 3013 4983 3114 5036; x_wconf 87' lang='lat' dir='ltr'><strong>hoc</strong></span> <span class='ocrx_word' id='word_1_899' title='bbox 3146 4985 3479 5052; x_wconf 66' lang='lat' dir='ltr'><strong>przevidisti!</strong></span> 
     </span>
    </p>
   </div>
   <div class='ocr_carea' id='block_1_112' title="bbox 1887 5069 2656 5140">
    <p class='ocr_par' dir='ltr' id='par_1_112' title="bbox 1887 5069 2656 5140">
     <span class='ocr_line' id='line_1_112' title="bbox 1887 5069 2656 5140; baseline 0.003 -19"><span class='ocrx_word' id='word_1_900' title='bbox 1887 5069 2119 5136; x_wconf 77' lang='lat' dir='ltr'><strong>Spiritus</strong></span> <span class='ocrx_word' id='word_1_901' title='bbox 2141 5084 2226 5121; x_wconf 88' lang='lat' dir='ltr'><strong>me</strong></span> <span class='ocrx_word' id='word_1_902' title='bbox 2259 5069 2442 5135; x_wconf 86' lang='lat' dir='ltr'><strong>trahit,</strong></span> <span class='ocrx_word' id='word_1_903' title='bbox 2467 5070 2656 5140; x_wconf 82' lang='lat' dir='ltr'><strong>inquit.</strong></span> 
     </span>
    </p>
   </div>
   <div class='ocr_carea' id='block_1_113' title="bbox 1959 5161 3484 5238">
    <p class='ocr_par' dir='ltr' id='par_1_113' title="bbox 1959 5161 3484 5238">
     <span class='ocr_line' id='line_1_113' title="bbox 1959 5161 3484 5238; baseline 0.007 -22"><span class='ocrx_word' id='word_1_904' title='bbox 1959 5163 2008 5216; x_wconf 84' lang='grc'><strong>5.</strong></span> <span class='ocrx_word' id='word_1_905' title='bbox 2060 5161 2124 5214; x_wconf 83' lang='lat' dir='ltr'><strong>Et</strong></span> <span class='ocrx_word' id='word_1_906' title='bbox 2161 5162 2301 5225; x_wconf 87' lang='lat' dir='ltr'><strong>vide,</strong></span> <span class='ocrx_word' id='word_1_907' title='bbox 2340 5178 2442 5215; x_wconf 89' lang='lat' dir='ltr'><strong>non</strong></span> <span class='ocrx_word' id='word_1_908' title='bbox 2490 5164 2807 5232; x_wconf 85' lang='lat' dir='ltr'><strong>simpliciter</strong></span> <span class='ocrx_word' id='word_1_909' title='bbox 2837 5165 2991 5231; x_wconf 78' lang='lat' dir='ltr'><strong>dixit,</strong></span> <span class='ocrx_word' id='word_1_910' title='bbox 3018 5167 3175 5238; x_wconf 88' lang='lat' dir='ltr'><strong>Lupi,</strong></span> <span class='ocrx_word' id='word_1_911' title='bbox 3207 5171 3300 5225; x_wconf 88' lang='lat' dir='ltr'><strong>sed</strong></span> <span class='ocrx_word' id='word_1_912' title='bbox 3333 5173 3484 5228; x_wconf 77' lang='lat' dir='ltr'><strong>addi-</strong></span> 
     </span>
    </p>
   </div>
   <div class='ocr_carea' id='block_1_114' title="bbox 1887 5253 3488 5328">
    <p class='ocr_par' dir='ltr' id='par_1_114' title="bbox 1887 5253 3488 5328">
     <span class='ocr_line' id='line_1_114' title="bbox 1887 5253 3488 5328; baseline 0.008 -22"><span class='ocrx_word' id='word_1_913' title='bbox 1887 5254 1982 5315; x_wconf 88' lang='lat' dir='ltr'><strong>dit,</strong></span> <span class='ocrx_word' id='word_1_914' title='bbox 2013 5253 2220 5318; x_wconf 78' lang='lat' dir='ltr'><strong>Graves,</strong></span> <span class='ocrx_word' id='word_1_915' title='bbox 2257 5255 2466 5309; x_wconf 88' lang='lat' dir='ltr'><strong>illorum</strong></span> <span class='ocrx_word' id='word_1_916' title='bbox 2490 5255 2883 5310; x_wconf 85' lang='lat' dir='ltr'><strong>vehementiam</strong></span> <span class='ocrx_word' id='word_1_917' title='bbox 2911 5268 2965 5312; x_wconf 89' lang='lat' dir='ltr'><strong>et</strong></span> <span class='ocrx_word' id='word_1_918' title='bbox 2988 5261 3336 5328; x_wconf 90' lang='lat' dir='ltr'><strong>petulantiam</strong></span> <span class='ocrx_word' id='word_1_919' title='bbox 3360 5265 3488 5319; x_wconf 81' lang='lat' dir='ltr'><strong>sub-</strong></span> 
     </span>
    </p>
   </div>
   <div class='ocr_carea' id='block_1_115' title="bbox 1889 5347 3487 5424">
    <p class='ocr_par' dir='ltr' id='par_1_115' title="bbox 1889 5347 3487 5424">
     <span class='ocr_line' id='line_1_115' title="bbox 1889 5347 3487 5424; baseline 0.006 -23"><span class='ocrx_word' id='word_1_920' title='bbox 1889 5348 2160 5412; x_wconf 88' lang='lat' dir='ltr'><strong>indicans;</strong></span> <span class='ocrx_word' id='word_1_921' title='bbox 2192 5347 2439 5417; x_wconf 87' lang='lat' dir='ltr'><strong>quodque</strong></span> <span class='ocrx_word' id='word_1_922' title='bbox 2475 5349 2691 5419; x_wconf 80' lang='lat' dir='ltr'><strong>gravius</strong></span> <span class='ocrx_word' id='word_1_923' title='bbox 2716 5359 2819 5412; x_wconf 87' lang='lat' dir='ltr'><strong>est,</strong></span> <span class='ocrx_word' id='word_1_924' title='bbox 2851 5350 2949 5404; x_wconf 89' lang='lat' dir='ltr'><strong>hos</strong></span> <span class='ocrx_word' id='word_1_925' title='bbox 2977 5367 3042 5406; x_wconf 78' lang='lat' dir='ltr'><strong>ex</strong></span> <span class='ocrx_word' id='word_1_926' title='bbox 3073 5353 3176 5407; x_wconf 86' lang='lat' dir='ltr'><strong>illis</strong></span> <span class='ocrx_word' id='word_1_927' title='bbox 3205 5354 3332 5424; x_wconf 72' lang='lat' dir='ltr'><strong>ipsis</strong></span> <span class='ocrx_word' id='word_1_928' title='bbox 3365 5371 3487 5411; x_wconf 89' lang='lat' dir='ltr'><strong>sur-</strong></span> 
     </span>
    </p>
   </div>
   <div class='ocr_carea' id='block_1_116' title="bbox 1890 5441 3489 5513">
    <p class='ocr_par' dir='ltr' id='par_1_116' title="bbox 1890 5441 3489 5513">
     <span class='ocr_line' id='line_1_116' title="bbox 1890 5441 3489 5513; baseline 0.007 -18"><span class='ocrx_word' id='word_1_929' title='bbox 1890 5450 2130 5496; x_wconf 86' lang='lat' dir='ltr'><strong>recturos</strong></span> <span class='ocrx_word' id='word_1_930' title='bbox 2159 5456 2278 5495; x_wconf 89' lang='lat' dir='ltr'><strong>esse</strong></span> <span class='ocrx_word' id='word_1_931' title='bbox 2298 5441 2425 5495; x_wconf 90' lang='lat' dir='ltr'><strong>dicit</strong></span> <span class='ocrx_word' id='word_1_932' title='bbox 2453 5459 2464 5494; x_wconf 93' lang='lat'>:</span> <span class='ocrx_word' id='word_1_933' title='bbox 2497 5441 2637 5510; x_wconf 88' lang='lat' dir='ltr'><strong>quod</strong></span> <span class='ocrx_word' id='word_1_934' title='bbox 2663 5454 2811 5496; x_wconf 91' lang='lat' dir='ltr'><strong>certe</strong></span> <span class='ocrx_word' id='word_1_935' title='bbox 2838 5447 3212 5511; x_wconf 81' lang='lat' dir='ltr'><strong>gravissimum</strong></span> <span class='ocrx_word' id='word_1_936' title='bbox 3244 5459 3346 5513; x_wconf 84' lang='lat' dir='ltr'><strong>est,</strong></span> <span class='ocrx_word' id='word_1_937' title='bbox 3367 5466 3489 5506; x_wconf 87' lang='lat' dir='ltr'><strong>cum</strong></span> 
     </span>
    </p>
   </div>
   <div class='ocr_carea' id='block_1_117' title="bbox 1889 5534 3488 5609">
    <p class='ocr_par' dir='ltr' id='par_1_117' title="bbox 1889 5534 3488 5609">
     <span class='ocr_line' id='line_1_117' title="bbox 1889 5534 3488 5609; baseline 0.005 -21"><span class='ocrx_word' id='word_1_938' title='bbox 1889 5534 2047 5588; x_wconf 86' lang='lat' dir='ltr'><strong>civile</strong></span> <span class='ocrx_word' id='word_1_939' title='bbox 2093 5535 2360 5588; x_wconf 67' lang='lat' dir='ltr'><strong>excitatur:</strong></span> <span class='ocrx_word' id='word_1_940' title='bbox 2411 5534 2633 5588; x_wconf 86' lang='lat' dir='ltr'><strong>bellum.</strong></span> <span class='ocrx_word' id='word_1_941' title='bbox 2685 5535 2750 5589; x_wconf 87' lang='lat' dir='ltr'><strong>Et</strong></span> <span class='ocrx_word' id='word_1_942' title='bbox 2793 5547 2939 5591; x_wconf 91' lang='lat' dir='ltr'><strong>recl-e</strong></span> <span class='ocrx_word' id='word_1_943' title='bbox 2992 5538 3148 5600; x_wconf 86' lang='lat' dir='ltr'><strong>dicit,</strong></span> <span class='ocrx_word' id='word_1_944' title='bbox 3201 5541 3488 5609; x_wconf 78' lang='lat' dir='ltr'><strong>Attcnitite,</strong></span> 
     </span>
    </p>
   </div>
   <div class='ocr_carea' id='block_1_118' title="bbox 1889 5628 3489 5702">
    <p class='ocr_par' dir='ltr' id='par_1_118' title="bbox 1889 5628 3489 5702">
     <span class='ocr_line' id='line_1_118' title="bbox 1889 5628 3489 5702; baseline 0.004 -20"><span class='ocrx_word' id='word_1_945' title='bbox 1889 5628 2179 5684; x_wconf 86' lang='lat' dir='ltr'><strong>ostendens</strong></span> <span class='ocrx_word' id='word_1_946' title='bbox 2202 5645 2312 5682; x_wconf 88' lang='lat' dir='ltr'><strong>rem</strong></span> <span class='ocrx_word' id='word_1_947' title='bbox 2342 5628 2572 5683; x_wconf 72' lang='lat' dir='ltr'><strong>maxime</strong></span> <span class='ocrx_word' id='word_1_948' title='bbox 2589 5631 2878 5682; x_wconf 89' lang='lat' dir='ltr'><strong>curandam</strong></span> <span class='ocrx_word' id='word_1_949' title='bbox 2908 5647 3030 5686; x_wconf 84' lang='lat' dir='ltr'><strong>esse</strong></span> <span class='ocrx_word' id='word_1_950' title='bbox 3052 5632 3316 5702; x_wconf 84' lang='lat' dir='ltr'><strong>(Ecclesia</strong></span> <span class='ocrx_word' id='word_1_951' title='bbox 3342 5654 3489 5688; x_wconf 87' lang='lat' dir='ltr'><strong>nam-</strong></span> 
     </span>
    </p>
   </div>
   <div class='ocr_carea' id='block_1_119' title="bbox 1889 5718 3486 5793">
    <p class='ocr_par' dir='ltr' id='par_1_119' title="bbox 1889 5718 3486 5793">
     <span class='ocr_line' id='line_1_119' title="bbox 1889 5718 3486 5793; baseline 0.007 -23"><span class='ocrx_word' id='word_1_952' title='bbox 1889 5736 1993 5793; x_wconf 84' lang='lat' dir='ltr'><strong>que</strong></span> <span class='ocrx_word' id='word_1_953' title='bbox 2024 5718 2155 5786; x_wconf 82' lang='lat' dir='ltr'><strong>est),</strong></span> <span class='ocrx_word' id='word_1_954' title='bbox 2184 5729 2236 5773; x_wconf 89' lang='lat' dir='ltr'><strong>et</strong></span> <span class='ocrx_word' id='word_1_955' title='bbox 2257 5734 2507 5790; x_wconf 85' lang='lat' dir='ltr'><strong>magnum</strong></span> <span class='ocrx_word' id='word_1_956' title='bbox 2538 5721 2834 5789; x_wconf 86' lang='lat' dir='ltr'><strong>periculum</strong></span> <span class='ocrx_word' id='word_1_957' title='bbox 2864 5723 3143 5790; x_wconf 86' lang='lat' dir='ltr'><strong>(sanguine</strong></span> <span class='ocrx_word' id='word_1_958' title='bbox 3168 5726 3312 5777; x_wconf 88' lang='lat' dir='ltr'><strong>enim</strong></span> <span class='ocrx_word' id='word_1_959' title='bbox 3343 5726 3486 5781; x_wconf 86' lang='lat' dir='ltr'><strong>illam</strong></span> 
     </span>
    </p>
   </div>
   <div class='ocr_carea' id='block_1_120' title="bbox 1891 5812 3487 5891">
    <p class='ocr_par' dir='ltr' id='par_1_120' title="bbox 1891 5812 3487 5891">
     <span class='ocr_line' id='line_1_120' title="bbox 1891 5812 3487 5891; baseline 0.006 -25"><span class='ocrx_word' id='word_1_960' title='bbox 1891 5812 2162 5884; x_wconf 87' lang='lat' dir='ltr'><strong>redemit),</strong></span> <span class='ocrx_word' id='word_1_961' title='bbox 2204 5828 2267 5869; x_wconf 86' lang='lat' dir='ltr'><strong>ac</strong></span> <span class='ocrx_word' id='word_1_962' title='bbox 2312 5814 2536 5867; x_wconf 90' lang='lat' dir='ltr'><strong>multum</strong></span> <span class='ocrx_word' id='word_1_963' title='bbox 2577 5814 2880 5884; x_wconf 76' lang='lat' dir='ltr'><strong>duplexque</strong></span> <span class='ocrx_word' id='word_1_964' title='bbox 2929 5817 3148 5871; x_wconf 85' lang='lat' dir='ltr'><strong>bellum.</strong></span> <span class='ocrx_word' id='word_1_965' title='bbox 3193 5818 3318 5874; x_wconf 76' lang='lat' dir='ltr'><strong>llaec</strong></span> <span class='ocrx_word' id='word_1_966' title='bbox 3358 5835 3487 5891; x_wconf 85' lang='lat' dir='ltr'><strong>ergo</strong></span> 
     </span>
    </p>
   </div>
   <div class='ocr_carea' id='block_1_121' title="bbox 1891 5904 3493 5982">
    <p class='ocr_par' dir='ltr' id='par_1_121' title="bbox 1891 5904 3493 5982">
     <span class='ocr_line' id='line_1_121' title="bbox 1891 5904 3493 5982; baseline 0.005 -23"><span class='ocrx_word' id='word_1_967' title='bbox 1891 5907 2232 5979; x_wconf 77' lang='lat' dir='ltr'><strong>signiﬁcavit,</strong></span> <span class='ocrx_word' id='word_1_968' title='bbox 2273 5904 2493 5964; x_wconf 76' lang='lat' dir='ltr'><strong>dicens:</strong></span> <span class='ocrx_word' id='word_1_969' title='bbox 2516 5905 2608 5964; x_wconf 77' lang='grc'><strong>50.</strong></span> <span class='ocrx_word' id='word_1_970' title='bbox 2643 5907 2705 5962; x_wconf 83' lang='lat' dir='ltr'><strong>Et</strong></span> <span class='ocrx_word' id='word_1_971' title='bbox 2731 5925 2792 5962; x_wconf 78' lang='lat' dir='ltr'><strong>ea:</strong></span> <span class='ocrx_word' id='word_1_972' title='bbox 2822 5907 2959 5962; x_wconf 82' lang='lat' dir='ltr'><strong>vobis</strong></span> <span class='ocrx_word' id='word_1_973' title='bbox 2993 5909 3118 5979; x_wconf 75' lang='lat' dir='ltr'><strong>ipsis</strong></span> <span class='ocrx_word' id='word_1_974' title='bbox 3159 5922 3366 5982; x_wconf 84' lang='lat' dir='ltr'><strong>surgent</strong></span> <span class='ocrx_word' id='word_1_975' title='bbox 3397 5910 3493 5968; x_wconf 85' lang='lat' dir='ltr'><strong>viri</strong></span> 
     </span>
    </p>
   </div>
  </div>
