4072 6416
587 467 686 523 διι

592 592 841 657 loquentes
887 591 1144 649 perversa.
1191 583 1245 626 ut
1292 568 1542 622 abducant
1591 556 1873 657 discipulos
1918 557 2028 620 post
2076 561 2150 657 se.

596 643 814 739 lleiinlc,
840 643 962 742 quia
990 665 1274 722 admodum
1308 663 1423 716 illos
1456 654 1664 717 terruit,
1693 643 2162 748 cuiiub‘upos

591 786 673 823 ves
702 735 939 829 dixit,-ct
980 776 1046 815 ex
1079 757 1205 827 ipsis
1233 760 1570 809 surrecturos
1605 756 1726 799 esse
1754 736 1842 834 qui
1873 735 2161 834 loqueren-

596 876 679 914 tur
711 826 958 929 perversa
983 871 996 907 :
1019 826 1167 921 quasi
1195 846 1418 916 quodam
1446 844 1736 921 uuarrente,
1758 826 2152 929 Quom-otio.ng-

595 918 725 1006 tur?
769 959 823 1003 ct
870 963 987 1017 qum
1031 918 1267 997 custodia
1320 934 1456 990 erit?
1500 928 1679 997 adjicit
1722 918 1735 979 ὲ
1778 921 1866 1022 ξὶ.
1924 918 2161 1022 Vigilqte,

595 1059 835 1097 memores
863 1013 993 1107 quod
1024 1054 1109 1105 per
1140 1029 1408 1087 triennium
1442 1040 1541 1078 non
1566 1016 1856 1074 cessaverim
1889 1013 2166 1107 nocteirtie-

594 1154 690 1205 quc
709 1150 822 1189 cum
840 1105 1100 1201 lucrymis'
1133 1138 1333 1179 monere
1356 1124 1753 1185 unumquemque
1775 1118 2010 1205 vestrum.
2036 1105 2167 1160 Vide

597 1200 754 1297 quam
800 1200 1006 1277 insolita
1042 1219 1220 1271 dicat:
1248 1230 1371 1269 cum
1410 1208 1685 1292 lacrymis,
1733 1212 1888 1302 nocte
1931 1200 2164 1302 dieque,

598 1295 1044 1387 unumquemque.
1074 1308 1189 1364 Non
1222 1308 1363 1362 enim
1390 1303 1434 1357 si
1472 1301 1667 1355 multos
1700 1295 1943 1391 vidisset,
1971 1295 2049 1345 eis

602 1411 879 1481 per-cisset,
920 1403 1016 1459 sed
1055 1401 1255 1455 sciebat
1290 1397 1450 1452 etiam
1487 1407 1583 1462 pro
1628 1403 1730 1443 una
1773 1387 2166 1487 animumquia

597 1471 716 1559 esse
760 1497 1020 1554 facienda.
1060 1494 1148 1549 Sic
1186 1504 1313 1560 ergo
1360 1488 1480 1542 illos
1518 1484 1677 1538 ctiam
1722 1474 2014 1576 conjunxit.
2052 1471 2168 1576 iloc

596 1609 724 1650 vero
750 1590 1010 1661 significat
1035 1604 1048 1640 :
1078 1584 1219 1639 Satis
1255 1591 1381 1634 sunt
1407 1594 1469 1633 ea
1490 1617 1504 1641 ,
1548 1570 1844 1669 quze‘feci;
1880 1582 1971 1636 per
2000 1570 2169 1669 tr-ieno

597 1689 745 1744 nium
788 1657 996 1745 mansi;
1047 1673 1346 1734 conﬁrmati
1391 1680 1534 1733 sunt,
1578 1662 1911 1721 sufficienter
1960 1657 2170 1759 radices

601 1782 849 1837 llxerimt.
878 1772 1004 1827 Cum
1040 1767 1300 1837 lacrymis,
1334 1762 1519 1831 inquit.
1550 1755 1735 1813 Viden’
1758 1755 2023 1852 lacrymas
2050 1747 2171 1852 ideo

600 1867 896 1926 fundendus
923 1863 1079 1918 esse?
1108 1860 1234 1913 llaec
1259 1864 1312 1910 et
1336 1868 1432 1909 nos
1454 1852 1729 1906 faciamus.
1759 1845 1875 1943 Non
1901 1842 2045 1898 dolet
2063 1842 2171 1943 im:-

599 1961 794 2032 probus
818 1956 977 2011 :‘dole
1002 1963 1055 2006 ιιι
1078 1969 1091 2015 ;
1129 1949 1265 2004 forte
1304 1957 1358 2003 et
1384 1946 1497 2015 ipse
1520 1940 1743 2037 dolebit.
1770 1936 1998 2037 Uticam.
2027 1929 2171 2037 videt

600 2028 739 2122 inger
772 2048 1035 2102 medicum
1070 2042 1247 2096 cibum
1277 2046 1598 2098 sumcntcm,
1641 2032 1802 2086 etiam
1841 2028 1954 2096 ipse
1984 2028 2173 2123 incita-

713 2157 727 2194 :
758 2141 826 2193 ita
864 2148 917 2192 et
949 2136 1035 2189 hic
1072 2133 1205 2197 erit;
1238 2131 1280 2184 si
1311 2140 1362 2183 te
1395 2126 1587 2182 viderit
1613 2124 1899 2192 lugentem,
1929 2113 2170 2171 emollie-

602 2243 723 2297 tur;
763 2230 934 2284 bonus
970 2225 1051 2280 vir
1096 2233 1153 2280 et
1193 2220 1335 2276 mitis
1373 2219 1495 2274 erit.
1530 2213 1794 2279 Nescieus,
1838 2208 2030 2279 inquit,
2061 2218 2175 2272 quis

604 2326 724 2380 mihi
749 2332 984 2377 eventura
1008 2320 1126 2371 sint.
1163 2314 1300 2381 Quid
1326 2310 1495 2383 ergo?
1532 2309 1718 2364 ideonc
1748 2306 1897 2361 abis?
1922 2302 2174 2363 Minime;

604 2420 699 2474 sed
746 2417 912 2488 probe
950 2412 1095 2473 scio,
1146 2406 1289 2479 quod
1328 2402 1535 2459 vincula
1583 2412 1637 2457 ct
1680 2398 2048 2455 tribulationes
2087 2407 2175 2448 me

604 2517 870 2566 maneant.
901 2503 1051 2574 Quod
1074 2501 1394 2557 tcntationes
1412 2512 1500 2553 me
1524 2492 1982 2567 exspectent,novi
2002 2507 2017 2557 ;
2037 2505 2173 2561 qua-

601 2600 682 2655 les
721 2612 866 2663 vero,
908 2595 1109 2660 nescio,
1149 2591 1200 2648 id
1245 2588 1388 2661 quod
1426 2588 1640 2658 gravius
1677 2594 1813 2640 erat.
1858 2582 1937 2641 Ne
1976 2582 2175 2653 putetis

602 2707 731 2763 ergo
751 2705 836 2745 me
858 2689 1221 2759 deplorantem
1245 2683 1360 2737 lucc
1381 2681 1594 2744 dicere;
1618 2694 1724 2734 non
1752 2687 1858 2731 tam
1883 2676 2172 2747 pretiosam

607 2784 777 2839 habeo
817 2782 1048 2835 animam
1087 2791 1281 2831 meam.
1319 2773 1386 2830 Ut
1420 2773 1627 2827 illorum
1666 2770 1902 2825 animum
1942 2768 2175 2834 excitet,

608 2876 708 2931 hoc
739 2874 898 2936 dicit;
938 2880 1098 2940 utque
1125 2868 1344 2923 suadeat
1380 2866 1484 2920 illis
1512 2879 1617 2919 non
1646 2863 1806 2917 modo
1834 2878 1940 2916 non
1966 2860 2171 2931 fugere,

607 2968 699 3022 sed
730 2966 887 3021 etiam
928 2962 1139 3017 fortiter
1178 2960 1338 3016 ferre.
1370 2958 1494 3013 ideo
1531 2972 1645 3011 rem
1685 2955 1826 3009 illam
1856 2960 2010 3008 vocat
2052 2967 2175 3007 cur-

605 3074 720 3113 sum
761 3067 814 3111 et
854 3055 1225 3116 ministerium,
1272 3062 1381 3107 tum
1433 3058 1492 3104 nt
1528 3065 1593 3105 ex
1632 3062 1789 3101 cursu
1834 3046 2173 3115 splendorem

604 3151 879 3218 ostendat,
921 3159 1030 3200 tum
1082 3154 1140 3198 ιιι
1180 3160 1243 3198 ex
1291 3143 1585 3197 ministerio
1635 3140 1891 3193 nflicium.
1940 3139 2179 3194 Minister

608 3259 746 3303 sum,
782 3240 977 3308 inquit;
1012 3235 1141 3290 nihil
1169 3236 1285 3304 plus
1309 3234 1498 3288 habeo.
1532 3233 1653 3286 Illos
1670 3239 1847 3286 autem
1870 3231 2175 3297 consolans,

608 3349 675 3387 ne
706 3331 939 3394 doleant,
966 3329 1103 3398 quod
1124 3328 1236 3397 ipse
1262 3328 1400 3381 Inale
1426 3327 1675 3395 patiatur,
1705 3324 1791 3378 ubi
1822 3323 1955 3378 dixit
1980 3338 2037 3377 sc
2064 3326 2177 3377 lucc

608 3439 727 3478 cum
753 3421 943 3491 gaudio
969 3421 1251 3483 sustinere,
1282 3428 1335 3471 et
1360 3417 1585 3472 fructum
1611 3416 1861 3481 ostendit,
1893 3425 2017 3468 tunc
2037 3414 2176 3484 quod

610 3514 889 3567 molestum
918 3518 1054 3573 crat,
1086 3510 1307 3563 inducit.
1342 3508 1453 3562 lloc
1479 3517 1654 3561 autem
1683 3506 1831 3572 facit,
1876 3516 1931 3559 ut
1963 3522 2029 3561 ne
2058 3508 2175 3559 ani-

608 3619 746 3657 mam
778 3602 988 3655 illorum
1019 3600 1228 3653 obruat.
1263 3600 1539 3665 Quodnam
1567 3609 1745 3653 autem
1793 3598 1921 3652 illud
1952 3600 2073 3652 est?
2115 3598 2179 3651 Et

607 3711 669 3747 ert:
702 3693 835 3746 vobis
873 3692 996 3760 ipsis
1033 3699 1297 3759 exsurgent
1338 3691 1433 3743 viri
1466 3691 1721 3760 loquentes
1752 3705 2000 3759 perversa.
2041 3688 2176 3756 Quid

609 3801 756 3854 ergo,
780 3785 974 3838 dixerit
1000 3784 1283 3853 quispiam,
1318 3792 1589 3837 tantumne
1614 3792 1667 3838 te
1696 3783 1866 3852 ipsum
1908 3796 2082 3853 putas,
2123 3793 2181 3839 ut

610 3876 653 3928 si
684 3877 863 3937 abeas,
896 3890 992 3928 nos
1021 3874 1345 3928 moriamur?
1369 3874 1484 3928 Non
1508 3874 1607 3929 hoc
1633 3875 1774 3941 dico,
1816 3876 2007 3945 inquit,
2038 3876 2180 3946 quod

611 3967 849 4021 absentia
880 3982 993 4019 mea
1027 3966 1077 4020 id
1112 3966 1338 4033 efficiat;
1370 3967 1463 4022 scd
1492 3966 1954 4039 quid?lnsurgunt
1977 3972 2182 4039 quidam

612 4074 675 4111 ex
708 4058 861 4110 mltis.
914 4057 1023 4111 Non
1075 4058 1236 4121 dixit,
1282 4059 1504 4129 Propter
1550 4060 1928 4116 discessionem
1969 4078 2179 4128 meam;

614 4150 729 4213 sed,
762 4149 883 4202 Post
920 4150 1272 4203 discessionem
1308 4166 1509 4215 meant;
1534 4152 1586 4205 id
1626 4161 1726 4216 est,
1768 4152 2177 4222 profectionem.

613 4240 941 4308 Quamquam
977 4241 1084 4308 jam
1114 4242 1240 4296 illud
1288 4252 1571 4307 evenerat;
1614 4259 1657 4297 SI
1689 4254 1865 4299 autem
1908 4256 2180 4313 evenerat,

616 4332 784 4384 multo
813 4331 979 4400 magis
1013 4341 1195 4401 postea
1238 4344 1551 4389 eventurum
1593 4344 1727 4389 erat.
1756 4335 1882 4390 Haec
1910 4351 2069 4390 causa
2100 4352 2186 4392 se—

615 4424 813 4491 quitur,
870 4422 936 4476 Ut
963 4424 1211 4477 abducant
1231 4426 1503 4494 discipulos
1522 4435 1633 4496 post
1661 4443 1735 4480 se.
1765 4426 1947 4498 Itaque
1971 4437 2187 4497 propter

618 4513 746 4566 nihil
791 4512 934 4567 aliud
980 4513 1211 4570 haereses
1258 4524 1399 4582 sunt,
1429 4533 1586 4586 quam
1635 4527 1853 4587 pr0pter
1892 4516 2014 4573 hoc.
2064 4519 2190 4575 Post

619 4606 861 4672 sequitur
889 4606 1183 4660 c0nsnlatio
1209 4624 1223 4660 :
1252 4608 1415 4672 Quam
1434 4609 1718 4678 acquisivit,
1750 4610 1939 4682 inquit,
1963 4628 2051 4680 per
2077 4628 2189 4680 pro-

622 4698 783 4764 prium
812 4699 1123 4765 sanguinem.
1146 4696 1200 4752 Si
1225 4699 1439 4767 proprio
1462 4700 1719 4769 sanguine
1741 4703 2036 4772 acquisivit,
2065 4718 2192 4771 prae-

618 4786 816 4839 valebit
838 4795 1005 4841 certe.
1038 4785 1200 4840 Nocte
1221 4798 1267 4840 et
1296 4790 1376 4841 die
1396 4806 1498 4843 non
1521 4792 1728 4856 cessavi,
1761 4792 1951 4861 inquit,
1983 4810 2096 4846 cum
2124 4794 2193 4848 la-

623 4882 806 4947 crymis
844 4895 1067 4931 monens.
1096 4880 1218 4933 llaec
1248 4882 1399 4936 nobis
1426 4884 1546 4951 jure
1574 4884 1849 4950 dicantur;
1878 4886 2193 4955 videturque

624 4972 835 5039 pr0prie
861 4986 1037 5025 sermo
1067 4972 1311 5028 doctores
1341 4984 1601 5042 spectare,
1634 4987 1715 5031 est
1743 4986 1919 5032 autem
1956 4991 2008 5032 et
2036 4980 2195 5033 disci-

624 5063 763 5131 pulis
790 5064 1105 5115 communis.
1150 5064 1229 5117 Ad
1257 5064 1380 5133 quid
1421 5067 1561 5118 enim
1604 5082 1702 5135 ego
1732 5068 1943 5136 loquor,
1975 5086 2191 5132 moneo.

626 5154 889 5224 lacrymor
917 5153 1001 5207 die
1031 5169 1091 5207 ac
1119 5166 1293 5218 nocte,
1318 5157 1359 5208 si
1381 5157 1671 5224 discipulus
1697 5173 1800 5211 non
1826 5160 2197 5229 obtemperat?

625 5244 699 5297 Ne
722 5254 867 5312 putet
897 5248 1037 5299 enim
1060 5248 1175 5314 quis
1196 5248 1244 5300 id
1268 5250 1395 5301 satis
1415 5264 1533 5303 esse
1560 5251 1625 5303 ad
1648 5250 2030 5317 defensionem,
2056 5254 2197 5323 quod

630 5336 697 5385 sit
720 5336 1031 5403 discipulus,
1068 5338 1189 5391 licet
1216 5354 1322 5391 non
1361 5341 1546 5405 cedat;
1582 5341 1702 5396 ideo
1733 5355 2009 5412 poszquam
2041 5346 2198 5412 dixit,

632 5420 914 5490 Testiﬁcor,
948 5426 1137 5493 pergit,
1170 5426 1288 5479 Non
1328 5430 1459 5481 enim
1504 5432 1777 5502 subterfugi
1806 5437 2071 5495 quominus
2106 5452 2201 5487 an-

633 5516 913 5567 nuntiarent
951 5518 1102 5572 vobis.
1140 5518 1299 5587 Igitur
1331 5522 1431 5574 hoc
1474 5504 1644 5576 Solum
1691 5526 1927 5579 doctoris
1966 5537 2068 5592 est,
2109 5543 2205 5580 an-

634 5609 897 5672 nuntiare,
932 5611 1237 5675 prmdicare,
1260 5613 1470 5675 docere,
1503 5630 1607 5669 non
1631 5618 2016 5688 subterfugere,
2048 5631 2203 5675 nocte

632 5709 684 5753 ct
713 5700 797 5753 dic
828 5704 1139 5758 annuntian
1168 5721 1315 5759 :cum
1337 5717 1512 5761 autem
1546 5708 1626 5764 his
1655 5713 1905 5781 peractis,
1934 5715 2060 5768 nihil
2087 5716 2203 5785 plus

704 5833 719 5863 ³
757 5832 896 5895 illud,
922 5848 1029 5885 cum
1056 5835 1296 5901 lucri/mis,
1326 5840 1371 5888 in
1397 5854 1490 5890 uno
1509 5842 1668 5893 deest.

1313 449 1365 505 S.
1399 439 1671 502 JOANNIS
1706 420 2176 491 CIIRYSOSTOMI
2214 419 2531 476 ARCHIEP.
2568 417 3102 477 CONSTANTINOP.

3755 424 3873 484 312

2264 542 2456 609 agitur,
2486 547 2633 601 scitis
2660 548 2786 616 quid
2818 549 3079 620 reliquum
3122 550 3211 604 sit.
3242 548 3444 605 Deinde
3471 551 3572 607 alia
3609 555 3868 621 sequitur

2263 635 2504 691 defensio
2530 654 2545 690 :
2574 637 2748 693 Purus
2774 656 2888 694 sum
2925 658 2957 694 a
2984 644 3232 712 sanguine
3269 644 3513 698 omnium.
3548 645 3625 699 Ne
3654 647 3871 717 putetis

2268 744 2393 782 vero
2412 728 2527 783 haec
2544 730 2699 784 nobis
2722 740 2927 787 tantum
2955 732 3058 788 dici
3081 753 3096 803 ;
3124 751 3246 790 nam
3270 751 3363 792 vos
3383 740 3542 792 etiam
3568 738 3652 793 hic
3672 756 3871 794 sermo

2264 830 2488 889 spectat,
2509 823 2737 878 utdictis
2748 826 3059 891 attendatis,
3074 834 3131 882 ut
3154 844 3220 885 ne
3237 844 3266 883 a
3286 833 3543 886 concione
3559 833 3863 888 recedatis.

2338 913 2525 968 Contra
2544 915 2815 970 theatrales
2840 918 2988 973 ludos
3013 928 3061 973 et
3089 930 3269 976 contra
3279 925 3589 993 juramenta.
3618 955 3692 967 —
3713 926 3868 993 Quid

2270 1004 2496 1059 faciam?
2536 1006 2675 1062 Ecce
2701 1009 2942 1078 quotidie
2982 1010 3266 1068 clamando
3303 1015 3582 1088 dirumpor
3611 1020 3868 1075 :Absce—

2268 1095 2380 1152 dite
2404 1112 2435 1152 a
2468 1097 2726 1167 theatris;
2756 1111 2811 1157 et
2834 1102 2985 1158 multi
3012 1118 3110 1161 nos
3140 1105 3366 1162 irrident
3391 1092 3693 1168 {abstinete
3718 1128 3747 1167 a
3768 1114 3872 1183 ju-

2271 1192 2549 1261 ramentis,
2589 1193 2660 1249 ab
2686 1196 2908 1251 avaritia
2932 1214 2946 1251 :
2970 1197 3246 1255 innumera
3279 1216 3580 1269 monemus,
3612 1215 3667 1261 et
3693 1222 3873 1262 nemo

2270 1282 2439 1337 audit.
2473 1286 2541 1339 At
2582 1294 2744 1342 noctu
2777 1287 2878 1343 hoc
2916 1304 3024 1345 non
3061 1292 3205 1361 ago-1'
3237 1292 3438 1348 Vellem
3484 1296 3645 1351 etiam
3689 1308 3869 1353 noctu

2274 1373 2375 1429 hoc
2398 1374 2593 1443 facere,
2633 1385 2691 1433 et
2712 1377 2781 1433 ad
2810 1394 3027 1436 mensas
3058 1393 3288 1452 vestras,
3324 1386 3369 1440 si
3395 1386 3608 1455 quidem
3638 1388 3863 1456 liceret,

2272 1466 2467 1523 etdum
2491 1483 2521 1521 a
2551 1468 2795 1539 plurimis
2823 1470 3036 1528 divisim
3067 1473 3310 1532 detinear
3337 1478 3551 1543 adesse,
3575 1489 3631 1536 et
3652 1496 3751 1536 vos
3779 1484 3873 1538 al-

2274 1554 2451 1628 loqui;
2489 1559 2587 1614 sed
2616 1560 2684 1628 si,
2715 1575 2835 1616 cum
2863 1563 2947 1619 vel
2974 1564 3143 1621 semel
3169 1566 3223 1623 in
3259 1566 3594 1624 bebdomada
3629 1586 3726 1626 vos
3755 1588 3875 1623 vo-

2272 1664 2478 1715 camus,
2508 1667 2703 1720 segnes
2742 1656 2893 1725 estis,
2938 1666 2993 1713 et
3018 1657 3111 1713 alii
3134 1658 3351 1729 quidem
3383 1675 3488 1718 non
3516 1665 3730 1733 venitis,
3764 1667 3871 1722 alii

2277 1758 2403 1799 vero
2428 1744 2557 1801 nihil
2579 1745 2711 1802 lucri
2733 1748 3029 1807 referentes
3062 1751 3222 1808 abitis
3247 1772 3261 1808 :
3288 1755 3416 1826 qid
3446 1771 3554 1812 non
3580 1756 3871 1826 faceretis,

2275 1835 2319 1890 si
2349 1835 2677 1908 frequentius
2704 1839 2807 1895 hoc
2830 1846 3151 1912 ageremus?
3184 1845 3324 1913 Quid
3360 1846 3655 1905 faciemus?
3682 1851 3875 1921 Multi,

2276 1935 2334 1980 ut
2360 1927 2499 1984 bene
2540 1931 2683 1997 novi,
2725 1946 2823 1988 nos
2854 1932 3099 2004 irrident,
3129 1938 3275 2009 quod
3312 1939 3381 1996 de
3426 1941 3616 1999 iisdem
3646 1961 3882 2015 seraper

2276 2034 2582 2079 sermonem
2619 2022 3045 2084 habeamuszita
3093 2046 3279 2087 sumus
3326 2033 3377 2090 in
3406 2034 3642 2093 fastidio.
3688 2038 3881 2109 Hujus

2276 2123 2453 2170 autem
2491 2116 2570 2172 rei
2614 2133 2722 2174 non
2758 2134 2858 2176 nos
2894 2120 2948 2177 in
2986 2136 3146 2179 causa
3173 2140 3383 2196 sumus,
3422 2130 3519 2186 sed
3563 2132 3876 2189 auditores.

2278 2204 2410 2261 Nam
2438 2206 2531 2278 qui
2557 2208 2693 2267 bene
2735 2212 2863 2283 agit,
2909 2228 3125 2286 semper
3164 2219 3362 2288 gaudet
3388 2219 3579 2277 eadem
3611 2221 3721 2293 ipsa
3760 2240 3877 2278 an-

2279 2298 2451 2365 diens,
2491 2315 2555 2357 ac
2595 2302 2640 2358 si
2666 2303 2853 2361 laudes
2890 2318 3017 2362 suas
3057 2309 3267 2365 audiret
3293 2312 3419 2383 :qui
3453 2328 3579 2368 vero
3616 2330 3723 2370 non
3749 2316 3883 2371 vult

2280 2400 2428 2446 recte
2451 2406 2632 2461 agere.
2664 2394 2908 2450 molestia
2934 2413 2996 2454 se
3024 2397 3204 2469 impeti
3225 2410 3378 2472 putat
3394 2443 3409 2465 ,
3438 2412 3494 2459 et
3518 2406 3563 2459 si
3585 2404 3664 2460 bis
3682 2405 3877 2461 solum

2277 2480 2478 2547 audiat,
2508 2484 2705 2555 saepius
2728 2484 2943 2543 audisse
2972 2487 3076 2544 sibi
3098 2489 3329 2547 videtur.
3357 2491 3587 2550 Mundus
3616 2512 3753 2565 sum,
3784 2498 3884 2553 in-

2277 2572 2415 2645 quit,
2439 2591 2473 2628 ο
2500 2577 2744 2647 sanguine
2766 2580 3012 2637 omnium.

2350 2665 2406 2721 4.
2449 2666 2561 2723 lloc
2608 2668 2787 2727 dicere
2829 2672 2997 2730 Paulo
3032 2677 3400 2747 competebat;
3450 2694 3550 2737 nos
3588 2691 3767 2740 autem
3814 2684 3878 2741 iil

2280 2755 2526 2827 proferre
2546 2774 2649 2814 non
2680 2762 2961 2832 audemus,
2987 2767 3131 2837 quod
3165 2770 3453 2827 multorum
3478 2773 3636 2830 nobis
3660 2780 3879 2835 conscii

2282 2848 2468 2903 simus.
2517 2850 2610 2907 llle
2633 2853 2830 2923 quippe
2867 2857 2959 2925 qui
2987 2871 3202 2929 semper
3228 2854 3477 2932 vigilabat
3504 2873 3562 2921 et
3593 2865 3877 2933 adstabat,

2281 2938 2371 3009 qui
2414 2942 2591 2996 omnia
2640 2958 2739 3012 pro
2790 2946 2963 3003 salute
3007 2947 3394 3021 discipulorum
3440 2957 3759 3022 sustinebat,
3816 2960 3877 3015 iil

2281 3040 2639 3101 congruenter
2666 3033 2846 3092 dicere
2872 3047 3111 3108 poterat;
3141 3056 3241 3097 nos
3280 3053 3459 3103 autem
3490 3047 3619 3104 illud
3664 3048 3880 3121 Moysis

2284 3122 2520 3179 dicemus
2545 3143 2558 3179 :
2586 3124 2760 3182 Iratus
2787 3139 2860 3184 est
2879 3132 3007 3185 mihi
3032 3132 3287 3193 Dominus
3309 3150 3513 3208 propter
3538 3158 3646 3211 vos,
3669 3146 3791 3213 quia
3816 3148 3877 3200 in

2284 3216 2444 3273 multa
2466 3232 2672 3290 peccata
2698 3225 2950 3280 adducitis
2989 3228 3142 3282 etiam
3170 3247 3261 3284 nos
3289 3231 3466 3301 (Deut.
3505 3234 3558 3291 3.
3584 3235 3701 3305 26).
3728 3237 3876 3295 Cum

2284 3321 2462 3365 autem
2489 3314 2669 3366 animo
2704 3313 2986 3373 deficimus
3014 3319 3258 3378 videntes
3294 3338 3390 3379 vos
3416 3328 3546 3380 nihil
3577 3329 3874 3397 proﬁcere,

2283 3418 2459 3458 annon
2492 3404 2663 3473 major
2695 3423 2819 3477 pars
2852 3410 3042 3467 virium
3073 3423 3381 3471 nostrarum
3425 3420 3697 3477 concidit?
3726 3423 3877 3490 Quid

2283 3497 2447 3561 enim,
2475 3513 2679 3568 quaeso,
2712 3499 2909 3557 factum
2938 3506 3061 3559 est?
3088 3508 3228 3564 Ecce
3258 3525 3355 3580 per
3386 3514 3612 3583 gratiam
3644 3516 3737 3571 Dei
3769 3535 3881 3574 nos

2282 3603 2494 3659 quoque
2532 3591 2817 3649 triennium
2865 3596 2974 3666 jam
3019 3597 3275 3658 habemus
3304 3603 3444 3676 (α).
3488 3622 3594 3663 non
3650 3610 3879 3680 quidem

2285 3695 2441 3738 nocte
2469 3694 2523 3740 et
2549 3687 2638 3742 dic
2680 3688 2979 3759 hortantes,
3008 3694 3101 3748 sed
3129 3705 3250 3766 post
3278 3706 3386 3754 tres
3414 3716 3559 3772 saepe
3593 3703 3730 3769 dies,
3773 3708 3876 3763 ali-

2284 3780 2497 3848 quando
2524 3792 2646 3851 post
2690 3796 2894 3855 septem
2925 3788 3027 3844 hoc
3053 3790 3327 3848 facientes.
3360 3795 3499 3862 Quid
3530 3801 3756 3871 amplius
3791 3804 3881 3859 fa-

2285 3881 2428 3925 ctum
2473 3876 2591 3927 est?
2620 3874 3011 3949 Obiurgamus,
3060 3883 3438 3957 iucrepamus,
3486 3892 3876 3963 lacrymamur,

2287 3964 2551 4035 dolemus,
2582 3970 2681 4024 etsi
2712 3986 2816 4026 non
2843 3973 3037 4042 palam,
3065 3985 3121 4032 at
3152 3978 3203 4032 in
3230 3980 3411 4037 corde.
3450 3982 3559 4038 lllce
3581 3996 3757 4040 autem
3791 3989 3881 4043 la-

2288 4070 2484 4127 crymze
2506 4057 2589 4113 his
2615 4060 2783 4116 multo
2811 4063 3042 4120 leviores
3070 4077 3228 4126 sunt:
3251 4069 3355 4125 illae
3386 4087 3613 4142 namque
3637 4077 3882 4144 aliquam

2289 4145 2590 4205 dolentibus
2612 4151 2843 4209 afferunt
2872 4159 3327 4227 consolationem;
3363 4163 3444 4217 hae
3472 4180 3601 4220 vero
3627 4167 3881 4224 dolorem

2288 4253 2483 4313 augent
2526 4254 2580 4299 et
2612 4248 3003 4317 constringunt.
3031 4252 3121 4306 Sic
3148 4255 3361 4321 quando
3388 4257 3505 4323 quis
3546 4258 3597 4311 in
3639 4274 3883 4317 mmrorc

2290 4332 2454 4403 degit,
2488 4352 2586 4391 nec
2616 4348 2791 4406 potest
2812 4340 3055 4396 dolorem
3082 4343 3293 4408 efferre,
3322 4363 3389 4403 ne
3410 4348 3654 4403 videatur
3683 4367 3882 4407 vanam

2293 4424 2515 4490 gloriam
2542 4438 2814 4496 appetere,
2856 4434 3057 4499 majora
3094 4437 3313 4505 patitur,
3344 4455 3503 4509 quam
3534 4442 3577 4495 si
3610 4441 3757 4496 illum
3798 4447 3887 4500 ef-

2296 4514 2478 4570 ferret.
2509 4518 2618 4573 Nisi
2650 4522 2768 4589 quis
2812 4539 2897 4579 mc
2925 4535 3132 4594 putaret
3174 4545 3358 4585 auram
3411 4533 3732 4602 superﬂuam
3781 4554 3882 4590 ca-

2294 4616 2465 4675 ptare,
2499 4614 2734 4678 quotidie
2764 4631 2847 4670 me
2876 4617 3087 4673 videres
3129 4619 3307 4677 fontes
3334 4622 3689 4695 lacrymarum
3720 4631 3886 4683 emit-

2297 4706 2446 4757 tcre:
2475 4706 2658 4759 harum
2694 4721 2821 4762 vero
2864 4710 3094 4766 conscia:
3136 4726 3260 4769 sunt
3290 4714 3611 4772 domuncula
3655 4727 3710 4773 et
3748 4722 3885 4773 soli-

2300 4793 2445 4849 tudo.
2469 4795 2680 4851 Credite
2702 4814 2929 4869 namque
2957 4802 3105 4870 uiibi,
3138 4804 3205 4859 de
3233 4807 3403 4862 salute
3432 4823 3549 4862 mea
3570 4808 3883 4879 deSperavi.

2301 4897 2353 4938 et
2382 4886 2507 4940 dum
2538 4898 2712 4943 vestra
2740 4890 2915 4961 lugeo,
2952 4909 3055 4947 non
3089 4905 3244 4950 vacat
3272 4899 3407 4953 mala
3440 4915 3557 4955 mea
3584 4902 3844 4972 plangere
3868 4924 3881 4956 :

2301 4976 2378 5029 sic
2403 4992 2496 5030 vos
2525 4979 2651 5032 mihi
2684 4982 2861 5035 omnia
2908 4984 3058 5037 estis.
3109 4986 3163 5039 Si
3202 4989 3428 5043 sentiam
3461 5006 3556 5045 vos
3602 4992 3654 5045 in
3682 4993 3888 5050 virtute

2304 5072 2503 5137 augeri,
2535 5087 2643 5139 pra:
2671 5074 2942 5143 voluptate
2972 5078 3106 5130 mala
3153 5095 3267 5134 mea
3300 5097 3402 5135 non
3435 5084 3641 5148 sentio;
3688 5084 3769 5138 sin
3803 5091 3891 5141 ni-

2308 5160 2378 5214 hil
2404 5162 2665 5229 proficerc
2686 5166 2919 5231 videam,
2946 5185 3053 5237 pra:
3083 5186 3312 5228 maerore
3342 5191 3555 5230 rursum
3581 5194 3692 5230 mea
3723 5181 3887 5235 missa

2306 5250 2441 5305 facio
2466 5271 2477 5305 :
2501 5254 2652 5309 ltetus
2681 5257 2895 5325 quidem
2919 5259 2984 5315 de
3009 5261 3160 5317 bouis
3183 5267 3394 5331 vestris,
3424 5268 3546 5322 licet
3569 5269 3709 5323 mille
3733 5274 3892 5327 malis

2307 5354 2561 5410 onustus;
2596 5359 2819 5403 maestus
2862 5350 2927 5406 de
2970 5354 3233 5423 tristibus,
3278 5374 3395 5427 qua:
3422 5360 3574 5415 vobis
3616 5364 3889 5430 accidunt,

2308 5436 2403 5488 etsi
2434 5436 2709 5493 innumera
2742 5451 2920 5495 essent
2946 5448 3199 5512 przeclare
3228 5460 3373 5519 gesta
3418 5452 3567 5505 mihi.
3600 5454 3728 5519 Qua:
3766 5470 3893 5525 sues

2309 5529 2449 5582 enim
2478 5529 2703 5594 doctori,
2729 5547 2889 5603 grege
2918 5542 3209 5605 commto?
3234 5544 3405 5611 qualis
3440 5546 3564 5611 vita,
3597 5549 3767 5617 qualis
3797 5566 3895 5604 ex-

2312 5623 2607 5688 spectatio?
2636 5639 2754 5678 cum
2785 5643 2885 5695 qua
2919 5629 3109 5685 fiducia
3155 5636 3315 5688 stabit
3361 5646 3483 5692 ante
3514 5640 3716 5693 Deum?
3765 5645 3892 5711 quid

2312 5713 2485 5769 dicet?
2515 5716 2778 5774 Ponamus
2807 5724 2949 5779 enim
2978 5724 3147 5793 ipsum
3193 5742 3297 5782 non
3341 5731 3684 5802 reprehendi,
3719 5751 3895 5807 neque

2380 5852 2452 5915 (ιι)
2480 5862 2568 5904 Per
2594 5857 2849 5911 triennium
2876 5863 3150 5924 pradicavit
3173 5866 3555 5932 ChrysostOmus.
