4072 6402
151 348 265 407 513

151 475 348 536 pennas
374 457 525 521 dare,
554 452 652 510 sed
681 466 807 508 esse
835 446 1092 504 mundum
1119 461 1152 501 a
1179 446 1440 516 sanguine
1473 440 1715 498 omnium
1747 461 1761 497 :

151 557 227 610 ita
255 563 472 622 quoque
496 543 814 602 incurabilia
843 541 1073 611 patietur
1103 556 1118 597 :
1151 539 1279 608 quia
1309 537 1436 592 licet
1461 545 1644 606 patres
1670 549 1768 604 pro

152 641 286 696 tiliis
311 654 422 693 non
452 633 734 692 incusandi
765 633 895 697 sint,
925 640 1104 684 tamen
1131 627 1321 683 dolent
1347 637 1401 682 et
1435 625 1764 681 cruciantur.

227 732 400 799 Quam
451 736 592 784 curet
641 723 1033 796 Chrysostomus
1084 721 1253 791 gregis
1301 719 1540 774 salutem.
1569 745 1642 757 —
1668 715 1766 772 Ni-

150 825 324 885 hilne,
372 820 607 891 inquies,
654 818 790 885 ipsis
824 814 1047 885 prodest
1077 813 1163 867 vel
1197 811 1589 883 patrocinatur,
1622 809 1765 881 quod

149 914 256 983 ipsi
296 912 525 981 vigilent
555 923 652 978 pro
695 907 980 961 animabus
1027 902 1271 958 nostris?
1307 901 1417 958 Sed
1457 901 1679 970 vigilant
1708 910 1767 955 ut

147 1005 421 1058 rationem
468 997 730 1055 reddituri
763 996 946 1067 (Hebr.
977 995 1066 1049 15.
1101 995 1191 1064 17)
1217 1012 1230 1048 :
1256 993 1400 1063 quod
1443 991 1764 1061 quibusdam

147 1094 368 1148 videtur
393 1105 516 1147 esse
543 1089 818 1152 terribile;
849 1085 978 1140 mihi
1011 1095 1188 1139 autem
1217 1083 1320 1138 hoc
1346 1098 1494 1138 cura:
1524 1098 1630 1138 nou
1657 1092 1761 1148 est,

145 1190 192 1240 si
237 1200 334 1239 vos
373 1181 631 1252 pereatis.
659 1180 814 1244 Dem,
865 1193 970 1232 non
1000 1177 1125 1232 dem
1175 1177 1439 1231 rationem
1476 1174 1545 1229 de
1589 1174 1762 1239 vobis,

146 1278 286 1332 nihil
319 1275 453 1331 mihi
486 1273 618 1327 utile
660 1281 766 1326 est.
813 1270 1026 1326 Utinam
1071 1269 1225 1324 vobis
1279 1268 1511 1322 salutem
1566 1267 1762 1330 nactis,

143 1371 278 1425 dem
327 1382 434 1438 ego
489 1365 557 1420 de
607 1362 765 1419 vobis
821 1363 1082 1416 rationein
1109 1402 1125 1428 ,
1182 1370 1238 1416 et
1291 1374 1520 1415 accuser
1550 1401 1566 1425 ,
1622 1355 1764 1428 quod

144 1462 394 1518 ofﬁcium
447 1475 629 1516 meum
695 1474 804 1512 non
869 1456 1224 1526 impleverim.
1293 1453 1410 1508 Non
1479 1456 1623 1508 enim
1692 1453 1766 1507 ita

141 1569 306 1619 curo,
344 1562 406 1607 ut
450 1567 546 1623 per
581 1567 670 1607 me
699 1565 795 1605 vos
822 1549 1134 1612 servemini,
1187 1557 1244 1600 ut
1276 1562 1408 1601 curo
1434 1587 1448 1608 ,
1481 1553 1540 1599 ut
1567 1561 1596 1598 a
1629 1561 1762 1615 quo-

144 1647 237 1702 vis
288 1645 607 1700 servemini.
665 1642 786 1698 Non
851 1641 1024 1697 nostis
1091 1639 1448 1710 spiritualium
1517 1649 1763 1706 pztl‘luutn

143 1736 522 1807 tyrannidem,
554 1733 828 1806 quomodo
868 1734 933 1797 is,
967 1734 1058 1803 qui
1091 1733 1161 1786 ita
1195 1734 1444 1800 parturit,
1476 1729 1671 1784 millies
1712 1729 1764 1782 in

144 1827 320 1884 frusta
347 1826 569 1884 concidi
593 1833 862 1897 peroptat,
895 1825 1073 1895 potius
1096 1839 1258 1895 quam
1288 1839 1453 1878 unum
1481 1837 1547 1877 ex
1571 1821 1766 1891 genitis

144 1921 330 1988 perire
355 1920 445 1975 vel
474 1919 752 1988 corrumpi
792 1916 1005 1973 videat?
1045 1915 1331 1974 Undenam
1381 1916 1433 1970 id
1461 1914 1614 1970 vobis
1642 1929 1767 1984 pcr-

144 2011 507 2067 suadebimus
524 2011 550 2065 ἲ
573 2009 692 2065 Non
717 2009 826 2064 alio
851 2007 1035 2072 modo,
1067 2022 1227 2076 quam
1251 2021 1316 2062 ex
1347 2007 1431 2072 iis,
1462 2021 1582 2077 quae
1613 2004 1766 2060 vobis

146 2105 499 2174 Contingunt,
527 2101 891 2157 absolvemur.
917 2099 1213 2155 Possumus
1232 2107 1285 2154 et
1316 2112 1416 2153 nos
1436 2097 1638 2162 dicere,
1667 2109 1767 2150 nos

148 2195 286 2251 nihil
316 2193 744 2264 subterfugisse;
771 2199 1010 2248 attamen
1037 2191 1322 2247 dolemus:
1343 2199 1397 2245 et
1422 2189 1565 2260 quod
1591 2189 1768 2244 dolea-

149 2308 277 2347 mus
305 2291 434 2345 hinc
462 2289 639 2360 palam
657 2295 761 2352 est,
789 2285 936 2357 quod
968 2294 1112 2340 tanta
1141 2298 1395 2355 paremus
1420 2293 1475 2339 et
1495 2285 1768 2354 excogite-

151 2399 296 2438 mus.
318 2381 659 2451 Quamquam
682 2379 1044 2449 potuissemus
1062 2377 1216 2434 vobis
1237 2377 1420 2432 dicere
1441 2394 1455 2432 :
1474 2376 1613 2446 Quid
1635 2377 1767 2431 mihi

151 2492 299 2532 curm
342 2475 464 2530 est?
499 2489 604 2545 ego
646 2472 794 2544 quod
833 2488 1014 2528 meum
1056 2482 1173 2528 erat
1219 2471 1353 2536 feci;
1397 2486 1498 2541 ego
1534 2471 1769 2525 mundus

153 2583 273 2622 sum
314 2583 346 2621 a
386 2566 652 2638 sanguine
678 2583 692 2620 :
716 2575 774 2620 at
804 2567 906 2621 hoc
949 2579 1056 2620 non
1102 2562 1303 2618 sufﬁcit
1344 2563 1412 2619 ad
1440 2563 1768 2618 consolatio-

154 2676 300 2717 nem.
327 2659 384 2716 Si
418 2668 604 2730 posset
627 2673 724 2714 cor
750 2668 994 2714 nostrum
1024 2657 1256 2714 discindi
1292 2665 1348 2712 et
1377 2664 1584 2728 patere,
1615 2655 1767 2710 vide-

155 2755 288 2808 retis
313 2767 412 2809 vos
441 2767 636 2808 omnes
679 2753 790 2807 illic
831 2767 954 2808 esse
991 2753 1046 2807 in
1079 2767 1272 2823 magna
1300 2751 1604 2818 latitudine,
1652 2765 1770 2805 mu-

158 2845 337 2911 lieres,
380 2845 542 2909 filios,
573 2845 759 2901 viros:
785 2852 931 2901 tanta
961 2845 1161 2917 quippe
1198 2855 1282 2900 est
1307 2845 1544 2900 caritatis
1575 2845 1767 2910 virtus,

158 2939 390 2995 animam
414 2939 552 2996 caelo
575 2937 826 2994 latiorem
853 2937 1048 2995 reddit.
1081 2936 1261 3008 Capite
1287 2954 1401 3000 nos,
1435 2937 1606 3008 inquit
1629 2936 1768 2992 Pau-

1093 330 1159 389 IN
1201 331 1385 390 ACTA
1425 327 2209 387 APOSTOLORUMJlOMIL.
2251 323 2414 386 XLV.

3387 324 3494 381 511

1875 449 1994 506 lus;
2023 443 2275 496 nminem
2317 443 2544 496 tissimus
2589 437 2667 512 (2.
2699 439 2822 495 Cor.
2852 441 2905 494 7.
2927 437 3010 508 2),
3044 455 3146 493 non
3184 453 3399 511 anguste
3441 443 3494 496 in

1873 534 2016 588 nobis
2047 535 2165 588 estis
2197 531 2218 603 (
2251 531 2387 588 Ibid.
2413 531 2468 588 6.
2503 531 2572 587 12
2606 532 2647 601 ).
2678 531 2790 586 Hoc
2826 541 2882 586 et
2923 545 3023 586 nos
3048 547 3192 588 nunc
3218 532 3450 589 dicimus
3480 553 3493 566 -

1871 628 2062 698 Capite
2093 644 2214 684 nos.
2253 629 2446 683 Totam
2479 628 2534 683 in
2564 643 2626 684 se
2663 623 2990 684 Corinthum
3021 628 3113 682 ille
3146 627 3405 694 habebat,
3441 639 3496 682 et

1872 719 2089 775 dicebat
2129 737 2142 774 :
2184 719 2489 775 Dilatamini
2533 728 2581 774 et
2632 735 2720 774 vos
2761 734 2782 774 :
2824 735 2927 774 non
2978 720 3033 774 in
3083 720 3325 788 angustia
3374 720 3497 773 estis

1873 812 1890 881 (
1921 810 2062 866 Ibid.
2082 827 2126 865 v.
2174 813 2264 868 15.
2295 813 2364 867 12
2392 813 2436 880 ).
2477 811 2588 868 Sed
2618 811 2722 867 hoc
2754 827 2860 866 non
2891 826 2994 881 ego
3024 810 3207 867 dicere
3239 826 3455 880 possem
3480 829 3496 866 :

1873 917 1998 956 nam
2021 902 2160 958 bene
2185 903 2333 970 novi,
2367 902 2510 974 quod
2535 917 2632 957 vos
2654 918 2742 958 me
2762 901 2999 973 diligatis
3026 911 3082 957 et
3105 901 3356 972 capiatis.
3384 900 3494 957 Sed

1875 994 2006 1065 quid
2035 996 2167 1050 lucri
2200 997 2286 1051 vel
2312 1011 2380 1052 ex
2407 1010 2527 1051 mea
2556 996 2642 1051 vel
2669 1011 2736 1051 ex
2769 1005 2950 1052 vestra
2977 995 3229 1060 caritate,
3271 993 3495 1065 quando

1871 1103 1958 1154 ea,
1991 1103 2112 1159 quae
2136 1089 2229 1144 Dei
2251 1100 2402 1155 sunt,
2432 1091 2487 1144 in
2511 1090 2666 1145 vobis
2689 1104 2796 1145 non
2823 1100 2973 1146 recte
2997 1089 3334 1157 procedunt?
3357 1089 3496 1146 ilinc

1871 1181 2094 1250 majoris
2136 1197 2298 1237 causa
2326 1181 2551 1248 doloris,
2604 1183 2826 1251 majoris
2857 1182 3116 1252 perniciei
3153 1181 3391 1237 occasio.
3437 1180 3495 1236 In

1874 1275 2023 1329 nullo
2054 1289 2277 1344 possum
2300 1289 2399 1330 vos
2423 1275 2676 1330 incusare
2708 1294 2722 1329 :
2745 1274 2929 1328 Testor
2949 1275 3085 1328 enim
3109 1275 3271 1341 vobis,
3300 1274 3494 1345 quia,si

1872 1367 1986 1434 ﬁeri
2028 1367 2315 1436 potuisset,
2366 1366 2542 1421 oculos
2581 1377 2776 1422 vestros
2827 1367 3086 1421 eruissetis
3133 1376 3181 1422 et
3227 1366 3494 1422 dedissetis

1872 1461 2000 1515 mihi
2027 1459 2172 1534 (Gal.
2207 1461 2261 1518 ι.
2297 1460 2408 1535 15).
2440 1459 2690 1517 Vicissim
2717 1460 2971 1516 duremus
3003 1475 3110 1515 non
3139 1461 3303 1515 modo
3327 1477 3493 1517 cvan-

1871 1557 2090 1626 gelium,
2120 1555 2214 1612 sed
2247 1557 2410 1612 etiam
2440 1555 2650 1611 animas
2687 1567 2920 1612 nostras.
2957 1558 3218 1610 Amaniur
3239 1623 3243 1628 .
3266 1567 3317 1610 et
3366 1556 3492 1610 red-

1871 1661 2157 1702 amamus:
2185 1655 2241 1702 at
2262 1662 2370 1702 non
2397 1645 2502 1702 hoc
2530 1647 2812 1718 qumrilur.
2862 1649 3124 1702 Amemus
3151 1663 3283 1719 ergo
3323 1648 3491 1702 Chri-

1873 1751 2015 1798 stum
2049 1742 2268 1813 primo:
2297 1740 2531 1795 Primum
2574 1741 2775 1811 quippe
2813 1742 3116 1794 mandatum
3157 1753 3230 1796 est
3256 1759 3271 1795 :
3297 1741 3493 1814 Diliges

1872 1834 2155 1897 Dominum
2189 1834 2351 1890 Deum
2388 1845 2557 1889 tuum.
2589 1833 2889 1889 Secundum
2927 1842 3097 1887 autem
3128 1833 3246 1887 huic
3283 1835 3451 1888 simile
3475 1850 3494 1888 :

1877 1929 1943 1984 Et
1976 1930 2268 2000 proximum
2305 1939 2450 1982 tuum
2493 1928 2626 1982 sicut
2653 1927 2870 1996 teipsum
2911 1926 2930 1996 (
2959 1925 3150 1980 Matth.
3182 1925 3272 1982 9.2.
3301 1927 3489 1982 57-59.

1875 2023 2044 2079 Marc.
2077 2023 2166 2079 12.
2199 2022 2313 2094 50).
2356 2020 2664 2078 Secundum
2696 2030 2967 2086 tenemus,
2998 2020 3176 2090 primo
3222 2021 3379 2074 nobis
3406 2032 3490 2074 (‘Sl

1873 2132 2041 2186 opus;
2090 2115 2264 2186 primo
2299 2111 2592 2168 admodum
2640 2125 2780 2182 opus
2821 2121 2924 2174 est,
2970 2120 3026 2166 et
3065 2111 3196 2166 mibi
3229 2110 3494 2166 et’vobis.

1875 2208 2147 2262 "abemus
2189 2204 2341 2270 illud,
2369 2204 2463 2260 sed
2512 2220 2619 2257 non
2668 2212 2725 2258 ut
2769 2210 3067 2272 oporteret.
3101 2203 3396 2274 Diligamns
3434 2203 3496 2257 il.

1876 2301 1985 2356 lum
2018 2319 2032 2355 :
2061 2301 2212 2354 scitis
2239 2307 2438 2369 qlianla
2467 2297 2703 2368 reposita
2750 2297 2823 2352 sit
2849 2311 3060 2352 merces
3093 2297 3176 2360 iis,
3221 2297 3310 2367 qui
3339 2294 3496 2350 Chri-

1874 2403 2018 2447 stum
2049 2391 2282 2460 diligunt
2311 2407 2324 2444 :
2352 2403 2600 2444 amemus
2629 2388 2785 2444 illum
2813 2404 2937 2444 cum
2966 2387 3181 2444 fervore
3212 2389 3400 2454 animi,
3437 2398 3497 2443 ut

1875 2477 1993 2547 ejus
2022 2476 2397 2532 benevolentia
2427 2473 2698 2540 fruentes,
2727 2473 3012 2543 prescnlis
3042 2474 3167 2528 vita:
3197 2483 3496 2541 tempesta-

1877 2579 1984 2623 tom
2027 2568 2316 2640 fugiamus,
2367 2575 2424 2622 et
2473 2567 2743 2637 promissa
2783 2565 3139 2636 diligentibus
3181 2581 3305 2620 eum
3354 2567 3496 2621 bona

1875 2660 2136 2729 consequi
2166 2659 2478 2730 dignemur,
2509 2658 2682 2730 gratia
2727 2667 2784 2713 et
2827 2657 3204 2714 misericordia
3237 2657 3499 2728 unigeniti

1877 2753 1997 2824 ejus
2023 2752 2167 2817 Filii,
2198 2752 2418 2824 quicum
2450 2752 2597 2808 Patri
2637 2759 2694 2808 et
2726 2750 2950 2822 Spiritui
2979 2761 3167 2807 sancto
3192 2751 3500 2823 gloria.im-

1878 2847 2112 2916 perium,
2158 2843 2358 2912 honor,
2386 2859 2532 2901 nunc
2571 2853 2627 2901 et
2665 2859 2905 2916 semper,
2934 2853 2991 2900 et
3021 2844 3075 2900 in
3104 2844 3303 2901 sarcula
3332 2858 3496 2901 sacu-

1880 2936 2078 2992 lorum.
2111 2938 2311 2994 Amen.

1502 3149 1849 3211 HOMILIA
1892 3149 2092 3212 XLV.

164 3301 290 3358 Car.
318 3299 412 3356 20.
440 3315 496 3353 v.
525 3297 619 3353 52.
650 3295 715 3352 Et
739 3313 875 3351 nunc
895 3338 909 3362 ,
943 3299 1129 3367 fratres
1149 3337 1164 3362 ,
1202 3293 1500 3350 commendo
1530 3308 1616 3346 vos
1666 3290 1776 3346 Deo

233 3404 282 3452 et
311 3393 461 3450 verba
485 3391 667 3464 gratia
703 3391 887 3463 ipsius,
926 3390 1014 3463 qui
1047 3397 1210 3461 potest
1248 3387 1508 3459 ludiﬁcare
1529 3426 1544 3454 ,
1580 3393 1624 3441 et
1651 3385 1774 3442 dare

239 3489 570 3546 hereditatem
597 3485 735 3539 vobis
759 3485 812 3538 in
840 3483 1177 3551 sanctiﬁcatis
1219 3481 1475 3535 omnibus.

238 3582 291 3636 1.
324 3580 430 3634 Per
471 3579 693 3650 gratiam
737 3577 957 3630 salutem
1015 3576 1393 3646 consequimur.
1427 3603 1496 3613 —
1525 3571 1680 3642 Quod
1727 3573 1778 3626 in

169 3674 446 3746 epistolis,
477 3672 580 3726 hoc
610 3681 667 3726 et
691 3671 744 3724 in
780 3669 1025 3724 consiliis
1050 3669 1159 3739 agit
1194 3687 1206 3722 :
1235 3670 1302 3722 ab
1330 3667 1700 3723 admonitione
1728 3669 1780 3722 in

170 3767 473 3822 orationem
505 3762 726 3818 desinit.
766 3759 902 3828 Quia
930 3760 1074 3814 cnim
1107 3761 1230 3815 illos
1257 3759 1413 3815 valde
1441 3760 1666 3824 terruit,
1701 3758 1785 3813 di—

170 3873 300 3914 cens
336 3876 350 3909 :
380 3855 523 3926 Lupi
544 3869 721 3926 graves
742 3854 794 3906 in
822 3868 909 3907 vos
935 3852 1322 3924 ingredientur;
1367 3867 1435 3907 ne
1464 3858 1784 3906 consterna-

172 3960 254 4006 ret
305 3958 361 4004 et
409 3947 665 4017 perderet
719 3944 968 4008 animos,
1024 3943 1150 3998 vide
1205 3943 1658 3999 consolationem.
1717 3942 1786 3996 Et

173 4057 344 4108 me,
401 4037 594 4110 inquit.
647 4036 736 4092 lla‘
765 4035 936 4102 dixit,
985 4035 1114 4091 hinc
1171 4033 1469 4090 ostendens
1515 4050 1576 4090 se
1628 4035 1782 4105 quasi

176 4149 390 4203 semper
443 4131 547 4186 hoc
575 4143 758 4200 agere.
787 4126 1099 4183 Canunendo
1144 4142 1232 4181 vos
1250 4168 1267 4195 ,
1314 4127 1534 4194 fratres,
1574 4124 1688 4180 Deo
1739 4136 1788 4179 et

178 4226 322 4280 uerbo
365 4223 551 4295 gratia:
599 4222 796 4292 ipsius,
826 4220 877 4274 id
926 4229 1048 4286 est,
1079 4221 1267 4290 gratiae
1317 4219 1457 4290 ejus.
1495 4222 1672 4290 Atque
1716 4220 1788 4273 ita

183 4320 314 4372 bene
342 4315 481 4370 dixit
510 4334 523 4368 :
557 4320 780 4367 noverat
809 4312 954 4366 enim
977 4351 992 4376 ,
1020 4309 1165 4382 quod
1197 4311 1372 4382 gratia
1404 4312 1581 4366 salvos
1608 4311 1786 4365 faciat.

185 4409 514 4480 Frequenter
545 4407 674 4477 ipsis
703 4407 929 4476 gratiam
959 4416 1391 4472 commemorat,
1435 4413 1495 4460 ut
1517 4404 1792 4460 debitores

185 4503 535 4560 studiosiores
560 4499 796 4555 reddens
820 4509 876 4555 et
907 4499 1184 4554 conlidere
1215 4498 1469 4555 suadens.
1503 4498 1604 4566 Qui
1630 4509 1792 4569 potest

186 4611 267 4650 vos
288 4593 729 4664 supertvdi/icare.
749 4590 866 4645 Non
896 4590 1065 4658 dixit,
1087 4589 1415 4656 Edilicare;
1445 4590 1564 4658 sed,
1593 4591 1794 4660 Super-

189 4689 482 4758 redi/icere,
540 4683 836 4739 ostendens
893 4685 1042 4754 ipsos
1101 4685 1213 4754 jam
1263 4684 1558 4740 aedilicatos
1605 4685 1788 4740 fuisse.

194 4780 387 4838 Deinde
423 4778 618 4833 futurae
667 4777 782 4847 spei
827 4777 1076 4831 meminit
1117 4775 1350 4832 dicens:
1389 4774 1451 4829 Et
1491 4777 1616 4830 dare
1656 4775 1795 4831 vobis

193 4875 512 4930 hereditatem
555 4874 608 4925 in
659 4871 989 4940 sanctiﬁcatis
1033 4870 1291 4925 omnibus.
1339 4871 1531 4926 Postea
1578 4887 1793 4926 rursum

195 4967 483 5024 admonitio
531 4983 544 5018 :
599 4965 690 5020 55.
735 4966 1052 5036 Argentum,
1095 4964 1296 5036 inquit,
1339 4965 1418 5019 vel
1461 4982 1644 5019 aurum
1673 5007 1688 5027 ,
1722 4968 1798 5021 vel

197 5072 368 5116 vestem
413 5057 610 5112 nullius
657 5058 938 5126 concupiui.
987 5055 1245 5112 Radicem
1297 5056 1560 5111 malOrum
1616 5057 1794 5123 tollit,

200 5151 488 5204 avaritiam.
525 5148 851 5218 Argentum,
885 5147 1087 5217 inquit,
1117 5148 1193 5201 vel
1243 5164 1448 5201 eurum.
1482 5147 1596 5202 Non
1628 5148 1796 5211 dixit,

209 5242 313 5296 Non
375 5242 593 5309 accepi,
648 5238 783 5304 sed,
835 5237 1016 5309 Neque
1061 5241 1350 5310 concupiui.
1397 5240 1646 5296 Nondum
1697 5240 1801 5296 hoc

206 5350 443 5404 magnum
475 5343 589 5398 est,
635 5331 731 5385 sed
780 5331 924 5400 quod
975 5334 1219 5401 sequitur
1261 5349 1535 5404 magnum.
1577 5335 1667 5389 51.
1702 5332 1803 5388 Vos

207 5430 360 5490 scitis,
390 5425 511 5492 quia
538 5424 918 5478 necessitatibus
949 5426 1074 5479 meis
1100 5436 1145 5479 et
1171 5426 1265 5492 iis,
1294 5429 1379 5498 qui
1423 5444 1618 5481 mecum
1643 5439 1760 5482 sunt
1784 5469 1801 5494 ,

209 5519 608 5571 ministraveruut
657 5533 838 5570 manus
877 5517 1008 5571 istae.
1053 5519 1143 5574 55.
1179 5518 1366 5572 Omnia
1395 5520 1593 5573 ostendi
1629 5522 1766 5573 vobis
1788 5560 1802 5582 ,

210 5609 434 5676 quamam
453 5609 528 5660 sic
555 5606 842 5660 laborantes
867 5618 1064 5677 oportet
1090 5610 1344 5680 suscipere
1391 5611 1645 5676 inﬁrmos.
1675 5611 1808 5666 Vide

215 5699 347 5755 illum
371 5712 541 5770 Opere
580 5713 838 5753 manuum
870 5708 1132 5768 utentem,
1164 5717 1264 5758 nec
1293 5703 1506 5770 leviter,
1541 5703 1634 5759 sed
1666 5704 1810 5759 i:.bo~

221 5797 435 5846 tantem.
465 5790 872 5848 Necessitatibus
915 5793 1039 5848 meis
1067 5805 1114 5848 et
1141 5795 1205 5848 iis
1231 5837 1246 5864 ,
1293 5796 1381 5866 qui
1430 5813 1624 5851 mecum
1653 5807 1808 5866 sunt,

1887 3292 2310 3347 ministraverunt
2352 3309 2536 3349 manus
2570 3295 2703 3350 ista.
2743 3294 2857 3350 lioc
2900 3295 3246 3350 admonendo
3288 3297 3503 3352 dicitur.

1887 3384 1957 3442 Et
1987 3384 2109 3442 vide
2136 3400 2259 3474 cum
2298 3395 2498 3459 quanta
2525 3386 2853 3474 dignitate;
2906 3405 3012 3444 non
3053 3390 3201 3448 enim
3233 3390 3402 3454 dixit,
3438 3392 3510 3447 Ut

1889 3481 2132 3551 pecuniis
2161 3482 2471 3550 superiores
2503 3483 2647 3549 sint;
2677 3482 2775 3537 sed
2822 3483 2996 3554 quid?
3033 3483 3311 3555 Suscipere
3361 3485 3509 3553 in/ir-

1888 3590 2016 3628 mos.
2047 3573 2163 3628 Non
2191 3574 2361 3642 dixit,
2393 3573 2598 3630 Omnes
2629 3616 2644 3641 ,
2677 3574 2773 3631 sed
2792 3618 2807 3642 ,
2839 3574 3109 3645 Inﬁrmas.
3152 3576 3220 3630 Et
3250 3578 3513 3632 recordari
3608 3619 3615 3625 .

1891 3666 2025 3719 verbi
2078 3665 2326 3734 Domini,
2358 3667 2496 3735 quod
2533 3666 2667 3721 dixit
2714 3682 2734 3720 :
2776 3666 2986 3722 Beatius
3034 3677 3108 3722 est
3150 3669 3307 3732 dare,
3357 3685 3514 3737 quam

1892 3757 2142 3826 accipere.
2191 3757 2268 3812 Ne
2296 3758 2416 3829 quis
2448 3767 2663 3829 putaret
2688 3758 2755 3812 ad
2789 3759 2913 3814 illos
2941 3759 3142 3814 dictum
3174 3775 3296 3816 esse
3321 3801 3335 3826 ,
3371 3771 3425 3815 et
3454 3777 3516 3816 se

1891 3850 2170 3920 exemplar
2214 3850 2322 3906 illis
2361 3850 2521 3915 dare,
2565 3861 2625 3906 ut
2667 3851 2793 3906 alibi
2836 3851 2910 3906 ait
2954 3868 2968 3904 :
3003 3851 3287 3922 Exemplar
3334 3854 3516 3908 dantes

1892 3943 2032 3996 vobis
2065 3939 2345 4014 (Philipp.
2381 3943 2434 3998 5.
2469 3943 2596 4012 17);
2629 3942 2812 3999 Subdit
2837 3944 3162 3998 sententiam
3197 3944 3396 3998 Christi
3426 3945 3516 3998 di—

1894 4033 2066 4088 centis
2091 4051 2106 4088 :
2130 4031 2343 4088 Beatius
2363 4044 2435 4089 est
2461 4035 2605 4098 dare,
2631 4051 2787 4102 quam
2816 4037 3066 4106 accipere.
3093 4037 3278 4090 Oravit
3298 4051 3519 4109 quoque

1896 4142 2059 4197 super
2103 4127 2210 4183 illis
2241 4143 2504 4194 monens,
2549 4128 2794 4199 illudque
2818 4143 2988 4200 opere
3017 4131 3276 4186 ostendit.
3323 4131 3414 4186 56.
3450 4130 3519 4186 Et

1895 4235 2011 4272 cum
2052 4219 2162 4274 lucc
2207 4220 2454 4286 dixisset,
2501 4221 2678 4291 positis
2710 4221 2926 4292 genibus
2969 4239 3087 4276 cum
3132 4222 3366 4277 onmibus
3413 4225 3519 4279 illis

1897 4315 2078 4369 oravit.
2103 4314 2289 4370 Oravit
2315 4357 2330 4382 ,
2359 4332 2468 4372 non
2501 4326 2794 4386 utcumque
2816 4359 2829 4381 ,
2860 4317 2954 4372 sed
2986 4331 3108 4372 cum
3148 4320 3316 4373 multa
3357 4334 3514 4374 com-

1899 4407 2213 4477 punctione.
2246 4407 2436 4478 Magna
2464 4408 2800 4473 consolatio;
2832 4420 2888 4464 et
2929 4425 3053 4464 cum
3082 4411 3322 4475 diceret,
3356 4411 3516 4466 Com-

1897 4499 2082 4554 mendo
2112 4516 2200 4555 vos
2229 4499 2489 4568 Domino,
2521 4500 2928 4556 consolabatur.
2972 4504 3063 4557 37.
3099 4503 3320 4574 Magnus
3349 4515 3520 4557 autem

1899 4595 2050 4663 ﬂetus
2083 4597 2249 4666 factus
2274 4603 2347 4648 est
2377 4595 2680 4655 omnium,et
2709 4595 3096 4664 procumbentes
3133 4612 3289 4664 super
3331 4597 3524 4650 col/unt

1907 4684 2080 4750 Pauli,
2103 4686 2469 4740 osculabantur
2490 4701 2627 4750 eum,
2655 4684 2746 4740 58.
2763 4686 3008 4753 dolentes,
3036 4689 3258 4742 maxime
3278 4689 3329 4740 in
3355 4691 3523 4749 verbo.

1899 4781 2036 4849 quod
2076 4780 2322 4844 dixerat,
2367 4780 2507 4851 quod
2556 4779 2785 4850 amplius
2828 4781 3011 4851 facient
3050 4783 3162 4852 ejus
3206 4798 3310 4834 non
3361 4792 3528 4835 essent
3601 4808 3610 4814 -

1901 4874 2079 4926 visuri.
2116 4871 2183 4926 Et
2228 4873 2550 4930 deducebant
2589 4890 2705 4927 eum
2744 4873 2813 4927 ad
2850 4890 3049 4932 navem.
3084 4874 3270 4939 Dixit,
3317 4874 3530 4929 Veniant

1904 4965 2016 5033 lupi
2062 4982 2278 5035 graves;
2326 4965 2500 5032 dixit,
2537 4964 2766 5021 Mundus
2796 4983 2889 5038 ego
2932 4984 3044 5021 sum
3074 4986 3105 5020 a
3135 4969 3387 5038 sanguine
3417 4985 3530 5020 om-

1906 5057 2048 5110 nium
2074 5075 2093 5111 :
2123 5057 2236 5132 haec
2264 5066 2494 5128 utraque
2524 5059 2806 5122 terribilia,
2839 5075 2960 5128 quae
2989 5072 3210 5130 possent
3233 5077 3530 5116 maerorem

1907 5150 2136 5217 afferre;
2188 5152 2422 5206 maxime
2453 5163 2634 5206 autem
2675 5152 2780 5207 hoc
2807 5155 3048 5208 omnium
3082 5169 3176 5208 eos
3215 5156 3527 5217 cruciabat,

1907 5243 2050 5311 quod
2082 5243 2396 5307 audissent,
2425 5258 2485 5299 se
2525 5259 2630 5298 non
2675 5244 2816 5298 ultra
2842 5245 3055 5300 visuros
3080 5247 3254 5315 ipsum
3285 5262 3408 5301 esse
3440 5265 3451 5298 :
3479 5257 3534 5300 et

1910 5332 2035 5388 hinc
2061 5350 2197 5403 agon
2228 5335 2601 5404 gravissimus.
2634 5333 3002 5403 Deducebant,
3040 5338 3251 5408 inquit,
3285 5338 3435 5392 illum
3462 5340 3532 5391 ad

1910 5441 2111 5480 navem.
2142 5426 2233 5482 Sic
2253 5428 2510 5482 ornabant
2535 5427 2707 5493 illum,
2731 5430 2810 5482 sic
2831 5427 3009 5484 allecti
3033 5445 3156 5500 erga
3179 5431 3328 5484 illum
3353 5441 3534 5485 erunt.

1913 5515 2068 5588 (Cap.
2102 5515 2211 5582 2|.)
2252 5519 2302 5572 1.
2336 5519 2464 5574 Cum
2493 5529 2663 5573 autem
2690 5520 2887 5589 factum
2916 5531 3066 5586 esset,
3093 5532 3147 5575 ut
3178 5523 3534 5592 navigaremus

1915 5613 2162 5665 abstracti
2189 5613 2249 5664 ab
2290 5616 2382 5681 eis,
2413 5625 2548 5668 recto
2576 5632 2728 5668 cursu
2757 5617 2984 5670 venimus
3010 5618 3195 5682 Coum,
3230 5629 3274 5669 et
3307 5621 3539 5675 sequenti

1915 5706 1999 5759 die
2042 5703 2318 5772 Rhodum,
2376 5720 2422 5761 et
2477 5708 2597 5762 inde
2643 5708 2914 5762 Pataram.
2957 5711 3012 5764 2.
3048 5709 3116 5763 Et
3168 5712 3371 5764 inventa
3425 5718 3539 5764 naui

1920 5801 2205 5869 trojicicnte
2228 5803 2278 5855 in
2311 5800 2625 5878 Phanicen,
2654 5819 2713 5858 ea
2737 5820 3013 5858 conscensa
3053 5805 3295 5859 solvimus
3346 5805 3401 5860 '5.
3433 5807 3532 5860 Ubi
