4072 6460
585 380 687 435 315

583 503 749 544 autent
777 486 1014 560 apparuit
1042 482 1262 554 Cyprus,
1296 483 1468 536 relicta
1495 477 1585 533 illa
1611 474 1676 529 ad
1703 474 1983 538 sinistram,
2014 470 2159 523 naui-

583 601 761 655 gamus
786 582 836 636 in
865 580 1072 650 Syriam
1091 618 1106 644 ,
1140 587 1185 631 et
1213 576 1437 630 uenimus
1473 569 1686 642 Tyrum.
1720 565 1850 622 Vide
1879 583 1892 619 :
1923 563 2069 619 venit
2093 562 2163 641 in

583 674 826 744 Lyciam,
858 678 914 725 et
959 667 1231 738 trajiciens
1262 667 1314 719 in
1346 662 1633 720 Phoenicen
1656 700 1671 726 ,
1719 657 1905 713 relicta
1953 655 2160 724 Cypro,

584 766 783 836 Tyrum
842 761 1143 830 navigavit;
1189 771 1314 811 nam
1343 755 1451 810 illic
1478 752 1628 807 navis
1656 744 1997 805 exoneranda
2025 753 2162 800 erat.

585 857 710 912 llaec
751 868 912 908 causa
954 851 1054 906 fuit
1081 866 1178 905 cur
1206 848 1407 920 Tyrum
1446 845 1602 901 irent.
1635 842 1688 896 4.
1731 838 1956 894 Inventis
1997 845 2165 888 autem

584 944 868 1014 discipulis,
893 942 1169 996 mansimus
1193 939 1262 994 ibi
1289 936 1461 991 diebus
1485 941 1674 1005 septem
1703 948 1720 986 :
1741 931 1826 1002 qui
1845 928 2008 983 Paulo
2028 925 2168 979 dice-

589 1037 711 1090 bant
738 1051 827 1106 per
853 1034 1131 1105 Spiritum,
1162 1045 1225 1083 ne
1249 1026 1538 1082 ascenderet
1571 1022 1967 1092 Jerosolymam.
1998 1015 2165 1079 Vide,

588 1126 913 1197 prophetam.
939 1124 1012 1178 illi
1038 1120 1375 1176 altlictioues.
1407 1113 1688 1172 Provisum
1731 1121 1909 1166 autem
1940 1107 2069 1172 iuit,
2115 1113 2170 1159 ut

587 1229 642 1275 et
673 1219 744 1273 illi
771 1217 1012 1272 dicerent
1038 1254 1052 1278 ,
1098 1228 1166 1267 ne
1205 1210 1327 1282 quis
1369 1215 1580 1280 putaret
1623 1204 1740 1260 haec
1774 1201 1968 1258 frustra
1995 1206 2049 1253 et
2083 1198 2166 1268 ja-

595 1309 768 1364 ctandi
792 1322 949 1363 causa
967 1305 1188 1360 Paulum
1211 1302 1430 1358 dixisse.
1451 1300 1647 1354 lterum
1676 1303 1853 1350 autem
1879 1293 1986 1347 illic
2011 1305 2173 1344 oran—

592 1415 689 1465 tes,
718 1414 777 1454 se
803 1408 986 1454 mutuo
1015 1395 1371 1465 reliquerunt.
1400 1391 1452 1446 5.
1486 1389 1550 1442 Ει
1587 1386 1797 1458 expletis
1830 1383 2004 1437 diebus
2047 1393 2171 1449 pro-

591 1493 709 1563 fecti
745 1491 941 1544 ibamus
965 1530 980 1555 ,
1011 1485 1372 1541 deducentibus
1399 1499 1490 1537 nos
1514 1480 1744 1535 omnibus
1779 1491 1893 1530 cum
1929 1474 2172 1527 uxoribus

586 1562 634 1637 et
656 1582 776 1652 [iliis
804 1596 959 1652 usque
983 1583 1124 1652 foras
1152 1577 1398 1630 civitatem
1424 1589 1442 1628 :
1474 1581 1521 1627 et
1550 1569 1726 1640 positis
1756 1568 1809 1622 in
1841 1566 2007 1620 littore
2032 1562 2173 1636 geni-

586 1675 679 1726 bus
729 1672 998 1725 oravimus.
1043 1669 1095 1725 6.
1151 1665 1218 1721 Et
1276 1680 1393 1717 cum
1457 1660 1862 1731 valefecissemus
1928 1655 2171 1719 invicem,

594 1765 908 1817 ascendimus
939 1761 989 1814 in
1030 1758 1196 1813 navim
1235 1774 1253 1810 :
1286 1754 1365 1808 illi
1393 1769 1507 1809 vero
1547 1752 1806 1806 redierunt
1850 1749 1917 1803 ad
1943 1746 2170 1818 propria.

593 1857 644 1908 7.
678 1855 788 1910 Nos
817 1865 986 1909 autem
1026 1850 1346 1923 navigatione
1377 1847 1577 1916 expleta
1605 1861 1636 1897 a
1664 1841 1798 1914 Tyro
1826 1840 2175 1894 descendimus

595 1947 1001 2012 Ptolemaidem;
1027 1954 1075 2000 et
1098 1941 1330 2000 salutatis
1355 1938 1620 2013 fratribus,
1648 1937 1925 1990 mansimus
1949 1933 2032 1986 die
2073 1948 2175 1985 uno

594 2040 734 2107 apud
755 2038 890 2092 illos.
923 2037 979 2093 8.
1008 2034 1249 2108 Sequenti
1280 2048 1392 2086 vero
1419 2031 1501 2083 die
1523 2029 1736 2099 profecti
1763 2026 1986 2080 uenimus
2010 2022 2177 2078 Cresa-

595 2146 756 2197 ream,
800 2137 847 2182 et
875 2126 1089 2197 ingressi
1121 2127 1173 2178 in
1200 2123 1404 2178 domum
1445 2117 1678 2188 Philippi
1702 2116 2057 2186 evangelista,
2091 2113 2175 2182 qui

597 2231 702 2274 erat
722 2237 852 2275 unus
869 2234 940 2273 ea:
966 2226 1174 2289 septem,
1194 2215 1473 2269 mansimus
1495 2213 1634 2280 apud
1654 2210 1818 2264 illum.
1851 2208 2174 2271 Caesaream,

601 2311 790 2379 inquit,
823 2309 1119 2372 venientes,
1151 2305 1288 2376 apud
1319 2303 1645 2372 Philippum,
1679 2298 1766 2370 qui
1797 2307 1915 2353 erat
1937 2313 2073 2351 unus
2111 2311 2178 2352 ex

595 2410 828 2469 septem,
851 2399 1166 2455 mansimus.
1191 2395 1245 2451 9.
1279 2394 1414 2449 Huic
1441 2402 1608 2447 autem
1635 2400 1774 2444 erant
1812 2397 2027 2459 quatuor
2055 2386 2180 2456 ﬁlice

599 2491 980 2561 prop/tetantes.
1019 2488 1122 2544 Sed
1169 2501 1275 2542 non
1319 2483 1436 2540 ista:
1480 2482 1778 2552 praedicunt
1818 2478 1981 2535 Paulo
2005 2519 2019 2544 ,
2055 2477 2180 2531 licet

601 2583 1002 2653 prophetarent,
1033 2581 1129 2635 sed
1154 2578 1366 2649 Agabus
1396 2594 1410 2629 :
1441 2583 1497 2632 et
1522 2573 1790 2646 quomodo
1822 2571 1966 2628 audi.
1996 2570 2084 2626 10.
2113 2568 2179 2623 Et

599 2691 712 2726 cum
743 2689 1054 2727 maneremus
1079 2687 1168 2742 per
1203 2670 1308 2724 dies
1347 2669 1572 2736 aliquot,
1600 2666 1730 2720 venit
1758 2680 1790 2716 a
1825 2662 2010 2718 Iudaea
2054 2677 2178 2730 pro-

599 2771 748 2838 pheta
769 2809 784 2834 ,
828 2767 1030 2820 nomine
1077 2761 1277 2833 Agabus
1307 2777 1325 2815 :
1358 2761 1444 2816 ll.
1476 2770 1522 2814 et
1553 2774 1666 2812 cum
1707 2759 1918 2811 venisset
1944 2756 2012 2808 ad
2057 2770 2178 2820 nos,

598 2862 709 2913 tulit
736 2873 915 2911 zonam
940 2855 1125 2910 Pauli:
1143 2863 1190 2908 et
1209 2854 1431 2924 alligans
1447 2850 1541 2906 sibi
1565 2851 1716 2920 pedes
1733 2859 1779 2904 et
1796 2865 1992 2914 manus,
2018 2849 2182 2901 dixit:

601 2951 726 3005 lltec
751 2951 872 3004 dicit
902 2948 1123 3019 Spiritus
1147 2956 1350 3001 sanctus
1373 2961 1391 2999 :
1422 2942 1616 3012 Virum,
1639 2944 1782 3013 cujus
1802 2951 1875 2996 est
1896 2958 2027 2996 zona
2051 2942 2177 3008 luec,

604 3046 674 3096 sic
701 3040 983 3112 alligabunt
1012 3040 1063 3093 in
1089 3036 1373 3092 Jerusalem
1399 3033 1593 3099 Iudici,
1625 3044 1672 3088 et
1701 3033 1898 3087 tradent
1918 3033 1970 3086 in
2002 3048 2180 3087 manus

597 3136 837 3201 gentium.
856 3130 955 3198 Qui
977 3129 1106 3184 olim
1127 3127 1318 3182 famem
1348 3125 1689 3196 praedixerat,
1706 3124 1792 3179 hic
1818 3125 1892 3178 ait
1921 3141 1933 3176 :
1975 3123 2177 3188 Virum,

601 3225 746 3291 cujus
786 3231 857 3276 est
902 3237 1033 3276 zona
1075 3219 1213 3285 haec,
1252 3219 1324 3272 sic
1365 3217 1664 3288 alligabunt.
1711 3215 1862 3283 Quod
1909 3218 2184 3287 prophetas

602 3313 897 3377 iaciebant,
928 3312 1099 3366 oculis
1137 3309 1312 3366 futura
1343 3309 1706 3365 describentes
1734 3351 1748 3376 ,
1772 3324 1892 3364 cum
1923 3308 1990 3363 de
2016 3310 2183 3379 capti-

601 3406 761 3457 vitate
783 3404 1032 3458 dicebant
1059 3413 1115 3457 ut
1140 3401 1384 3456 Ezechiel
1413 3419 1426 3455 :
1458 3402 1558 3456 hoc
1579 3409 1634 3456 et
1658 3401 1759 3455 iste
1781 3399 1924 3455 fecit.
1953 3401 2016 3456 Et
2040 3400 2182 3469 quod

599 3512 758 3563 grave
789 3505 942 3551 erat:
973 3493 1039 3549 In
1073 3511 1252 3550 manus
1275 3493 1500 3566 gentium
1530 3495 1748 3547 tradent.
1785 3493 1870 3546 12.
1899 3493 2048 3560 Quod
2070 3509 2184 3546 cum

607 3589 952 3651 audissemus,
985 3586 1292 3657 rogabamus
1319 3600 1410 3638 nos
1437 3592 1484 3638 et
1511 3584 1596 3655 qui
1627 3581 1724 3637 loci
1753 3583 1890 3637 illius
1919 3592 2090 3646 erant,
2124 3599 2186 3636 ne

601 3679 886 3732 ascenderet
917 3677 1308 3747 Jerosolymam.
1345 3676 1408 3730 Et
1438 3675 1586 3730 multi
1618 3675 1860 3737 orabant,
1894 3689 1960 3730 ne
1988 3673 2179 3738 abiret,

602 3785 771 3838 neque
798 3770 874 3823 sic
901 3767 1120 3822 audivit.
1167 3768 1252 3822 15.
1287 3765 1569 3835 Respondit
1597 3782 1712 3820 vero
1737 3765 1936 3820 Paulus
1977 3783 1996 3820 :
2047 3766 2184 3833 Quid

609 3861 777 3928 tacitis
803 3859 978 3924 ﬂentes
1007 3867 1053 3910 et
1092 3857 1362 3927 aﬂligentes
1387 3872 1475 3910 cor
1503 3855 1710 3909 meum?
1750 3855 1860 3926 Ego
1902 3856 2034 3908 enim
2084 3872 2184 3909 non

603 3953 767 4002 solum
797 3949 1032 4018 alligari,
1085 3948 1173 4002 sed
1212 3949 1364 4001 etiam
1405 3950 1532 4002 mori
1561 3949 1614 4002 in
1641 3945 1929 4002 Jerusalem
1978 3960 2185 4018 paratus

601 4059 710 4094 sum
737 4057 829 4110 pro
859 4042 1060 4095 nomine
1085 4039 1294 4095 Domini
1321 4040 1469 4097 Jesu.
1502 4042 1592 4096 14.
1625 4040 1689 4093 Et
1731 4057 1845 4094 cum
1884 4041 1928 4094 ei
1972 4040 2186 4094 suadere

603 4149 704 4186 non
746 4148 1003 4201 possemus
1027 4172 1043 4196 ,
1086 4131 1364 4202 quievimus
1389 4132 1654 4187 dicentes:
1687 4130 1933 4187 Voluntas
1976 4130 2184 4186 Domini

600 4227 712 4292 fiat.

670 4317 725 4369 2.
772 4315 970 4371 Vides?
1009 4316 1077 4374 Ut
1102 4333 1168 4372 ne
1191 4318 1414 4374 audiens
1431 4327 1581 4388 putes
1608 4335 1670 4374 ex
1705 4321 2026 4376 necessitate
2053 4321 2184 4377 illud

602 4421 744 4471 esse,
775 4407 1031 4476 Alligatus
1057 4408 1257 4478 Spiritu
1283 4411 1411 4464 vado
1433 4428 1452 4475 ;
1480 4425 1619 4466 neve
1649 4412 1821 4482 ipsum
1854 4413 2183 4483 ignorantem

604 4497 854 4552 incidisse
882 4496 1104 4563 credas;
1137 4497 1256 4553 ideo
1284 4499 1398 4554 hrec
1438 4501 1818 4569 praedicuntur.
1855 4505 1923 4557 At
1969 4504 2040 4559 illi
2069 4507 2184 4576 qui-

602 4587 723 4641 dem
755 4587 948 4642 llebanl
977 4603 991 4652 ;
1025 4587 1114 4641 hic
1144 4603 1270 4644 vero
1300 4589 1676 4645 consolabatur
1698 4591 1887 4648 dolens
1914 4595 1980 4649 de
2009 4595 2184 4667 laery-

604 4679 704 4732 mis
742 4677 1137 4748 eorumaouid
1172 4680 1363 4750 facitis,
1397 4680 1587 4751 inquit,
1619 4683 1798 4751 ﬂentes
1828 4693 1871 4737 et
1915 4685 2186 4756 aﬂiigentes

604 4787 690 4822 cor
718 4787 883 4824 nicum
913 4772 936 4824 .9
963 4770 1105 4826 Nihil
1148 4771 1311 4826 Paulo
1337 4774 1601 4827 amantius
1632 4790 1646 4827 :
1679 4777 1799 4844 quia
1833 4774 2188 4846 lacrymanles

604 4863 817 4918 videbat
839 4906 852 4929 ,
883 4864 1129 4932 dolebat,
1161 4867 1248 4936 qui
1281 4867 1331 4920 in
1373 4867 1603 4936 propriis
1633 4869 2011 4924 tentationibus
2055 4869 2185 4924 nihil

607 4954 922 5023 patiebatur.
945 4955 1026 5010 Me
1068 4956 1120 5011 in
1161 4955 1262 5012 hoc
1288 4957 1478 5012 liCdiliS
1502 4999 1518 5025 ,
1549 4959 1754 5028 inquit:
1790 4960 2044 5029 numquid
2087 4975 2186 5032 ego

604 5043 810 5096 doleo?
839 5042 989 5099 Tunc
1017 5045 1335 5114 quieverunt
1360 5087 1374 5112 ,
1403 5047 1615 5114 quando
1649 5049 1782 5104 dixit
1807 5067 1817 5101 :
1857 5050 1992 5117 Quid
2019 5053 2187 5121 facitis

603 5134 874 5204 ofﬂigentes
904 5151 991 5189 cor
1021 5137 1230 5190 meum?
1258 5137 1428 5207 Super
1460 5139 1606 5193 vobis
1639 5141 1821 5210 ploro,
1851 5143 2040 5211 inquit,
2075 5160 2180 5198 non

606 5241 764 5294 super
797 5226 1131 5294 missionibus
1178 5229 1312 5281 meis
1347 5247 1357 5280 :
1394 5245 1486 5298 pro
1517 5230 1622 5284 illis
1652 5233 1812 5284 etiam
1860 5231 1992 5286 mori
2040 5235 2182 5287 volo.

605 5319 710 5374 Sed
737 5333 894 5388 supra
935 5321 1074 5375 dicta
1108 5331 1428 5391 repetamus.
1461 5323 1734 5394 Argentum
1774 5325 1849 5377 vel
1889 5341 2070 5378 aurum
2111 5327 2186 5379 vel

604 5422 786 5464 vestem
817 5412 1007 5467 nullius
1033 5414 1339 5482 concupiui,
1371 5414 1538 5483 inquit
1567 5431 1580 5468 z
1611 5429 1695 5468 vos
1733 5417 1905 5479 scitis,
1936 5416 2054 5485 quia
2094 5433 2185 5470 ne-

603 5501 917 5554 cessitatibus
947 5510 1066 5557 meis
1092 5513 1140 5557 et
1166 5505 1248 5571 iis,
1280 5505 1367 5574 qui
1390 5521 1584 5558 mecum
1608 5513 1744 5570 sunt,
1778 5506 2187 5561 ministraverunt

609 5607 788 5644 manus
809 5591 936 5646 istae.
967 5593 1080 5646 Non
1111 5611 1237 5664 ergo
1257 5594 1497 5650 Corinthi
1527 5604 1730 5650 tantum
1771 5595 1870 5652 hoc
1898 5596 2136 5652 iecerunt
2166 5638 2182 5664 ,

605 5683 692 5751 qui
724 5686 1138 5753 corrumpebant
1165 5686 1471 5756 discipulos,
1494 5687 1586 5743 sed
1617 5690 1774 5743 etiam
1799 5689 1849 5742 in
1881 5690 2027 5744 Asia.
2050 5689 2188 5744 Nus-

605 5791 762 5844 quam
811 5777 911 5831 hoc
959 5777 1203 5847 Ephesiis
1249 5781 1589 5850 improperat.
1636 5781 1857 5848 Quare?
1899 5781 2035 5850 Quia
2078 5798 2184 5837 non

1221 371 1278 426 S.
1319 364 1596 426 JOANNIS
1629 358 2108 420 CHRYSOSTOMI
2148 354 2466 412 ARCIIIEP.
2509 347 3045 408 CUNSTANTINOP.

3756 346 3864 400 3i6

2277 466 2459 520 incidit
2491 465 2544 518 in
2581 462 2976 518 necessitatem.
3019 459 3121 515 Sed
3152 467 3205 514 et
3227 456 3518 512 Corinthiis
3544 456 3670 512 dicit
3697 477 3709 513 :
3737 456 3865 512 Non

2271 557 2488 628 infracta
2515 561 2588 608 est
2613 553 2850 624 gloriatio
2878 567 2987 605 mea
3014 552 3065 604 in
3087 548 3375 620 regionibus
3405 547 3614 601 Achaia:
3637 550 3712 616 (2.
3738 550 3865 603 Cor.

2275 649 2362 702 ll.
2393 647 2460 700 10
2483 643 2522 716 ).
2555 643 2663 700 Nec
2687 642 2844 708 dixit,
2860 641 2976 698 Non
3006 640 3229 696 dedistis
3254 639 3415 705 mihi;
3445 638 3559 699 sed,
3585 640 3870 710 Argentum

2272 740 2349 792 vel
2371 754 2553 791 aurum
2582 736 2660 791 vel
2699 743 2881 790 uestem
2920 749 3022 787 non
3066 732 3368 801 concupiui;
3411 745 3478 785 ne
3508 729 3784 784 videretur
3815 730 3868 783 id

2273 845 2392 885 esse
2421 844 2505 894 eo,
2530 826 2673 897 quod
2703 827 2778 880 illi
2810 840 2914 879 non
2938 824 3237 879 dedissent.
3261 823 3446 892 Neque
3472 821 3626 884 dixit,
3657 820 3872 874 Nullius

2274 921 2550 990 concupivi
2581 917 2920 980 necessaria;
2954 925 3012 969 ut
3038 931 3106 970 ne
3135 914 3409 969 videretur
3439 912 3709 967 accusatio
3740 911 3868 965 illo-

2275 1027 2391 1066 rum
2413 1026 2570 1070 esse;
2601 1008 2695 1065 sed
2725 1007 2853 1063 illud
2879 1005 3204 1071 subindicat,
3237 1020 3297 1059 se
3315 1006 3438 1074 jure
3460 1020 3565 1061 non
3587 1004 3869 1073 accepisse

2274 1103 2363 1172 qui
2399 1111 2452 1156 et
2481 1102 2615 1155 alios
2644 1099 2892 1153 nutriret.
2924 1096 3059 1152 Vide
3085 1110 3245 1166 quam
3284 1095 3526 1150 studiose
3553 1103 3873 1165 operaretur

2275 1204 2431 1249 nocte
2457 1202 2510 1248 et
2539 1193 2626 1248 die
2651 1192 2964 1262 colloquens
2988 1205 3110 1243 cum
3156 1188 3410 1258 lacrymis
3440 1229 3456 1253 ,
3487 1189 3729 1258 singulos
3768 1188 3869 1241 ad-

2278 1301 2518 1341 monens.
2543 1285 2727 1339 Omnia
2749 1285 2943 1338 ostendi
2965 1283 3122 1348 vobis,
3148 1281 3340 1350 inquit,
3371 1281 3610 1350 quoniam
3631 1281 3702 1333 sic
3727 1281 3872 1334 labo-

2275 1390 2444 1434 rantes
2473 1388 2667 1448 oportet
2705 1377 2963 1443 suscipere
3004 1375 3256 1443 inﬁrmos.
3302 1374 3413 1427 Hoc
3440 1387 3562 1426 cum
3593 1373 3819 1427 dixisset
3851 1413 3870 1439 ,

2278 1474 2468 1528 iterum
2498 1472 2739 1525 timorem
2767 1466 3004 1522 incussit.
3032 1465 3144 1521 Hoc
3162 1474 3339 1519 autem
3366 1463 3599 1519 indicat:
3623 1462 3739 1518 Νοιι
3769 1479 3871 1533 po—

2279 1565 2429 1620 testis
2446 1563 2512 1617 ad
2535 1561 2886 1633 ignorantiam
2915 1557 3206 1628 confugere
3234 1575 3246 1610 :
3275 1557 3529 1627 operibus
3555 1555 3766 1611 ostendi
3791 1555 3871 1610 sic

2280 1668 2529 1727 operiere
2545 1655 2807 1709 laborare.
2827 1653 2937 1708 Nec
2955 1652 3093 1706 dixit
3109 1651 3306 1706 malum
3319 1664 3439 1704 esse
3455 1649 3729 1719 accipere;
3748 1649 3871 1713 sed,

2280 1749 2470 1804 melius
2501 1763 2621 1802 esse
2651 1762 2758 1800 non
2790 1746 3055 1814 accipere.
3087 1742 3338 1796 Memores
3370 1757 3495 1805 esse,
3532 1741 3725 1812 inquit,
3757 1757 3873 1794 ser-

2280 1841 2440 1894 monis
2459 1838 2669 1894 Domini
2689 1879 2704 1903 ,
2731 1853 2877 1906 quem
2901 1836 3071 1889 dixit:
3103 1834 3306 1888 Beatius
3333 1843 3404 1888 est
3429 1833 3572 1900 dare,
3603 1850 3755 1902 quam
3777 1850 3875 1886 ac-

2279 1933 2460 2001 cipere.
2496 1930 2560 1985 Et
2595 1929 2810 1984 ubinam
2836 1926 3012 1982 dixit?
3041 1926 3200 1981 Forte
3236 1925 3364 1980 illud
3393 1926 3508 1980 sine
3539 1927 3738 1996 scripto
3762 1934 3878 1980 tra—

2279 2023 2529 2079 diderunt
2573 2020 2843 2094 apostoli;
2878 2020 2959 2074 vel
3002 2034 3067 2074 ex
3096 2018 3216 2073 aliis
3241 2019 3363 2088 quis
3389 2017 3643 2089 colligere
3678 2020 3871 2088 possit.

2281 2115 2492 2172 Etenim
2520 2113 2754 2170 osmndit
2809 2112 3056 2166 liduciam
3090 2111 3141 2166 in
3187 2111 3441 2180 periculis
3466 2112 3879 2176 ,commisera-

2283 2210 2480 2264 tionem
2507 2223 2632 2278 erga
2664 2206 2927 2271 subditos,
2958 2204 3254 2260 doctrinam
3281 2218 3405 2259 cum
3430 2202 3679 2274 loquendi
3711 2198 3880 2258 liber-

2285 2308 2412 2365 tate,
2448 2299 2826 2364 humilitatem,
2857 2306 3224 2366 paupertatem
3253 2311 3267 2348 :
3300 2294 3402 2349 hoc
3431 2304 3607 2349 autem
3634 2302 3718 2348 est
3745 2309 3883 2363 pau-

2283 2403 2488 2463 pertate
2524 2393 2716 2462 majus.
2749 2391 2878 2446 Nam
2907 2391 2948 2443 si
2981 2389 3089 2444 illic
3121 2388 3225 2455 ait,
3267 2386 3439 2441 Vende
3477 2403 3590 2458 qua
3616 2387 3790 2449 habes,
3833 2387 3884 2439 si

2282 2486 2355 2539 vis
2394 2489 2642 2556 perfectus
2688 2500 2796 2540 esse
2835 2482 3048 2554 (Matth.
3091 2481 3175 2535 l9.
3205 2480 3301 2548 2t)
3338 2496 3351 2533 :
3394 2495 3515 2535 cum
3563 2495 3667 2533 non
3714 2478 3882 2533 modo

2284 2577 2416 2631 nihil
2457 2577 2705 2645 accipiat,
2733 2573 2826 2630 sed
2863 2573 3024 2628 etiam
3055 2572 3188 2626 alios
3219 2572 3458 2638 nutriat,
3488 2569 3614 2640 quid
3642 2570 3764 2624 huic
3799 2571 3878 2623 rei

2284 2667 2665 2723 conferendum
2683 2667 2707 2720 ἲ
2727 2665 2940 2721 Primus
2959 2663 3155 2734 gradus
3176 2664 3336 2732 igitur
3355 2670 3459 2726 est,
3484 2677 3576 2716 sua
3603 2661 3842 2730 abjiccre
3862 2679 3878 2724 ;

2284 2759 2549 2815 secundus
2570 2801 2585 2825 ,
2614 2757 2718 2814 sibi
2742 2756 2992 2812 sufﬁcere
3017 2774 3031 2820 ;
3061 2755 3270 2820 tertius,
3291 2754 3409 2808 aliis
3435 2768 3645 2824 quoque
3669 2771 3683 2818 ;
3713 2768 3885 2823 quar-

2287 2862 2389 2918 tus,
2425 2851 2801 2922 praedicantem
2834 2861 2886 2904 et
2919 2858 3236 2920 potestatem
3259 2848 3556 2917 accipiendi
3589 2848 3880 2904 habentem

2286 2946 2416 3000 nihil
2445 2945 2710 3014 accipere.
2748 2943 2929 3013 itaque
2985 2942 3048 2996 iis
3075 2982 3088 3006 ,
3133 2942 3222 3011 qui
3268 2941 3398 2994 nihil
3440 2941 3737 3007 haberent,
3791 2942 3885 2998 hic

2285 3038 2454 3092 multo
2483 3037 2673 3091 melior
2700 3045 2836 3092 erat.
2874 3036 2951 3090 Ac
2981 3043 3128 3090 recte
3153 3033 3328 3100 dixit,
3364 3032 3454 3089 Sic
3489 3043 3682 3104 oportet
3715 3036 3882 3088 susci.

2288 3146 2403 3200 pere
2439 3129 2691 3198 inﬁrmos.
2746 3128 2859 3183 Hoc
2899 3128 3041 3183 enim
3091 3134 3175 3182 est
3222 3125 3704 3182 commiserationis
3749 3141 3882 3197 erga

2287 3222 2550 3287 infirmos,
2579 3237 2644 3278 ex
2678 3222 2907 3292 propriis
2935 3222 3062 3277 dare
3088 3220 3393 3286 laboribus;
3423 3235 3488 3276 ex
3516 3219 3704 3274 alienis
3727 3236 3881 3284 vero,

2288 3328 2394 3369 non
2427 3313 2588 3368 modo
2629 3329 2733 3366 non
2776 3311 2973 3368 bonum
2999 3353 3013 3377 ,
3047 3311 3140 3367 sed
3188 3311 3349 3366 etiam
3394 3311 3774 3382 periculosum.
3809 3310 3887 3366 Et

2287 3404 2666 3475 procumbentes
2703 3420 2858 3474 super
2904 3404 3089 3457 collum
3130 3403 3260 3473 ejus,
3303 3403 3490 3472 inquit,
3523 3403 3727 3472 ﬂebant.
3764 3402 3886 3458 Hoc

2290 3497 2501 3550 illorum
2533 3509 2655 3565 erga
2689 3494 2864 3565 ipsum
2896 3494 3142 3548 allectum
3177 3491 3514 3547 ostendebat.
3545 3491 3883 3547 Procumbe-

2291 3589 2415 3642 bant
2435 3597 2612 3643 autem
2643 3588 2694 3642 in
2712 3586 2932 3652 collum,
2959 3594 3139 3654 utpote
3164 3583 3253 3654 qui
3278 3593 3576 3653 postremos
3597 3582 3886 3652 amplexus

2288 3677 2514 3740 darent,
2545 3688 2598 3732 et
2637 3678 2857 3731 multam
2889 3691 2954 3728 ex
2995 3675 3255 3729 concione
3280 3672 3625 3729 dilectionem
3669 3673 3890 3728 hausis-

2289 3768 2799 3824 sentetamicitiam.
2831 3767 2961 3820 Nam
2989 3767 3035 3820 si
3059 3781 3177 3829 nos,
3203 3780 3323 3820 cum
3352 3765 3510 3836 vulgo
3531 3764 3886 3833 discedimus,

2291 3862 2710 3932 ingemiscimus,
2739 3859 2839 3914 etsi
2867 3862 3100 3912 sciamus
3144 3873 3241 3912 nos
3273 3858 3465 3912 iterum
3493 3867 3882 3922 conventuros,

2290 3952 2557 4023 quomodo
2590 3952 2660 4008 illi
2697 3967 2800 4006 non
2846 3949 2964 4006 sine
2991 3950 3192 4005 doloris
3217 3950 3407 4006 allecto
3448 3966 3478 4005 a
3509 3950 3674 4006 Paulo
3707 3953 3889 4007 avulsi

2294 4047 2532 4101 fuissent.
2561 4045 2672 4114 Ego
2695 4043 2913 4100 Paulum
2943 4056 3155 4113 quoque
3187 4042 3399 4098 ﬂevisse
3428 4051 3574 4112 puto.
3603 4043 3886 4111 Abstracti,

2293 4139 2478 4210 inquit.
2513 4138 2836 4193 Violentiatn
2866 4147 3150 4202 monstrat,
3183 4152 3304 4193 cum
3341 4138 3510 4202 dicit,
3541 4138 3794 4193 Abstracti
3817 4142 3890 4196 ab

2290 4226 2379 4278 eis.
2419 4224 2485 4279 Et
2509 4223 2701 4278 merito
2729 4238 2744 4287 ;
2776 4223 2827 4276 in
2875 4222 3050 4276 navim
3083 4222 3224 4275 enim
3254 4222 3329 4276 illi
3358 4222 3722 4277 conscendere
3769 4239 3887 4280 non

2292 4323 2556 4385 poterant.
2585 4313 2720 4382 Quid
2748 4322 2850 4380 est,
2886 4312 3040 4366 Recto
3067 4328 3216 4365 cursu
3245 4314 3469 4367 venimus
3497 4313 3548 4366 in
3575 4312 3731 4366 Coum
3759 4314 3785 4368 ?
3807 4319 3890 4373 Ac

2289 4410 2336 4464 si
2361 4408 2581 4472 diceret,
2605 4407 2718 4460 Non
2740 4406 3103 4470 eircuivimus,
3125 4421 3298 4473 neque
3323 4405 3442 4459 aliis
3472 4406 3522 4459 in
3547 4405 3678 4461 locis
3701 4421 3891 4462 inor-as

2293 4503 2570 4558 traximus.
2602 4500 2844 4569 Sequenti
2871 4515 2986 4553 vero
3020 4499 3101 4553 die
3127 4498 3387 4554 Rhodum.

2370 4593 2838 4664 Peregrinationum
2886 4591 3038 4645 Pauli
3078 4591 3325 4646 recensio.
3350 4622 3419 4631 —
3446 4590 3580 4647 Vide
3625 4592 3892 4648 feSIinan-

2293 4696 2420 4738 tem.
2464 4682 2532 4736 Et
2575 4685 2772 4737 inuenta
2814 4683 2928 4735 navi
2957 4682 3235 4751 trajiciente
3279 4683 3331 4735 in
3382 4680 3674 4737 Phoenicen.
3721 4683 3893 4740 Forte

2294 4779 2443 4833 navis
2472 4777 2579 4831 illic
2605 4787 2730 4830 tunc
2759 4785 2874 4830 erat
2901 4815 2917 4842 ,
2950 4783 3004 4829 et
3032 4775 3084 4828 in
3112 4788 3232 4828 eam
3273 4775 3703 4830 conscenderunt
3727 4816 3741 4838 ,
3774 4793 3889 4832 non

2295 4873 2507 4925 iuventa
2536 4870 2657 4934 alia,
2688 4883 2806 4937 qua:
2832 4869 2935 4922 iret
2955 4866 3279 4922 Caesaream.
3315 4866 3412 4922 Ubi
3439 4877 3608 4921 autem
3637 4874 3888 4938 apparuit

2294 4962 2493 5032 Cyprus
2513 5002 2528 5026 ,
2575 4961 2749 5014 relicta
2775 4959 2869 5012 illa
2894 4959 2960 5011 ad
2984 4959 3267 5012 sinistram.
3300 4958 3409 5013 lloc
3444 4975 3550 5013 non
3576 4961 3690 5014 sine
3716 4974 3890 5017 causa

2293 5054 2489 5108 dictum
2517 5062 2618 5119 est,
2652 5052 2745 5108 sed
2777 5062 2832 5106 ut
2853 5051 3182 5115 ostenderet,
3209 5067 3276 5106 ne
3304 5067 3468 5122 prope
3491 5053 3707 5122 quidem
3735 5054 3892 5110 illam

2293 5145 2548 5200 accedere
2569 5145 2802 5199 voluisse
2822 5185 2836 5208 ,
2869 5158 2990 5197 cum
3021 5152 3166 5198 recto
3191 5157 3347 5197 cursu
3376 5144 3427 5197 in
3458 5143 3666 5214 Syriam
3696 5159 3896 5215 perge-

2296 5246 2413 5289 rent
2443 5254 2457 5290 :
2491 5236 2559 5289 ita
2589 5249 2782 5303 nempe
2817 5232 3120 5287 festinabat.
3153 5233 3356 5288 Deinde
3397 5231 3637 5287 Venimus
3665 5233 3891 5304 Tyrum,

2297 5326 2487 5397 inquit;
2515 5327 2825 5394 invenlisque
2847 5326 3130 5395 discipulis,
3164 5327 3441 5379 mansimus
3462 5341 3578 5379 cum
3603 5326 3724 5380 illis.
3750 5327 3891 5383 Cum

2296 5427 2473 5473 essent
2521 5433 2685 5487 prepe
2728 5417 3113 5488 Jerosolymam
3141 5460 3156 5484 ,
3203 5433 3308 5471 non
3345 5419 3455 5485 jam
3487 5429 3748 5482 currunt,
3791 5421 3893 5476 sed

2296 5509 2454 5564 etiam
2486 5519 2704 5564 manent
2733 5509 2871 5578 apud
2913 5511 3103 5563 fratres
3132 5519 3341 5579 septem
3372 5507 3581 5563 diebus.
3617 5507 3750 5564 Vide
3774 5511 3891 5579 jam

2296 5600 2410 5654 dies
2449 5607 2749 5655 enumerat.
2797 5599 2927 5654 Post
2973 5602 3170 5672 Azyma
3223 5600 3274 5654 in
3317 5599 3579 5655 Troadem
3620 5613 3896 5658 venerunt

2297 5691 2484 5747 diebus
2527 5694 2762 5764 quinque
2792 5708 2808 5758 ;
2838 5692 3033 5748 deinde
3077 5693 3146 5747 ibi
3185 5691 3300 5747 dies
3344 5702 3593 5762 septem;
3652 5704 3895 5763 suntque

2299 5781 2411 5838 dies
2444 5782 2728 5840 duodecim
2762 5800 2773 5836 :
2808 5783 2998 5840 deinde
3027 5783 3080 5839 in
3107 5784 3323 5851 Assum,
3351 5783 3656 5855 Mitylenen.
3691 5796 3891 5842 contra
