4072 6400
200 317 312 376 515

200 451 361 502 τινες
391 433 471 499 τῷ
506 435 724 503 Παύλῳ
748 435 966 506 ἔλεγον
993 434 1090 488 διὰ
1117 435 1222 488 τοῦ
1256 436 1604 503 Πνεύματος
1641 433 1724 502 μὴ
1757 432 1902 486 ἀνα-

201 522 439 575 ϐαίνειν
458 523 651 577 αὐτὸν
695 527 784 590 είς
823 523 1246 593 Ἰερουσαλήμ.
1284 524 1450 594 Ὅρα,
1490 520 1899 593 προφητεύουσι

197 613 453 664 κάκεῖνοι
504 611 605 676 τάς
672 611 903 680 θλίψεις.
968 613 1348 681 Οἰκονομεῖται
1398 611 1491 664 καὶ
1542 610 1608 663 δι’
1668 609 1894 662 ἐκείνων

199 697 486 770 λεχθῆναι,
524 700 612 752 ἵνα
659 700 733 770 μή
768 717 853 763 τις
901 699 1100 770 νομίσῃ
1146 699 1335 763 ἁπλῶς
1378 698 1551 752 ταῦτα
1591 697 1772 766 λέγειν
1803 695 1898 749 τὸν

200 786 422 841 Παῦλον
443 789 539 841 καὶ
595 787 928 858 κομπάζειν,
977 788 1145 842 Πάλιν
1199 788 1255 841 δὲ
1305 790 1424 841 ἐκεῖ
1469 785 1898 858 προσευχόμενοι

197 873 517 928 διαλύονται
555 876 664 928 ἀπ’
693 875 964 946 ἀλλήλων.
1001 877 1140 930 ’Ὅτε
1172 876 1241 928 δὲ
1270 875 1506 945 ἐγένετο
1549 872 1710 944 ἡμᾶς
1727 871 1900 942 ἐξαρ-

197 962 370 1016 τίσαι
394 963 501 1028 τὰς
524 963 753 1032 ἡμέρας
770 1004 784 1028 ,
817 963 1173 1029 ἐξελθόντες
1202 963 1609 1032 ἐπορευόμεθα
1638 973 1897 1032 προπεμ·

197 1051 449 1102 πόντων
475 1049 638 1120 ἡμᾶς
664 1051 911 1105 πάντων
945 1051 1068 1105 σὺν
1106 1050 1347 1120 γυναιξί
1382 1050 1480 1104 καί
1511 1049 1752 1114 τέκνοις
1789 1048 1901 1114 ἓως

196 1136 322 1201 ἔξω
352 1135 467 1205 τῆς
521 1141 779 1205 πόλεως,
835 1139 935 1193 καί
991 1138 1200 1206 θέντες
1240 1139 1312 1192 τὰ
1368 1139 1594 1208 γόνατα
1643 1137 1743 1189 ἐπὶ
1792 1135 1899 1187 τὸν

195 1225 513 1292 αἰγιαλὸν,
545 1224 1045 1296 προσηυξάμεθα.
1090 1227 1202 1280 Καὶ
1254 1223 1681 1293 ἀσπασάμενοι
1713 1221 1900 1288 ἀλλὴι

193 1316 379 1378 λους,
417 1313 714 1382 ἐνέϐημεν
740 1316 828 1380 είς
851 1313 917 1367 τὸ
957 1314 1175 1368 πλοῖον
1198 1331 1214 1348 ο
1239 1313 1462 1367 ἐκεῖνοι
1498 1312 1567 1365 δὲ
1602 1310 1896 1378 ὑπέστρε-

191 1402 330 1468 ψαν
359 1403 450 1466 εἰς
489 1403 560 1455 τὰ
588 1400 732 1457 ίδια.
769 1402 972 1472 Ἡμεῖς
1006 1402 1075 1455 δέ
1121 1402 1230 1456 τὸν
1265 1401 1469 1456 πλοῦν
1495 1400 1898 1464 διανύσαντες

192 1487 321 1541 ἀπὸ
388 1491 599 1558 Τύρου,
657 1490 1128 1560 κατηντήσαμεν
1176 1493 1264 1557 είς
1311 1487 1688 1559 Πτολεμαΐδα
1733 1503 1746 1516 '
1797 1486 1899 1540 καί

192 1575 632 1645 ἀσπασάμενοι
693 1577 838 1645 τοὺς
900 1578 1207 1648 ἀδελφοὺς
1232 1620 1247 1644 ,
1298 1579 1623 1648 ἐμείναμεν
1666 1574 1901 1645 ἡμέραν

187 1664 347 1732 μίαν
400 1668 551 1734 παρ’
616 1667 846 1733 αὐτοῖς.
919 1665 997 1736 Τῇ
1044 1666 1112 1720 δέ
1164 1667 1456 1736 ἐπαύριον
1511 1665 1894 1732 ἐξελθόντες,

196 1752 474 1822 ἤλθομεν
521 1757 611 1820 είς
648 1753 1018 1823 Καισάρειαν
1043 1771 1058 1784 ο
1087 1755 1188 1808 καί
1238 1755 1626 1821 εἰσελθόντες
1649 1753 1654 1758 ’
1679 1757 1767 1820 είς
1794 1753 1902 1808 τὸν

194 1840 372 1897 οἷκον
422 1845 730 1899 Φιλίππου
785 1845 893 1899 τοῦ
948 1844 1384 1915 εὐαγγελιστοῦ
1440 1844 1617 1911 ὄντος
1661 1844 1731 1897 ἐκ
1782 1843 1901 1897 τῶν

193 1930 370 1993 ἑπτὰ,
408 1931 736 2002 ἐμείναμεν
769 1935 919 2002 παρ’
945 1933 1128 1998 αὐτῷ.
1175 1935 1271 1995 Εἰς
1307 1933 1671 2003 Καισάρειαν,
1705 1933 1897 2004 φησὶν,

194 2018 474 2083 ἐλθόντες,
504 2021 655 2091 παρά
691 2021 949 2091 Φιλίππῳ
1002 2021 1080 2091 τῷ
1119 2024 1184 2074 ἐκ
1230 2021 1338 2076 τῶν
1379 2022 1520 2074 ἐπτά
1571 2020 1892 2090 ἐμείναμεν.

201 2108 405 2173 Τούτῳ
427 2108 500 2160 δὲ
525 2105 692 2177 ἦσαν
712 2110 1037 2178 θυγατέρες
1059 2111 1356 2179 τέσσαρες
1384 2110 1896 2179 προφητεύουσαι.

208 2195 352 2248 Ἀλλ’
383 2195 486 2266 οὐχ
514 2189 675 2249 αὗται
709 2196 1038 2267 προλέγουσι
1090 2198 1168 2269 τῷ
1213 2198 1434 2268 Παύλῳ,
1471 2198 1648 2251 καίτοι
1684 2214 1898 2268 προφη-

191 2281 479 2345 τεύουσαι,
509 2281 640 2334 ἀλλ’
665 2282 910 2351 ’Ἄγαϐος
953 2301 966 2314 ·
1007 2286 1102 2339 καὶ
1131 2286 1299 2350 ὅπως,
1333 2284 1524 2338 ἄκουε.
1563 2283 1902 2353 Ἐπιμενόνο

194 2381 314 2418 των
339 2363 414 2418 δὲ
437 2364 612 2434 ἡμῶν
639 2365 866 2434 ἡμέρας
909 2369 1163 2434 πλείους
1181 2409 1194 2434 ,
1238 2363 1431 2437 ἦλθεν
1458 2366 1578 2421 άπὸ
1605 2364 1716 2434 τῆς
1755 2366 1903 2420 ’Iov-

192 2448 374 2516 δαίας
418 2447 746 2518 προφήτης
777 2451 1025 2520 ὀνόματι
1066 2453 1318 2521 Ἄγαϐος
1353 2467 1366 2482 ο
1397 2451 1496 2504 καὶ
1527 2448 1723 2504 ἐλθὼν
1751 2448 1904 2519 πρὸς

195 2540 378 2610 ἡμᾶς,
408 2541 508 2594 καί
539 2540 690 2610 ἄρας
727 2539 846 2609 τὴν
897 2540 1088 2610 ζώνην
1141 2541 1247 2595 τοῦ
1285 2541 1532 2596 Παύλου
1555 2581 1570 2606 ,
1603 2537 1802 2606 δήσας
1839 2555 1904 2594 τε

191 2628 387 2682 αὑτοῦ
456 2627 662 2697 χεῖρας
721 2628 822 2682 καί
891 2629 1104 2697 πόδας,
1163 2625 1296 2683 εἷπε
1351 2645 1363 2658 ·
1434 2627 1580 2682 Τάδε
1627 2627 1792 2698 λέγει
1836 2627 1899 2681 τὸ

197 2716 448 2785 Πνεῦμα
503 2717 570 2769 τό
617 2715 792 2784 ἅγιον
822 2732 837 2747 °
877 2717 988 2772 Τὸν
1045 2717 1256 2787 ἄνδρα,
1311 2714 1382 2773 οὗ
1439 2717 1616 2772 ἐστιν
1667 2717 1706 2785 ἡ
1751 2715 1902 2785 ζώνη

195 2803 374 2870 αὕτη,
428 2803 582 2857 οὔτω
630 2804 940 2870 δήσουσιν
987 2807 1075 2871 είς
1133 2805 1542 2874 Ἰερουσαλὴμ
1608 2803 1902 2868 Ἰουδαῖοι,

197 2891 301 2945 καί
339 2890 822 2959 παραδώσουσιν
868 2895 957 2960 είς
1008 2894 1213 2963 χεῖρας
1242 2895 1455 2949 ἐθνῶν.
1510 2895 1569 2948 '0
1610 2894 1783 2948 πάλαι
1811 2894 1905 2947 τὸν

195 2978 356 3049 λιμὸν
395 2979 663 3050 μηνύσας,
695 2976 873 3045 οὗτος,
914 2983 1025 3035 Τὸν
1063 2981 1276 3052 ἄνδρα,
1335 2983 1493 3053 φησὶ,
1534 2982 1776 3047 τοῦτον,
1829 2976 1904 3038 οὗ

195 3067 372 3122 ἐστιν
399 3069 438 3136 ἡ
461 3067 612 3137 ζώνη
645 3070 822 3138 αὕτη,
859 3070 1013 3124 οὕτω
1040 3071 1366 3137 δήσουσιν.
1399 3072 1580 3143 Ὅπερ
1612 3072 1662 3125 οἱ
1700 3071 1905 3142 προφῆ-

197 3176 286 3212 ται
322 3159 564 3220 ἐποίουν,
597 3159 722 3229 ὄψει
745 3161 813 3215 τὰ
839 3161 1108 3231 γενόμενα
1142 3161 1580 3232 ὑπογράφοντες,
1614 3162 1745 3215 ὅταν
1775 3161 1905 3232 περὶ

197 3247 586 3319 αἰχμαλωσίας
637 3249 846 3316 ἔλεγον,
906 3249 981 3312 ὼς
1033 3251 1060 3302 ὁ
1093 3249 1375 3319 Ἱεζεκιὴλ,
1438 3248 1717 3302 τοῦτοκαὶ
1750 3244 1907 3315 οὗτος

199 3338 452 3407 ἐποίησε.
488 3339 597 3392 Kal
622 3337 685 3390 τὸ
743 3337 806 3408 δὴ
864 3336 1126 3407 χαλεπὸν,
1181 3337 1266 3390 ὅτι
1314 3340 1422 3402 Είς
1472 3337 1676 3406 χεῖρας
1712 3336 1907 3393 ἐθνῶν

201 3425 703 3494 παραδώσουσιν.
759 3425 858 3490 Ὧς
905 3423 973 3477 δὲ
1011 3424 1368 3493 ἠκούσαμεν
1400 3424 1610 3489 ταῦτα,
1646 3439 1906 3494 παρεκα-

197 3513 433 3582 λοῦμεν
457 3511 630 3582 ἡμεῖς
663 3529 728 3565 τε
758 3513 856 3565 καί
899 3514 957 3566 οί
978 3513 1268 3574 ἐντόπιοι,
1291 3513 1398 3566 τοῦ
1427 3513 1515 3583 μὴ
1550 3515 1907 3568 ἀναϐαίνειν

198 3603 391 3656 αὑτὸν
423 3604 513 3668 είς
553 3600 980 3671 Ἰερουσαλήμ.
1030 3601 1140 3654 Kal
1193 3602 1384 3655 πολλοί
1432 3603 1786 3674 παρεκάλουν
1829 3605 1906 3674 μὴ

201 3689 484 3752 ἁπελθεὶν,
524 3691 617 3742 καὶ
657 3689 784 3743 οὐδέ
823 3688 1000 3751 οὕτως
1039 3691 1377 3760 ὑπήκουσεν.
1428 3691 1751 3759 Ἀπεκρίθη
1781 3691 1849 3744 δὲ
1875 3696 1907 3746 ό

199 3777 448 3842 Παῦλος
476 3794 491 3808 ο
537 3777 603 3832 Τί
631 3778 858 3833 ποιεῖτε
895 3781 1217 3844 κλαίοντες
1265 3779 1363 3832 καί
1411 3779 1908 3848 συνθρύπτοντές

202 3864 357 3937 [359]
382 3884 506 3934 μου
531 3866 647 3934 τὴν
678 3867 964 3934 καρδιάν;
997 3867 1148 3936 Ἐγὼ
1173 3867 1284 3936 γὰρ
1316 3869 1387 3921 οὑ
1413 3868 1609 3936 μόνον
1637 3866 1904 3936 δεθῆναι,

201 3953 363 4007 ἀλλὰ
381 3953 481 4005 καί
499 3953 926 4020 ἀποθανεῖνείς
941 3953 1340 4024 Ἰερουσαλὴμ
1356 3955 1602 4024 ἑτοίμως
1621 3955 1740 4025 ἔχω
1755 3955 1909 4024 ὑπὲρ

202 4042 310 4098 τοῦ
349 4044 651 4114 ὀνόματος
701 4044 810 4098 τοῦ
852 4046 1076 4114 Κυρίου
1119 4046 1347 4114 Ἰησοῦ.
1399 4045 1498 4115 Μὴ
1545 4046 1906 4118 πειθομένου

203 4132 276 4186 δὲ
305 4133 524 4199 αὑτοῦ,
584 4133 995 4207 ἡσυχάσαμεν
1031 4137 1309 4203 εἰπόντες
1343 4151 1356 4165 ’
1406 4137 1475 4190 Τὸ
1518 4135 1752 4208 θέλημα
1796 4138 1908 4192 τοῦ

205 4223 430 4291 Κυρίου
470 4221 761 4293 γενέσθω.

275 4310 344 4380 β’.
389 4311 590 4383 ’ορᾷς;
635 4313 723 4366 ἵνα
745 4312 819 4384 μὴ
840 4312 1079 4376 ἀκούσας
1097 4313 1326 4385 νομίσῃς
1361 4315 1611 4386 ἀνάγκης
1641 4311 1783 4371 εἶναι
1825 4317 1904 4385 τὺ,

205 4399 533 4470 Δεδεμένος
565 4400 647 4466 τῷ
681 4402 980 4471 Πνεύματι
1036 4404 1362 4474 πορεύομαι
1382 4445 1396 4466 ,
1437 4405 1572 4476 μηδὲ
1606 4405 1908 4476 ἀγνοοῦντα

206 4486 364 4540 αὑτὸν
394 4489 688 4557 ἐμπεσεῖν,
715 4487 804 4541 διά
854 4488 1015 4541 τοῦτο
1053 4488 1228 4544 ταῦτα
1273 4490 1624 4560 προλέγεται.
1678 4492 1834 4546 Ἀλλ’
1859 4496 1909 4548 οἱ

210 4576 305 4647 μὲν
333 4576 575 4639 ἔκλαιον,
609 4575 773 4640 αὐτὸς
793 4575 849 4629 δὲ
875 4577 1204 4648 παρεκάλει,
1224 4577 1410 4645 ἀλγῶν
1432 4579 1524 4632 ἐπὶ
1543 4581 1656 4644 τοῖς
1674 4580 1908 4653 δάκρυσι

207 4667 314 4728 τοῖς
353 4663 607 4718 ἐκείνων.
664 4664 726 4718 Τί
773 4664 997 4720 ποιεῖτε
1039 4665 1171 4737 γὰρ,
1215 4667 1380 4736 φησὶ,
1435 4670 1757 4737 κλαίοντες
1807 4672 1908 4724 καὶ

207 4751 706 4821 συνθρύπτοντές
730 4769 852 4822 μου
889 4752 1008 4822 τὴν
1036 4753 1333 4821 καρδίαν;
1365 4755 1535 4808 Οὐδὲν
1569 4755 1787 4810 Παύλου
1820 4776 1909 4828 φι-

209 4840 634 4912 λοστοργότερον
673 4856 687 4871 ·
725 4838 810 4895 ὅτι
860 4839 1008 4913 ἐώρα
1052 4841 1415 4914 δακρύοντας,
1440 4845 1602 4916 ήλγει
1629 4848 1657 4899 ό
1691 4845 1768 4917 μὴ
1801 4847 1907 4901 πά-

214 4944 354 4996 σχων
378 4929 475 4981 ἐπὶ
496 4930 611 4992 τοῖς
637 4927 860 4992 οίκείοις
893 4933 1244 5001 πειρασμοῖς.
1290 4932 1424 5003 Ἐμὲ
1463 4933 1701 4988 ἀδικεῖτε
1726 4935 1905 5001 τοῦτο,

213 5016 368 5088 φησὶ,
393 5015 679 5080 ποιοῦντες
712 5031 726 5045 ο
767 5016 842 5088 μὴ
880 5016 990 5089 γὰρ
1021 5017 1134 5086 ἐγὼ
1168 5020 1357 5088 ἀλγῶ;
1390 5021 1525 5076 Τότε
1571 5023 1904 5092 ἐπαύσαντο,

210 5105 293 5158 ὅτε
333 5097 459 5156 εἶπε
491 5119 505 5133 ·
544 5103 603 5156 Τί
638 5103 861 5158 ποιεῖτε
903 5106 1402 5176 συνθρύπτοντές
1443 5125 1565 5178 μου
1607 5108 1724 5180 τὴν
1763 5127 1905 5180 καρ-

211 5191 381 5257 Biar;
422 5192 539 5262 Ἐφ’
581 5192 715 5264 ὑμῖν
739 5193 930 5259 κλαίω,
969 5196 1157 5266 φησιν,
1194 5194 1296 5249 οὐκ
1336 5196 1430 5250 ἐπὶ
1477 5200 1591 5263 τοῖς
1637 5199 1904 5270 παθήμα-

215 5299 292 5336 σιν
320 5298 333 5311 ·
368 5281 516 5352 ὑπὲρ
540 5281 652 5353 γάρ
675 5281 900 5335 ἐκείνων
930 5283 1026 5336 καὶ
1058 5283 1353 5338 ἀποθανεῖν
1377 5284 1907 5360 βούλομαι.¹ἰδωμεν

211 5369 262 5424 δὲ
293 5369 504 5424 ἀνωθεν
525 5370 595 5424 τά
635 5371 923 5442 είρημένα.
968 5373 1282 5443 Ἀργυρίου
1327 5374 1366 5443 ἢ
1415 5377 1676 5443 χρυσίου
1708 5376 1747 5446 ἢ
1781 5382 1912 5448 ίμα-

213 5457 446 5526 τισμοῦ,
497 5457 690 5528 φησὶν,
740 5459 992 5527 οὐδενὸς
1049 5462 1405 5532 ἐπεθύμησα
1447 5479 1460 5494 ·
1495 5463 1668 5518 αὐτοὶ
1727 5466 1902 5534 γινώ-

212 5560 405 5608 σκετε,
438 5546 532 5600 ὅτι
554 5547 685 5613 ταῖς
714 5548 943 5617 χρείαις
967 5567 1090 5620 μου
1133 5549 1232 5603 καί
1265 5550 1390 5618 τοῖς
1430 5551 1572 5606 οὖσι
1600 5553 1730 5622 μετ’
1757 5553 1907 5622 ἐμοῦ

214 5633 604 5703 ὑπηρέτησαν
642 5639 702 5690 al
758 5654 954 5710 χειρες
1004 5634 1204 5695 αὗται.
1253 5640 1367 5694 Οὐκ
1426 5641 1534 5713 ἄρα
1565 5644 1622 5696 ἐν
1653 5642 1904 5714 Κορίνθῳ

213 5724 364 5777 τοῦτο
391 5726 726 5794 εἰργάσαντο
763 5728 925 5796 μόνον
957 5729 1004 5781 οἱ
1027 5728 1434 5801 διαφθείροντες
1470 5734 1597 5796 τοὺς
1630 5732 1902 5804 μαθητὰς,

215 5811 345 5865 ἀλλὰ
398 5813 495 5868 καὶ
544 5814 604 5866 ἐν
651 5814 826 5884 Ἀσία.
879 5817 1134 5888 Ούδαμοῦ
1191 5819 1350 5872 τοῦτο
1400 5820 1653 5885 ὀνειδίζει
1709 5835 1734 5862 α
1789 5826 1902 5888 τοῖς

233 5904 489 5971 Ἐφεσίοις
515 5905 766 5977 γράψων.
819 5905 882 5959 Τί
915 5909 1148 5978 δήποτε;
1199 5909 1323 5962 Ὅτι
1372 5909 1472 5964 ουκ
1516 5913 1770 5969 ἐνέπεσεν
1822 5917 1901 5979 εἰς

283 5993 305 6022 ⁸
333 5991 485 6056 tuus,
506 5994 665 6047 Ἀσία·
693 5996 799 6045 ἀλλ’
826 5996 1038 6059 οῦδαμοῦ
1057 5997 1199 6049 τοῦτο
1230 6000 1430 6054 ὡνείδιξν
1455 6021 1484 6047 ι.

1285 317 1353 372 IN
1386 316 1569 372 ACTA
1611 313 2160 372 ΑΡοετοιοιιυω.
2198 311 2434 371 1103111».
2472 307 2630 368 XLV.

3592 299 3703 354 5N:

2010 430 2281 501 ἀνάγκην.
2329 428 2492 483 ’Λλλὰ
2515 427 2611 481 καὶ
2643 421 2958 497 Κορινθίοις
2984 419 3135 489 λέγει
3169 434 3184 452 ⁸
3218 418 3343 474 Οὐκ
3367 414 3598 487 ἐφράγη
3630 415 3698 468 τὸ

2007 519 2286 588 καύχημά
2316 535 2432 588 μου
2468 516 2540 570 ἐν
2582 514 2708 581 τοῖς
2744 515 2999 582 κλίμασι
3027 508 3136 578 τῆς
3178 507 3434 577 Ἀχαΐας.
3459 504 3572 557 Kal
3599 502 3701 554 οὐκ

2009 604 2187 674 εἶπεν,
2220 607 2337 660 Οὐκ
2366 604 2604 659 ἐδώκατέ
2653 620 2742 674 μοι
2773 618 2788 631 ⁵
2820 599 2971 664 ἀλλ’,
3017 597 3325 668 Ἀργυρίου
3355 593 3391 662 ἡ
3433 590 3701 663 χρυσίου

2008 695 2048 764 ἢ
2084 694 2410 767 ἱματισμοῦ
2446 696 2561 749 οὐκ
2594 691 2971 761 ἐπεθύμησα,
3031 688 3121 741 ἴνα
3180 685 3258 756 μὴ
3319 683 3446 753 δόξῃ
3474 680 3703 767 ἐκείνων

2006 763 2147 835 εἶναι
2183 763 2342 854 τὸμὴ
2371 779 2574 835 δοῦναι.
2610 778 2719 832 Kal
2761 777 2863 828 οὐκ
2896 771 3081 835 εἶπεν,
3112 767 3342 831 Οὐδενὸς
3374 763 3703 854 ἐπεθύμησα

2005 869 2114 924 τῶν
2153 847 2504 938 ἀναγκαίων,
2540 868 2629 920 ἵνα
2673 864 2748 936 μὴ
2800 864 2928 936 δόξῃ
2976 861 3140 918 πάλιν
3199 853 3512 927 κατηγορία
3563 847 3703 904 εἶναι

2005 957 2237 1012 ἐκείνων
2272 975 2284 989 ·
2325 957 2463 1011 ἀλλά
2506 954 2669 1008 τοῦτο
2702 953 3027 1016 αἰνίττεται,
3075 950 3159 1004 ὅτι
3193 945 3434 1007 εἰκότως.
3452 942 3552 996 οὐκ
3581 939 3705 993 ἕλα-

2005 1044 2100 1099 6εν
2124 1046 2292 1100 ὁπότε
2351 1044 2443 1099 καὶ
2506 1044 2729 1112 ἐτέρους
2764 1040 3019 1112 ἔτρεφεν.
3059 1039 3237 1110 Ὅρα,
3272 1031 3391 1095 πῶς
3416 1027 3706 1102 εἰργάζετο

2007 1131 2146 1203 μετά
2171 1131 2412 1202 σπουδῆς
2449 1130 2738 1203 ἄνθρωπος
2779 1129 2953 1184 νύκτα
3001 1128 3098 1181 καὶ
3138 1123 3352 1196 ἡμέραν
3383 1117 3707 1187 διαλεγόμε-

2003 1239 2094 1285 νος
2132 1221 2271 1292 μετά
2293 1220 2568 1293 δακρύων,
2598 1220 2696 1273 ἕνα
2735 1218 2969 1273 ἕκαστον
3010 1213 3301 1271 νουθετῶν.
3347 1209 3551 1267 Πάντα
3594 1209 3708 1260 ὺπ-

2003 1307 2208 1373 ἐδειξα
2227 1308 2390 1378 ύμῖν,
2409 1308 2498 1362 ὄτι
2521 1308 2675 1363 οὕτω
2694 1305 3033 1371 κοπιῶντας
3047 1304 3142 1359 δεῖ
3154 1298 3707 1372 ἀντιλαμϐάνεσθαι

2002 1394 2125 1450 τῶν
2148 1395 2596 1452 ἀσθενούντων.
2648 1393 2821 1449 Τοῦτο
2866 1391 3060 1460 εἰπὼν,
3098 1391 3266 1446 πάλιν
3310 1387 3600 1460 ἐφόϐησεν.
3642 1386 3707 1437 Ὅ

2001 1487 2060 1542 δὲ
2093 1486 2260 1556 λέγει,
2295 1485 2454 1541 τοῦτό
2477 1489 2626 1540 ἐστιν
2655 1502 2670 1518 ο
2706 1487 2820 1540 Οὐκ
2873 1484 3028 1555 ἔχετε
3070 1486 3151 1546 είς
3207 1481 3432 1551 ἄγνοιαν
3460 1491 3710 1543 καταφυ-

2003 1578 2122 1645 γεῖν
2149 1593 2163 1608 ⁸
2199 1576 2456 1640 ὑπέδειξα
2481 1575 2574 1628 διὰ
2600 1575 2710 1629 τῶν
2749 1574 2951 1646 ἔργων,
2986 1575 3069 1627 ὅτι
3095 1572 3239 1627 οὕτω
3283 1567 3596 1630 κοπιῶντας
3629 1565 3711 1618 δεῖ

2004 1665 2356 1735 ἐργάζεσθαι.
2385 1665 2498 1718 Kal
2517 1665 2618 1718 οὐκ
2657 1660 2832 1727 εἶπεν,
2869 1663 2952 1715 ὅτι
2989 1661 3164 1716 κακδν
3200 1660 3263 1714 τὸ
3295 1657 3514 1712 λαϐεῖν’
3548 1655 3705 1715 ἀλλὰ,

2007 1753 2218 1824 βέλτιον
2245 1755 2306 1807 τὸ
2368 1754 2442 1824 μὴ
2491 1753 2700 1807 λαϐεῖν.
2751 1754 3168 1822 Μνημονεύειν
3232 1765 3298 1803 τε
3347 1747 3458 1801 τόν
3490 1746 3705 1814 λόγον,

2006 1845 2164 1913 φησὶ,
2189 1842 2296 1897 τοῦ
2339 1842 2585 1910 Κιρίου,
2619 1841 2692 1894 ὃν
2721 1837 2854 1895 εἷπε
2883 1858 2896 1872 ·
2931 1839 3247 1908 Μακάριόν
3291 1839 3423 1893 ἐστι
3462 1832 3710 1904 μᾶλλον

2005 1933 2245 1988 διδόναι
2278 1932 2317 2001 ἢ
2350 1931 2709 2001 λαμϐάνειν.
2736 1931 2845 1984 Kal
2872 1929 2976 1983 ποῦ
3006 1925 3193 1996 alvu-tv;
3232 1927 3398 1989 Ἴσως
3440 1924 3710 1994 ἀγράφως

2007 2021 2339 2093 παρέδωκαν
2371 2021 2419 2072 οί
2446 2020 2738 2073 ἀπόστολοι
2767 2035 2781 2047 ·
2825 2018 2858 2090 ἢ
2895 2017 2956 2084 ἐξ
3001 2012 3076 2075 ὧν
3122 2017 3187 2072 ἀν
3213 2033 3294 2080 τις
3329 2012 3710 2082 συλλογίσαιτο

2005 2111 2185 2182 δῆλον.
2220 2111 2332 2164 Kal
2383 2109 2492 2181 γὰρ
2543 2107 2714 2173 ἔδειξε
2763 2107 2865 2178 τὴν
2921 2104 3238 2179 παρρησίαν
3268 2102 3369 2175 τὴν
3411 2101 3552 2173 πρὸς
3581 2103 3710 2164 τοὺς

2006 2198 2313 2262 κινδύνους,
2353 2198 2455 2268 τὴν
2487 2197 2840 2268 συμπάθειαν
2862 2194 2963 2266 τὴν
2999 2193 3137 2265 πρὸς
3169 2192 3299 2255 τοὺς
3341 2189 3710 2267 ἀρχομένους,

2004 2287 2108 2356 τὴν
2139 2285 2494 2341 διδασκαλίαν
2525 2285 2624 2355 τὴν
2655 2283 2798 2356 μετά
2844 2282 3184 2355 παρρησίας,
3221 2280 3322 2350 τὴν
3352 2293 3714 2346 ταπεινοφρο-

2009 2375 2196 2446 σύνην,
2244 2375 2342 2445 τὴν
2376 2373 2770 2445 ἀκτημοσύνην
2807 2386 2822 2401 '
2857 2369 3020 2426 10610
3065 2370 3123 2425 δὲ
3171 2369 3265 2424 καὶ
3323 2363 3715 2437 άκτημοσύνης
3817 2362 3821 2370 ’

2011 2463 2219 2533 μεῖζον.
2251 2463 2315 2515 Εἰ
2351 2461 2460 2532 γὰρ
2496 2463 2634 2524 ἐκεῖ,
2671 2458 2973 2527 Πώλησόν
3021 2473 3162 2524 σου,
3212 2457 3370 2528 φησὶ,
3416 2455 3490 2508 τὰ
3521 2452 3716 2518 ὑπάρ-

2007 2567 2218 2620 κοντα,
2255 2551 2307 2604 εί
2331 2549 2527 2614 θέλεις
2569 2547 2802 2615 τέλειος
2849 2543 3007 2601 εἶναι
3042 2562 3054 2575 ο
3089 2545 3220 2600 ὅταν
3253 2544 3392 2616 πρὸς
3425 2543 3504 2613 τῷ
3543 2541 3714 2614 μηδὲν

2006 2636 2308 2708 λαμϐάνειν
2325 2636 2422 2690 καὶ
2446 2636 2668 2706 ἐτέρους
2684 2633 2950 2706 τρέφῃ,τί
2976 2632 3171 2687 τούτου
3199 2631 3313 2686 ίσον
3338 2648 3353 2698 ;
3380 2626 3477 2694 Εἷς
3508 2628 3717 2700 βαθμὸς

2005 2726 2187 2779 τοίνυν
2212 2726 2364 2796 ῥῖψαι
2381 2725 2447 2779 τά
2465 2723 2652 2787 αὐτοῦ,
2671 2723 2950 2794 δεύτερος,
2971 2721 3155 2793 ἐαυτῷ
3178 2722 3468 2792 ἐπαρκεῖν,
3508 2718 3714 2789 τρίτος,

2009 2815 2106 2868 καὶ
2144 2814 2375 2884 ἑτέροις,
2442 2812 2727 2882 τέταρτος,
2783 2811 2845 2864 τὸ
2899 2809 3247 2882 κηρύττοντά
3308 2809 3406 2861 καὶ
3459 2805 3717 2871 ἐξουσίαν

2007 2900 2204 2972 ἔχοντα
2236 2899 2598 2971 ὶδλαμόάνειν
2654 2897 2731 2970 μὴ
2790 2895 3095 2968 λαμϐάνειν
3147 2912 3160 2927 ·
3219 2895 3364 2950 ῶστε
3419 2892 3555 2947 πολὺ
3606 2891 3718 2944 τῶν

2005 2991 2336 3063 ἀκτημόνων
2385 2983 2542 3054 οὗτος
2583 2989 2811 3060 βελτίων
2855 2984 2946 3062 ἦν.
2990 2987 3101 3042 Kal
3127 2985 3314 3048 καλῶς
3349 2981 3524 3045 εἶπεν,
3553 2981 3721 3036 Οὕτω

2008 3079 2105 3134 δεῖ
2133 3078 2690 3148 ἀντιλαμϐάνεσθαι
2735 3076 2856 3131 τῶν
2901 3076 3350 3130 ἀσθενούντων.
3401 3071 3576 3125 Τοῦτο
3618 3070 3720 3142 μὲν

2009 3168 2122 3238 γάρ
2143 3165 2488 3237 συμπαθείας
2509 3165 2611 3235 τῆς
2635 3165 2774 3237 πρὸς
2805 3164 2933 3226 τοὺς
2963 3161 3236 3228 ἀσθενεῖς,
3258 3157 3410 3233 [340]
3444 3159 3504 3212 τὺ
3529 3157 3721 3211 ἐκτῶν

2012 3254 2161 3309 ἰδίων
2189 3253 2374 3307 κόπων
2410 3252 2612 3305 διδόναι
2639 3269 2653 3282 ο
2690 3253 2752 3304 τὸ
2778 3252 2835 3305 δὲ
2865 3254 2929 3305 ἐκ
2954 3251 3064 3305 τῶν
3095 3247 3427 3320 ἀλλοτρίων,
3454 3247 3514 3300 οὐ
3555 3246 3717 3316 μόνον

2008 3342 2068 3394 οὐ
2115 3340 2303 3406 καλὸν,
2359 3337 2499 3392 ἀλλά
2541 3339 2638 3392 καὶ
2684 3337 3010 3406 ἐπισφαλές.
3045 3335 3158 3394 Καί
3205 3333 3609 3399 ἐπιπεσόντες
3638 3331 3722 3398 τῷ

2010 3429 2316 3498 τραχήλῳ,
2355 3429 2544 3500 φησιν,
2585 3427 2776 3482 αὐτοῦ
2821 3426 3094 3481 ἔκλαιον.
3128 3423 3304 3478 Τοῦτο
3351 3421 3450 3494 τὴν
3474 3422 3721 3477 διάθεσιν

2008 3519 2110 3588 τὴν
2145 3519 2284 3588 πρὸς
2313 3516 2478 3570 αὑτὸν
2504 3516 2803 3571 δείκνυσιν.
2849 3514 3156 3570 Ἐπὲπεσον
3185 3512 3241 3566 δέ
3270 3512 3364 3567 ἐπὶ
3397 3512 3490 3566 τὸν
3513 3512 3722 3583 τράχη-

2010 3607 2125 3670 λον,
2147 3605 2245 3660 ἀτε
2277 3605 2516 3676 ὑστέρας
2539 3603 2886 3677 περιπλοκὰς
2921 3602 3414 3676 περιπλεκόμενοι,
3458 3603 3555 3655 καὶ
3583 3598 3720 3653 πολ-

2012 3693 2111 3766 λὴν
2144 3693 2254 3748 ἀπὸ
2280 3693 2382 3763 τῆς
2423 3692 2774 3764 δημηγορίας
2820 3692 3084 3754 λαϐόντες
3122 3690 3222 3762 τὴν
3259 3689 3486 3761 ἀγάπην
3518 3689 3615 3743 καὶ
3659 3688 3721 3742 τὸ

2012 3783 2256 3854 φίλτρον.
2287 3782 2350 3836 Εἰ
2381 3780 2491 3850 γὰρ
2518 3780 2709 3845 ἁπλῶς
2735 3782 2899 3854 ἡμεῖς
2925 3782 3005 3835 ἀπ
3024 3781 3038 3802 ’
3082 3779 3331 3851 ἀλλήλων
3376 3779 3722 3849 διαλυόμενοι

2015 3871 2296 3943 στένομεν,
2336 3870 2515 3927 καίτοι
2551 3871 2792 3936 εἰδότες,
2839 3871 2923 3924 ὅτι
2975 3869 3377 3940 ἀποληψόμεθα
3427 3869 3718 3940 ἀλλήλους,

2013 3960 2132 4027 πῶς
2167 3960 2233 4016 ἂν
2273 3963 2480 4015 ἐκεῖνοι
2528 3959 2650 4014 τότε
2702 3959 2919 4014 Παύλου
2973 3957 3207 4022 ἀπαθῶς
3241 3957 3720 4028 ἀπεσπάσθησαν;

2025 4050 2172 4120 Ἐγὼ
2194 4051 2288 4104 καὶ
2314 4051 2406 4104 τὸν
2435 4048 2649 4104 Παῦλον
2684 4045 2845 4119 οἶμαι
2878 4049 3111 4104 κλαίειν.
3161 4048 3718 4114 Ἀποσπασθέντες,

2013 4139 2167 4212 φησί.
2196 4142 2452 4193 Δείκνυσι
2480 4140 2574 4194 καὶ
2613 4138 2710 4211 τὴν
2739 4138 2863 4210 βίαν
2904 4139 2982 4210 τῷ
3023 4139 3224 4203 εἰπεῖν,
3269 4136 3724 4193 Ἀποσπασθέν-

2015 4251 2104 4298 τες
2143 4232 2260 4288 ἀπ’
2289 4230 2512 4287 αὐτῶν.
2556 4231 2668 4286 Kal
2719 4233 2949 4295 εἰκότως
2982 4248 2994 4260 ·
3034 4231 3116 4295 είς
3159 4229 3272 4301 γὰρ
3301 4230 3402 4301 τὴν
3436 4228 3722 4282 θάλασσαν

2012 4321 2200 4375 λοιπὸν
2248 4322 2490 4392 ἐμϐῆναι
2526 4321 2728 4384 αὐτοὺς
2770 4321 2871 4374 οὐκ
2923 4321 3068 4390 ἐνῆν.
3099 4320 3164 4372 Τί
3210 4320 3380 4383 ἐστιν,
3422 4318 3724 4386 Εὑθυδρο-

2006 4411 2324 4481 μήσαντες
2364 4413 2635 4483 ἤλθομεν
2673 4413 2762 4478 είς
2795 4411 2913 4480 τὴν
2958 4409 3127 4475 Κῶν;
3171 4409 3321 4464 ῖΛντὶ
3354 4408 3474 4473 τοῦ,
3515 4408 3589 4461 Ού
3627 4425 3725 4460 περ

2015 4499 2311 4571 ριήλθομεν
2347 4500 2471 4554 οὐδὲ
2511 4499 2875 4570 διετρίψαμεν
2925 4500 2984 4552 ἐν
3038 4497 3252 4570 ἑτέροις
3275 4498 3488 4560 τόποις.
3528 4495 3607 4566 Τῇ
3652 4495 3724 4549 δὲ

2011 4586 2182 4655 ἑξῆς,
2217 4587 2422 4658 φησὶν,
2457 4588 2546 4653 είς
2597 4586 2814 4642 Ῥόδον
2845 4597 2894 4642 α.
2924 4587 3076 4659 Ὅρα
3136 4586 3302 4641 αὐτὸν
3338 4585 3724 4657 ἐπειγόμενον.

2013 4676 2122 4730 Καὶ
2166 4677 2450 4745 εὑρόντες
2489 4675 2709 4730 πλοῖον
2751 4674 3050 4745 δεαπερῶν
3089 4678 3177 4742 είς
3219 4675 3529 4744 Φοινίκην.
3567 4675 3726 4739 Ἱσως

2013 4767 2192 4818 ἐκεῖνο
2225 4765 2416 4819 αὐτόθι
2464 4765 2703 4836 διέτριϐε
2732 4783 2744 4795 ·
2779 4765 2861 4820 διὸ
2888 4767 2945 4818 ἐν
2981 4764 3134 4836 αὐτῷ
3188 4764 3588 4829 ἐπιδαίνουσιν,
3627 4765 3724 4834 οὐχ

2011 4853 2268 4924 εὑρόντες
2323 4854 2451 4908 ἀλλο
2502 4854 2582 4916 είς
2629 4854 2978 4926 Καισάρειαν
3009 4853 3416 4925 ἀπερχόμενον.
3473 4853 3725 4924 Ἀναςρά-

2013 4956 2233 5008 ναντες
2281 4940 2351 4995 δὲ
2404 4940 2521 5011 τὴν
2562 4943 2828 5010 Κύπρον,
2889 4942 2991 4996 καί
3039 4943 3478 5009 καταλιπόντες
3527 4942 3726 5012 αὐτὴν

2013 5032 2351 5104 εὐώνυμον.
2381 5033 2554 5087 Τοῦτο
2613 5035 2714 5106 οὐχ
2760 5033 2949 5099 ἁπλῶς
3007 5033 3248 5106 εἴρηται,
3285 5036 3402 5090 ἀλλ’
3434 5037 3520 5090 ἴνα
3547 5037 3724 5110 δείξῃ,

2013 5124 2096 5177 ὅτι
2129 5123 2249 5176 οὐδὲ
2283 5124 2454 5193 ἐγγὺς
2493 5123 2669 5194 αὐτῆς
2707 5124 2961 5193 γενέσθαι
2989 5124 3216 5196 ἠξίωσε,
3253 5125 3494 5181 κατευθὺ
3526 5126 3724 5181 πλέον·

2012 5231 2104 5280 τες
2134 5217 2234 5286 τῆς
2268 5215 2472 5286 Συρίας
2510 5232 2525 5246 ·
2561 5213 2738 5279 οὕτως
2780 5215 3065 5270 ἔσπευδεν.
3099 5212 3250 5271 Εἶτα
3290 5216 3389 5270 καί
3419 5217 3722 5287 κατήχθη-

2009 5322 2124 5374 μεν
2148 5306 2236 5370 είς
2267 5305 2476 5374 Τύρον,
2502 5306 2659 5374 φησὶ,
2695 5304 2796 5358 καί
2833 5306 3117 5376 εὑρόντες
3158 5306 3458 5375 μαθητὰς,
3488 5307 3722 5377 ἐμείνα-

2007 5410 2126 5463 μεν
2163 5392 2316 5461 πρὸς
2368 5394 2614 5460 αὐτούς.
2652 5394 2784 5448 Ὅτε
2808 5395 3038 5464 πλησίον
3101 5389 3246 5467 ἦσαν
3301 5395 3718 5466 Ἱεροσολύμων,

2011 5483 2111 5534 οὐκ
2133 5480 2212 5534 ἔτι
2243 5482 2553 5554 τρέχουσιν,
2591 5483 2729 5537 ἀλλά
2757 5486 2854 5538 καὶ
2880 5484 3100 5555 μένουσι
3137 5485 3291 5556 παρά
3330 5487 3442 5546 τοῖς
3467 5485 3720 5555 ἀδελφοῖς

2013 5569 2157 5622 ἐτττά
2187 5571 2423 5642 ἡμέρας.
2466 5572 2572 5624 Ἴδε
2611 5589 2700 5642 μοι
2757 5572 2944 5627 λοιπὸν
3003 5573 3098 5627 καὶ
3154 5573 3253 5637 τάς
3286 5573 3525 5644 ἡμέρας.
3562 5575 3720 5628 Μετὰ

2012 5661 2081 5714 τὰ
2119 5662 2343 5730 Ἀζυμα
2365 5662 2444 5723 εἰς
2480 5660 2717 5732 Τρωάδα
2751 5655 2918 5732 ἦλθον
2951 5661 3034 5715 δι’
3087 5661 3310 5734 ἡμερῶν
3350 5662 3518 5716 πέντε
3545 5679 3556 5689 ·
3598 5656 3721 5717 εἶτα

2013 5753 2130 5806 ἐκεῖ
2187 5751 2326 5804 ἑπτά
2355 5766 2366 5778 ·
2401 5751 2500 5816 τὰς
2548 5752 2730 5816 πάσας
2774 5753 2984 5809 δώδεκα
3011 5757 3029 5776 ⁸
3068 5749 3186 5807 εἶτα
3233 5755 3312 5818 εἰς
3361 5753 3458 5826 τὴν
3491 5755 3717 5822 Ἄσσον,

2047 5942 2100 6019 .b
2131 5941 2393 6052 ld‘cln‘ifév
2436 5958 2756 6003 κηρύττοντά,
2781 5945 2861 5992 καὶ
2886 5943 3100 6001 ἐξουσίαν
3123 5944 3263 6008 ἔχειν.
3336 5947 3357 5975 ⁸
3387 5942 3711 6004 Λ111,τόποις.⁶

2051 6022 2126 6052 ιτα
2153 6022 2214 6052 εις
2313 6018 2436 6052 οοον.

2025 6018 2126 6054 ειτα
2153 6022 2214 6060 εις
2258 6018 2436 6052 Ἰόῦον.
