4072 6416
437 321 543 379 817
625 378 628 381 ,

439 444 520 507 είς
541 438 873 513 Μυτιλήνην,
898 439 1127 512 ἀντικρὺ
1157 439 1312 503 Χίου,
1338 440 1420 502 είς
1447 438 1781 510 Τρωγύλιον,
1814 439 1893 501 είς
1913 440 2096 510 Σάμον

439 535 530 588 καὶ
555 534 635 597 είς
666 533 910 604 Μίλητον
933 546 951 565 ο
978 532 1259 586 δεκαοκτὼ
1293 529 1501 602 ἡμέραι
1535 533 1590 584 αί
1634 532 1823 584 πᾶσαι.
1857 525 1990 584 Εἶτα
2015 531 2096 594 είς

436 625 586 689 Κῶν,
633 623 712 689 είς
747 623 946 689 Ῥόδον,
989 625 1070 688 είς
1120 621 1364 693 Πάταρα,
1423 619 1596 676 εἴκοσι
1648 623 1744 675 καὶ
1794 623 1892 692 μία
1931 637 1946 653 ·
1975 617 2096 677 εἶτα

439 714 647 770 ἐκεῖθεν
677 715 758 770 δι’
803 713 1025 786 ἡμερῶν
1068 713 1224 768 πέντε
1268 712 1348 776 είς
1396 710 1592 782 Τύρον,
1647 710 1706 776 ἐξ
1751 713 1848 766 καὶ
1882 713 2096 767 εῐκοσι·

437 805 620 860 λοιπὸν
653 807 771 860 ἐκεῖ
805 806 944 859 ἐπτά
968 805 1258 876 τριάκοντα
1283 804 1377 860 καὶ
1416 805 1566 878 τρεῖς
1593 820 1607 835 °
1648 800 1768 857 εἶτα
1798 804 1879 868 είς
1903 804 2101 858 Πτολε-

441 897 603 967 μαΐδα
644 897 774 968 μίαν
791 936 807 963 ,
831 899 1124 968 τριάκοντα
1152 896 1423 968 τέσσαρες
1442 913 1456 928 ο
1488 892 1605 951 εἶτα
1649 897 1730 960 είς
1759 896 2100 967 Καισάρειαν

438 989 656 1052 πλείους
681 988 829 1058 μένει
867 988 974 1042 τῶν
1003 987 1180 1043 ἀλλων
1213 1005 1228 1020 ο
1261 989 1354 1043 καὶ
1381 988 1502 1043 τότε
1543 987 1729 1042 λοιπὸν
1767 988 1979 1042 ἐκεῖθεν
2007 987 2100 1040 06-

437 1081 562 1142 τοὺς
589 1079 780 1146 ἀνάγει
799 1080 828 1132 6
859 1079 1168 1149 προφήτης.
1205 1077 1392 1144 Οὕτως
1422 1080 1455 1152 ἡ
1489 1078 1842 1152 Πεντηκοοτὴ
1867 1077 2098 1151 πληροῦ-

435 1188 544 1237 ται,
579 1174 670 1225 καὶ
714 1171 830 1251 ἐκεῖ
858 1171 1026 1242 αὐτὴν
1057 1173 1217 1226 ποιεῖ,
1256 1173 1399 1242 Ὅρα
1441 1172 1604 1228 αὐτὸν
1647 1174 1736 1227 ὅτε
1782 1161 1848 1227 16
1875 1171 2098 1242 Πνεῦμα

434 1265 534 1316 ούκ
557 1263 762 1316 ἐκωλυε
806 1262 1146 1333 πειθόμενον.
1178 1259 1364 1317 Εῖπον·
1394 1264 1493 1334 Μὴ
1525 1264 1643 1331 δῷς
1664 1265 1896 1318 σαυτὸν
1921 1264 2010 1330 είς
2028 1263 2098 1318 τὸ

433 1354 700 1424 θέατρον,
729 1355 822 1408 καὶ
850 1354 950 1407 οὐκ
976 1353 1146 1408 ἔδωκε
1177 1371 1192 1386 ⁸
1226 1354 1484 1420 πολλάκις
1504 1355 1665 1409 αὑτὸν
1694 1355 1980 1425 ἐξήγαγον,
2003 1355 2098 1408 καὶ

434 1445 659 1518 ἐπείσθη
697 1463 712 1478 ·
741 1445 828 1499 διὰ
867 1445 1079 1518 θυρίδος
1113 1445 1275 1500 πάλιν
1304 1446 1472 1516 ἔφυγε
1499 1463 1515 1478 ο
1551 1447 1644 1502 καὶ⁵
1683 1445 1778 1501 νῦν
1824 1446 1900 1505 ὡς
1921 1447 2097 1498 είπεῖν

438 1537 648 1609 μυρίων
675 1536 1158 1609 παρακαλούντων,
1200 1555 1293 1592 και
1345 1538 1455 1593 τῶν
1484 1541 1544 1593 ἐν
1583 1539 1746 1612 Τύρῳ
1784 1537 2011 1592 καὶτῶν
2038 1539 2096 1590 ἐν

435 1627 759 1699 Καισαρείᾳ,
780 1628 875 1681 καὶ
895 1627 1195 1683 κλαιόντων
1217 1629 1311 1684 καὶ
1337 1630 1507 1700 μυρία
1529 1630 1904 1700 προλεγόντων
1923 1629 2093 1697 δεινά,

429 1717 530 1771 οὐκ
555 1718 826 1788 ἀνέχεται.
853 1719 962 1773 Καὶ
995 1719 1103 1792 μὴν
1127 1720 1224 1790 οὐχ
1257 1719 1443 1785 ἁπλῶς
1479 1719 1547 1775 τὰ
1588 1719 1736 1774 δεινά
1779 1721 2093 1792 προέλεγον,

431 1808 566 1862 αλλά
585 1808 673 1863 διά
697 1808 791 1862 τοῦ
817 1811 1134 1882 Πνεύματος
1155 1811 1466 1883 προέλεγον.
1496 1811 1559 1866 Εί
1587 1811 1769 1865 τοίνυν
1791 1811 1852 1865 16
1873 1811 2098 1882 Πνεῦμα

431 1900 703 1964 ἐκέλευσε,
724 1901 812 1956 διὰ
838 1901 891 1954 τί
919 1903 1343 1970 ἀντεῖπον;’οτι
1370 1904 1471 1957 οὐκ
1509 1902 1708 1974 ᾔδεσαν
1738 1903 1882 1975 άπερ
1920 1903 2096 1956 ἐδόκει

430 1991 508 2062 τῷ
537 1991 837 2063 Πνεύματι.
873 1994 984 2048 Καὶ
1033 1993 1209 2058 ἄλλως
1259 1994 1316 2048 δὲ
1365 1994 1483 2049 οὐδέ
1505 1993 1606 2066 τὴν
1652 1995 1979 2066 παραίνεσιν
2007 1994 2097 2048 διὰ

429 2083 522 2137 τοῦ
553 2083 868 2156 Πνεύματος
896 2085 1198 2141 ἐποιοῦντο.
1229 2088 1302 2141 06
1323 2086 1432 2160 γὰρ
1463 2086 1649 2152 ἁπλῶς
1678 2087 1827 2158 αύτῷ
1856 2087 1923 2140 τὰ
1947 2086 2097 2140 δεινὰ

432 2173 752 2248 προῦλεγον,
779 2179 906 2232 ἀλλ’
934 2179 1016 2234 ὅτι
1045 2179 1312 2251 ἀναϐῆναι
1338 2180 1401 2233 06
1423 2181 1550 2252 χρὴ,
1578 2180 1881 2251 φειδόμενοι
1903 2179 2092 2235 αὑτοῦ.

429 2271 592 2324 Μετὰ
622 2269 690 2322 δὲ
720 2269 786 2324 τὸ
824 2270 1128 2340 ἐξαρτίσαι
1166 2271 1274 2336 τὰς
1314 2271 1558 2341 ἡμέρας,
1607 2271 1740 2342 φησί
1774 2289 1788 2302 ·
1828 2272 2091 2337 τουτέστι,

431 2358 760 2431 πληρῶσαι·
801 2360 1014 2432 ἡμέρας
1067 2361 1125 2415 δέ
1181 2361 1328 2430 λέγει
1373 2362 1473 2426 τὰς
1500 2361 1843 2431 τεταγμένας
1883 2379 1898 2394 σ
1951 2379 2095 2432 προ-

428 2453 783 2522 πεμπόντων
810 2451 969 2523 ἠμᾶς
993 2453 1235 2508 πάντων
1267 2454 1389 2508 σὺν
1429 2454 1670 2522 γυναιξί
1701 2454 1800 2508 καί
1833 2455 2091 2521 τέκνοις.

495 2542 724 2614 γ¹.[5Η]
759 2543 894 2613 Ὅρα
916 2544 1056 2614 πόση
1088 2545 1121 2616 ή
1151 2543 1494 2615 παράκλησις
1523 2540 1610 2616 ἦν’
1638 2545 1730 2598 καὶ
1754 2543 1914 2598 πάλιν
1937 2546 2094 2616 εὐχό-

431 2648 582 2703 μενοι
611 2634 936 2688 διαλύονται.
973 2634 1082 2686 Καὶ
1105 2636 1164 2687 ἐν
1185 2634 1504 2704 Πτολεμαΐδι
1534 2635 1663 2703 μίαν
1691 2635 1941 2706 μένουσιν
1962 2634 2102 2706 ἠμέ-

429 2741 550 2795 ραν,
596 2725 653 2777 ἐν
687 2724 744 2778 δὲ
783 2725 1090 2796 Καισαρείᾳ
1144 2725 1383 2788 πλείους.
1435 2724 1546 2779 Καὶ
1595 2725 1684 2780 ὅτε
1734 2726 1964 2796 ἤκουσεν
2009 2727 2092 2780 ὅτι

428 2813 597 2885 μυρία
642 2815 790 2869 δεινά
839 2814 954 2886 εχει
1006 2815 1221 2882 ²ιιιαθεῖν,
1281 2817 1405 2870 τότε
1465 2815 1771 2886 ἐπείγεται,
1837 2817 1938 2872 οὐκ
1998 2818 2093 2872 ἐπὶ

421 2908 549 2972 τοὺς
570 2907 848 2971 κινδύνους
907 2908 1117 2977 ῥίπτων
1185 2908 1408 2975 ἑαυτὸν,
1469 2907 1587 2962 ἀλλ’
1641 2908 1941 2978 ἡγούμενος
1995 2909 2090 2964 τοῦ

422 2998 740 3070 Πνεύματος
777 2993 916 3051 εἶναι
953 2998 1016 3052 16
1057 2999 1408 3072 πρόσταγμα.
1444 2999 1606 3055 Μέτίᾶ
1645 3000 1844 3066 δὲτὰς
1867 3001 2092 3071 ἡμέρας

422 3091 644 3155 ταύτας
698 3089 1259 3159 ἐπισκευασάμενοι,
1325 3100 1508 3163 φησιν,
1552 3093 1954 3163 ἀναϐαίνομεν
2003 3095 2092 3160 είς

432 3181 811 3249 Ἱεροσόλυμα
832 3197 845 3211 ο
873 3181 1139 3245 τουτέστι,
1166 3183 1236 3236 τά
1262 3181 1396 3253 πρὸς
1419 3183 1519 3254 τὴν
1555 3184 1863 3256 ὁδοιπορίαν
1895 3185 2089 3240 λαδόν-

418 3289 532 3337 τες.
576 3269 888 3339 Συνῆλθον
911 3272 980 3325 δὲ
1016 3273 1116 3326 καί
1145 3272 1264 3327 τῶν
1279 3275 1564 3344 μαθητῶν
1583 3276 1703 3330 ἀπὸ
1730 3278 2091 3345 Καισαρείας

419 3363 542 3418 σὺν
566 3363 731 3432 ήμῒν,
755 3363 1004 3432 ἄγοντες
1027 3366 1163 3433 παρ’
1188 3359 1235 3432 ᾧ
1256 3364 1643 3435 ξενισθῶμεν,
1664 3367 1953 3422 Μνάσωνί
1973 3386 2091 3424 τινι

417 3456 680 3524 Κυπρίῳ,
734 3457 960 3525 ἀρχαίῳ
1004 3455 1244 3526 μαθηεῇ
1267 3475 1280 3489 ⁸
1312 3459 1652 3528 τεινομένων
1696 3458 1766 3513 δὲ
1803 3458 1981 3529 ,ἡμῶν
2003 3462 2092 3528 είς

429 3546 830 3615 Ἱεροσόλυμα,
862 3547 1138 3615 ἀσμένως
1186 3547 1473 3613 ἐδέξαντο
1527 3548 1684 3618 ἡμᾶς
1727 3551 1783 3604 οι
1811 3549 2087 3620 ἀδελφοί.

419 3636 532 3689 Καὶ
561 3636 681 3706 δρα,
706 3638 806 3689 οὐκ
843 3633 999 3690 εἶπεν
1033 3638 1293 3707 Ἀγιδος,
1324 3640 1406 3694 δτι
1449 3640 1664 3694 Παῦλον
1699 3623 1976 3712 δήσουσιν,
2005 3643 2091 3696 ῖνα

423 3725 500 3796 μὴ
549 3723 675 3796 δόξῃ
719 3725 782 3778 ἐκ
829 3727 1105 3798 συνθήκης
1143 3729 1362 3797 λέγειν’
1408 3729 1565 3797 ἀλλὰ,
1617 3730 1728 3784 Τὸν
1764 3730 1974 3799 ἄνδρα,
2015 3729 2089 3790 οὗ

417 3814 591 3868 ἐστιν
629 3814 667 3880 ἠ
717 3813 864 3883 ζῶνη
909 3817 1081 3884 αὕτη.
1113 3819 1256 3889 Ἀρα
1294 3820 1388 3872 καὶ
1440 3819 1616 3890 ζώνην
1657 3815 1822 3890 εῖχεν.
1870 3823 2090 3899 Ἐπειδὴ

419 3902 478 3955 δέ
503 3901 602 3955 ούκ
634 3904 819 3975 ίσχυον
851 3908 1059 3970 πεῖσαι,
1111 3907 1201 3960 διὰ
1253 3907 1418 3962 τοῦτο
1451 3905 1835 3976 ἐκλαιον,εῐτα
1883 3914 2087 3986 ἡσύχα-

422 4008 540 4045 σαν.
597 3993 760 4064 Ὁρᾷς
799 3995 1151 4064 φιλοσοφίαν;
1211 3999 1343 4069 ὁρᾷς
1376 3999 1789 4070 φιλοστοργίαν;
1839 4004 2089 4076 Ἡσυχά-

421 4099 637 4151 σαμεν,
690 4086 872 4154 φησιν,
934 4087 1233 4154 εἰπόντες·
1289 4089 1357 4142 Τὸ
1414 4090 1650 4160 θέλημα
1699 4094 1806 4150 τοῦ
1857 4097 2083 4165 Κυρίου

420 4177 696 4245 γενέσθω.
739 4177 1034 4246 Ἀγοντες,
1069 4181 1222 4252 φησὶ,
1261 4184 1396 4250 παρ’
1426 4175 1476 4249 ᾧ
1522 4183 1908 4257 ξενισθῶμεν.
1947 4188 2088 4260 ’Δρα

419 4268 518 4320 οὐκ
571 4268 651 4330 είς
707 4266 806 4339 τὴν
849 4268 1160 4338 ἐκκλησίαν.
1193 4270 1326 4324 Τότε
1371 4272 1472 4341 μὲν
1499 4272 1628 4344 γὰρ,
1671 4275 1760 4329 ὅτε
1815 4277 1957 4347 ὑπὲρ
2002 4278 2090 4331 δο-

419 4359 646 4429 γμάτων
689 4359 946 4431 ἀνῄεσαν,
986 4360 1046 4412 ἐν
1093 4362 1162 4431 τῇ
1209 4359 1478 4434 ἐκκλησίᾳ
1519 4363 1850 4428 ξενίζονταιι
1908 4366 2002 4421 νῦν
2033 4368 2090 4421 δὲ

420 4455 570 4525 παρὰ
605 4454 820 4527 μαθητῇ
877 4473 984 4510 τινι
1029 4457 1264 4529 ἀρχαίῳ.
1320 4459 1572 4515 Δείκνυσι
1626 4460 1793 4514 πολὺν
1841 4463 1934 4516 τοῦ
1985 4481 2087 4537 κη-

424 4545 700 4616 ρύγματος
749 4546 842 4600 τὸν
897 4547 1089 4617 χρόνον
1141 4547 1356 4600 λοιπόν·
1415 4549 1540 4602 ὅθεν
1594 4567 1686 4620 μοι
1735 4551 1883 4606 δοκεῖ
1921 4555 2090 4610 πολλά

423 4638 516 4707 ἔτη
555 4636 864 4705 ὲπιτέμνειν
920 4639 978 4689 ἐν
1027 4643 1145 4702 ταῖς
1169 4639 1435 4708 Πράξεσιν
1471 4632 1645 4706 οὗτος,
1702 4643 1771 4696 τὰ
1831 4650 2088 4699 κατεπεί-

422 4746 590 4797 γοντα
625 4729 784 4797 μόνον
822 4728 1015 4796 λέγων.
1049 4731 1115 4781 Τί
1162 4733 1297 4794 ἐστι,
1346 4735 1414 4788 Τὸ
1455 4735 1684 4805 θέλημα
1724 4735 1830 4792 τοῦ
1866 4739 2087 4806 Κυρίου

419 4819 716 4890 γενέσθω;
751 4816 976 4888 Κύριος,
1039 4821 1224 4889 φησὶν,
1277 4823 1437 4886 αὐτὸς
1484 4825 1546 4877 16
1598 4828 1826 4896 ἀρεστὸν
1857 4827 2087 4881 ἐνώπιον

421 4911 587 4966 αὑτοῦ
630 4913 865 4978 ποιήσει.
903 4909 1267 4980 Ἡσυχάζουσι
1314 4913 1370 4966 δὲ
1398 4917 1615 4978 ἐκεῖνοι,
1655 4917 1749 4969 καὶ
1790 4917 1890 4970 οὐκ
1918 4919 2085 4987 ἀναγ-

421 5004 697 5068 κάζουσιν,
751 5004 909 5067 Ἴσως
961 5004 1234 5068 συνείδον,
1287 5006 1369 5059 ὅτι
1422 5007 1483 5059 16
1529 5007 1740 5079 θέλημα
1791 5003 1860 5079 ἦν
1907 5010 2082 5074 Θεοῦ,

421 5095 530 5148 ἀπὸ
567 5095 666 5165 τῆς
722 5095 936 5148 Παύλου
987 5095 1295 5166 προθυμίας
1341 5097 1499 5152 τοῦτο
1553 5099 1949 5170 στοχασάμενοι
1977 5117 1990 5130 ·
2026 5102 2086 5154 οὗ

422 5185 531 5257 γὰρ
564 5185 630 5239 ἂν
672 5185 814 5241 οὕτω
846 5184 1058 5248 Παῦλος
1109 5187 1487 5259 προεθυμήθη,
1531 5188 1655 5244 οὔτε
1703 5190 1836 5254 Θεὸς
1877 5190 1944 5243 ἂν
1974 5193 2087 5245 εία-

425 5297 518 5333 σεν
569 5279 597 5330 ὁ
654 5278 740 5330 ἀεὶ
804 5278 1066 5332 κινδύνων
1124 5277 1447 5348 ἐξαρπάζων
1495 5280 1678 5334 αὐτόν.
1743 5281 1930 5344 Οὕτως
1987 5284 2088 5336 οὐκ

421 5370 704 5425 ἐϐούλοντο
770 5369 951 5440 βαρεῖν
1013 5369 1113 5440 τὴν
1167 5370 1484 5438 ἐκκλησίαν,
1533 5373 1681 5436 δντος
1741 5375 1928 5446 ἑτέρου
1993 5377 2086 5429 τοῦ

424 5459 721 5527 ξενίζοντος
783 5463 998 5528 αὐτοὺς,
1036 5463 1157 5517 οὐδὲ
1201 5463 1420 5533 ἀξίωμα
1469 5465 1729 5535 ἀπῄτουν.
1801 5467 2088 5537 Ἀσμένως

425 5551 600 5620 ἡμᾶς,
633 5554 819 5622 φησὶν,
861 5555 1224 5619 ἀπεδέξαντο
1255 5560 1307 5610 οί
1336 5557 1608 5627 ἀδελφοί.
1642 5559 1838 5613 Λοιπὸν
1865 5563 2086 5632 είρήνης

424 5637 491 5710 ἦν
529 5644 699 5709 μεστὰ
736 5646 803 5698 τὰ
838 5645 1140 5715 πράγματα
1165 5649 1230 5701 1‘0
1265 5650 1322 5700 ἐν
1362 5648 1629 5713 Ἰουδαίοις
1657 5663 1706 5714 θ,
1743 5653 1832 5704 καὶ
1870 5654 1967 5722 οὐχ
2013 5655 2087 5715 ἀς

428 5733 687 5801 πρότερον
716 5736 950 5804 πόλεμος
983 5733 1066 5805 ἦν.
1121 5739 1394 5806 "Arar-rec
1441 5739 1616 5807 ἡμᾶς,
1666 5743 1818 5812 φησὶ,
1876 5747 2010 5812 παρ’
2040 5739 2086 5811 ᾧ

431 5825 812 5893 ξενισθῶμεν.
848 5828 1053 5883 Ηαῦὶοτ
1077 5830 1309 5893 ἐξένισεν
1340 5833 1560 5895 ἐκεῖνος.

496 5938 513 5956 ⁸
543 5931 695 5989 [ηυξ.
717 5932 771 5978 τὰ
801 5934 1045 5992 πάγματα
1075 5936 1125 5981 τὰ
1155 5937 1217 5987 εἰς
1265 5936 1532 5992 Ἰουδαίους-
1594 5971 1612 5986 ,

1273 320 1331 378 S.
1368 316 1652 376 JOANNLS
1686 307 2172 377 CHRYSOSTOMI
2209 314 2524 373 ABCHIEP.
2567 311 3115 373 CONSTANTINOP-

3759 304 3869 366 518

2277 435 2432 505 Τάχα
2486 451 2570 498 τις
2615 433 2769 505 ὑμῶν
2826 437 2971 508 ἐρεῖ⁸
3007 435 3075 488 Et
3111 451 3195 499 τις
3237 430 3406 504 κάμοὶ
3453 431 3665 487 Παῦλον
3701 431 3870 486 ῑδωκε

2203 525 2424 593 ξενίσαι,
2473 526 2705 596 ἑτοίμως
2743 527 2810 580 ἂν
2853 529 2948 581 καὶ
2999 525 3136 598 μετὰ
3170 524 3370 596 πολλῆς
3412 524 3513 596 τῆς
3560 523 3874 594 προθυμίας

2200 617 2359 672 τοῦτο
2398 619 2664 685 ἐποίησα..
2691 618 2822 673 Ἰδοὺ
2871 620 2965 673 τὸν
3005 618 3219 672 Παύλου
3260 619 3535 689 Δεσπότην
3581 616 3760 684 ἔξεστί
3785 634 3874 673 σοι

2200 711 2425 779 ξενίσαι,
2462 711 2558 765 καὶ
2586 711 2648 765 06
2683 710 2865 782 βούλει
2885 727 2900 743 ’
2943 711 2996 764 '0
3023 711 3133 780 γὰρ
3174 712 3516 781 δεχόμενος,
3542 710 3728 782 φησὶν,
3757 709 3875 766 ἕνα

2199 801 2320 858 τῶν
2360 801 2720 871 ἐλαχίστων,
2759 800 2866 872 ἐμὲ
2900 801 3157 870 δέχεται.
3185 801 3336 872 Ὀσῳ
3368 800 3435 856 ἂν
3471 796 3813 874 ἐλάχιστοςῇ
3842 801 3875 854 6

2198 894 2445 964 ἀδελφὸς,
2474 891 2715 965 τοσούτῳ
2740 893 2940 964 μᾶλλον
2964 895 2993 948 6
3031 892 3269 964 Χριστὸς
3289 893 3354 948 δι’
3387 893 3552 948 αὐτοῦ
3573 893 3876 964 παραγίνε-

2197 1003 2304 1041 ται.
2348 987 2405 1040 '0
2443 987 2546 1059 μέν
2568 988 2676 1058 γὰρ
2704 987 2794 1042 τὸν
2823 987 3001 1059 μέγαν
3030 985 3341 1058 δεχόμενος,
3373 986 3633 1049 πολλάκις
3656 984 3751 1039 καὶ
3781 983 3874 1040 διὰ

2198 1077 2506 1144 κενοδοξίαν
2535 1080 2717 1134 ποιεῖ’
2766 1080 2796 1132 6
2848 1078 2908 1133 δὲ
2947 1077 3041 1132 τὸν
3071 1077 3287 1150 μικρὸν,
3331 1074 3592 1147 καθαρῶς
3641 1075 3728 1130 διὰ
3775 1075 3874 1131 τὸν

2199 1169 2452 1242 Χριστόν.
2487 1170 2709 1234 Ἔξεστί
2741 1186 2825 1224 σοι
2862 1170 2957 1224 καὶ
2998 1169 3090 1223 τὸν
3113 1168 3335 1241 Πατέρα
3373 1168 3580 1236 ξενίσαι
3616 1167 3710 1222 τοῦ
3739 1169 3876 1240 Χρι-

2201 1263 2349 1326 στοῦ,
2383 1264 2477 1316 καὶ
2508 1263 2570 1316 ού
2611 1262 2812 1332 βούλει·
2837 1261 3025 1328 Ξένος
3056 1262 3165 1332 γὰρ
3192 1262 3380 1332 ἥμην,
3409 1263 3563 1333 φησὶ,
3593 1261 3690 1316 καί
3715 1276 3873 1316 συν·-

2196 1351 2447 1422 ηγάτετέ
2495 1368 2572 1422 με
2595 1367 2609 1383 ·
2660 1354 2755 1406 καὶ
2794 1352 2977 1420 πάλιν,
3026 1354 3144 1422 Ἐφ’
3183 1351 3336 1406 ὅσον
3367 1351 3460 1405 ἐνί
3491 1353 3722 1405 τούτων
3749 1347 3875 1403 τῶν

2195 1443 2536 1512 ἐλαχίστων
2563 1444 2913 1514 ἐποιήσατε,
2939 1445 3066 1515 ἐμοὶ
3095 1443 3441 1514 ἐποιήσατε.
3473 1443 3596 1498 Κάν
3622 1442 3699 1514 μὴ
3717 1441 3873 1498 Παῦ⁶

2196 1535 2289 1598 λος
2316 1531 2374 1610 ᾖ,
2415 1536 2606 1600 πιστὸς
2637 1537 2696 1590 δὲ
2815 1537 2912 1592 καὶ
2957 1537 3204 1607 ἀδελφὸς,
3259 1537 3361 1591 κᾶν
3416 1536 3697 1606 ἐλάχιστος
3739 1531 3802 1608 ᾗ,
3843 1537 3876 1589 6

2197 1629 2432 1700 Χριστὸς
2474 1630 2543 1683 δι’
2589 1628 2758 1683 αὑτοῦ
2810 1630 3196 1702 παραγίνεται.
3248 1629 3495 1695 Ἀνοιξον
3532 1627 3632 1697 τὴν
3667 1627 3873 1691 δίκίαν,

2197 1719 2470 1787 ὑπόδεξαι.
2515 1721 2568 1774 '0
2587 1722 2914 1792 δεχόμενος
2940 1721 3276 1793 προφήτην,
3300 1722 3456 1792 φησὶ,
3484 1718 3707 1791 μισθὸν
3729 1733 3879 1791 προσ

2196 1814 2393 1884 φήτου
2419 1814 2699 1885 λήψεται.
2731 1815 2941 1871 Οὐκοῦν
2973 1816 3068 1870 καὶ
3090 1817 3120 1869 6
3160 1815 3396 1886 Χριστὸν
3429 1813 3743 1884 δεχόμενος,
3774 1814 3878 1887 M-

2195 1906 2356 1974 ψεται
2387 1906 2576 1977 μισθὸν
2605 1906 2700 1961 τοῦ
2738 1907 2831 1962 τὸν
2871 1906 3106 1978 Χριστὸν
3136 1906 3455 1973 ξενίζοντος.
3501 1906 3594 1977 Μὴ
3650 1905 3878 1962 ἀπίστει

2196 2000 2307 2062 τοῖς
2349 1995 2498 2070 [διε]
2536 1998 2777 2069 ῥήμασιν
2820 1998 3008 2063 αὐτοῦ,
3049 1998 3189 2053 ἀλλὰ
3233 1998 3394 2066 γενοῦ
3442 1997 3664 2062 πιστός⁶
3709 1997 3880 2064 αὐτὸς

2197 2087 2370 2154 εἶπεν,
2403 2091 2486 2144 ὅτι
2507 2091 2585 2144 Δι’
2606 2091 2787 2146 αὐτῶν
2810 2090 2920 2160 ἐγὼ
2949 2091 3322 2164 παραγίνομαι
3343 2107 3357 2122 ·
3391 2090 3486 2144 καὶ
3518 2091 3607 2144 ῖνα
3639 2088 3714 2160 μὴ
3745 2089 3884 2144 ἀπιρ

2199 2184 2350 2252 στῇς,
2399 2183 2492 2236 καὶ
2547 2183 2815 2254 τιμωρίας
2870 2182 3044 2255 ὁρίζει
3089 2185 3202 2245 τοῖς
3259 2181 3334 2254 μὴ
3387 2181 3718 2252 δεχομένοις,
3778 2179 3881 2233 καὶ

2194 2271 2358 2340 τιμὰς
2383 2273 2495 2333 τοῖς
2519 2272 2849 2342 δεχομένοις,
2882 2274 2981 2326 ούκ
3012 2272 3079 2326 ἂν
3116 2272 3276 2326 τοῦτο
3297 2272 3552 2342 ποιήσας,
3586 2274 3635 2327 εί
3669 2271 3744 2344 μὴ
3777 2275 3882 2330 καὶ

2194 2363 2223 2415 6
2243 2361 2494 2433 τιμηθεὶς
2522 2364 2619 2416 καὶ
2638 2365 2666 2416 6
2705 2363 2985 2434 ὑϐρισθεὶς
3009 2363 3171 2426 0616;
3195 2359 3284 2434 ἦν.
3331 2361 3527 2427 Ἐδέξω
3562 2381 3652 2434 με,
3679 2364 3876 2436 φησὶν,

2196 2455 2277 2516 είς
2302 2453 2364 2506 τὸ
2423 2454 2513 2506 σὺν
2551 2453 2915 2522 καταγώγιον,
2949 2455 3171 2526 δέξομαί
3221 2471 3280 2507 σε
3333 2457 3412 2518 είς
3462 2456 3565 2525 τὴν
3593 2454 3881 2526 βασιλείαν

2195 2544 2290 2598 τοῦ
2326 2546 2540 2618 Πατρός
2572 2562 2674 2616 μου
2700 2562 2713 2576 ·
2749 2545 2948 2610 ἐλυσάς
2981 2564 3071 2617 μοι
3117 2547 3210 2600 τὸν
3259 2547 3440 2619 λιμὸν,
3481 2551 3628 2600 λύσω
3675 2565 3758 2601 σοι
3803 2545 3881 2600 τὰ

2196 2641 2601 2712 ἀμαρτήματα’
2659 2635 2799 2705 εῐδές
2859 2658 2927 2713 με
2971 2641 3274 2714 δεδεμένον,
3335 2647 3568 2720 ὁρᾶσθαί
3623 2667 3683 2703 σε
3734 2652 3882 2708 ποιῶ

2193 2733 2562 2804 λελυμένονδ·
2598 2732 2740 2798 εἶδές
2774 2753 2844 2805 με
2882 2735 3056 2803 ξένον,
3091 2739 3233 2793 ποιῶ
3284 2757 3345 2794 σε
3386 2742 3610 2811 πολίτην
3639 2745 3749 2797 τῶν
3775 2745 3880 2800 06-

2195 2825 2402 2896 ρανῶν·
2445 2826 2652 2891 ἔδωκάς
2684 2845 2776 2898 μοι
2822 2829 3008 2902 ἄρτον,
3051 2829 3246 2900 δίδωμί
3297 2849 3380 2885 σοι
3424 2831 3704 2902 βασιλείαν
3753 2835 3881 2890 ὀλό-

2191 2916 2415 2987 κληρον,
2448 2917 2586 2970 ὥστε
2615 2919 3025 2989 κληρονομῆσαι
3054 2921 3151 2974 καὶ
3179 2927 3491 2992 κατασχεῖν.
3529 2924 3710 2977 Δεῦτε
3735 2925 3877 2998 γὰρ,

2193 3010 2350 3080 φησι,
2397 3009 2894 3079 κληρονομήσατε
2931 3013 3048 3080 τὴν
3083 3015 3538 3086 ἡτοιμασμένην
3573 3017 3717 3086 ὑμῖν
3755 3020 3881 3084 βαρ

2191 3102 2453 3155 σιλείαν.
2501 3103 2615 3156 Ούκ
2653 3099 2796 3166 εἷπε.
2850 3105 3081 3171 Λάδετε,
3115 3107 3287 3173 ἀλλὰ,
3340 3111 3878 3179 κληρονομήσατε,

2189 3190 2328 3264 δπερ
2384 3194 2477 3246 ἐπὶ
2525 3194 2636 3248 τῶν
2688 3195 2895 3267 κυρίως
2944 3197 3244 3267 κτωμένων
3316 3199 3558 3268 λέγεται,
3601 3202 3678 3266 ὡς
3740 3203 3882 3258 ὅταν

2189 3282 2470 3354 λέγωμεν·
2519 3285 2650 3339 Τόδε
2701 3287 3142 3361 ἐκληρονόμησα.
3185 3290 3474 3363 Ἐποίησας
3527 3294 3607 3356 είς
3655 3293 3756 3365 ἐμὲ
3815 3297 3880 3352 ἐν

2191 3375 2440 3446 κρυπτῷ.
2475 3376 2585 3446 ἐγὼ
2615 3378 2837 3449 κηρύξω
2862 3381 2921 3434 ἐν
2947 3382 3165 3454 φανερῷ
3184 3397 3198 3411 ⁸
3231 3383 3326 3436 καὶ
3350 3383 3417 3438 τά
3451 3384 3553 3455 μὲν
3585 3384 3654 3439 σὰ
3699 3385 3879 3455 λέγω,

2190 3468 2272 3522 ὅτι
2304 3469 2525 3538 χάριτος
2569 3465 2656 3541 ἦν,
2687 3471 2756 3525 τὰ
2803 3471 2860 3525 δέ
2913 3473 3042 3543 ἐμά,
3083 3474 3324 3546 ὀφειλῆς.
3374 3476 3593 3547 Ἐπειδὴ
3636 3478 3746 3550 γὰρ
3783 3480 3876 3546 σὺ,

2191 3558 2374 3628 φησιν,
2403 3558 2574 3630 ἤρξω.
2629 3562 2743 3630 ἐγὼ
2790 3563 2996 3634 ῑπομαι
3045 3567 3140 3620 καὶ
3194 3566 3476 3621 ἀκολουθῶ
3502 3587 3516 3603 ο
3547 3569 3646 3623 ούκ
3680 3572 3881 3642 αἰσχύ-

2190 3667 2353 3721 νομαι
2375 3653 2707 3724 ὁμολογῆσαι
2761 3653 2862 3718 τὰς
2894 3657 2978 3720 είς
3030 3657 3132 3727 ἐμὲ
3167 3659 3468 3729 γενομένας
3523 3660 3879 3732 εὐεργεσίας,

2190 3743 2309 3797 οὐδὲ
2347 3744 2508 3797 τίνων
2536 3761 2602 3814 με
2642 3746 2983 3817 άπήλλαξας,
3030 3747 3191 3818 λιμοῦ
3246 3751 3342 3804 καὶ
3393 3753 3733 3824 γυμνότητος
3773 3755 3882 3810 καὶ

2193 3835 2423 3906 πλάνης.
2471 3832 2622 3900 Εἷδές
2657 3854 2723 3907 με
2759 3837 3063 3909 δεδεμένον,
3118 3841 3218 3894 οὐκ
3273 3842 3393 3912 ὕψει
3430 3845 3492 3898 τὸ
3523 3845 3621 3915 τῆς
3643 3845 3882 3919 γεέννης

2191 3925 2336 3997 πῦρο
2370 3923 2507 3990 εἶδές
2562 3944 2629 3997 με
2681 3929 3093 4004 ἀρρωστοῦντα,
3125 3931 3228 3986 οὐκ
3274 3932 3396 4002 ὄψει
3430 3933 3500 3988 τὰ
3533 3934 3878 4007 βασανιστή-

2193 4035 2283 4088 ρια
2311 4019 2434 4073 οὐδὲ
2477 4019 2578 4083 τὰς
2619 4023 2914 4093 τιμωρίας.
2948 4024 3013 4076 ’Ὠ
3049 4027 3230 4095 χεῖρες
3271 4024 3438 4090 ὅντως
3478 4027 3876 4100 εύλογημέναι,

2189 4113 2246 4164 αἱ
2280 4110 2559 4174 τοιαύταις
2607 4112 2944 4183 οἰκονομίαις
2996 4113 3427 4186 διακονούμεναι,
3463 4120 3521 4172 αί
3574 4119 3878 4185 καταξιού-

2193 4210 2398 4272 μεναια
2452 4201 2745 4272 ὑπηρετεῖν
2790 4204 2868 4275 τῷ
2925 4205 3167 4278 Χριστῷ.
3224 4209 3393 4274 Πόδες
3453 4213 3534 4274 είς
3582 4211 3875 4282 δεσμωτή-

2192 4307 2285 4362 ρια
2338 4290 2644 4361 βαδίζοντες
2697 4293 2785 4347 διὰ
2836 4297 2931 4350 16v
2991 4298 3249 4368 Χριστὸν,
3306 4300 3544 4365 εὐκόλως
3597 4305 3874 4359 κατατολ-

2193 4382 2335 4452 μῶσι
2369 4384 2460 4437 τοῦ
2489 4385 2696 4456 πυρός’
2740 4387 2800 4440 06
2853 4387 3191 4460 λαμϐάνουσι
3242 4396 3436 4463 πεῖραν
3485 4394 3597 4449 τῶν
3645 4395 3874 4466 δεσμῶν

2189 4476 2370 4544 χεῖρες
2421 4493 2478 4529 αι
2531 4476 2816 4549 δεδεμένον
2871 4481 3035 4534 αὐτὸν
3104 4482 3330 4539 ἰδοῦσαι.
3388 4485 3676 4550 Ἐνέδυσας
3731 4489 3874 4558 [pd-

2188 4581 2324 4626 τιον.
2373 4568 2467 4621 καὶ
2513 4568 2675 4641 ἐνδύῃ
2711 4572 2926 4642 ίμάτιον
2972 4574 3277 4644 σωτηρίου·
3324 4576 3512 4644 ἐγένου
3548 4580 3604 4630 ἐν
3646 4578 3873 4650 δεσμω-

2189 4658 2363 4728 τηρίῳ
2394 4663 2513 4729 μετ’
2552 4662 2741 4729 αὑτοῦ,
2784 4665 2878 4717 καὶ
2927 4665 3050 4736 γίνῃ
3102 4668 3160 4720 ἐν
3209 4666 3458 4739 βασιλείᾳ
3510 4671 3626 4741 μετ’
3668 4671 3868 4729 αὑτοῦ.

2191 4750 2378 4806 Ταῦτα
2435 4755 2690 4824 ὁμολογεῖ
2745 4758 2847 4810 ούκ
2903 4759 3324 4828 αἰσχυνόμενος,
3381 4761 3497 4814 ἀλλ’
3567 4763 3724 4827 εἰδὼς
3779 4767 3873 4821 ὅτι

2191 4843 2352 4896 αὑτὸν
2377 4846 2686 4916 ἐπεσκέψω.
2720 4849 2836 4902 Οὐκ
2875 4849 2988 4920 ᾔδει
3034 4852 3302 4921 ἀγγέλους
3359 4853 3581 4918 ξενίζων
3601 4856 3632 4908 6
3665 4873 3876 4930 πατρι-

2190 4935 2402 5008 ἀρχης,
2463 4941 2556 4994 καὶ
2623 4939 2879 5004 ἐξένιζεν.
2927 4941 3352 5015 Αἰσχυνθῶμεν,
3409 4949 3753 5019 παρακαλῶ⁸
3807 4954 3874 5007 ἐν

2193 5030 2430 5101 μεσημδι
2460 5033 2510 5102 ζα
2538 5031 2772 5102 ἐκάθητο
2823 5034 2910 5087 ἐπ’
2940 5035 3227 5108 ἀλλοτρίας
3251 5033 3516 5101 ὢν,’ὃπου
3550 5040 3670 5094 οὐδὲ
3709 5041 3870 5114 βῆμα

2190 5121 2350 5185 ποδὸς
2380 5121 2492 5192 εἶχε
2525 5123 2673 5189 ξένος
2707 5120 2797 5196 ἦν,
2829 5128 2924 5183 καὶ
2954 5127 3140 5194 ξένους
3163 5127 3402 5195 ἐξένιζεν
3452 5134 3481 5186 6
3531 5132 3680 5198 ξένος
3701 5151 3715 5165 ο
3758 5155 3868 5192 πο-

2188 5212 2339 5284 λίτης
2370 5215 2477 5285 γὰρ
2504 5211 2572 5286 ἦν
2593 5216 2702 5268 τῶν
2733 5218 2995 5287 οὐρανῶν.
3022 5219 3119 5274 Διά
3148 5220 3306 5275 τοῦτο
3334 5222 3455 5277 οὐδὲ
3497 5225 3591 5278 ἐπὶ
3624 5228 3725 5297 γῆς
3759 5229 3866 5298 ὢν,

2191 5305 2336 5373 ξένος
2380 5303 2468 5379 ἦν.
2516 5309 2709 5379 Ἡμεῖς
2747 5312 2957 5366 ἐκείνου
2991 5314 3085 5366 τοῦ
3133 5315 3286 5379 ξένου
3327 5317 3528 5386 μᾶλλον
3574 5319 3733 5385 ξένοι,
3787 5324 3870 5392 μὴ

2189 5401 2468 5472 δεχόμενοι
2501 5401 2702 5467 ξένους.
2734 5405 2847 5459 Οὐκ
2881 5402 3027 5477 εἶχεν
3058 5409 3258 5473 οίκίαν,
3287 5411 3383 5464 καὶ
3417 5412 3767 5481 καταγώγιον
3793 5413 3869 5488 ἦν

2189 5497 2336 5566 αὐτῷ
2382 5498 2414 5567 ὴ
2449 5500 2642 5569 σκηνή.
2672 5500 2780 5552 Καὶ
2819 5502 2921 5570 ὅρα
2953 5501 3015 5556 16
3045 5501 3298 5570 δαψιλέςο
3343 5504 3541 5573 μόσχον
3581 5505 3723 5568 ἔθυε,
3769 5514 3871 5564 καὶ

2190 5593 2392 5664 ἄλευρα
2414 5594 2577 5664 ἔφυρε
2591 5613 2632 5647 ν.
2669 5595 2866 5647 Ἀκουε
2907 5595 2997 5648 καὶ
3029 5595 3089 5648 16
3122 5596 3401 5666 πρόθυμον
3423 5615 3435 5628 ο
3461 5598 3526 5650 δι’
3549 5601 3742 5654 ἐαυτοῦ
3769 5608 3872 5660 καὶ

2189 5685 2286 5752 τῆς
2308 5687 2558 5752 γυναικὸς
2593 5684 2748 5738 τοῦτο
2782 5689 2940 5738 ποιεῖ.
2985 5687 3182 5741 Σκόπει
3203 5688 3296 5740 καὶ
3329 5689 3389 5740 16
3417 5690 3619 5758 ἄτυφον
3643 5709 3656 5722 ο
3686 5710 3870 5764 προσ-

2192 5768 2342 5816 κυνεῖ
2364 5766 2453 5816 καὶ
2486 5765 2813 5833 παρακαλεῖ.

2276 5879 2299 5917 [³
2332 5879 2479 5936 [ἠυς,
2526 5882 2789 5939 δεδεμένον,

2190 5944 2236 5988 αἱ
2265 5943 2473 5989 τοιαῦται
2499 5945 2558 5990 οἰ)

2837 5882 2935 5943 ὁρῶ
2981 5900 3035 5929 σε
3077 5884 3340 5941 λελυμένον.
3466 5889 3480 5911 ⁸
3534 5886 3663 5936 Hem
3718 5894 3833 5941 F.0d.

2585 5943 2761 6003 »νομίκι
2788 5944 3174 6004 οἰκονομούμενκι
3197 5948 3239 5992 αἱ
3287 5965 3312 5989 .r
