4072 6404
185 288 289 344 317

176 405 390 464 Chium.
422 402 472 456 in
495 397 828 475 Trogylium,
855 399 912 456 in
941 399 1187 467 Samum,
1217 399 1494 468 Miletum;
1522 400 1643 457 dies
1663 417 1780 457 om-

175 511 273 551 nes
283 503 408 550 sunt
427 493 728 550 octodecim
748 511 763 549 :
780 499 966 562 postea
985 491 1038 546 in
1054 489 1244 558 Coum,
1265 493 1318 546 in
1335 491 1610 558 Rhodum,
1631 493 1787 548 Pata-

174 603 291 643 ram
317 603 332 650 ;
355 595 484 640 sunt
514 584 701 656 viginti
727 592 782 638 et
802 598 908 638 una
925 581 1043 638 dies
1067 583 1293 638 :deinde
1317 583 1514 640 isthinc
1543 600 1637 655 per
1663 585 1784 640 dies

171 679 412 749 quinque
436 675 678 748 Tyrum;
707 683 766 729 ut
805 674 913 729 sint
943 673 1060 730 dies
1099 675 1284 745 viginti
1321 690 1416 730 ses
1449 675 1560 730 :ibi
1600 685 1780 744 postea

172 779 380 840 septem
421 767 540 823 dies
572 785 586 822 :
615 774 739 822 sunt
765 765 884 821 dies
913 765 1126 836 triginta
1158 776 1306 820 tres:
1340 765 1468 821 hinc
1489 763 1782 821 Ptolemai-

173 861 296 917 dem
319 876 424 915 una
451 859 579 925 die;
612 865 738 915 sunt
758 858 971 929 triginta
1002 866 1268 928 quatuor:
1296 857 1496 914 deinde
1521 858 1785 914 thsareae

172 964 353 1011 manet
375 952 623 1025 pluribus
641 991 659 1018 ,
687 965 847 1023 quam
888 949 1015 1006 alibi
1041 991 1056 1016 ,
1083 950 1275 1005 diebus
1298 967 1313 1015 ;
1336 959 1387 1005 et
1416 962 1543 1004 tunc
1566 950 1782 1006 demum

171 1045 298 1102 inde
324 1044 451 1100 illos
477 1044 702 1099 abducit
736 1044 1020 1113 preptteta.
1050 1040 1141 1097 Sic
1170 1043 1472 1112 completur
1496 1041 1612 1097 dies
1643 1042 1786 1098 Pen-

169 1147 433 1203 tecostes,
464 1146 522 1192 et
549 1136 623 1190 ibi
645 1135 791 1190 illam
814 1134 1041 1204 peragit.
1069 1131 1201 1188 Vide
1228 1132 1402 1199 illum,
1424 1134 1640 1204 quando
1659 1133 1782 1204 Spi-

166 1229 308 1284 ritus
334 1244 446 1284 non
475 1225 818 1298 prohibebat,
846 1224 1258 1295 obsequentem.
1284 1225 1561 1292 Dicebant,
1593 1226 1676 1280 Ne
1697 1228 1785 1281 des

165 1333 214 1376 te
243 1323 299 1374 in
326 1321 584 1374 theatrum
603 1360 622 1386 ,
649 1325 706 1375 et
735 1331 842 1372 non
873 1315 1021 1371 dedit
1051 1333 1065 1370 :
1095 1330 1242 1386 sarpe
1271 1315 1420 1370 illum
1447 1315 1779 1382 educebant,

163 1425 218 1470 et
252 1426 466 1468 morem
514 1410 682 1482 gessit
709 1425 726 1465 :
755 1423 853 1481 per
897 1407 1189 1463 fenestram
1241 1408 1435 1461 iterum
1478 1408 1700 1478 effugit:
1730 1419 1785 1464 et

165 1521 312 1560 nunc
335 1546 352 1570 ,
389 1514 448 1558 ut
477 1504 550 1558 ita
577 1501 755 1558 dicam
776 1542 789 1568 ,
820 1499 1120 1556 innumeris
1143 1500 1461 1569 rogantibus
1490 1510 1540 1555 et
1566 1501 1692 1572 Tyri
1730 1511 1785 1557 et

162 1595 459 1661 Caesareae,
494 1593 749 1650 ï¬‚entibus
783 1601 839 1648 et
886 1592 1163 1647 innumera
1208 1590 1394 1661 gravia
1435 1591 1784 1662 pra-dicenti-

163 1691 303 1752 bus.
357 1703 466 1743 non
502 1687 686 1754 cedit,
715 1685 959 1756 quamvis
985 1698 1092 1740 non
1133 1683 1296 1740 modo
1343 1685 1528 1756 gravia
1585 1685 1782 1756 pradi-

161 1790 349 1838 cerent
385 1820 404 1846 ,
453 1779 550 1834 sed
603 1780 765 1835 etiam
819 1793 917 1849 per
978 1776 1239 1848 Spiritum
1288 1776 1666 1848 praedicerent.
1727 1778 1782 1836 Si

161 1887 295 1944 ergo
336 1872 580 1943 Spiritus
597 1871 758 1942 jussit
786 1911 809 1940 ,
842 1886 942 1926 cur
990 1868 1469 1927 contradicebant?
1495 1871 1631 1938 Quia
1684 1886 1782 1926 ne-

163 1967 413 2022 sciebant
463 1965 699 2036 Spiritus
750 1979 996 2036 scopum.
1044 1964 1296 2035 Alioquin
1340 1979 1472 2020 vero
1524 1965 1781 2022 adhorta-

167 2061 369 2114 tionem
409 2058 556 2112 illam
591 2072 687 2129 per
713 2055 976 2127 Spiritum
1008 2071 1114 2112 non
1147 2056 1436 2112 faciebant.
1467 2056 1586 2112 Non
1618 2058 1784 2113 modo

164 2151 307 2206 enim
334 2150 523 2221 gravia
551 2148 920 2221 praedicebant
939 2189 954 2214 ,
983 2148 1081 2205 sed
1109 2148 1416 2218 addebant,
1450 2165 1558 2206 non
1588 2166 1782 2208 ascen-

163 2244 403 2302 dendum
433 2260 580 2312 esse,
614 2253 901 2315 parcentes
935 2245 1036 2300 illi.
1069 2244 1137 2300 Et
1166 2247 1406 2317 perfectis
1432 2248 1613 2304 diebus
1637 2289 1654 2316 ,
1696 2250 1783 2305 in-

164 2338 320 2408 quit,
350 2336 405 2393 id
452 2336 801 2407 est,expletis
835 2354 848 2390 :
881 2336 996 2394 dies
1024 2347 1204 2394 autem
1245 2338 1379 2394 dicit
1408 2341 1779 2410 prazstitutos:

166 2429 534 2484 deducentibus
573 2444 666 2483 nos
690 2428 924 2483 omnibus
950 2445 1064 2484 cum
1093 2429 1338 2485 uxoribus
1361 2440 1412 2486 et
1442 2431 1634 2487 liberis.

233 2521 290 2576 5.
337 2519 475 2577 Vide
503 2530 704 2590 quanta
734 2521 1036 2577 consolatio
1056 2531 1237 2579 esset:
1263 2533 1317 2578 et
1347 2539 1538 2581 rursus
1563 2535 1786 2584 orantes

164 2611 516 2667 divellnntur.
541 2611 716 2667 Etiam
740 2612 1075 2670 Ptolemaide
1100 2630 1208 2670 uno
1227 2613 1318 2671 die
1343 2628 1586 2683 manent,
1604 2617 1785 2674 Caesa-

165 2717 271 2757 reae
299 2716 432 2758 vero
461 2702 712 2774 plurimis
732 2701 944 2759 diebus.
969 2701 1038 2759 Et
1062 2705 1279 2775 quando
1305 2705 1510 2761 audivit
1538 2721 1599 2763 se
1626 2709 1783 2764 innu-

165 2809 312 2850 mera
338 2795 530 2864 gravia
556 2809 840 2866 passurum
866 2811 990 2853 esse
1013 2837 1030 2863 ,
1061 2806 1187 2853 tunc
1229 2798 1482 2867 festinat,
1526 2817 1635 2856 non
1662 2817 1784 2858 sese

166 2888 217 2941 in
245 2887 490 2956 pericula
517 2888 815 2959 conjiciens
839 2931 855 2956 ,
883 2888 978 2946 sed
1010 2898 1207 2960 putans
1237 2891 1467 2962 Spiritus
1492 2907 1614 2949 esse
1643 2909 1783 2965 prat-

163 2990 404 3049 ceptum.
435 2981 526 3037 l5.
576 2978 702 3035 Post
748 2981 857 3037 dies
887 2991 1057 3038 autem
1088 2983 1219 3050 hos,
1257 2986 1466 3056 inquit,
1504 2988 1785 3057 pra-parati

165 3074 564 3129 ascctdebamus
597 3076 651 3129 in
678 3074 1009 3141 Jerusalem;
1037 3078 1089 3132 id
1121 3087 1203 3154 est
1221 3120 1234 3144 ,
1269 3081 1506 3149 acceptis
1535 3081 1600 3135 iis
1619 3122 1633 3144 ,
1661 3097 1784 3152 qua:

164 3169 228 3222 ad
259 3168 364 3222 iter
391 3168 697 3222 necessaria
724 3177 902 3224 erant.
924 3169 1010 3226 16.
1049 3167 1301 3224 Venerunt
1329 3182 1499 3225 autent
1521 3173 1783 3228 nobiscum

164 3272 208 3315 st
251 3277 317 3316 ea:
363 3260 638 3331 discipulis
676 3278 711 3315 a
756 3262 1027 3328 Caesarea,
1062 3263 1374 3317 adducentes
1419 3280 1594 3319 secum
1639 3267 1784 3335 apud

164 3368 307 3420 quem
348 3353 768 3422 hospitaretur,
825 3351 1129 3409 Mnasonem
1175 3356 1447 3427 quemdam
1491 3355 1738 3428 Cyprium
1762 3400 1778 3424 ,

165 3445 434 3514 antiquum
463 3445 799 3516 discipulum.
847 3446 934 3502 17.
969 3443 1038 3500 Et
1076 3462 1195 3501 cum
1221 3450 1530 3504 venissemus
1565 3450 1781 3506 Jeroso-

165 3535 357 3604 lymam
379 3575 395 3598 ,
425 3535 638 3590 libenter
663 3547 969 3605 eruperunt
996 3554 1087 3591 nos
1111 3541 1318 3609 fratres.
1371 3540 1437 3594 Et
1477 3542 1602 3598 vide
1627 3586 1642 3609 ,
1674 3561 1780 3600 non

165 3626 304 3681 dixit
328 3626 554 3698 Agahus
578 3645 590 3680 :
618 3626 842 3682 Paulum
868 3628 1128 3699 ligabunt,
1149 3644 1217 3685 ne
1239 3630 1516 3687 videretur
1537 3649 1605 3689 ex
1627 3644 1783 3704 pacto

165 3717 345 3773 dicere
373 3734 388 3784 ;
422 3718 542 3783 sed,
583 3718 781 3785 Virum,
804 3720 956 3791 cujus
985 3730 1057 3774 est
1089 3737 1221 3775 sana
1252 3722 1380 3777 haec.
1415 3724 1556 3796 Ergo
1588 3742 1780 3783 zonam

167 3808 422 3864 habebat.
455 3808 592 3876 Quia
622 3824 754 3867 vero
781 3811 1012 3867 suadere
1047 3827 1153 3868 non
1198 3823 1484 3884 poterant,
1519 3816 1640 3872 ideo
1685 3818 1782 3874 tle-

168 3901 314 3969 bant,
348 3902 550 3958 deinde
580 3903 926 3974 quieverunt.
957 3904 1121 3961 Vides
1151 3906 1548 3978 philosophiam
1577 3911 1601 3963 ?
1630 3911 1784 3968 vides

168 3997 368 4051 amoris
396 3994 649 4051 aï¬‚ectum
671 3994 697 4049 ?
723 3995 1038 4066 Quietn'mus,
1064 3998 1257 4071 inquit,
1290 4001 1537 4072 dicentes,
1582 4003 1782 4060 Volun-

169 4097 244 4144 tas
263 4087 482 4143 Domini
512 4088 626 4157 ï¬at.
659 4088 1004 4152 Adducentes.
1036 4092 1229 4162 inquit,
1257 4096 1402 4165 apud
1427 4113 1574 4165 quem
1601 4099 1781 4171 hospi-

167 4193 411 4237 taremur.
443 4181 613 4254 Igitur
643 4197 748 4238 non
784 4184 836 4239 in
859 4185 1113 4242 ecclesia.
1147 4186 1299 4243 Tunc
1324 4190 1468 4244 enim
1493 4233 1508 4255 ,
1537 4208 1658 4246 cum
1683 4209 1783 4264 pro

167 4271 515 4343 dogmatibus
539 4274 942 4344 ascendebant,
979 4277 1030 4331 in
1062 4278 1294 4335 ecclesia
1328 4280 1778 4354 hospitabantur,

170 4379 305 4420 nunc
332 4381 468 4420 vero
497 4365 639 4436 apud
665 4367 987 4438 discipulum
1017 4370 1304 4440 quemdam
1333 4373 1635 4445 antiquum.
1664 4377 1774 4433 Os-

172 4456 468 4528 tt-nditjam
492 4455 659 4513 fuisse
685 4461 906 4531 longum
937 4461 1338 4533 prtedicationis
1364 4475 1576 4538 tempus
1601 4487 1614 4524 :
1641 4471 1782 4527 unde

171 4549 294 4604 mihi
324 4549 543 4605 videtur
564 4550 618 4605 in
645 4550 796 4606 Actis
822 4552 1024 4609 multos
1047 4568 1221 4611 annos
1251 4558 1552 4628 succidere,
1584 4571 1640 4617 et
1661 4579 1782 4634 qua:

173 4642 434 4712 urgebant
454 4649 663 4698 tantum
684 4641 883 4699 dicere.
914 4644 1053 4713 Quid
1080 4647 1181 4702 sibi
1206 4650 1318 4703 vult
1346 4649 1497 4716 illud,
1536 4651 1782 4711 Voluntas

173 4733 377 4789 Domini
406 4736 500 4805 ï¬at
520 4737 547 4791 .â€™
572 4737 835 4794 Dominus
859 4780 875 4807 ,
908 4740 1118 4811 inquit,
1160 4743 1302 4813 quod
1337 4744 1589 4814 placitum
1616 4757 1698 4803 est
1727 4750 1780 4804 in

172 4826 336 4882 oculis
358 4826 496 4892 suis,
521 4827 704 4884 faciet.
729 4831 1026 4898 Quiescunt
1054 4843 1236 4889 autem
1258 4835 1358 4904 illi,
1384 4854 1562 4910 neque
1583 4851 1782 4913 cogunt

173 4916 312 4972 illum
339 4935 354 4971 :
383 4917 526 4974 forte
570 4921 762 4990 gnari,
807 4936 929 4979 esse
974 4926 1308 5003 voluntatem
1355 4930 1492 5000 Dei,
1523 4934 1667 5003 quod
1711 4951 1780 4991 ex

174 5009 315 5065 l'auli
355 5008 574 5067 fervore
603 5013 980 5082 conjectabant
1009 5035 1022 5069 Îµ
1058 5033 1181 5072 nam
1223 5019 1424 5092 alioqui
1463 5039 1569 5078 non
1601 5034 1780 5084 tantus

175 5103 313 5158 Pauli
363 5103 547 5160 fervor
587 5103 827 5171 fuisset,
868 5125 1044 5180 neque
1093 5112 1233 5167 Deus
1279 5117 1654 5184 permisisset,
1687 5121 1780 5191 qui

173 5209 380 5263 semper
411 5195 564 5250 illum
597 5211 624 5249 a
655 5199 908 5266 periculis
937 5212 1172 5258 eruerat.
1203 5203 1293 5260 Sic
1321 5207 1778 5269 nolebantEccle-

173 5289 259 5339 sia:
288 5292 439 5342 oneri
472 5305 617 5356 esse,
642 5305 765 5345 cum
787 5292 923 5348 alius
945 5305 1114 5362 esset,
1145 5299 1232 5366 qui
1259 5298 1379 5353 illos
1403 5301 1636 5371 hospitio
1657 5320 1778 5361 sus-

172 5381 390 5448 ciperet,
426 5397 606 5452 neque
635 5383 895 5440 honorem
926 5388 1236 5457 exigebant.
1267 5390 1505 5448 Libenter
1534 5437 1548 5462 ,
1583 5397 1772 5469 inquit,

171 5483 468 5543 exceperunt
513 5492 608 5529 nos
636 5477 842 5545 fratres.
887 5478 998 5535 Res
1031 5491 1158 5538 tunc
1203 5484 1253 5537 in
1296 5500 1426 5554 pace
1451 5499 1606 5544 erant
1635 5493 1776 5562 apud

173 5561 378 5622 intimos
405 5608 419 5628 ,
455 5582 560 5622 nec
601 5567 799 5624 bellum
825 5581 885 5626 ut
921 5574 1070 5642 prius
1099 5583 1233 5630 erat.
1263 5575 1518 5634 Ducentes
1546 5599 1656 5647 nos,
1692 5585 1774 5638 in-

173 5667 312 5724 quit,
338 5659 482 5727 apud
507 5676 662 5730 quem
705 5661 1099 5732 hospitaremur.
1135 5667 1356 5724 Paulum
1406 5672 1497 5727 illc
1545 5675 1776 5745 hospitio

170 5749 484 5821 excipiebat.

1152 282 1220 340 Î™Î
1255 281 1439 340 ACTA
1484 281 2014 342 Î‘Î¹Î½Î¸ÎµÏ„Î¿Î¹Î¿Î¹Î¹Ï‰Î¹.
2056 284 2287 344 llOMlL.
2333 284 2497 346 XLV.

3404 299 3506 359 3H

1982 398 2324 474 Hospitalitas
2341 405 2828 462 eommeudatar.-â€”
2847 409 2999 486 Dicet
3020 411 3246 470 fortasse
3270 427 3403 473 ve~tt
3419 436 3508 472 nm

1894 493 2161 562 quispiam
2190 511 2203 548 :
2225 492 2284 551 Si
2308 495 2428 565 quis
2448 495 2578 553 mihi
2609 498 2836 554 Paulum
2866 500 3103 572 hospitio
3127 505 3508 575 excipiendum

1893 583 2113 640 offerret
2133 628 2148 650 ,
2180 585 2233 641 id
2261 598 2507 659 prompte
2527 599 2584 646 et
2621 590 2881 648 alacriter
2911 595 3168 652 facerem.
3188 595 3332 654 Ecce
3363 601 3506 655 Pauli

1896 675 2179 734 Dominum
2205 679 2300 736 tibi
2328 679 2565 751 hospitio
2587 685 2838 754 excipere
2860 686 3006 755 licet,
3029 700 3214 747 etnon
3245 693 3321 747 vis
3345 712 3362 749 :
3386 712 3507 749 nam

1892 766 2007 822 ait:
2047 768 2147 836 Qui
2177 770 2390 843 suscipit
2432 788 2593 828 unum
2639 792 2705 831 ea:
2747 775 2828 833 his
2870 781 3098 837 minimi:
3121 825 3137 846 ,
3184 800 3269 840 me
3295 789 3510 858 suscipit

1894 856 2112 926 (Matth.
2141 862 2230 918 18.
2264 863 2320 918 5.
2352 861 2484 919 Luc.
2507 865 2562 923 9.
2593 867 2710 938 48).
2745 868 2960 939 Quanto
3001 876 3182 931 minor
3207 887 3289 933 est
3320 856 3507 946 frater,

1896 956 2046 1006 tanto
2089 953 2262 1025 magis
2308 950 2561 1015 Christus
2610 976 2707 1029 per
2757 963 2934 1034 ipsum
2979 967 3218 1026 advenit.
3250 971 3383 1028 Nam
3415 975 3508 1046 qui

1893 1057 2147 1114 magnum
2173 1047 2485 1119 quempiam
2513 1052 2735 1124 excipit,
2765 1069 2865 1126 per
2889 1072 3081 1114 vanam
3107 1075 3256 1134 saepe
3276 1064 3506 1136 gloriam

1895 1133 1946 1225 id
1972 1137 2126 1207 agit;
2157 1139 2250 1210 qui
2283 1156 2415 1197 vero
2461 1157 2726 1216 parvum,
2773 1162 2909 1218 pure
2956 1166 3178 1225 propter
3194 1133 3504 1214 Christum.

1893 1224 2044 1282 Licet
2068 1227 2159 1283 tibi
2189 1231 2353 1286 etiam
2378 1232 2594 1291 Patrem
2619 1236 2822 1295 Christi
2852 1224 3131 1313 excipere.
3165 1257 3219 1302 et
3251 1264 3357 1305 non
3384 1253 3465 1308 vis
3489 1271 3504 1308 :

1894 1334 2017 1372 nam
2047 1322 2154 1386 ait,
2189 1321 2391 1394 Hospes
2414 1342 2555 1383 erant
2596 1341 2642 1384 et
2668 1329 2947 1404 collegistis
2973 1353 3073 1404 me,
3103 1348 3161 1394 et
3190 1341 3408 1410 iterum,
3436 1344 3505 1401 lu

1891 1423 2136 1483 quantum
2155 1419 2346 1489 fecistis
2362 1420 2454 1474 uni
2473 1437 2538 1476 ea:
2551 1423 2633 1478 his
2651 1425 2898 1492 minimis,
2922 1430 3051 1486 mihi
3069 1434 3262 1503 fecistis
3286 1436 3503 1506 (Matth.

1891 1504 1982 1560 25.
2015 1506 2105 1562 Î´Îµ.
2137 1507 2253 1580 to).
2287 1509 2402 1568 Etsi
2435 1513 2637 1577 Paulus
2665 1530 2774 1573 non
2805 1519 2897 1582 sit,
2929 1521 2976 1576 si
3009 1521 3184 1581 fidelis
3213 1504 3369 1586 sitâ€”et
3395 1530 3506 1586 fra-

1893 1604 1980 1652 ter
2002 1600 2254 1665 ,etiamsi
2292 1603 2589 1674 minimus,
2621 1605 2872 1665 Christus
2905 1619 3086 1670 tamen
3115 1631 3213 1686 per
3240 1619 3392 1675 illum
3413 1622 3508 1677 ad-

1893 1690 2061 1744 venit.
2090 1692 2252 1761 Aperi
2293 1692 2540 1764 domum,
2561 1698 2782 1772 excipe.
2809 1702 2916 1771 Qui
2950 1706 3134 1778 recipit
3162 1711 3463 1783 prophetam
3489 1757 3504 1783 ,

1892 1780 2105 1852 inquit,
2154 1787 2437 1842 mercedem
2484 1791 2750 1862 prophetat
2790 1797 3001 1868 recipiet
3028 1797 3049 1873 (
3079 1780 3170 1855 Id.
3219 1780 3310 1860 if).
3362 1807 3424 1863 11
3460 1780 3504 1878 ).

1892 1869 2036 1943 Ergo
2057 1876 2148 1945 qui
2171 1877 2366 1950 recipit
2390 1879 2692 1950 Christum,
2717 1887 2946 1958 recipiet
2974 1869 3284 1952 mercedem
3305 1869 3505 1957 Christi

1890 1969 2311 2038 peregrinantis.
2341 1971 2421 2028 Ne
2464 1972 2640 2032 fidem.
2669 1992 2835 2051 neges
2871 1983 3053 2041 verbis
3081 1985 3201 2056 ejus
3223 2029 3238 2055 ,
3270 1989 3365 2047 sed
3387 2001 3507 2049 esto

1891 2058 2178 2117 confidens
2210 2079 2224 2116 :
2255 2062 2373 2133 ipse
2417 2064 2587 2133 dixit,
2639 2067 2745 2126 Per
2791 2071 2912 2128 illos
2940 2090 3042 2146 ego
3068 2077 3338 2136 advenio:
3372 2093 3426 2138 et
3450 2094 3509 2141 nt

1892 2163 1963 2204 ne
1982 2150 2060 2207 sis
2088 2152 2402 2211 incredulus
2428 2196 2445 2222 ,
2476 2159 2800 2230 supplicium
2830 2163 3078 2222 decernit
3104 2185 3209 2225 non
3240 2174 3507 2245 recipien-

1893 2241 2058 2313 tibus,
2091 2244 2329 2304 honores
2363 2251 2756 2321 recipientihus
2787 2275 2800 2311 :
2836 2271 2946 2314 non
2977 2257 3080 2317 hoc
3109 2241 3371 2332 facturus,
3404 2271 3508 2325 nisi

1892 2329 1984 2387 ille
2015 2333 2426 2396 velhonoratus
2465 2342 2549 2398 vel
2575 2347 2910 2404 contumelia
2940 2349 3168 2410 affectus
3198 2355 3314 2427 ipse
3338 2372 3498 2416 esset.

1889 2421 2184 2495 Suscepisti
2214 2443 2301 2484 me
2328 2473 2342 2496 ,
2373 2431 2586 2504 inquit,
2631 2436 2686 2492 in
2714 2437 2798 2492 div
2828 2442 3019 2497 :rsorio
3049 2453 3142 2501 tuo
3167 2463 3183 2512 ;
3214 2421 3505 2522 suscipiam

1893 2521 1948 2568 te
1973 2514 2027 2570 in
2053 2531 2280 2587 regnum
2309 2519 2485 2578 Patris
2509 2525 2617 2580 mei
2647 2544 2660 2580 :
2692 2529 2901 2586 solvisti
2947 2532 3078 2590 mibi
3110 2534 3308 2594 famem
3337 2514 3377 2606 ;'
3396 2543 3506 2597 sol-

1890 2619 2012 2659 vam
2073 2609 2167 2664 tibi
2218 2622 2436 2680 peccata
2470 2631 2485 2668 :
2519 2615 2699 2674 vidisti
2749 2636 2840 2677 me
2900 2624 3190 2696 vinetum;
3245 2632 3412 2689 videri
3457 2644 3510 2693 tc

1892 2695 2084 2754 faciam
2114 2702 2349 2759 solutum
2376 2705 2391 2737 â¸
2419 2723 2433 2760 :
2463 2708 2643 2764 vidisti
2670 2727 2760 2768 me
2788 2717 3132 2787 peregrinum
3228 2721 3422 2783 faciam
3455 2738 3507 2784 te

1889 2791 2064 2848 civem
2089 2796 2345 2852 caelorum
2374 2817 2388 2855 :
2411 2800 2611 2858 dedisti
2633 2804 2767 2861 mihi
2799 2821 2992 2878 panem
3018 2828 3034 2878 ;
3062 2812 3136 2869 do
3159 2815 3254 2872 tibi
3281 2833 3507 2890 regnum

1891 2893 2070 2942 totum
2089 2931 2104 2954 ,
2133 2899 2192 2946 ut
2217 2892 2346 2948 illud
2371 2893 2530 2952 heres
2555 2899 2793 2970 accipias
2816 2906 3197 2974 et-possideas.
3223 2912 3312 2967 Ait
3338 2916 3506 2983 enim,

1905 2974 2080 3032 Venite
2102 3019 2116 3042 ,
2171 2984 2426 3051 possidete
2472 2997 2712 3057 paratum
2753 2993 2894 3049 uobis
2938 3012 3153 3067 regnum
3211 3001 3232 3074 (
3264 3001 3353 3058 Id.

1890 3067 2006 3142 at).
2038 3070 2158 3127 Non
2188 3074 2343 3143 dicit,
2376 3079 2664 3152 Accipite;
2697 3083 2829 3151 sed,
2863 3085 3132 3146 Possidete
3165 3111 3184 3148 .-
3209 3067 3353 3165 quod
3377 3099 3508 3156 diei-

1893 3170 1980 3216 tur
2003 3161 2072 3219 de
2098 3164 2186 3232 iis,
2217 3181 2308 3237 qui
2336 3183 2466 3225 vere
2495 3173 2817 3242 possident,
2852 3187 2910 3233 ut
2934 3195 3058 3236 cum
3089 3161 3323 3243 dicimus
3347 3233 3362 3258 ,
3396 3193 3509 3249 Hoc

1890 3251 2196 3310 hereditate
2222 3258 2458 3326 possedi.
2487 3259 2691 3318 Fecisti
2720 3266 2849 3322 mihi
2883 3268 2937 3324 in
2961 3273 3212 3342 occulto;
3244 3251 3510 3353 ÎµÎ¹Îºá½¹Î½Î¹-Ï„Î¹Ï„-

1888 3342 2083 3401 dicabo
2111 3347 2164 3402 in
2189 3347 2480 3407 manifesto
2504 3369 2517 3406 :
2545 3364 2601 3409 et
2630 3362 2718 3411 tua
2745 3358 2964 3428 quidem
2995 3363 3142 3434 dico,
3169 3342 3304 3439 quia
3319 3342 3508 3443 gratia:

1891 3449 2051 3495 erant
2079 3459 2095 3508 ;
2129 3458 2248 3498 mea
2279 3459 2410 3500 vero
2436 3445 2604 3502 debiti
2637 3460 2782 3505 sunt.
2809 3452 2945 3523 Quia
2974 3459 3119 3513 enim
3161 3471 3214 3516 tu
3249 3468 3460 3537 coepisti
3494 3512 3505 3534 ,

1891 3530 2099 3602 inquit,
2122 3548 2224 3605 ego
2251 3549 2484 3606 sequar:
2515 3555 2622 3595 non
2656 3541 2822 3611 pudet
2849 3561 2936 3602 me
2966 3546 3125 3607 fateri
3154 3530 3350 3612 collata
3377 3530 3507 3618 mihi

1889 3621 2174 3691 beneï¬cia,
2207 3641 2308 3683 nec
2331 3643 2362 3682 a
2389 3630 2590 3701 quibus
2617 3648 2705 3689 me
2731 3634 3072 3709 liberaveris,
3103 3659 3134 3698 a
3164 3645 3323 3715 fame,
3352 3655 3510 3709 nudi-

1891 3723 2020 3783 tate,
2047 3733 2254 3774 errore.
2283 3719 2474 3777 Vidisti
2502 3739 2592 3779 me
2620 3724 2841 3798 ligatum
2869 3747 2883 3796 ;
2917 3747 3024 3788 non
3054 3735 3266 3794 videbis
3295 3743 3506 3812 gehen-

1891 3823 1974 3862 nw
1997 3809 2210 3879 ignem:
2239 3810 2418 3868 vidisti
2447 3829 2536 3871 me
2563 3816 2870 3888 infirmum;
2901 3839 3009 3880 non
3037 3827 3246 3886 videbis
3271 3809 3508 3892 tormen-

1892 3907 1945 3954 ta
1971 3916 2070 3956 nec
2098 3903 2384 3973 supplicia.
2415 3904 2462 3961 0
2491 3922 2688 3965 manus
2718 3927 2846 3969 vere
2875 3913 3201 3989 benedictae,
3229 3941 3349 3994 qua:
3379 3931 3504 3984 tali-

1889 3990 1993 4046 bus
2020 3993 2334 4051 ministeriis
2374 3997 2660 4069 serviunt,
2710 4019 2831 4075 qua:
2871 4007 3166 4080 dignantur
3198 3990 3510 4077 ministrare

1891 4080 2109 4137 Christo
2137 4085 2152 4139 Îµ
2183 4084 2358 4143 Pedes
2379 4087 2431 4142 in
2458 4104 2709 4150 carceres
2738 4107 2936 4156 euntes
2964 4113 3187 4174 propter
3209 4108 3504 4181 Christum,

1891 4175 2047 4231 facile
2073 4187 2430 4237 contemnunt
2473 4182 2696 4254 ignem;
2738 4190 2947 4247 vincula
2995 4211 3103 4252 non
3152 4205 3509 4272 experiuntur

1889 4283 2086 4324 manus
2109 4311 2124 4336 ,
2153 4287 2276 4341 qua:
2301 4272 2525 4344 ligatum
2561 4277 2714 4335 illutn
2747 4282 3023 4341 viderunt.
3060 4288 3286 4350 InduiSIi
3316 4308 3466 4354 veste
3491 4317 3507 4364 ;

1890 4370 1946 4416 et
1974 4362 2215 4420 indueris
2238 4375 2386 4423 veste
2415 4369 2639 4426 salutari
2668 4389 2682 4427 :
2716 4373 2862 4431 fuisti
2887 4392 3010 4434 cum
3042 4382 3136 4437 illo
3168 4386 3220 4440 in
3253 4362 3511 4460 carcere;

1888 4455 2018 4509 etin
2047 4470 2214 4526 regno
2235 4470 2363 4514 cum
2399 4458 2494 4516 illo
2517 4463 2648 4519 eris.
2679 4463 2808 4522 Haec
2853 4473 3147 4531 confitetur
3173 4494 3280 4533 non
3314 4455 3510 4541 erube-

1888 4561 2067 4615 sceus,
2086 4548 2182 4604 sed
2201 4550 2380 4606 sciens
2408 4560 2461 4608 te
2487 4552 2638 4610 illum
2667 4556 2937 4618 invisissc.
2961 4563 3252 4625 Nesciebat
3277 4577 3508 4643 patriar-

1889 4639 1988 4693 cha
2020 4654 2079 4696 se
2105 4643 2326 4712 angelos
2351 4645 2605 4716 excipere
2636 4649 2794 4718 (Gen.
2832 4654 2918 4710 18.
2947 4655 3023 4727 5).
3058 4668 3115 4716 et
3146 4639 3328 4722 tamen
3359 4673 3509 4726 exci-

1890 4732 2092 4801 piebat.
2137 4732 2540 4796 Erubescamus
2566 4783 2583 4808 ,
2619 4743 2851 4801 obsecro
2883 4767 2896 4803 :
2930 4750 2982 4805 in
3013 4756 3243 4814 meridie
3285 4762 3510 4821 sedebat
3589 4759 3598 4766 â€™

1890 4825 1942 4879 in
1971 4835 2112 4880 terra
2143 4829 2342 4897 aliena,
2368 4830 2608 4888 nondum
2637 4835 2791 4904 pedis
2819 4843 3106 4913 vestigium
3128 4846 3363 4908 habebat
3385 4871 3508 4914 cum

1888 4923 2208 4993 peregrinus
2227 4933 2395 4992 esset,
2411 4936 2466 4983 et
2487 4931 2806 5000 peregrinos
2822 4936 3127 5007 excipiebat
3148 4949 3470 5018 peregrinus
3493 4970 3505 5007 Îµ

1888 5017 2024 5074 civis
2052 5019 2197 5077 enim
2222 5023 2480 5080 caelorum
2511 5035 2650 5082 erat.
2698 5028 2826 5085 Ideo
2866 5047 2968 5088 nec
2996 5017 3317 5111 peregrinus
3347 5056 3464 5101 erat
3490 5090 3505 5114 ,

1886 5126 2010 5167 cum
2056 5113 2285 5171 interra
2321 5127 2484 5173 esset.
2533 5119 2645 5176 Nos
2692 5124 2866 5193 magis
2894 5142 3052 5195 quam
3106 5131 3196 5188 ille
3238 5141 3506 5209 peregrini

1887 5218 2074 5260 sumus
2097 5247 2112 5272 ,
2145 5207 2237 5278 qui
2277 5209 2592 5281 peregrinos
2633 5227 2741 5268 non
2771 5218 3091 5287 excipimus.
3129 5207 3506 5288 Domum'nou

1890 5294 2158 5365 habebat,
2192 5307 2248 5355 et
2290 5301 2698 5358 tabernaculum
2744 5306 2847 5377 ipsi
2875 5309 3237 5371 diversorium
3269 5331 3406 5377 erat.
3439 5324 3506 5382 Et.

1887 5389 2032 5456 vide,
2062 5406 2222 5460 quam
2252 5393 2433 5448 lautus
2461 5394 2531 5450 sit
2565 5413 2578 5449 :
2612 5397 2844 5454 vitulum
2877 5407 3157 5476 mactavit,
3187 5420 3244 5466 et
3275 5411 3502 5470 farinam

1887 5481 2125 5538 miscuit.
2176 5486 2316 5540 Audi
2359 5486 2628 5543 fervorem
2663 5508 2678 5544 :
2710 5507 2808 5561 per
2835 5508 2896 5548 se
2926 5506 2980 5551 et
3006 5513 3106 5569 per
3133 5515 3360 5560 uxorem
3406 5509 3506 5566 hoc

1888 5571 2032 5627 facit.
2066 5574 2349 5646 Perpende
2392 5594 2553 5650 quam
2594 5582 2666 5637 sit
2711 5597 2740 5636 a
2786 5585 2924 5642 fastu
2955 5587 3205 5650 alienus:
3231 5596 3425 5656 adorat
3453 5612 3506 5656 et

1887 5668 2156 5725 obsecrat.

1959 5785 1970 5812 â¸
2010 5791 2141 5836 tâ€˜nus
2158 5785 2302 5850 legit,
2324 5787 2491 5840 tâ€˜idcbo
2507 5796 2550 5842 te
2576 5778 2804 5843 solutum.
