4072 6416
595 331 703 391 319

668 447 722 502 4.
772 442 1156 512 flospitalitatis
1182 440 1514 495 conditiones.
1539 465 1610 477 -—-
1629 434 1753 489 Haec
1779 433 1975 502 quippe
1999 430 2178 485 omnia

598 545 810 607 oportet
841 534 1040 588 habere
1070 533 1194 587 eum
1215 573 1228 595 ,
1260 531 1348 601 qui
1380 526 1691 599 peregrinos
1727 523 1926 592 excipit
1955 540 1968 576 :
2003 521 2181 577 fervo-

599 643 712 684 rem
738 668 755 693 ,
788 626 1109 681 hilaritatem
1135 664 1151 691 ,
1183 620 1575 678 liberalitatem.
1620 615 1857 686 Hospitis
1886 616 2030 670 enim
2059 615 2179 667 ani-

600 734 719 775 mus
744 718 1013 774 erubescit
1042 728 1097 773 et
1121 712 1460 787 pudibundus
1485 719 1568 767 est
1596 753 1612 778 ,
1647 720 1702 765 et
1728 711 1773 764 si
1797 723 1900 762 non
1928 705 2182 778 gaudium

601 816 867 863 monstret
896 816 1171 877 exceptor,
1204 804 1352 875 quasi
1379 803 1667 872 despectus
1693 798 1968 866 abscedit,
2016 812 2081 852 ac
2109 799 2187 851 sic

602 901 881 971 excepisse
900 900 1139 955 deterius
1163 908 1281 962 est,
1309 911 1469 967 quam
1494 896 1538 951 si
1572 909 1678 950 non
1706 894 2029 963 excepisset.
2062 890 2187 945 Ideo

602 995 825 1057 adorat,
875 992 995 1045 ideo
1024 1005 1083 1045 se
1110 991 1361 1058 excipere
1405 986 1578 1053 dicit,
1620 985 1742 1040 ideo
1784 983 1970 1040 sellam
2002 980 2181 1036 olfert.

603 1086 736 1154 Quis
766 1085 907 1139 enim
937 1082 1271 1147 dubitasset,
1307 1080 1496 1135 videns
1525 1079 1625 1132 hoc
1654 1078 1727 1133 illi
1755 1090 1890 1148 opus
1909 1074 2056 1131 esse?
2083 1072 2187 1129 Sed

603 1192 705 1232 nos
735 1190 839 1230 non
868 1175 918 1227 in
948 1172 1119 1228 aliena
1150 1182 1291 1228 terra
1313 1170 1541 1226 sumus?
1564 1169 1668 1225 Sed
1694 1170 1737 1223 si
1761 1168 2010 1225 velimus.
2041 1176 2191 1236 pote-

605 1267 774 1322 rimus
796 1265 944 1322 illum
974 1263 1192 1320 imitari.
1223 1263 1363 1331 Quot
1388 1260 1628 1331 hospites
1657 1268 1784 1315 sunt
1806 1274 1872 1313 ex
1899 1257 2192 1312 fratribus?

604 1357 700 1413 Est
726 1354 1029 1412 communis
1056 1353 1250 1409 domus
1278 1351 1522 1408 ecclesiae
1548 1391 1563 1417 ,
1594 1365 1754 1420 quam
1784 1363 1995 1405 xenona
2031 1363 2192 1402 voca-

604 1461 725 1503 mus
750 1464 768 1501 ε
801 1446 1015 1502 curiose
1044 1444 1296 1517 inquirite
1323 1444 1484 1497 etiam
1512 1456 1608 1496 vos
1630 1480 1648 1505 .
1694 1439 1882 1497 sedete
1911 1440 1976 1494 ad
2011 1440 2150 1495 fores
2175 1480 2190 1503 ,

608 1538 883 1592 venientes
909 1533 1165 1605 suscipite
1196 1551 1211 1589 :
1240 1534 1284 1587 si
1316 1548 1421 1587 non
1452 1532 1501 1585 in
1533 1530 1725 1586 domos
1756 1542 1966 1586 vestras
1991 1571 2004 1594 ,
2035 1531 2193 1584 aliter

610 1628 719 1682 illis
746 1627 1045 1683 necessaria
1073 1624 1429 1694 suppeditate.
1482 1624 1619 1692 Quid
1652 1622 1824 1693 ergo?
1854 1623 2089 1693 inquies;
2126 1638 2192 1676 an

608 1719 835 1775 ecclesia
873 1734 978 1773 non
1022 1718 1225 1772 habet?
1257 1716 1468 1781 Habet;
1513 1717 1606 1771 sed
1638 1716 1765 1786 quid
1811 1715 1912 1771 hoc
1952 1715 2017 1769 ad
2061 1716 2196 1769 vos?

608 1826 675 1865 an
694 1811 736 1863 si
760 1826 789 1863 a
815 1809 1190 1865 communibus
1216 1809 1459 1864 ecclesias
1490 1809 1729 1878 pecuniis
1757 1806 1989 1874 alantur,
2026 1806 2075 1860 id
2108 1823 2194 1859 vo-

611 1903 695 1957 bis
730 1902 985 1970 prodesse
1032 1900 1274 1971 poterit?
1317 1916 1383 1955 an
1434 1901 1478 1953 si
1508 1900 1645 1953 alius
1686 1909 1953 1967 precetur,
2005 1910 2057 1952 tu
2090 1914 2195 1951 non

611 1995 777 2050 debes
807 1994 1058 2065 precari?
1106 2007 1204 2048 cur
1246 2008 1350 2047 non
1394 1992 1531 2047 dicis
1566 2014 1578 2049 :
1611 1990 1751 2057 Quid
1783 1992 1972 2047 enim?
2018 2006 2195 2045 annon

610 2087 917 2142 sacerdotes
948 2084 1278 2155 precantur?
1305 2098 1399 2138 cur
1442 2098 1543 2153 ego
1572 2082 1784 2137 orabo?
1830 2086 1898 2135 At
1925 2096 2024 2151 ego
2048 2122 2063 2146 ,
2116 2081 2197 2133 in-

611 2180 761 2250 quies
781 2217 802 2244 ,
831 2177 903 2234 do
925 2178 1013 2233 isti
1037 2219 1054 2243 ,
1080 2178 1171 2247 qui
1204 2191 1311 2230 non
1344 2185 1519 2245 potest
1545 2176 1635 2227 illo
1661 2174 1867 2229 venire.
1904 2174 1980 2227 Da
2009 2172 2198 2227 saltem

613 2272 687 2327 illi
719 2292 732 2327 :
763 2271 904 2342 quod
935 2271 1077 2323 enim
1104 2269 1395 2339 quaerimus
1426 2269 1526 2322 hoc
1551 2276 1666 2331 est,
1697 2275 1751 2320 ut
1779 2266 1999 2321 omnino
2027 2264 2198 2319 detur.

614 2360 752 2416 Audi
774 2340 899 2431 quid
924 2359 1066 2415 dicat
1092 2358 1282 2413 Paulus
1312 2376 1324 2410 :
1356 2355 1421 2411 Ut
1442 2367 1486 2409 et
1509 2356 1589 2422 iis,
1614 2371 1727 2425 qua
1746 2372 1858 2409 vere
1878 2356 2044 2408 viduis
2063 2340 2200 2418 sunt,

614 2454 863 2525 suﬂidant
890 2494 906 2519 ,
933 2463 980 2507 et
1007 2468 1068 2506 ue
1095 2460 1331 2522 gravetur
1352 2450 1561 2504 ecclesia
1602 2450 1621 2518 (
1648 2450 1700 2502 1.
1726 2447 1860 2502 Tim.
1889 2449 1941 2503 5.
1974 2447 2042 2502 16
2069 2450 2107 2517 ).
2139 2446 2205 2502 Ut

618 2550 746 2613 vis,
799 2545 921 2610 fac;
973 2545 1150 2601 solum
1219 2544 1321 2599 fac.
1387 2542 1502 2613 Ego
1552 2556 1681 2596 vero
1756 2557 1861 2596 non
1916 2540 2079 2606 dico,
2140 2539 2209 2595 Ut

621 2653 729 2693 non
775 2645 1030 2710 gravetur
1069 2634 1341 2698 ecclesia;
1397 2634 1491 2688 sed
1516 2675 1533 2699 ,
1578 2631 1644 2688 Ut
1679 2643 1733 2687 tu
1776 2648 1880 2687 non
1928 2632 2206 2702 graveris:

623 2733 722 2787 hac
745 2730 888 2787 enim
914 2728 1322 2785 ratiocinatione
1351 2726 1482 2781 nihil
1509 2725 1705 2791 facies,
1734 2727 1911 2780 omnia
1939 2728 1988 2779 ci
2020 2726 2209 2780 remit-

624 2834 763 2879 tens.
795 2821 921 2878 Ideo
939 2836 1225 2878 commune
1249 2807 1583 2875 domicilium
1606 2828 1689 2875 est
1712 2821 1780 2874 ab
1802 2818 2041 2873 Ecclesia
2069 2820 2208 2873 assi-

621 2922 839 2986 gnatum
862 2954 877 2977 ,
909 2922 965 2967 ut
994 2912 1111 2969 htec
1151 2926 1257 2967 non
1287 2910 1457 2965 dicas.
1496 2909 1601 2966 Sed
1635 2918 1879 2979 sumptus
1911 2908 2072 2964 habet
2117 2923 2209 2963 ec-

628 3007 795 3063 clesia
817 3046 835 3071 ,
860 3005 1071 3077 inquies
1096 3023 1111 3060 :
1132 3004 1388 3075 pecunias
1412 3002 1575 3058 habet
1599 3012 1653 3056 et
1679 3002 1903 3056 reditus.
1936 3002 2029 3055 Dic
2058 3001 2211 3066 mihi,

629 3116 698 3155 an
742 3109 985 3167 sumptus
1014 3112 1117 3151 non
1151 3097 1343 3151 habet?
1372 3095 1737 3166 quotidianam
1786 3107 2078 3164 expensam
2110 3107 2214 3147 non

630 3189 831 3251 habet?
862 3188 1057 3255 Etiam,
1090 3188 1315 3258 inquies.
1347 3188 1459 3243 Cur
1483 3201 1613 3257 ergo
1634 3200 1740 3239 non
1770 3184 1993 3255 adiuvas
2015 3184 2219 3239 medio-

627 3284 873 3337 critatem
904 3282 1063 3351 ejus?
1108 3280 1190 3335 Ile
1222 3280 1384 3349 pudet
1414 3278 1531 3333 haec
1558 3276 1740 3332 dicere
1770 3293 1783 3329 :
1815 3285 2071 3331 caeterum
2112 3291 2219 3330 non

630 3389 785 3446 cogo.
812 3374 871 3429 Si
896 3375 1015 3444 quis
1041 3382 1189 3442 putat
1218 3372 1425 3427 lucrum
1454 3384 1579 3425 esse
1606 3384 1728 3439 quae
1753 3367 2021 3431 dicuntur,
2062 3367 2221 3421 faciat

635 3468 734 3522 sibi
776 3465 1166 3522 xenodochium
1206 3464 1263 3518 in
1308 3464 1469 3517 domo
1505 3478 1523 3529 ;
1575 3461 1734 3515 isthic
1778 3460 1971 3515 lectum
2009 3468 2181 3514 statue
2205 3502 2220 3527 ,

636 3558 795 3613 isthic
834 3566 1080 3612 mensam
1110 3561 1167 3607 et
1216 3554 1511 3609 lucernam.
1556 3551 1838 3620 Quomodo
1878 3565 1983 3603 non
2028 3549 2221 3626 absur;

636 3650 761 3704 dum
791 3647 986 3713 fuerit,
1014 3648 1058 3702 si
1087 3647 1303 3702 veniant
1332 3646 1528 3700 milites
1551 3686 1566 3710 ,
1600 3643 1800 3698 habere
1827 3657 1923 3697 vos
1952 3643 2223 3711 assignata

642 3741 937 3807 domicilia,
966 3754 1210 3811 magnam
1256 3752 1445 3807 gerere
1492 3751 1713 3799 curam,
1763 3735 2049 3805 omniaque
2100 3734 2227 3804 ipsis

641 3831 1045 3887 subministrare
1066 3872 1081 3894 ,
1130 3830 1254 3900 quia
1283 3829 1359 3883 illi
1387 3828 1587 3883 bellum
1620 3828 1722 3883 hoc
1747 3828 2004 3883 sensibile
2040 3826 2228 3897 depel-

650 3926 763 3983 lunt
797 3941 811 3976 :
845 3923 1082 3991 hospites
1114 3936 1241 3977 vero
1266 3963 1282 3987 ,
1323 3920 1408 3975 ubi
1449 3920 1813 3983 diversentur,
1849 3934 1957 3973 non
1988 3918 2231 3973 habere?

648 4016 808 4069 Vince
834 4013 1137 4069 ecclesiam.
1183 4011 1274 4066 Vis
1318 4025 1419 4065 nos
1468 4010 1663 4065 rubore
1709 4008 2074 4079 perfundere?
2119 4008 2233 4063 Hoc

647 4110 763 4163 l‘ac:
799 4105 1118 4161 liberalitate
1145 4117 1339 4173 supera
1374 4120 1387 4158 :
1423 4101 1559 4159 habe
1590 4101 1919 4157 domicilium
1946 4115 2051 4170 quo
2083 4100 2235 4155 Chri-

644 4210 761 4254 stus
794 4196 1094 4251 diversetur
1121 4214 1136 4251 :
1162 4194 1285 4260 dic,
1311 4193 1437 4249 Haac
1482 4203 1567 4249 est
1604 4192 1795 4247 cellula
1832 4192 2073 4257 Christi;
2121 4191 2236 4245 haec

648 4290 839 4345 donius
866 4287 943 4341 illi
974 4286 1207 4355 seposita
1234 4294 1319 4341 est
1344 4303 1357 4336 :
1386 4286 1603 4341 etiamsi
1634 4285 1740 4340 vile
1765 4284 2095 4339 domicilium
2126 4283 2193 4337 sit
2218 4324 2234 4349 ,

652 4396 759 4435 non
803 4378 1143 4449 dedignatur.
1186 4376 1373 4433 Nudus
1402 4384 1459 4432 et
1502 4379 1695 4447 hospes
1732 4375 1979 4431 Christus
2004 4374 2236 4441 circuit,

654 4486 795 4529 tecto
822 4472 995 4527 solum
1032 4486 1199 4541 egens
1229 4488 1242 4525 :
1274 4471 1465 4526 saltem
1495 4470 1618 4525 huic
1647 4481 1839 4540 praesta
1874 4490 1888 4526 :
1921 4485 1989 4525 ne
2015 4471 2089 4525 sis
2114 4485 2236 4525 cru-

649 4564 784 4619 delis
811 4578 910 4617 nec
938 4562 1259 4616 inhumanus
1280 4601 1295 4626 ,
1326 4573 1502 4631 neque
1528 4562 1579 4616 in
1608 4562 1770 4617 rebus
1797 4562 2145 4617 stecularihus
2170 4563 2241 4616 ita

652 4655 977 4721 vehemens,
1010 4656 1063 4711 in
1100 4655 1470 4723 spiritualibus
1496 4669 1629 4711 vero
1665 4653 1911 4725 frigidus.
1955 4654 2067 4709 Hoc
2090 4670 2239 4708 com-

655 4750 891 4802 mittatur
919 4747 1115 4801 tamulo
1156 4746 1397 4801 omnium
1428 4746 1746 4802 ﬁdelissimo
1766 4789 1780 4809 ,
1829 4757 1883 4802 et
1911 4748 1956 4800 is
1982 4747 2201 4801 mutilos
2225 4789 2239 4815 ,

659 4837 971 4905 mendicos,
1002 4846 1057 4890 et
1081 4850 1176 4891 eos
1202 4875 1217 4898 ,
1247 4836 1336 4905 qui
1378 4838 1494 4891 sine
1522 4848 1661 4891 tecto
1711 4848 1834 4893 sunt
1856 4880 1870 4903 ,
1918 4836 2242 4893 introducat.

655 4930 783 4985 llaec
808 4929 929 4983 dico
950 4968 965 4992 ,
998 4940 1055 4981 ut
1087 4928 1154 4981 ad
1184 4928 1445 5001 pudorem
1476 4946 1737 4985 moveam.
1783 4932 2073 5003 Oporteret
2098 4934 2243 4989 enim

657 5037 873 5081 sursum
898 5021 1041 5077 domi
1074 5021 1193 5076 illos
1222 5024 1463 5092 recipere
1489 5039 1503 5086 ;
1543 5025 1627 5077 sin
1658 5025 1796 5079 nolis
1818 5066 1832 5091 ,
1860 5025 2049 5081 saltem
2080 5026 2243 5093 infra,

659 5117 747 5172 ubi
783 5114 935 5179 muli,
977 5113 1066 5169 ubi
1103 5112 1308 5181 famuli,
1332 5113 1601 5169 Christum
1628 5118 1825 5187 recipe.
1868 5117 2027 5174 Forte
2052 5120 2247 5175 exhor-

662 5209 869 5264 rescitis
894 5206 1197 5262 audientes.
1239 5207 1378 5273 Quid
1408 5224 1534 5279 ergo
1564 5250 1581 5277 ,
1610 5211 1654 5264 si
1686 5226 1753 5265 ne
1780 5210 1896 5267 haec
1921 5212 2136 5282 quidem
2168 5216 2244 5269 fe-

662 5302 887 5355 ceritis?
914 5301 1051 5356 Ecce
1075 5300 1281 5365 hortor,
1316 5316 1440 5357 ecce
1468 5303 1589 5359 dico
1621 5322 1637 5357 :
1668 5306 1780 5362 Hoc
1805 5308 1957 5364 vobis
1983 5324 2127 5365 curse
2157 5310 2246 5364 sit.

668 5397 736 5450 Αι
760 5396 837 5451 sic
870 5410 973 5451 non
998 5396 1201 5452 vultis?
1228 5396 1369 5467 Ergo
1396 5396 1501 5453 alio
1529 5400 1686 5455 modo
1717 5400 1877 5459 facile
1900 5421 1912 5457 :
1939 5412 2063 5459 sunt
2093 5404 2245 5458 multi

1364 326 1423 382 S.
1462 321 1735 380 JOANNIS
1772 315 2241 377 CllltYSOSTOMI
2280 314 2592 370 ABCHIEP.
2635 314 3161 377 CONSTANTINOP.

3779 320 3893 376 320

2294 443 2554 499 pauperes
2586 430 2862 503 utriusque
2889 449 3050 489 sexus
3084 453 3096 489 :
3128 442 3404 505 segregate
3430 432 3651 488 omnino
3674 476 3687 496 ,
3722 444 3779 487 ut
3814 434 3891 487 ibi

2291 519 2483 589 aliquis
2510 530 2724 575 maneat
2750 540 2761 574 :
2790 524 2859 575 sit
2890 524 3078 579 saltem
3109 525 3301 579 domus
3325 533 3506 579 custos
3534 539 3739 594 pauper
3771 566 3785 579 .
3818 525 3896 579 sit

2293 612 2383 667 tibi
2414 628 2596 667 murus
2621 624 2676 669 et
2702 629 2859 685 sepes
2882 658 2898 681 ,
2933 627 3140 671 scutum
3171 626 3227 672 et
3253 616 3427 673 hasta.
3470 616 3571 673 Ubi
3598 626 3681 672 est
3742 616 3898 671 elec-

2294 720 2511 777 mosyna
2533 747 2549 771 ,
2578 721 2643 761 eo
2670 723 2774 762 non
2802 709 2963 764 audet
2986 710 3246 765 accedere
3272 709 3537 776 diabolus,
3566 725 3740 781 neque
3770 724 3894 764 ma-

2293 798 2401 855 lum
2433 798 2738 869 quodpiam.
2772 799 2883 861 Ne,
2918 817 3101 870 quaeso
3122 844 3135 865 ,
3166 802 3526 871 despiciamus
3558 812 3762 857 tantum
3795 803 3893 857 ln-

2293 904 2463 944 crum.
2494 889 2644 944 Nunc
2669 906 2797 945 vero
2822 892 2998 946 currui
3021 892 3234 961 quidem
3262 893 3565 964 assignatus
3592 894 3741 949 locus
3770 903 3885 961 est,

2294 989 2349 1036 et
2368 980 2633 1036 basternis
2652 982 2807 1047 alius;
2830 982 3043 1037 Christo
3063 991 3239 1040 autem
3262 985 3461 1038 erranti
3488 985 3685 1040 nullus.
3710 985 3863 1040 Abra
3878 1014 3894 1024 -

2294 1071 2418 1125 ham
2470 1072 2555 1125 ubi
2591 1074 2702 1142 ipse
2747 1073 3033 1142 manebat,
3074 1074 3146 1129 ibi
3193 1074 3431 1145 hospites
3472 1075 3801 1146 recipiebat;
3834 1087 3897 1131 et

2295 1176 2427 1217 uxor
2453 1164 2605 1232 quasi
2634 1164 2825 1218 ancilla
2853 1165 3028 1219 stabat
3050 1207 3065 1232 ,
3096 1165 3171 1220 illi
3198 1181 3325 1221 vero
3352 1166 3503 1236 quasi
3532 1166 3753 1221 domini.
3781 1164 3897 1222 Ne-

2296 1253 2499 1307 sciebat
2518 1268 2577 1311 se
2598 1254 2890 1319 Christum,
2910 1270 2969 1309 se
2995 1255 3216 1325 angelos
3238 1256 3483 1326 recipere
3504 1272 3518 1319 ;
3544 1256 3588 1311 si
3614 1258 3895 1323 scivisset,

2296 1346 2476 1399 omnia
2501 1355 2789 1415 erogaSSet.
2811 1341 2919 1401 Nos
2942 1362 3069 1401 vero
3094 1347 3217 1401 licet
3249 1349 3481 1402 sciamus
3501 1363 3531 1402 a
3552 1348 3705 1403 nobis
3732 1346 3901 1405 Chri-

2298 1447 2437 1491 stum
2467 1438 2659 1505 excipi,
2688 1454 2793 1492 non
2820 1447 3018 1493 tantam
3042 1438 3366 1496 exhibemus
3386 1455 3567 1496 curam
3587 1482 3603 1507 ,
3630 1450 3897 1512 quantam

2301 1529 2407 1595 ille,
2441 1530 2529 1599 qui
2561 1530 2778 1599 putabat
2800 1546 2861 1587 se
2890 1532 3135 1587 homines
3164 1533 3427 1603 recipere.
3462 1535 3531 1589 At
3559 1534 3709 1588 multi
3732 1544 3895 1603 sunt,

2302 1621 2549 1691 inquies,
2598 1622 2918 1693 deceptores
2960 1632 3016 1679 et
3061 1626 3273 1696 ingrati.
3318 1626 3385 1680 Et
3428 1626 3549 1681 hinc
3581 1627 3673 1682 tibi
3713 1626 3900 1697 major

2302 1726 2528 1777 merces,
2556 1713 2768 1781 quando
2791 1714 3003 1768 nomine
3028 1714 3225 1770 Christi
3252 1715 3471 1786 accipis.
3503 1716 3557 1772 Si
3594 1717 3732 1772 nosti
3768 1733 3903 1773 esse

2302 1802 2616 1873 deceptores
2637 1845 2651 1867 ,
2686 1819 2752 1857 ne
2784 1806 2961 1873 recipe
2991 1804 3133 1859 domi
3159 1823 3173 1872 ;
3217 1809 3298 1861 sin
3330 1822 3434 1862 non
3467 1808 3642 1875 nosti,
3674 1823 3772 1863 cur
3810 1820 3900 1865 te-

2304 1910 2451 1949 mere
2487 1896 2751 1950 accusas?
2801 1896 2923 1951 Ideo
2967 1897 3126 1962 dico,
3160 1897 3299 1953 Eant
3372 1900 3425 1954 in
3474 1900 3899 1956 xenodochium.

2304 1987 2431 2055 Qu:e
2464 2004 2591 2043 vero
2617 1990 2883 2058 defensio,
2917 1991 3131 2061 quando
3154 2006 3219 2047 ne
3246 2006 3340 2047 eos
3369 1992 3609 2064 quidem,
3636 2008 3771 2063 quos
3798 2008 3905 2048 no-

2304 2082 2515 2145 vimus,
2566 2082 2889 2151 recipimus,
2934 2082 3029 2138 sed
3075 2084 3322 2139 omnibus
3369 2087 3510 2141 fores
3556 2084 3906 2141 claudimus?

2307 2170 2387 2225 Sit
2406 2171 2601 2225 Christi
2628 2172 2996 2242 pandocheum
3028 2184 3209 2229 nostra
3235 2175 3426 2231 domus
3452 2196 3464 2231 :
3492 2185 3803 2245 repetamus
3831 2177 3908 2232 ab

2309 2261 2413 2317 illis
2436 2264 2752 2327 mercedem,
2787 2279 2891 2317 non
2922 2277 3224 2335 argentum,
3253 2268 3346 2321 sed
3370 2257 3425 2322 tit
3450 2266 3645 2323 faciant
3670 2267 3905 2323 domum

2310 2363 2545 2407 nostram
2574 2353 2773 2409 Christi
2806 2356 3201 2424 receptaculum
3236 2375 3249 2410 :
3277 2358 3765 2414 circumcursemus
3792 2376 3907 2414 un-

2311 2447 2493 2521 dique,
2530 2448 2823 2515 trahamus,
2852 2459 3101 2515 venatum
3129 2451 3455 2519 abripiamus
3483 2468 3495 2503 τ
3525 2451 3696 2521 majus
3727 2451 3911 2506 bene-

2315 2543 2488 2599 ﬁcium
2519 2544 2806 2612 accipimus
2826 2582 2843 2608 ,
2885 2557 3044 2613 quam
3072 2542 3278 2596 damus.
3327 2542 3440 2597 Non
3467 2543 3627 2613 juheo
3657 2553 3907 2599 mactare

2316 2637 2537 2691 vitulum
2572 2655 2584 2689 :
2618 2635 2685 2690 da
2716 2651 2907 2705 panem
2953 2639 3166 2706 egenti,
3221 2648 3423 2691 vestem
3465 2637 3644 2703 nudo,
3697 2646 3911 2692 tectum

2320 2729 2537 2800 hospiti.
2561 2728 2639 2783 Ne
2666 2736 2842 2782 autem
2874 2730 2987 2783 bare
3021 2739 3301 2798 praetexas,
3331 2728 3429 2783 Est
3454 2728 3779 2783 domicilium
3822 2742 3919 2784 ee-

2314 2821 2492 2876 clesize
2536 2836 2859 2889 commune;
2906 2823 3032 2876 illnc
3090 2823 3320 2887 mittito,
3385 2831 3441 2877 et
3510 2832 3564 2875 tu
3616 2822 3918 2891 susciples.

2317 2913 2447 2967 Nam
2507 2914 2596 2969 ille
2649 2916 2808 2968 etiam
2860 2928 3086 2979 eorum,
3134 2929 3251 2982 qua:
3290 2929 3318 2965 a
3371 2912 3580 2968 famulis
3626 2923 3741 2967 acta
3793 2912 3918 2967 fue-

2324 3019 2485 3073 rant,
2538 3008 2838 3061 mercedem
2886 3008 3087 3060 habuit.
3148 3006 3219 3060 Ita
3270 3014 3425 3060 erant
3480 3005 3707 3060 instituti
3767 3005 3921 3060 illius

2322 3100 2474 3171 pueri
2516 3098 2890 3164 :currebant,
2939 3112 3038 3151 nec
3084 3099 3491 3152 murmurahant
3532 3098 3669 3152 sicut
3697 3097 3920 3164 nostri;

2323 3196 2445 3249 illos
2464 3193 2604 3249 enim
2635 3194 2751 3264 pios
2772 3192 3077 3249 reddiderat
3097 3211 3110 3247 :
3133 3194 3183 3248 in
3214 3193 3409 3247 bellum
3434 3193 3613 3258 traxit,
3642 3207 3740 3247 nec
3763 3207 3925 3247 mur-

2325 3286 2627 3351 murabant;
2659 3287 2729 3340 ita
2755 3286 3057 3357 philosophi
3080 3296 3253 3340 erant.
3282 3284 3531 3340 Omnium
3555 3286 3698 3341 enim
3729 3298 3926 3339 curam

2330 3378 2553 3447 gerebat
2598 3387 2655 3430 ut
2683 3379 2764 3431 sui
2795 3377 2959 3446 ipsius
2988 3394 3003 3430 :
3034 3392 3097 3432 ac
3133 3377 3242 3431 fere
3264 3418 3280 3443 ,
3316 3386 3373 3431 ut
3401 3376 3502 3432 Job
3532 3377 3746 3432 dicebat
3777 3392 3791 3428 :
3826 3375 3929 3430 Si-

2330 3468 2512 3520 militer
2542 3466 2747 3538 formati
2778 3483 2951 3521 sumus
2978 3468 3029 3520 in
3055 3468 3229 3521 eodem
3257 3461 3423 3521 ventre
3451 3466 3574 3539 (Job
3614 3469 3705 3525 55.
3735 3468 3815 3541 6).

2404 3561 2802 3615 Domesticorum
2826 3577 2948 3615 cura
2975 3561 3224 3615 habenda.
3252 3590 3323 3601 ——
3348 3562 3531 3631 Itaque
3556 3570 3611 3617 et
3642 3578 3738 3617 nos
3764 3578 3934 3622 cure-

2332 3672 2452 3711 mus
2477 3655 2704 3710 salutem
2731 3663 3001 3721 nostram,
3028 3663 3081 3708 et
3127 3668 3372 3723 iiiagnam
3400 3653 3692 3709 habeamus
3734 3655 3935 3713 dome-

2333 3754 2593 3803 Sticorum
2627 3745 3064 3813 sollicitudinem,
3104 3754 3161 3800 ut
3188 3746 3294 3800 sint
3326 3745 3478 3815 probi
3508 3754 3563 3801 et
3592 3746 3780 3817 vigiles
3810 3766 3827 3802 :
3858 3753 3938 3805 sit

2337 3842 2497 3894 etiam
2528 3838 2856 3893 domesticus
2892 3848 3077 3891 noster
3119 3838 3169 3891 in
3202 3838 3265 3891 iis
3288 3879 3303 3903 ,
3335 3853 3454 3907 qua:
3482 3838 3548 3893 ad
3580 3838 3745 3893 Deum
3799 3854 3937 3909 spe-

2338 3942 2506 3997 ctant,
2537 3932 2829 3987 institutus.
2872 3930 2986 3985 Non
3005 3932 3106 3985 erit
3138 3939 3321 4001 postea
3350 3931 3519 3987 virtus
3549 3932 3703 3987 nobis
3732 3932 3937 3989 difﬁci-

2339 4026 2403 4080 lis
2427 4067 2442 4088 .
2475 4023 2519 4079 si
2551 4024 2673 4078 illos
2699 4023 2865 4094 probe
2897 4024 3256 4078 instituamus.
3294 4021 3449 4077 Sicut
3488 4023 3633 4077 enim
3662 4023 3713 4077 in
3739 4022 3889 4078 bello
3918 4068 3935 4094 ,

2340 4136 2462 4173 cum
2495 4120 2691 4173 milites
2718 4129 2842 4173 sunt
2868 4116 3007 4171 bene
3045 4115 3275 4169 ordinati
3304 4158 3319 4181 ,
3366 4115 3472 4169 dux
3502 4115 3659 4171 facile
3687 4127 3894 4187 pugnat
3923 4136 3939 4184 ;

2342 4220 2527 4265 contra
2558 4226 2685 4263 vero
2711 4251 2725 4272 ,
2758 4209 2802 4263 si
2832 4223 2937 4261 non
2970 4209 3040 4261 ita
3069 4207 3137 4261 sit
3171 4224 3183 4259 :
3217 4208 3393 4262 nautis
3424 4208 3551 4262 item
3579 4208 3941 4263 consentien-

2348 4303 2488 4356 tibus
2514 4342 2527 4366 ,
2559 4300 2883 4370 gubernator
2926 4298 3077 4353 nullo
3119 4300 3332 4369 negotio
3366 4298 3722 4371 gubernacula
3750 4302 3894 4370 regit
3923 4321 3936 4355 :

2349 4394 2419 4447 ita
2451 4394 2494 4447 si
2522 4392 2626 4447 sint
2656 4391 2837 4446 famuli
2864 4400 3006 4447 recte
3036 4391 3283 4455 instituti,
3319 4406 3424 4446 non
3458 4390 3614 4447 facile
3640 4392 3941 4449 exacerba-

2349 4486 2493 4541 beris
2516 4526 2532 4552 ,
2567 4502 2670 4539 non
2698 4484 3001 4554 obiurgabis
3022 4524 3037 4551 ,
3071 4500 3175 4539 non
3209 4484 3458 4539 irasceris
3482 4525 3497 4547 ,
3526 4499 3634 4539 non
3662 4486 3939 4541 convicia-

2354 4580 2516 4634 bcris.
2557 4577 2698 4631 Fieri
2726 4592 2937 4648 quoque
2970 4586 3182 4646 potest,
3236 4587 3295 4631 ut
3324 4577 3552 4634 famulos
3597 4580 3906 4633 reverearis
3936 4623 3952 4645 ,

2350 4672 2393 4725 si
2422 4671 2531 4724 sint
2560 4669 2900 4725 admirabiles
2934 4687 2947 4723 :
2978 4670 3184 4739 ipsique
3213 4678 3265 4723 te
3290 4668 3553 4737 iuvabunt
3573 4710 3589 4737 ,
3619 4677 3675 4725 et
3702 4669 3769 4724 ad
3798 4670 3952 4725 bona

2354 4760 2725 4815 hortabuntur.
2768 4761 2849 4815 Ab
2876 4760 2960 4815 his
2986 4768 3162 4814 autem
3193 4760 3440 4815 omnibus
3466 4762 3645 4817 omnia
3683 4761 3797 4819 Deo
3832 4764 3953 4833 pla-

2355 4853 2457 4907 cita
2480 4861 2655 4919 erunt,
2680 4862 2733 4908 et
2758 4853 2837 4908 sic
2868 4862 2975 4907 tota
2998 4852 3191 4906 domus
3215 4852 3522 4922 implebitur
3542 4853 3950 4922 benedictione,

2355 4958 2409 5004 et
2437 4950 2514 5003 sic
2535 4963 2598 5001 ea
2621 4989 2636 5013 ,
2665 4963 2782 5016 quae
2815 4947 2923 5001 Deo
2952 4945 3198 5015 placent,
3232 4944 3488 5001 facientes
3512 4984 3531 5013 ,
3561 4961 3757 5016 magno
3791 4946 3950 5003 frue~

2356 5056 2475 5094 mur
2494 5054 2726 5109 superno
2748 5037 3000 5111 praesidio
3029 5058 3041 5091 :
3067 5037 3207 5108 quod
3230 5055 3335 5093 non
3358 5053 3549 5095 omnes
3572 5040 3786 5111 assequi
3812 5056 3946 5097 con-

2357 5132 2558 5202 tingat,
2608 5133 2775 5203 gratia
2826 5141 2881 5185 et
2959 5130 3285 5201 benignitate
3337 5134 3549 5187 Domini
3596 5135 3769 5188 nostri
3818 5134 3955 5193 Jesu

2357 5224 2552 5279 Christi
2578 5267 2593 5291 ,
2623 5226 2837 5294 quicum
2872 5224 3013 5279 Patri
3044 5234 3098 5279 et
3124 5223 3346 5295 Spiritui
3378 5235 3570 5279 sancto
3594 5225 3762 5297 gloria
3790 5269 3804 5287 .
3844 5229 3952 5282 im-

2359 5319 2560 5387 perium
2587 5360 2602 5384 ,
2642 5318 2835 5381 honor,
2871 5333 3007 5371 nunc
3033 5326 3087 5373 et
3116 5332 3349 5389 semper,
3381 5326 3438 5372 et
3465 5318 3518 5372 in
3546 5317 3742 5375 satcula
3767 5334 3948 5375 szncu-

2359 5411 2551 5471 lor,um.
2594 5413 2785 5465 Amen.
