4072 6404
306 466 370 521 δ’.
391 466 580 519 Πάντα
624 465 724 536 γάρ
740 463 914 518 ταῦτα
930 465 1012 519 δεῖ
1028 463 1120 518 τὸν
1138 459 1418 530 ξενίζοντα
1435 460 1580 532 ῖχειν
1602 476 1614 489 ·
1643 459 1707 514 τὸ
1728 458 1931 531 πρόθυο

237 571 362 625 μον,
413 554 477 606 τὺ
523 552 772 625 φαιδρὸν,
823 551 885 606 τὸ
916 551 1168 620 ἄφθονον.
1217 549 1279 603 Ἦ
1317 549 1427 622 7&9
1469 548 1566 602 τοῦ
1603 547 1754 615 ξένου
1781 545 1930 618 ψυχὴ

232 641 467 713 ιρυθριᾷ
489 643 584 695 καὶ
606 639 922 712 αἰσχύνεται
938 657 949 668 ·
974 638 1076 693 κᾶν
1101 637 1176 710 μὴ
1202 635 1324 708 μεθ’
1346 635 1655 708 ὑπερϐολῆς
1680 633 1929 706 ἐπιδείξῃ

231 732 434 802 χαρὰν,
472 730 554 793 ὡς
590 728 885 800 άλογηθεὶς
917 725 1350 793 ἀπαλλάσσεται,
1391 725 1490 780 καὶ
1525 723 1713 778 λοιπὸν
1745 725 1930 795 χεῖρον

228 819 426 887 γέγονε
443 831 471 859 ι
494 817 591 872 τοῦ
624 817 701 889 μὴ
725 814 1090 882 ὑποδέξασθαι
1119 813 1182 867 τὸ
1205 811 1384 878 οὕτως
1413 811 1796 882 ὑωδεχθῆναι.
1829 810 1930 865 Διά

223 910 394 964 τοῦτο
433 911 758 980 προσκυνεῖ,
799 906 889 961 διὰ
913 904 1074 960 τοῦτο
1107 904 1190 976 τῷ
1211 905 1355 976 λόγῳ
1380 905 1617 975 δέχεται,
1655 901 1745 956 διὰ
1770 899 1931 956 τοῦτο

221 998 292 1068 τῇ
323 995 592 1068 καθέδρᾳ.
620 995 717 1059 Τίς
741 994 852 1064 7&9
881 991 948 1047 ἀν
968 991 1252 1065 ἠπορήθη,
1273 991 1432 1055 εἰδὼς
1452 992 1536 1045 δτι
1575 988 1738 1044 τοῦτο
1765 988 1929 1060 ἔργον

221 1082 380 1154 αὐτῷ
409 1077 518 1154 ἦν;
578 1081 720 1136 Ἀλλ’
749 1082 854 1134 οὐκ
885 1080 980 1134 ἐπὶ
1011 1079 1172 1152 ξένης
1200 1078 1371 1150 ἔσμεν
1403 1079 1596 1150 ήμεῖς;
1652 1076 1794 1131 Ἀλλ’
1831 1078 1928 1132 ἐὰν

223 1168 497 1239 θέλωμεν,
540 1167 890 1239 δυνησόμεθα
928 1167 1095 1222 αὑτὸν
1146 1165 1516 1238 μιμήσασθαι.
1565 1165 1732 1220 Πόσοι
1783 1164 1927 1230 ξένοι

217 1259 334 1311 εἰσὶ
365 1257 480 1312 τῶν
506 1256 791 1327 ἀδελφῶνς
829 1256 1016 1310 Ἔστιν
1041 1255 1250 1326 οίκημα
1280 1255 1460 1309 κοινὸν
1485 1256 1520 1326 ή
1553 1252 1838 1324 ἐκκλησία,
1867 1252 1927 1306 6v

217 1344 434 1411 ξενῶνα
467 1343 780 1415 καλοῦμεν·
820 1340 1250 1416 περιεργάζεσθε
1281 1344 1376 1397 καί
1411 1344 1592 1412 ὑμεῖς,
1623 1341 1925 1406 καθέζεσθε

217 1434 379 1504 παρά
421 1433 524 1497 τὰς
563 1431 758 1504 θύρας,
792 1433 919 1504 τοὺς
946 1432 1280 1503 ἐρχομένους
1313 1429 1676 1501 ὑποδέχεσθε·
1707 1429 1809 1486 κᾶν
1849 1429 1925 1501 μὴ

215 1503 428 1585 είςτὰς
455 1503 819 1591 οἰκίαςύμῶν
848 1503 1138 1592 βούλησθε,
1170 1519 1288 1573 ἀλλ’
1320 1518 1525 1590 ἑτέρως
1548 1518 1617 1572 τὰ
1647 1517 1786 1588 πρὸς
1823 1517 1924 1582 τάς

215 1609 414 1680 χρείας
451 1609 641 1671 αὐτοῖς
674 1606 827 1680 [545]
859 1606 1245 1679 χορηγοῦντες.
1277 1606 1343 1659 Τί
1372 1605 1512 1678 γάρ;
1547 1607 1582 1674 η
1625 1605 1924 1677 Ἐκκλησία

211 1698 320 1752 οὐκ
349 1697 499 1768 εχεις
540 1696 728 1768 φησίν.
769 1697 957 1766 Ἔχει·
998 1695 1136 1749 ἀλλά
1175 1693 1229 1748 τί
1269 1692 1431 1748 τοῦτο
1467 1693 1606 1765 πρὸς
1636 1693 1811 1763 ὑμᾶς
1847 1692 1923 1764 μὴ

212 1785 279 1839 τὺ
301 1785 417 1840 ἀπὸ
439 1784 551 1839 τῶν
581 1783 780 1838 κοινῶν
803 1783 907 1854 τῆς
950 1782 1282 1854 Ἐκκλησίας
1303 1781 1599 1853 τρέφεσθαι
1622 1782 1922 1853 χρημάτων

212 1874 444 1938 αὐτοὺς,
496 1871 658 1927 τοῦτο
703 1873 848 1945 ὑμᾶς
896 1870 1180 1942 ὠφελῆσαι
1231 1870 1488 1934 δύναται;
1543 1869 1620 1941 μὴ
1667 1869 1800 1940 γὰρ,
1855 1867 1924 1923 ἂν

212 1961 407 2031 ἕτερος
433 1958 686 2032 εὔχηται,
718 1960 784 2014 σὺ
811 1959 912 2013 οὐκ
937 1958 1172 2028 ὀφείλεις
1205 1956 1467 2028 εῦχεσθαι
1489 1972 1504 2022 ;
1530 1954 1618 2007 διὰ
1646 1954 1700 2008 τί
1729 1956 1805 2026 μὴ
1834 1955 1923 2008 λέ-

213 2066 370 2118 γεις·
410 2049 464 2102 τί
505 2048 654 2120 γάρ;
690 2049 792 2102 οὐκ
822 2047 1074 2118 εὔχονται
1111 2047 1160 2100 οἰ
1197 2048 1396 2118 ἰερεῖς;
1429 2042 1542 2114 ἐγὼ
1564 2043 1617 2097 τί
1651 2043 1918 2115 εῦχομαι;

227 2136 372 2190 Ἀλλ’
418 2136 552 2206 ἑγὼ,
597 2137 754 2208 φησὶ,
798 2135 993 2205 δίδωμι
1025 2133 1104 2204 τῷ
1138 2133 1214 2205 μὴ
1255 2133 1541 2202 δυναμένῳ
1577 2131 1920 2202 καταχθῆναι

211 2226 352 2281 διιεῖ.
377 2225 480 2289 Δὸς
514 2224 618 2280 κᾶν
649 2225 866 2293 ἐκείνῳ·
899 2223 961 2276 τὸ
986 2223 1096 2293 γὰρ
1132 2221 1572 2291 σπουδαζόμενον
1602 2220 1735 2291 ἡμῖν
1763 2219 1921 2273 τοῦτό

213 2313 357 2375 ἑστι,
392 2311 456 2365 τδ
493 2311 633 2376 ὅλως
677 2309 888 2366 δοῦναι.
928 2310 1217 2375 Ἀκουσον,
1267 2308 1321 2360 τί
1373 2324 1541 2377 φησιν
1591 2308 1620 2360 6
1670 2305 1917 2370 Παῦλος·

216 2400 346 2454 'lra
376 2399 510 2466 ταῖς
532 2399 720 2465 ὄντως
742 2397 960 2468 χήραις
979 2396 1313 2466 ἐπαρκέσῃ,
1351 2395 1452 2450 καί
1470 2394 1558 2464 μὴ
1584 2393 1850 2463 βαρῆται
1879 2396 1918 2464 ἠ

227 2488 590 2555 Ἐκκλησία.
638 2487 833 2551 Ὅπως
887 2485 1067 2556 βούλει
1127 2485 1380 2556 ποίησον,
1444 2484 1607 2555 μόνον
1667 2483 1916 2553 ποίησον.

225 2575 374 2644 Ἐγὼ
410 2576 470 2630 δὲ
503 2576 566 2630 οὐ
604 2575 770 2642 λέγω,
802 2573 918 2627 Ἵνα
952 2574 1026 2645 μὴ
1060 2573 1301 2644 βαρῆται
1341 2575 1374 2644 ή
1421 2571 1742 2642 Ἐκκλησία,
1778 2569 1915 2638 ἀλλ’,

213 2664 340 2718 Ἵνα
368 2662 445 2733 μὴ
475 2666 540 2718 σὺ
571 2661 714 2735 βαρῇ
733 2679 747 2694 ·
777 2661 855 2734 τῷ
878 2661 987 2734 γὰρ
1011 2660 1260 2732 λογισμῷ
1288 2659 1465 2731 τούτῳ
1494 2659 1650 2713 οὐδὲν
1679 2659 1915 2732 ἐργάσῃ,

212 2754 399 2807 πάντα
432 2752 752 2822 ἐπιτρέπων
782 2752 943 2822 αὐτῇ.
987 2751 1086 2805 Διά
1113 2749 1274 2804 τοῦτο
1310 2747 1491 2802 κοινὸν
1526 2746 1737 2818 οἴκημά
1765 2749 1917 2802 ἐστιν

213 2840 323 2893 ὑπὸ
354 2839 457 2909 τῆς
496 2839 823 2910 Ἐκκλησίας
857 2840 1266 2911 ἀφωρισμένον,
1301 2837 1389 2890 ἵνα
1427 2837 1503 2909 μὴ
1527 2836 1703 2890 ταῦτα
1725 2836 1913 2908 λέγῃς.

224 2927 368 2981 Ἀλλ’
412 2925 528 2998 ἔχει
565 2927 937 2998 δαπανήματα
977 2928 1011 2996 ἡ
1068 2924 1389 2996 Ἐκκλησία,
1441 2924 1597 2992 φησὶ,
1653 2924 1922 2994 χρήματα

211 3015 328 3085 ιχει
356 3017 454 3069 καὶ
497 3014 814 3085 προσόδους.
865 3013 1000 3067 Είπέ
1028 3031 1139 3084 μοι,
1165 3011 1502 3079 ἀναλώματα
1540 3009 1597 3063 δὲ
1636 3011 1737 3062 οὐκ
1770 3010 1912 3079 έχει;

209 3101 465 3171 δαπάνην
500 3100 558 3153 δὲ
603 3100 705 3154 οὐκ
740 3100 854 3170 ἔχει
888 3099 1302 3171 καθημερινήν;
1347 3099 1474 3162 Ναὶ,
1512 3096 1667 3167 φησί.
1710 3096 1776 3149 Τί
1821 3092 1917 3150 οὖν

211 3192 272 3244 ο)
323 3188 545 3260 βοηθεῖς
579 3190 648 3259 τῇ
705 3187 940 3261 μετρίᾳ;
983 3187 1325 3258 Αἰσχύνομαι
1369 3187 1469 3258 μὲν
1501 3185 1678 3240 ταῦτα
1701 3184 1914 3254 λέγων·

212 3276 358 3350 πλὴν
394 3276 513 3330 ἀλλ’
533 3275 691 3331 οὐδὲν
715 3275 1032 3346 ἀναγκάζω.
1065 3277 1134 3330 Et
1157 3293 1244 3340 τις
1275 3274 1492 3346 νομίζει
1525 3274 1915 3346 χρηματισμὸν

211 3359 356 3420 εἶναι
402 3363 473 3418 τά
515 3364 820 3435 λεγόμενα,
853 3366 1071 3436 ποιήσει
1103 3364 1284 3434 ἑαυτῷ
1319 3363 1646 3434 ξενώοχείον
1679 3363 1775 3416 ἐπὶ
1814 3362 1916 3433 τῆς

209 3453 426 3517 οἰκίας·
466 3453 668 3524 στῆσον
700 3454 820 3506 ἐκεῖ
849 3452 1061 3524 κλίνην,
1106 3453 1304 3524 στῆσον
1345 3452 1464 3505 ἐκεῖ
1502 3450 1784 3522 τράπεζαν
1819 3450 1917 3504 καὶ

207 3541 464 3612 λυχνίαν.
508 3540 632 3605 Πῶς
679 3541 789 3613 7&9
835 3541 936 3595 οὐκ
975 3540 1197 3604 ἄτοπον,
1229 3542 1278 3594 εἰ
1325 3540 1426 3610 μὲν
1464 3539 1795 3611 στρατιῶται
1825 3538 1913 3591 έλ-

209 3629 383 3694 θοιεν,
417 3629 566 3699 ἔχειν
597 3628 742 3699 ὑμᾶς
777 3628 1200 3699 ἀποτεταγμένα
1237 3629 1534 3698 οἰκήματα,
1577 3627 1674 3681 καὶ
1710 3627 1915 3700 πολλὴν

209 3715 491 3770 ποιεῖσθαι
531 3715 632 3783 τὴν
668 3714 1008 3786 ἐπιμέλειαν,
1055 3714 1151 3769 καὶ
1186 3715 1364 3770 πάντα
1399 3715 1666 3786 παρέχειν
1704 3715 1911 3784 αὐτοῖς,

209 3802 406 3872 ιπειδὴ
431 3802 527 3855 τὸν
550 3803 792 3874 πόλεμον
818 3804 949 3874 ὑμῖν
980 3803 1252 3874 ἀμύνουσι
1284 3805 1476 3857 τοῦτον
1498 3803 1592 3855 τὸν
1618 3801 1877 3874 αἰσθητόν
1893 3817 1909 3832 ·

210 3893 341 3956 τοὺς
384 3891 443 3945 δὲ
492 3891 679 3956 ξένους
736 3892 810 3962 μὴ
846 3891 991 3963 ἔχειν
1031 3893 1168 3946 ὅπου
1219 3891 1632 3962 καταμείνοιεν;
1671 3891 1913 3964 Νίκησον

210 3983 312 4053 τὴν
367 3979 725 4051 Ἐκκλησίαν.
758 3981 946 4034 Βούλει
975 3981 1235 4052 ἑντρέψαι
1258 3982 1440 4053 ήμᾶς;
1469 3980 1640 4035 Τοῦτο
1661 3980 1910 4051 ποίησον·

212 4067 533 4141 ὑπερϐαλοῦ
582 4070 650 4139 τῇ
711 4068 1027 4139 φιλοτιμίᾳ·
1077 4068 1169 4138 έχε
1220 4070 1450 4139 οῐκημα,
1503 4067 1631 4120 ἔνθα
1678 4068 1913 4138 Χριστὸς

213 4155 618 4228 παραγίνεται·
671 4155 816 4208 εἰπέ·
866 4155 1041 4210 Τοῦτο
1088 4155 1151 4208 τὸ
1190 4155 1402 4209 κελλίον
1443 4154 1536 4208 τοῦ
1565 4154 1852 4227 Χριστοῦοι
1876 4159 1909 4227 ή

209 4245 360 4298 οἰκία
387 4243 531 4314 αῦτη
564 4241 716 4314 αύτῷ
744 4243 1076 4316 ἀφώρισται.
1104 4242 1226 4298 Κάν
1256 4243 1602 4312 καταγώγιον
1701 4243 1797 4298 καί⁸
1825 4245 1915 4297 εῦ-

209 4332 387 4396 τελὲς,
415 4332 520 4385 οὐκ
549 4330 775 4396 ἀπαξιοῖ
805 4331 1014 4402 Γυμνὸς
1041 4330 1134 4384 καὶ
1158 4328 1309 4396 ξένος
1326 4331 1355 4382 6
1379 4331 1618 4402 Χριστὸς
1651 4330 1912 4401 περίεισι,

215 4422 381 4490 μόνον
411 4419 624 4489 σκέπης
648 4419 900 4489 δεόμενος
923 4435 937 4450 ·
980 4418 1086 4473 κᾶν
1117 4418 1293 4490 τούτῳ
1332 4420 1542 4490 πάρεχε
1567 4422 1594 4462 b
1615 4436 1628 4449 ·
1665 4417 1740 4490 μὴ
1763 4418 1915 4489 ὠμὸς

211 4506 305 4562 ισο
337 4505 476 4578 μηδὲ
510 4505 903 4577 ἀπάνθρωπος,
941 4505 1076 4577 μηδὲ
1099 4507 1160 4560 ὲν
1194 4505 1294 4577 μὲν
1321 4508 1434 4569 τοῖς
1465 4506 1743 4576 βιωτικοῖς
1768 4506 1915 4562 οὕτω

211 4594 448 4667 σφοδρὸς
477 4594 594 4659 έσο,
621 4597 681 4648 ὲν
706 4595 764 4648 δὲ
789 4598 901 4658 τοῖς
929 4596 1326 4666 πνευματικοῖς
1346 4596 1574 4666 ψυχρός.
1608 4596 1788 4648 Ἔστω
1817 4597 1913 4649 καῖ

211 4685 324 4741 τῶν
362 4682 598 4738 οἰκετῶν
652 4685 682 4736 6
716 4683 1038 4754 πιστότερος
1078 4683 1237 4738 τοῦτο
1272 4681 1777 4753 ἐγκεχειρισμένος,
1819 4683 1913 4737 καὶ

212 4772 343 4835 τοὺς
361 4771 706 4840 ἀναπήρους,
732 4771 860 4833 τοὺς
886 4771 1157 4842 πτωχοὺς,
1180 4770 1305 4833 τοὺς
1330 4771 1593 4837 ἁστέγους
1617 4770 1908 4836 εἰσαγέτω.

213 4860 404 4917 Ταῦτα
426 4859 576 4928 λέγω
601 4858 738 4928 πρὸς
765 4860 1056 4930 ὲντροπήν.
1092 4859 1241 4912 Ἔδει
1275 4859 1376 4927 μὲν
1406 4858 1515 4927 γὰρ
1539 4858 1654 4911 ἀνω
1685 4859 1778 4910 ἐπὶ
1807 4857 1910 4927 τῆς

212 4952 392 5016 οἰκίας
414 4950 614 5012 αὐτοὺς
635 4949 915 5020 δέχεσθαι·
945 4952 993 5001 εί
1023 4950 1080 5002 δὲ
1123 4949 1198 5020 μὴ
1234 4940 1435 5018 βούλει,
1469 4949 1573 5002 κᾶν
1598 4949 1770 5014 κάτω,
1804 4951 1909 5004 κᾶν

213 5039 341 5094 ινθα
364 5040 422 5093 αἰ
452 5037 693 5109 ἡμίονοι,
725 5035 828 5089 κᾶν
853 5036 983 5090 ἔνθα
1011 5039 1058 5090 οί
1085 5036 1316 5096 οἰκέται,
1349 5035 1497 5100 δέξαι
1528 5036 1620 5089 τὸν
1650 5037 1693 5089 Χ
1705 5037 1906 5107 ριστόν.

213 5128 369 5200 Τάχα
411 5126 669 5198 φρίττετε
722 5126 1034 5188 ἀκούοντες.
1094 5125 1160 5177 Τί
1211 5121 1327 5189 οὖν,
1366 5126 1493 5178 ὅταν
1545 5124 1680 5194 μηδὲ
1732 5124 1909 5178 ταῦτα

214 5215 441 5285 ποιῆτες
500 5213 635 5267 ’ἰδοῦ
668 5212 944 5283 παραινῶ,
987 5212 1096 5265 ἰδοὺ
1143 5212 1321 5281 λέγω·
1356 5213 1538 5266 Ἔστω
1583 5214 1713 5282 ὑμῖν
1749 5211 1910 5265 τοῦτο

216 5304 705 5376 περισπούδαστον.
779 5301 923 5356 Ἀλλ’
975 5303 1036 5356 ού
1103 5301 1361 5373 βούλεσθε
1428 5301 1636 5368 οῦτως;
1696 5302 1908 5357 Οὐκοῦν

271 5441 305 5516 _"
320 5441 550 5516 Quidam},
587 5439 741 5516 χαρὰν
761 5440 1002 5516 ἀλργεῖται
1025 5441 1405 5516 καὶῷάπέρχετοιι,
1430 5441 1511 5489 καὶ
1536 5439 1696 5516 χεῖρον
1716 5441 1879 5502 γέγονε

217 5498 245 5540 δ
270 5498 404 5554 υηῖισ
428 5503 563 5554 cod..
588 5498 774 5560 σκέπης
822 5498 970 5552 δεῖται
1004 5503 1160 5559 αὐτὸς·
1185 5498 1282 5552 κᾶν
1297 5498 1440 5553 τοῦτο
1487 5498 1683 5567 πάρεχε.

1396 343 1465 399 ΙΝ
1504 341 1689 400 ACTA
1727 339 2281 399 APOSTOLORUM.
2312 339 2552 401 HOMIL.
2592 344 2756 401 XLV.

3625 348 3735 404 520

2035 460 2240 532 ἑτέρως
2285 462 2571 532 ποιήσατε.
2626 460 2752 515 Εἰσὶ
2797 460 2985 515 πολλοὶ
3036 461 3272 536 πένητες
3320 463 3416 519 καὶ
3443 467 3725 537 πενιχροί·

2033 547 2338 618 ἀφορίσατε
2382 549 2449 602 δι’
2497 549 2621 604 δλου
2658 548 2843 620 μένειν
2885 550 3006 603 ἐκεῖ
3041 567 3183 605 τινα·
3242 550 3387 606 εστω
3419 552 3522 606 κᾶν
3559 551 3738 624 φύλαξ

2033 634 2134 705 τῆς
2164 636 2343 700 οἰκίας
2367 636 2397 689 ό
2427 637 2600 707 πένης
2619 653 2632 667 ·
2674 636 2819 691 ἔστω
2850 654 2933 691 σοι
2971 637 3173 710 τειχίον
3211 640 3307 694 καὶ
3345 641 3734 714 περίφραγμα,

2033 721 2201 785 ἀσπὶς
2221 723 2315 777 καὶ
2341 723 2492 795 δόρυ.
2529 723 2703 778 Ἔνθα
2730 723 3096 798 ἐλεημοσύνη,
3123 726 3184 780 ού
3209 726 3387 799 τολμᾷ
3411 727 3736 800 προσελθεῖν

2030 810 2061 864 6
2090 810 2358 877 διάϐολος,
2391 813 2517 867 οὐδὲ
2544 812 2677 870 ἄλλο
2710 831 2763 868 τι
2793 813 2902 868 τῶν
2934 815 3140 872 δεινῶν.
3175 816 3267 888 Μή
3301 816 3366 889 δὴ
3396 817 3736 890 περιίδωμεν

2031 899 2285 955 τοσοῦτον
2317 901 2530 974 κέρδος.
2575 901 2691 956 Νῦν
2721 903 2779 957 δὲ
2818 903 3100 976 ὀχήματος
3133 906 3234 975 μὲν
3261 905 3429 971 τόπος
3451 906 3604 961 ἐστὶν
3626 910 3734 977 ἀφ-

2030 988 2357 1060 ωρισμένος,
2384 990 2482 1043 καὶ
2514 989 2854 1061 βαστερνίοις
2888 991 3109 1064 ἔτερος·
3150 992 3228 1064 τῷ
3260 993 3318 1046 δὲ
3343 994 3569 1067 Χριστῷ
3597 994 3736 1048 πλα-

2032 1076 2260 1149 νωμένῳ
2301 1078 2423 1132 οὐδὲ
2456 1073 2557 1143 εἷς.
2617 1080 2678 1133 ’0
2739 1079 2996 1153 Ἀϐραάμ
3027 1080 3160 1136 ἔνθα
3211 1082 3377 1147 αὐτὸς
3396 1082 3566 1154 ἔμενε
3603 1085 3734 1149 τοὺς

2032 1163 2220 1230 ξένους
2247 1166 2544 1238 ὑπεδέχετο
2563 1184 2576 1198 ·
2607 1168 2706 1222 καῖ
2727 1170 2761 1240 ή
2789 1169 2890 1238 μὲν
2915 1167 3057 1240 γυνὴ
3077 1171 3135 1223 ὲν
3161 1169 3313 1235 τάξει
3346 1169 3733 1241 θεραπαινίδος

2029 1253 2297 1325 εἰστήκει,
2348 1256 2550 1310 ἐκεῖνοι
2595 1255 2655 1309 δὲ
2704 1257 2763 1310 ὲν
2800 1255 2952 1322 τάξει
2979 1257 3278 1312 δεσποτῶν.
3332 1259 3448 1313 Οὐκ
3473 1258 3610 1330 ᾔδει,
3647 1261 3733 1314 δτι

2027 1340 2120 1394 τὸν
2149 1343 2385 1414 Χριστὸν
2421 1343 2638 1416 ἐδέχετο
2661 1361 2674 1374 ·
2712 1343 2814 1400 οῦκ
2845 1345 2986 1418 ᾔδει,
3018 1346 3101 1401 δτι
3132 1347 3404 1415 ἀγγέλους
3423 1364 3438 1379 ·
3478 1348 3555 1413 ὡς
3589 1349 3646 1402 εἰ
3667 1365 3732 1419 γε

2028 1427 2166 1500 ᾔδει,
2191 1430 2370 1485 πάντα
2395 1431 2460 1485 ἂν
2487 1433 2778 1487 ἐκένωσεν.
2810 1435 3002 1504 Ἡμεῖς
3024 1433 3080 1488 δὲ
3101 1433 3254 1507 [δη]
3277 1435 3483 1499 καίπερ
3503 1435 3730 1501 εἰδότες.

2026 1519 2128 1572 ὅτι..
2146 1517 2240 1572 τὸν
2269 1520 2510 1592 Χριστὸν
2533 1521 2822 1592 δεχόμεθα,
2850 1522 2975 1576 οὐδὲ
2998 1522 3272 1595 τοσαύτην
3297 1523 3731 1595 ἐπιδεικνύμεθα

2027 1607 2126 1678 τὴν
2161 1608 2422 1682 σπουδὴν,
2465 1611 2600 1681 ὅσην
2624 1612 2834 1676 ἐκεῖνος
2867 1611 2897 1664 6
2935 1610 3177 1683 νομίζων
3216 1610 3544 1683 ἀνθρώπους
3579 1613 3731 1684 δέχε-

2029 1695 2174 1751 σθαι.
2229 1697 2370 1750 Ἀλλ’
2405 1697 2656 1753 ὲπιθέται
2691 1699 2820 1763 εἰσί,
2858 1699 3015 1770 φησὶ,
3047 1699 3237 1754 πολλοὶ
3264 1701 3360 1754 καῖ
3383 1699 3728 1772 ἀγνώμονες.

2026 1783 2138 1836 Καὶ
2175 1784 2368 1838 τούτου
2397 1803 2481 1840 σοι
2517 1786 2722 1857 μείζων
2754 1790 2782 1842 6
2807 1785 3020 1858 μισθὸς,
3055 1787 3187 1842 ὅταν
3220 1787 3309 1844 διὰ
3340 1789 3402 1843 τὸ
3430 1788 3603 1860 ὄνομα
3633 1790 3729 1844 τοῦ

2023 1871 2265 1942 Χριστοῦ
2296 1873 2450 1945 δέχῃ.
2498 1875 2563 1928 EE
2608 1875 2708 1946 μὲν
2755 1875 2866 1947 γὰρ
2915 1874 3065 1936 οῐδας
3111 1876 3276 1941 ὄντας
3322 1876 3604 1942 ὲπιθέτας,
3651 1879 3726 1951 μὴ

2022 1957 2178 2030 δέχου
2218 1961 2301 2024 εἰς
2330 1961 2428 2032 τὴν
2462 1961 2674 2014 οἰκίαν·
2704 1963 2752 2014 εἰ
2780 1962 2836 2015 δὲ
2867 1963 2970 2017 οὐκ
2992 1959 3164 2030 οἶδας,
3187 1963 3457 2029 τί’ἀπλῶς
3485 1983 3724 2037 κατηγο-

2026 2050 2177 2116 ρεῖς;
2221 2047 2321 2101 Διά
2352 2047 2512 2101 τοῦτο
2550 2048 2696 2118 λέγω
2734 2051 2814 2114 εἰς
2846 2049 2908 2103 τὸ
2933 2050 3259 2123 ξενοδοχεῖον
3293 2053 3539 2108 ἀπιέναι.
3590 2055 3728 2109 Ποία

2022 2132 2078 2185 δὲ
2111 2135 2404 2202 ἀπολογία,
2450 2135 2582 2190 ὅταν
2616 2136 2752 2207 μηδὲ
2783 2135 2878 2200 οὓς
2910 2138 3090 2209 ίσμεν,
3128 2139 3266 2211 μηδὲ
3299 2141 3525 2206 τούτους
3559 2142 3728 2212 δεχώ-

2026 2221 2190 2292 μεθα,
2225 2222 2341 2276 ἀλλ’
2371 2224 2760 2295 ἀποκλείωμεν
2789 2227 2924 2280 πᾶσι
2952 2227 3050 2291 τάς
3081 2225 3287 2299 θύρας;
3330 2230 3515 2283 Ἔστω
3539 2230 3600 2284 τὸ
3629 2230 3727 2284 τοῦ

2022 2310 2272 2381 Χριστοῦ
2307 2313 2626 2382 πανδοχεῖον
2656 2313 2818 2384 ήμῶν
2855 2316 2890 2384 ή
2927 2315 3106 2368 οἰκία·
3151 2316 3478 2388 ἀπαιτῶμεν
3525 2320 3727 2384 αὐτοὺς

2020 2397 2113 2451 τὸν
2147 2399 2360 2468 μισθὸν,
2397 2399 2474 2471 μὴ
2512 2400 2800 2472 ἀργύριον,
2831 2401 2972 2456 ἀλλά
2999 2402 3062 2455 τὸ
3095 2403 3322 2474 ποιῆσαι
3350 2406 3485 2475 ἡμῖν
3516 2405 3727 2477 δοχεῖον

2020 2485 2116 2539 τοῦ
2152 2487 2393 2557 Χριστοῦ
2439 2489 2540 2558 τὴν
2592 2489 2806 2542 οἰκίαν·
2839 2491 3260 2564 περιτρέχωμεν
3299 2493 3607 2564 πανταχοῦ,
3641 2495 3727 2548 ἔλ-

2020 2588 2231 2643 κωμεν,
2265 2573 2606 2646 ἀρπάζωμεν
2636 2576 2738 2646 τὴν
2779 2575 2957 2648 θήραν
2976 2594 2990 2607 ·
3021 2577 3248 2650 μείζονα
3276 2580 3726 2652 εύεργετούμεθα

2020 2659 2054 2729 ἢ
2103 2659 2524 2732 εὐεργετοῦμεν.
2562 2663 2639 2715 Ού
2675 2662 2887 2717 κελεύω
2921 2664 3235 2720 καταθῦσαι
3274 2668 3512 2739 μόσχον·
3559 2668 3726 2740 ἄρτον

2019 2746 2107 2812 δὸς
2148 2747 2427 2813 πεινῶντι,
2461 2749 2677 2821 ἰμάτιον
2710 2750 2926 2822 γυμνῷ,
2964 2752 3179 2824 σκέπην
3214 2753 3293 2825 τῷ
3328 2753 3484 2826 ξένῳ.
3526 2757 3645 2809 Ἰνα
3665 2757 3724 2810 δὲ

2022 2838 2099 2909 μὴ
2149 2837 2325 2892 ταῦτα
2383 2840 2742 2914 προφασίζῃ,
2795 2841 2987 2895 Ἔστιν
3031 2843 3242 2915 οἴκημα
3292 2845 3473 2898 κοινὸν
3512 2845 3577 2898 τὸ
3624 2845 3726 2916 τῆς

2032 2926 2366 2997 Ἐκκλησίας
2387 2945 2400 2959 ·
2443 2929 2565 2982 ἐκεῖ
2597 2929 2899 2996 κατάϐαλε,
2935 2930 3032 2985 καὶ
3065 2932 3130 2985 σὺ
3162 2931 3442 2996 ὑπεδέξω·
3471 2934 3596 2986 ἐπεὶ
3629 2935 3725 2987 καὶ

2017 3015 2127 3068 τῶν
2157 3015 2245 3070 διὰ
2278 3014 2389 3071 τῶν
2412 3017 2645 3071 οἰκετῶν
2674 3019 2980 3090 γινομένων
3009 3020 3214 3096 ἐκεῖνος
3240 3015 3354 3089 εἶχε
3378 3019 3472 3073 τὸν
3507 3021 3722 3092 μισθόν.

2019 3101 2208 3167 Οὕτως
2234 3100 2374 3176 ἦσαν
2399 3105 2832 3177 πεπαιδευμένοι
2849 3107 2945 3161 καὶ
2966 3107 3018 3160 οἰ
3047 3107 3240 3172 παῖδες
3268 3107 3435 3160 αὑτοῦ
3458 3127 3471 3139 ·
3498 3109 3727 3181 ἔτρεχον

2017 3190 2114 3244 καὶ
2139 3192 2240 3244 οὐκ
2273 3192 2573 3261 ἐγόγγυζον
2601 3192 2857 3266 καθάπερ
2888 3194 2937 3247 οἰ
2976 3192 3243 3265 ἡμέτεροι
3275 3210 3289 3226 ·
3323 3195 3580 3261 εὐλαΰεῖς
3612 3197 3725 3271 γὰρ

2016 3278 2218 3343 αὐτοὺς
2238 3275 2305 3352 ἦν
2336 3281 2679 3352 πεποιηκώς.
2707 3281 2806 3347 Εἰς
2834 3281 3076 3356 πόλεμον
3101 3276 3280 3353 εἷλκε,
3314 3286 3413 3340 καὶ
3439 3288 3541 3341 οὐκ
3569 3289 3726 3358 ἐγόγ-

2017 3366 2214 3436 γυζον·
2264 3368 2442 3432 οὕτως
2498 3366 2642 3441 ἦσαν
2693 3371 3001 3442 φιλόσοφοι.
3059 3373 3292 3427 Πάντων
3345 3375 3457 3447 γὰρ
3522 3378 3726 3447 ὁμοίως

2018 3454 2339 3525 ἐπεμελεῖτο
2356 3454 2547 3529 ὥσπερ
2571 3457 2770 3511 ἑαυτοῦ
2789 3473 2802 3486 ·
2840 3459 3130 3530 μονονουχὶ
3153 3459 3266 3532 7&9
3293 3461 3442 3516 κατά
3472 3461 3565 3517 τὸν
3601 3464 3726 3518 Ἰὼδ

2017 3538 2227 3608 ἔλεγεν,
2262 3541 2344 3593 ὃτι
2382 3541 2632 3611 Ὁμοίως
2660 3543 3059 3615 ὲπλάσθημεν
3089 3546 3160 3601 ἐν
3187 3546 3265 3616 τῇ
3288 3546 3448 3616 αὐτῇ
3482 3552 3722 3620 γαστρί.

2089 3627 2282 3682 Τοίνυν
2322 3631 2416 3682 καὶ
2443 3633 2609 3702 ήμεῖς
2633 3633 3015 3704 φροντίζωμεν
3040 3634 3255 3688 ἑαυτῶν
3285 3636 3386 3706 τῆς
3415 3638 3721 3710 σωτηρίας,

2016 3717 2112 3770 καὶ
2140 3717 2344 3790 πολλὴν
2370 3718 2660 3790 ποιώμεθα
2685 3720 2796 3775 τῶν
2819 3721 3051 3779 οἰκετῶν
3076 3722 3175 3795 τὴν
3201 3724 3548 3794 ἐπιμέλειαν,
3573 3728 3724 3793 ὅπως

2016 3802 2230 3860 ἔσονται
2255 3807 2486 3877 χρηστοί
2512 3809 2606 3861 καὶ
2627 3809 2910 3880 ἐπιμελεῖς
2937 3821 2959 3850 ε
2987 3827 3001 3841 ·
3035 3811 3131 3865 καὶ
3157 3811 3300 3866 ἔστω
3328 3813 3422 3867 καὶ
3444 3815 3473 3866 6
3501 3815 3722 3886 οἰκέτης

2016 3894 2175 3964 ήμῶν
2205 3894 2647 3966 πεπαιδευμένος
2689 3897 2757 3951 τὰ
2787 3897 2884 3951 τοῦ
2920 3898 3078 3953 Θεοῦ.
3126 3900 3244 3955 Οὐκ
3281 3899 3437 3955 ἔσται
3461 3903 3723 3968 δύσκολος

2013 3983 2147 4052 ἡμῖν
2187 3982 2219 4052 ἡ
2263 3981 2435 4054 ἀρετὴ
2476 3981 2684 4048 λοιπὸν,
2716 3983 2812 4040 έάν
2858 3985 3104 4051 ἐκείνους
3136 3987 3525 4060 ρυθμίσωμεν.
3564 3991 3721 4045 Καθ-

2015 4069 2160 4140 άπερ
2184 4071 2242 4122 ὲν
2277 4069 2500 4143 πολέμῳ
2536 4072 2893 4143 στρατιωτῶν
2919 4073 3095 4128 ὄντων
3119 4074 3430 4142 εὐτάκτων,
3460 4079 3489 4130 6
3520 4094 3722 4149 στρατ-

2015 4156 2147 4227 ηγὸς
2180 4157 2381 4229 ῥᾳδίως
2432 4158 2682 4230 πολεμεῖ,
2727 4161 3042 4215 τούναντίον
3089 4162 3147 4216 δὲ
3193 4163 3431 4233 γίνεται,
3467 4166 3601 4221 ὅταν
3645 4167 3720 4238 μὴ

2019 4243 2179 4297 τοῦτο
2314 4247 2410 4299 καὶ
2441 4247 2658 4302 ναυτῶν
2684 4248 2743 4302 δὲ
2780 4250 3178 4320 ὁμονοούντων,
3202 4251 3232 4305 6
3257 4252 3604 4327 κυϐερνήτης
3627 4257 3718 4308 εύ-

2020 4332 2192 4396 κόλως
2223 4335 2350 4397 τοὺς
2382 4335 2578 4399 οἴακας
2629 4338 3101 4409 μεταχειρίζεται·
3137 4338 3285 4392 οὕτω
3314 4342 3409 4395 καὶ
3449 4342 3713 4410 ἐνταῦθα,

2017 4419 2112 4472 ἐὰν
2143 4420 2319 4484 οῦτως
2345 4415 2447 4476 ὦσι
2480 4424 2911 4495 πεπαιδευμένοι
2958 4427 3009 4480 οἰ
3040 4426 3276 4492 οἰκέται,
3329 4430 3390 4484 ού
3440 4431 3719 4502 παροξυν-

2017 4507 2159 4582 θήσῃ
2210 4509 2429 4581 ῥᾳδίως,
2484 4512 2586 4565 οὐκ
2647 4513 2999 4582 ὲγκαλέσεις,
3077 4516 3180 4570 οὐκ
3246 4517 3580 4591 όργισθήσῃ,
3654 4522 3716 4576 ού

2015 4596 2373 4678 λοιδορήσεις.
2420 4600 2611 4654 Ἔστιν
2650 4601 2786 4654 ὅπου
2821 4603 2917 4655 καὶ
2948 4605 3269 4678 ἐντραπήσῃ
3302 4607 3430 4670 τοὺς
3471 4610 3714 4676 οἰκέτας,

2015 4685 2111 4738 ὲάν
2135 4677 2238 4739 ὦσι
2261 4685 2587 4759 θαυμαστοὶ,
2619 4689 2715 4742 καὶ
2747 4677 3368 4763 συναντιλήψονταίίσοι,
3397 4695 3493 4748 καὶ
3521 4713 3718 4768 παραι-

2014 4773 2229 4827 νέσουσι
2257 4773 2328 4828 τὰ
2355 4776 2588 4846 χρηστά.
2627 4777 2764 4832 Ἀπὸ
2782 4778 2839 4831 δὲ
2864 4779 3074 4836 τούτων
3101 4781 3322 4837 πάντων
3356 4782 3537 4837 πάντα
3559 4784 3715 4840 ἔσται

2013 4862 2082 4916 τὰ
2109 4862 2190 4934 τῷ
2223 4861 2344 4934 Θεῷ
2383 4864 2668 4932 δοκοῦντα,
2710 4868 2803 4920 καὶ
2842 4868 2988 4923 οὕτω
3029 4873 3180 4924 πᾶσα
3217 4874 3249 4942 ἡ
3287 4872 3437 4926 οἰκία
3463 4872 3715 4943 εὐλογίας

2016 4950 2461 5022 πληρωθήσεται,
2499 4955 2594 5007 καὶ
2632 4955 2703 5008 τά
2753 4955 2833 5026 τῷ
2865 4957 2986 5028 Θεῷ
3030 4959 3336 5032 ἀρέσκοντα
3380 4960 3716 5034 διαπραττό-

2017 5055 2190 5109 μενοι,
2226 5039 2431 5111 πολλῆς
2470 5044 2860 5116 ἀπολαύσομεν
2891 5049 2994 5117 τῆς
3034 5041 3244 5101 ἀνωθεν
3274 5049 3622 5119 συμμαχίας,
3646 5045 3715 5123 ἦς

2011 5127 2222 5196 γένοιτο
2283 5129 2495 5195 πάντας
2547 5133 2697 5204 ἡμᾶς
2744 5136 3056 5206 ἐπιτυχεῖν,
3121 5137 3309 5208 χάριτι
3366 5138 3465 5191 καὶ
3523 5139 3715 5209 φιλαν-

2012 5215 2232 5287 θρωπίᾳ
2263 5215 2356 5270 τοῦ
2389 5217 2599 5289 Κυρίου
2635 5220 2794 5292 ἡμῶν
2833 5222 3012 5293 Ἰησοῦ
3060 5223 3327 5295 Χριστοῦ,
3377 5225 3497 5296 μεθ’
3540 5221 3602 5280 οὗ
3632 5227 3714 5298 τῷ

2011 5303 2191 5373 Πατρὶ
2221 5303 2340 5374 ἅμα
2370 5305 2449 5375 τῷ
2484 5307 2628 5378 ἀγίῳ
2665 5309 2942 5381 Πνεύματι
2985 5311 3136 5378 δόξα,
3167 5313 3393 5382 κράτος,
3424 5313 3582 5386 τιμὴ,
3614 5314 3708 5370 νῦν

2007 5392 2107 5446 καί
2133 5394 2243 5458 ἀεὶ,
2278 5396 2374 5450 καὶ
2397 5399 2477 5461 εἰς
2500 5400 2628 5464 τοὺς
2662 5400 2867 5465 αἰῶνας
2898 5402 3008 5456 τῶν
3032 5404 3267 5460 αἰώνων.
3305 5405 3504 5477 ’Δμήν.

2076 5501 2098 5529 ο
2131 5501 2228 5550 Καὶ
2254 5500 2490 5563 ἐπιμελεῖς
2513 5503 2661 5556 deest
2687 5509 2738 5556 In
2773 5507 3086 5570 quibusdam.
