4072 6446
199 363 290 419 521

201 472 754 504 ,μρ--ο

189 669 314 728 Cu.
375 668 470 723 2i.
511 681 566 720 ν.
611 663 701 718 18.
749 657 993 728 Sequenti
1020 658 1192 709 autem
1234 652 1319 707 die
1368 649 1613 704 introibat
1643 645 1786 700 Pau-

257 764 337 816 lus
367 758 654 814 -nobiscum
682 754 751 806 ad
774 750 1057 813 Iacobum,
1087 759 1357 814 omnesque
1386 740 1664 811 presbyteri
1691 737 1786 791 ad-

252 861 420 906 erant.
447 847 535 903 l9.
558 846 700 914 Quos
726 859 840 896 eum
861 841 1150 904 salutasset,
1176 834 1416 889 narrabat
1444 848 1533 901 per
1555 826 1783 899 singula,

253 957 369 1009 quc
399 939 538 994 Deus
561 940 759 1008 fecisset
781 934 833 986 in
854 930 1086 1004 gentibus
1113 943 1203 998 per
1227 924 1569 979 ministerium
1598 920 1784 990 ipsius.

258 1036 308 1090 ι.
352 1031 452 1087 Hic
491 1029 659 1084 frater
695 1033 812 1082 erat
854 1020 1062 1078 Domini
1090 1027 1145 1073 et
1171 1016 1458 1086 episcopus
1497 1011 1778 1082 Jerusoly-

186 1138 429 1187 morum,
459 1119 542 1174 vir
571 1129 796 1186 magnus
817 1123 872 1168 et
891 1109 1174 1167 mirabilis.
1204 1104 1288 1161 Ad
1315 1104 1462 1160 hunc
1488 1100 1787 1172 ingreditur

186 1215 401 1277 Paulus,
430 1214 568 1266 sicut
595 1217 648 1262 et
673 1218 800 1260 ante
819 1203 980 1260 etiam
1009 1199 1075 1255 ad
1099 1200 1252 1254 illum
1277 1196 1508 1251 mittitur
1533 1211 1547 1247 :
1572 1203 1626 1248 et
1651 1205 1787 1262 quo-

184 1307 382 1368 modo,
425 1301 572 1357 andi.
617 1297 861 1366 Sequenti
904 1303 1070 1348 autem
1115 1291 1237 1354 die,
1287 1288 1501 1359 inquit,
1546 1282 1786 1339 introibat

191 1400 394 1452 Paulus
425 1395 688 1448 nobiscum
717 1390 786 1444 ad
807 1387 1078 1443 Iacobum.
1123 1382 1253 1438 Vide
1283 1396 1442 1453 quam
1477 1379 1548 1432 sit
1576 1393 1605 1430 a
1649 1377 1782 1430 lastu

180 1491 412 1545 alienus.
457 1485 745 1553 Omnesque
776 1477 1051 1549 presbyteri
1080 1476 1319 1529 aderant.
1368 1471 1509 1540 Quos
1553 1485 1667 1522 cum
1696 1483 1781 1520 sa-

182 1580 416 1642 lutasset,
464 1575 704 1630 narrabat
762 1587 854 1642 per
893 1568 1129 1639 singula,
1159 1580 1273 1636 qua!
1318 1567 1504 1634 fecerat
1547 1559 1684 1614 Deus
1731 1558 1784 1612 in

179 1669 419 1743 gentibus
459 1683 552 1736 per
589 1662 929 1718 ministerium
971 1658 1152 1728 ipsius.
1196 1656 1394 1710 lterum
1438 1652 1543 1707 illis
1569 1664 1692 1720 quas
1718 1647 1784 1703 ad

179 1741 372 1832 gentes
398 1755 714 1829 spectabant
739 1759 957 1820 enarrat
979 1791 995 1816 ,
1029 1764 1138 1804 non
1166 1763 1318 1801 vana:
1348 1745 1534 1815 gloria:
1561 1741 1742 1797 studio
1765 1781 1784 1808 ,

180 1852 356 1915 absit;
391 1848 489 1906 sed
533 1857 595 1902 ut
635 1845 729 1901 Dei
759 1842 1100 1900 clementiam
1129 1837 1482 1903 ostenderet,
1523 1843 1582 1889 et
1617 1832 1785 1888 multa

180 1943 326 2012 ipsos
354 1939 612 2010 impleret
643 1934 848 1992 ltetitia.
892 1931 1027 1987 Vide
1051 1944 1184 2002 ergo
1205 1926 1484 2000 quomodo
1499 1924 1788 1981 audientes

183 2039 350 2093 Deum
383 2033 771 2107 glorificarent.
810 2027 927 2084 Non
955 2025 1108 2080 illum
1133 2029 1448 2079 extulerunt
1487 2020 1574 2074 vel
1602 2017 1784 2073 mirati

179 2138 302 2183 sunt
323 2171 340 2196 ,
373 2127 474 2183 sed
506 2124 668 2178 Deum
693 2119 1048 2194 glorificabant
1074 2133 1092 2170 :
1126 2117 1197 2169 ita
1227 2127 1370 2169 emm
1404 2111 1700 2173 narrabat,
1729 2116 1787 2162 ut

181 2223 254 2276 illi
283 2237 400 2276 rem
425 2219 781 2272 adscriberet.
813 2213 903 2268 20.
937 2211 1002 2265 At
1030 2209 1109 2264 illi
1130 2224 1245 2262 cum
1272 2206 1554 2269 audissent,
1584 2201 1785 2274 magni-

183 2314 408 2378 ficabant
425 2309 614 2372 Deum,
639 2307 978 2371 dixeruntque
999 2302 1044 2355 ei
1069 2317 1087 2354 :
1117 2298 1293 2363 Vides,
1317 2298 1503 2366 frater,
1529 2302 1651 2363 quot
1671 2300 1787 2346 sunt

181 2403 340 2455 millia
373 2403 428 2454 in
455 2399 676 2459 Judteis,
708 2397 799 2466 qui
825 2393 1187 2454 crediderunt;
1231 2400 1278 2444 et
1309 2405 1483 2442 ontnes
1510 2386 1784 2441 tumulata-

180 2512 256 2547 res
268 2503 390 2546 sunt
417 2492 562 2562 legis.
594 2488 880 2543 Audierunt
907 2494 1071 2538 autem
1095 2482 1158 2536 de
1183 2491 1250 2546 te,
1280 2481 1402 2551 quia
1425 2478 1784 2533 discessionem

179 2587 360 2639 doceas
388 2602 421 2638 a
452 2582 636 2652 Moyse
663 2597 771 2646 eos,
802 2580 887 2646 qui
915 2580 1046 2630 inter
1075 2584 1248 2646 gentes
1272 2583 1391 2627 sunt
1416 2612 1431 2634 ,
1473 2585 1648 2624 omnes
1686 2567 1788 2622 Ju-

179 2678 314 2731 deos
335 2717 351 2738 ,
395 2675 572 2728 dicens
598 2688 684 2727 eos
713 2688 816 2725 non
847 2669 1024 2722 debere
1049 2666 1412 2720 circumcidere
1444 2665 1581 2734 ﬁlios
1623 2679 1744 2718 suos
1767 2701 1784 2725 ,

179 2783 337 2839 neque
365 2767 449 2819 his
475 2760 927 2818 consuetudinibus
957 2758 1214 2813 incedere.
1257 2755 1394 2811 Vide
1433 2770 1556 2810 cum
1586 2763 1786 2824 quanta

183 2869 233 2914 et
265 2858 326 2912 ‘lli
356 2855 626 2911 modestia
657 2854 966 2924 loquantur.
1009 2849 1126 2904 Non
1160 2850 1312 2921 quasi
1342 2849 1630 2918 cpiscopus
1660 2862 1784 2901 cum

179 2950 508 3006 auctoritate
541 2947 804 3016 loquitur,
834 2943 928 2998 sed
958 2943 1106 2997 illum
1139 2943 1191 2995 in
1220 2941 1430 2995 consilii
1460 2941 1667 2994 socium
1695 2954 1786 2992 as-

181 3051 419 3104 sumunt;
445 3054 512 3094 ac
537 3039 581 3093 si
607 3038 788 3093 statim
817 3045 870 3090 et
895 3035 963 3090 ab
993 3036 1147 3089 initio
1177 3033 1441 3088 rationem
1473 3031 1784 3093 redderent,

181 3134 531 3202 dicerentque
559 3147 574 3183 :
606 3127 724 3184 Non
754 3128 1030 3182 vellemus.
1063 3126 1227 3180 Vides
1261 3126 1336 3180 rei
1367 3122 1787 3179 necessitatem?

195 3222 366 3286 Vides,
385 3223 659 3291 inquiunt,
677 3226 799 3289 quot
825 3218 927 3272 sint
955 3217 1118 3271 millia
1147 3218 1199 3269 in
1223 3215 1422 3269 Judwis
1447 3216 1532 3285 qui
1559 3215 1789 3269 credide-

183 3316 330 3368 runt!
349 3313 470 3369 Nec
483 3312 692 3369 dicunt.
716 3309 857 3378 Quot
878 3309 1042 3364 millia
1067 3308 1476 3371 institueritnus,
1502 3305 1598 3362 sed
1627 3307 1781 3361 Sunt.

185 3405 251 3460 Et
277 3406 331 3459 hi
357 3443 377 3469 ,
430 3404 678 3473 inquiunt
701 3442 717 3468 ,
745 3417 921 3456 omnes
947 3399 1267 3454 cmulatores
1296 3407 1413 3452 sunt
1462 3397 1609 3469 legis.
1658 3398 1786 3452 Dine

181 3511 360 3552 causa
381 3503 532 3559 sunt,
560 3501 617 3549 et
638 3490 921 3546 multitudo
944 3499 999 3544 et
1025 3490 1380 3558 propositum.
1411 3488 1596 3558 Neque
1617 3488 1786 3554 enini,

182 3589 226 3642 si
256 3586 414 3657 pauci
441 3584 692 3647 fuissent,
723 3579 1102 3638 contemnendi
1132 3591 1308 3639 erant;
1337 3595 1510 3650 neque
1539 3580 1583 3633 si
1608 3580 1785 3646 multi,

183 3687 238 3734 et
258 3692 368 3732 non
397 3689 591 3730 omnes
626 3673 799 3744 legem
826 3671 1214 3737 retinuissent,
1244 3685 1567 3741 magimpere
1595 3685 1793 3725 cum"-

184 3768 312 3823 dum
339 3775 480 3824 erat.
524 3764 746 3821 Accedit
773 3772 828 3819 et
857 3763 1013 3818 tertia
1043 3776 1203 3817 causa
1254 3780 1267 3815 :
1325 3780 1343 3813 ι
1396 3762 1460 3816 Et
1503 3763 1555 3816 lii
1599 3777 1791 3818 omnes

185 3859 363 3915 edocti
390 3866 526 3912 sunt
549 3856 620 3912 de
647 3866 702 3911 te
727 3896 743 3922 ,
772 3853 981 3924 inquit,
1009 3852 1152 3923 quod
1169 3851 1564 3907 discessionem
1595 3853 1792 3909 doceas

187 3970 216 4008 a
246 3954 435 4026 Moyse
463 3965 561 4005 eos
587 3962 812 4014 omnes,
840 3945 932 4017 qui
960 3947 1100 4000 inter
1127 3954 1317 4016 gentes
1343 3956 1501 4008 sunt,
1529 3944 1748 4002 Judzeos
1773 3986 1790 4013 ,

187 4044 376 4101 dicens
407 4057 518 4096 non
543 4039 742 4096 debere
766 4052 861 4093 eos
887 4036 1275 4093 circumcidere
1302 4037 1437 4092 ﬁlios
1462 4051 1592 4093 suos
1618 4054 1794 4108 neque

190 4137 240 4192 in
273 4129 763 4190 consuetudinibus
785 4128 892 4184 illis
917 4127 1186 4184 incedere.
1229 4145 1248 4179 ι
1280 4127 1394 4183 Νοιι
1422 4128 1606 4183 dicunt
1633 4169 1648 4192 ,
1684 4131 1794 4183 Au-

187 4231 430 4293 dierant;
457 4225 577 4290 sed,
601 4222 788 4278 Edocti
811 4231 950 4288 sunt,
977 4220 1029 4275 id
1054 4228 1167 4286 est,
1197 4219 1424 4274 instituti
1449 4229 1575 4276 sunt
1598 4231 1650 4276 et
1677 4235 1797 4276 cre-

189 4322 447 4377 diderunt
471 4360 488 4385 ,
533 4317 672 4388 quod
695 4315 1055 4368 discessionem
1078 4329 1111 4366 a
1138 4312 1318 4384 Moyse
1361 4312 1563 4379 doceas,
1621 4314 1795 4369 dicens

192 4431 290 4468 non
316 4411 503 4466 debere
545 4424 631 4463 eos
655 4405 1018 4461 circumcidere
1059 4406 1196 4475 ﬁlios
1217 4421 1357 4469 suos,
1402 4423 1561 4476 neque
1588 4409 1644 4461 in
1672 4424 1797 4462 con-

192 4502 550 4560 suetudinibus
567 4499 670 4554 illis
686 4498 938 4553 incedere.
962 4497 1091 4553 Post
1115 4497 1230 4553 Itazc
1254 4498 1523 4554 subdidit:
1543 4499 1632 4553 22.
1657 4499 1795 4566 Quid

191 4613 312 4670 ergo
331 4605 410 4650 est
433 4594 461 4649 .’
512 4591 697 4660 Utique
725 4599 922 4659 oportet
946 4591 1214 4644 convenire
1252 4590 1629 4646 multitudinem
1659 4609 1677 4646 :
1702 4611 1800 4648 au-

195 4692 332 4746 dient
359 4688 497 4742 enim
527 4695 574 4739 te
597 4685 807 4739 uenisse.
842 4682 936 4736 25.
967 4680 1082 4736 Hoc
1107 4699 1226 4754 ergo
1256 4687 1360 4754 fac,
1391 4685 1529 4754 quod
1553 4686 1642 4738 tibi
1667 4686 1797 4740 dici-

199 4800 328 4837 usus.
371 4779 542 4849 Quasi
569 4776 855 4831 consilium
881 4774 1073 4830 dantes
1113 4782 1216 4830 hoc
1251 4775 1470 4842 dicunt,
1506 4793 1614 4832 non
1644 4780 1795 4848 quasi

198 4878 550 4947 imperantes.
599 4889 620 4922 ι
651 4869 788 4926 Sunt
811 4868 967 4924 nobis
993 4869 1093 4924 viri
1119 4878 1354 4939 quatuor
1377 4879 1562 4924 votum
1593 4870 1799 4926 haben-

199 4976 279 5022 tes
303 4979 472 5036 super
491 4978 571 5019 se.
593 4961 685 5017 24.
715 4960 808 5015 llis
826 4961 1117 5030 assumptis
1138 4960 1412 5016 sanctillca
1441 4969 1494 5017 te
1516 4977 1638 5016 cum
1666 4963 1794 5030 illis,

199 5066 252 5112 et
280 5052 537 5125 impende
567 5053 619 5106 in
648 5050 753 5104 illis
779 5091 794 5115 ,
826 5060 884 5104 ut
914 5051 1104 5105 radant
1128 5052 1303 5128 capita
1331 5094 1348 5119 ,
1390 5061 1444 5106 et
1479 5052 1655 5108 sciant
1675 5068 1796 5107 om-

201 5165 294 5205 nes
317 5188 333 5212 ,
377 5147 504 5219 quia
539 5159 658 5216 quze
685 5143 752 5198 de
783 5153 835 5198 te
862 5142 1151 5198 audierunt
1181 5131 1314 5198 falsa
1353 5155 1478 5199 sunt
1503 5187 1518 5211 ,
1564 5147 1656 5200 sed
1685 5163 1813 5216 am-_

202 5242 354 5297 bulas
382 5251 439 5296 et
465 5240 581 5309 ipso
608 5236 919 5292 custodiens
946 5236 1143 5307 legem.
1177 5255 1196 5289 ι
1240 5235 1547 5293 Consulunt
1572 5248 1628 5293 ut
1656 5255 1715 5294 re
1745 5250 1802 5295 et

201 5345 385 5403 opere,
418 5345 527 5384 non
556 5342 810 5383 sermone
837 5325 1212 5383 defensionem
1244 5337 1417 5398 paret.
1464 5327 1533 5384 Ut
1584 5331 1794 5397 rodant,

203 5422 372 5492 inquit
391 5462 408 5485 ,
439 5428 487 5474 et
515 5420 680 5472 sciant
710 5434 883 5472 omnes
907 5458 923 5483 ,
954 5417 1074 5488 quia
1102 5434 1218 5484 qua:
1245 5419 1408 5472 edocti
1440 5430 1558 5473 sunt
1614 5421 1678 5474 de
1706 5431 1755 5475 te
1779 5461 1794 5486 ,

205 5514 335 5585 falsa
363 5520 503 5568 sunt.
544 5509 665 5566 Non
693 5509 979 5578 dixerunt,
1012 5511 1093 5565 Tu
1123 5510 1287 5566 doces
1313 5553 1326 5576 ,
1358 5513 1456 5568 sed
1488 5514 1795 5580 Audierant,

203 5622 414 5663 mnum
444 5605 550 5662 hoc
579 5605 748 5659 verbo
778 5603 1090 5674 signiﬁcans
1113 5646 1125 5667 ,
1157 5603 1334 5659 cdocti
1380 5615 1507 5660 sunt
1532 5648 1547 5672 ,
1575 5616 1630 5661 et
1656 5608 1798 5677 quod

203 5699 461 5766 Ambulas,
490 5698 544 5754 id
571 5705 686 5759 est,
721 5712 785 5751 ex
815 5696 1102 5750 abundanti
1133 5697 1245 5767 ipse
1274 5713 1481 5754 serves.
1511 5698 1627 5754 Non
1653 5701 1798 5757 enim

208 5791 308 5848 hoc
335 5793 510 5848 solum
543 5791 890 5861 quarrebatur
915 5834 927 5854 ,
959 5805 1024 5843 an
1053 5791 1188 5848 alios
1219 5791 1442 5847 doceret
1470 5836 1485 5859 ,
1518 5792 1610 5846 sed
1638 5793 1797 5847 etiam

1144 344 1213 402 IN
1255 341 1430 399 ACTA
1472 331 2000 395 Αῐιοδτοιοηωί.
2045 332 2275 390 llO.\llL.
2317 330 2504 390 XLVI.

1349 463 1876 562 "—110M1L1A
1918 494 2145 556 XLVI.

3398 333 3506 392 322

3227 451 3488 469 α-ι-

1891 658 1962 698 an
1994 643 2109 713 ipse
2151 649 2414 698 servaret.
2455 637 2598 707 Quid
2644 653 2813 710 ergo,
2857 639 2902 694 si
2942 647 3135 710 gentes
3163 627 3493 703 didicerint,

1895 734 2103 804 inquit,
2137 747 2318 787 annon
2349 729 2732 786 oﬂeudcutur?
2760 728 2942 798 Quare
2965 770 2982 796 ,
3014 744 3138 784 cum
3197 745 3296 785 nos
3325 728 3502 784 Judtei

1893 824 2144 880 doctores
2173 821 2322 878 illum
2345 821 2412 876 ad
2440 829 2631 893 gentes
2648 819 3010 876 miserimus?
3038 819 3129 876 25.
3161 839 3181 872 s
3215 821 3290 876 De
3318 821 3384 876 iis
3408 835 3506 875 au-

1895 923 2003 970 tem
2023 954 2040 980 ,
2072 915 2160 984 qui
2187 911 2536 970 crediderunt
2563 927 2630 966 ex
2661 912 2911 982 gentibus
2933 953 2947 974 ,
2988 926 3086 966 nos
3129 911 3454 980 scripsimus
3476 953 3493 978 ,

1893 1009 2249 1066 decernentes
2278 1025 2347 1065 ne
2372 1009 2500 1079 quid
2525 1007 2832 1079 hujusmodi
2859 1009 3152 1066 observent
3170 1051 3186 1076 ,
3215 1010 3312 1065 sed
3333 1010 3503 1065 absti-

1894 1111 2058 1157 neant
2085 1102 2154 1156 ab
2183 1101 2248 1157 iis
2273 1141 2288 1167 ,
2321 1117 2441 1172 quae
2475 1101 2752 1156 immolata
2783 1109 2912 1156 sunt
2944 1102 3104 1158 idolis
3129 1143 3146 1170 ,
3179 1117 3209 1156 a
3239 1103 3504 1173 sanguine

1894 1202 1947 1248 et
1972 1191 2239 1249 sull'oeato
2260 1203 2315 1248 et
2345 1192 2728 1248 fornicatione.
2763 1212 2784 1245 ι
2815 1191 2915 1248 Hic
2937 1195 3212 1250 monendo
3240 1196 3499 1266 loquitur:

1893 1285 2010 1340 vult
2048 1297 2229 1340 autem
2271 1285 2456 1341 dicere
2479 1326 2495 1350 ,
2528 1284 2597 1341 Ut
2642 1299 2742 1341 nos
2788 1286 2919 1356 ipsis
2962 1287 3324 1357 praecepimus
3348 1329 3364 1354 ,
3395 1290 3501 1345 etsi

1892 1380 2092 1434 .lutluzis
2120 1381 2473 1452 praedicantes
2506 1398 2518 1432 :
2547 1379 2627 1434 sic
2656 1389 2712 1434 et
2739 1386 2796 1434 tu
2818 1419 2832 1443 ,
2866 1379 2968 1434 etsi
2995 1380 3251 1449 gentibus
3298 1381 3497 1451 pra-di-

1901 1488 2033 1539 ces,
2083 1488 2382 1543 cooperare
2425 1472 2728 1526 nobiscum.
2772 1471 3010 1526 Observa
3060 1471 3284 1527 Paulum
3329 1491 3341 1526 :
3392 1481 3501 1528 non

1893 1564 2059 1630 dicit,
2100 1563 2326 1618 Possum
2368 1563 2552 1633 utique
2593 1561 2940 1619 Timotheum
2987 1561 3300 1631 adducere,
3334 1579 3499 1634 quem

1893 1654 2204 1710 circumcidi
2229 1697 2245 1720 ,
2275 1670 2331 1710 et
2358 1669 2574 1724 possum
2603 1653 2706 1710 hoc
2730 1668 2986 1710 sermone
3008 1653 3373 1724 persuadere;
3401 1655 3497 1715 sed

1893 1747 2287 1816 obtemperavit
2313 1746 2424 1809 eis,
2457 1755 2514 1802 et
2550 1746 2730 1801 omnia
2778 1745 2902 1801 fecit
2934 1764 2948 1801 :
2977 1748 3178 1802 etenim
3209 1748 3288 1804 sic
3329 1763 3496 1818 expe-

1893 1836 2096 1894 diebat.
2121 1837 2236 1893 Non
2256 1839 2402 1894 enim
2433 1838 2574 1893 idem
2603 1846 2722 1894 erat
2743 1839 3007 1894 rationem
3031 1839 3215 1894 verbis
3241 1840 3492 1909 reddere,

1892 1937 1948 1985 et
1977 1929 2192 1986 nemine
2229 1931 2448 1986 conscio
2481 1931 2584 1986 hoc
2627 1929 2824 1985 facere.
2865 1928 3192 2000 Suspicione
3234 1932 3500 1999 carebat,

1893 2020 2036 2092 quod
2065 2022 2226 2076 etiam
2257 2021 2614 2091 impenderet.
2661 2021 2754 2077 26.
2809 2020 2953 2076 Tunc
2979 2020 3185 2076 Paulus
3223 2027 3503 2094 assumptis

1892 2111 2035 2176 ciris,
2071 2121 2273 2181 postera
2299 2113 2382 2166 die
2411 2113 2714 2182 purificatus
2741 2127 2857 2166 cum
2888 2111 2992 2167 illis
3011 2154 3028 2179 ,
3057 2113 3264 2168 intrauit
3291 2115 3344 2168 in
3372 2126 3501 2180 tem-

1895 2206 2037 2278 plum
2062 2249 2076 2268 ,
2107 2206 2418 2259 annuntians
2458 2203 2797 2274 expletionem
2834 2205 3030 2258 dierum
3081 2207 3461 2276 purificationis
3483 2248 3499 2272 ,

1894 2298 2054 2352 donec
2079 2295 2349 2363 offerretur
2369 2312 2463 2366 pro
2487 2312 2586 2349 uno
2612 2311 2813 2366 quoque
2837 2311 3014 2350 eorum
3037 2299 3250 2351 oblatio.
3284 2299 3502 2354 Annuu-

1894 2391 2055 2455 tians,
2101 2389 2204 2443 hoc
2229 2397 2346 2453 est,
2396 2387 2675 2442 declarans
2705 2407 2719 2446 :
2754 2389 2935 2459 itaque
2963 2390 3077 2459 ipso
3106 2402 3221 2446 erat
3254 2392 3343 2463 qui
3375 2407 3500 2449 sese

1895 2482 2240 2537 manifestum
2272 2481 2515 2537 faciebat.
2556 2481 2647 2536 27.
2687 2479 2817 2537 Cum
2842 2492 3008 2537 autem
3038 2494 3232 2555 septem
3263 2487 3370 2541 dies
3385 2489 3501 2558 jam

1893 2575 2143 2646 implendi
2169 2584 2358 2630 essent.

1964 2667 2020 2721 2.
2063 2666 2198 2721 Vide
2214 2664 2488 2735 quomodo
2521 2664 2862 2730 potissimum
2897 2667 2948 2720 in
2999 2666 3107 2722 illis
3137 2675 3402 2724 moratur.
3452 2669 3502 2724 li

1888 2760 1980 2830 qui
2005 2768 2150 2813 erant
2181 2775 2244 2812 ea:
2273 2758 2398 2811 Asia
2427 2756 2622 2822 Judaei,
2668 2773 2782 2810 cum
2806 2757 3049 2812 uidissent
3075 2777 3189 2814 eum
3213 2761 3266 2815 in
3287 2763 3498 2832 templo,

1895 2851 2272 2904 concitaverunt
2298 2857 2454 2902 totam
2487 2848 2706 2911 turbam,
2740 2858 2788 2902 et
2817 2849 3110 2919 injecerunt
3129 2851 3181 2905 in
3205 2853 3354 2908 illum
3385 2871 3502 2909 nta-

1894 2958 2011 3006 nus,
2043 2941 2325 2994 clamantes
2355 2939 2480 2996 :28.
2521 2938 2632 2994 Viri
2675 2938 2928 2995 Israelita
2947 2984 2961 3007 ,
3004 2943 3245 3014 adjuvate
3271 2961 3292 3001 :
3321 2947 3404 3000 hic
3429 2957 3505 3003 est

1896 3035 2078 3097 homo,
2111 3034 2198 3103 qui
2235 3033 2481 3087 adversus
2522 3033 2769 3104 pupulum
2811 3044 2858 3088 et
2904 3035 3066 3105 legem
3092 3045 3139 3090 et
3166 3037 3336 3091 locum
3367 3039 3505 3094 hunc

1896 3141 2069 3177 omnes
2117 3124 2308 3194 ubique
2346 3123 2563 3186 docens,
2608 3123 2820 3192 insuper
2861 3133 2908 3177 et
2951 3125 3165 3194 gentiles
3211 3128 3416 3182 induxit
3447 3131 3503 3185 in

1898 3214 2177 3283 templum,
2201 3223 2251 3267 et
2277 3212 2483 3284 violavit
2511 3222 2742 3266 sanctum
2771 3214 2935 3266 locum
2959 3216 3134 3268 istum.
3168 3217 3302 3273 Vide
3322 3235 3505 3275 mores

1894 3321 2085 3361 eorum
2112 3303 2309 3374 ubique
2338 3302 2702 3366 turbulentos,
2730 3303 2984 3373 ipsosque
3007 3307 3059 3359 in
3089 3307 3270 3362 medio
3297 3317 3505 3366 temere

1896 3396 2212 3451 clamantes.
2245 3394 2337 3450 29.
2377 3392 2622 3446 Viderant
2670 3393 2806 3446 enim
2835 3385 3174 3466 Tropltimum
3227 3398 3507 3470 Ephesium

1897 3487 1950 3541 in
1973 3488 2172 3540 civitate
2197 3503 2312 3540 cum
2356 3488 2499 3558 ipso,
2532 3504 2682 3557 quem
2725 3487 3103 3544 a’stimauerant
3140 3490 3358 3560 quodin
3390 3504 3508 3547 tem-

1900 3581 2041 3651 plum
2071 3581 2434 3637 introduxisset
2463 3582 2684 3641 Paulus.
2717 3585 2807 3642 30.
2841 3585 3207 3656 Commotaque
3234 3597 3307 3643 est
3333 3590 3510 3643 civitas

1900 3679 2007 3724 tota
2028 3711 2043 3737 ,
2068 3681 2115 3725 et
2140 3675 2280 3742 facta
2318 3683 2392 3726 est
2418 3676 2686 3730 concursio
2717 3676 2898 3748 populi
2930 3693 2948 3732 :
2976 3687 3024 3732 et
3065 3679 3510 3748 apprehendentes

1902 3761 2153 3828 Paulum,
2177 3764 2445 3819 trahebant
2474 3782 2592 3820 eum
2621 3777 2766 3821 extra
2791 3767 3037 3839 templum
3063 3785 3081 3823 :
3111 3779 3156 3823 et
3180 3771 3353 3824 statim
3373 3770 3513 3824 tlau-

1899 3871 1972 3910 ιω
1998 3866 2118 3910 sunt
2156 3857 2356 3926 ianua.
2411 3855 2521 3910 Viri
2563 3856 2854 3925 Israelita,
2898 3859 3182 3929 adiuuate,
3241 3861 3508 3930 inquiunt.

1904 3949 2007 4003 llic
2042 3959 2112 4002 est
2136 3948 2287 4002 homo
2312 3949 2399 4016 qui
2426 3949 2668 4003 adversus
2705 3950 2954 4020 populum
2987 3960 3032 4004 et
3056 3952 3218 4022 legent
3251 3957 3304 4006 et
3343 3953 3512 4008 locum

1901 4041 2074 4095 istum.
2108 4037 2240 4107 Qua:
2271 4039 2392 4095 illos
2425 4039 2660 4096 maxime
2681 4039 3003 4106 turbabant,
3040 4032 3303 4111 lemplum
3332 4052 3389 4098 et
3429 4045 3512 4100 le-

1902 4148 2022 4202 gem
2044 4175 2058 4197 ,
2094 4131 2211 4187 hmc
2238 4132 2530 4202 proferunt
2570 4133 2667 4188 illi.
2699 4132 2886 4202 Neque
2931 4133 3132 4189 Paulus
3155 4134 3274 4191 bree
3303 4138 3514 4206 patiens

1903 4226 1972 4281 de
2001 4226 2087 4282 his
2116 4226 2218 4280 etsi
2267 4226 2431 4280 tantis
2475 4225 2751 4295 apostolos
2779 4226 3089 4292 accusavit,
3122 4227 3263 4296 quod
3323 4228 3421 4298 ipsi
3457 4229 3511 4284 in

1904 4334 2064 4374 causa
2117 4317 2307 4372 horum
2353 4326 2580 4372 essent:
2632 4318 2770 4372 adeo
2813 4327 2932 4374 erat
2995 4320 3392 4388 magnanimus.
3447 4319 3514 4374 Et

1906 4412 2172 4466 trahebant
2197 4427 2308 4464 eum
2326 4451 2340 4475 ,
2373 4410 2548 4480 inquit
2571 4449 2588 4474 ,
2619 4421 2764 4463 extra
2791 4409 3036 4477 templum
3063 4407 3157 4465 :et
3187 4411 3376 4465 clauste
3395 4423 3514 4466 sunt

1905 4507 2098 4571 innate.
2130 4502 2397 4557 Volebaut
2440 4500 2583 4558 enim
2616 4502 2766 4555 illum
2814 4500 3155 4567 interficere;
3205 4501 3327 4556 ideo
3370 4502 3514 4558 funis

1907 4596 2056 4651 illum
2084 4593 2391 4658 trahebant,
2421 4601 2480 4647 ut
2506 4607 2626 4647 cum
2653 4593 2856 4661 majore
2884 4592 3096 4646 licentia
3125 4593 3227 4647 llOC
3254 4592 3512 4649 facerent.

1907 4689 1995 4745 51.
2027 4687 2380 4755 ραωτεηιὶὺιω
2428 4695 2596 4739 autem
2644 4685 2750 4739 illis
2782 4701 2895 4738 eum
2927 4685 3159 4740 occidere
3179 4727 3194 4753 ,
3225 4689 3516 4742 nuntiatum

1907 4789 1980 4834 est
1997 4779 2198 4833 tribuno
2216 4777 2461 4841 cohortis,
2484 4776 2620 4846 quod
2640 4786 2746 4830 tota
2767 4777 3169 4846 confunderetur
3182 4775 3474 4832 Jerusalem
3493 4795 3512 4834 :

1909 4873 1999 4928 52.
2033 4871 2134 4938 Qui
2162 4870 2331 4924 statim
2365 4869 2643 4939 assumptis
2671 4868 2916 4922 militibus
2946 4876 2991 4921 et
3018 4869 3398 4923 centurionibus
3423 4870 3512 4923 de-

1908 4965 2065 5019 currit
2089 4963 2159 5016 ad
2183 4962 2321 5017 illos.
2364 4960 2467 5026 Qui
2493 4976 2608 5013 cum
2641 4959 2879 5014 uidissent
2925 4957 3186 5014 tribunum
3215 4969 3263 5015 et
3291 4962 3477 5016 milites
3497 5003 3514 5028 ,

1908 5066 2225 5112 cessaverunt
2251 5063 2510 5125 percutere
2546 5051 2794 5107 Paulum.
2829 5053 2919 5107 35.
2955 5050 3104 5106 Tunc
3148 5055 3392 5108 accedens
3419 5057 3515 5107 tri-

1910 5150 2075 5205 bunus
2103 5146 2442 5219 apprehendit
2483 5163 2631 5210 eum,
2674 5155 2722 5200 et
2751 5146 2900 5212 iussit
2929 5161 3044 5199 eum
3084 5145 3295 5216 alligari
3326 5147 3526 5199 catenis

1910 5240 2108 5294 duabus
2139 5253 2157 5294 :
2184 5247 2232 5292 et
2261 5235 2605 5306 interrogabat
2649 5236 2762 5307 quis
2799 5245 2930 5289 esset
2960 5244 3005 5288 et
3028 5235 3153 5305 quid
3187 5235 3402 5306 fecisset.
3425 5236 3506 5290 5b.

1911 5333 2014 5385 Alii
2040 5341 2212 5384 autem
2234 5329 2378 5382 aliud
2417 5327 2705 5381 clamabant
2742 5327 2795 5380 in
2826 5325 2991 5380 turba.
3023 5325 3094 5380 Et
3121 5340 3218 5380 cur
3242 5325 3526 5381 examina-

1913 5433 2066 5476 turus
2118 5436 2240 5474 eum
2284 5419 2441 5489 jussit
2475 5418 2629 5486 ligari
2676 5419 2883 5471 catenis
2927 5416 3174 5473 duabus?
3221 5413 3288 5472 Ut
3335 5417 3517 5485 pepuli

1913 5511 2149 5568 furorem
2182 5510 2472 5580 mitigaret.
2510 5508 2572 5561 Et
2610 5525 2724 5561 cum
2755 5525 2858 5562 non
2903 5517 3070 5577 posset
3099 5517 3290 5563 certum
3332 5523 3520 5577 cogno-

1914 5624 2051 5662 scere
2076 5621 2182 5676 prte
2211 5603 2431 5657 tumultu
2451 5642 2467 5670 ,
2498 5601 2648 5668 iussit
2680 5601 2798 5655 duci
2825 5617 2940 5655 eum
2986 5601 3040 5654 in
3090 5611 3277 5656 castra.
3319 5600 3406 5656 33.
3456 5600 3520 5655 Et

1914 5718 2028 5753 cum
2059 5698 2268 5752 venisset
2295 5697 2362 5748 ad
2386 5694 2577 5765 gradus
2599 5736 2614 5760 ,
2644 5694 2892 5765 contingit
2923 5705 2980 5748 ut
3011 5704 3303 5764 portaretur
3327 5710 3359 5747 a
3381 5694 3518 5749 mili-

1915 5795 2043 5848 tibus
2069 5799 2273 5861 propter
2305 5789 2401 5842 vim
2428 5789 2604 5860 pepuli
2632 5804 2647 5842 :
2685 5789 2774 5844 56.
2823 5789 3122 5858 sequebatur
3167 5791 3301 5845 etaim
3345 5791 3493 5845 multi
3505 5823 3521 5831 -
