4072 6410
596 363 712 418 525

605 482 727 534 tudo
773 475 984 548 papuli,
1040 471 1268 526 clamans
1295 482 1314 520 :
1345 464 1482 518 Tolle
1520 475 1654 511 eum.
1697 453 1832 521 Quid
1881 461 1998 512 est,
2047 446 2187 501 Tolle

608 544 895 623 eumenios
925 573 1038 620 erat
1068 560 1268 617 Judseis
1291 599 1306 621 ,
1335 563 1516 610 contra
1549 564 1664 614 eos,
1692 559 1825 617 quos
1850 544 2185 599 damnarent,

605 661 680 715 ita
711 659 893 729 loqui,
926 664 984 710 ut.
1007 662 1064 709 et
1088 660 1278 706 contra
1303 645 1575 700 Christum
1603 642 1877 702 fecerunt,
1909 635 2153 688 dicentes
2171 671 2188 695 ,

605 749 754 804 Tulle
782 723 973 813 illum;
1025 747 1127 799 hoc
1170 750 1248 796 est
1275 781 1290 803 ,
1336 738 1404 792 de
1443 749 1667 789 numero
1707 728 2000 784 viventium
2047 723 2186 779 dele.

606 839 836 908 Quidam
862 852 992 892 vero
1021 835 1204 890 dicunt
1231 873 1243 896 ,
1279 829 1330 884 id
1361 842 1479 884 esse
1507 824 1652 896 quod
1677 820 1814 892 apud
1845 832 1943 874 nos
1964 832 2029 872 ex
2077 813 2190 869 Ro-

609 948 765 988 mana
791 925 1175 986 consuetudine
1212 923 1409 977 dicitur
1442 937 1456 974 :
1488 918 1716 971 lmmitte
1745 914 1890 967 illum
1918 911 1971 964 in
2019 908 2188 977 signa.
2214 924 2216 926 ν

607 1027 698 1080 '57.
736 1022 803 1077 Et
827 1038 942 1076 cum
966 1019 1193 1088 coepisset
1229 1016 1280 1068 in
1304 1023 1472 1066 castra
1491 1009 1664 1063 induci
1701 1005 1919 1070 Paulus,
1959 1000 2081 1054 dicit
2105 997 2196 1051 trti-

609 1117 742 1170 buno
769 1129 790 1167 :
819 1112 880 1167 Si
904 1112 1016 1164 licet
1042 1108 1168 1162 mihi
1215 1106 1350 1176 loqui
1395 1103 1462 1156 ad
1499 1111 1565 1155 te.
1609 1098 1742 1154 Cum
1797 1101 2097 1164 gestaretur
2141 1089 2194 1143 in

612 1203 886 1278 gradibus,
908 1202 1038 1270 petit
1055 1197 1305 1270 quiddam
1331 1194 1546 1250 tribuno
1571 1192 1770 1246 dicere.
1806 1188 1871 1241 Et
1897 1184 2196 1278 viden-uani

623 1266 942 1349 mansuete:
975 1291 1036 1346 Si
1059 1266 1181 1343 mihi
1208 1289 1322 1342 licet
1351 1285 1487 1355 loqui
1515 1284 1582 1335 ad
1609 1292 1674 1343 te,
1704 1278 1890 1347 inquit.
1924 1274 2022 1341 Qui
2047 1266 2193 1335 dixit,

615 1386 789 1442 Greece
817 1384 995 1439 nosti?
1021 1382 1108 1438 58.
1145 1379 1330 1433 Nonne
1358 1387 1410 1429 tu
1437 1392 1488 1428 es
1513 1372 1586 1428 1E
1591 1372 1792 1443 gyptius
1817 1411 1833 1437 ,
1864 1368 1949 1439 qui
1978 1366 2198 1419 anteltos

614 1481 721 1533 dies
759 1477 1026 1530 tumultum
1056 1471 1353 1533 concitasti,
1383 1478 1427 1522 et
1459 1465 1677 1520 eduxisti
1703 1464 1758 1516 in
1787 1462 2039 1516 desertum
2071 1473 2198 1528 qua—

619 1582 733 1624 tuor
763 1570 924 1622 millia
950 1568 1172 1620 virorum
1198 1562 1540 1618 sicariorum?
1569 1559 1666 1612 Hic
1705 1554 1993 1624 Egyptius
2043 1551 2201 1605 homo

615 1671 751 1717 erat.
781 1657 1023 1727 quiedam
1053 1656 1315 1709 innovatis
1345 1662 1398 1706 et
1428 1650 1735 1704 seditiosus.
1767 1646 1878 1700 Hac
1905 1644 1972 1699 de
2000 1658 2058 1696 re
2083 1654 2203 1696 sese

615 1761 807 1822 purgat
832 1750 1049 1814 Paulus,
1072 1756 1127 1801 et
1151 1746 1306 1800 dictis
1334 1746 1444 1797 suis
1468 1743 1606 1797 tollit
1623 1734 2200 1808 suspicionem.Verum

621 1844 867 1912 superius
894 1841 1031 1894 lecta
1064 1848 1388 1906 repetamus.
1436 1834 1572 1888 Sunt
1617 1832 1758 1884 nobis
1784 1871 1798 1894 ,
1850 1828 2062 1896 inquit,
2109 1823 2202 1878 viri

615 1947 832 2007 quatuor
852 1943 1018 1986 votum
1043 1931 1276 1983 habentes
1302 1943 1453 1995 super
1483 1943 1535 1979 se
1558 1941 1575 1977 :
1600 1925 1677 1977 his
1698 1921 1972 1990 assumptis
1990 1918 2206 1988 puri/ica

618 2038 666 2083 te
690 2045 804 2081 cum
830 2026 951 2079 illis.
983 2023 1062 2077 Ad
1093 2023 1206 2076 haec
1232 2036 1334 2075 non
1365 2018 1623 2072 obnititur
1670 2015 1864 2070 Paulus
1889 2054 1904 2079 ,
1950 2011 2043 2066 sed
2093 2024 2206 2063 mo-

618 2134 734 2172 rem
758 2118 914 2186 gerit.
945 2114 1098 2170 Unde
1125 2113 1300 2183 palam
1350 2120 1432 2164 est
1474 2109 1578 2162 hoc
1620 2124 1722 2161 non
1772 2103 2078 2159 necessario
2127 2098 2206 2152 la-

620 2209 871 2264 cieuduin
905 2207 1070 2261 fuisse
1099 2203 1366 2273 (idquue
1405 2199 1723 2270 persuadent
1767 2197 1922 2264 illi),
1965 2193 2058 2247 sed
2108 2191 2210 2244 hoc

628 2317 722 2371 per
747 2297 1100 2356 oeconomiam
1133 2305 1187 2349 et
1231 2292 1614 2362 indulgentiam
1663 2289 1858 2342 factum
1903 2300 2046 2340 esse.
2092 2282 2206 2336 Non

619 2400 737 2445 erat
769 2405 896 2457 ergo
924 2390 1024 2441 hoc
1053 2384 1447 2457 prmdicationis
1467 2380 1927 2450 impedimentum,
1947 2373 2207 2444 siquidem

620 2491 674 2535 et
701 2480 924 2550 apostoli
955 2479 1070 2532 ltzec
1101 2478 1202 2531 illis
1233 2477 1561 2530 statuebant.
1604 2471 1718 2525 Hoc
1767 2471 1946 2538 itaque
1985 2467 2207 2534 dispen-

621 2588 746 2628 sans
766 2614 781 2639 ,
817 2573 928 2641 ipse
957 2581 1134 2624 tamen
1164 2570 1379 2624 Petrum
1407 2566 1662 2632 deinceps
1688 2563 1897 2615 incusat
1921 2577 1934 2624 ;
1969 2572 2068 2612 nec
2097 2557 2214 2610 sine

626 2678 786 2718 causa
819 2662 917 2716 hoc
951 2661 1075 2715 fecit
1109 2677 1121 2712 :
1155 2673 1273 2711 nam
1301 2655 1441 2725 (μιοά
1471 2655 1557 2708 hie
1586 2653 1783 2708 fecerat
1815 2652 1959 2720 ipse,
2002 2648 2103 2702 hoc
2144 2646 2213 2701 ibi

632 2753 820 2808 Petrus
848 2763 1028 2805 tacens
1056 2758 1108 2803 et
1134 2747 1412 2802 stabiliens
1443 2745 1634 2812 dogma
1684 2756 1859 2794 suum.
1901 2738 2020 2793 Non
2071 2737 2214 2792 dice-

630 2846 757 2900 bant
789 2862 802 2897 :
834 2843 948 2898 Non
976 2850 1187 2911 oportet
1215 2837 1441 2909 gentiles
1469 2837 1698 2900 docere;
1729 2847 1902 2903 neque
1924 2873 1939 2894 .
1967 2828 2214 2886 Sufficiat.

625 2935 784 3008 quod.
799 2952 902 2992 non
932 2933 1252 3004 przedicetur
1275 2931 1382 2985 illic
1411 2947 1424 2982 :
1454 2928 1549 2982 sed
1583 2933 1796 2995 oportet
1824 2923 1951 2993 quid
1982 2922 2213 2990 amplius

631 3027 809 3083 facere
829 3068 843 3091 ,
871 3038 930 3080 ut
957 3022 1383 3093 persuadeantur
1415 3019 1489 3073 illi
1521 3028 1570 3072 te
1606 3018 1776 3086 legem
1800 3013 2094 3069 custodire.
2125 3015 2217 3066 At-

632 3117 948 3188 temperatio
995 3125 1079 3169 est
1118 3128 1205 3167 res
1242 3112 1378 3176 illa,
1431 3125 1498 3164 ne
1546 3109 1755 3161 timeas.
1803 3106 1871 3160 Et
1908 3105 2028 3158 vide
2065 3119 2078 3152 :
2113 3118 2218 3158 non

632 3203 778 3280 prius
813 3207 1138 3279 persuadent
1168 3205 1244 3259 illi
1270 3246 1284 3272 ,
1315 3219 1473 3272 quam
1503 3208 1894 3271 repraesentem
1920 3208 1973 3253 et
2001 3212 2218 3254 oecono—

634 3303 793 3357 miam
823 3311 876 3357 et
905 3301 1130 3354 lucrum.
1163 3298 1234 3353 Et
1259 3297 1398 3366 quod
1431 3294 1779 3364 Jerosolymaa
1812 3295 1992 3358 lieret,
2025 3291 2220 3344 tolera-

633 3394 739 3449 bile
769 3401 905 3447 erat.
938 3392 1049 3446 lloc
1071 3390 1231 3458 igitur
1263 3388 1349 3442 hic
1381 3386 1541 3441 facito
1564 3427 1579 3449 ,
1614 3393 1670 3438 ut
1703 3383 1828 3438 illud
1861 3393 2011 3438 extra
2043 3381 2221 3436 civita-

634 3493 737 3541 tem
769 3485 905 3537 hanc
942 3481 1035 3536 tibi
1076 3478 1253 3535 facere
1299 3479 1474 3533 liceat.
1524 3475 1666 3529 Tunc
1715 3472 1916 3526 Paulus
1943 3513 1958 3538 ,
2009 3471 2217 3540 inquit,

632 3575 907 3647 assumptis
937 3574 1057 3626 viris
1081 3571 1306 3642 sequenti
1352 3571 1453 3623 die.
1499 3567 1613 3623 Non
1663 3564 1904 3630 distulit,
1937 3562 2029 3618 sed
2059 3576 2222 3632 opere

634 3676 939 3723 monstrans
965 3680 1025 3719 se
1058 3677 1368 3734 persuasum
1396 3675 1516 3715 esse
1540 3699 1555 3723 ,
1602 3659 1829 3712 assumit
1863 3671 1957 3712 eos
2001 3657 2223 3725 quibus-

635 3772 756 3812 cum
783 3770 842 3811 se
875 3755 1249 3823 purilicaturus
1272 3761 1389 3807 erat
1419 3769 1432 3804 :
1465 3751 1594 3804 tanti
1627 3748 1854 3803 fervoris
1884 3756 1965 3800 est
2001 3760 2220 3802 mentio-

637 3849 741 3903 mia
776 3846 1101 3915 hujusmodi.
1131 3845 1196 3898 Et
1220 3842 1510 3914 quomodo,
1547 3841 1775 3910 inquies,
1807 3838 1976 3894 Judaei
2002 3837 2221 3892 Asiatici

637 3940 888 3995 viderunt
911 3939 1059 3993 illum
1091 3937 1143 3992 in
1174 3936 1410 4005 templo?
1436 3934 1738 3988 Verisimile
1763 3941 1846 3987 est
1881 3947 1974 3987 eos
2018 3929 2223 4000 aliquot

638 4030 825 4085 diebus
853 4028 1010 4083 isthic
1040 4035 1283 4082 versatos
1309 4041 1449 4081 esse.
1488 4025 1620 4078 Vide
1647 4032 1824 4078 autem
1853 4038 1965 4077 rem
1994 4037 2061 4077 ex
2115 4022 2226 4076 dis-

638 4124 947 4194 pensatione
971 4121 1197 4192 quadam
1227 4119 1420 4174 factam
1453 4133 1594 4173 esse.
1622 4117 1908 4186 Postquam
1935 4117 2079 4170 enim
2104 4129 2225 4184 per-

637 4215 781 4272 suasi
810 4214 1016 4268 lueraut
1039 4211 1227 4275 Judzei,
1262 4221 1385 4265 tunc
1412 4211 1695 4279 insurgunt
1722 4209 1776 4263 in
1805 4209 1954 4262 illum
1991 4226 2003 4260 :
2032 4217 2087 4262 et
2116 4223 2146 4262 e
2166 4223 2226 4263 re

638 4304 850 4375 quidem
875 4345 890 4368 ,
921 4312 975 4357 ut
1001 4317 1067 4356 ne
1094 4302 1168 4355 illi
1195 4301 1355 4355 etiam
1384 4302 1435 4353 in
1463 4299 1636 4368 ipsum
1664 4297 2022 4367 insurgerent.
2057 4297 2222 4366 Adju-

638 4406 784 4462 vate,
816 4393 1082 4463 inquiunt,
1111 4391 1207 4445 viri
1229 4390 1496 4444 Israelita.
1531 4392 1604 4443 Ac
1633 4389 1677 4443 si
1706 4389 1827 4458 quis
1871 4397 2031 4456 captu
2081 4386 2223 4442 difﬁ-

636 4486 754 4540 cilis
782 4485 836 4539 in
857 4498 1046 4539 eorum
1082 4496 1270 4535 manus
1299 4480 1611 4546 incidisset,
1641 4479 1893 4549 Adjuvate
1915 4521 1930 4542 ,
1961 4478 2224 4549 inquiunt.

639 4577 740 4632 llic
761 4587 830 4631 est
856 4618 870 4641 ,
911 4577 997 4647 qui
1023 4575 1204 4642 ubique
1231 4589 1402 4628 omnes
1425 4575 1588 4627 docet.
1614 4573 1731 4628 Non
1767 4572 1867 4627 Hic
1888 4574 2066 4628 solum
2093 4614 2108 4640 ,
2149 4575 2226 4627 in-

640 4668 859 4739 quiunt,
888 4666 982 4722 sed
1025 4665 1239 4737 Ubique.
1269 4666 1404 4720 Tum
1455 4667 1614 4720 etiam
1662 4667 1935 4721 accusatio
1985 4667 2157 4737 major
2195 4681 2226 4720 a

644 4760 1015 4828 prmsentibus.
1040 4759 1119 4813 Ad
1142 4760 1272 4825 inec,
1296 4759 1563 4829 inquiunt,
1606 4759 1912 4829 Profanavil
1941 4760 2184 4830 templum
2209 4802 2224 4828 ,

642 4852 776 4905 viros
796 4850 1005 4921 gentiles
1027 4850 1290 4904 inducens.
1333 4852 1492 4920 Atqui
1537 4856 1698 4906 etiam
1748 4853 1944 4908 Christi
1987 4864 2228 4924 tempore

646 4941 1007 4998 ascenderunt
1039 4940 1346 5007 adoraturi;
1380 4942 1473 4996 sed
1499 4942 1549 4994 hi
1581 4943 1868 5012 loquuntur
1896 4944 1964 4998 dc
1993 4945 2056 4998 iis
2081 4987 2095 5010 ,
2137 4945 2226 5014 qui

642 5052 749 5090 non
777 5033 1036 5089 adorandi
1067 5048 1227 5089 causa
1248 5033 1553 5089 veniebant.
1583 5032 1652 5086 Et
1677 5045 2008 5101 assumentes,
2035 5037 2219 5105 inquit,

644 5126 868 5182 Paulum
891 5168 907 5191 ,
938 5125 1201 5179 trahebant
1231 5125 1376 5179 illum
1400 5131 1558 5195 foras.
1583 5126 1862 5196 Perpende
1887 5168 1901 5192 ,
1952 5143 1980 5180 a
2032 5129 2230 5197 templo

644 5219 860 5288 rjiciunt
891 5217 1038 5271 illum
1074 5233 1087 5268 :
1121 5231 1294 5286 neque
1320 5217 1462 5270 enim
1496 5217 1633 5272 ultra
1678 5217 1885 5288 legibus
1931 5218 2012 5273 vel
2063 5219 2231 5274 tribu-

647 5309 856 5363 nalibus
882 5322 1014 5376 opus
1045 5307 1353 5372 habebant;
1388 5307 1613 5377 ideoque
1647 5309 1793 5362 illum
1826 5311 2226 5378 percellebant:

645 5402 720 5454 sic
752 5414 843 5469 per
875 5400 1052 5472 omnia
1087 5400 1295 5457 feroces
1334 5411 1389 5454 et.
1429 5402 1728 5468 petulantes
1773 5412 1917 5454 sunt.
1963 5402 2056 5457 llle
2103 5418 2232 5458 vero

650 5500 772 5544 tunc
800 5488 1014 5559 quidem
1046 5504 1152 5542 non
1179 5503 1296 5546 sese
1327 5492 1597 5561 purgavit,
1629 5492 1720 5546 sed
1751 5502 1971 5561 postea;
2019 5505 2072 5550 et
2110 5495 2233 5564 jure

648 5580 861 5650 quidem
895 5597 907 5632 :
941 5595 1065 5634 tunc
1093 5581 1233 5634 enim
1258 5597 1325 5637 ne
1355 5583 1879 5654 audissentquidem.
1911 5586 1975 5639 Et
1999 5601 2096 5640 cur
2124 5587 2233 5640 cla-

652 5673 866 5726 mabant
891 5715 904 5736 ,
941 5668 1084 5724 Tolle
1111 5688 1223 5725 eum
1247 5673 1272 5724 ?
1308 5672 1623 5741 Timebant,
1679 5692 1746 5729 ne
1792 5677 2066 5742 eliugcrct.
2125 5677 2232 5733 Sed

655 5764 803 5830 vide,
834 5779 953 5818 cum
984 5774 1178 5834 quanta
1219 5765 1474 5821 modestia
1525 5768 1716 5823 Paulus
1745 5785 1863 5824 cum
1915 5771 2128 5826 tribuno
2151 5772 2230 5826 lo-

1323 351 1382 407 S.
1422 340 1690 402 JO.\~.\"N|S
1728 329 2199 394 CllliYSOSTOMI
2240 323 2552 384 AliClllEP.
2593 318 3126 376 CONSTANTINOP.

3791 308 3892 364 εει

2298 447 2511 510 quater.
2554 435 2689 504 Quid
2738 435 2879 489 enim
2930 433 3094 487 dicit?
3147 430 3207 487 Si
3253 428 3376 481 mihi
3427 428 3540 480 licet
3572 423 3776 494 aliquid
3802 421 3894 476 tibi

2295 529 2505 584 dicere?
2535 528 2607 580 Ita
2637 538 2754 580 erat
2785 526 3001 580 humilis
3025 564 3041 590 ,
3090 534 3147 577 ut
3190 521 3395 590 'ubique
3443 518 3688 573 modeste
3731 530 3897 586 agere

2296 623 2480 681 sciret.
2513 619 2700 674 Nonne
2731 629 2783 670 tu
2809 635 2880 678 es.
2912 617 3112 686 inquit,
3142 613 3419 685 .Egyptius
3449 609 3556 665 ille.

2368 718 2422 772 3.
2473 713 2606 768 Vide
2655 711 3042 780 malignitatem
3088 708 3309 762 diaboli.
3355 707 3616 775 Deceplor
3669 711 3790 756 erat
3843 710 3898 753 et

2299 800 2655 873 pr:cstigiator
2680 795 2962 867 Egyptius
2993 794 3113 859 ille,
3145 802 3198 848 et
3223 793 3474 862 sperabat
3510 805 3569 845 se
3615 804 3708 858 per
3741 786 3893 840 illum

2299 907 2412 947 rem
2444 889 2852 945 obscuraturum
2883 900 3002 941 esse
3022 925 3038 949 ,
3066 893 3120 939 et
3145 883 3246 938 bos
3274 882 3422 938 illius
3451 881 3714 936 scelerum
3764 890 3894 930 con-

2299 993 2473 1038 sortes
2522 980 2789 1045 reddere,
2832 990 2886 1034 et
2921 976 3194 1033 Christum
3243 990 3437 1044 nempe
3495 983 3551 1029 et
3595 972 3897 1041 apostolos.

2300 1072 2405 1129 Sed
2438 1071 2565 1127 nihil
2593 1069 2797 1142 potuit,
2830 1069 2937 1124 imo
2963 1069 3089 1124 hinc
3133 1066 3468 1137 splendidior
3517 1066 3712 1119 veritas
3760 1061 3901 1116 facta

2301 1175 2426 1230 εει,
2461 1161 2589 1217 nihil
2621 1176 2687 1218 ex
2713 1160 2910 1217 diaboli
2940 1159 3204 1214 machinis
3231 1158 3380 1223 liesa,
3416 1160 3523 1211 imo
3568 1155 3735 1226 magis
3781 1155 3904 1209 illu-

2301 1267 2487 1313 strata.
2517 1255 2648 1310 Nam
2674 1256 2717 1309 si
2747 1253 3163 1325 praestigiatores
3195 1266 3299 1305 non
3331 1250 3555 1305 fuissent
3577 1291 3592 1314 ,
3613 1264 3675 1302 ac
3704 1247 3905 1302 deinde

2305 1347 2357 1403 lii
2388 1348 2671 1412 vicissent,
2705 1349 2842 1400 forte
2887 1343 3122 1412 suspicio
3166 1340 3358 1395 fuisset
3394 1355 3552 1395 :cum
3601 1349 3779 1393 autem
3821 1337 3906 1391 illi

2305 1439 2714 1512 apparuissent,
2765 1436 2817 1490 hi
2867 1435 3128 1490 vicerunt.
3178 1432 3290 1488 Hoc
3340 1441 3520 1486 autem
3551 1429 3744 1484 mirum
3795 1438 3904 1484 est.

2307 1533 2432 1590 Ideo
2493 1545 2752 1601 apparere
2810 1544 2915 1584 non
2961 1526 3352 1596 prohibentur,
3400 1532 3456 1576 ut
3499 1532 3552 1578 et
3601 1522 3679 1576 sic
3733 1519 3910 1592 magis

2309 1625 2543 1694 fulgeant
2575 1641 2588 1676 :
2618 1632 2672 1675 ut
2700 1621 2859 1674 etiam
2889 1617 3014 1673 alibi
3064 1616 3227 1680 dicit,
3267 1614 3334 1670 Ut
3375 1615 3461 1684 qui
3508 1612 3707 1683 probati
3760 1619 3907 1677 sunt,

2309 1716 2565 1785 manifesti
2594 1714 2720 1783 ﬁant
2752 1715 2771 1782 (
2802 1716 2853 1766 1.
2887 1709 3006 1765 Cor.
3058 1710 3147 1764 ii.
3199 1708 3264 1763 l9
3295 1709 3333 1779 ).
3368 1707 3498 1762 Tale
3548 1705 3820 1776 quidpiam
3856 1712 3914 1758 et

2310 1804 2565 1862 Gamaliel
2618 1803 2828 1859 diccbat
2886 1821 2900 1857 :
2946 1801 3078 1855 Ante
3124 1801 3215 1854 Itos
3249 1801 3354 1852 dies
3393 1799 3612 1853 surrea‘it
3663 1796 3914 1850 Tlteudas

2310 1898 2462 1970 (Act.
2488 1897 2541 1952 5.
2569 1895 2638 1950 56
2656 1901 2696 1966 ).
2721 1894 2955 1950 Sicarios
2976 1908 3104 1948 vero
3133 1892 3346 1962 quidam
3375 1891 3559 1946 dicunt
3589 1905 3708 1944 esse
3734 1905 3915 1959 genus

2313 1991 2576 2045 latronum
2601 2031 2615 2054 ,
2645 1988 2722 2042 sic
2754 1987 3052 2058 appellatos
3086 2002 3115 2040 a
3142 1985 3332 2055 gladiis
3357 2026 3370 2050 ,
3403 1999 3537 2054 quos
3582 1981 3870 2052 gestaban:
3897 2023 3913 2045 ,

2313 2081 2451 2135 sicas
2483 2079 2655 2133 dictos
2683 2078 2936 2132 Romanis
2960 2093 2973 2129 :
3000 2077 3090 2131 alii
3121 2091 3247 2131 vero
3277 2083 3501 2145 putant,
3547 2090 3612 2130 ex
3665 2090 3764 2128 una
3809 2073 3914 2128 Ju-

2313 2171 2550 2224 dasorum
2576 2179 2718 2224 secta
2748 2169 2931 2224 fuisse.
3419 2176 3423 2178 ’

2389 2260 2660 2330 Magorum
2703 2260 2959 2329 prwstigia
2988 2258 3339 2328 apostolorum
3375 2257 3634 2311 miraculis
3662 2257 3921 2327 majorem

2313 2353 2414 2404 vim
2441 2350 2719 2406 contulere.
2756 2351 2922 2405 Secta:
2945 2347 2981 2402 Ι
2987 2347 3400 2403 udworum.-——T
3406 2364 3492 2404 res
3519 2363 3751 2418 namque
3788 2360 3924 2404 sunt

2316 2441 2455 2511 apud
2500 2442 2645 2509 ipsos
2674 2450 2835 2495 secta:
2857 2482 2870 2505 ,
2903 2440 3329 2502 Pharisaeorum,
3362 2437 3784 2494 Sadduczeorutn
3810 2482 3823 2504 ,
3862 2449 3922 2493 et

2319 2534 2645 2588 Essenorum
2678 2531 2767 2602 qui
2810 2541 2864 2586 et
2903 2529 3085 2586 Sancti
3129 2541 3384 2585 vocantur
3423 2530 3569 2603 (hoc
3618 2530 3761 2584 enim
3813 2530 3926 2584 sibi

2319 2625 2430 2677 vult
2455 2623 2556 2680 hoc
2578 2640 2776 2679 nomen
2810 2620 3038 2697 Esseni)
3064 2664 3079 2690 ,
3110 2622 3269 2693 idque
3295 2622 3365 2677 ob
3390 2623 3512 2676 vita:
3550 2622 3922 2678 sanctitatem.

2323 2708 2492 2770 lidem'
2515 2732 2645 2770 vero
2669 2727 2721 2769 et
2751 2713 2942 2770 Sicarii
2969 2715 3134 2782 dicti,
3163 2715 3306 2784 quod
3355 2722 3539 2770 essent
3583 2714 3795 2769 zelotaz.
3842 2715 3927 2770 Ne

2321 2823 2449 2878 ergo
2480 2808 2759 2863 doleamus
2788 2809 2928 2877 quod
2960 2817 3121 2862 secta;
3147 2809 3274 2875 sint,
3310 2821 3431 2861 cum
3449 2816 3503 2862 et
3525 2806 3929 2876 pseudochristi

2322 2897 2519 2954 fuerint
2541 2942 2556 2965 ,
2587 2900 2675 2969 qui
2707 2896 2923 2952 Christo
2952 2899 3191 2953 insidiari
3225 2898 3549 2965 voluerunt,
3591 2906 3647 2952 et
3689 2897 3931 2952 antehac

2324 3000 2378 3044 et
2408 2999 2622 3059 postea,
2660 2999 2716 3043 ut
2746 2990 3094 3044 obscurarent
3137 2989 3309 3043 illum.
3344 2987 3450 3044 Sed
3499 2989 3699 3044 veritas
3753 2989 3931 3060 fulget

2325 3091 2379 3136 et
2405 3081 2651 3151 splendet
2680 3081 2892 3150 ubique.
2927 3080 3038 3136 Hoc
3065 3089 3120 3136 et
3150 3081 3535 3151 prophetarum
3562 3095 3679 3137 mvo
3723 3080 3931 3137 factum

2324 3185 2408 3229 est
2441 3189 2456 3228 :
2486 3174 2701 3228 luerunt
2755 3173 3269 3243 pseudopronhetae,
3301 3183 3355 3227 et
3382 3176 3494 3228 veri
3525 3190 3591 3230 ex
3641 3188 3932 3244 compara.

2328 3265 2470 3321 tione
2500 3267 2667 3334 magis
2715 3265 3059 3336 effulgebant.
3116 3265 3325 3319 Etenim
3369 3267 3588 3321 morbus
3638 3268 3931 3323 sanitatem

2327 3358 2671 3425 ουηενὶςυςιιη
2702 3355 2862 3417 facit,
2913 3367 2967 3411 et
3020 3357 3254 3411 tenebrat
3298 3356 3507 3424 lucem,
3559 3359 3931 3429 tranquillita-

2328 3455 2542 3517 temque
2573 3457 2878 3518 tempestas.
2906 3447 3022 3504 Non
3053 3457 3274 3519 possunt
3298 3450 3522 3519 gentiles
3556 3450 3760 3518 dicere,
3780 3452 3932 3521 quod

2329 3539 2404 3594 illi
2453 3540 2775 3609 deceptorcs
2819 3548 2874 3594 et
2919 3541 3339 3611 praestigiatores
3380 3540 3618 3596 fuerint:
3656 3542 3730 3595 illi
3779 3543 3932 3597 enim

2327 3630 2558 3684 convicti
2607 3639 2752 3685 sunt.
2800 3631 2913 3686 Hoc
2963 3632 3124 3685 etiam
3163 3630 3331 3703 Moysi
3381 3632 3576 3687 accidit
3608 3647 3621 3681 :
3653 3635 3938 3688 concessit

2333 3721 2474 3776 Deus
2503 3732 2560 3776 ut
2591 3724 2728 3794 magi
2760 3732 2964 3789 essent,
2999 3739 3065 3779 ne
3094 3739 3281 3794 magus
3315 3735 3593 3794 putaretur
3619 3740 3740 3781 esse
3780 3727 3936 3798 Moy-

2329 3831 2416 3870 ses
2451 3833 2465 3869 :
2498 3816 2744 3885 permisit
2786 3824 2844 3869 ut
2885 3815 3142 3871 docerent
3185 3831 3372 3870 omnes
3397 3858 3412 3883 ,
3447 3827 3703 3886 quantum
3748 3821 3936 3890 magia

2332 3918 2542 3981 poterat
2567 3909 2937 3975 comminisci;
2987 3910 3120 3964 ultra
3168 3917 3348 3965 autem
3399 3926 3504 3965 non
3555 3911 3933 3981 deceperunt,

2330 4005 2425 4060 sed
2454 4006 2554 4075 ipsi
2585 4019 2706 4060 sese
2737 4004 2906 4058 victos
2933 4003 3163 4058 confessi
3194 4011 3339 4058 sunt.
3370 4002 3511 4057 Nihil
3539 4005 3694 4060 nobis
3725 4014 3936 4061 nocent

2330 4097 2679 4166 deceptores;
2707 4096 2815 4150 imo
2853 4110 2951 4150 nos
2979 4095 3226 4150 meliores
3253 4094 3501 4161 reddunt,
3535 4097 3577 4149 si
3605 4097 3726 4165 quis
3750 4107 3935 4152 atten-

2332 4191 2460 4244 dere
2488 4189 2634 4244 velit.
2681 4188 2818 4254 Quid
2859 4188 3058 4256 igitur,
3108 4187 3350 4257 inquies,
3392 4189 3436 4242 si
3486 4188 3698 4242 illorum
3738 4188 3936 4259 gloria:

2333 4291 2611 4337 consortes
2637 4281 2849 4335 simus?
2879 4280 2993 4334 Non
3017 4279 3156 4350 apud
3190 4294 3287 4334 nos
3315 4280 3538 4350 gloriam
3568 4279 3800 4347 habent,
3831 4284 3935 4338 scd

2331 4372 2472 4442 apud
2504 4385 2598 4426 eos
2617 4411 2633 4438 ,
2661 4372 2751 4441 qui
2772 4370 2975 4440 judicio
3004 4388 3109 4425 nor.
3139 4372 3342 4426 valent.
3374 4368 3450 4426 Ne
3495 4373 3716 4428 multum
3768 4390 3939 4432 cure-

2333 4479 2453 4519 mus
2483 4465 2659 4534 populi
2687 4478 2894 4531 auram,
2925 4479 2993 4519 ne
3036 4464 3172 4520 ultra
3201 4480 3361 4536 quam
3389 4475 3599 4535 oportet
3648 4467 3794 4523 illam
3845 4486 3940 4526 se-

2334 4565 2561 4610 ctemur.
2599 4553 2707 4608 Deo
2732 4555 2979 4621 vivimus,
3011 4570 3116 4609 non
3157 4555 3493 4622 hominibus;
3526 4557 3576 4610 in
3617 4557 3749 4612 caelo
3799 4574 3938 4616 con-

2334 4664 2610 4704 versamur
2631 4689 2644 4715 ,
2677 4665 2778 4702 non
2810 4651 2861 4700 in
2893 4657 3031 4702 terra
3062 4666 3074 4700 :
3105 4648 3212 4704 illic
3241 4650 3423 4705 brevia
3453 4662 3507 4706 et
3530 4652 3751 4722 prazmia
3780 4651 3937 4712 labo-

2334 4759 2451 4796 rum
2495 4751 2803 4797 nostrorum
2854 4739 3064 4808 iacent,
3112 4741 3234 4796 inde
3281 4741 3467 4798 laudes
3511 4754 3933 4814 exspectamus,

2336 4835 2456 4890 inde
2487 4849 2736 4888 coronas.
2773 4834 3008 4888 Eatenus
3048 4848 3297 4888 curemus
3336 4833 3617 4902 homines,
3660 4846 3938 4905 quatenus

2338 4945 2403 4982 ne
2429 4941 2612 4981 ansam
2640 4927 2747 4981 illis
2776 4925 3129 4996 praebeamus.
3158 4925 3312 4993 Quod
3342 4927 3388 4981 si
3435 4927 3591 4982 nobis
3635 4942 3740 4982 non
3784 4943 3932 4999 pra:-

2335 5023 2583 5078 bcntibus
2604 5063 2619 5089 ,
2651 5021 2727 5075 illi
2757 5019 3025 5075 voluerint
3058 5029 3259 5075 temere
3287 5028 3344 5076 et
3387 5020 3583 5075 frustra
3628 5035 3890 5079 accusare
3914 5067 3932 5092 ,

2336 5117 2637 5181 rideamus,
2673 5130 2780 5171 non
2811 5114 3100 5184 ploremus.
3150 5114 3228 5169 Tu
3282 5115 3504 5183 provide
3557 5115 3693 5169 bona
3743 5130 3932 5172 coram

2340 5210 2447 5264 Deo
2477 5217 2532 5264 et
2562 5207 2870 5275 hominibus
2903 5223 2917 5259 ε
2947 5207 2991 5261 si
3021 5217 3073 5260 te
3100 5207 3236 5262 bona
3268 5207 3604 5276 providente,
3635 5207 3720 5262 ille
3751 5209 3935 5265 inces-

2338 5310 2456 5368 sat,
2503 5316 2570 5355 ne
2599 5315 2774 5355 cures.
2807 5297 2982 5353 Habes
3007 5299 3253 5368 exempla
3282 5300 3335 5352 in
3383 5297 3694 5368 Scripturis.
3752 5299 3930 5354 Num-

2335 5393 2458 5461 quid
2512 5393 2645 5446 enim
2700 5390 2983 5444 hominibus
3030 5391 3220 5463 suadeo
3256 5406 3323 5443 an
3354 5387 3462 5444 Deo
3489 5390 3509 5463 (
3533 5389 3651 5447 Gal.
3691 5392 3744 5445 1.
3777 5393 3885 5464 10)
3911 5398 3935 5446 ?

2339 5488 2538 5558 inquit;
2566 5501 2630 5540 ac
2657 5501 2865 5540 rursum
2898 5502 2911 5538 :
2945 5483 3253 5537 Hominibus
3287 5486 3588 5550 suademus,
3622 5484 3728 5538 Deo
3754 5496 3930 5542 autem

2340 5580 2596 5648 manifesti
2620 5593 2792 5632 sumus
2821 5574 2840 5648 (
2870 5575 2925 5628 2.
2951 5576 3067 5629 Cor.
3099 5576 3150 5631 5.
3185 5577 3242 5629 il
3276 5577 3314 5647 ).
3350 5576 3418 5631 Et
3456 5577 3699 5632 Christus
3747 5576 3816 5632 de
3867 5581 3934 5634 iis

2339 5678 2426 5747 qui
2455 5673 2827 5729 oll'cndcbatur
2852 5670 3060 5726 dicebat
3086 5685 3098 5721 :
3133 5669 3257 5726 Sine
3279 5673 3423 5737 illos,
3449 5676 3599 5726 duces
3644 5680 3764 5724 sunt
3812 5677 3935 5726 neci

2344 5783 2589 5822 (wearum
2619 5768 2636 5835 (
2664 5764 2845 5818 Matth.
2885 5760 2968 5821 l5.
3019 5763 3158 5834 H);
3212 5779 3274 5820 ac
3318 5779 3529 5820 rursum
3562 5783 3572 5818 :
3617 5761 3705 5818 Va:
3754 5765 3928 5820 vobis.
