4072 6450
428 346 536 404 325

422 459 625 528 καλῶς
646 459 800 530 ὑμᾶς
819 459 1072 516 ειπωσιν
1097 460 1317 528 πάντες
1346 467 1399 517 οἱ
1429 463 1724 531 ἄνθρωποι
1756 477 1781 505 ει
1808 482 1821 495 ο

421 545 524 600 λιν·
567 547 866 617 Λαμψάτω
887 547 958 602 τὰ
980 547 1127 617 ἔργα
1152 550 1340 619 ὑμῶν,
1371 549 1533 617 ὅπως
1557 550 1766 605 ἴδωσιν
1790 556 1846 607 οἱ
1873 553 2093 621 ἅνθρω-

420 649 544 698 ποι,
596 633 694 688 καὶ
732 633 1043 699 δοξάσωσι
1082 636 1192 690 τὸν
1238 639 1470 706 Πατέρα
1512 641 1679 708 ὑμῶν
1728 640 1834 693 τὸν
1867 640 1938 694 ἐν
1969 641 2092 708 τοῖς

421 722 713 792 οὐρανοῖς.
757 723 822 776 Εἰ
849 724 904 777 δέ
933 725 1165 796 ἀλλαχοῦ
1199 727 1342 796 λέγει
1365 744 1378 758 ·
1440 731 1545 795 ’ος
1569 731 1678 784 ἐὰν
1701 731 2089 801 σκανδαλίσῃ

419 808 528 862 ἕνα
555 807 672 861 τῶν
684 809 914 878 μικρῶν
941 813 1185 880 τούτων,
1218 814 1509 884 συμφέρει
1535 816 1696 883 αὐτῷ
1736 818 1837 870 ἵνα
1886 834 2091 888 κρεμαο

417 894 540 962 σθῇ
584 897 778 964 μύλος
827 899 1030 964 ὀνικὸς
1072 899 1204 969 περὶ
1250 902 1359 954 τὸν
1408 903 1713 973 τράχηλον
1747 906 1953 970 αὐτοῦ,
1989 907 2089 960 καί

415 985 866 1055 καταποντισθῇ
900 988 971 1041 ἐν
1017 985 1096 1052 τῷ
1141 989 1386 1059 πελάγει
1441 991 1553 1058 τῆς
1606 990 1924 1059 θαλάσσης
1941 1007 1955 1022 ·
2012 994 2086 1064 μὴ

418 1069 705 1144 θαυμάσῃς
724 1090 735 1100 ·
772 1074 832 1127 ού
865 1074 971 1144 γάρ
995 1074 1112 1128 ἐστι
1142 1075 1317 1130 ταῦτα
1345 1078 1563 1131 ἐναντία
1587 1079 1642 1140 ι),
1667 1079 1801 1132 ἀλλά
1832 1080 1926 1131 καὶ
1956 1080 2087 1149 σφό-

415 1155 522 1227 δρα
543 1159 851 1227 συνᾴδοντα.
886 1160 1056 1214 Ὅταν
1086 1161 1186 1232 μὲν
1224 1163 1335 1234 7&9
1363 1167 1496 1233 παρ’
1523 1167 1668 1237 ἡμᾶς
1690 1165 1935 1236 γένηται,
1966 1165 2087 1218 ούαὶ

417 1244 574 1312 ἡμῖν·
614 1245 742 1298 ὅταν
766 1245 822 1299 δὲ
849 1247 926 1319 μὴ
959 1250 1088 1321 παρ’
1114 1252 1283 1320 ἡμᾶς,
1309 1251 1512 1305 οὐκέτι.
1564 1254 1672 1305 Καὶ
1705 1253 1863 1307 πάλιν
1882 1269 1897 1286 ·
1942 1254 2086 1308 Οὐαὶ

413 1328 576 1397 ὑμῖν,
624 1331 698 1383 δι’
727 1331 836 1398 οὓς
881 1333 949 1386 τὸ
1003 1334 1192 1404 ὄνομα
1255 1337 1363 1392 τοῦ
1413 1338 1562 1392 Θεοῦ
1618 1339 2081 1408 βλασφημεῖται.

412 1415 478 1468 Τί
507 1411 619 1482 οὖν,
641 1417 708 1470 ἂν
735 1419 847 1486 ἐγὼ
872 1420 972 1490 μέν
995 1422 1132 1476 ποιῶ
1148 1439 1200 1475 τι
1229 1424 1336 1478 τῶν
1356 1424 1603 1488 δεόντων,
1637 1425 1824 1496 ἕτερος
1842 1426 1897 1478 δὲ
1919 1426 2088 1496 βλασ-

414 1505 612 1574 φημῇς
667 1505 832 1559 Οὐδὲν
864 1507 998 1577 πρὸς
1033 1509 1093 1562 σὲ
1115 1549 1129 1573 ,
1164 1509 1302 1564 ἀλλά
1335 1511 1472 1582 πρὸς
1515 1513 1749 1565 ἐκεῖνον·
1783 1513 1851 1565 δι’
1873 1513 2085 1568 ἐκείνου

410 1589 520 1660 γὰρ
549 1590 965 1665 ἐϐλασφημήθη.
995 1596 1104 1648 Καὶ
1128 1597 1246 1660 πῶς
1276 1598 1353 1652 ἐνι
1385 1598 1588 1668 πρᾶξαί
1608 1617 1661 1652 τι
1697 1599 1808 1653 τῶν
1831 1601 2078 1666 δεόντων,

413 1679 506 1730 καὶ
533 1676 714 1732 δοῦναι
743 1683 854 1742 τοῖς
875 1681 1056 1746 ἄλλοις
1078 1681 1284 1752 λαϐήν;
1325 1683 1497 1738 Πόθεν
1522 1685 1800 1756 βούλεσθε,
1837 1687 1944 1741 ἀπὸ
1975 1687 2083 1740 τῶν

410 1761 506 1816 νῦν
537 1764 726 1827 ὄντων,
764 1765 797 1838 ἢ
831 1767 941 1821 ἀπὸ
983 1767 1092 1821 τῶν
1127 1770 1374 1824 παλαιῶν
1404 1770 1474 1824 τά
1507 1772 1927 1844 παραδείγματα
1955 1774 2084 1844 ύμῖν

407 1849 629 1918 άγάγω;
663 1853 780 1905 Ἵνα
806 1852 879 1924 μὴ
900 1852 1179 1924 ψοφοδεεῖς
1205 1851 1374 1928 ὦμεν,
1401 1857 1656 1928 βούλεσθε
1679 1860 1810 1912 αὐτὸ
1839 1860 1903 1931 δὴ
1927 1860 2085 1914 τοῦτο

405 1939 467 1989 τὸ
503 1937 596 1990 νῦν
652 1939 786 2008 μετά
819 1943 1008 2012 χεῖρας
1046 1941 1322 2014 εἴπωμεν;
1356 1945 1645 2010 Ἰουδάῖζεν
1699 1949 1728 2000 ό
1761 1947 1973 2011 Παῦλος
2025 1948 2083 2002 ἐν

421 2017 832 2095 Ἰεροσολύμοις,
878 2028 993 2081 ἀλλ’
1021 2030 1078 2082 ἐν
1105 2031 1405 2102 Ἀντιοχείᾳ
1436 2033 1537 2086 οὐκ
1566 2033 1646 2086 ἐτι
1664 2049 1677 2061 °
1718 2035 1950 2100 ἰουδάῖζε
1989 2035 2083 2089 καὶ

405 2112 866 2177 ἐσκανδαλίζοντο,
900 2115 1015 2168 ἀλλ’
1047 2117 1107 2169 οὐ
1141 2117 1366 2180 δικαίως
1389 2117 1838 2182 ἐσκανδαλίζοντο
1859 2121 2078 2176 ἐκεῖνοι.

404 2196 638 2266 Λέγεται
661 2199 915 2272 Νέρωνος
945 2203 1039 2255 καὶ
1068 2204 1305 2274 οἰνοχόον
1331 2205 1424 2258 καὶ
1457 2205 1765 2260 παλλακίδα
1793 2207 2042 2264 ἀσπάσαι
2066 2225 2080 2241 ·

1859 467 1956 520 καὶ
1986 466 2088 519 πά-

406 2284 547 2337 πόσα
578 2286 754 2340 οῐεσθε
788 2290 912 2342 κατ’
956 2290 1122 2343 αὐτοῦ
1174 2291 1454 2362 εἰρηκέναι
1491 2293 1692 2357 αὐτοὺς
1742 2293 1833 2348 διὰ
1888 2295 2080 2366 τοῦτο;

405 2371 548 2423 Ἀλλ’
577 2373 638 2425 ού
672 2375 916 2439 δικαίως.
949 2377 1012 2430 Εἰ
1047 2377 1146 2447 μὲν
1170 2378 1279 2448 γὰρ
1306 2379 1400 2432 ἐπὶ
1423 2380 1681 2450 ἀσελγείᾳ
1716 2381 2079 2454 ὴσπάσατο,ἢ

404 2456 496 2507 ἐπὶ
524 2461 784 2530 πονηροῖς
812 2461 1156 2532 πράγμασιν,
1191 2464 1447 2527 εἰκότως·
1481 2467 1531 2517 εἰ
1565 2465 1623 2518 δέ
1659 2466 1756 2518 ἐπὶ
1794 2466 1892 2536 βίῳ
1912 2467 2076 2540 ὀρθῷ,

401 2541 542 2607 τίνος
570 2543 782 2611 ἐνεκεν;
845 2547 994 2601 Είπω
1019 2564 1070 2600 τι
1103 2549 1197 2621 καί
1229 2567 1336 2603 τινι
1364 2550 1475 2604 τῶν
1500 2553 1626 2621 ἐμοὶ
1664 2554 1912 2624 συνήθων
1943 2572 2080 2626 συμ-

402 2632 526 2687 ϐάν.
557 2633 858 2689 Ἐπίπεσεν
913 2637 1050 2708 ὀργή
1087 2653 1217 2690 ποτε
1255 2637 1348 2691 τοῦ
1383 2637 1543 2706 Θεοῦ,
1590 2643 1683 2694 καὶ
1721 2642 1924 2714 σφόδρα
1960 2643 2079 2708 νέος

401 2719 478 2775 ὢν
524 2722 748 2788 ἐκεῖνος,
791 2724 885 2776 καὶ
940 2725 998 2778 ἐν
1034 2727 1099 2796 τῇ
1142 2725 1236 2778 τοῦ
1288 2725 1534 2780 διακόνου
1582 2728 1732 2794 τάξει
1773 2730 2076 2802 τυγχάνων,

402 2807 526 2860 ἐπεὶ
558 2807 680 2861 τότε
701 2811 730 2862 ό
751 2809 1048 2874 ἐπίσκοπος
1077 2811 1266 2883 ἔτυχεν
1289 2814 1444 2867 ἀπὼν
1472 2817 1594 2869 κατ’
1619 2818 1824 2870 ἐκεῖνον
1845 2818 1935 2871 τὸν
1959 2835 2081 2872 και-

404 2894 516 2964 ρὸν,
543 2895 638 2948 καὶ
661 2895 766 2949 τῶν
791 2896 1175 2971 πρεσϐυτέρων
1197 2900 1371 2963 οὐδεὶς
1393 2901 1730 2973 ἐφρόντιζεν,
1751 2903 1867 2957 ἀλλ’
1890 2891 2078 2972 ἁπλῶς

399 2979 663 3051 ἐποίησαν
716 2982 1051 3054 φωτισθῆναι
1109 2984 1305 3057 ἀθρόον
1357 2988 1416 3040 ἐν
1451 2989 1549 3060 μιᾷ
1599 2991 1752 3044 νυκτὶ
1810 2993 2077 3063 μυριάδας

400 3065 623 3131 πολλὰς,
668 3069 762 3122 καὶ
817 3069 1005 3133 ἁπλῶς
1040 3071 1396 3137 ἐϐαπτίζοντο
1425 3075 1628 3139 πάντες
1657 3075 1807 3130 οὐδὲν
1845 3081 2072 3144 εἰδότες·

400 3151 621 3217 τούτους
652 3155 860 3219 ἐκεῖνος
875 3154 1056 3210 λαϐὼν
1087 3159 1204 3212 κατ’
1237 3159 1372 3213 ἰδίαν
1394 3161 1530 3230 ὁμοῦ
1549 3163 1743 3217 ἑκατὸν
1780 3165 1875 3218 καὶ
1898 3166 2079 3220 διακο-

402 3240 572 3305 σίους,
599 3240 887 3308 διελέγετο,
914 3243 1042 3297 ἀλλο
1072 3245 1170 3314 μὲν
1188 3244 1340 3316 [550]
1367 3247 1539 3314 οὐδὲν,
1568 3248 1636 3302 τὰ
1654 3250 1712 3302 δὲ
1729 3250 1838 3303 τῶν
1865 3269 2075 3324 μυστη-

401 3324 533 3394 ρίων
563 3326 722 3396 μόνον
749 3327 826 3390 ὡς
852 3329 986 3398 μηδέ
1013 3332 1121 3394 τοῖς
1145 3331 1446 3402 ἀμυνήτοις
1471 3339 1776 3407 συγχωρεῖν
1801 3342 2073 3410 παρεῖναι.

398 3410 571 3498 Τοῦτο
630 3413 794 3467 αὐτὸν
833 3414 1088 3472 ποιοῦντα
1141 3419 1402 3488 ἐνόμισαν
1447 3422 1633 3476 πολλοὶ
1681 3424 1782 3494 τῆς
1817 3435 1840 3463 ο
1900 3428 2076 3498 ἀρχῆς

400 3497 610 3567 ἐρῶντα
656 3499 812 3552 τοῦτο
843 3503 1035 3554 ποιεῖν.
1079 3502 1221 3556 Ἀλλ’
1255 3505 1357 3556 ούκ
1391 3507 1710 3576 ἐφρόντισεν
1738 3497 1949 3573 ἐκεῖνος
1968 3497 2077 3566 τῶν

399 3585 743 3670 νομιζόντων·
775 3587 874 3639 οὐκ
899 3586 1129 3652 ἐξέτεινε
1156 3590 1339 3660 μέντοι
1369 3593 1463 3646 ἐπὶ
1493 3595 1684 3665 χρόνον
1716 3597 1777 3649 τὺ
1812 3599 2070 3670 πρᾶγμα,

400 3669 515 3721 ἀλλ’
546 3669 747 3735 εὐθέως
785 3673 1082 3729 ἐπαύσατο.
1124 3677 1188 3729 Τί
1237 3673 1366 3745 οὖνς
1419 3679 1628 3746 ἐκεῖνος
1653 3683 1748 3735 τοῦ
1774 3685 2073 3740 σκανδάλου

398 3758 606 3824 αἴτιος;
651 3760 764 3813 Ούκ
791 3760 966 3830 ἔγωγε
997 3758 1169 3834 οἶμαι.
1203 3763 1266 3819 Εἰ
1300 3766 1398 3836 μὲν
1427 3767 1536 3840 γὰρ
1557 3769 1658 3823 ούκ
1701 3769 1870 3841 οῦσης
1895 3773 2074 3836 αἰτίας

396 3841 558 3896 τοῦτο
584 3845 778 3910 ἐποίει,
810 3848 1033 3912 εἰκότως
1060 3849 1253 3921 ἐκείνῳ
1284 3851 1386 3923 τὴν
1417 3854 1597 3909 αἰτίαν
1620 3856 1956 3926 ἐπέγραφον,
1978 3860 2074 3914 καὶ

398 3930 449 3982 εἰ
480 3928 645 3982 πάλιν
667 3930 1022 3997 ἐπεξέτεινεν.
1059 3934 1227 3989 Ὅταν
1249 3937 1360 4008 γὰρ
1388 3937 1497 3992 τῶν
1511 3939 1589 4008 τῷ
1628 3940 1748 4011 Θεῷ
1775 3941 2074 3997 δοκούντων

399 4013 680 4085 κωλύηται
712 4015 801 4069 διὰ
855 4018 918 4070 τὸ
966 4019 1154 4090 ἐτέρου
1194 4022 1516 4092 σκάνδαλον,
1549 4030 1912 4097 καταφρονεῖν
1958 4028 2070 4082 δεῖ·

397 4101 516 4154 τότε
543 4102 598 4153 δὲ
628 4103 952 4174 φροντίζειν,
979 4107 1108 4160 ὅταν
1133 4108 1298 4177 μηδὲν
1317 4111 1752 4182 ἀναγκαζώμεθα
1771 4112 1837 4166 δι’
1867 4115 2073 4170 ἐκεῖνον

459 4237 486 4265 ⁸
511 4236 694 4308 Ver_b_a,
718 4243 798 4291 καὶ
822 4243 1021 4292 πάλιν...
1048 4245 1302 4308 ἄνθρωποι,
1324 4244 1502 4307 quibus
1526 4254 1696 4297 carent
1720 4249 1860 4308 editi,
1882 4261 1943 4299 ex
1976 4252 2066 4300 tri.-

397 4295 489 4368 t_>us
527 4300 663 4368 cogd.
681 4295 893 4368 'gecepla
913 4312 1045 4368 sunt,
1075 4295 1226 4368 Εὸιτ.
1280 4295 1304 4350 Ε
1331 4295 1464 4356 Onus
1487 4295 1628 4367 cod”,
1660 4295 1943 4368 οαλᾶἆᾷἢξῗ
1957 4295 2063 4360 όῦκ

399 4358 500 4406 ἐστι
520 4360 671 4410 ταῦτα
689 4358 892 4412 ἐναντία.
924 4368 946 4394 °
968 4367 1322 4427 Αιὶἱ,παρεῖναι.
1339 4368 1592 4430 Ἐνόμισαν
1608 4358 1752 4418 αὐτὸν
1774 4358 1942 4420 πολλοί

1275 345 1333 400 S.
1365 343 1646 401 JOANNIS
1673 340 2163 403 CIIRYSOSTOMI
2195 339 2514 396 ARCHIEP.
2555 337 3102 396 CONSTANTINOP.

3773 338 3885 394 39.6

2196 459 2557 531 προσκρούειν
2583 459 2704 530 Θεῷ
2722 477 2736 491 ·
2762 460 2908 526 ἐπεὶ,
2940 459 3064 513 εἰπέ
3099 473 3213 530 μοι,
3247 456 3314 512 ἂν
3340 456 3544 529 μεταξὺ
3569 457 3892 536 διαλεγομέ-

2196 566 2303 601 νων
2326 544 2482 618 ἠμῶν
2515 548 2606 599 καὶ
2635 548 2761 610 τοὺς
2795 546 3095 618 μεθύοντας
3124 546 3488 599 σκωπτόντων
3516 546 3890 618 σκανδαλίζη-

2194 634 2285 687 ταί
2312 650 2418 695 τις,
2445 631 2559 700 ἐγὼ
2590 633 2889 704 παύσωμαι
2917 634 3092 703 λέγων
3117 652 3133 701 ;
3186 635 3453 686 Ἄκουσον
3489 633 3586 687 τοῦ
3639 633 3887 706 Χριστοῦ

2191 721 2440 789 λέγοντος
2461 739 2476 751 ·
2530 720 2628 790 Μὴ
2673 722 2772 775 καὶ
2820 722 2992 792 ὑμεῖς
3043 723 3353 787 ,βούλεσθε
3404 720 3705 791 ὑπάγειν;
3771 721 3887 776 Οὕ-

2189 824 2298 870 τως
2355 805 2479 858 οῦτε
2509 812 2874 876 καταφρονεῖν
2908 808 3034 862 οὔτε
3069 809 3275 878 σφόδρα
3332 809 3731 863 ἀντιποιεῖσθαι
3777 809 3887 873 τῆς

2189 893 2298 948 τῶν
2339 894 2548 947 πολλῶν
2576 894 2862 958 ἀσθενείας
2893 897 3020 967 χρή.
3075 898 3144 950 Ἦ
3178 899 3276 968 οὐχ
3325 897 3544 970 ὁρῶμεν
3598 898 3695 950 καὶ
3747 898 3886 960 τοὺς

2192 982 2410 1054 ἰατροὺς
2444 982 2603 1036 τοῦτο
2653 982 2964 1048 ποιοῦντας,
3005 985 3122 1048 καὶ,
3167 985 3294 1040 ὅταν
3335 985 3436 1056 μὲν
3479 987 3724 1056 ἐγχωρῇ,
3777 1002 3887 1056 χα-

2192 1070 2505 1140 ριζομένους
2541 1072 2656 1134 τοῖς
2693 1070 3020 1140 κάμνουσιν.
3057 1072 3187 1124 ὅταν
3218 1072 3273 1124 δὲ
3311 1073 3344 1141 ἠ
3370 1073 3533 1142 χάρις
3569 1075 3602 1143 ἠ
3651 1073 3887 1126 ἐκείνων

2189 1156 2394 1228 βλάϐην
2423 1155 2745 1228 ἐργάζηται,
2781 1158 2986 1211 οὐκέτι
3035 1158 3424 1228 φειδομένους;
3483 1158 3768 1227 Πανταχοῦ
3817 1158 3886 1211 τὸ

2191 1242 2390 1314 μέτρον
2427 1244 2593 1314 τιμᾷν
2635 1243 2799 1296 καλόν
2827 1242 2875 1298 (ί.

2271 1330 2737 1402 Ἐϐλασφήμησαν
2793 1331 2984 1385 πολλοὶ
3043 1332 3404 1403 κατηχήσεως
3458 1333 3644 1384 ἐνεκεν
3703 1330 3884 1403 κόρης

2186 1417 2328 1480 τινὸς
2354 1417 2634 1488 εὐμόρφου
2657 1419 2931 1490 παρθένου
2962 1420 3247 1490 μεινάσης,
3271 1417 3585 1488 παρέϐαλον
3605 1418 3746 1488 πρὸς
3763 1419 3874 1471 αύ-

2183 1504 2305 1575 τὴν,
2325 1506 2420 1558 καὶ
2441 1508 2568 1568 τοὺς
2589 1504 2971 1577 κατηχοῦντας
2999 1506 3370 1577 ἐλοιδόρησαν.
3400 1505 3465 1558 Τί
3487 1500 3612 1570 οῦνς
3635 1505 3883 1576 ἀποστῆ-

2184 1608 2273 1644 ναι
2303 1591 2544 1654 ἐκείνους
2574 1592 2681 1645 εδει
2702 1593 2790 1646 διὰ
2817 1592 3007 1660 τοῦτο;
3030 1591 3297 1660 Οὐδαμῶς
3318 1607 3332 1622 ·
3363 1592 3517 1645 οὐδὲν
3543 1591 3654 1662 γὰρ
3679 1593 3882 1661 εἰργά-

2187 1677 2342 1741 ζοντο
2375 1679 2638 1738 ἐναντίον.
2671 1679 2807 1734 ἀλλὰ
2847 1679 2941 1732 καὶ
2981 1679 3188 1750 σφόδρα
3220 1677 3412 1732 δοκοῦν
3460 1680 3697 1750 πρᾶγμα
3727 1679 3878 1748 Θεῷ.

2185 1765 2279 1833 Μὴ
2307 1763 2509 1828 τοίνυν,
2543 1767 2591 1817 εἰ
2629 1765 3074 1830 σκανδαλίζονταί
3096 1781 3263 1828 τινες,
3299 1764 3522 1836 ῐδωμεν,
3562 1765 3679 1818 ἀλλ’
3712 1767 3762 1817 εἰ
3794 1765 3880 1818 δι-

2185 1852 2375 1914 καίως,
2404 1854 2498 1904 καὶ
2525 1854 2574 1904 εἰ
2609 1852 2686 1923 μὴ
2716 1853 2854 1923 μετά
2883 1854 2980 1922 τῆς
3004 1853 3281 1923 ἡμετέρας
3309 1851 3534 1922 βλάϐης.
3562 1854 3631 1906 Εἰ
3654 1851 3881 1920 ,βρῶμα

2183 1937 2604 2011 σκανδαλίζει,
2636 1941 2792 2008 φησὶ,
2823 1941 2932 1993 τὸν
2969 1941 3238 2010 ἀδελφόν
3272 1957 3415 2010 μου,
3448 1942 3521 1994 οὐ
3561 1938 3648 2008 μὴ
3699 1938 3879 2008 φάγω

2181 2026 2328 2094 κρέα
2351 2029 2439 2094 εἰς
2463 2027 2573 2081 τὸν
2595 2025 2804 2082 αἰῶνα.
2834 2027 3094 2091 Εἰκότως·
3123 2029 3276 2082 οὐδὲν
3301 2028 3412 2098 7&9
3439 2027 3675 2080 ἔϐλαπτε
3698 2026 3762 2080 τὺ
3787 2027 3876 2097 μὴ

2183 2115 2410 2182 φαγεῖν·
2466 2116 2516 2167 εἰ
2571 2114 2754 2185 μέντοι
2811 2114 3159 2178 σκανδαλίζει
3209 2115 3405 2178 αὑτὸν,
3458 2115 3542 2168 δτι
3601 2113 3876 2184 βούλομαι

2182 2200 2578 2266 ἀποτάξασθαι,
2610 2202 2711 2254 ούκ
2755 2201 2837 2255 ἐτι
2881 2202 3192 2272 φροντίζειν
3228 2201 3326 2254 δεῖ.
3374 2201 3486 2255 Καὶ
3518 2202 3671 2268 τίνα,
3705 2201 3874 2272 φησὶ,

2182 2285 2342 2340 τοῦτο
2374 2287 2754 2352 σκανδαλίζει;
2791 2288 3027 2352 Πολλοὺς
3047 2329 3063 2354 ,
3096 2287 3271 2357 ἔγωγε
3304 2283 3444 2341 οῖδα.
3476 2289 3645 2342 Ὅταν
3683 2289 3881 2343 τοίνυν

2183 2371 2554 2448 ἀδιάφορον
2591 2375 2650 2426 τὸ
2697 2374 2958 2444 κώλυμα,
3000 2374 3255 2443 γινέσθω·
3303 2375 3449 2438 ἐπεὶ,
3485 2377 3534 2429 εἰ
3577 2375 3878 2445 μέλλοιμεν

2181 2459 2319 2530 πρὸς
2364 2459 2524 2513 τοῦτο
2576 2460 2739 2531 μόνον
2791 2463 2954 2532 όρᾷν,
3009 2461 3220 2514 πολλῶν
3270 2461 3469 2533 ἔχομεν
3518 2462 3830 2532 ἀποστῆναι
3854 2478 3871 2493 ·

2179 2544 2371 2617 ῶσπερ
2402 2544 2498 2601 οῦν
2532 2548 2628 2602 καὶ
2664 2547 3000 2612 τούναντίον,
3039 2548 3089 2600 εἰ
3128 2547 3421 2619 μέλλοιμεν
3463 2553 3872 2620 καταφρονεῖν,

2181 2631 2414 2696 πολλοὺς
2441 2633 2758 2687 ἀπολλύναι·
2789 2635 2912 2688 ἐπεὶ
2937 2634 3034 2688 καὶ
3067 2633 3278 2696 Παῦλος
3309 2636 3607 2706 προενόησε
3632 2637 3876 2690 σκανδά-

2177 2721 2295 2774 λου·
2314 2721 2566 2789 καὶπῶς,
2588 2723 2773 2777 ἄκουε⁹
2801 2723 2926 2777 Ἵνα
2943 2721 3030 2792 μὴ
3060 2721 3134 2790 τῇ
3159 2721 3456 2789 ἁδρότητι,
3495 2724 3651 2793 φησὶ,
3675 2725 3874 2794 ταύτῃ

2180 2809 2258 2878 τῇ
2284 2807 2725 2879 διακονουμένῃ
2753 2811 2853 2878 ὑφ’
2883 2809 3073 2879 ἡμῶν·
3101 2810 3252 2863 οὐδὲν
3282 2811 3392 2882 γὰρ
3421 2809 3658 2865 ἔϐλαπτε
3683 2811 3744 2865 τὸ
3767 2812 3876 2883 τὴν

2181 2897 2438 2952 ὑπόνοιαν
2497 2896 2720 2961 ἐξελεῖν.
2772 2898 2942 2950 Ὅταν
2990 2896 3047 2950 δέ
3093 2898 3174 2959 εἰς
3221 2897 3479 2967 τοιαύτην
3529 2897 3876 2970 ἐμπέσωμεν

2178 2983 2464 3055 ἀνάγκην,
2502 2984 2644 3038 ὥστε
2691 2983 2904 3053 μεγάλα
2948 2982 3204 3052 γενέσθαι
3251 2984 3396 3037 κακά
3429 2984 3518 3038 διὰ
3561 2984 3623 3037 τὸ
3672 2985 3874 3056 ἐτέρου

2178 3070 2507 3131 σκάνδαλον,
2555 3070 2993 3141 καταφρονῶμεν
3037 3069 3270 3123 ἐκείνου.
3320 3071 3561 3134 Ἐκεῖνος
3609 3070 3710 3142 μέν
3755 3072 3877 3146 7&9

2177 3155 2358 3226 ἐαυτῷ
2389 3155 2581 3221 αἴτιος,
2615 3158 2779 3226 ἡμεῖς
2809 3155 2866 3210 δέ
2893 3156 2992 3210 οὐκ
3022 3155 3103 3209 ἐτι
3131 3155 3424 3210 ὑπεύθυνοι
3447 3173 3460 3186 ·
3496 3158 3556 3211 ού
3592 3157 3701 3230 γὰρ
3733 3159 3875 3229 ἐνῆν

2176 3241 2433 3307 ἀϐλαϐῶς
2467 3242 2634 3296 αὐτοῦ
2680 3243 2996 3312 φείσασθαι.
3064 3243 3595 3315 Ἐσκανδαλίσθησαν
3652 3247 3871 3312 πολλοὶ,

2175 3329 2258 3381 ὃτι
2292 3331 2372 3393 εἰς
2413 3328 2536 3400 ἰερά
2565 3329 2885 3383 κατέκειντό
2914 3346 3061 3392 τινες
3107 3331 3310 3394 πιστοὶ,
3345 3331 3532 3402 ἐπειδὴ
3561 3343 3584 3370 θ
3623 3333 3725 3387 οὐκ
3755 3334 3873 3389 ἔδει

2149 3416 2570 3484 κατακεῖσθαι·
2622 3416 2760 3470 ἀλλά
2804 3417 3022 3481 κακῶς·
3079 3418 3335 3488 οὐδεμία,
3361 3417 3483 3499 γὰρ,
3521 3419 3631 3472 ἀπὸ
3668 3421 3872 3474 τούτου

2178 3503 2373 3574 βλάϐη.
2423 3505 2921 3569 Ἐσκανδαλίζοντο,
2957 3505 3041 3558 ὅτι
3071 3505 3229 3576 ἤσθιε
3271 3506 3410 3577 μετά
3436 3506 3541 3560 τῶν
3569 3506 3804 3561 ἐθνικῶν
3839 3512 3873 3562 ό

2178 3590 2402 3659 Πέτρος·
2448 3588 2564 3642 ἀλλ’
2599 3590 2808 3652 ἐκεῖνος
2834 3590 2936 3660 μὲν
2979 3589 3267 3660 ἐφείσατο,
3304 3590 3468 3654 αύτδς
3508 3590 3566 3644 δέ
3608 3592 3711 3646 οὐκ
3756 3594 3868 3647 ἔτι.

2173 3674 2457 3746 Πανταχοῦ
2484 3677 2752 3745 προσήκει
2787 3677 2937 3747 ἡμᾶς
2969 3678 3082 3742 τοῖς
3107 3675 3202 3730 τοῦ
3231 3675 3366 3730 Θεοῦ
3396 3676 3584 3747 νόμοις
3619 3695 3873 3734 κατακο-

2172 3760 2519 3826 λουθοῦντας,
2558 3761 2761 3832 πολλὴν
2797 3764 3036 3834 σπουδὴν
3065 3763 3374 3823 ποιεῖσθαι,
3406 3761 3546 3816 ὥστε
3585 3765 3872 3835 μηδεμίαν

2172 3848 2433 3919 ἀφορμὴν
2465 3848 2731 3919 παρέχειν
2766 3850 3065 3903 σκανδάλου
3087 3887 3102 3911 ,
3134 3848 3222 3902 ἵνα
3249 3851 3344 3903 καὶ
3371 3849 3528 3904 αὐτοὶ
3571 3851 3870 3906 ἀνεύθυνοι

2171 3927 2344 4005 ὦμεν,
2370 3935 2463 3988 καὶ
2489 3936 2588 4006 τῆς
2611 3935 2765 4008 παρά
2792 3935 2888 3989 τοῦ
2912 3933 3048 3989 Θεοῦ
3071 3935 3482 4007 φιλανθρωπίας
3507 3937 3866 4009 ἀξιωθῶμεν,

2172 4021 2355 4092 χάριτι
2385 4017 2479 4074 καὶ
2514 4021 2898 4094 φιλανθρωπίᾳ
2926 4023 3020 4075 τοῦ
3045 4022 3385 4090 Μονογενοῦς
3417 4022 3608 4088 αὑτοῦ,
3641 4023 3764 4093 μεθ’
3796 4018 3866 4078 οὗ

2171 4107 2249 4179 τῷ
2277 4109 2474 4180 Πατρὶ,
2499 4110 2618 4180 ἅμα
2645 4109 2723 4180 τῷ
2751 4109 2891 4180 ἀγίῳ
2925 4107 3206 4180 Πνεύματι
3230 4108 3384 4174 δόξα,
3419 4109 3623 4181 κράτος
3643 4147 3658 4172 ,
3689 4111 3862 4181 τιμὴ,

2171 4194 2265 4250 νῦν
2291 4196 2384 4249 καὶ
2415 4198 2521 4261 ἀεὶ,
2550 4196 2646 4250 καὶ
2673 4199 2753 4260 εἰς
2777 4195 2905 4257 τοὺς
2933 4195 3132 4260 αἰῶνας
3159 4195 3268 4249 τῶν
3300 4195 3534 4252 αἰώνων.
3581 4196 3783 4268 ’Δμήν.

2226 4315 2254 4353 ἀ
2297 4316 2437 4365 Unus
2478 4317 2608 4376 cod.,
2649 4295 2817 4378 μέτρον
2861 4316 3033 4365 εἰδέναι
3072 4316 3236 4364 καλόν.
3309 4328 3334 4354 ο
3374 4315 3568 4375 Ἐπειδή
3611 4316 3762 4366 deest
3806 4319 3865 4368 in

2161 4375 2294 4426 aliis.

535 4463 3740 4499 -————-—-—-——__._..___.____________________________________

1834 4555 1984 4628 [351]
2018 4555 2262 4613 OMIAIA
2295 4560 2430 4614 MZ'.
3807 4541 3818 4549 ’

396 4635 544 4717 Εἶπε
589 4638 729 4717 δερ
772 4639 1034 4717 Παῦλος·
1079 4641 1222 4717 έΕτώ
1264 4647 1382 4717 εἰμι
1411 4646 1718 4717 ἅνθρωπος
1762 4649 2060 4717 Ἰουδαῖος,

473 4709 732 4784 Ταρσεύς
759 4709 1183 4784 τ’ῆςΑΚαικίαζ,
1213 4709 1327 4767 οὐκ
1355 4709 1598 4784 ἀσήμου
1627 4709 1857 4784 πόλεως
1889 4709 2063 4773 πολίέ

468 4796 604 4856 της·
635 4779 929 4856 δέομαι-δέ
956 4797 1095 4856 σου,
1126 4779 1576 4856 ἐπίτρεψονμοι
1609 4779 1877 4854 λαλῆσαι
1915 4789 2064 4856 πρὸς

468 4848 795 4925 τὸν-λαρν.
849 4848 1438 4925 ’βπιτρέψαντρς’δέ
1471 4848 1688 4925 αὑτοῦ,
1745 4848 1777 4911 ὅ
1823 4848 2066 4925 Παῦλοξ·

465 4917 657 4996 ἑστὼς
811 4917 928 4996 τῶν
955 4917 1310 4996 ρναϐαθμῶν
1339 4924 1652 4996 κατέσεισε
1683 4926 1759 4994 τῇ
1780 4929 1928 4996 χειρί
1959 4917 2067 4981 τὸν

465 4988 638 5067 λαόνἔ
651 4986 913 5067 *Πολλῆς
944 4986 1590 5067 δεισιγῆὶς-γενομένης,
1625 4986 2066 5067 προσὲφῖὒνησε

466 5056 539 5124 τῇ
579 5057 829 5124 Ἐϐραΐδι
857 5056 1175 5124 mum);

464 5186 533 5234 α’.
545 5182 686 5251 Ὅρα
697 5179 882 5244 αὐτὸν,
900 5181 1030 5235 ὅταν
1043 5184 1176 5254 πρὸς
1191 5186 1313 5250 τοὺς
1330 5186 1434 5251 ἔξω
1447 5187 1781 5260 διαλέγηται,
1796 5191 1856 5243 ού
1874 5209 2066 5264 παραι-

396 5269 656 5339 τούμενον
689 5271 781 5322 καὶ
815 5273 926 5332 τοῖς
962 5273 1068 5324 ἀπὸ
1098 5273 1202 5329 τῶν
1236 5275 1415 5346 νόμων
1450 5279 1750 5350 κεχρῆσθαι
1788 5280 2062 5354 βοηθήμα·

399 5373 499 5410 σιν.
547 5358 808 5411 Ἐνταῦθα
849 5361 1010 5413 αὑτὸν
1047 5364 1156 5415 άπὸ
1197 5366 1295 5435 τῆς
1345 5367 1550 5431 πόλεως
1598 5372 1869 5440 ἐντρέπει,
1904 5375 2063 5430 Οῦτω

396 5446 488 5497 καὶ
523 5445 826 5517 ἔμπροσθεν
865 5448 1046 5518 ἔλεγε·
1088 5453 1389 5520 Τύψαντες
1422 5454 1577 5524 ἡμᾶς
1617 5458 1879 5527 δημοσίᾳ
1914 5464 2059 5517 ἀκα-

396 5532 710 5600 τακρίτους
721 5535 1088 5604 ἀνθρώπους,
1107 5539 1418 5608 Ῥωμαίους
1434 5543 2061 5614 ὑπάρχοντας,ἕ6ἀλον

393 5622 481 5684 εἰς
519 5621 822 5688 φυλακήν.
860 5624 1078 5702 Ἐπειδὴ
1107 5627 1213 5698 γὰρ
1241 5629 1591 5694 ἐπυνθάνετο,
1623 5634 1706 5687 Σὺ
1739 5631 1800 5688 εἷ
1824 5640 1856 5689 ό
1882 5639 2059 5707 Αἰγύ-

394 5723 563 5772 πτιος
582 5725 600 5771 ;
641 5707 786 5777 Ἐγώ
808 5700 942 5777 εἰμι,
975 5715 1158 5782 φησὶν,
1186 5714 1493 5784 ἅνθρωπος
1537 5720 1841 5786 Ἰουδαῖος.
1874 5700 2060 5789 Οὕτως

395 5793 584 5858 εἰπὼν,
607 5794 809 5858 εὐθέως
836 5798 996 5851 αὑτὸν
1017 5802 1222 5873 ταύτης
1242 5805 1493 5875 ἀπήγαγε
1517 5807 1615 5876 τῆς
1642 5810 1895 5878 ὑποψίας.
1924 5810 2059 5868 Εἶτα

398 5880 483 5935 ῐνα
517 5881 590 5952 μὴ
614 5884 842 5955 νομισθῇ
870 5886 927 5939 τὸ
950 5886 1098 5952 ἔθνος
1139 5891 1406 5960 Ἰουδαῖος,
1432 5894 1579 5963 λέγει
1609 5897 1705 5967 τὴν
1737 5899 2061 5969 θρησκείαν·

2171 4652 2265 4704 καὶ
2293 4653 2403 4724 γὰρ
2431 4654 2525 4707 καὶ
2553 4655 2784 4727 ἀλλαχοῦ
2814 4656 3040 4726 ἔννομον
3071 4657 3264 4711 ἑαυτὸν
3297 4655 3539 4728 Χριστοῦ
3571 4656 3746 4713 καλεῖ.
3786 4660 3861 4715 Τί

2168 4737 2323 4791 τοῦτό
2364 4739 2514 4806 ἐστι;
2555 4743 2765 4808 Παῦλος
2797 4745 3089 4815 ψεύδεται;
3141 4745 3358 4811 ’Ἄπαγε
3381 4756 3430 4797 ⁸.
3467 4744 3532 4797 Τί
3572 4739 3700 4812 οῦν;
3745 4749 3856 4805 οὐκ

2169 4826 2442 4896 ἠρνήσατο
2459 4844 2474 4892 ;
2504 4829 2596 4900 Μὴ
2616 4831 2845 4898 γένοιτο⁹
2887 4831 3139 4895 Ἰουδαῖος
3167 4831 3276 4902 γὰρ
3305 4827 3373 4901 ἧν
3400 4831 3494 4885 καὶ
3520 4832 3859 4903 Χριστιανὸς

2167 4912 2267 4964 ὅσα
2297 4913 2399 4967 ἔδει
2428 4915 2733 4983 φυλάττων,
2764 4918 2886 4970 ἐπεὶ
2923 4917 3018 4971 καὶ
3051 4916 3130 4987 τῷ
3163 4918 3315 4989 νόμῳ
3355 4918 3590 4988 μάλιστα
3624 4921 3857 4977 πάντων

2168 4999 2328 5063 αὐτὸς
2359 5000 2625 5068 ἐπείθετο,
2655 5002 2735 5073 τῷ
2762 5003 2986 5075 Χριστῷ
3017 5003 3310 5071 πιστεύων,
3346 5007 3440 5059 καὶ
3470 5007 3607 5076 πρὸς
3635 5008 3856 5078 Πέτρον

2166 5085 2547 5158 διαλεγόμενός
2594 5105 2781 5159 φησιν·
2840 5091 3037 5159 Ἡμεῖς
3071 5093 3252 5160 φύσει
3292 5092 3583 5146 Ἰουδαῖοι.
3634 5093 3856 5166 Δέομαι

2165 5172 2232 5226 δέ
2258 5191 2393 5240 σου,
2427 5175 2755 5245 ἐπίτρεψόν
2782 5195 2881 5247 μοι
2908 5179 3178 5246 λαλῆσαι
3206 5179 3357 5246 πρὸς
3389 5180 3496 5233 τὸν
3527 5183 3701 5236 λαόν.
3735 5185 3854 5238 Καὶ

2164 5261 2322 5315 τοῦτο
2343 5265 2668 5334 τεκμήριον,
2698 5265 2774 5318 ὅτι
2802 5266 2862 5318 οὐ
2895 5267 3176 5337 ψεύδεται,
3205 5268 3257 5319 εί
3281 5284 3342 5335 γε
3376 5270 3583 5332 πάντας
3609 5271 3854 5340 ἐπήγετο

2168 5349 2472 5419 μάρτυρας.
2501 5350 2700 5403 Σκόπει
2728 5353 2887 5408 αὑτὸν
2910 5355 3074 5408 πάλιν
3109 5354 3246 5423 μετὰ
3274 5356 3573 5419 ἐπιεικείας
3597 5357 3852 5425 διαλεγό-

2168 5453 2347 5502 μενον.
2379 5437 2489 5489 Καὶ
2513 5436 2673 5489 τοῦτο
2708 5439 2763 5492 δέ
2790 5444 3091 5513 τεκμήριον
3123 5441 3284 5494 πάλιν
3316 5445 3571 5510 μέγιστον
3600 5444 3693 5496 τοῦ
3731 5462 3848 5514 μη-

2161 5522 2307 5586 δενὸς
2353 5519 2494 5576 εἶναι
2538 5524 2874 5592 ὑπεύθυνον,
2924 5529 2985 5580 τὸ
3022 5527 3197 5591 οὕτως
3246 5529 3465 5598 ἕτοιμον
3513 5525 3654 5582 εἰναι
3704 5532 3850 5601 πρὸς

2161 5610 2476 5678 ἀπολογίαν,
2506 5613 2600 5664 καὶ
2627 5612 2912 5683 βούλεσθαι
2939 5619 3018 5680 εἰς
3041 5616 3198 5688 λόγον
3219 5618 3558 5688 καταστῆναι
3586 5618 3848 5690 τῷδήμῳ

2161 5697 2269 5751 τῶν
2312 5698 2600 5754 Ἰουδαίων.
2818 5699 2821 5706 ’

2169 5857 2422 5968 eo;
2458 5860 2647 5918 Παῦλος
2675 5863 2948 5927 ψεύδεταις
2996 5867 3168 5929 ἄπαγε,
3214 5867 3396 5916 desunt
3437 5867 3487 5915 in
3538 5865 3846 5931 quibusdam
