4072 6404
214 350 320 410 325

217 481 333 519 runt
360 455 706 518 Mediam-int
736 471 820 510 ros
842 468 1014 508 omnes
1045 450 1276 506 homines
1307 446 1476 519 (Luc.
1510 444 1566 502 6.
1595 443 1742 515 26);
1769 451 1826 499 et

216 567 407 611 rursus
426 594 442 616 ,
475 549 702 605 Luceant
729 563 888 618 opera
906 552 1094 607 vestra,
1135 551 1190 596 ut
1228 539 1432 595 videant
1477 537 1740 603 homines,
1778 544 1827 591 et

217 644 511 717 gloriﬁcent
536 639 748 695 Patrem
770 648 986 694 oestrum
1010 636 1098 706 qui
1117 635 1171 688 in
1190 632 1330 687 earlis
1366 641 1440 687 est
1492 629 1723 702 (Matth.
1768 629 1823 684 5.

217 736 283 790 16
303 733 350 806 ).
381 733 440 788 Si
470 747 606 786 Vero
642 730 769 784 alibi
792 729 934 784 dicat
964 743 978 779 :
1007 724 1068 781 Si
1087 725 1201 795 quis
1223 720 1644 778 scandalisaoerit
1667 734 1828 774 unum

212 843 277 881 es
299 826 383 880 Itis
406 823 613 892 pusillis
632 863 648 888 ,
681 819 885 889 expedit
909 818 956 872 ei
985 826 1039 870 ut
1067 814 1414 884 impendatur
1436 813 1573 867 mola
1598 812 1828 866 asinaria

211 935 244 970 ι
272 916 411 970 collo
446 917 560 986 ejus
581 956 595 980 ,
633 922 682 966 et
709 912 1037 980 demergatur
1066 909 1121 962 in
1163 907 1478 980 profundum
1521 906 1715 970 maris;
1759 917 1829 958 ne

214 1005 439 1062 mireris
473 1024 487 1059 :
521 1019 628 1059 non
656 1001 802 1058 enim
831 1009 956 1056 sunt
1002 999 1118 1055 haec
1161 999 1432 1055 contraria
1456 1038 1472 1064 ,
1519 998 1631 1052 imo
1670 995 1830 1051 valde

211 1105 540 1155 consonant.
571 1088 706 1151 Nam
736 1095 782 1150 si
808 1093 948 1164 apud
969 1107 1070 1148 nos
1098 1092 1250 1158 flant,
1278 1105 1361 1146 vze
1391 1089 1546 1146 nobis
1572 1105 1586 1154 ;
1617 1089 1701 1145 sin
1718 1104 1830 1145 non

210 1191 359 1261 apud
386 1205 486 1244 nos
516 1187 651 1243 ﬁant
673 1229 689 1253 ,
717 1201 824 1242 non
858 1187 1005 1240 item.
1037 1183 1105 1237 Et
1135 1185 1329 1238 iterum
1362 1199 1376 1236 :
1417 1179 1510 1236 Vte
1538 1181 1712 1249 vobis,
1741 1197 1830 1251 per

209 1299 340 1354 quos
389 1297 580 1335 nomen
627 1279 724 1333 Dei
768 1277 1154 1348 blasphematur
1198 1271 1397 1346 (Rom.
1429 1271 1487 1327 3.
1518 1272 1592 1328 24
1612 1271 1657 1343 ).
1688 1271 1829 1341 Quid

211 1388 347 1444 ergo
371 1413 387 1439 ,
433 1373 479 1426 si
512 1386 618 1442 ego
644 1369 788 1424 facio
814 1366 957 1437 quod
979 1366 1166 1432 decet,
1190 1374 1245 1422 et
1269 1366 1408 1421 alius
1446 1364 1830 1436 blasphemat?

211 1464 360 1521 Nihil
389 1463 459 1520 ad
487 1473 573 1528 te,
604 1461 705 1518 sed
735 1461 804 1516 ad
830 1460 978 1514 illum
1010 1477 1025 1515 :
1057 1472 1181 1514 nam
1229 1473 1326 1529 per
1373 1456 1526 1512 illum
1571 1457 1830 1529 blasphe-

213 1569 417 1614 matur.
454 1557 523 1612 Et
547 1556 641 1626 qui
674 1554 792 1609 lieri
819 1560 1024 1623 potest,
1053 1560 1116 1606 ut
1143 1549 1288 1621 quod
1325 1549 1483 1606 decet
1526 1547 1786 1605 faciamus
1813 1589 1828 1616 ,

210 1665 265 1709 et
294 1653 420 1708 aliis
448 1665 641 1718 ansam
670 1648 912 1703 demus?
942 1646 1095 1703 Unde
1126 1645 1289 1702 vultis
1314 1660 1343 1700 a
1371 1645 1724 1717 praesentibus
1747 1644 1832 1700 vel

211 1760 240 1798 a
289 1743 574 1800 veteribus
612 1741 768 1796 vobis
815 1739 1061 1809 exempla
1107 1737 1352 1794 afferam.
1407 1736 1488 1794 Ne
1534 1744 1834 1793 ostentato-

213 1851 303 1890 res
332 1835 510 1888 simus
550 1833 788 1888 vultisne
827 1831 879 1884 id
919 1829 1061 1902 quod
1101 1845 1214 1901 pra:
1253 1830 1503 1886 manibus
1547 1830 1830 1896 habemus,

213 1925 510 1982 dicamus?
539 1923 861 1981 Judaizabat
886 1921 1086 1978 Paulus
1112 1921 1506 1996 Jerosolymaa,
1561 1938 1668 1978 non
1715 1923 1834 1978 An-

214 2017 433 2073 tiochiae
460 2033 476 2081 ;
504 2013 857 2086 judaizabat,
903 2022 959 2070 et
1007 2014 1084 2069 illi
1129 2013 1564 2071 offendebantur.
1614 2019 1684 2070 At
1725 2031 1832 2071 non

212 2107 333 2178 iure
359 2105 800 2162 oll'endebantur.
833 2104 1036 2160 Dicitur
1080 2105 1343 2162 salutasse
1381 2105 1611 2163 Neronis
1659 2106 1833 2178 pocil-

215 2200 447 2255 latorem
480 2209 536 2255 et
562 2199 924 2256 concubinam
979 2200 1191 2269 Quanta
1224 2202 1424 2272 putatis
1449 2211 1640 2258 contra
1681 2203 1833 2257 illum

219 2304 445 2365 prOpter
499 2295 602 2350 hoc
649 2293 858 2350 dixisse
903 2295 1068 2350 illos?
1109 2294 1216 2350 Sed
1265 2310 1374 2351 non
1410 2296 1557 2367 juste
1589 2313 1602 2349 :
1633 2311 1756 2351 nam
1789 2298 1834 2352 si

219 2386 460 2441 lascivia».
491 2400 656 2441 causa
682 2385 994 2454 salutasset,
1025 2386 1107 2442 vel
1139 2387 1209 2443 ob
1231 2389 1369 2443 mala
1387 2404 1574 2461 opera,
1605 2391 1831 2446 merito:

217 2478 302 2530 sin
330 2476 405 2532 ob
434 2477 577 2531 viam
606 2485 808 2532 rectam
835 2518 853 2544 ,
889 2480 1098 2548 quare?
1129 2479 1312 2536 Dicam
1343 2480 1546 2552 aliquid
1568 2522 1582 2546 ,
1613 2483 1755 2554 quod
1781 2492 1837 2539 et

220 2571 355 2625 mihi
381 2581 437 2626 et
463 2568 718 2625 familiari
747 2569 964 2626 cuidam
991 2587 1114 2628 meo
1140 2574 1354 2628 accidit.
1386 2573 1518 2630 Cum
1546 2575 1836 2656 aliquando

220 2665 298 2719 ira
334 2663 432 2719 Dei
465 2663 765 2731 incideret,
794 2672 849 2720 et
870 2664 959 2719 ille
981 2665 1271 2722 admodum
1313 2668 1529 2736 juvenis
1566 2679 1712 2725 esset
1749 2680 1836 2726 at-

220 2771 327 2825 que
360 2755 413 2810 in
441 2755 796 2810 diaconorum
820 2755 1008 2810 ordine
1031 2798 1047 2825 ,
1089 2757 1315 2814 absente
1360 2767 1487 2815 tunc
1533 2761 1793 2831 episcopo
1817 2802 1833 2827 ,

222 2865 348 2903 cum
381 2849 827 2920 presbyterorum
855 2849 1036 2905 nullus
1077 2860 1332 2917 curaret,
1383 2851 1476 2908 sed
1528 2869 1631 2908 una
1677 2863 1836 2910 nocte

217 2941 515 2996 confertim
566 2951 621 2996 et
670 2949 877 2996 temere
933 2942 1272 3013 baptizarent
1327 2946 1497 3001 multa
1555 2947 1836 3004 hominum

221 3032 438 3096 millia.
498 3040 556 3089 et
605 3032 929 3102 simpliciter
979 3033 1388 3104 baptisarentur
1436 3053 1627 3095 omnes
1697 3040 1833 3097 nihil

220 3125 464 3181 scientes
495 3142 509 3178 :
543 3124 646 3179 bos
677 3125 769 3180 ille
796 3126 1044 3196 privatim
1075 3127 1347 3198 accipiens
1395 3139 1450 3186 et
1484 3141 1745 3188 centenos
1781 3143 1838 3189 et

219 3218 565 3275 ducentenos
593 3218 969 3288 alloquebatur
992 3259 1007 3285 ,
1037 3218 1104 3274 de
1131 3220 1233 3274 alia
1262 3222 1410 3276 nulla
1438 3238 1497 3278 re
1520 3263 1536 3287 ,
1579 3239 1740 3294 quam
1768 3224 1838 3281 de

223 3310 508 3384 mysteriis
539 3318 745 3364 tantum
773 3310 1080 3379 disserens,
1124 3311 1199 3367 ita
1245 3322 1302 3368 ut
1352 3329 1459 3369 non
1513 3315 1840 3372 concederet

222 3404 493 3459 accedere
523 3418 631 3457 non
660 3401 919 3456 initiatos.
955 3403 1110 3458 llunc
1134 3414 1390 3473 putarunt
1417 3407 1570 3462 multi
1596 3408 1850 3470 ambien-,

226 3505 336 3550 tem
375 3495 736 3564 principatmn
765 3493 868 3548 hoc
884 3497 1080 3550 facere.
1101 3496 1169 3549 At
1192 3496 1282 3553 ille
1307 3513 1497 3552 eorum
1525 3499 1836 3568 Opinionem

222 3586 380 3642 nihili
399 3586 605 3641 faciens
625 3601 733 3639 non
758 3593 936 3640 tamen
967 3589 1202 3655 perrexit
1230 3588 1431 3644 diutius
1458 3590 1509 3644 id
1536 3606 1719 3661 agere,
1739 3593 1837 3649 sed

221 3679 462 3733 cessavit
493 3677 698 3731 statim.
725 3676 864 3743 Quid
894 3677 1068 3747 ergo?
1096 3694 1222 3733 num
1253 3680 1345 3735 ille
1374 3680 1684 3738 ol'fendiculi
1711 3700 1835 3740 cau-

220 3786 279 3824 sa
311 3770 454 3824 fuit?
484 3769 600 3823 Non
634 3779 764 3839 puto
788 3781 955 3826 certe.
980 3769 1116 3824 Nam
1147 3771 1192 3825 si
1222 3773 1365 3828 nulla
1392 3773 1461 3830 de
1482 3790 1644 3830 causa
1669 3776 1720 3831 id
1757 3776 1838 3832 fe-

219 3865 392 3917 cisset
411 3906 430 3930 ,
479 3865 676 3916 merito
706 3863 855 3917 illum
877 3863 1386 3934 reprehendissent,
1407 3864 1572 3938 atque
1597 3870 1760 3925 etiam
1791 3872 1836 3927 si

224 3955 423 4009 iterum
483 3954 830 4023 perrexisset.
880 3955 1015 4012 Nam
1047 3973 1169 4012 cum
1203 3960 1562 4029 prohibentur
1606 3979 1671 4019 ea
1716 3980 1838 4036 qua:

227 4044 338 4099 Deo
392 4046 590 4114 placita
639 4055 799 4108 sunt.
858 4055 1078 4117 propter
1124 4049 1355 4107 aliorum
1401 4052 1786 4112 oll'endiculum
1817 4101 1834 4127 ,

219 4136 683 4191 contemnendum
736 4146 857 4192 est:
903 4148 1030 4194 tunc
1077 4152 1258 4197 autem
1306 4145 1648 4214 curandum,
1713 4164 1836 4206 cum

222 4243 329 4282 nan
367 4231 616 4299 cogimur
640 4239 864 4299 propter
893 4231 1047 4287 illum
1075 4233 1352 4293 offendere
1383 4239 1574 4294 Deum.
1615 4241 1832 4299 Etenim

1193 333 1261 391 IN
1301 331 1484 391 ACTA
1525 327 2060 387 APOSTOLORUM.
2105 325 2336 384 HOMIL.
2382 321 2590 382 XLVII.

3445 319 3554 377 526

1941 440 2031 496 die
2049 480 2067 507 ,
2097 454 2314 510 qumso,
2345 437 2393 494 si
2418 434 2575 492 nobis
2600 432 3000 491 disserentibus
3022 441 3079 490 et
3104 433 3354 491 ebriosos
3378 436 3561 491 inces-

1935 531 2180 589 sentibus
2209 529 2428 602 quidam
2457 527 2861 594 offenderetur,
2905 544 3034 583 num
3061 543 3166 600 ego
3211 529 3356 600 loqui
3401 528 3551 584 desi-

1937 625 2167 682 nerem?
2193 623 2332 681 Audi
2361 623 2642 680 Christum
2673 621 2944 678 dicentem
2977 637 2993 678 :
3024 620 3172 676 Num
3199 633 3246 677 et
3272 638 3360 678 vos
3394 622 3552 676 uultis

1935 719 2078 774 abire
2101 717 2298 790 (Joan.
2324 717 2382 775 6.
2411 716 2518 788 68)
2540 715 2564 771 l
2602 713 2696 772 Sic
2725 729 2827 770 nec
2851 702 3204 771 contemnere
3230 730 3334 771 nec
3360 730 3554 772 curare

1936 811 2164 868 nimium
2192 817 2410 881 Oportet
2435 809 2732 864 multorum
2764 806 3157 863 inﬁrmitatem.
3189 811 3384 862 Annon
3411 806 3557 862 vide-

1937 917 2060 960 mus
2085 903 2247 959 etiam
2277 901 2523 957 medicos
2550 899 2657 956 hoc
2681 898 2862 954 facere
2883 940 2898 965 ,
2929 907 2984 953 et
3004 898 3222 969 quando
3248 899 3378 954 licet
3399 897 3553 954 inlir-

1937 998 2042 1055 mis
2063 998 2336 1070 gratiosos
2362 1009 2517 1062 esse,
2546 995 2768 1066 quando
2791 1002 2974 1049 autem
3019 993 3190 1066 gratia
3230 992 3338 1047 illis
3369 992 3558 1064 perni-

1937 1093 2086 1148 ciosa
2115 1100 2281 1155 esset,
2317 1105 2426 1146 non
2454 1088 2596 1145 ultra
2631 1087 2738 1142 illis
2768 1084 3038 1158 parcere?
3075 1085 3285 1157 Ubique
3330 1085 3554 1142 modum

1937 1198 2160 1240 servare
2182 1182 2385 1238 bonum
2414 1191 2519 1238 est.

2015 1274 2252 1330 Historia
2304 1273 2516 1346 uirginis
2556 1271 2850 1336 cuiusdam.
2881 1300 2956 1312 —
2981 1269 3132 1327 Multi
3190 1269 3381 1340 puella:
3426 1270 3554 1324 vir-

1939 1370 2050 1442 gini
2115 1368 2367 1425 formosa:
2419 1367 2864 1424 conviciabantur
2913 1365 2986 1422 ob
3037 1365 3395 1430 catrcliesiu;
3447 1363 3548 1420 ad-

1941 1463 2259 1520 oriebantur
2287 1463 2432 1518 illam
2481 1459 2753 1531 simulque
2799 1474 2916 1528 eos,
2946 1459 3039 1531 qui
3083 1459 3255 1528 ipsam
3309 1458 3557 1513 institue-

1943 1556 2092 1613 bant.
2116 1555 2256 1625 Quid
2276 1555 2444 1626 ergo?
2488 1569 2618 1610 num
2653 1553 2778 1610 ideo
2813 1553 2937 1609 illos
2980 1552 3278 1607 abscedere
3331 1559 3556 1622 oportu-

1942 1647 2074 1702 batl
2119 1646 2380 1702 Minime:
2415 1645 2552 1700 nihil
2599 1645 2747 1700 enim
2798 1643 3035 1715 agebant
3070 1643 3426 1710 contrarium,
3459 1643 3555 1699 scd

1943 1755 2058 1795 rem
2105 1721 2264 1795 valde
2312 1747 2524 1810 gratam
2569 1737 2700 1793 Deo.
2751 1735 2832 1792 Ne
2873 1737 3054 1807 itaque
3097 1734 3460 1800 attendamus,
3512 1735 3558 1790 si

1940 1831 2161 1901 quidam
2185 1830 2552 1896 oliendantur,
2580 1829 2678 1887 sed
2692 1830 2737 1885 si
2753 1829 2924 1898 juste,
2944 1838 2998 1886 et
3019 1829 3063 1884 si
3087 1845 3193 1886 non
3211 1829 3278 1886 ad
3299 1829 3557 1886 damnum

1943 1932 2208 1980 nostrum.
2243 1921 2305 1979 Si
2329 1922 2493 1988 cibus,
2525 1923 2720 1994 inquit,
2751 1920 2966 1990 oﬂ'endit
2988 1924 3201 1994 fratrem
3235 1938 3424 1987 meum,
3456 1939 3559 1976 non

1939 2013 2206 2070 comedam
2246 2030 2427 2069 carnes
2481 2013 2537 2069 in
2588 2023 2838 2069 teternam
2864 2014 2954 2086 (l.
2989 2012 3111 2068 Cor.
3141 2011 3197 2069 8.
3229 2013 3301 2070 15
3321 2014 3364 2087 ).
3395 2014 3558 2080 iure;

1941 2109 2077 2165 nihil
2102 2109 2250 2165 enim
2279 2107 2517 2165 nocebat
2547 2122 2657 2165 non
2677 2107 2968 2165 comedere
2995 2128 3008 2164 :
3037 2108 3084 2163 si
3105 2122 3237 2164 vero
3256 2106 3555 2163 oll‘endatut

1942 2201 2054 2268 ille,
2081 2200 2228 2273 quod
2257 2199 2576 2257 renuntiare
2623 2199 2814 2268 velim,
2847 2215 2955 2254 non
2980 2199 3092 2269 jam
3135 2200 3458 2256 curandum.
3492 2197 3558 2254 Et

1943 2317 2270 2374 quemnam,
2329 2301 2582 2371 inquies,
2639 2299 2692 2355 id
2748 2298 3016 2356 ollendit'l
3061 2299 3379 2368 Multos,ut
3423 2301 3557 2356 scio.

1943 2395 2174 2463 Quando
2205 2394 2368 2464 igitur
2409 2391 2725 2449 indiﬂ'erens
2776 2403 2882 2459 est,
2929 2393 3287 2450 abstineatur.
3337 2392 3472 2449 Nam
3517 2392 3566 2448 ri

1945 2486 2193 2540 volumus
2241 2483 2310 2539 ad
2365 2484 2472 2539 hoc
2525 2499 2694 2538 unum
2747 2493 3034 2554 spectare,
3081 2499 3114 2539 a
3166 2483 3352 2540 multis
3380 2483 3566 2540 absti-

1944 2577 2181 2633 nendum
2237 2578 2344 2632 erit
2391 2594 2404 2632 :
2455 2577 2597 2633 sicut
2646 2592 2680 2632 e
2731 2577 2950 2633 diverso
3013 2579 3058 2633 si
3127 2588 3563 2643 contemnamus,

1943 2670 2099 2725 multi
2123 2670 2395 2741 peribunt.
2421 2669 2554 2725 Nam
2577 2678 2634 2725 et
2651 2669 2849 2724 Paulus
2879 2671 3135 2739 prmcavit
3151 2669 3561 2736 oli'eudiculmn,

1944 2771 2000 2820 et
2037 2761 2313 2834 quomodo
2361 2762 2525 2816 audi:
2562 2759 2646 2816 Ne
2677 2761 2775 2816 hac
2802 2761 3145 2834 plenitudine,
3205 2761 3399 2834 inquit,
3450 2777 3567 2834 qua!

1944 2855 2266 2909 ministratur
2290 2871 2323 2908 a
2353 2854 2499 2910 nobis
2527 2854 2617 2926 (2.
2648 2852 2772 2910 Cor.
2811 2853 2870 2911 8.
2909 2854 3040 2927 20).
3069 2855 3214 2912 Nihil
3235 2856 3380 2912 enim
3405 2871 3569 2912 noce-

1945 2949 2037 3003 bat
2058 2948 2424 3019 suspicionem
2454 2948 2667 3004 tollere.
2697 2948 2926 3018 Quando
2953 2957 3134 3005 autem
3158 2950 3212 3004 in
3239 2957 3444 3006 tantam
3477 2950 3566 3005 in-

1942 3037 2240 3096 ciderimus
2261 3039 2664 3107 necessitatem,
2695 3049 2755 3096 ut
2777 3049 3000 3113 prepter
3019 3041 3244 3098 alterius
3269 3040 3567 3100 oll‘endicu-

1942 3131 2056 3188 lum
2101 3146 2296 3202 magna
2342 3131 2596 3187 eveniant
2651 3130 2792 3186 mala
2841 3149 2856 3187 :
2903 3133 3079 3203 ipsum
3124 3143 3561 3189 contemnamus.

1943 3221 2040 3279 lile
2068 3222 2288 3294 quidem
2315 3222 2418 3278 sibi
2439 3222 2493 3278 in
2519 3236 2682 3279 causa
2714 3231 2835 3288 est;
2867 3237 2968 3278 nos
2997 3237 3127 3280 vero
3144 3223 3258 3293 jam
3288 3224 3433 3280 noxii
3458 3241 3568 3281 non

1944 3330 2133 3371 sumus
2167 3334 2181 3370 :
2212 3331 2318 3370 non
2341 3314 2516 3386 potuit
2543 3315 2690 3371 enim
2717 3315 2838 3371 sine
2865 3314 3067 3371 damno
3098 3315 3174 3370 illi
3203 3317 3372 3386 parci.
3414 3316 3569 3373 Multi

1945 3405 2139 3462 offensi
2167 3415 2315 3472 sunt,
2333 3405 2487 3477 quod
2515 3404 2568 3460 in
2588 3405 2792 3476 templo
2813 3405 3081 3463 cubarent
3101 3407 3323 3478 quidam
3353 3408 3564 3476 fideles,

1947 3501 2102 3570 quasi
2126 3513 2234 3555 non
2263 3499 2492 3564 liceret;
2525 3498 2621 3553 sed
2653 3500 2795 3554 male
2827 3515 2841 3553 :
2872 3499 3008 3554 nihil
3035 3501 3178 3554 enim
3203 3499 3331 3557 hinc
3357 3500 3566 3557 damni.

1945 3591 2390 3658 Oll‘endebantur,
2420 3589 2564 3662 quod
2592 3606 2714 3644 cum
2743 3591 2979 3646 ethnicis
3005 3592 3320 3647 comederet
3341 3593 3566 3660 Petrus;

1947 3685 2042 3740 sed
2100 3685 2190 3740 ille
2230 3684 2512 3750 abstinuit,
2565 3683 2655 3739 hic
2706 3699 2836 3740 vero
2877 3698 2984 3739 non
3015 3685 3163 3740 item.
3212 3686 3422 3757 Ubique
3469 3703 3570 3744 nos

1947 3779 2106 3836 decet
2129 3780 2278 3850 leges
2301 3780 2394 3834 Dei
2418 3787 2731 3850 sequentes,
2761 3793 3012 3850 magnam
3037 3795 3222 3835 curam
3248 3780 3470 3847 habere,
3502 3796 3571 3842 ne

1946 3886 2108 3943 quam
2159 3870 2469 3926 oll‘endiculi
2501 3870 2846 3926 occasionem
2880 3871 3242 3942 praebeamus,
3273 3881 3331 3927 ut
3371 3883 3425 3928 et
3470 3889 3572 3930 nos

1948 3964 2154 4019 innoxii
2182 3963 2374 4029 simus,
2408 3973 2463 4019 et
2486 3962 2582 4018 Dei
2609 3963 2955 4018 clementiam
2987 3978 3408 4035 consequamur,
3441 3982 3571 4038 gra-

1948 4058 2018 4112 tia
2050 4066 2105 4114 et
2127 4056 2458 4127 benignitate
2489 4055 2764 4128 Unigeniti
2791 4057 2933 4127 ejus,
2954 4057 3171 4127 quicum
3195 4058 3338 4114 Patri
3369 4068 3426 4114 et
3445 4073 3573 4114 san-

1947 4161 2037 4208 cto
2062 4150 2285 4222 Spiritui
2306 4150 2502 4222 gloria,
2524 4151 2836 4219 imperium,
2862 4149 3060 4219 honor,
3087 4166 3230 4207 nunc
3250 4160 3306 4209 et
3330 4167 3570 4224 semper,

1946 4255 2002 4302 et
2033 4246 2088 4300 in
2118 4246 2318 4301 sucula
2341 4244 2689 4301 saeculorum.
2717 4244 2912 4302 Amen.

1561 4453 1913 4519 HOMILIA
1958 4457 2215 4520 XLVII.

220 4585 350 4643 Car.
383 4586 479 4642 2|.
529 4602 584 4642 v.
634 4586 724 4644 39.
771 4587 917 4644 Dixit
935 4601 1105 4647 autem
1139 4592 1335 4652 Paulus
1365 4615 1384 4652 :
1411 4598 1526 4671 Ego
1559 4604 1711 4659 homo
1733 4621 1849 4660 sum

292 4679 505 4750 quidem
527 4677 744 4734 ludatur
765 4696 797 4734 a
826 4680 991 4737 Tarso
1027 4683 1242 4755 Cilicia,
1275 4707 1376 4743 non
1411 4691 1647 4761 ignobilis
1666 4698 1846 4751 civita-

291 4773 357 4829 tis
386 4771 511 4825 ciris
539 4788 558 4825 :
589 4787 714 4841 rogo
738 4783 909 4829 autem
939 4784 1005 4842 te,
1055 4781 1290 4847 permitte
1332 4784 1460 4837 mihi
1487 4786 1626 4857 loqui
1656 4789 1724 4842 ad
1751 4806 1845 4860 po-

290 4866 498 4936 pulum.
526 4865 619 4920 40.
650 4864 720 4918 Et
749 4883 865 4920 cum
897 4870 986 4924 ille
1013 4873 1344 4943 permisisset,
1385 4875 1589 4933 Paulus
1613 4890 1756 4937 stans
1793 4883 1848 4938 in

287 4957 564 5030 gradibus,
595 4961 778 5013 annuit
803 4977 961 5016 manu
994 4963 1065 5016 ad
1107 4965 1322 5035 plebem,
1353 4980 1399 5023 et
1430 4987 1621 5040 magno
1642 4975 1847 5031 silentio

290 5056 455 5123 facta,
478 5051 774 5121 alloquium
804 5065 878 5108 est
901 5055 1078 5128 lingua
1108 5057 1350 5128 Hebraea,
1394 5065 1588 5121 dicens.

291 5211 345 5266 l.
379 5209 514 5266 Vide
541 5210 714 5276 illum,
745 5211 962 5281 quando
991 5223 1251 5272 externos
1275 5219 1588 5291 alloquitur,
1618 5238 1727 5280 non
1757 5240 1846 5281 re-

219 5315 412 5358 cusare
437 5302 606 5356 etiam
639 5301 904 5372 legalibus
931 5305 1008 5360 uti
1034 5305 1386 5376 adjumcntis.
1429 5312 1528 5368 Hic
1574 5316 1724 5371 illum
1778 5333 1844 5372 ex

220 5394 460 5450 civitatis
483 5395 704 5448 nomine
732 5393 992 5450 refrenat.
1028 5396 1119 5453 Sic
1147 5409 1204 5454 et
1225 5411 1383 5456 antea
1413 5404 1629 5460 dicebat
1661 5421 1674 5456 :
1714 5406 1844 5462 Ver-

224 5489 454 5542 berantes
496 5502 591 5541 nos
623 5487 817 5542 indicta
845 5487 1024 5557 causa,
1059 5492 1288 5548 homines
1317 5492 1581 5551 Romanos
1607 5500 1842 5568 coniece-

221 5592 335 5634 runt
367 5581 419 5634 in
437 5596 698 5636 carcerem
743 5583 898 5651 (Act.
930 5581 1020 5638 16.
1053 5584 1185 5656 '57).
1237 5587 1372 5653 Quia
1421 5591 1565 5645 enim
1597 5593 1852 5649 sciscita~

223 5668 381 5726 batur
413 5689 428 5726 :
471 5670 556 5726 Tu
584 5690 638 5728 es
661 5671 949 5745 digyptius
972 5676 1101 5730 ille?
1125 5675 1238 5749 Ego
1277 5696 1390 5734 sum
1410 5724 1426 5748 ,
1451 5683 1661 5754 inquit,
1692 5687 1843 5741 homo

223 5761 452 5819 ἐμέσειε.
483 5761 575 5819 Sic
615 5762 896 5838 loquutus,
927 5765 1080 5822 illum
1108 5771 1294 5826 statim
1335 5789 1364 5829 a
1401 5777 1712 5846 suspicione
1738 5781 1837 5837 ab-

1953 4608 2125 4664 duxit.
2158 4609 2364 4667 Deinde
2405 4626 2474 4668 ne
2515 4621 2800 4682 putaretur
2828 4629 2895 4670 ex
2937 4623 3100 4686 gente
3144 4613 3386 4684 Iudaeus,
3433 4619 3572 4676 dixit

1952 4701 2271 4772 religionem
2297 4721 2311 4757 :
2347 4702 2552 4760 etenim
2582 4715 2638 4760 et
2674 4705 2804 4760 alibi
2831 4721 2891 4761 se
2915 4705 3016 4762 sub
3060 4707 3178 4780 lege
3208 4708 3413 4766 Christi
3441 4712 3573 4769 dicit

1951 4807 2093 4848 esse.
2127 4793 2266 4862 Quid
2294 4793 2399 4851 hoc
2427 4797 2545 4852 est?
2576 4796 2651 4868 (a)
2693 4795 2998 4871 [Paulusne
3025 4801 3322 4858 mentitur?
3358 4802 3572 4877 Absit.]

1949 4885 2090 4954 Quid
2123 4887 2330 4958 igitur?
2363 4904 2470 4944 non
2502 4890 2760 4961 negavit?
2785 4891 2944 4948 Absit
2983 4891 3243 4950 :Judteus
3285 4896 3432 4950 enim
3456 4907 3580 4953 erat

1950 4989 2005 5034 et
2037 4978 2400 5046 Christianus,
2429 4996 2786 5053 quaecumque
2815 4984 3102 5053 Oportebat
3145 4999 3371 5043 servans
3401 5006 3414 5041 :
3446 4990 3571 5060 quia

1950 5081 2006 5128 et
2034 5072 2137 5145 legi
2161 5073 2278 5144 ipse
2300 5073 2536 5130 maxime
2565 5075 2812 5146 parebat,
2852 5074 3074 5133 Christo
3099 5078 3352 5147 credens,
3387 5091 3441 5135 et
3467 5081 3571 5137 Pe-

1953 5177 2092 5222 trum
2112 5167 2396 5239 alloquens
2421 5167 2556 5223 dicit
2583 5187 2596 5222 :
2623 5167 2738 5224 Nos
2754 5180 2944 5226 natura
2970 5170 3147 5227 λιιάωὶ
3164 5172 3184 5245 (
3200 5171 3322 5229 Gal.
3350 5174 3407 5229 2.
3441 5177 3506 5232 15
3519 5171 3565 5240 ).

1950 5257 2098 5331 Rogo
2143 5270 2212 5328 te,
2261 5261 2496 5332 permitte
2524 5278 2606 5317 me
2653 5263 2795 5334 loqui
2823 5265 2893 5318 ad
2922 5267 3192 5338 populum.
3243 5267 3359 5324 Hoc
3399 5273 3568 5327 etiam

1949 5353 2206 5409 indicium
2237 5364 2342 5421 est,
2388 5356 2529 5425 quod
2560 5372 2668 5411 non
2701 5360 3027 5427 mentiatur;
3059 5360 3327 5431 siquidem
3379 5378 3576 5421 omnes

1949 5446 2252 5502 adducebat
2281 5456 2470 5503 testes.
2513 5447 2816 5505 Considera
2843 5467 3033 5508 rursus
3063 5453 3215 5508 illum
3244 5469 3367 5510 cum
3414 5471 3566 5509 man-

1949 5541 2236 5595 suetudine
2256 5541 2638 5596 disserentem.
2664 5542 2734 5598 Et
2751 5543 2856 5600 hoc
2877 5561 3066 5602 rursus
3086 5558 3462 5618 argumentum
3488 5562 3567 5604 est

1950 5634 2268 5701 maximum,
2321 5633 2467 5705 quod
2496 5635 2629 5690 nulli
2681 5645 2829 5692 esset
2855 5638 3070 5694 crimini
3097 5640 3389 5713 obnoxius,
3423 5643 3568 5713 quod

2012 5811 2085 5875 (a)
2123 5813 2318 5863 Unoiuis
2339 5811 2503 5865 clausa
2527 5814 2708 5866 desunt
2739 5818 2787 5867 in
2811 5818 3104 5882 quibusdam
3132 5819 3390 5871 codicibus
