4072 6416
557 320 658 379 39.1

553 439 636 494 sic
666 444 877 506 paratus
904 439 1044 489 esset
1063 428 1129 486 ad
1154 427 1384 484 dandam
1425 427 1706 491 rationem,
1738 424 2000 492 velletque
2026 420 2140 475 sisti

557 535 621 582 ad
655 523 1085 596 respondendum
1113 520 1330 577 Judmis.

636 618 830 672 Paulus
853 616 1050 670 vinctus
1087 613 1434 667 concinnatur.
1455 639 1522 649 -—
1541 607 1676 662 Vide
1721 605 2040 660 instructqu
2075 603 2151 656 vi—

561 725 699 772 rum,
732 707 854 763 vide
903 703 1255 761 oeconomiam
1285 719 1298 755 :
1328 700 1431 755 nisi
1463 699 1703 754 tribunus
1745 696 1999 757 venisset,
2049 693 2148 748 nisi

558 801 797 870 ligasset,
820 812 1072 854 sermone
1093 794 1158 849 ad
1181 793 1546 849 defensionem
1569 806 1701 860 opus
1724 804 1827 843 non
1853 787 2146 850 habuisset,

560 906 731 962 neque
759 899 962 945 tantum
1000 889 1340 955 impetrasset
1366 883 1664 938 silentium.
1695 879 2028 964 Permittente
2056 893 2149 929 au-

559 992 657 1035 tem
683 982 796 1045 illo,
821 977 1020 1032 Paulus
1047 978 1064 1008 ¹
1089 985 1231 1030 stans
1267 975 1319 1027 in
1349 972 1612 1043 gradibus.
1642 971 1684 1024 A
1712 970 1832 1024 loco
1863 967 2034 1036 major
2071 966 2150 1019 fa-

557 1073 750 1134 cilitas,
799 1077 854 1124 et
902 1066 1044 1138 quod
1098 1065 1149 1119 in
1180 1065 1406 1119 editiore
1452 1061 1617 1133 gradu
1658 1061 1962 1129 loqueretur
1989 1066 2148 1127 atque

561 1161 768 1231 ligatus.
818 1158 954 1225 Quid
1011 1157 1132 1211 huic
1181 1154 1488 1224 spectaculo
1532 1168 1647 1221 par,
1702 1151 1882 1204 videre
1923 1148 2147 1202 Paulum

558 1253 765 1308 duabus
785 1252 990 1307 catenis
1015 1251 1249 1304 vinctum
1272 1247 1680 1302 concionantem
1698 1243 1722 1296 ?
1742 1240 2011 1312 quomodo
2037 1250 2150 1294 tur-

560 1345 733 1410 batus,
777 1340 1050 1413 quomodo
1087 1337 1340 1395 confusus
1392 1352 1496 1390 non
1525 1344 1625 1395 est,
1663 1343 1864 1386 tantum
1895 1329 2146 1399 pupulum

560 1437 744 1492 videns
783 1441 1178 1504 exasperatum,
1209 1431 1454 1484 adstante
1486 1425 1749 1497 praeside!
1783 1425 1959 1479 Primo
2007 1422 2150 1477 furo-

561 1545 672 1583 rem
702 1529 912 1583 illorum
945 1524 1170 1589 sedavit,
1198 1521 1388 1576 deinde
1413 1519 1696 1589 alloquitur
1722 1537 1735 1571 :
1763 1527 1817 1571 et
1843 1516 1964 1571 vide
1990 1529 2148 1586 quam

562 1623 872 1691 prudenter.
907 1620 1035 1674 Nam
1063 1618 1114 1671 id
1134 1615 1276 1686 quod
1304 1615 1354 1668 in
1380 1612 1616 1682 Epistola
1641 1617 1706 1664 ad
1727 1610 1982 1664 Hcora'os
2005 1608 2145 1673 fecit,

563 1714 662 1767 hoc
691 1723 742 1766 et
772 1712 856 1765 hic
879 1711 1003 1764 facit
1037 1726 1051 1760 :
1081 1699 1259 1778 primo
1280 1705 1599 1775 cognatione
1624 1702 1767 1756 vocis
1795 1702 1937 1769 ipsos
1960 1699 2144 1764 allicit,

561 1806 682 1861 hinc
710 1800 1145 1858 mansuetudine.
1170 1797 1295 1852 Ideo
1324 1796 1424 1850 hoc
1453 1795 1750 1858 declarans,
1776 1791 1904 1846 dicit
1933 1810 1945 1844 :
1981 1789 2148 1843 Multo

560 1898 694 1967 facto
733 1895 950 1959 silentio,
983 1890 1275 1957 olloquulus
1312 1897 1385 1942 est
1430 1886 1603 1958 lingua
1648 1883 1886 1948 Hebrum,
1931 1884 2100 1935 dicens
2131 1896 2148 1934 :

562 1990 715 2060 (Cap.
763 1985 940 2054 22.”.
983 1983 1091 2038 Viri
1118 1984 1298 2052 fratres
1324 1990 1370 2034 et
1408 1989 1595 2050 patres,
1631 1977 1801 2030 audite
1835 1991 1986 2042 quam
2012 1974 2148 2027 vobis

562 2098 696 2135 nunc
717 2080 872 2134 reddo
895 2078 1158 2130 rationem.
1185 2074 1314 2129 Vide
1333 2076 1493 2128 etiam
1520 2069 1840 2125 adulationis
1869 2077 2144 2136 expertem

564 2186 867 2227 sermonem
897 2177 949 2224 et
980 2167 1242 2223 modestia
1272 2165 1510 2234 plenum.
1538 2163 1652 2217 Non
1681 2162 1823 2216 enim
1853 2160 2007 2224 dixit,
2041 2161 2146 2214 Do-

559 2264 712 2326 mini,
734 2262 849 2327 scd,
887 2261 1134 2323 Fratres;
1161 2256 1302 2328 quod
1339 2257 1571 2310 maxime
1597 2254 1868 2317 amabant,
1898 2267 1959 2307 ac
1987 2253 2032 2308 si
2062 2252 2145 2307 di—

556 2362 739 2410 ceret:
763 2353 878 2408 Non
909 2352 1114 2405 alienus
1141 2363 1259 2404 sum
1286 2363 1314 2400 a
1343 2347 1514 2411 vobis,
1552 2360 1651 2399 nec
1671 2355 1862 2399 Contra
1891 2357 2006 2397 vos.
2042 2342 2147 2396 Viri

557 2448 741 2514 fratres
769 2454 816 2497 et
844 2454 1030 2514 patres,
1071 2441 1258 2510 inquit.
1295 2437 1405 2491 Hoc
1433 2437 1670 2501 honoris,
1706 2435 1834 2489 illud
1881 2434 2147 2504 germani-

560 2537 703 2591 tatis.
733 2534 918 2588 Audite
948 2549 1132 2598 meam,
1163 2547 1312 2597 quam
1341 2544 1476 2582 nunc
1506 2526 1643 2581 nobis
1675 2525 1853 2591 reddo,
1875 2526 2141 2578 rationem.

555 2629 670 2685 Non
691 2629 825 2684 dixit
851 2628 1147 2684 doctrinam
1173 2626 1255 2681 vel
1294 2625 1608 2680 concionem
1626 2663 1641 2688 ,
1672 2621 1766 2677 sed
1789 2662 1803 2684 ,
1831 2621 2099 2676 Rationem
2124 2635 2146 2676 :

555 2737 616 2778 se
640 2721 790 2791 quasi
815 2719 1107 2788 supplicem
1132 2716 1431 2772 constituit.
1454 2715 1510 2768 2.
1541 2713 1666 2767 Cum
1695 2713 1959 2768 audissent
1980 2721 2146 2768 autem

554 2815 676 2884 quia
708 2812 923 2868 Hebraza
950 2812 1124 2880 lingua
1150 2809 1433 2880 loqueretur
1459 2807 1572 2871 sibi,
1606 2807 1766 2876 magis
1807 2807 2146 2875 prtestiterunl

555 2907 828 2961 silentium.
865 2903 1049 2958 Viden'
1087 2909 1144 2956 ut
1167 2901 1308 2970 cepit
1332 2915 1426 2954 eos
1453 2899 1619 2966 patria
1648 2897 1845 2968 lingua,
1871 2913 2029 2968 quam
2057 2913 2141 2954 re-

554 2995 792 3051 verentia
835 2993 1063 3064 quadam
1114 2990 1609 3062 prosequebantur?
1642 2989 1769 3044 Vide
1815 2991 1976 3044 etiam
2006 3006 2144 3061 quo-

553 3089 715 3144 modo
742 3088 822 3143 sic
847 3102 1001 3141 orsus
1040 3085 1180 3140 viam
1212 3084 1447 3141 sermoni
1477 3094 1624 3152 paret
1653 3092 1706 3138 et
1729 3083 1869 3138 dicat
1894 3101 1908 3137 :
1936 3087 1988 3140 5.
2034 3085 2146 3154 Ego

553 3154 688 3232 enim
725 3195 836 3232 sum
859 3178 936 3230 vir
959 3175 1194 3239 Judtzus,
1224 3185 1376 3228 natus
1403 3175 1455 3227 in
1503 3173 1665 3227 Tarso
1689 3175 1900 3239 Ciliciw,
1930 3178 2146 3232 nutritus

555 3280 726 3322 autem
754 3268 804 3320 in
833 3267 928 3319 hac
952 3266 1176 3336 civitate,
1199 3280 1341 3320 secus
1382 3263 1533 3333 pedes
1577 3263 1892 3326 Camalielis,
1920 3268 2147 3321 eruditus

557 3363 700 3434 {uana
724 3360 978 3412 ueritatem
1007 3357 1186 3428 patriae
1223 3356 1370 3426 legis,
1399 3354 1664 3408 (etttulator
1687 3353 1806 3423 Dei,
1837 3357 1964 3410 sicut
1988 3368 2036 3410 et
2061 3375 2148 3411 vos

555 3466 727 3505 omnes
753 3448 869 3503 estis
891 3448 1057 3503 hodie.
1083 3446 1193 3517 Ego
1209 3447 1408 3516 quidem
1429 3463 1560 3510 sum,
1579 3447 1770 3516 inquit,
1802 3449 1877 3500 vir
1895 3448 2146 3512 Judteus;

554 3540 697 3610 quod
730 3539 963 3592 omnium
1000 3538 1230 3591 maxime
1256 3535 1441 3590 audire
1471 3536 1775 3605 cupiebant.
1812 3537 1978 3593 Natus
1999 3539 2150 3597 Tarsi

553 3629 765 3685 Cilicia.
795 3628 871 3683 Ne
901 3643 1028 3682 vero
1062 3628 1358 3697 cogitarent
1405 3624 1635 3680 alienam
1662 3635 1895 3697 gentem,
1930 3629 2145 3700 religiti-

556 3741 679 3781 nem
708 3724 930 3780 addidit.
965 3723 1018 3778 IV
1025 3725 1207 3778 utritus
1240 3726 1294 3778 in
1325 3725 1421 3778 hac
1454 3724 1674 3779 civitate.
1713 3724 1960 3796 Magnum
1991 3740 2147 3780 suum

557 3819 792 3875 ostendit
817 3832 938 3892 erga
960 3819 1273 3887 religionem
1296 3817 1555 3883 studium,
1578 3817 2006 3889 quandoquidem
2040 3827 2145 3872 tam

557 3911 700 3966 clara
722 3951 736 3973 ,
771 3919 878 3963 tam
905 3917 1108 3963 remota
1149 3908 1316 3977 patria
1357 3907 1575 3974 relicta,
1607 3910 1694 3963 hic
1740 3909 1908 3966 voluit
1932 3910 2148 3965 educari

563 4009 781 4069 propter
802 3999 994 4069 legem.
1046 3996 1181 4053 Vide
1233 3999 1500 4066 quomodo
1522 3997 1631 4067 jam
1685 3999 1810 4053 olim
1852 4000 1903 4054 in
1947 3999 2149 4056 hooore

566 4091 796 4145 habebat
828 4091 1018 4160 legem.
1051 4087 1185 4143 lllud
1209 4103 1338 4142 vero
1369 4103 1475 4143 non
1498 4089 1690 4152 solum,
1721 4103 1773 4143 Ill
1802 4105 1919 4145 sese
1942 4102 2147 4161 purget,

559 4180 690 4236 dicit
721 4181 857 4245 illis;
892 4179 983 4234 sed
1011 4188 1069 4234 ut
1095 4177 1344 4234 ostendat
1369 4195 1428 4234 sc
1470 4194 1575 4234 non
1608 4180 1841 4235 humano
1872 4197 2037 4252 sc0po
2083 4183 2150 4239 ad

565 4272 993 4341 pra-dicationem
1045 4271 1354 4336 adductum,
1406 4271 1500 4326 sed
1545 4272 1725 4328 divina
1769 4275 2008 4330 virtute:
2044 4292 2150 4331 non

564 4363 707 4415 enim
736 4363 812 4415 sic
853 4362 1093 4416 eruditus
1121 4371 1343 4431 repente
1371 4362 1539 4417 factus
1569 4374 1672 4418 est.
1701 4363 1835 4419 Nam
1867 4367 1910 4420 si
1937 4381 1969 4421 e
1996 4368 2155 4437 vulgo

567 4454 772 4516 l'uisSet,
821 4451 872 4505 id
917 4453 1155 4506 licuisset
1201 4453 1460 4521 suspicari
1492 4471 1504 4507 :
1535 4455 1578 4508 si
1607 4437 1780 4510 autem
1813 4472 1877 4511 ex
1927 4474 2152 4513 numero

563 4559 747 4601 eorum
775 4545 864 4614 qui
891 4546 1121 4600 maxime
1147 4546 1384 4600 omnium
1419 4546 1516 4615 legi
1551 4546 1839 4615 haererent,
1894 4564 2000 4604 non
2037 4560 2156 4606 erat

566 4637 857 4695 verisimile
887 4637 1033 4691 illum
1065 4637 1183 4691 sine
1230 4651 1392 4692 causa
1420 4647 1475 4692 et
1504 4638 1647 4692 nulla
1677 4648 1899 4708 urgente
1925 4642 2155 4696 necessi-

566 4737 674 4784 tate
700 4739 958 4783 mutatum
1009 4727 1191 4784 fuisse.
1223 4729 1292 4783 At
1343 4728 1569 4783 fortasse
1612 4728 1807 4786 dixerit
1852 4733 2152 4800 quispiam:

568 4821 712 4878 Nihil
731 4821 797 4876 ad
821 4837 935 4876 rem
954 4821 1095 4886 facit,
1113 4821 1252 4891 quod
1275 4821 1431 4877 isthic
1445 4821 1702 4877 educatus
1722 4823 1787 4877 sit
1805 4840 1819 4878 :
1844 4824 1969 4894 quid
1988 4825 2153 4891 enim,

567 4915 612 4967 si
643 4913 714 4968 ob
736 4913 1150 4982 negotiationem
1176 4913 1261 4968 vel
1285 4914 1442 4966 aliam
1465 4929 1678 4968 causam
1711 4915 1813 4970 huc
1833 4917 2060 4971 venisti?
2081 4917 2159 4972 Ne

566 5003 618 5058 id
650 5019 777 5073 ergo
811 4984 1106 5071 putaretur,
1155 5002 1379 5066 addidit,
1412 5002 1492 5056 Ad
1519 5004 1671 5073 pedes
1701 5004 2020 5061 Gamalielis.
2049 5007 2159 5062 Nec

565 5098 737 5151 solum
767 5095 921 5162 dixit,
965 5094 1102 5165 apud
1131 5093 1502 5156 Gamaliclem,
1536 5095 1654 5160 sed,
1688 5095 1768 5150 Ad
1798 5098 1945 5167 pedes
1969 5099 2160 5152 Gama-

567 5185 697 5242 lielis
728 5203 746 5241 :
776 5187 1232 5258 perseverantiam
1252 5228 1266 5250 ,
1319 5187 1690 5242 aSsiduitatem
1713 5230 1728 5255 ,
1782 5190 2016 5246 studium
2065 5209 2160 5245 au-

567 5279 749 5334 diendi
777 5278 1082 5345 declarans,
1128 5289 1183 5332 et
1234 5277 1453 5332 multam
1483 5294 1609 5349 erga
1636 5280 1807 5334 virum
1835 5281 1977 5335 illum
2006 5299 2158 5337 reve-

569 5373 815 5426 rentiam.
852 5370 1098 5426 Eruditus
1117 5371 1393 5425 secundum
1411 5371 1782 5426 accuratiouem
1803 5375 1983 5443 patria:
1999 5375 2160 5444 legis;

573 5479 678 5518 non
707 5463 1018 5531 siinpliciter
1043 5463 1196 5533 legis,
1219 5461 1335 5525 sed,
1363 5460 1426 5514 Et
1451 5462 1648 5532 patriar,
1672 5463 1926 5532 adjiciens
1947 5482 1960 5519 :
1983 5476 2163 5520 osten.

575 5555 706 5609 ὡιίις
723 5568 780 5607 se
806 5553 928 5606 olim
955 5554 1112 5608 talem
1137 5553 1318 5617 fuisse,
1344 5568 1442 5608 nec
1467 5553 1781 5624 simpliciter
1801 5557 1938 5612 scire
1966 5557 2158 5629 legem.

634 5730 793 5786 Ἥλιε,
808 5730 1108 5794 permittente
1123 5734 1276 5779 mitem
1294 5727 1396 5790 illo,
1427 5730 1620 5791 Paulus,
1645 5731 1821 5784 desunt
1845 5739 1893 5782 tn
1918 5747 2014 5784 uno
2037 5733 2153 5786 Cod.

1300 312 1356 370 S.
1394 309 1666 368 lOANNIS
1692 302 2165 363 CHRYSOSTOMI
2204 301 2521 358 ARCHIEP.
2565 300 3098 360 CONSTANTINOP.

3750 303 3860 362 328

2256 416 2381 471 Hrec
2414 431 2542 471 vero
2569 418 2821 472 videntur
2846 416 3060 487 quidem
3091 432 3187 487 pro
3217 417 3320 472 illis
3359 416 3490 484 dici,
3522 416 3618 473 sed
3664 430 3857 473 contra

2257 508 2377 564 illos
2402 518 2546 573 sunt,
2590 509 3021 580 quandoquidem
3067 521 3119 565 et
3173 510 3350 565 sciens
3404 510 3553 565 illum
3611 513 3857 581 reliquit.

2260 599 2460 654 Deinde
2490 614 2558 654 ne
2585 614 2799 652 rursum
2832 601 2952 669 quis
2981 600 3222 672 objiciat,
3251 601 3378 672 quid
3401 606 3531 673 ergo
3586 604 3632 658 si
3679 604 3858 674 legem

2254 691 2466 761 quidem
2515 702 2766 747 accurate
2819 695 2982 759 nosli,
3017 710 3189 765 neque
3230 706 3404 751 tamen
3437 696 3582 751 illam
3608 698 3857 755 vindicas

2256 799 2430 853 neque
2463 783 2650 838 antas?
2698 783 3032 852 /Emulator,
3063 787 3254 855 inquit,
3309 789 3472 858 legis;
3510 789 3560 842 id
3606 798 3710 854 est,
3743 803 3854 844 non

2257 875 2416 929 modo
2441 877 2638 941 sciens,
2669 876 2763 930 sed
2787 877 2947 930 etiam
2987 891 3181 947 magno
3201 894 3325 948 erga
3372 880 3514 933 illam
3555 880 3671 934 zelo
3717 879 3854 935 alie-

2254 974 2391 1021 ctus.
2427 965 2624 1019 Deinde
2658 977 2932 1034 postquam
2963 980 3151 1036 magna
3173 967 3573 1022 descencomia
3602 971 3853 1039 protulit,

2254 1070 2592 1110 communem
2635 1056 2746 1124 jam
2771 1071 3075 1111 sermonem
3109 1056 3335 1126 profert,
3365 1059 3551 1114 dicens
3585 1078 3597 1114 :
3633 1061 3779 1116 Sicut
3803 1070 3858 1114 es

2253 1165 2341 1204 eos
2361 1166 2533 1204 omnes
2563 1153 2679 1204 estis
2702 1152 2869 1204 hodie.
2901 1150 3146 1207 Ostendit
3168 1152 3310 1207 enim
3342 1153 3460 1206 illos
3483 1170 3588 1208 non
3614 1155 3858 1210 humano

2253 1253 2417 1309 scopo
2447 1241 2556 1295 hoc
2585 1240 2781 1305 facere,
2830 1242 2923 1297 sed
2965 1243 3084 1298 zelo
3114 1243 3316 1297 divino.
3365 1243 3477 1299 Hoc
3526 1261 3654 1301 vero
3683 1246 3854 1313 dicit,

2253 1334 2474 1403 gratiam
2503 1335 2714 1388 illorum
2741 1346 2982 1404 captans,
3013 1345 3068 1391 et
3089 1351 3276 1391 eorum
3306 1347 3539 1392 mentem
3574 1354 3859 1409 praeoccu-

2255 1439 2386 1493 pans
2433 1440 2496 1480 ac
2541 1425 2787 1481 detinens
2814 1427 2866 1479 in
2909 1426 2993 1491 iis,
3036 1426 3313 1496 inquibus
3343 1427 3474 1482 nihil
3501 1429 3682 1485 damni
3709 1442 3852 1488 erat.

2253 1514 2445 1570 Postea
2476 1516 2672 1571 indicia
2706 1518 2929 1586 profert,
2953 1516 3138 1571 dicens
3169 1536 3191 1570 :.
3216 1519 3270 1572 4.
3300 1518 3401 1585 Qui
3421 1519 3551 1573 hanc
3576 1522 3707 1575 viam
3735 1541 3856 1594 per-

2252 1617 2492 1676 sequutus
2518 1624 2628 1660 sum
2659 1624 2816 1677 usque
2836 1608 2903 1660 ad
2940 1618 3167 1675 mortem,
3195 1610 3414 1680 alligans
3456 1622 3502 1664 et
3551 1613 3757 1667 tradens
3797 1617 3858 1668 in

2252 1701 2508 1752 custodias
2559 1702 2689 1754 viros
2732 1716 2792 1752 ac
2837 1701 3093 1763 mulieres,
3146 1702 3200 1756 5.
3241 1703 3369 1755 sicut
3416 1704 3650 1772 princeps
3675 1724 3856 1760 sacer—

2253 1791 2430 1844 dotum
2455 1792 2576 1845 mihi
2605 1794 2942 1846 testimonium
2970 1795 3159 1860 reddit,
3182 1805 3228 1848 et
3262 1812 3434 1849 omnes
3463 1800 3680 1866 majores
3701 1811 3852 1853 natu.

2254 1880 2320 1935 Ut
2358 1897 2517 1937 nemo
2544 1882 2708 1946 dicat,
2743 1883 2812 1937 Et
2841 1881 2981 1938 unde
3013 1885 3115 1940 hoc
3146 1888 3531 1943 manifestum?
3559 1900 3720 1945 testes
3750 1894 3817 1945 ad
3836 1925 3856 1934 -

2252 1971 2397 2026 ducit
2425 1973 2718 2042 principem
2747 1975 3088 2029 sacerdotum
3114 1987 3167 2032 et
3195 1979 3428 2044 majores
3450 1989 3597 2035 natu.
3629 1982 3694 2037 Et
3717 1983 3856 2038 dicit

2251 2064 2465 2133 quidem
2495 2065 2826 2132 demulcens,
2852 2065 3150 2122 zEmulator
3170 2070 3298 2123 sicut
3327 2083 3373 2124 et
3400 2088 3484 2126 vos
3500 2090 3521 2139 ;
3545 2074 3594 2127 id
3618 2085 3720 2140 est,
3754 2092 3857 2144 par

2255 2156 2404 2211 vobis
2438 2173 2451 2208 :
2479 2158 2713 2212 ostendit
2750 2168 2928 2213 autem
2960 2175 3054 2229 per
3088 2176 3248 2228 opera
3294 2176 3354 2217 se
3396 2162 3515 2218 illos
3541 2179 3851 2233 superasse.

2253 2245 2368 2300 Non
2396 2247 2535 2302 enim
2566 2263 2747 2307 moras
2774 2248 3073 2314 trahebam,
3095 2261 3153 2304 ut
3176 2266 3446 2321 caperem,
3471 2255 3565 2309 sed
3595 2265 3648 2310 et
3667 2271 3854 2314 sacer-

2252 2335 2405 2390 dotes
2434 2337 2730 2392 excitabant
2763 2347 2817 2393 et
2867 2342 3326 2410 peregrinatiOnes
3356 2345 3750 2414 suscipiebam;
3794 2357 3856 2404 et

2252 2440 2359 2479 non
2404 2427 2549 2481 viros
2596 2437 2802 2483 tantum
2847 2432 3202 2500 aggrediebar
3244 2434 3383 2488 sicut
3409 2449 3526 2500 vos,
3559 2437 3651 2490 sed
3683 2440 3851 2494 etiam

2250 2518 2508 2574 mulieres
2532 2537 2546 2586 ;
2570 2529 2625 2575 et
2648 2537 2835 2576 omnes
2853 2523 3078 2592 alligans
3099 2536 3152 2579 et
3182 2525 3232 2578 in
3259 2541 3505 2581 carceres
3527 2527 3848 2598 conjiciens.

2254 2609 2612 2666 Induhitatmn
2641 2623 2723 2668 est
2774 2615 2876 2668 hoc
2929 2616 3317 2681 testimonium,
3367 2618 3485 2672 sine
3528 2619 3853 2678 defensione

2252 2715 2377 2760 sunt
2408 2720 2493 2761 res
2519 2705 2848 2761 Judzeorum.
2875 2708 3005 2762 Vide
3032 2719 3163 2778 quot
3188 2719 3353 2766 testes
3381 2712 3596 2767 adducit
3627 2732 3640 2768 :
3669 2716 3856 2770 senio—

2252 2817 2360 2869 res,
2395 2803 2687 2872 principem
2718 2802 3076 2871 sacerdotum,
3108 2819 3203 2860 eos
3233 2806 3320 2876 qui
3352 2807 3402 2860 in
3431 2809 3663 2864 civitate.

2320 2893 2375 2948 2.
2413 2893 2541 2948 Vide
2569 2905 2746 2948 autem
2773 2895 2888 2962 ejus
2914 2904 2968 2949 et
2997 2895 3363 2951 defensionem
3396 2913 3500 2952 non
3532 2915 3599 2955 ex
3629 2902 3848 2967 timore,

2250 2983 2344 3037 sed
2379 2985 2553 3053 potius
2582 2985 2702 3040 vide
2731 2986 3013 3042 docentem
3052 2997 3108 3041 et
3149 2988 3538 3046 instituentem.
3568 2991 3679 3047 Nisi
3700 2998 3849 3049 enim

2253 3077 2456 3145 lapides
2482 3077 2706 3133 fuissent
2739 3079 3028 3145 auditores,
3057 3081 3214 3136 dictis
3245 3083 3622 3141 attendissent.
3652 3085 3853 3143 Hacte-

2254 3183 2354 3220 nus
2387 3170 2528 3222 enim
2563 3169 2680 3223 illos
2713 3169 2896 3238 habuit
2924 3180 3120 3238 testes;
3155 3173 3358 3242 reliqua
3389 3190 3519 3230 vero
3542 3177 3659 3232 sine
3689 3179 3850 3233 testi-

2254 3259 2352 3313 bus
2377 3269 2519 3315 sunt.
2555 3260 2597 3312 Α
2625 3262 2804 3330 quibus
2851 3273 2895 3314 et
2941 3264 3179 3332 epistolas
3219 3267 3502 3334 accipiens,
3550 3272 3618 3321 ad
3664 3271 3853 3338 fratres

2252 3349 2562 3404 Damascum
2610 3353 2909 3422 pergebant,
2958 3363 3012 3406 ut
3059 3355 3364 3410 adducerem
3407 3359 3526 3412 inde
3568 3362 3756 3416 vinctos
3794 3365 3854 3417 iis

2250 3439 2538 3495 Jerusalem
2567 3453 2622 3494 ut
2650 3444 2968 3511 punirentur.
3010 3444 3063 3498 6.
3105 3444 3322 3499 Factum
3361 3460 3436 3501 est
3471 3460 3672 3515 autem,
3703 3463 3856 3508 eunte

2252 3549 2332 3586 me
2371 3544 2417 3586 et
2453 3537 2896 3607 apprOpinquante
2940 3535 3213 3602 Damasco,
3260 3538 3427 3592 media
3471 3541 3555 3596 die
3588 3541 3752 3596 subito
3787 3545 3857 3599 de

2253 3624 2379 3680 caelo
2426 3626 2762 3695 circumfulsit
2806 3642 2888 3680 me
2930 3629 3022 3681 tua:
3063 3631 3287 3697 copiosa,
3336 3632 3385 3684 7.
3432 3642 3481 3686 et
3518 3635 3754 3689 decidens
3795 3637 3853 3690 in

2253 3726 2469 3784 terram,
2510 3719 2682 3773 audivi
2720 3735 2891 3774 vocem
2930 3721 3175 3776 dicentem
3214 3725 3338 3776 mihi
3371 3741 3390 3778 :
3420 3726 3610 3792 Saule,
3655 3716 3850 3796 sonte,

2251 3811 2376 3879 quid
2399 3827 2478 3864 me
2504 3813 2819 3883 persequeris
2837 3814 2862 3866 ἲ
2886 3813 2940 3868 8.
2977 3814 3086 3886 Ego
3113 3827 3281 3870 autem
3305 3820 3548 3888 respondi
3573 3839 3592 3875 :
3622 3820 3748 3887 Quis
3775 3842 3853 3889 es,

2255 3901 2513 3956 Domine?
2542 3901 2787 3973 Dixitque
2814 3905 2883 3958 ad
2907 3921 2984 3959 me
3014 3922 3034 3959 :
3066 3905 3177 3978 Ego
3203 3925 3316 3961 sum
3341 3909 3492 3964 Jesus
3520 3910 3855 3980 Nazarenus,

2253 4008 2400 4062 quem
2431 4003 2484 4048 tu
2513 3997 2848 4065 persequeris.
2891 3997 3016 4052 Haec
3057 4009 3205 4053 certe
3243 3998 3349 4054 ﬁde
3376 4001 3664 4057 admodum
3693 4004 3857 4075 digna

2256 4083 2440 4138 haberi
2483 4087 2766 4155 oportebat
2810 4103 2876 4142 ex
2927 4088 3011 4152 iis,
3058 4104 3178 4156 quae
3225 4102 3642 4159 praecesserant;
3678 4110 3860 4164 neque

2256 4175 2398 4230 enim
2438 4188 2672 4233 mutatus
2700 4180 2875 4234 fuerit.
2903 4180 3038 4245 Quid
3080 4181 3268 4251 igitur,
3298 4185 3528 4254 inquies,
3556 4186 3602 4241 si
3631 4202 3751 4243 sese
3771 4190 3861 4258 ja-

2257 4269 2401 4321 ctat?
2421 4269 2766 4340 Nequaquam
2792 4273 2832 4324 ί.
2856 4271 2964 4326 Cur
2989 4271 3154 4338 enim,
3185 4289 3387 4344 quaeso,
3412 4292 3533 4333 sese
3560 4290 3781 4348 repente
3803 4283 3858 4337 in

2261 4368 2464 4412 tantum
2492 4360 2663 4414 zelum
2693 4361 3005 4430 iniecisset?
3028 4363 3169 4433 quod
3197 4363 3459 4420 honorem
3482 4376 3862 4438 exspectaret?

2259 4450 2420 4520 Atqui
2460 4451 2726 4505 contraria
2765 4468 2952 4520 passus
2981 4462 3082 4509 est.
3112 4454 3266 4521 Quod
3295 4458 3527 4525 quietem
3570 4463 3863 4530 speraret?

2258 4540 2443 4612 Neque
2473 4541 2574 4597 hoc
2605 4557 2756 4598 sane.
2798 4546 2884 4598 An
2924 4545 3024 4599 alia
3063 4547 3132 4602 de
3175 4549 3373 4603 causa?
3400 4549 3545 4606 Nihil
3573 4554 3862 4611 ratiocinio

2261 4633 2489 4688 inveniri
2522 4642 2716 4704 potest.
2746 4634 2873 4690 Haec
2903 4636 3005 4691 illis
3047 4637 3346 4708 colligenda
3385 4651 3438 4696 et
3469 4641 3747 4700 inferenda
3774 4662 3864 4702 re-

2261 4725 2539 4794 linquens,
2591 4741 2679 4782 res
2726 4727 2869 4796 ipsas
2913 4736 3097 4782 narrat
3142 4738 3195 4782 et
3235 4730 3364 4784 dicit
3391 4717 3412 4786 ξ
3449 4731 3534 4787 He
3572 4739 3862 4806 appropin-

2261 4829 2450 4887 quante
2481 4819 2756 4883 Damasco,
2787 4820 2953 4872 media
2978 4819 3060 4873 die
3093 4820 3257 4875 subito
3284 4821 3347 4876 de
3374 4824 3500 4878 ctelo
3525 4826 3866 4897 circumfulsit

2262 4927 2343 4965 me
2370 4913 2461 4965 lux
2489 4913 2716 4981 capiosa,
2749 4920 2796 4964 et
2823 4911 2990 4965 decidi
3014 4911 3066 4964 in
3093 4923 3304 4969 terram.
3338 4912 3472 4970 Vide
3497 4927 3695 4988 quanta
3725 4918 3870 4976 lucis

2264 5002 2439 5072 cepia.
2463 5002 2724 5072 Quodque
2751 5018 2856 5056 non
2885 5018 2951 5058 ex
2973 5003 3231 5071 jactantia
3257 5005 3525 5077 loquatur,
3552 5019 3714 5064 testes
3737 5022 3870 5068 sunt

2264 5095 2353 5163 qui
2394 5093 2637 5156 aderant,
2669 5094 2758 5164 qui
2801 5109 2963 5149 manu
3006 5094 3360 5163 deduxerant,
3394 5099 3482 5167 qui
3512 5099 3686 5155 lucem
3719 5103 3870 5160 vide-

2266 5198 2407 5241 runt.
2441 5187 2492 5243 9.
2529 5188 2628 5255 Qui
2661 5198 2830 5241 autem
2858 5205 3050 5243 mecum
3077 5200 3241 5257 erant,
3272 5192 3442 5246 lumen
3479 5193 3680 5261 quidem
3720 5197 3867 5252 uide-

2266 5289 2403 5342 runt,
2434 5289 2478 5333 et
2501 5280 2724 5332 exterriti
2745 5289 2900 5344 sunt;
2926 5295 3094 5335 uocem
3121 5293 3288 5338 autem
3313 5299 3416 5337 non
3438 5285 3709 5340 audierunt
3729 5291 3867 5359 ejus,

2266 5372 2351 5440 qui
2380 5371 2677 5440 loquebatur
2705 5388 2916 5426 mecum.
2948 5373 3024 5428 Ne
3050 5382 3288 5442 stupeas,
3317 5375 3360 5430 si
3391 5374 3478 5430 hic
3503 5377 3595 5444 ita,
3620 5379 3748 5436 alibi
3773 5397 3868 5438 au-

2270 5472 2374 5517 tem
2405 5465 2483 5518 sic
2513 5465 2761 5533 loquatur
2787 5486 2800 5522 :
2835 5464 3095 5520 Steterunt
3137 5483 3306 5523 uocem
3337 5470 3544 5538 quidem
3567 5473 3867 5542 audientes,

2268 5557 2512 5611 neminem
2553 5566 2719 5609 autem
2747 5557 2970 5612 videntes
3007 5558 3144 5613 (Act.
3181 5558 3232 5614 9.
3273 5560 3349 5630 7).
3391 5562 3506 5618 Non
3549 5576 3674 5620 sunt
3724 5572 3870 5624 enim

2336 5751 2351 5771 ι
2391 5736 2518 5800 Vox,
2537 5749 2859 5800 nequaquam,
2883 5739 2930 5786 in
2955 5737 3240 5801 quibusdam
3264 5740 3428 5792 deiet.
