4072 6444
152 419 254 472 347

208 539 348 609 Ὅρα
407 537 745 608 τεταγμένον
809 538 1013 608 ἀνδρα,
1073 537 1176 608 ὅρα
1239 533 1590 606 οἰκονομίαν·
1646 533 1694 585 εί
1746 531 1822 603 μὴ

139 626 408 696 χιλίαρχος
429 621 614 697 ἦλθεν,
641 628 689 679 εί
716 626 794 698 μὴ
816 627 1024 696 ἔδησεν,
1051 625 1152 677 οὐκ
1176 623 1242 678 ἂν
1272 623 1467 694 ἐδεήθη
1494 621 1655 690 λόγου
1684 622 1823 692 πρὸς

132 715 448 782 ἀπολογίαν,
482 716 584 767 οὐκ
616 713 682 768 ἂν
709 714 977 782 τοσαύτης
1007 713 1288 766 ἀπέλαυσε
1319 711 1497 781 σιγῆς.
1558 707 1823 778 Ἐπιτρέ-

133 805 361 870 ςιιιντος
389 801 460 854 δὲ
482 802 693 866 αὑτοῦ,
727 804 762 855 ό
790 800 1032 867 Παῦλος
1051 812 1077 841 α
1104 799 1297 865 ἑστὼς
1318 798 1418 852 ἐπὶ
1450 796 1572 851 τῶν
1598 797 1823 852 ἀναϐα-

133 889 308 958 θμῶν.
357 889 469 944 Καὶ
509 890 618 944 ἀπὸ
664 888 762 943 τοῦ
804 889 970 941 τόπου
1013 887 1184 959 πολλὴ
1235 889 1268 957 ή
1322 887 1563 947 εύκολία,
1613 885 1674 938 τὸ
1727 883 1824 938 καὶ

133 977 331 1046 ὑψηλὸν
365 978 498 1032 ὅντα
526 978 865 1050 δημηγορεῖν
895 978 989 1030 καὶ
1029 976 1332 1047 δεδεμένον.
1370 974 1436 1028 Τί
1477 973 1670 1027 τούτου
1707 973 1821 1025 ἴσον

131 1066 219 1119 τοῦ
269 1065 589 1136 θεάματος,
633 1065 788 1118 δυσὶν
827 1063 1053 1120 ἁλύσεσι
1104 1063 1389 1136 δεδεμένον
1441 1063 1569 1116 ίδεῖν
1607 1060 1822 1114 Παῦλον

131 1153 587 1224 δημηγοροῦντας
639 1152 758 1215 πῶς
795 1154 895 1207 οὐκ
923 1153 1201 1225 ἐταράχθη
1227 1192 1241 1215 ,
1278 1151 1396 1215 πῶς
1424 1152 1488 1204 οὐ
1525 1149 1818 1222 συνεχύθη,

131 1242 382 1296 τοσοῦτον
420 1242 592 1314 δῆμον
636 1241 1170 1313 ἐκπεπολεμωμένον
1217 1240 1361 1311 ὁρῶν
1407 1239 1503 1293 τοῦ
1556 1239 1822 1310 ἄρχοντος

130 1330 470 1397 ἐφεστῶτοςς
501 1330 776 1402 Πρότερον
796 1331 1106 1400 ἀπέστησεν
1128 1329 1328 1392 αὐτοὺς
1353 1327 1447 1381 τοῦ
1475 1326 1674 1398 θυμοῦ,
1702 1323 1823 1382 εἶτα

128 1417 452 1486 διαλέγεται·
487 1418 582 1471 καὶ
625 1419 727 1489 ὅρα
767 1417 884 1480 πῶς
927 1417 1228 1488 φρονίμως.
1280 1417 1460 1487 Ὅπερ
1503 1415 1614 1487 γὰρ
1655 1417 1714 1468 ἐν
1753 1420 1820 1487 τῇ

129 1503 257 1571 πρὸς
302 1502 601 1574 Ἐϐραίους
631 1502 890 1573 ἐπιστολῇ
924 1503 1172 1573 ἐποίησε,
1221 1500 1381 1554 τοῦτο
1412 1502 1506 1555 καὶ
1546 1500 1781 1554 ἐνταῦθα
1804 1518 1816 1531 ·

129 1592 339 1663 πρῶτον
366 1594 433 1664 τῇ
468 1592 763 1664 συγγενείᾳ
791 1592 888 1660 τῆς
911 1591 1098 1662 φωνῆς
1121 1591 1322 1655 αὐτοὺς
1347 1591 1670 1646 ἐπισπᾶται·
1699 1585 1821 1643 εἶτα

128 1679 265 1750 αύτῷ
307 1680 392 1749 τῷ
425 1679 622 1752 ἡμέρῳ
642 1697 655 1709 ·
681 1680 763 1733 διὸ
792 1681 885 1733 καὶ
917 1678 1076 1734 τοῦτο
1105 1678 1281 1749 δηλῶν
1317 1679 1532 1747 ἐπάγει·
1570 1676 1821 1744 Πολλῆς

126 1767 188 1820 δὲ
251 1767 447 1837 σιγῆς
511 1768 879 1838 γενομένης,
939 1767 1415 1837 προσεφώνησεν
1496 1766 1667 1838 φησὶν
1742 1765 1819 1836 ’τίῖ

137 1855 392 1924 Ἐϐραΐδι
426 1855 725 1921 διαλέκτῳ
758 1856 952 1926 λέγων
971 1874 984 1887 ·
1019 1856 1261 1924 Ἄνδρες
1290 1855 1543 1924 ἀδελφοὶ
1570 1854 1672 1909 καὶ
1706 1869 1818 1908 πα-

127 1947 308 2011 τέρες,
338 1943 652 1998 ἀκούσατέ
671 1963 792 2013 μου
821 1943 929 2012 τῆς
951 1944 1103 2013 πρὸς
1134 1943 1292 2014 ὑμᾶς
1320 1948 1438 1997 νῦν
1458 1944 1815 2014 ἀπολογίας.

129 2033 259 2102 Ὀρα
301 2034 403 2087 καὶ
456 2033 753 2097 κολακείας
800 2033 1223 2105 ἀπηλλαγμένον
1268 2033 1362 2086 τὸν
1408 2032 1570 2103 λόγον
1619 2032 1715 2087 καὶ
1759 2034 1819 2088 τὸ

126 2123 366 2185 ἐπιεικὲς
401 2122 620 2192 ἔχοντα.
664 2123 739 2177 Ού
787 2123 893 2193 γὰρ
932 2117 1076 2190 εἷπε,
1117 2122 1409 2188 Δεσπόται,
1445 2122 1566 2177 οὐδὲ
1597 2123 1816 2195 Κύριοι,

125 2209 274 2273 ἀλλὰ,
317 2207 600 2280 Ἀδελφοί
618 2227 631 2241 ·
662 2209 690 2263 ὃ
726 2210 962 2281 μάλιστα
991 2211 1241 2276 ἐπόθουν,
1276 2210 1408 2264 ὡσεὶ
1448 2210 1634 2280 ἔλεγεν
1660 2229 1672 2242 ·
1703 2212 1819 2266 Οὐκ

126 2299 406 2370 ἀλλότριος
432 2299 592 2368 ὑμῶν
627 2301 760 2369 ἐγὼ,
792 2301 911 2356 οὐδὲ
936 2302 1058 2355 καθ’
1082 2303 1254 2372 ὑμῶν.
1293 2302 1537 2371 Ἄνδρες
1563 2302 1819 2373 ἀδελφοί

124 2387 215 2440 καί
246 2388 531 2456 πατέρες,
563 2389 722 2458 φησί.
768 2387 938 2442 Τοῦτο
966 2390 1169 2459 τιμῆς,
1211 2390 1390 2444 ἐκεῖνο
1434 2390 1814 2463 γνησιότητος.

128 2472 267 2546 [552]
309 2475 652 2531 Ἀκούσατέ
679 2493 796 2545 μου
823 2475 929 2546 τῆς
959 2477 1106 2546 πρὸς
1128 2475 1285 2547 ὑμᾶς
1317 2478 1436 2533 νῦν
1462 2479 1813 2549 ἀπολογίας.

125 2564 230 2616 Οὐκ
260 2559 412 2630 εἷπε,
447 2565 835 2630 Διδασκαλίας,
861 2565 979 2619 οὐδὲ
1004 2607 1017 2630 ,
1048 2565 1426 2638 Δημηγορίας,
1459 2567 1615 2632 ἀλλά,
1662 2569 1823 2622 Ἀπο-

121 2652 328 2719 λογίας
351 2668 364 2680 ·
397 2653 458 2705 ἐν
487 2651 642 2718 τάξει
671 2653 852 2706 ίκέτου
880 2653 1069 2706 ἐαυτὸν
1103 2653 1450 2725 καθίστησιν.
1492 2655 1815 2710 Ἀκούσαν-

121 2754 215 2802 τες
238 2738 328 2804 δὲ,
359 2739 452 2793 ὅτι
476 2739 550 2807 τῇ
588 2739 846 2808 Ἐϐραΐδι
867 2740 1163 2806 διαλέκτῳ
1192 2743 1567 2812 προσεφώνει
1587 2743 1814 2810 αὐτοῖς,

122 2824 357 2887 μᾶλλον
392 2827 717 2895 παρέσχον
751 2828 1039 2897 ἡσυχίαν.
1086 2831 1250 2902 Ὁρᾷς
1271 2871 1286 2894 ,
1316 2831 1435 2895 πῶς
1468 2831 1670 2894 αὐτοὺς
1702 2825 1816 2885 εἷλε

120 2915 177 2967 τὸ
209 2915 542 2985 ὀμόφωνονς
580 2911 728 2986 εἶχον
760 2915 869 2987 γάρ
913 2934 1035 2972 τινα
1079 2917 1217 2971 αίδῶ
1252 2919 1390 2990 πρὸς
1428 2919 1529 2989 τὴν
1568 2919 1816 2990 γλῶτταν

79 3057 87 3065 ,
121 3004 355 3075 ἐκείνην.
397 3003 548 3074 Ὅρα
579 3004 634 3058 δέ
667 3005 764 3059 καὶ
803 3005 921 3068 πῶς
963 3006 1309 3076 προοδοποιεῖ
1341 3007 1419 3078 τῷ
1458 3007 1602 3079 λόγῳ
1642 3008 1816 3074 οὕτως

122 3092 425 3163 ἀρχόμενος
458 3094 553 3146 καὶ
590 3093 797 3162 λέγων·
837 3093 985 3162 Ἐγὼ
1008 3093 1128 3163 μέν
1154 3097 1272 3165 εἶμι
1301 3096 1460 3165 ἀνὴρ
1501 3096 1813 3168 Ἰουδαῖος,

121 3181 560 3250 γεγεννημένος
593 3181 662 3235 ἐν
709 3180 921 3249 Ταρσῷ
953 3181 1063 3251 τῆς
1106 3184 1410 3251 Κιλικίας,
1448 3185 1818 3256 ἀνατεθραμ-

116 3268 296 3336 μένος
326 3271 398 3322 ἐν
425 3268 502 3337 τῇ
539 3270 715 3323 πόλει
742 3270 930 3338 ταύτῃ
958 3271 1118 3339 παρὰ
1151 3271 1294 3338 τοὺς
1323 3272 1516 3340 πόδας
1547 3276 1816 3344 Γαμαλι-

122 3361 292 3424 ήλου,
312 3357 800 3428 πεπαιδευμένος
818 3357 885 3411 δὲ
907 3358 1056 3414 κατὰ
1083 3360 1390 3430 ἀκρίϐειαν
1411 3362 1517 3416 τοῦ
1541 3363 1815 3431 πατρῴου

121 3447 326 3514 γόμου,
370 3444 641 3514 ζηλωτὴς
676 3446 968 3518 ὑπάρχων
1003 3449 1108 3504 τοῦ
1141 3450 1324 3514 Θεοῦ,
1358 3451 1554 3518 καθὼς
1588 3453 1816 3522 πάντες

118 3533 284 3601 ὑμεῖς
301 3535 449 3588 ἐστε
470 3533 761 3603 σήμερον.
802 3536 949 3606 Ἐγὼ
965 3537 1082 3605 μέν
1106 3539 1246 3606 είμι,
1269 3538 1456 3608 φησὶν,
1485 3539 1642 3609 ἀνὴρ
1677 3542 1816 3596 Ἰου-

118 3620 302 3688 δαῖος·
335 3622 364 3674 ὃ
394 3622 637 3693 μάλιστα
669 3623 890 3677 πάντων
913 3625 1144 3680 ἐπόθουν
1165 3625 1418 3681 ἀκοῦσαι.
1450 3630 1814 3700 Γεγεννημέ-

119 3729 222 3777 νος
254 3714 322 3765 ἐν
359 3709 571 3781 Ταρσῷ
610 3711 723 3782 τῆς
751 3715 1043 3781 Κιλικίας.
1075 3716 1195 3769 Ἵνα
1229 3717 1304 3788 μὴ
1349 3717 1513 3771 πάλιν
1547 3719 1813 3789 νομίσωσι

118 3799 174 3852 τὸ
210 3800 364 3865 ἔθνος
397 3801 559 3864 ἀλλο,
589 3801 689 3872 τὴν
725 3801 1024 3874 θρησκείαν
1069 3806 1370 3874 ἐπήγαγεν.
1426 3806 1810 3878 Ἄνατεθραμ-

115 3889 292 3954 μένος
329 3887 402 3941 δὲ
436 3889 510 3943 ἐν
542 3887 620 3958 τῇ
655 3891 829 3944 πόλει
862 3893 1070 3960 ταύτῃ.
1105 3893 1218 3963 Τὴν
1251 3893 1453 3966 πολλὴν
1492 3895 1660 3948 αὐτοῦ
1701 3896 1811 3950 δεί-

121 3995 274 4030 κνυσι
307 3978 552 4050 σπουδὴν
580 3978 680 4050 τὴν
717 3981 844 4048 περὶ
868 3979 964 4050 τὴν
995 3983 1274 4054 λατρείαν,
1302 3985 1436 4038 ὅπου
1470 4002 1536 4053 γε
1584 3987 1680 4039 καὶ
1716 4004 1814 4039 πα-

120 4066 272 4134 τρίδα
311 4066 655 4138 τηλικαύτην
700 4068 859 4137 ἀφεὶς
892 4069 1145 4124 τοσοῦτον
1177 4073 1531 4142 ἀφεστῶσαν,
1575 4075 1813 4129 ἐνταῦθα

118 4154 291 4207 εἵλετο
313 4155 598 4226 τραφῆναι
634 4155 721 4209 διὰ
748 4155 840 4208 τὸν
869 4158 1054 4227 νόμον.
1086 4160 1230 4231 Ὅρα
1259 4161 1376 4225 πῶς
1399 4160 1607 4215 ἀνωθεν
1641 4181 1813 4234 προσ-

119 4245 225 4313 εἶχε
266 4244 344 4313 τῷ
376 4243 551 4314 νόμῳ.
586 4243 774 4297 Ταῦ-τα
803 4244 860 4298 δὲ
888 4245 949 4298 οὐ
983 4247 1121 4317 πρὸς
1148 4247 1391 4312 ἐκείνους
1432 4250 1811 4322 ἀπολογούμε-

117 4349 202 4394 νος
249 4332 413 4402 μόνον
465 4331 666 4402 φησὶν,
718 4332 852 4388 ἀλλά
901 4335 1137 4399 δεικνὺς,
1187 4337 1272 4390 ὄτι
1325 4338 1428 4392 οὐκ
1479 4340 1811 4413 ἀνθρωπίνῳ

119 4419 304 4490 σκοπῷ
338 4420 480 4492 πρὸς
523 4419 587 4472 τὸ
615 4420 881 4492 κήρυγμα
909 4423 1073 4494 ἤχθη,
1111 4423 1247 4479 ἀλλά
1284 4425 1406 4497 θείᾳ
1441 4427 1711 4499 δυνάμει·
1748 4431 1807 4482 ού

116 4509 220 4576 γὰρ
266 4507 333 4562 ἂν
380 4507 532 4561 οὕτω
566 4510 1003 4580 πεπαιδευμένος
1048 4512 1246 4584 ἀθρόον
1285 4515 1547 4589 μετέστη.
1591 4519 1656 4571 El
1711 4519 1811 4589 μὲν

117 4595 220 4667 γάρ
244 4592 314 4668 ἦν
344 4613 434 4660 τις
461 4595 572 4649 τῶν
607 4597 818 4650 πολλῶν
840 4641 853 4663 ,
890 4600 1034 4664 εἰκὸς
1063 4597 1131 4672 ἦν
1160 4603 1317 4655 τοῦτο
1351 4605 1693 4660 ὑποπτεῦσαι
1712 4624 1725 4638 ·
1762 4610 1809 4662 εί

116 4684 167 4736 δέ
206 4685 327 4737 τῶν·
371 4683 614 4756 μάλιστα
653 4687 874 4740 πάντων
905 4689 1287 4760 κατεχομένων
1322 4692 1427 4745 ὑπὸ
1474 4693 1570 4748 τοῦ
1616 4695 1808 4766 νόμου,

115 4774 212 4826 οὐκ
236 4770 309 4844 ἦν
341 4774 498 4837 είκδς
527 4774 715 4838 ἁπλῶς
748 4776 840 4828 καὶ
879 4777 1138 4849 οὐδεμιᾶς
1176 4779 1425 4848 ἀνάγκης
1463 4784 1695 4855 ἰσχυρᾶς
1729 4786 1812 4839 ού-

117 4877 213 4930 σης
246 4860 582 4930 μεταθέσθαι
627 4862 810 4915 αὐτόν.
855 4863 992 4916 Ἀλλ’
1042 4867 1174 4928 ἴσως
1214 4868 1358 4920 εἴποι
1397 4887 1482 4932 τις
1517 4871 1602 4925 ἀν·
1645 4873 1811 4926 Οὐδὲν

114 4949 272 5002 τοῦτο
304 4952 476 5012 ποιεῖ,
506 4951 590 5002 ὅτι
621 4950 857 5005 ἐνταῦθα
891 4953 1194 5024 ἀνετράφη·
1231 4956 1282 5016 τί
1313 4957 1422 5028 γάρ
1452 4961 1500 5012 εί
1534 4962 1676 5014 κατά
1707 4964 1808 5033 ἐμ-

117 5039 315 5106 πορίαν
341 5037 375 5106 ἢ
409 5039 532 5091 κατ’
558 5037 726 5109 ἀλλην
758 5041 879 5094 τινά
911 5043 1089 5098 αἰτίαν
1127 5044 1357 5098 ἐνταῦθα
1388 5047 1658 5116 γέγονας;
1691 5055 1808 5106 ’Ὶνα

115 5127 291 5178 τοίνυν
325 5127 403 5196 μὴ
435 5125 523 5180 διά
557 5127 716 5179 τοῦτο
740 5130 1000 5202 νομισθῇ,
1028 5134 1298 5202 ἐπήγαγε,
1336 5137 1499 5203 Παρὰ
1530 5140 1668 5204 τοὺς
1701 5143 1806 5193 πό-

115 5213 220 5279 ιάς
263 5215 699 5284 Γαμαλιήλου·
745 5218 838 5269 καὶ
876 5220 972 5288 οὐχ
1006 5221 1193 5285 ἁπλῶς
1237 5221 1358 5274 εἷπε
1383 5264 1396 5285 ,
1430 5227 1590 5296 Παρᾶ
1627 5229 1806 5298 Γαμα-

116 5301 297 5368 λιήλου
319 5343 333 5364 ,
362 5303 522 5368 ἀλλὰ,
561 5305 728 5370 Παρὰ
766 5305 906 5368 τοὺς
940 5307 1133 5374 πόδας
1158 5351 1171 5374 ,
1207 5309 1306 5380 τὴν
1343 5315 1674 5383 καρτερίαν,
1711 5319 1809 5384 τὴν

117 5390 480 5460 προσεδρείαν
501 5432 515 5451 ,
547 5391 645 5461 τὴν
679 5393 914 5463 σπουδὴν
941 5394 1040 5466 τὴν
1080 5397 1208 5467 περὶ
1232 5399 1333 5468 τὴν
1366 5401 1634 5472 ἀκρόασιν
1655 5448 1668 5470 ,
1711 5405 1808 5476 τὴν

117 5478 316 5548 πολλὴν
349 5479 488 5547 πρὸς
531 5480 621 5530 τὸν
662 5479 832 5550 ἄνδρα
874 5483 1008 5535 αἰδῶ
1036 5484 1274 5548 δεικνύς.
1321 5489 1808 5561 Πεπαιδευμένος

118 5567 263 5618 rati:
280 5566 596 5632 ἀκρίϐειαν
618 5567 724 5621 τοῦ
745 5568 1020 5635 πατρῴου
1044 5574 1254 5641 νόμου.
1273 5575 1384 5645 Οὐχ
1410 5577 1595 5643 ἁπλῶς
1617 5582 1804 5651 νόμου,

116 5654 244 5706 ἀλλὰ
308 5653 422 5707 Τοῦ
470 5654 749 5722 πατρῴου
791 5659 1150 5729 προστίθησι·
1201 5663 1417 5727 δεικνὺς
1472 5667 1554 5719 ὅτι
1600 5671 1806 5724 ἀνωθεν

115 5742 354 5806 τοιοῦτος
379 5737 470 5812 ἦν,
512 5743 607 5794 καὶ
638 5744 736 5814 οὐχ
769 5746 958 5810 ἁπλῶς
991 5748 1149 5812 εἰδὼς
1177 5751 1267 5802 τὸν
1300 5753 1483 5821 νόμον.
1522 5757 1706 5811 Ταῦτα
1751 5762 1807 5814 δὲ

118 5830 258 5883 607.5?
293 5831 394 5899 μὲν
431 5832 569 5901 ὑπὲρ
602 5831 826 5884 ἐκείνων
862 5834 1157 5901 λέγεσθαι,
1191 5841 1311 5891 κατ’
1347 5842 1571 5895 ἐκείνων
1617 5847 1671 5897 δὲ
1713 5837 1800 5912 ἦν,

120 5919 164 5969 εί
196 5937 256 5987 γε
289 5921 386 5972 καὶ
417 5919 572 5983 εἰδὼς
601 5921 766 5972 αὑτὸν
799 5921 1001 5976 εἴασεν.
1055 5922 1185 5978 Εἶτα
1214 5968 1226 5992 ,
1280 5927 1364 5980 ἵνα
1399 5930 1472 6001 μὴ
1517 5932 1676 5984 πάλιν
1723 5954 1804 5998 τις

131 6123 154 6165 ⁵
178 6057 347 6117 ’ίίεοε,
386 6060 723 6121 ἐπιτρέψαντος
763 6065 812 6111 δὲ
845 6065 1013 6126 αὐτοῦ,

164 6145 168 6156 ι
193 6131 220 6165 '..

164 6131 220 6167 εί,

1062 6070 1087 6115 ὁ
1136 6069 1342 6125 Παῦ)ο;,
1389 6085 1516 6121 unus
1564 6088 1658 6123 non
1713 6078 1799 6127 Im-

444 6217 714 6270 1’nnm..
768 6211 883 6270 Gn.
937 6209 1068 6272 LX.

1192 419 1259 474 IN
1300 415 1481 473 ACTA
1526 410 2071 471 APOSTOLORUM.
2101 410 2337 468 IIOMIL.
2373 409 2585 467 XLVII.

3523 399 3632 455 328

1931 532 2227 606 ἐπενέγκῃ·
2270 533 2324 587 τί
2349 525 2464 597 οῦν,
2496 530 2547 583 εί
2579 522 2727 591 οἶδας
2762 525 2860 597 μὲν
2889 522 3133 595 ἀκριϐῶς
3164 521 3258 576 τὸν
3296 521 3458 593 νόμον
3479 561 3494 585 ,
3529 521 3632 572 οὐκ

1931 621 2171 685 ἐκδικεῖς
2210 619 2267 674 δέ
2309 619 2432 674 οὐδέ
2461 617 2670 688 φιλεῖς;
2711 613 3033 683 Ζηλωτὴς.
3069 612 3234 682 φησὶν
3254 651 3268 675 ,
3297 610 3592 679 ὑπάρχων
3615 625 3630 641 ·

1929 709 2238 769 τουτέστιν,
2285 709 2384 778 οὐχ
2417 706 2605 771 ἁπλῶς
2649 703 2840 768 εἰδὼς,
2887 701 3024 755 ἀλλά
3062 700 3161 754 καὶ
3200 700 3408 772 σφόδρα
3451 698 3632 769 ζηλῶν

1931 800 2072 868 ὑπὲρ
2101 798 2291 852 αὐτοῦ.
2325 792 2483 862 Εἶτα,
2516 794 2709 866 ἐπειδὴ
2743 792 2960 862 μεγάλα
3000 791 3133 861 περὶ
3163 789 3332 845 αὐτοῦ
3379 788 3632 860 ἐγκώμια

1929 883 2072 948 εἶπε,
2102 887 2275 939 κοινοῖ
2315 884 2408 939 τὸν
2445 884 2606 952 λόγον
2632 879 2841 945 λοιπὸν,
2877 878 3104 948 ἐπάγων
3126 919 3140 942 ,
3167 877 3376 944 Καθὼς
3406 875 3565 931 πάντ
3602 897 3636 942 ς

1928 973 2101 1043 ὑμεῖς
2132 974 2276 1027 ἐστε
2308 970 2600 1042 σήμερον.
2637 957 2894 1042 Δείκνυσι
2917 968 3028 1039 γάρ
3057 966 3256 1029 αὐτοὺς
3294 965 3397 1018 οὐκ
3427 962 3635 1032 ἀνθρω-

1931 1062 2073 1135 πίνῳ
2098 1060 2287 1133 σκοπῷ
2315 1059 2629 1125 ποιοῦντας,
2661 1057 2799 1113 ἀλλά
2825 1054 2974 1129 ζήλῳ
2999 1055 3151 1124 θείῳ.
3182 1053 3356 1108 Τοῦτο
3374 1052 3431 1106 δέ
3459 1052 3632 1122 λέγει,

1930 1151 2295 1223 χαριζόμενος
2343 1150 2528 1214 αὐτοῖς
2575 1148 2673 1202 καὶ
2721 1144 3276 1218 προκαταλαμϐάνων
3321 1141 3503 1198 αὐτῶν
3535 1140 3634 1211 τὴν

1929 1241 2193 1305 διάνοιαν,
2232 1239 2326 1293 καὶ
2358 1239 2608 1308 κατέχων
2638 1239 2695 1291 ἐν
2722 1231 2804 1300 οἷς
2837 1234 3037 1306 βλάϐος
3064 1233 3220 1289 οὐδὲν
3248 1226 3338 1303 ἦν.
3372 1226 3507 1285 Εἶτα
3538 1229 3635 1283 καὶ

1930 1331 2213 1400 τεκμήρια
2278 1329 2554 1400 παράγει,
2617 1327 2811 1395 λέγων·
2877 1324 2986 1390 ’³ος
3037 1324 3267 1390 ταύτην
3321 1318 3441 1388 τὴν
3487 1319 3636 1374 ὁδὸν

1928 1415 2146 1480 ἐδίωξα
2179 1416 2291 1482 ἕως
2338 1415 2624 1480 θανάτου,
2651 1412 2965 1483 δεσμεύων
2997 1410 3096 1464 καὶ
3128 1406 3502 1478 παραδιδοὺς
3546 1408 3636 1472 είς

1929 1503 2209 1572 φυλακὰς
2231 1503 2457 1573 ἄνδρας
2477 1519 2542 1557 τε
2567 1502 2666 1556 καί
2695 1500 3014 1571 γυναῖκας,
3038 1500 3122 1563 ὼς
3141 1497 3239 1551 καί
3267 1499 3300 1552 ό
3320 1494 3631 1565 ἀρχιερεὺς

1923 1593 2219 1662 μαρτυρεῖ
2236 1611 2337 1663 μοι
2359 1634 2374 1659 ,
2411 1591 2510 1647 καί
2535 1590 2662 1646 πᾶν
2691 1590 2758 1644 τὸ
2785 1587 3241 1658 πρεσϐυτέριον.
3280 1584 3403 1639 Ἵνα
3443 1582 3634 1655 μηδεὶς

1929 1681 2094 1755 εἴπῃ·
2137 1683 2247 1736 Καὶ
2287 1681 2450 1735 πόθεν
2479 1679 2642 1734 τοῦτο
2675 1678 2881 1749 δῆλονς
2921 1676 3218 1750 μάρτυρας
3252 1673 3497 1746 παράγει
3537 1671 3634 1725 αύ-

1927 1770 2020 1823 τδν
2048 1771 2141 1824 τὸν
2174 1770 2438 1842 ἀρχιερέα
2462 1769 2559 1824 καὶ
2583 1770 2711 1832 τοὺς
2743 1766 3177 1840 πρεσϐυτέρους.
3215 1765 3325 1819 Καὶ
3354 1761 3504 1831 λέγει
3534 1762 3634 1833 μὲν

1927 1857 2156 1912 λεαίνων
2179 1899 2192 1920 ,
2220 1857 2510 1926 Ζηλωτὴς
2540 1856 2830 1926 ὑπάρχων
2856 1854 3007 1928 [555]
3034 1854 3230 1920 καθὼς
3261 1852 3450 1922 ὑμεῖς,
3479 1867 3635 1905 τουτ-

1929 1946 2076 2000 ἐστιν
2099 1988 2114 2011 ,
2147 1947 2262 2010 ίσος
2295 1947 2458 2017 ὑμῖν·
2490 1947 2730 2000 δείκνυσι
2760 1946 2818 2000 δέ
2858 1944 2949 2000 διά
2990 1944 3101 1998 τῶν
3125 1943 3340 2015 ἔργων,
3375 1943 3456 1996 ὅτι
3492 1941 3634 2013 ὺπέρ

1927 2037 2128 2098 αὐτοὺς
2151 2030 2240 2106 ἦν.
2273 2036 2347 2090 Ού
2374 2036 2484 2107 γάρ
2521 2035 2586 2108 δὴ
2616 2034 2947 2111 περιέμενον
2981 2032 3123 2087 ὥστε
3155 2029 3467 2096 συλλαϐεῖν,
3495 2029 3631 2084 ἀλλά

1928 2127 2024 2178 καὶ
2063 2126 2190 2188 τοὺς
2221 2123 2401 2195 ἱερέας
2437 2125 2745 2195 διήγειρον,
2775 2123 2872 2178 καὶ
2910 2121 3226 2192 ἀποδημίας
3272 2120 3627 2190 ἐστέλλόμην·

1928 2213 2022 2265 καὶ
2049 2211 2172 2266 οὐδὲ
2208 2213 2405 2284 μέχρις
2435 2211 2649 2284 ἀνδρῶν
2679 2212 2926 2283 ἐχώρουν
2963 2210 3220 2281 καθάπερ
3262 2210 3455 2280 ὑμεῖς,
3495 2209 3634 2263 άλλά

1928 2302 2022 2354 καὶ
2042 2302 2339 2370 γυναικῶν·
2369 2301 2463 2356 καὶ
2479 2301 2765 2372 δεσμεύων
2794 2300 3033 2366 πάντας,
3064 2299 3161 2354 καὶ
3181 2300 3261 2362 είς
3279 2298 3633 2370 δεσμωτήρια

1927 2390 2236 2460 ἐμϐάλλων.
2281 2390 2802 2464 Ἀναμφισϐήτητος
2832 2393 2866 2462 ἡ
2904 2389 3208 2462 μαρτυρία,
3245 2387 3635 2457 ἀναπολόγητα

1926 2480 1996 2532 τά
2040 2479 2149 2534 τῶν
2193 2478 2485 2534 Ἰουδαίων.
2527 2480 2671 2550 Ὅρα
2706 2479 2908 2542 πόσους
2943 2477 3187 2549 παράγει
3234 2478 3542 2550 μάρτυρας,
3573 2478 3635 2531 τὸ

1929 2567 2350 2637 πρεσϐυτέριον,
2379 2567 2471 2620 τὸν
2503 2567 2785 2638 ἀρχιερέα.
2827 2568 2955 2628 τοὺς
2984 2568 3042 2620 ἐν
3068 2569 3134 2638 τῇ
3168 2565 3343 2621 πόλει.

2000 2654 2066 2726 β’.
2107 2655 2283 2710 Βλέπε
2304 2656 2360 2709 δέ
2378 2655 2664 2720 αὐτοῦικαὶ
2677 2655 2776 2727 τὴν
2797 2655 3096 2724 ἀπολογίαν
3115 2656 3179 2709 οὐ
3208 2654 3411 2719 δειλίας
3441 2650 3633 2721 οὖσαν,

1927 2744 2064 2798 ἀλλά
2102 2745 2453 2809 διδασκαλίας
2499 2744 2701 2815 μᾶλλον
2740 2745 2836 2798 καὶ
2873 2744 3261 2815 κατηχήσεως·
3315 2745 3376 2798 Εἰ
3411 2743 3520 2815 γὰρ
3557 2745 3632 2817 μὴ

1926 2831 2065 2886 λίθοι
2099 2827 2240 2903 ἦσαν
2267 2835 2314 2886 οί
2341 2833 2663 2898 ἀκούοντες,
2700 2835 2995 2905 προσεῖχον
3037 2832 3104 2887 ἂν
3133 2835 3246 2898 τοῖς
3282 2832 3629 2903 λεγομένοις.

1926 2921 2106 2992 Μέχρι
2129 2922 2240 2993 γὰρ
2261 2921 2451 2975 τούτου
2487 2921 2779 2996 μάρτυρας
2824 2917 2974 2993 εἶχεν
3005 2923 3232 2986 αὐτοὺς,
3262 2921 3334 2976 τά
3375 2923 3433 2976 δὲ
3466 2921 3636 2978 λοιπά

1926 3012 2245 3082 ἀμάρτυρα.
2277 3010 2420 3080 Παρ’
2459 3004 2548 3065 ὧν
2576 3010 2673 3064 καὶ
2711 3011 3046 3077 ἐπιστολὰς
3078 3010 3434 3081 δεξάμενος,
3479 3011 3634 3080 πρὸς

1925 3094 2069 3162 τοὺς
2091 3095 2398 3164 ἀδελφοὺς
2430 3097 2517 3161 είς
2549 3095 2874 3163 Δαμασκὸν
2911 3095 3313 3164 ἐπορευόμην,
3343 3095 3508 3161 ἄξων
3531 3096 3634 3150 καὶ

1925 3184 2068 3251 τοὺς
2087 3183 2291 3238 ἐκεῖσε
2334 3182 2518 3250 ὄντας
2556 3180 2920 3251 δεδεμένους
2950 3184 3039 3248 είς
3073 3180 3496 3252 Ἰερουσαλὴμ,
3530 3183 3632 3236 ἵνα

1925 3272 2366 3341 τιμωρηθῶσιν.
2407 3271 2680 3341 Ἐγένετο
2701 3269 2769 3324 δὲ
2807 3269 3192 3340 πορευομένῳ
3214 3288 3319 3339 μοι
3355 3269 3452 3325 καί
3476 3270 3634 3341 ἐγγί-

1925 3359 2082 3421 ζοντι
2109 3357 2185 3429 τῇ
2214 3357 2532 3428 Δαμασκῷ,
2603 3357 2741 3427 περὶ
2788 3358 3178 3428 μεσημϐρίαν
3235 3358 3532 3428 ἐξαίφνης
3561 3360 3632 3414 ἐκ

1924 3449 2032 3503 τοῦ
2059 3449 2322 3519 οὐρανοῦ
2380 3446 2832 3516 περιαστράψαι
2883 3445 3009 3516 φῶς
3065 3447 3280 3502 ἱκανὸν
3328 3449 3462 3518 περὶ
3502 3449 3628 3519 ἐμὲ,

1924 3538 2155 3593 ἔπεσόν
2183 3554 2248 3592 τε
2273 3539 2361 3604 είς
2394 3537 2462 3591 τὸ
2500 3536 2749 3606 ἔδαφος,
2780 3536 2880 3591 καί
2917 3535 3153 3606 ἤκουον
3184 3535 3394 3606 φωνῆς
3417 3539 3633 3607 λεγού-

1922 3643 2043 3694 σης
2085 3644 2224 3697 μοι·
2264 3625 2492 3690 Σαοὺλ,
2546 3625 2770 3693 Σαοὺλ,
2818 3626 2878 3679 τί
2916 3642 2988 3691 με
3040 3625 3312 3693 διώκεις;
3352 3625 3506 3696 Ἐγὼ
3564 3627 3632 3679 δὲ

1922 3716 2290 3784 ἀπεκρίθην·
2327 3716 2424 3779 Τίς
2471 3710 2543 3778 εἴ,
2585 3715 2797 3782 Κὺριε;
2855 3711 3007 3769 Εἷπέ
3040 3731 3106 3768 τε
3135 3717 3288 3783 πρός
3309 3732 3389 3784 με
3419 3732 3432 3744 ·
3485 3715 3631 3782 Ἐγιὶι

1921 3806 2039 3873 ειμι
2075 3802 2322 3873 Ἰησοῦς
2351 3807 2383 3858 ό
2427 3802 2790 3871 Ναζωραῖος,
2847 3803 2919 3857 ὃν
2951 3802 3034 3858 σὺ
3082 3801 3337 3870 διώκεις.
3375 3803 3630 3859 Μάλιστα

1926 3894 2026 3963 μὲν
2066 3889 2160 3946 οὖν
2195 3891 2502 3947 καὶταῦτα
2547 3890 2842 3957 ἀξιόπιστα
2886 3891 2992 3944 ἔδει
3048 3887 3186 3944 εἶναι
3211 3892 3321 3946 ἀπὸ
3354 3892 3465 3944 τῶν
3493 3909 3629 3962 προ-

1920 3982 2200 4036 λαϐόντων
2232 3997 2244 4009 ·
2273 3981 2333 4033 ού
2373 3981 2481 4051 γὰρ
2515 3980 2579 4034 ἂν
2611 3980 2986 4052 μετεστράφη.
3023 3980 3089 4033 Τί
3116 3978 3230 4047 οὖν,
3256 3982 3304 4034 εἰ
3327 3981 3624 4052 κομπάζεις

1921 4069 2118 4138 φησίν;
2149 4069 2418 4138 Οὐδαμῶς
2448 4067 2496 4120 δ.
2533 4067 2630 4120 Διά
2673 4067 2726 4120 τί
2779 4067 2888 4138 γὰρ
2946 4067 3204 4122 τοσοῦτον
3246 4068 3509 4139 ἐξαίφνης
3536 4071 3626 4142 ἔρ-

1924 4159 2048 4229 ριψε
2080 4158 2243 4230 ζῆλον
2273 4177 2286 4222 ;
2317 4158 2443 4211 εἰπέ
2469 4176 2580 4228 μοι.
2620 4157 2801 4228 Τιμὴν
2833 4157 3153 4229 προσδοκῶν
3179 4177 3192 4224 ;
3237 4159 3349 4213 Καὶ
3379 4159 3488 4231 μὴν
3526 4152 3624 4214 τά-

1923 4248 2114 4301 ναντία
2149 4247 2448 4315 ὑπέμεινεν
2480 4264 2492 4274 ·
2537 4247 2666 4300 ἀλλ’
2721 4246 2937 4312 ἀνεσιν;
2987 4247 3125 4300 Ούδέ
3165 4247 3324 4301 τοῦτο
3350 4265 3362 4279 ·
3393 4249 3530 4302 ἀλλά
3571 4251 3626 4302 τί

1921 4338 2148 4408 ἕτερον;
2208 4337 2360 4389 Ἀλλ’
2409 4335 2564 4389 οὐδὲν
2632 4335 2741 4389 ἀπὸ
2790 4335 3071 4405 λογισμῶν
3130 4339 3312 4407 εὑρεῖν
3373 4337 3622 4394 δυνατόν.

1921 4426 2108 4480 Ταῦτα
2161 4426 2343 4480 τοίνυν
2391 4424 2552 4494 ἀφεὶς
2594 4426 2780 4488 αὐτοῖς
2832 4426 3155 4494 συλλέγειν,
3210 4427 3277 4480 τά
3320 4427 3626 4498 πράγματα

1918 4518 2208 4588 διηγεῖται.
2259 4515 2585 4587 Ἑγγίζοντί
2610 4534 2735 4586 μοι,
2792 4519 2950 4588 φησὶ,
3008 4517 3082 4586 τῇ
3137 4519 3454 4588 Δαμασκῷ,
3486 4523 3626 4590 περὶ

1918 4607 2297 4677 μεσημϐρίαν
2318 4605 2616 4674 ἐξαίφνης
2643 4606 2712 4659 ἐκ
2739 4606 2844 4659 τοῦ
2881 4607 3146 4675 οὐρανοῦ
3176 4608 3626 4678 περιαστράψαι

1919 4695 2043 4765 φῶς
2074 4695 2286 4750 ἰκανὸν
2313 4695 2446 4762 περὶ
2474 4692 2599 4763 ἐμὲ,
2635 4696 2868 4749 ἔπεσόν
2896 4712 2958 4748 τε
2989 4697 3079 4760 είς
3108 4696 3176 4749 τὸ
3203 4697 3450 4767 ἔδαφος.
3479 4699 3625 4770 Ὅρα

1920 4785 2062 4856 πόση
2089 4785 2121 4854 ἡ
2152 4782 2428 4854 ὑπερϐολὴ
2470 4783 2565 4836 τοῦ
2611 4782 2811 4852 φωτός.
2853 4783 2966 4837 Καὶ
3015 4785 3096 4836 ὅτι
3136 4786 3200 4837 ού
3250 4785 3547 4854 κομπάζω,
3573 4790 3623 4840 οί

1920 4875 2175 4937 συνόντες
2211 4871 2603 4944 μαρτυροῦσιν,
2663 4875 2710 4925 οί
2765 4872 3270 4943 χειραγωγοῦντες,
3325 4877 3372 4927 οί
3412 4875 3472 4928 τὸ
3507 4876 3624 4943 φῶς

1919 4964 2268 5034 θεασάμενοι.
2307 4965 2370 5016 Ol
2406 4961 2475 5016 δὲ
2506 4961 2631 5016 σὺν
2667 4961 2799 5030 ἐμοὶ
2848 4961 3020 5026 ὄντες
3059 4961 3122 5013 τὸ
3154 4963 3272 5028 μὲν
3301 4961 3429 5032 φῶς
3464 4965 3625 5020 ὲθεά-

1918 5068 2130 5115 σαντο,
2177 5051 2275 5104 καὶ
2318 5050 2566 5119 ἔμφοϐοι
2622 5049 2926 5117 ἐγένοντο,
2979 5050 3096 5115 τὴν
3145 5049 3216 5102 δὲ
3263 5051 3480 5120 φωνὴν
3509 5055 3624 5108 οὐκ

1917 5139 2197 5208 ἥκουσαν
2250 5138 2358 5192 τοῦ
2410 5138 2756 5203 λαλοῦντός
2804 5155 2927 5206 μοι.
2995 5137 3181 5206 Μηδὲν
3234 5140 3506 5211 ξενισθῇς,
3572 5145 3621 5195 εί

1917 5227 2152 5280 ἐνταῦθα
2180 5226 2278 5295 μὲν
2309 5225 2504 5288 οὕτως,
2529 5225 2758 5296 ἑτέρωθι
2784 5226 2840 5277 δὲ
2878 5225 3048 5293 λέγει.
3084 5227 3165 5277 ὅτι
3210 5227 3624 5292 Είστήκεισαν

1918 5315 2028 5382 τὴν
2054 5316 2171 5383 μὲν
2200 5314 2410 5383 φωνὴν
2445 5315 2794 5378 ἀκούοντες,
2839 5314 3072 5381 μηδένα
3121 5313 3189 5365 δὲ
3234 5319 3617 5384 θεωροῦντες.

1916 5406 2029 5457 Οὐκ
2050 5406 2166 5457 ἔστι
2188 5403 2348 5457 τοῦτο
2373 5403 2635 5456 ἐναντίον.
2677 5404 2861 5456 Φωναὶ
2907 5405 3017 5473 γὰρ
3039 5403 3131 5456 δύο
3153 5399 3318 5474 ἦσαν,
3340 5408 3371 5473 ἡ
3403 5407 3620 5459 Παύλου

1918 5494 2010 5545 καὶ
2045 5495 2077 5563 ἠ
2119 5493 2211 5546 τοῦ
2243 5493 2450 5562 Κυρίου
2483 5510 2494 5522 ·
2540 5491 2640 5563 τὴν
2676 5493 2860 5562 φωνὴν
2907 5491 3090 5545 τοίνυν
3132 5494 3251 5544 ἐκεῖ
3282 5492 3374 5546 τοῦ
3401 5496 3624 5550 Παύλου

1916 5581 2086 5648 λέγει,
2118 5580 2431 5633 ἐνταῦθαδέ
2477 5581 2570 5633 καὶ
2631 5579 2976 5650 προσέθηκεν
3023 5578 3216 5642 εἰπὼν,
3258 5580 3378 5649 Τὴν
3401 5583 3619 5651 φωνὴν

1915 5667 2025 5717 οὑκ
2054 5664 2333 5731 ἤκουσαν
2362 5663 2468 5717 τοῦ
2494 5663 2841 5728 λαλοῦντός
2863 5681 2986 5731 μοι.
3015 5662 3228 5716 Οὐκοῦν
3255 5664 3336 5728 τὸ,
3365 5665 3618 5732 Μηδένα

1916 5752 2298 5820 θεωροῦντες,
2337 5753 2396 5804 ού
2427 5752 2520 5804 τοῦ
2558 5752 2706 5814 ἰδεῖν,
2741 5751 2879 5805 ἀλλά
2920 5750 3015 5804 τοῦ
3053 5752 3126 5820 μὴ
3171 5753 3408 5805 ἀκοῦσαι
3443 5753 3616 5824 δηλωη

1915 5841 2258 5892 τικόνὲστιν.
2303 5841 2377 5891 Ού
2435 5840 2544 5910 γὰρ
2596 5835 2750 5891 εἶπεν
2799 5840 2880 5891 ὅτι
2930 5840 2992 5891 τὸ
3040 5839 3156 5908 φῶς
3183 5840 3285 5892 οὐκ
3332 5838 3563 5894 ἔϐλεπον
3600 5857 3612 5872 ·

1917 5929 2070 5992 ἀλλὰ,
2105 5928 2351 5997 Μηδένα
2384 5929 2748 5995 0a..)pnfn'tec
2771 5929 3166 5997 εἰστήνεισαν
3189 5943 3199 5959 ·
3222 5927 3492 5996 τουτέστι,
3521 5928 3611 5984 λα-

1977 6145 2000 6180 h
2030 6145 2264 6204 Οὐδαμῶς
2285 6144 2430 6194 deost
2463 6148 2507 6194 in
2535 6147 2840 6207 quxbumlam.

2992 6235 3060 6292 ει
