4072 6412
471 403 574 466 329

463 526 679 585 λοῦντα.
713 527 948 592 Εἰκότως
969 526 1024 580 δέ
1066 525 1224 580 τοῦτο
1262 525 1480 596 ἐγένετο
1521 543 1533 556 ·
1577 524 1738 579 αὑτὸν
1768 521 1879 595 γὰρ
1901 519 2008 575 ἔδει
2045 519 2146 590 τῆς

463 617 646 687 φωνῆς
671 615 1072 686 καταξιωθῆναι
1094 615 1330 685 ἐκείνης.
1366 615 1431 669 Εἰ
1466 613 1576 684 γὰρ
1607 613 1852 684 ἡκουσαν
1875 611 2145 675 κάκεῖνοι,

463 705 562 758 οὐκ
592 706 658 758 ἂν
682 703 935 758 τοσοῦτον
987 703 1206 773 ἐγένετο
1255 705 1315 757 τὸ
1368 702 1570 774 θαῦμα.
1617 701 1836 770 Ἐπειδὴ
1878 698 2057 752 τοίνυν
2092 699 2146 751 οἰ

465 794 763 864 παχύτεροι
797 791 917 862 δψει
949 791 1230 846 πείθονται
1267 791 1487 863 μᾶλλον,
1509 790 1596 844 διὰ
1632 788 1792 843 τοῦτο
1819 787 1916 842 καὶ
1945 787 2145 840 ἐκεῖνοι

463 881 523 932 τὸ
556 881 670 949 φῶς
703 877 842 934 εἶδον
877 881 1058 951 μόνον,
1103 881 1240 952 ὅπερ
1293 879 1476 955 ἰκαγὸν
1528 874 1600 950 ἦν
1646 875 1846 940 αὐτοὺς
1907 876 2094 927 πεῖσαι
2130 889 2142 900 ⁸

464 969 583 1022 ὅθεν
606 970 700 1023 καὶ
732 968 960 1040 ἔμφοϐοι
981 967 1458 1039 γίνονται.⁹Αλλως
1472 967 1529 1022 δὲ
1549 966 1704 1040 [554]
1721 967 1780 1020 ού
1798 966 1926 1038 περὶ
1943 962 2146 1028 αὐτοὺς

464 1057 523 1110 τὸ
573 1056 689 1127 φῶς
710 1057 962 1113 τοσοῦτον
990 1059 1302 1130 εἰργάσατο,
1326 1057 1450 1112 ὅσον
1493 1058 1621 1130 περὶ
1641 1055 1830 1111 τοῦτον
1863 1070 1883 1087 ο
1913 1052 2006 1108 καί
2033 1051 2146 1124 γὰρ

463 1145 750 1216 ἐπήρωσεν
773 1145 941 1199 αὐτοῦ
967 1146 1065 1211 τὰς
1091 1145 1277 1216 δψεις,
1309 1145 1400 1200 διά
1437 1145 1550 1200 τῶν
1585 1146 1665 1210 εἰς
1697 1143 1883 1199 τοῦτον
1913 1140 2146 1212 συμϐαι-

462 1233 663 1287 νόντων
693 1234 967 1298 κάκείνοις
991 1233 1167 1299 διδοὺς
1194 1232 1501 1304 ἀναϐλέψαι
1527 1244 1569 1299 ⁸,
1595 1233 1650 1288 εἰ
1667 1250 1731 1304 γε
1759 1230 1971 1303 ἧθελον.
1990 1227 2144 1299 Ἐμοὶ

464 1321 593 1389 γοῦν
618 1322 878 1377 δοκεῖκαὶ
899 1324 1264 1396 οἰκονομικῶς
1288 1324 1534 1388 ἐκείνους
1564 1323 1640 1396 μὴ
1669 1320 1978 1387 πιστεῦσαι,
2001 1317 2142 1372 ὥστε

461 1405 600 1464 εἶναι
635 1411 920 1482 μάρτυρας
935 1411 1308 1480 ἀξιοπίστους.
1337 1409 1488 1468 Εἷπέ
1514 1430 1598 1474 τε,
1637 1413 1791 1484 φησὶ,
1823 1409 1975 1480 πρὸς
1999 1405 2103 1478 ἐμέ
2124 1424 2140 1441 ⁹

461 1497 603 1567 Ἐγώ
633 1499 748 1568 εἰμι
787 1498 1031 1568 Ἰησοῦς
1057 1503 1090 1555 δ
1105 1499 1456 1570 Ναζωραῖος,
1475 1501 1548 1555 δν
1567 1500 1648 1554 σὺ
1673 1499 1923 1566 διώκεις.
1946 1493 2146 1559 Καλῶς

464 1587 555 1638 καί
580 1585 614 1656 ἡ
641 1587 792 1651 πόλις
822 1589 1165 1658 πρόσκειται,
1195 1589 1335 1644 ὥστε
1392 1589 1689 1656 ἐπιγνῶναι
1716 1585 1934 1650 αύτούς.
1961 1585 2073 1641 Καὶ
2095 1585 2144 1637 οἰ

461 1676 749 1730 ἀπόστολοι
771 1676 944 1742 οὕτως
989 1677 1174 1747 ελεγον
1205 1695 1220 1709 ·
1255 1679 1504 1746 Ἰησοῦν
1547 1678 1656 1732 τὸν
1693 1677 1813 1735 ἀπὸ
1857 1673 2143 1745 Ναζαρέθ.

465 1765 628 1834 Ὅρα,
683 1763 778 1817 καὶ
828 1765 988 1828 αὐτὸς
1034 1769 1323 1837 μαρτυρεῖ,
1381 1766 1465 1820 δτι
1522 1765 1803 1821 ἐδιώκετο.
1839 1763 2002 1818 Οίδὲ
2023 1762 2148 1818 σὺν

463 1853 588 1922 ἐμοὶ
623 1852 792 1917 ὄντες
820 1853 885 1906 τὸ
919 1852 1037 1923 μὲν
1065 1851 1193 1923 φῶς
1220 1853 1568 1919 ἐθεάσαντο,
1605 1854 1706 1908 καί
1741 1853 1987 1924 ἔμφοϐοι
2016 1850 2145 1920 ἐγέ-

462 1959 659 2005 νοντο,
691 1942 806 2011 τὴν
839 1941 908 1996 δὲ
943 1941 1154 2017 φωνὴν
1188 1944 1301 1996 οὐκ
1348 1941 1632 2011 ἥκουσαν
1658 1942 1766 1996 τοῦ
1803 1939 2146 2006 λαλοῦντός

457 2050 577 2100 μοι.
633 2028 822 2086 Εἶπον
863 2031 932 2084 δέ
965 2048 977 2061 ·
1020 2034 1080 2085 Τί
1127 2030 1385 2100 ποιήσω,
1433 2032 1644 2100 Κύριε;
1685 2032 1748 2084 '0
1809 2028 1879 2083 δὲ
1926 2031 2144 2097 Κύριος

464 2115 592 2171 εἷπε
623 2119 771 2186 πρός
800 2136 876 2188 με
912 2135 925 2152 ο
982 2118 1282 2185 Ἀναστὰς
1344 2119 1605 2187 πορεύου
1654 2120 1742 2184 εἰς
1799 2115 2139 2187 Δαμασκὸν,

465 2205 640 2259 κάκεῖ
670 2222 769 2259 σοι
816 2205 1228 2273 λαληθήσεται
1284 2207 1340 2260 τί
1384 2219 1459 2260 σε
1513 2203 1605 2258 δεῖ
1641 2203 1915 2273 ποιῆσαι.
1955 2203 2053 2270 Ὦς
2075 2203 2144 2258 δὲ

463 2297 574 2348 οὐκ
603 2292 928 2348 ἐνέϐλεπον
965 2294 1084 2348 ἀπὸ
1135 2292 1246 2362 τῆς
1297 2293 1483 2362 δόξης
1516 2292 1622 2347 τοῦ
1653 2293 1850 2364 φωτός
1881 2293 2140 2356 ἐκείνου,

463 2380 1005 2451 χειραγωγούμενος
1032 2381 1153 2436 ὑπὸ
1192 2379 1312 2433 τῶν
1342 2383 1662 2436 συνόντων
1682 2399 1809 2452 μοι,
1837 2376 2031 2452 ἦλθον
2057 2382 2145 2446 εἰς

462 2472 800 2542 Δαμασκόν.
849 2471 1128 2536 Ἀνανίας
1158 2468 1227 2523 δέ
1251 2487 1340 2536 τις
1368 2470 1525 2539 ἀνὴρ
1551 2466 1818 2538 εὐλαϐὴς
1855 2470 2006 2524 κατὰ
2030 2471 2139 2524 τὸν

461 2564 669 2630 νόμον,
725 2559 1216 2629 μαρτυρούμενος
1262 2557 1383 2615 ὑπὸ
1417 2558 1662 2613 πάντων
1694 2556 1813 2612 τῶν
1861 2558 1930 2612 ὲν
1960 2561 2143 2627 Δαμα-

461 2649 592 2716 σκῷ
636 2649 961 2710 Ἰουδαίων,
988 2646 1181 2701 ἐλθὼν
1215 2646 1364 2717 πρός
1427 2665 1505 2717 με
1567 2647 1669 2702 καί
1711 2647 1986 2712 ἐπιστὰς,
2013 2643 2144 2700 εἶπέ

460 2757 555 2808 μοι
593 2758 605 2770 ·
649 2737 848 2791 Σαοὺλ
897 2734 1155 2804 ιίδελςοὲ,
1211 2734 1582 2804 ἀνάϐλεψον.
1638 2734 1811 2805 Κάγὼ
1858 2734 2015 2806 αὐτῇ
2069 2733 2145 2803 τῇ

466 2826 587 2894 ὄφει
610 2825 917 2893 ἀνέϐλεψα
970 2825 1057 2890 εἰς
1098 2823 1304 2877 αὐτόν.
1351 2825 1627 2889 Εἵσελθε,
1678 2824 1866 2896 φησὶν,
1918 2826 2006 2891 είς
2029 2823 2147 2893 τὴν

463 2919 664 2978 πόλιν,
696 2913 874 2969 κάκεῖ
923 2927 1024 2966 σοι
1079 2902 1490 2979 λαληθήσεται
1537 2913 1596 2966 τί
1637 2926 1712 2967 σε
1746 2912 1843 2967 δεῖ
1867 2911 2139 2982 ποιῆσαι.

475 3006 604 3059 Ἰδοὺ
632 3003 792 3058 πάλιν
818 3002 972 3065 ἀλλος
1005 3001 1237 3074 μάρτυς.
1269 2998 1372 3054 Καὶ
1400 3001 1503 3071 ὅρα
1531 2999 1649 3064 πῶς
1682 3001 1844 3055 αὐτὸν
1873 3001 1969 3054 καὶ
1997 3000 2144 3066 ἀξιό-

463 3111 652 3150 πιστον
681 3093 840 3146 ποιεῖ.
889 3091 1167 3156 Ἀνανίας
1214 3087 1281 3142 δέ
1328 3105 1438 3155 τις,
1473 3088 1661 3161 φησὶν,
1690 3088 1845 3157 ἀνὴρ
1877 3087 2144 3156 εὐλαϐὴς

466 3183 614 3236 κατὰ
650 3183 758 3235 τὸν
781 3179 991 3249 νόμον,
1045 3177 1535 3247 μαρτυρούμενος
1584 3177 1706 3232 ὑπὸ
1756 3178 2000 3231 πάντων
2026 3175 2146 3231 τῶν

477 3269 800 3333 Ἰουδαίων,
831 3265 1124 3321 εἰσελθὼν
1153 3268 1306 3335 πρός
1333 3281 1410 3335 με
1439 3265 1534 3319 καί
1557 3264 1832 3330 ἐπιστὰς,
1861 3261 1992 3320 εῒπέ
2003 3283 2106 3335 μοι
2129 3283 2142 3295 ·

480 3358 869 3425 Ἀνάϐλεψον.
948 3353 1137 3429 Οὕτως
1200 3353 1350 3406 οὐδὲν
1419 3353 1702 3425 ἀλλότριόν
1768 3355 1908 3408 ἐστι.
1969 3353 2146 3426 Κάγὼ

461 3446 618 3516 αὐτῇ
649 3445 722 3515 τῇ
748 3443 869 3514 ὥρᾳ
907 3443 1236 3512 ἀνέϐλεψα.
1272 3436 1406 3497 Εἶτα
1455 3443 1490 3514 ἡ
1529 3441 1619 3498 διὰ
1667 3442 1780 3496 τῶν
1800 3443 2145 3514 πραγμάτων

467 3534 763 3606 μαρτυρία.
817 3533 929 3587 Καὶ
974 3533 1078 3603 ὅρα
1141 3529 1230 3584 διά
1293 3529 1610 3601 προσώπων
1653 3531 1749 3583 καὶ
1799 3532 2144 3601 πραγμάτων

465 3623 633 3693 αὐτὴν
662 3621 1029 3692 πλεκομένην,
1052 3618 1361 3690 προσώπων
1385 3617 1605 3672 οἰκείων
1624 3633 1684 3670 τε
1707 3617 1800 3671 καί
1826 3617 2142 3689 ἀλλοτρίων.

468 3713 742 3786 Βρόσωπα
761 3712 788 3751 δ
806 3713 854 3764 οἰ
885 3712 1070 3782 ίερεῖς,
1090 3710 1140 3762 οἰ
1169 3707 1556 3780 πρεσϐύτεροι,
1578 3709 1627 3761 οἰ
1659 3708 2051 3773 συνοδεύοντες·
2077 3709 2151 3764 τά

465 3802 765 3872 πράγματα
794 3798 830 3853 ἀ
856 3797 1049 3863 ἐποίει,
1080 3794 1120 3850 ἃ
1141 3796 1333 3850 ἐπαθεο
1366 3796 1462 3850 καὶ
1511 3797 1816 3867 πράγματα
1853 3797 2152 3868 πράγμασι

469 3891 777 3961 μαρτυρεῖ,
820 3887 941 3957 ούχὶ
985 3885 1253 3957 πρόσωπα
1307 3884 1488 3955 μόνον.
1534 3885 1607 3938 Ἦ
1635 3884 1732 3938 καὶ
1772 3883 1975 3956 ἑτέρως
2003 3903 2018 3919 ·
2051 3884 2148 3940 ἀλ-

467 3977 676 4048 λότριος
697 3977 725 4029 ὁ
757 3975 1011 4037 Ἀνανίας
1041 3991 1054 4006 ·
1088 3968 1208 4028 εἶτα
1232 3973 1294 4026 τὸ
1317 3974 1553 4045 πρᾶγμα
1584 3973 1737 4041 αὐτὸ,
1763 3974 1798 4045 ἡ
1823 3974 2141 4045 ἀνάϐλεψις·

466 4063 586 4121 εἶτα
633 4065 940 4138 προφητεία
973 4062 1208 4134 μεγάλη.
1248 4063 1312 4116 '0
1335 4061 1404 4116 δὲ
1449 4059 1612 4130 εἷπε,
1658 4063 1841 4135 φησίνο
1880 4064 1945 4118 '0
1999 4064 2143 4134 Θεὸς

467 4155 584 4209 τῶν
601 4153 874 4223 πατέρων
905 4150 1081 4221 ἡμῶν
1111 4152 1576 4220 προεχειρίσατό
1597 4166 1673 4205 σε
1711 4150 1934 4221 γνῶναι
1957 4154 2021 4209 τὸ
2051 4155 2144 4210 θέ-

466 4247 627 4313 λημα
654 4241 864 4307 αὑτοῦ,
889 4241 986 4294 καί
1014 4239 1165 4294 ἰδεῖν
1195 4240 1306 4293 τὸν
1327 4239 1587 4294 δίκαιον.
1613 4239 1810 4303 Καλῶς
1840 4238 1984 4308 εἰπε,
2022 4242 2145 4299 Τῶν

467 4330 757 4399 πατέρων,
791 4330 878 4383 ῖνσ.
909 4329 1061 4400 δείξῃ
1100 4327 1301 4392 αὐτοὺς
1341 4328 1441 4381 οὐκ
1468 4327 1632 4392 ὄντας
1665 4329 1978 4394 Ἰουδαίους,
2008 4331 2146 4386 ἀλλά

468 4419 788 4490 ἀλλοτρίους
818 4417 911 4471 τοῦ
940 4417 1132 4488 νόμου,
1162 4417 1256 4470 καὶ
1279 4416 1478 4485 φθόνῳ,
1497 4416 1619 4488 ούχί
1648 4415 1798 4489 ζήλῳ
1831 4417 2141 4483 ποιοῦντας.

468 4507 724 4572 Γνῶναι,
750 4505 907 4576 φησὶ,
938 4504 1002 4558 τὸ
1027 4502 1259 4572 θέλημα
1319 4503 1527 4570 αὑτοῦ,
1581 4504 1679 4559 καί
1713 4504 1865 4559 ἰδεῖν
1905 4505 2014 4560 τὸν
2057 4505 2144 4561 δί-

466 4610 657 4647 καιον.
691 4589 904 4646 Οὐκοῦν
932 4589 1101 4646 αὑτοῦ
1145 4590 1361 4660 θέλημα
1392 4588 1569 4644 τοῦτο.
1605 4591 1748 4662 Ὅρα
1787 4591 1906 4656 πῶς
1949 4593 2007 4647 ἐν
2057 4595 2146 4649 τά·

467 4685 543 4750 ξει
571 4682 880 4752 διηγήσεως
920 4678 1243 4732 διδασκαλία
1299 4677 1436 4734 ἐστί.
1473 4679 1581 4732 Καὶ
1623 4679 1882 4733 ἀκοῦσαι
1933 4681 2146 4751 φωνὴν

466 4773 533 4824 ἐκ
552 4770 656 4823 τοῦ
692 4769 991 4837 στόματος
1025 4765 1236 4830 αὑτοῦ,
1269 4764 1358 4819 ὅτι
1381 4766 1496 4834 ἔσῃ
1519 4765 1752 4836 μάρτυς
1770 4769 1960 4824 αὑτοῦ
1994 4772 2145 4840 πρὸς

468 4857 699 4922 πάντας
727 4853 1100 4924 ἀνθρώπους,
1134 4846 1222 4907 ὧν
1261 4852 1528 4922 ἑώρακας
1560 4855 1658 4909 καί
1699 4854 1994 4924 ἤκουσας.
2033 4861 2143 4914 Καὶ

471 4945 630 5011 ἰδεῖν,
655 4944 807 5014 φησὶ,
836 4943 942 4994 τὸν
981 4940 1218 4994 δίκαιον
1248 4958 1260 4971 ·
1317 4942 1455 5006 τέως
1490 4941 1652 4997 τοῦτο
1689 4942 1860 5013 λέγει.
1885 4946 1946 4999 Εἰ
1981 4946 2039 5000 δέ
2070 4946 2145 5000 δί-

470 5054 640 5100 καιος,
681 5029 824 5087 οὗτοι
870 5031 1180 5086 ὑπεύθυνοι.
1213 5032 1320 5085 Καὶ
1368 5033 1627 5088 ἀκοῦσαι
1675 5036 1888 5105 φωνὴν
1941 5037 2010 5091 ἐκ
2035 5037 2144 5093 τοῦ

468 5126 765 5194 στόματος
793 5120 1002 5175 αὑτοῦ.
1032 5120 1174 5189 Ὅρα
1216 5118 1331 5183 πῶς
1381 5119 1444 5172 τὸ
1487 5124 1720 5192 πρᾶγμα
1745 5123 1982 5195 ἐπαίρει.
2015 5126 2144 5179 Ὀτι

467 5215 604 5281 ἔσῃ,
643 5212 796 5282 φησὶ,
828 5208 1060 5280 μάρτυς
1101 5207 1308 5262 αὑτοῦ.
1346 5207 1559 5264 Οὐκοῦν
1583 5211 1671 5263 διά
1699 5211 1859 5264 τοῦτο
1901 5213 1962 5265 ού
2010 5232 2145 5286 προ-

467 5300 652 5363 δώσεις
676 5300 772 5370 τὴν
798 5297 943 5368 ὄψιν,
992 5296 1087 5349 καὶ
1124 5296 1223 5367 τὴν
1269 5297 1554 5368 ἀκρόασιν,
1586 5292 1661 5354 ὧν
1696 5316 1755 5352 τε
1784 5299 2038 5372 ἑώρακας
2069 5295 2143 5356 ὧν

467 5405 523 5440 τε
545 5388 782 5457 ἡκούσας
814 5404 828 5419 ο
859 5385 939 5439 δι’
959 5383 1237 5456 ἑκατέρων
1265 5383 1373 5436 τῶν
1407 5385 1714 5458 αἰσθήσεων
1737 5387 1900 5442 αὑτὸν
1922 5390 2144 5443 πιστοῦ-

468 5495 574 5530 ται.
604 5477 713 5529 Καὶ
737 5476 852 5529 νῦν
895 5474 952 5528 τί
1000 5473 1281 5544 μέλλεις;
1346 5473 1629 5542 Ἀναστὰς
1681 5475 2006 5544 βάπτισαι,
2041 5478 2140 5531 καὶ

466 5566 806 5620 ἀπόλουσαι
844 5566 948 5629 τὰς
981 5563 1272 5632 ἁμαρτίας
1330 5575 1470 5628 σου,
1527 5563 2046 5635 ἐπικαλεσάμενος
2074 5566 2139 5617 τὸ

467 5656 651 5724 ὄνομα
690 5656 765 5706 αὑ
775 5652 897 5706 τοῦ.

534 5749 605 5809 γ’.
626 5739 883 5794 Ἐνταῦθα
904 5739 1372 5809 μέγαέφθέγξατο.
1395 5735 1470 5795 Οὖ
1485 5740 1591 5811 γὰρ
1610 5737 2137 5816 εἰπεν,ἰζίςτὸόνομτ

465 5830 629 5882 αὑτοῦ
657 5831 911 5899 βάπτισαι
935 5845 944 5854 ·
971 5829 1105 5893 ἀλλ’,
1125 5831 1668 5899 Ἐπιπαλεσάμενος
1693 5832 1758 5883 τὸ
1782 5831 1929 5904 [555]
1950 5836 2140 5902 ὄνομα

464 5918 570 5973 τοῦ
590 5918 872 5984 Χριστοῦ.
925 5918 1094 5970 Τοῦτο
1150 5919 1204 5971 δὲ
1260 5920 1570 5983 δεικνύντος
1621 5920 1770 5974 ἐστὶν
1813 5921 1974 5975 αὑτὸν
2006 5924 2137 5977 Θεὸν

546 6069 572 6096 α
599 6063 732 6114 Unus
754 6068 934 6129 (Ὤμοι,
975 6068 1191 6124 κάκείνης

1252 6070 1426 6117 ίδωκιν
1470 6071 1751 6134 ἀναϐλέψαι.
1819 6071 1846 6111 δ
1876 6073 2008 6133 Πρός
2061 6091 2123 6121 πα

469 6127 613 6177 deum
642 6131 683 6176 in
717 6143 823 6178 mo.

1251 408 1308 467 s.
1347 369 1637 466 maxims
1672 397 2165 463 CIIRYSOSTOMI
2191 396 2512 457 ARCBIEP.
2540 394 3095 455 CONSTANTINOP.

3836 398 3952 455 3'50

2253 516 2385 570 ὄντα
2418 526 2440 555 ε
2486 531 2499 546 ·
2537 515 2596 568 ού
2632 513 2744 587 γάρ
2778 513 2857 567 ἔνι
2898 513 3085 586 ἐτερόν
3142 529 3262 566 τινα
3296 509 3744 579 ἐπικαλέσασθαι,
3774 513 3824 567 εἰ
3868 511 3953 585 μὴ

2253 604 2344 658 τὸν
2379 603 2533 657 Θεόν.
2562 599 2700 656 Εἰτα
2731 602 2972 655 δείκνυσι
3022 601 3117 655 καὶ
3149 600 3339 655 ἑαυτὸν
3386 599 3488 654 ούκ
3519 600 3952 668 ἀναγκασθέντα

2253 692 2322 747 δι’
2349 685 2423 746 ὧν
2444 690 2592 760 λέγει
2615 707 2628 721 ο
2676 691 2734 743 '0
2763 690 2832 744 δὲ
2860 691 3075 759 Κύριος
3093 686 3225 745 εἷπε
3251 691 3400 758 πρός
3423 705 3501 758 με
3524 703 3537 717 ·
3565 689 3834 757 Πορεύου
3857 691 3954 754 εἰς

2254 779 2598 851 Δαμασκὸν,
2625 779 2802 834 κάκεῖ
2816 795 2912 833 σοι
2931 779 3346 848 λαληθήσεται
3378 777 3436 830 τι
3458 793 3532 831 σε
3557 775 3951 845 δεῖποιῆσαι.

2253 868 2420 921 Ούδέν
2453 865 2797 939 ἀμάρτυρον,
2829 866 2966 920 ἀλλά
3017 867 3225 930 πόλεως
3275 863 3574 937 ὁλοκλήρου
3629 864 3953 936 μαρτυρίαν

2253 955 2517 1028 παράγει,
2544 957 2579 1027 ἡ
2608 973 2672 1025 γε
2702 955 2798 1011 καὶ
2820 951 2962 1009 εἶδεν
3019 955 3185 1008 αὑτὸν
3236 952 3771 1026 χειραγωγούμενον.
3795 953 3955 1024 Ὅρα

2250 1043 2308 1098 δὲ
2335 1044 2430 1097 καί
2461 1043 2559 1115 τὴν
2590 1043 2930 1116 προφητείαν
2965 1041 3310 1108 ἐξελθοῦσαν,
3348 1041 3414 1113 ἡν
3448 1042 3651 1111 ἡκουσε
3687 1041 3958 1113 μάρτυρα

2251 1133 2416 1187 αὐτὸν
2445 1131 2667 1189 ἔσεσθαι
2706 1131 2804 1187 τοῦ
2857 1131 3091 1205 Κυρίου.
3143 1129 3372 1203 Μάρτυς
3407 1129 3518 1201 γὰρ
3564 1129 3735 1193 δντως
3771 1128 3955 1184 αὐτοῦ

2250 1220 2462 1290 γέγονε,
2493 1219 2590 1274 καὶ
2626 1218 2836 1290 μάρτυς
2870 1219 2946 1284 ώς
2971 1217 3100 1291 χρὴ,
3139 1218 3233 1273 καὶ
3264 1218 3332 1272 δι’
3369 1209 3446 1271 ὧν
3480 1215 3708 1290 ἔπραξε,
3734 1218 3835 1271 καὶ
3864 1217 3922 1270 δι
3941 1218 3958 1238 ’

2251 1301 2326 1363 ὧν
2359 1305 2504 1365 εἰπε.
2535 1307 2828 1372 Τοιούτους
2867 1307 2964 1362 καὶ
2998 1309 3148 1380 ἡμᾶς
3195 1305 3337 1361 εἰναι
3367 1307 3473 1377 χρὴ
3501 1307 3812 1378 μάρτυρας,
3846 1306 3957 1360 καὶ

2255 1397 2330 1468 μὴ
2369 1394 2698 1468 προδιδόναι,
2747 1395 2784 1450 ἃ
2837 1395 3304 1468 ἐνεπιστεύθημεν
3333 1411 3347 1426 °
3378 1395 3438 1449 ού
3496 1412 3625 1468 περι
3652 1394 3958 1466 δογμάτων

2249 1485 2395 1554 λέγω
2428 1483 2609 1555 μόνον,
2641 1482 2777 1537 ἀλλά
2815 1484 2909 1538 καί
2945 1483 3076 1555 περὶ
3123 1483 3261 1555 βίου.
3299 1485 3444 1556 Ὅρα
3476 1483 3589 1554 γάρ
3617 1497 3630 1510 ⁸
3663 1484 3744 1537 ὅτι
3775 1478 3955 1547 εἶδεν,

2250 1569 2331 1622 ὄτι
2358 1568 2583 1639 ἢκουσε,
2621 1569 2891 1640 μαρτυρεῖ
2910 1569 3077 1620 πᾶσιν
3105 1565 3439 1640 ἀνθρώποις,
3463 1568 3560 1620 καὶ
3588 1566 3740 1620 οὐδὲν
3773 1567 3954 1620 αὐτὸν

2251 1655 2521 1710 ἐκώλυσε.
2557 1655 2670 1710 Καὶ
2702 1658 2862 1727 ἡμεῖς
2898 1656 3238 1727 ἠκούσαμεν,
3280 1657 3360 1710 ὅτι
3403 1654 3430 1695 δ
3463 1655 3614 1710 ἐστιν
3648 1655 3961 1718 ἀνάστασις

2254 1746 2346 1798 καί
2376 1744 2546 1816 μυρία
2582 1742 2764 1813 ἀγαθά
2799 1759 2815 1774 ·
2849 1743 3047 1798 οὐκοῦν
3076 1743 3362 1815 ὀφείλομεν
3387 1743 3552 1798 τοῦτο
3587 1745 3960 1816 μαρτυρῆσαι

2253 1834 2418 1887 πᾶσιν
2466 1831 2793 1903 ἀνθρώποις.
2842 1833 2952 1886 Καὶ
3019 1833 3127 1904 μὴν
3184 1830 3598 1904 μαρτυροῦμεν,
3656 1832 3810 1903 φησὶ,
3851 1832 3962 1886 καὶ

2252 1920 2603 1991 πιστεύομεν.
2643 1918 2788 1985 Πῶς,
2832 1920 3095 1974 τάναντία
3120 1922 3492 1993 πράττοντεςς
3524 1920 3661 1976 Είπέ
3693 1920 3761 1993 δὴ
3793 1936 3897 1992 μοι
3937 1937 3951 1949 ·

2251 2008 2412 2073 εἴτις
2445 2009 2639 2063 ἐαυτὸν
2675 2009 2829 2078 ἔλεγε
2873 2009 3224 2080 Χριστιανὸν,
3271 2007 3389 2064 εἰτα
3425 2011 3672 2076 ἀποστὰς
3702 2013 3772 2066 τὰ
3805 2011 3956 2064 Ἰου-

2251 2100 2417 2154 δαῖκά
2453 2099 2696 2171 ἐφρόνει,
2752 2097 2862 2172 ἄρα
2909 2099 3143 2170 ἡρκεσεν
3196 2098 3264 2153 ἂν
3319 2101 3353 2171 ἡ
3415 2100 3696 2172 μαρτυρία
3757 2098 3961 2171 αὖτης

2251 2187 2519 2260 Οὐδαμῶς
2551 2204 2564 2218 ·
2607 2187 2715 2241 ἀπὸ
2746 2185 2855 2258 γὰρ
2881 2185 2990 2240 τῶν
3021 2185 3196 2258 ἔργων
3229 2185 3328 2258 τὴν
3366 2187 3674 2259 μαρτυρίαν
3707 2183 3957 2260 ἐζήτουν

2253 2275 2338 2332 ἀν.
2371 2275 2527 2330 Οῦτω
2547 2276 2613 2346 δὴ
2647 2277 2736 2328 καὶ
2768 2278 2949 2348 ἡμεῖς,
2997 2277 3043 2328 εἰ
3098 2276 3330 2345 λέγομεν
3359 2276 3443 2329 ὅτι
3477 2276 3780 2340 ἀνάστασίς
3823 2277 3963 2334 ἐστι

2254 2364 2351 2420 καὶ
2373 2364 2544 2437 μυρία
2567 2363 2770 2432 ἀγαθὰ,
2810 2358 2932 2418 εἶτα
2991 2363 3448 2436 καταφρονοῦμεν
3509 2365 3716 2430 αὐτῶν,
3745 2365 3847 2419 καὶ
3879 2367 3960 2420 τὰ

2252 2450 2492 2505 ἐνταῦθα
2523 2450 2916 2521 προτιμῶμεν,
2963 2450 3045 2514 τίς
3103 2452 3236 2522 ἡμῖν
3290 2453 3607 2519 πιστεύσει;
3631 2453 3693 2506 ού
3722 2452 3836 2522 γὰρ
3866 2447 3963 2515 οἷς

2251 2538 2504 2608 λέγομεν,
2557 2536 2674 2591 ἀλλ’
2731 2533 2814 2602 οἷς
2883 2537 3199 2610 πράττομεν
3251 2539 3622 2611 προσέχουσιν
3677 2541 3958 2603 άπαντες.

2250 2625 2495 2696 Μάρτυς
2522 2625 2661 2694 ἔσῃ,
2696 2626 2854 2697 φησὶ,
2905 2626 3058 2695 πρὸς
3107 2625 3342 2694 πάντας
3395 2626 3750 2697 ἀνθρώπους
3775 2643 3788 2658 ·
3823 2627 3967 2697 οὐχὶ

2254 2713 2391 2785 πρὸς
2412 2715 2539 2776 τοὺς
2563 2713 2802 2777 οἰκείους
2836 2714 3016 2786 μόνον,
3055 2714 3192 2769 ἀλλὰ
3215 2715 3312 2769 καὶ
3342 2714 3480 2786 πρὸς
3502 2717 3629 2777 τοὺς
3655 2715 3967 2779 ἀπίστουςο

2253 2804 2299 2855 οἰ
2327 2802 2436 2873 γὰρ
2479 2801 2759 2874 μάρτυρες
2786 2803 2946 2856 τοῦτό
2969 2804 3129 2870 εἰσιν,
3157 2803 3280 2875 οὐχὶ
3312 2803 3440 2869 τοὺς
3481 2803 3695 2868 εἰδότας
3727 2803 3968 2857 πείθου-

2255 2907 2357 2955 σιν,
2384 2890 2522 2944 ἀλλά
2552 2892 2679 2954 τοὺς
2708 2892 2809 2944 οὐκ
2833 2891 3063 2955 εἰδότας.
3101 2881 3395 2962 Γενώμεθα
3444 2891 3750 2957 ἀξιόπιστοι
3813 2893 3970 2966 μάρ-

2251 2994 2432 3048 τυρες.
2461 2978 2587 3042 Πῶς
2647 2978 2704 3030 δέ
2761 2977 3000 3049 ἐσόμεθα
3050 2979 3394 3047 άξιόπιστοι;
3447 2978 3582 3033 Ἀπὸ
3638 2977 3734 3034 τοῦ
3795 2978 3954 3050 βίου.

2264 3064 2554 3119 Ἐπέθεντο
2584 3065 2781 3136 ἐκείνῳ
2833 3066 3080 3120 Ἰουδαῖοι
3116 3081 3131 3094 ⁶
3169 3067 3507 3122 ἐπιτίθενται
3531 3069 3664 3140 ἡμῖν
3697 3068 3768 3122 τά
3791 3069 3959 3141 πάθη

2252 3151 2550 3206 κελεύοντα
2581 3151 2949 3224 ἐξομόσασθαι
2989 3155 3091 3226 τὴν
3129 3155 3456 3228 μαρτυρίαν.
3507 3156 3670 3211 Ἀλλά
3718 3158 3794 3229 μὴ
3821 3175 3964 3212 πει-

2253 3238 2480 3311 θώμεθα
2520 3255 2535 3270 °
2575 3240 2856 3313 μάρτυρές
2885 3244 3051 3314 ἐσμεν
3088 3243 3245 3315 παρά
3271 3244 3366 3298 τοῦ
3406 3243 3542 3298 Θεοῦ
3574 3245 3962 3316 πεμφθέντες.

2253 3329 2519 3400 Κρίνεται
2575 3330 2730 3399 παρά
2776 3328 3087 3400 ἀνθρώποις
3131 3331 3274 3384 τισὶν
3305 3333 3333 3386 ό
3383 3331 3535 3396 Θεὸς,
3583 3333 3666 3386 ὅτι
3694 3334 3798 3388 ούκ
3830 3335 3968 3391 ἐστι

2253 3418 2385 3484 Θεός
2419 3435 2433 3450 ·
2469 3418 2717 3490 ἐπεμψεν
2749 3419 2898 3491 ἡμᾶς
2928 3422 3383 3492 μαρτυρήσοντας
3425 3420 3599 3494 αύτῷ.
3640 3423 3967 3499 Μαρτυρή-

2255 3524 2437 3579 σωμεν
2467 3510 2562 3560 καὶ
2596 3507 2875 3579 πείσωμεν
2915 3509 3040 3573 τοὺς
3065 3508 3385 3574 δικάζοντας
3416 3525 3429 3538 ⁸
3465 3511 3532 3566 ἂν
3555 3510 3630 3584 μὴ
3660 3517 3968 3586 μαρτυρή-

2255 3612 2461 3666 σωμεν,
2492 3595 2586 3649 καὶ
2614 3595 2714 3666 τῆς
2765 3595 2992 3652 ἐκείνων
3043 3596 3251 3668 πλάνης
3273 3599 3436 3669 ἡμεῖς
3468 3600 3637 3670 ἐσμεν
3665 3600 3856 3654 αῐτιοι.
3895 3603 3969 3657 Εἰ

2252 3683 2310 3736 δὲ
2338 3684 2394 3736 ἐν
2429 3683 2792 3755 δικαστηρίῳ,
2825 3682 2955 3738 ἔνθα
2987 3682 3223 3755 βιωτικά
3253 3686 3562 3758 πράγματα
3584 3728 3600 3753 ,
3631 3689 3732 3742 οὐκ
3766 3689 3836 3744 ἀν
3868 3707 3967 3757 τις

2251 3771 2468 3838 δέξαιτο
2513 3774 2773 3844 μάρτυρα
2807 3774 3021 3844 μυρίων
3046 3773 3288 3846 γέμοντα
3319 3776 3507 3830 κακῶν
3529 3794 3542 3808 ’
3579 3776 3762 3843 πολλῷ
3803 3779 3964 3848 μᾶλ-

2250 3859 2341 3914 λον
2371 3861 2629 3929 ἐνταῦθα,
2656 3861 2787 3916 ἔνθα
2831 3865 2962 3934 περὶ
3003 3862 3261 3917 τοιούτων
3303 3865 3650 3936 πραγμάτων
3687 3868 3725 3939 ἡ
3756 3868 3968 3939 σκέψις

2251 3951 2424 4006 ἐστίν.
2461 3951 2653 4022 Ἡμεῖς
2684 3951 2940 4023 λέγομεν,
2977 3951 3057 4006 ὅτι
3087 3953 3406 4024 ἡκούσαμεν
3444 3953 3538 4008 τοῦ
3566 3954 3832 4027 Χριστοῦ,
3859 3959 3968 4012 καὶ

2253 4039 2591 4110 πιστεύομεν
2624 4032 2704 4104 οἷς
2724 4039 3092 4110 ἐπηγγείλατο
3123 4055 3137 4068 ⁸
3174 4040 3424 4109 λέγουσιν
3458 4043 3683 4097 ἐκεῖνον
3720 4042 3966 4109 Δείξατε

2249 4127 2408 4181 τοῦτο
2436 4128 2525 4181 διὰ
2579 4127 2688 4180 τῶν
2752 4126 2977 4195 ἔργων’
3016 4130 3046 4181 ὁ
3093 4128 3204 4201 γὰρ
3245 4127 3360 4200 βίος
3419 4128 3575 4192 ὑμῶν
3616 4131 3685 4184 τά
3725 4132 3966 4189 ἐναντία

2254 4218 2541 4288 μαρτυρεῖ,
2571 4216 2654 4270 ὅτι
2674 4217 2741 4270 ού
2769 4214 3081 4270 πιστεύετε.

2323 4302 2459 4366 Τοὺς
2479 4302 3159 4376 χρηματιζομένους,.τοὺς
3190 4303 3563 4376 ἀρτιάζοντας,
3589 4305 3717 4369 τοὺς
3752 4306 3962 4362 πλεον-

2251 4391 2545 4455 εκτοῦντας
2587 4391 2843 4462 βούλεσθε
2909 4392 3146 4463 ίδωμενς
3197 4395 3324 4458 τοὺς
3381 4393 3752 4462 πενθοῦντας,
3815 4399 3964 4465 τοὺς

2252 4480 2650 4550 κοπτομένους,
2683 4481 2810 4544 τοὺς
2833 4478 3273 4551 οἰκοδομοῦντας,
3304 4483 3432 4547 τοὺς
3475 4485 3655 4539 πάντα
3679 4501 3959 4559 πραγμα-
4022 4497 4023 4514 λ

2252 4567 2606 4639 τευομένους,
2654 4567 2731 4631 ώς
2771 4569 2872 4622 ούκ
2931 4569 3458 4643 ἀποθανουμένους,
3512 4573 3576 4627 Εἰ
3639 4574 3823 4630 τοίνυν
3868 4577 3963 4632 ὅτι
4019 4597 4021 4643 ς

2251 4656 2616 4711 ἀποθανεῖσθε
2670 4658 2733 4710 οὐ
2783 4657 3091 4722 πιστεύετε,
3145 4661 3448 4733 πράγματι.
3491 4661 3637 4716 οὕτω
3672 4663 3822 4736 δήλῳ
3857 4667 3964 4721 καὶ
4017 4729 4019 4732 ς

2255 4744 2499 4815 φανερῷ,
2533 4744 2651 4808 πῶς
2671 4746 2800 4816 ὑμῖν
2827 4746 3196 4817 πιστεύσομεν
3224 4750 3598 4822 μαρτυροῦσιν
3619 4752 3780 4818 ;,Εἰσὶ
3812 4754 3893 4822 γά
3906 4774 3959 4826 ρ,
4017 4751 4019 4761 ¹

2251 4832 2361 4885 εἰσί
2388 4832 2574 4886 πολλοὶ
2603 4832 2712 4887 τῶν
2743 4833 3070 4904 ἀνθρώπων,
3107 4835 3156 4888 οἳ
3195 4835 3340 4889 οὓτω
3376 4835 3702 4903 διάκεινται,
3738 4842 3818 4904 ώς
3850 4844 3963 4897 ούκ
4015 4841 4017 4879 ¹

2249 4920 2706 4991 ἀποθανούμενοι.
2737 4922 2908 4976 Ὀταν
2957 4923 3066 4992 γὰρ
3120 4924 3178 4976 ἐν
3233 4926 3381 4997 γήρᾳ
3421 4926 3620 5000 μακρῷ
3663 4927 3957 5002 ἀρχωνται

2251 5008 2555 5079 οἰκοδομεῖν
2589 5010 2683 5063 καί⁵
2712 5012 3008 5081 γεωργεῖν,
3032 5010 3162 5064 πότε
3189 5012 3452 5083 λογισμὸν
3477 5014 3744 5086 λήψονται
3775 5016 3955 5075 θανά·
4011 5033 4013 5086 ξ

2250 5112 2379 5186 τους
2404 5096 2478 5150 Ού
2519 5097 2692 5186 μικρά
2729 5098 2762 5168 ἡ
2794 5097 3032 5186 ,κόλασις
3065 5101 3200 5171 ἡμῖν
3254 5101 3502 5174 κληθεῖσι
3542 5105 3643 5174 μὲν
3677 5106 3759 5170 εἰς
3808 5126 3958 5186 μαρς
4009 5155 4011 5186 ς

2250 5183 2468 5253 τυρίαν,
2515 5185 2590 5257 μὴ
2646 5185 2923 5256 δυνηθεῖσι
2968 5186 3025 5240 δέ
3083 5191 3723 5264 μαρτυρῆσαιάεῐδομεν
3771 5181 3956 5268 [3567:
4009 5181 4011 5233 ί

2252 5271 2481 5343 Εἶδομεν
2549 5276 2644 5329 καὶ
2700 5278 2866 5346 ἡμεῖς
2928 5277 3228 5351 ὀφθαλμοῖς
3289 5282 3415 5346 τοὺς
3471 5283 3779 5352 ἀγγέλους,
3856 5294 3959 5346 καὶ

2253 5361 2584 5450 σαφέστερον
2652 5363 2767 5450 τῶν
2814 5365 3157 5435 ἑωρακότων.
3219 5369 3430 5425 Ούκοῦν
3501 5377 3958 5450 μαρτυρήσωμεν

2249 5445 2326 5517 τῷ
2353 5448 2595 5520 Χριστῷ·
2629 5449 2690 5502 ού
2745 5450 2852 5523 γὰρ
2904 5452 2968 5524 δὴ
3017 5455 3216 5509 ἐκεῖνοι
3268 5457 3548 5529 μάρτυρες
3593 5445 3782 5530 μόνον,
3811 5445 3954 5521 ἀλλὰ
4003 5507 4005 5512 -

2252 5537 2345 5590 καὶ
2413 5540 2595 5609 ἡμεῖς.
2644 5540 2741 5593 Διά
2793 5541 2950 5596 τοῦτο
2984 5546 3181 5598 ἐκεῖνοι
3236 5545 3488 5615 λέγονται
3528 5550 3833 5623 μάρτυρες,
3867 5559 3952 5609 ὃτι
4003 5531 4005 5589 Ι

2251 5625 2599 5695 κελευόμενοι
2670 5628 3037 5699 ἐξομόσασθαι
3115 5635 3295 5688 πάντα
3365 5637 3782 5708 ὑπομένουσιν,
3862 5645 3953 5699 ἵνα

2247 5711 2347 5780 τὴν
2401 5711 2662 5781 ἀλήθειαν
2696 5715 2912 5767 εἴπωσιο
2955 5717 3048 5769 καὶ
3082 5718 3262 5789 ἡμεῖς,
3298 5719 3430 5773 ὅταν
3465 5721 3570 5773 ὑπὸ
3608 5722 3716 5775 τῶν
3756 5727 3956 5784 παθῶν
3999 5741 4001 5789 i

2249 5797 2603 5868 κελευώμεθα
2664 5801 3051 5871 ἐξομόσασθαι,
3119 5806 3193 5876 μὴ
3240 5808 3557 5878 ἡττώμεθα.
3619 5812 3678 5863 Ὀ
3744 5819 3999 5883 χρυσὸςξ

2249 5886 2414 5952 λέγει·
2461 5888 2617 5949 Εἰπὲ,
2662 5888 2741 5940 ὅτι
2781 5893 2808 5942 ό
2856 5894 3090 5962 Χριστὸς
3141 5896 3242 5948 οὐκ
3285 5895 3400 5948 ἐστι
3451 5899 3706 5967 Χριστός·
3739 5904 3817 5974 μὴ
3854 5903 3952 5960 οὖν

2248 5974 2412 6026 ἄκουε
2456 5975 2518 6025 σὺ
2567 5976 2640 6037 ώς
2681 5976 2838 6041 Θεοῦ,
2907 5982 3046 6035 ἀλλὰ
3103 5985 3523 6054 καταφρόνησον
3569 5986 3678 6037 τῶν
3731 5991 3994 6058 ἐκείνουἶ

2328 6078 2347 6105 ε
2378 6076 2500 6144 Tres
2545 6079 2702 6145 md},
2730 6086 2783 6128 τὸ
2829 6085 2974 6145 ὅνεμα
3014 6085 3158 6134 αὐτοῦ
3193 6087 3425 6135 δείκνυσιν
3463 6091 3602 6137 αὐτὸν
3648 6092 3770 6140 Θεὸν
3822 6098 3933 6142 ὅντα

2290 6143 2384 6185 '9"
2415 6154 2468 6183 τέ-
2499 6143 2586 6187 εί)ιῖ
2607 6144 2733 6189 DCI”!
2820 6145 2846 6184 ἀ
2872 6143 3030 6204 Ahus,
3057 6151 3186 6214 ἤμεῖς
3213 6153 3538 6217 μαρτυροῦμεν
3564 6158 3652 6206 ὅτι,

4013 4937 4015 4997 ι

4007 5285 4009 5351 ι

4003 5537 4005 5589 |

4001 5653 4003 5707 Ι

3999 5741 4001 5825 1

3993 5841 3999 5943 ί

3993 5977 3997 6076 ,1

3993 6077 3995 6143 ι
