4072 6452
37 545 136 597 hac
162 531 467 593 eonﬁat-ia.
515 527 640 584 Dum
683 534 915 592 namque
953 531 1110 572 voces
1149 522 1326 579 erant,
1375 511 1526 566 Pauli
1570 515 1626 564 et

42 626 236 686 Domini
265 643 280 680 :
310 623 388 679 de
415 634 554 677 voce
580 626 758 672 autem
787 611 933 668 Pauli
963 608 1070 662 illic
1096 605 1359 675 loquitur;
1386 602 1473 656 hic
1500 613 1627 655 vero

39 723 178 774 etiam
219 713 478 778 addidit,
531 708 716 763 Vocem
750 719 850 758 non
887 699 1157 753 audierunt
1201 694 1451 763 loquentis
1481 690 1623 744 milii.

41 813 185 880 Igitur
209 805 372 866 illud.
407 801 689 857 Neminem
714 795 958 852 videntes,
982 804 1087 844 non
1112 787 1178 842 ad
1200 787 1370 840 visum
1399 790 1624 852 spectat,

37 874 116 956 sed
136 896 417 968 signiﬁcat
450 905 565 946 non
593 886 831 942 audisse.
858 881 1038 952 Neque
1067 879 1212 935 enim
1239 877 1389 937 dixit.
1429 874 1625 928 Lucem

36 1010 124 1045 non
149 987 410 1044 viderunt
436 1003 452 1048 ;
487 981 605 1047 sed,
634 978 902 1034 Neminem
925 974 1144 1028 videntes
1171 979 1427 1033 steterunt,
1449 968 1498 1021 id
1523 976 1625 1029 est,

35 1082 289 1136 neminem
345 1078 694 1147 loquentem.
745 1069 872 1125 Jure
914 1076 1092 1120 autem
1135 1064 1206 1117 ita
1256 1061 1450 1114 factum
1499 1067 1622 1112 est:

33 1176 163 1230 iilum
196 1171 349 1228 enim
379 1166 676 1237 oportebat
701 1163 788 1218 illa
814 1174 944 1216 voce
967 1153 1190 1226 dignari.
1219 1153 1274 1208 Si
1304 1151 1518 1205 enimet
1556 1147 1628 1203 illi

34 1266 322 1326 audissent,
360 1275 477 1315 non
511 1265 721 1312 tantum
751 1251 937 1306 fuisset
959 1245 1290 1302 miraculum.
1310 1242 1443 1310 Quia
1469 1240 1630 1310 igitur

31 1357 314 1413 crassiores
370 1351 585 1408 visione
616 1345 790 1416 magis
833 1339 1251 1412 persuadentur,
1295 1335 1416 1390 ideo
1458 1339 1514 1388 et
1555 1331 1627 1386 illi

33 1453 184 1503 lucem
211 1455 432 1501 tantum
462 1442 737 1504 viderunt,
765 1434 903 1506 quod
925 1428 1252 1504 poteratillis
1273 1424 1624 1497 persuadere:

29 1542 152 1597 unde
196 1551 251 1596 et
299 1535 564 1594 exterriti
611 1539 755 1588 sunt.
812 1526 1064 1596 Alioquin
1097 1539 1224 1578 vero
1273 1536 1376 1576 non
1425 1527 1627 1573 tantum

29 1644 230 1706 operata
263 1642 358 1688 est
405 1631 504 1685 lux
537 1631 590 1683 in
623 1625 750 1686 illis.
779 1628 1030 1692 quantum
1061 1619 1114 1672 in
1142 1616 1244 1670 hoc
1277 1632 1289 1667 :
1319 1613 1460 1667 hunc
1485 1610 1626 1666 enim

27 1701 304 1781 eiemcavit
330 1764 344 1784 ,
391 1736 496 1791 per
539 1732 603 1772 ea
631 1757 645 1780 ,
686 1728 806 1784 qua:
836 1711 933 1782 ipsi
963 1709 1338 1779 contigerunt,
1367 1704 1500 1758 dans
1526 1701 1628 1756 illis

28 1822 184 1872 locum
216 1810 595 1884 respiciendi,
625 1809 668 1864 si
699 1805 1014 1861 voluissent.
1049 1802 1172 1856 .‘llihi
1204 1801 1382 1870 itaque
1421 1795 1628 1850 videtur

25 1927 76 1965 cx
99 1909 274 1964 divina
295 1903 652 1978 providentia
679 1901 863 1963 fuisse,
888 1895 1030 1968 quod
1055 1895 1125 1950 illi
1149 1909 1256 1948 non
1279 1890 1625 1953 crediderint,

25 2015 70 2053 nl
107 2008 293 2054 essent
328 2005 516 2052 testes
548 1993 654 2048 ﬁde
683 1991 847 2061 (ligni.
881 1988 1023 2042 Dixit
1048 1987 1116 2038 ad
1152 2000 1250 2050 me,
1295 1982 1487 2052 inquit,
1518 1979 1628 2051 Ego

24 2109 118 2144 sum
148 2090 308 2144 Jesus
341 2086 685 2148 Nazarenus,
712 2098 856 2152 quem
878 2090 931 2134 tu
954 2077 1285 2148 persequeris.
1317 2074 1458 2128 Bene
1488 2080 1542 2128 et
1562 2071 1630 2125 ci-

25 2185 146 2236 vitas
178 2189 557 2242 memoratur,
605 2185 662 2230 ut
699 2188 860 2229 nosse
903 2178 1119 2242 possent
1158 2168 1250 2222 illi.
1301 2167 1368 2221 Et
1403 2163 1628 2235 apostoli

23 2287 219 2342 quoque
252 2271 340 2325 sic
387 2267 654 2324 dicebant
689 2284 703 2319 :
735 2262 912 2317 Iesum
941 2277 970 2312 a
1002 2257 1285 2312 Nazaretlt.
1329 2255 1462 2311 Vide
1494 2271 1509 2310 :
1541 2254 1631 2309 ille

20 2378 216 2432 quoque
249 2369 521 2424 testatur,
551 2356 694 2428 quod
721 2353 1185 2425 persequutiouem
1210 2364 1398 2422 passus
1416 2351 1502 2404 sit.
1531 2348 1630 2413 Qui

19 2469 166 2509 autem
194 2470 402 2510 mecum
427 2461 603 2515 erant,
631 2450 803 2504 lumen
832 2446 1033 2517 quidem
1063 2445 1311 2506 viderunt,
1337 2453 1379 2498 et
1407 2443 1631 2497 exterriti

19 2561 141 2612 sunt,
183 2563 370 2601 vocem
416 2553 598 2596 autem
637 2558 738 2595 non
780 2540 1073 2593 audierunt.
1109 2538 1194 2592 10.
1231 2536 1297 2590 Et
1325 2537 1463 2599 dixi,
1498 2534 1632 2601 Quid

17 2642 209 2704 fat-iant,
239 2639 479 2693 Domine
498 2638 525 2690 ?
546 2634 797 2688 Dominus
824 2642 990 2686 autem
1016 2631 1143 2685 dixit
1169 2631 1236 2683 ad
1265 2647 1341 2683 me
1363 2646 1380 2682 :
1404 2629 1630 2700 Surgens

17 2737 125 2786 rode
149 2733 508 2794 Damascum,
539 2738 587 2782 et
615 2727 685 2781 ibi
715 2727 910 2780 dicetur
939 2725 1060 2790 tibi,
1086 2723 1210 2794 quid
1236 2733 1282 2777 te
1306 2731 1530 2789 aper-teat
1551 2721 1631 2790 fa-

18 2842 130 2876 rere.
173 2825 266 2878 il.
322 2821 395 2875 Et
428 2836 554 2873 cum
595 2834 697 2871 non
744 2815 959 2869 viderent
1009 2831 1114 2883 pne
1152 2815 1380 2867 claritate
1427 2813 1632 2867 luminis

16 2918 155 2980 illius,
184 2916 257 2968 ad
282 2928 511 2968 manum
534 2910 779 2964 deductus
801 2924 831 2960 a
853 2908 1136 2972 comitibus,
1167 2907 1276 2960 ι·εηὶ
1301 2904 1626 2959 Damascum.

17 3014 89 3065 l2.
125 3011 367 3063 Ananias
395 3014 576 3060 autem
613 3003 843 3073 quidam,
885 3001 960 3054 vir
990 3000 1104 3068 pius
1129 2999 1403 3053 secundum
1430 2999 1587 3069 legem
1612 3041 1627 3065 ,

13 3104 352 3156 testimonium
395 3098 601 3153 habens
633 3096 693 3149 ab
720 3094 952 3150 omnibus
977 3095 1062 3162 qui
1090 3101 1230 3147 erant
1264 3092 1502 3146 Damasci
1527 3092 1627 3146 Juo

14 3195 143 3256 diris,
179 3195 269 3248 15.
301 3190 524 3244 veniens
564 3187 634 3239 ad
667 3202 748 3240 me
780 3195 827 3239 et
855 3185 1064 3238 adstans
1105 3183 1233 3237 dixit
1271 3183 1394 3236 mihi
1421 3198 1439 3236 :
1472 3182 1632 3237 Saule

15 3291 176 3350 frater,
209 3283 448 3353 respice.
487 3279 553 3332 Et
577 3295 666 3350 ego
694 3279 868 3332 cadent
895 3279 1021 3331 hora
1045 3278 1242 3346 respexi
1279 3278 1332 3330 in
1368 3293 1500 3332 eum.
1532 3276 1629 3330 ln-

15 3380 224 3444 ςτεάετε.
262 3375 481 3445 inquit,
518 3373 570 3424 in
595 3372 871 3435 ciritatem,
904 3380 950 3424 et
976 3370 1042 3423 ibi
1069 3370 1267 3422 dicetur
1294 3369 1402 3433 tibi,
1440 3368 1561 3438 quid
1585 3378 1632 3422 te

17 3479 231 3534 oporteat
265 3470 478 3536 facere.
529 3462 668 3516 Ecce
721 3476 906 3514 rursus
946 3459 1111 3514 alium
1159 3468 1348 3513 testem
1383 3475 1396 3509 :
1427 3468 1483 3513 et
1511 3459 1631 3513 vide

16 3561 277 3626 quomodo
310 3557 475 3612 illum
507 3553 612 3607 ﬁde
638 3552 858 3622 dignum
885 3550 1060 3606 faciat.
1083 3551 1309 3604 Ananias
1335 3561 1502 3603 autem
1520 3552 1634 3621 qui-

15 3651 137 3714 dam,
173 3649 362 3718 inquit
389 3688 404 3710 ,
435 3645 517 3698 vir
543 3645 658 3713 pius
683 3643 960 3696 secundum
983 3643 1163 3712 legem,
1198 3641 1482 3695 testimonio
1506 3659 1630 3711 pro-

17 3747 142 3794 t—atus
167 3741 234 3793 ab
267 3736 527 3792 onmibus
556 3734 759 3788 Jndteis
780 3776 794 3800 ,
822 3733 1078 3804 ingressus
1108 3733 1177 3785 ad
1207 3749 1286 3785 me
1311 3741 1354 3785 et
1384 3733 1591 3786 adstans
1611 3775 1626 3801 ,

14 3834 129 3885 dixit
159 3833 293 3885 mihi
339 3845 360 3883 :
398 3827 642 3894 Respice.
684 3826 760 3880 Ita
802 3825 932 3879 nihil
959 3825 1216 3879 alienum.
1244 3824 1310 3877 Et
1340 3841 1428 3894 ego
1456 3826 1631 3879 eadem

16 3927 124 3975 liora
145 3922 387 3994 respexi.
419 3918 680 3987 Sequitur
700 3915 823 3970 hinc
846 3915 1205 3970 testimonium
1236 3931 1330 3984 per
1354 3932 1438 3970 res
1465 3915 1625 3984 ipsas.

17 4014 69 4066 Et
96 4015 237 4078 vide,
275 4009 574 4083 quomodo
607 4023 673 4060 ex
704 4005 950 4074 personis
973 4014 1028 4060 et
1064 4005 1226 4059 rebus
1257 4015 1529 4069 nectatur;
1563 4021 1627 4060 ex

16 4105 251 4170 personis
286 4115 424 4156 tam»
445 4097 683 4168 propriis
710 4111 871 4166 quam
901 4096 1192 4150 extraneis.
1227 4095 1477 4151 Persona:
1505 4108 1631 4151 sunt

15 4199 343 4264 sacerdotes,
381 4195 656 4254 seniores,
686 4191 787 4245 via:
812 4191 1065 4254 comites;
1090 4206 1176 4246 res
1203 4206 1331 4246 vero
1359 4201 1414 4248 et
1440 4208 1625 4262 opera,

13 4306 115 4354 qua:
148 4291 299 4351 fecit,
353 4302 486 4357 qua:
526 4298 716 4354 passus
751 4291 835 4338 est
871 4300 883 4337 :
923 4292 976 4337 et
1013 4298 1175 4353 opera
1216 4284 1469 4353 operibus
1500 4285 1628 4340 dant

13 4384 416 4443 testimonium,
450 4393 558 4432 non
587 4391 834 4446 persona:
866 4385 1089 4431 tantum.
1125 4377 1220 4431 Vel
1244 4379 1404 4432 etiam
1432 4380 1624 4435 aliter:

11 4486 296 4530 extraneos
323 4482 455 4527 erat
480 4471 752 4536 Ananias;
784 4469 977 4525 deinde
1003 4472 1221 4541 ponitur
1249 4487 1336 4527 res
1365 4472 1477 4542 ipsa
1499 4514 1515 4540 ,
1545 4475 1626 4528 vi-

16 4579 95 4618 sus
136 4565 467 4626 restitutio;
519 4570 702 4630 postea
751 4560 1026 4630 prophetia
1058 4578 1266 4632 magna.
1310 4565 1395 4622 14.
1436 4564 1499 4618 At
1540 4566 1629 4620 ille

17 4660 130 4709 dixit
159 4677 176 4712 :
211 4657 365 4710 Deus
397 4663 610 4721 pntrum
642 4662 923 4705 nostrorum
955 4654 1313 4721 prmordinavit
1353 4665 1419 4719 te,
1459 4667 1511 4708 ut
1538 4675 1626 4710 co-

19 4766 276 4817 gnosceres
333 4743 663 4799 voluntatem
709 4744 838 4811 ejus,
885 4755 931 4797 et
968 4744 1161 4798 videres
1197 4747 1415 4816 justum.
1466 4747 1628 4804 Recte

14 4839 134 4893 dixit
155 4883 169 4902 ,
219 4839 464 4892 Patrum
485 4875 500 4898 ,
542 4842 598 4886 ut
633 4833 938 4888 ostenderet
969 4849 1063 4888 eos
1091 4851 1196 4889 non
1227 4851 1349 4891 esse
1376 4837 1590 4893 .ludazos
1613 4883 1626 4901 ,

17 4930 95 4983 sed
137 4932 360 4986 alienos
403 4941 438 4979 a
491 4925 633 4994 lege,
666 4933 719 4980 et
776 4925 993 4992 invidia,
1044 4943 1146 4981 non
1199 4930 1314 4982 zelo
1345 4945 1522 5002 agerc.
1560 4929 1628 4986 Ut

14 5023 153 5084 scias,
208 5022 428 5090 inqmt,
487 5017 796 5069 voluntatem
825 5018 952 5086 ejus,
983 5028 1029 5071 et
1082 5019 1194 5071 ride
1229 5021 1446 5090 justum.
1486 5022 1627 5093 Ergo

17 5114 120 5168 llaec
175 5115 454 5168 voluntas
517 5109 636 5176 ejus
692 5119 793 5163 est.
849 5109 981 5164 Vide
1035 5121 1091 5165 ut
1142 5112 1384 5168 doctrina
1440 5116 1629 5172 ordine

21 5208 342 5260 narrationis
395 5201 632 5257 dieatur.
682 5199 748 5253 Et
785 5203 984 5256 audires
1030 5220 1195 5257 vocem
1238 5223 1300 5259 ea:
1345 5225 1430 5260 ore
1474 5212 1627 5280 ejus:

24 5300 96 5349 lii.
129 5300 253 5366 quia
284 5298 396 5351 eris
427 5293 569 5347 testis
594 5293 736 5347 illius
763 5294 830 5346 ad
860 5312 1029 5348 omnes
1054 5297 1279 5352 homines
1301 5316 1492 5368 eorum,
1517 5319 1630 5368 qua:

21 5390 177 5443 vidisti
205 5401 255 5443 et
281 5387 508 5442 audisti.
547 5384 612 5438 Et
636 5385 843 5453 videres,
871 5387 1058 5458 inquit,
1083 5391 1280 5458 justum
1311 5408 1329 5444 :
1357 5409 1498 5448 nunc
1526 5394 1629 5450 hoc

25 5480 156 5534 dicit.
191 5480 249 5536 Si
278 5482 495 5547 justus,
533 5476 604 5530 illi
633 5477 708 5530 rei
735 5488 872 5531 sunt.
907 5479 974 5532 Et
1003 5481 1204 5535 audires
1241 5498 1407 5537 vocem
1445 5503 1506 5539 ex
1546 5504 1632 5542 ore

21 5569 171 5623 iitias.
223 5569 368 5624 Vide
423 5577 483 5622 ut
514 5582 628 5622 rem
673 5569 899 5623 extollit.
935 5570 1064 5636 Quia
1093 5575 1211 5641 eris,
1257 5575 1450 5645 inquit,
1496 5580 1632 5633 testis

23 5661 171 5715 ἐξέλω.
207 5662 340 5718 ideo
387 5675 524 5730 ergo
571 5675 676 5714 non
722 5662 914 5730 prodes
957 5666 1126 5719 visunt
1159 5677 1212 5721 et
1256 5668 1529 5736 auditum,
1571 5689 1631 5727 ea

25 5765 213 5822 nempe
244 5768 370 5823 quae
415 5751 600 5806 vidiSti
628 5761 682 5806 et
711 5753 902 5808 audisti
932 5773 944 5809 :
976 5771 1068 5825 per
1101 5767 1386 5828 utrumque
1417 5776 1630 5816 sensum

29 5843 166 5898 diem
195 5846 363 5900 ﬁdum
400 5842 553 5898 facit.
591 5843 681 5896 16.
715 5843 781 5897 Et
808 5862 938 5900 nunc
963 5849 1085 5917 quid
1115 5851 1367 5904 moraris?
1402 5850 1635 5925 Exsurge

1037 405 1098 460 IN
1141 401 1319 459 ACTA
1365 393 1885 454 Al‘OSTOl.0RU.\l.
1933 392 2160 448 llOMll..
2204 387 2408 444 XLHL

3231 385 3334 440 530

1739 517 1783 559 et
1839 505 2124 576 baptizare,
2155 514 2199 556 et
2254 501 2402 554 tibine
2446 507 2649 569 peccata
2695 507 2801 563 tuo,
2843 497 3070 551 invocato
3137 497 3337 550 nomine

1737 598 1914 667 ipsius.

1808 691 1861 745 5.
1894 689 1989 744 Hic
2015 703 2129 744 rem
2159 701 2405 757 magnam
2439 684 2692 756 loquitur.
2724 682 2840 738 Non
2881 679 3026 737 enim
3063 680 3233 747 dixit,
3278 679 3335 736 lo
3388 678 3395 685 ”

1740 783 1954 838 nomine
1979 780 2097 851 ejus
2128 780 2420 849 baptizare,
2455 775 2571 840 sed,
2615 774 2858 830 hmocato
2895 773 3098 828 nomine
3121 771 3330 828 Christi.

1740 876 1850 931 lloc
1876 883 2053 929 autem
2091 873 2351 937 declarat,
2382 871 2529 925 illum
2560 883 2683 926 esse
2725 869 2891 923 Deum
2923 883 2935 920 :
2967 879 3142 936 neque
3169 865 3332 920 alium

1741 969 1863 1023 licet
1903 971 2174 1032 invocare,
2222 965 2324 1019 nisi
2369 963 2556 1017 Deum.
2610 960 2814 1016 Deinde
2853 958 3088 1014 ostendit
3128 971 3188 1014 se
3226 971 3334 1012 non

1738 1074 1856 1115 esse
1883 1071 2126 1138 coactum
2155 1057 2282 1113 dum
2309 1056 2441 1111 dicit
2467 1075 2479 1111 :
2507 1055 2760 1110 Dominus
2790 1053 2919 1108 dixit
2944 1053 3013 1106 ad
3041 1069 3121 1107 me
3141 1068 3160 1107 :
3198 1050 3337 1106 Vade

1736 1155 1787 1208 in
1822 1155 2147 1216 Damascum,
2171 1163 2218 1205 et
2242 1151 2308 1206 ibi
2329 1152 2523 1204 dicetur
2546 1150 2654 1216 tibi,
2676 1149 2800 1222 quid
2823 1157 2870 1201 te
2893 1155 3119 1218 oporteat
3145 1147 3332 1217 facere.

1738 1245 1878 1299 Nihil
1904 1246 2020 1300 sine
2050 1241 2376 1308 testimonio,
2408 1241 2501 1296 sed
2530 1241 2760 1296 civitatis
2779 1239 2942 1294 totius
2968 1237 3332 1292 testimonium

1738 1337 1974 1406 profert,
2005 1351 2124 1407 qua:
2149 1335 2310 1391 etiam
2338 1334 2544 1389 viderat
2573 1349 2695 1388 cum
2731 1349 2891 1388 manu
2918 1331 3159 1388 ductum.
3201 1321 3339 1386 Vide

1739 1428 1898 1481 etiam
1928 1427 2265 1496 prophetiam
2296 1441 2593 1497 egressam,
2621 1440 2782 1496 quam
2811 1424 3031 1489 audivit,
3062 1438 3122 1478 se
3144 1429 3334 1478 testem

1740 1517 1852 1571 fore
1887 1518 2116 1571 Domini.
2148 1517 2353 1572 Revera
2379 1517 2520 1572 enim
2546 1517 2699 1572 testis
2730 1517 2872 1571 illius
2902 1513 3018 1591 fuit.
3046 1524 3101 1570 et
3125 1514 3334 1585 qualem

1739 1622 1858 1663 esse
1895 1603 2212 1677 Oportebat,
2248 1621 2300 1662 et
2340 1609 2595 1676 operibus
2625 1617 2674 1663 et
2721 1607 2918 1662 verbis.
2950 1605 3108 1661 Tales
3143 1613 3199 1661 et
3233 1620 3338 1662 nos

1737 1709 1949 1770 oportet
1981 1715 2104 1756 esse
2142 1709 2327 1768 testes,
2366 1717 2464 1756 nec
2506 1700 2731 1770 prodere
2765 1715 2851 1766 ea,
2882 1715 3002 1771 qua:
3029 1699 3184 1754 nobis
3208 1714 3338 1755 cou-

1737 1794 1939 1849 credita
1973 1802 2131 1860 sunt,
2171 1811 2276 1848 non
2320 1803 2525 1848 tantum
2556 1795 2698 1849 circa
2726 1793 2973 1863 dogmata
2995 1833 3010 1858 ,
3049 1791 3144 1847 scd
3174 1793 3337 1851 etiam

1737 1886 1880 1939 circa
1923 1885 2111 1940 vitam.
2157 1884 2289 1941 Vide
2334 1886 2476 1940 enim
2513 1904 2524 1939 :
2560 1885 2702 1955 quod
2742 1885 2935 1940 viderit
2975 1895 3029 1940 et
3071 1885 3328 1944 audierit.

1740 1987 1951 2033 testatur
1986 1978 2237 2033 omnibus
2264 1978 2592 2044 hominibus,
2628 1989 2680 2034 et
2707 1979 2836 2033 nihil
2867 1978 3014 2032 illum
3041 1978 3336 2050 prohibuit,

1739 2068 1805 2123 Et
1834 2085 1930 2125 nos
1955 2070 2255 2126 audivimus
2280 2071 2421 2142 quod
2457 2071 2527 2125 sit
2557 2069 2881 2126 resurrectio
2912 2077 2966 2126 et
2997 2070 3140 2141 quod
3174 2071 3330 2124 innu-

1739 2186 1882 2225 mera
1917 2171 2053 2225 bona
2085 2190 2099 2224 :
2132 2185 2262 2241 ergo
2301 2171 2559 2226 debemus
2601 2171 2703 2225 hoc
2737 2169 2987 2225 omnibus
3031 2167 3337 2224 hominibus

1741 2264 2034 2321 testiﬁcari.
2070 2264 2230 2333 Atqui
2265 2262 2614 2318 testiﬁcantur
2634 2305 2648 2330 ,
2687 2260 2895 2332 inquies
2915 2300 2929 2326 ,
2961 2269 3016 2317 et
3045 2259 3337 2316 credimus.

1739 2356 2041 2425 Quomodo,
2065 2357 2333 2412 contraria
2363 2355 2669 2412 facientes?
2701 2356 2813 2417 Dic,
2843 2369 3027 2426 qumso
3047 2391 3065 2422 ,-
3097 2356 3227 2410 mihi
3256 2375 3268 2410 :
3292 2353 3337 2410 si

1739 2449 1859 2517 quis
1884 2461 1942 2501 se
1973 2446 2178 2502 diceret
2207 2446 2594 2512 Christianum,
2620 2445 2817 2502 deinde
2845 2446 3102 2502 deﬁciens
3123 2456 3337 2516 saperet

1737 2539 1974 2605 Judaica,
2002 2555 2069 2594 an
2096 2537 2368 2594 sufﬁceret
2395 2538 2498 2593 hoc
2527 2539 2928 2594 testimonium?
2951 2538 3335 2610 Nequaquam:

1740 2650 1860 2688 nam
1891 2649 1956 2689 ex
1986 2634 2239 2703 operibus
2270 2633 2634 2688 testimonium
2664 2642 2986 2703 quaererent.
3021 2632 3090 2687 Ita
3116 2643 3168 2688 el
3197 2647 3296 2688 nos
3321 2673 3337 2697 .

1738 2725 1780 2778 si
1812 2723 2053 2778 dicamus
2091 2738 2214 2779 esse
2245 2724 2694 2778 resurreetionem
2740 2732 2793 2779 et
2834 2721 3114 2778 innumera
3157 2723 3294 2778 bona
3320 2767 3335 2790 ,

1737 2815 2040 2886 deindeque
2075 2815 2160 2868 illa
2201 2825 2608 2869 contemnamus
2630 2857 2644 2880 ,
2689 2824 2745 2870 et
2787 2822 2999 2870 terrena
3029 2825 3300 2870 sectemur
3323 2858 3338 2882 ,

1738 2909 1858 2978 quis
1887 2907 2112 2962 credet?
2143 2922 2247 2960 non
2279 2907 2422 2960 enim
2456 2906 2538 2969 iis,
2568 2921 2687 2976 quae
2710 2905 2959 2972 dicimus,
2982 2907 3076 2962 scd
3106 2908 3189 2972 iis,
3218 2924 3339 2978 qum

1739 2999 1965 3053 facimus
1987 3039 2001 3063 ,
2042 2996 2326 3052 attendunt
2369 3010 2580 3050 omnes.
2612 2995 2776 3050 Testis
2801 2998 2900 3050 eris
2920 3038 2934 3062 ,
2966 2997 3166 3067 inquit,
3198 3000 3340 3067 apud

1736 3107 1910 3144 onmes
1949 3091 2218 3156 homines;
2260 3106 2364 3144 non
2409 3090 2548 3160 apud
2596 3090 2927 3148 domesticos
2971 3103 3211 3162 tantum,
3242 3098 3337 3155 sed

1736 3183 1897 3236 etiam
1940 3181 2078 3252 apud
2125 3181 2400 3246 inﬁdeles;
2436 3183 2648 3237 testium
2690 3183 2836 3238 enim
2865 3193 2946 3240 cst
2977 3188 3337 3256 persuadere,

1739 3291 1844 3331 non
1889 3277 2202 3342 scientibus,
2250 3277 2344 3331 sed
2390 3277 2775 3332 nescientibus.
2820 3278 2999 3334 Simus
3041 3281 3149 3336 ﬁde
3189 3282 3338 3354 digni

1739 3377 1922 3424 testes.
1942 3367 2222 3436 Quomodo
2238 3369 2371 3424 tales
2387 3370 2626 3424 erimus?
2644 3371 2687 3424 A
2701 3371 2829 3425 vita.
2848 3371 3237 3429 lusidiabantur
3261 3377 3337 3432 illi

1736 3461 1942 3528 JUdiBi;
1993 3462 2312 3517 insidiantur
2367 3462 2522 3516 nobis
2569 3462 2733 3516 animi
2779 3463 3039 3530 affectus,
3083 3467 3339 3537 jubeutes

1738 3555 1985 3624 alijurare
2017 3555 2404 3609 testimonium.
2435 3553 2542 3608 Sed
2571 3570 2638 3609 ne
2665 3555 3099 3625 obtemperemus
3129 3576 3144 3613 :
3175 3569 3339 3617 testes

1736 3662 1922 3702 sumus
1949 3663 1978 3701 a
2002 3647 2112 3702 Deo
2139 3647 2306 3702 missi.
2334 3647 2611 3702 Judicatur
2632 3649 2771 3717 apud
2801 3648 3052 3706 homines
3076 3654 3335 3722 quosdam

1740 3741 1879 3794 Deus
1909 3755 2014 3794 nou
2047 3755 2167 3795 esse
2195 3740 2335 3794 Deus
2363 3758 2374 3792 :
2400 3740 2545 3794 misit
2566 3755 2686 3808 nos,
2714 3741 2802 3810 qui
2832 3742 2932 3797 sibi
2963 3745 3334 3803 tcsﬁﬁcemur.

1738 3832 2116 3887 Testiﬁcemur
2141 3848 2269 3901 ergo
2298 3841 2355 3888 et
2385 3833 2801 3901 persuadeamus
2842 3837 3292 3894 contendentibus
3319 3858 3332 3893 :

1737 3925 1780 3978 si
1823 3941 1926 3978 non
1960 3923 2310 3980 testiﬁcemur
2330 3966 2343 3988 ,
2377 3925 2589 3978 illorum
2617 3925 2816 3981 erroris
2845 3943 2944 3983 nos
2970 3930 3024 3983 in
3053 3945 3213 3988 causa
3240 3950 3335 3989 su-

1738 4030 1875 4068 mus.
1921 4015 1976 4068 Si
2020 4025 2200 4068 autem
2247 4015 2298 4068 iu
2345 4016 2461 4068 foro
2489 4015 2750 4085 judiciali,
2791 4018 2880 4074 ubi
2918 4035 3005 4074 res
3043 4026 3335 4084 saeculares

1740 4115 2036 4160 tractantur
2058 4148 2072 4169 ,
2104 4120 2261 4160 nemo
2290 4105 2571 4161 admiserit
2603 4114 2818 4179 testem,
2852 4111 3147 4170 innumeris
3177 4128 3335 4173 nota-

1739 4206 1847 4249 tum
1892 4196 2105 4265 ﬂagitiis
2137 4213 2149 4249 :
2181 4195 2352 4250 multo
2398 4197 2575 4252 minus
2619 4197 2722 4265 hic,
2771 4200 2857 4256 ubi
2906 4209 3066 4259 tam:
3107 4223 3197 4263 res
3229 4221 3334 4265 tra-

1735 4297 1969 4342 ctantur.
2007 4287 2116 4342 Nos
2143 4288 2370 4343 dicimus
2390 4329 2405 4354 ,
2450 4290 2592 4359 quod
2627 4291 2930 4347 audivimus
2956 4310 2985 4348 a
3016 4296 3250 4367 Christo,
3280 4317 3337 4358 et

1735 4379 2003 4433 credimus
2047 4380 2111 4433 iis
2137 4421 2149 4445 ,
2195 4395 2316 4449 qua:
2359 4379 2472 4449 ipse
2514 4383 2759 4449 promisit
2792 4402 2806 4437 :
2836 4385 3017 4441 dicunt
3057 4389 3132 4444 illi
3163 4407 3176 4445 :
3210 4393 3333 4447 limi:

1734 4469 2001 4524 ostendite
2033 4485 2128 4538 per
2167 4485 2363 4538 opera;
2411 4471 2518 4524 vita
2561 4487 2793 4543 namque
2837 4485 3013 4532 vestra
3060 4487 3329 4539 contraria

1737 4560 2074 4625 testiﬁcatur,
2107 4559 2248 4627 quod
2279 4574 2473 4629 nempe
2500 4575 2608 4616 non
2638 4565 2893 4619 credatis.

1807 4652 1997 4707 Contra
2022 4667 2202 4705 avaros
2229 4661 2275 4704 et
2297 4668 2528 4722 rapaces.
2547 4682 2616 4693 —
2646 4653 2886 4712 \‘ultisne
2914 4657 3190 4717 videamus
3214 4679 3329 4726 eos.

1735 4747 1825 4814 qui
1879 4745 2132 4814 pecunias
2183 4745 2477 4815 colligunt,
2530 4760 2793 4815 rapaces,
2846 4765 3070 4819 avaros,
3103 4769 3199 4810 eos
3242 4761 3330 4828 qui

1738 4839 2026 4908 plangunt,
2070 4837 2161 4906 qui
2207 4837 2430 4905 lugent,
2476 4836 2783 4904 mdiﬁcant,
2833 4843 3118 4913 omniaque
3165 4862 3333 4918 nego-

1740 4929 1937 4982 tiantur
1975 4925 2126 4997 quasi
2156 4940 2451 4995 numquam
2481 4927 2733 4981 morituri
2761 4928 2783 4981 ?
2813 4928 2869 4984 Si
2913 4945 3043 5004 ergo
3074 4950 3180 4990 non
3209 4950 3332 4993 ore-

1737 5019 1862 5072 ditis
1889 5032 1985 5072 vos
2015 5031 2137 5072 esse
2159 5017 2451 5072 morituros
2472 5060 2487 5084 ,
2534 5016 2660 5072 licet
2686 5034 2774 5074 res
2796 5020 2868 5075 ita
2894 5033 3040 5077 certa
3075 5036 3131 5080 et
3159 5031 3332 5084 mani-

1738 5111 1872 5166 festa
1905 5110 1975 5165 sit
2000 5151 2014 5175 ,
2046 5109 2318 5180 quomodo
2345 5124 2441 5164 vos
2473 5109 2821 5167 testiﬁcantes
2849 5114 3170 5172 credemus?
3193 5120 3333 5177 Sunt

1737 5204 1914 5269 enim,
1948 5211 2108 5267 sunt,
2144 5201 2358 5273 inquam
2381 5243 2395 5268 ,
2440 5203 2593 5257 nmlti
2625 5202 2872 5261 homines
2903 5207 2974 5261 ita
3016 5210 3231 5277 affecti,
3268 5230 3333 5269 ac

1741 5297 1784 5351 si
1842 5311 2131 5366 numquam
2183 5305 2368 5349 essent
2411 5293 2678 5350 morituri.
2727 5296 2862 5352 Nam
2907 5315 3029 5354 cum
3079 5303 3132 5357 in
3177 5309 3334 5376 gravi

1739 5397 2018 5443 senectute
2050 5387 2309 5456 incipiant
2333 5387 2622 5453 mdiﬁcare,
2653 5398 2707 5443 et
2733 5405 2889 5460 agros
2918 5394 3099 5449 colere
3122 5438 3136 5464 ,
3166 5415 3335 5468 quan-

1739 5478 1935 5534 donam
1970 5479 2036 5533 de
2064 5489 2239 5534 morte
2281 5479 2593 5548 cogitabunt
2617 5480 2640 5531 ?
2665 5479 2780 5535 Non
2814 5498 3035 5552 parvum
3068 5500 3150 5543 est
3181 5492 3335 5546 nobis

1742 5573 2062 5643 supplicium
2095 5571 2146 5626 in
2191 5573 2560 5627 testimonium
2609 5578 2842 5641 vocatis,
2879 5593 2986 5631 non
3029 5595 3188 5650 posse
3218 5599 3337 5652 qum

1744 5666 1972 5720 vidimus
2023 5664 2320 5719 testiﬁcari.
2359 5663 2600 5720 Vidimus
2633 5681 2730 5720 nos
2774 5669 2942 5723 oculis
2991 5673 3250 5742 angelos,
3286 5685 3336 5730 et

1744 5759 1937 5812 clarius
1977 5772 2134 5827 quam
2184 5758 2248 5822 ii,
2283 5757 2369 5826 qui
2416 5772 2541 5813 vere
2575 5758 2840 5816 viderunt.
2896 5762 3038 5834 Ergo
3081 5767 3337 5822 testiﬁce-

1752 5871 1866 5908 mur
1891 5853 2105 5908 Christo
2132 5870 2142 5904 :
2169 5867 2272 5906 non
2296 5851 2438 5906 enim
2473 5851 2547 5905 illi
2580 5853 2678 5908 soli
2707 5863 2891 5926 testes,
2912 5859 3002 5913 sed
3031 5876 3128 5917 nos
3154 5860 3338 5918 etiam.
