4072 6400
646 378 649 381 λ
744 381 840 442 351

3897 342 4011 397 33?.

1502 370 1557 427 S.
1591 362 1859 425 JOANNIS
1894 352 2366 418 CHRVSOSTOMI
2405 350 2717 409 ARClllEP.
2758 348 3284 406 CONSTANTINOP.

2423 473 2606 521 intesta
2637 464 2704 519 sit
2731 464 2974 534 cogitans
2996 462 3255 531 judicium
3283 458 3397 515 fore
3422 498 3438 526 ,
3468 465 3523 513 et
3563 456 3614 510 in
3651 454 3807 511 nobis
3833 455 4010 509 situm

2418 572 2535 611 esse
2563 556 2769 610 virtutis
2794 564 2848 609 et
2887 554 3137 624 nequitiae
3166 552 3421 608 studium.

2502 645 2613 699 Vita
2659 644 2890 716 improba
2916 645 3069 713 ﬁdem
3097 644 3393 713 corrumpit.
3421 669 3490 682 —-
3523 634 3671 695 Talis
3699 636 3806 691 vita
3841 636 4011 689 innu-

2418 749 2559 790 mera
2589 743 2841 805 operatur
2871 734 3031 800 mala,
3070 734 3315 788 homines
3342 732 3483 787 feras
3508 729 3703 796 reddit,
3732 728 3841 782 imo
3869 725 4011 781 feris

2417 823 2929 879 irrationabiliores:
2979 838 3102 877 nam
3130 838 3249 892 qua:
3294 823 3343 876 in
3386 821 3726 876 diversarum
3758 816 4010 871 ferarum

2420 924 2606 970 natura
2650 923 2805 980 sunt,
2868 914 2954 969 illa
2984 928 3127 982 saepe
3175 912 3226 966 in
3277 927 3385 966 uno
3422 911 3638 969 homine
3666 908 3870 978 colligit
3896 946 3915 972 ,
3953 913 4012 960 et

2418 1017 2585 1064 totum
2607 1006 2883 1063 subvertit.
2909 1004 3033 1060 Ideo
3058 1004 3224 1059 fatum
3248 1004 3543 1059 introduxit
3561 1002 3804 1057 diabolus
3834 1020 3847 1055 :
3876 1001 4014 1057 ideo

2418 1100 2532 1154 sine
2577 1097 2907 1168 providentia
2959 1095 3211 1151 mundum
3256 1093 3368 1164 regi
3406 1092 3541 1148 dixit
3579 1109 3593 1145 :
3627 1090 3747 1146 ideo
3777 1100 4012 1145 naturas

2417 1190 2565 1258 ponit
2609 1188 2775 1243 bonas
2802 1196 2856 1242 et
2883 1186 3050 1241 malas
3075 1205 3087 1239 :
3120 1186 3320 1241 idcirco
3362 1183 3558 1237 malum
3589 1183 3707 1237 sine
3733 1180 4011 1251 principio

2416 1290 2472 1336 et
2515 1280 2788 1335 materiale
2818 1280 3103 1347 supponit:
3134 1276 3333 1331 idcirco
3362 1274 3492 1328 nihil
3521 1287 3625 1328 non
3655 1273 3800 1341 agit,
3832 1281 3895 1347 ut
3925 1270 4009 1322 vi-

2419 1381 2523 1427 tam
2551 1378 2786 1425 nostram
2809 1375 3136 1436 corrumpat.
3164 1366 3348 1435 Neque
3372 1364 3514 1419 enim
3545 1362 3661 1418 ﬁeri
3687 1369 3867 1432 potest
3892 1400 3909 1427 ,
3950 1370 4008 1413 ut

2417 1462 2498 1526 is,
2526 1460 2614 1529 qui
2654 1459 2744 1512 tali
2773 1457 2932 1511 modo
2962 1455 3130 1523 vivit,
3159 1454 3240 1509 vel
3267 1469 3296 1508 a
3327 1454 3505 1523 pravis
3534 1450 3879 1521 dogmatibus
3910 1464 4005 1502 re-

2416 1551 2559 1605 siliat
2584 1591 2599 1615 ,
2632 1549 2712 1604 vel
2743 1550 2794 1604 in
2823 1562 2953 1603 sana
2984 1546 3084 1601 fide
3111 1554 3361 1611 maneat;
3405 1542 3499 1599 sed
3527 1541 3835 1596 necessario
3883 1536 4009 1593 hzcc

2417 1652 2674 1697 assumet.
2704 1640 2819 1696 Non
2848 1650 2975 1711 puto
3016 1639 3160 1695 enim
3208 1636 3510 1707 quempiam
3541 1632 3765 1703 reperiri
3790 1646 3855 1687 ex
3890 1632 3965 1685 iis
3993 1670 4007 1691 .

2417 1736 2506 1806 qui
2552 1750 2657 1789 non
2716 1743 2861 1789 recte
2901 1733 3119 1799 vivunt,
3148 1732 3235 1801 qui
3280 1744 3386 1784 non
3429 1727 3594 1782 millia
3621 1725 3855 1780 satanica
3890 1737 4012 1777 nio-

2416 1826 2645 1888 diletur;
2673 1823 2818 1877 verbi
2850 1821 3016 1892 gratia
3038 1860 3054 1888 ,
3085 1820 3248 1874 fatum
3275 1833 3395 1873 esse
3422 1859 3437 1884 ,
3465 1830 3552 1871 res
3580 1829 3767 1869 omnes
3794 1823 4013 1869 temere

2417 1916 2582 1983 ferri,
2633 1915 2937 1985 permixtim
2982 1922 3037 1968 et
3083 1911 3307 1967 confuse
3353 1910 3531 1965 omnia
3576 1908 3776 1978 jacere.
3829 1903 4008 1969 Ideo,

2418 2006 2684 2072 obsecro,
2730 2004 2851 2059 vita:
2900 2002 3081 2073 probae
3128 2015 3309 2055 curam
3362 1999 3691 2063 habeamus,
3747 2012 3816 2051 ne
3862 1995 4012 2049 mala

2419 2086 2772 2164 suscipiamus
2800 2092 3072 2164 dogmata.
3118 2090 3248 2145 Cain
3280 2090 3332 2144 in
3380 2088 3637 2143 ultionem
3667 2085 3915 2156 accepit,
3953 2094 4015 2138 ut

2419 2186 2791 2256 ingemisceret
2812 2226 2828 2251 ,
2860 2192 2915 2239 et
2944 2190 3217 2237 tremeret.
3264 2178 3421 2234 Tales
3449 2186 3572 2233 sunt
3614 2176 3881 2247 improbi,
3917 2174 4007 2228 in-

2420 2289 2764 2329 numerorum
2811 2273 2913 2327 sibi
2950 2272 3210 2327 malorum
3256 2269 3496 2325 conscii:
3525 2282 3667 2337 saepe
3705 2282 3770 2322 ex
3811 2280 4015 2320 somno

2418 2366 2691 2431 exsiliunt,
2717 2363 3034 2419 turbulenta:
3058 2370 3183 2417 sunt
3208 2359 3557 2430 cogitationes
3577 2372 3782 2425 eorum,
3808 2357 4016 2411 turbati

2418 2454 2555 2508 oculi
2579 2494 2593 2519 ,
2622 2454 2800 2508 omnia
2830 2452 3139 2522 suspicione
3201 2451 3357 2519 plena
3384 2490 3399 2517 ,
3431 2458 3637 2504 terrore
3659 2488 3676 2515 ,
3722 2448 3874 2517 gravi
3910 2463 4015 2501 ex-

2420 2544 2752 2614 spectatione
2775 2584 2789 2607 ,
2820 2551 2965 2596 metu
3005 2542 3160 2612 plena
3182 2541 3381 2607 anima,
3415 2538 3698 2594 formidine
3726 2546 3780 2592 et
3810 2538 4016 2591 timore

2424 2637 2711 2701 subversa,
2759 2632 3010 2688 inhabilis
3054 2642 3153 2687 est.
3198 2631 3340 2685 Nihil
3389 2630 3476 2684 tali
3525 2630 3701 2683 anima
3742 2628 3969 2683 mollius
3999 2668 4013 2692 ,
4070 2656 4072 2659 -

2427 2725 2560 2780 nihil
2601 2724 2959 2794 insipientius.
3009 2723 3162 2777 Sicut
3186 2721 3373 2776 furiosi
3408 2734 3512 2774 non
3541 2728 3682 2774 stant
3711 2719 3765 2773 in
3801 2728 4016 2774 semet»

2421 2816 2573 2884 ipsis,
2624 2816 2703 2869 sic
2742 2824 2795 2869 et
2834 2813 2921 2867 illa
2952 2812 3234 2867 instabilis.
3278 2802 3624 2877 Quandonam
3663 2823 3793 2879 ergo
3822 2809 3923 2863 illa
3965 2809 4017 2862 in

2418 2922 2638 2962 sensum
2663 2915 2824 2961 tantae
2851 2904 3093 2975 caliginis
3120 2904 3321 2968 veniat,
3345 2916 3502 2971 quam
3526 2898 3817 2971 optandum
3839 2910 4015 2963 esset,

2426 2999 2807 3069 tranquillitate
2837 2997 3259 3063 vserenitateque
3309 2991 3574 3047 fruentem
3597 3032 3610 3055 ,
3646 3004 3805 3059 posse
3850 3005 4015 3043 suam

2423 3103 2714 3160 agnoscere
2743 3086 3116 3142 nobilitatem?
3147 3085 3279 3138 Dum
3306 3091 3483 3138 autem
3514 3080 3689 3136 omnia
3721 3079 3870 3133 illam
3901 3089 4013 3133 ter—

2424 3188 2547 3236 rent
2576 3188 2630 3234 et
2658 3179 2907 3244 turbant,
2944 3177 3148 3231 somnia
3170 3217 3185 3242 ,
3214 3173 3378 3229 verba
3400 3213 3416 3239 ,
3449 3172 3661 3227 habitus
3681 3212 3697 3238 ,
3725 3179 3781 3225 et
3824 3172 4017 3240 suspi-

2427 3272 2610 3326 ciones
2630 3310 2645 3335 ,
2676 3268 2892 3340 quando
2938 3268 3133 3337 poterit
3164 3266 3215 3319 in
3261 3280 3319 3319 se
3347 3264 3649 3334 respicere.
3681 3262 3760 3316 sic
3800 3261 4017 3316 turbata

2430 3374 2485 3421 et
2530 3362 2823 3434 perplexa?
2858 3360 3001 3415 Illius
3032 3373 3159 3429 ergo
3204 3367 3405 3412 metum
3446 3354 3751 3417 solvamus,
3798 3354 4020 3407 vincula

2430 3455 2821 3525 dirumpamus.
2871 3452 3005 3507 Nam
3038 3453 3083 3507 si
3133 3465 3238 3505 non
3288 3456 3433 3503 esset
3482 3461 3639 3517 paena
3665 3485 3682 3512 ,
3714 3460 3819 3515 qua
3853 3460 4021 3514 pcena

752 502 827 556 Illi
858 498 1102 551 dicuntur
1133 498 1390 562 martyres
1415 500 1509 542 seu
1529 492 1712 549 testes,
1731 480 1852 551 quia
1877 477 2010 548 iussi
2038 473 2302 543 abiurare,

749 592 925 648 omnia
955 587 1260 658 patiuntur,
1294 590 1350 637 ut
1381 579 1655 635 veritatem
1685 573 1864 628 dicant
1889 587 1902 624 :
1935 576 1989 624 et
2017 580 2115 621 nos
2144 577 2310 632 quan—

750 684 819 739 do
847 682 914 737 ab
937 678 1099 734 animi
1132 676 1363 731 motibus
1385 671 1635 739 abiurare
1658 663 1909 736 iubemur
1932 700 1948 727 ,
1980 673 2046 714 ne
2068 669 2311 712 succum-

753 776 956 829 hamus.
991 770 1192 825 Aurum
1224 765 1389 821 dicit:
1437 762 1530 816 Dic
1553 758 1819 815 Christum
1859 768 1965 808 non
1998 763 2116 805 esse
2158 746 2310 802 Chri-

751 879 888 922 stum
907 882 922 920 :
945 879 1010 919 ne
1025 865 1210 919 audias
1228 857 1377 930 quasi
1398 857 1582 919 Deum,
1600 850 1695 908 sed
1714 848 1989 917 ejusjussa
2005 851 2308 899 contemne.

749 953 1204 1025 Coneupiseentiae
1254 950 1404 1004 malae
1457 944 1682 1014 idipsum
1732 939 1951 1003 dicunt;
1999 932 2092 989 sed
2144 940 2198 985 tu
2245 943 2312 984 ne

747 1022 1083 1114 obtemperes
1107 1084 1122 1109 ,
1152 1041 1242 1096 sed
1272 1047 1351 1094 sta
1383 1036 1613 1101 fortiter,
1638 1047 1704 1087 ne
1725 1040 1780 1085 et
1800 1029 1867 1083 de
1892 1025 2043 1081 nobis
2068 1022 2273 1078 dicatur
2294 1037 2307 1074 :

755 1134 915 1191 Deum
957 1135 1254 1203 conﬁtentur
1285 1130 1451 1187 scire.
1487 1126 1632 1199 factis
1665 1132 1832 1177 autem
1869 1125 2050 1189 negant
2078 1114 2203 1186 (Tit.
2255 1114 2307 1167 1.

752 1229 861 1297 16).
893 1228 1002 1280 Hoc
1043 1224 1184 1279 enim
1212 1237 1316 1275 non
1356 1227 1438 1274 est
1468 1216 1679 1273 testium
1700 1254 1715 1275 .
1747 1211 1842 1268 sed
1863 1206 2309 1264 adversariorum.

732 1317 897 1386 Quod
929 1316 1015 1370 alii
1047 1322 1281 1384 negent,
1312 1310 1446 1365 nihil
1491 1307 1719 1370 mirum;
1763 1301 1905 1373 quod
1946 1308 2126 1354 autem
2170 1309 2266 1350 nos
2292 1334 2308 1361 ,

749 1408 837 1477 qui
867 1408 919 1461 in
951 1403 1314 1461 testimonium
1359 1412 1643 1462 vocamur,
1672 1406 1957 1463 negemus,
1990 1388 2047 1473 id.
2070 1401 2231 1457 grave
2258 1391 2312 1439 et

747 1476 1034 1555 onerosum
1082 1504 1200 1552 est:
1232 1493 1335 1548 hoc
1366 1490 1594 1546 maxime
1638 1486 1801 1541 rebus
1845 1480 2042 1537 nostris
2091 1476 2310 1533 noxium

744 1601 843 1649 est.
875 1591 940 1645 In
971 1589 1301 1645 testimonium
1326 1584 1430 1639 illis
1453 1582 1636 1636 eveniet
1660 1578 1807 1649 (Luc.
1832 1576 1929 1629 21.
1961 1572 2073 1645 15),
2104 1572 2309 1640 inquit:

746 1685 839 1741 sed
892 1685 937 1739 si
989 1697 1093 1737 non
1148 1678 1478 1740 resiliamus,
1510 1674 1555 1727 si
1602 1669 1978 1726 consistamus.
2034 1663 2091 1720 Si
2126 1674 2313 1717 omnes

748 1777 970 1833 velimus
1019 1772 1230 1829 Christo
1284 1765 1592 1829 testificari,
1642 1762 1747 1817 cito
1797 1758 1978 1814 multis
2029 1754 2313 1826 gentilibus

748 1865 1209 1939 persuadebimus.

814 1960 869 2013 4.
896 1956 1081 2026 Magna
1134 1967 1220 2009 res
1277 1960 1360 2007 est
1402 1950 1540 2015 vita,
1568 1945 1787 2002 dilecti:
1819 1944 1944 1999 licet
1992 1939 2111 2010 quis
2162 1934 2312 1990 valde

750 2048 891 2102 ferus
936 2048 1043 2111 sit,
1072 2045 1258 2099 saltem
1290 2050 1470 2111 aperte
1513 2052 1618 2093 non
1665 2033 1935 2090 damnabit
1970 2044 2066 2085 nos
2097 2036 2312 2098 propter

752 2137 1014 2207 dogma‘;
1045 2134 1136 2190 sed
1168 2133 1302 2187 clam
1342 2130 1614 2195 admittet,
1644 2124 1878 2180 laudabit
1922 2130 1977 2178 et
2022 2118 2311 2175 admirabi-

746 2238 849 2282 tur.
892 2227 959 2281 Et
1006 2224 1304 2287 undeuam,
1334 2220 1579 2290 inquies,
1621 2218 1722 2272 erit
1750 2216 1856 2271 vita
1904 2213 2143 2282 optima?
2191 2210 2309 2263 Non

745 2317 992 2383 aliunde,
1024 2330 1179 2385 quam
1231 2329 1295 2367 ex
1346 2311 1523 2365 divina
1553 2307 1881 2378 operatione.
1931 2302 2067 2371 Quid
2096 2314 2224 2371 ergo
2270 2298 2314 2353 si
2386 2354 2393 2359 _

748 2412 973 2482 gentiles
1004 2410 1111 2465 sint
1142 2406 1318 2462 tales?
1362 2405 1440 2459 llli
1474 2404 1520 2460 si
1568 2401 1781 2473 quando
1810 2399 1941 2454 tales
1970 2397 2115 2461 sint,
2145 2393 2197 2448 id
2227 2392 2314 2446 alii

746 2521 809 2560 ex
841 2512 1028 2557 natura
1050 2541 1063 2565 ,
1101 2500 1191 2554 alii
1223 2514 1289 2552 ex
1336 2511 1466 2549 vana
1494 2494 1661 2565 gloria
1693 2490 1908 2546 habent.
1944 2482 2036 2541 Vis
2063 2484 2270 2540 discere
2294 2524 2310 2549 ,

746 2597 833 2667 qui
860 2594 929 2650 sit
953 2591 1165 2648 virtutis
1204 2587 1455 2659 splendor
1478 2628 1492 2653 ,
1526 2594 1781 2655 quantum
1806 2580 1980 2635 valeat
2005 2577 2071 2633 ad
2098 2589 2315 2645 persua-

744 2665 1016 2741 dendum?
1054 2680 1200 2735 Multi
1232 2677 1466 2732 hmretici
1490 2716 1506 2743 ,
1537 2674 1637 2729 etsi
1666 2673 1911 2741 dogmata
1938 2675 2186 2736 corrupta
2217 2665 2313 2719 ha-

751 2780 937 2833 berent
961 2816 976 2841 ,
1007 2775 1076 2828 ita
1105 2771 1379 2827 invaluere
1401 2810 1415 2833 ,
1448 2774 1507 2821 ut
1532 2764 1681 2820 multi
1722 2762 1963 2817 homines
1992 2775 2055 2814 ex
2100 2758 2220 2811 vitae
2248 2755 2316 2809 il-

747 2871 916 2923 lorum
941 2863 1238 2920 reverentia
1265 2860 1453 2929 dogma
1485 2856 1694 2911 illorum
1721 2867 1827 2907 non
1856 2846 2310 2906 examinaverint:

746 2960 835 3013 alii
890 2957 981 3028 qui
1030 2954 1149 3011 illos
1202 2953 1272 3007 ob
1319 2950 1509 3019 dogma
1558 2942 1972 3015 improbabant,
2022 2940 2092 2995 ob
2151 2938 2313 3028 vitam

748 3027 963 3106 reveriti
1004 3053 1165 3109 sunt;
1194 3057 1301 3097 non
1326 3041 1466 3095 bene
1491 3046 1637 3093 certe
1660 3075 1676 3102 ,
1723 3032 1817 3089 sed
1846 3031 1900 3087 id
1952 3040 2129 3085 tamen
2178 3027 2316 3098 passi

746 3152 890 3198 sunt.
932 3141 1044 3195 Hoc
1070 3136 1191 3191 fidei
1221 3140 1418 3188 nostrre
1459 3130 1794 3184 honestatem
1838 3121 2166 3187 dilfamavit;
2216 3119 2320 3175 hoc

747 3231 925 3286 omnia
975 3224 1275 3286 subvertit,
1323 3220 1465 3292 quod
1508 3231 1666 3273 nemo
1712 3215 1872 3270 ullam
1904 3213 2025 3267 vitae
2055 3213 2316 3266 rationem

751 3298 982 3385 habeai;
1016 3317 1117 3373 hoc
1168 3313 1325 3368 ﬁdem
1378 3307 1702 3381 pcssumdat.
1760 3304 1993 3359 Dicimus
2043 3301 2316 3357 Christum

753 3428 875 3471 esse
918 3412 1107 3475 Deum,
1136 3408 1413 3462 innumera
1464 3402 1567 3457 alia
1598 3397 1949 3469 proferimus,
1979 3403 2032 3449 et
2067 3393 2169 3449 hoc
2197 3408 2317 3448 cum

749 3506 868 3559 aliis
893 3544 908 3567 ,
942 3499 1082 3571 quod
1110 3496 1436 3568 persuaserit
1465 3492 1713 3547 omnibus
1733 3530 1748 3554 ,
1776 3500 1836 3544 ut
1860 3497 2001 3543 recte
2030 3487 2269 3541 viverent
2294 3500 2310 3550 ;

751 3596 844 3652 sed
874 3595 975 3650 hoc
1000 3594 1051 3647 in
1088 3590 1268 3661 paucis
1296 3600 1518 3643 cernere
1545 3592 1645 3640 est.
1675 3579 2102 3638 Resurrectionis
2124 3577 2321 3652 dogma

754 3687 897 3743 laedit
921 3685 1041 3739 vitae
1068 3680 1379 3751 improbitas
1398 3720 1412 3745 ,
1440 3692 1645 3732 necnon
1691 3671 2107 3729 immortalitatis
2131 3664 2327 3725 animai

750 3793 804 3838 et
848 3779 1029 3850 jmlieii
1057 3795 1072 3841 ;
1104 3776 1373 3844 multaque
1415 3773 1517 3827 alia
1547 3769 1802 3834 attrahit,
1837 3766 2002 3822 fatum
2028 3805 2045 3831 ,
2083 3763 2320 3820 necessi-

756 3882 938 3935 tatem,
964 3868 1297 3937 negationem
1320 3862 1683 3934 providentite.
1715 3860 1905 3914 Anima
1920 3858 2062 3913 enim
2088 3857 2138 3911 in
2167 3856 2324 3911 malis

756 3961 1053 4016 innumeris
1079 3959 1325 4012 immersa
1351 3995 1365 4020 ,
1398 3954 1511 4007 hzec
1539 3951 1639 4006 sibi
1670 3951 1978 4020 excogitare
2007 3949 2232 4019 satagit,
2258 3964 2323 4002 ne

2427 3547 2541 3600 haec
2578 3546 2790 3616 gravior
2821 3559 2926 3598 non
2971 3542 3165 3605 fuerit,
3201 3541 3252 3593 in
3301 3539 3491 3593 timore
3520 3550 3735 3606 semper
3780 3535 3976 3590 vivere
4003 3574 4019 3601 ,

2425 3652 2711 3708 numquam
2737 3635 3009 3692 confidere
3030 3676 3045 3702 ,
3073 3646 3362 3703 numquam
3393 3631 3670 3708 quiescere
3689 3628 3713 3669 ν
3740 3628 3863 3683 Ηως
3897 3644 4021 3683 om-

2426 3732 2510 3784 nia
2536 3739 2784 3785 acourate
2806 3728 3057 3792 scientes,
3086 3725 3137 3777 in
3168 3706 3552 3793 tranquillitate
3579 3735 3675 3774 nos
3705 3735 4012 3784 servemus,

2433 3828 2487 3875 et
2510 3821 2759 3874 virtutem
2783 3818 3044 3879 colamus,
3063 3824 3121 3868 ut
3141 3822 3194 3867 et
3213 3826 3340 3867 sana
3371 3811 3617 3881 dogmata
3645 3818 3698 3864 et
3720 3810 3882 3864 vitam
3922 3810 4019 3863 ho-

2439 3926 2561 3967 nam
2613 3911 2910 3976 habentes,
2952 3909 3068 3963 sine
3113 3904 3433 3961 oﬂ'endiculo
3478 3904 3641 3957 vitam
3691 3911 4019 3972 prazsentem

2435 4003 2823 4071 transigamus,
2852 4010 2906 4055 et
2952 3996 3214 4068 promissa
3260 3993 3602 4064 diligentibus
3651 3992 3824 4062 ipsum
3875 3992 4017 4047 bona

2430 4108 2852 4163 consequamur,
2885 4092 3053 4162 gratia
3085 4098 3140 4145 et
3164 4086 3492 4157 benignitate
3541 4084 3809 4155 Unigeniti
3852 4084 3974 4154 ejus
4003 4126 4017 4149 ,

2430 4186 2645 4255 quicum
2668 4185 2810 4239 Patri
2838 4193 2893 4239 et
2912 4182 3133 4253 Spiritui
3156 4188 3341 4235 sancto
3363 4178 3555 4248 gloria,
3576 4177 3882 4246 imperium,
3913 4178 4011 4229 ho-

2434 4289 2555 4340 nor,
2579 4289 2719 4329 nunc
2745 4284 2798 4330 et
2827 4286 3063 4342 semper,
3092 4278 3144 4325 et
3166 4271 3218 4323 in
3240 4266 3431 4323 saecula
3454 4266 3793 4321 srcculorum.
3812 4268 3985 4321 Amen

819 4161 834 4191 ι
863 4158 1059 4227 Graecus
1081 4162 1248 4227 textus
1268 4154 1436 4227 habet,
1461 4163 1527 4227 ea!
1548 4167 1763 4227 sweet-os
1787 4166 2171 4227 ηταγινύσηβωιτδ
2195 4168 2325 4221 δόγμα,

755 4232 885 4280 quae,
910 4216 1093 4277 deleta,
1116 4225 1171 4280 ut
1192 4219 1349 4265 series
1371 4214 1617 4280 postulare
1638 4214 1831 4265 videtur
1847 4253 1862 4277 ,
1887 4214 2145 4280 negatione
2170 4234 2210 4271 ot
2225 4214 2324 4278 gn;

753 4278 1084 4342 gnitleabunt:
1113 4278 1233 4326 licet
1255 4283 1417 4340 aperte
1450 4278 1724 4328 condemnet
1748 4286 1940 4341 prapter
1958 4278 2154 4345 dogma.

766 4424 961 4432 -ισ-ισ-ο

964 4416 3134 4441 _______________________________________

2078 4520 2408 4582 HOMILIA
2451 4520 2729 4581 XLVIII.

764 4664 886 4717 Car.
938 4663 1027 4718 22.
1076 4679 1124 4716 ν.
1172 4664 1257 4717 17.
1313 4659 1527 4715 Factum
1566 4671 1637 4716 est
1684 4671 1850 4715 autem
1908 4665 2167 4718 revertenti
2211 4666 2333 4718 mihi

841 4758 891 4808 in
922 4754 1224 4821 Jerusalem,
1244 4765 1289 4808 et
1318 4757 1481 4809 oranti
1508 4758 1558 4809 in
1588 4756 1791 4826 templo,
1813 4756 1924 4824 fieri
1949 4773 2026 4811 me
2050 4757 2102 4811 in
2131 4760 2335 4825 exstasi,

846 4847 930 4900 18.
960 4855 1006 4899 et
1036 4847 1198 4899 videre
1223 4847 1367 4899 illum
1398 4847 1636 4900 dicentem
1677 4847 1798 4900 mihi
1839 4863 1857 4900 :
1902 4846 2133 4912 Festina,
2176 4858 2223 4903 et
2260 4850 2341 4903 exi

2442 4664 2508 4717 Et
2536 4664 2701 4718 oranti
2737 4665 2788 4717 in
2829 4665 3033 4732 templo,
3057 4665 3165 4732 ﬁeri
3193 4680 3270 4715 me
3299 4664 3349 4715 in
3385 4663 3597 4727 exstasi,
3618 4670 3661 4716 et
3688 4662 3855 4715 uidere
3879 4662 4023 4714 illum

2443 4756 2684 4808 dicentem
2712 4754 2833 4807 mihi
2858 4771 2875 4807 :
2904 4753 3131 4818 Festina,
3177 4763 3223 4805 et
3253 4753 3333 4806 exi
3357 4752 3589 4805 velociter
3627 4768 3688 4805 ex
3712 4750 4019 4812 Jerusalem.

2444 4848 2678 4915 quoniam
2708 4862 2806 4899 non
2833 4846 3073 4915 recipient
3101 4844 3439 4897 testimonium
3469 4854 3607 4897 tuum
3633 4844 3695 4898 de
3721 4859 3822 4896 me.
3855 4842 4021 4897 Vide:

844 4937 1071 4991 velociter
1108 4953 1170 4991 ea:
1192 4935 1495 5002 Jerusalem,
1543 4939 1775 5007 quoniam
1803 4955 1902 4992 non
1933 4940 2170 5009 recipient
2197 4942 2340 4993 testi-

849 5028 1069 5080 monium
1100 5037 1240 5079 tuum
1264 5026 1443 5081 deme.
1479 5026 1562 5081 19.
1597 5026 1665 5079 Et
1692 5044 1780 5097 ego
1806 5029 1911 5081 dimi
1944 5046 1960 5082 :
1991 5029 2221 5095 Domine,
2245 5031 2344 5101 ipsi

848 5118 1029 5181 sciunt,
1081 5119 1200 5185 quia
1247 5133 1335 5186 ego
1383 5134 1517 5170 eram
1556 5118 1859 5173 concludens
1911 5120 1963 5172 in
2000 5137 2267 5187 carcerem,
2298 5131 2342 5174 et

849 5211 1043 5263 cadens
1070 5226 1158 5277 per
1192 5224 1471 5279 synagogas
1507 5226 1608 5276 eos,
1654 5211 1737 5279 qui
1767 5211 2032 5264 credebant
2054 5212 2108 5265 in
2134 5222 2179 5266 te
2209 5230 2225 5265 :
2251 5213 2341 5267 ‘20.

852 5312 893 5353 et
925 5317 1037 5353 cum
1068 5301 1358 5370 funderetur
1400 5304 1602 5370 sanguis
1646 5301 1895 5371 Stephani
1939 5304 2075 5357 testis
2117 5305 2206 5366 tui,
2256 5320 2344 5375 ego

854 5393 1132 5457 adstabant,
1161 5402 1207 5445 et
1235 5393 1599 5445 consentiebam
1630 5394 1733 5446 neci
1767 5396 1893 5463 ejus,
1926 5404 1973 5447 et
2008 5394 2345 5448 custodiebant

852 5482 1135 5534 uestimenta
1156 5483 1558 5550 interﬁcientium
1583 5483 1745 5536 illum.

854 5574 899 5626 1.
948 5571 1080 5625 Vide
1113 5573 1373 5641 quomodo
1408 5588 1465 5627 se
1493 5575 1543 5626 in
1574 5574 1803 5642 pericula
1836 5577 2101 5643 conjiciat.
2151 5576 2342 5630 Subdit

785 5665 923 5717 enim
959 5680 968 5714 τ
1000 5661 1212 5715 Factum
1236 5655 1303 5715 est
1332 5675 1494 5717 autem
1525 5668 1782 5718 revertenti
1812 5668 1932 5719 mihi
1958 5669 2008 5719 in
2032 5668 2345 5730 Jerusalem;

787 5755 836 5805 id
866 5764 962 5821 est,
990 5766 1106 5822 post
1139 5755 1391 5808 visionem
1422 5755 1558 5809 illam
1590 5772 1770 5812 rursus
1807 5758 1855 5810 iu
1889 5757 2175 5813 Jerusalem
2200 5760 2341 5813 veni.

2450 4950 2616 5005 neque
2647 4936 2747 4990 hoc
2772 4936 2889 4991 sine
2929 4936 3236 4990 testimonio
3263 4935 3457 5004 agitur,
3489 4935 3581 4990 sed
3613 4936 3681 4991 ab
3712 4946 3915 4992 eventu
3946 4942 4024 4989 est

2450 5029 2827 5083 testimonium.
2897 5028 3144 5092 Dixerat,
3209 5027 3330 5081 Non
3392 5028 3630 5097 recipient
3686 5028 4023 5081 testimonium

2451 5127 2625 5172 tuum;
2667 5128 2711 5172 τι
2740 5134 2846 5174 non
2877 5126 3215 5187 receperunt.
3247 5118 3406 5172 Certe
3447 5134 3510 5173 ex
3535 5117 3814 5172 ratiocinio
3841 5118 4020 5188 conje-

2452 5209 2695 5263 ctandum
2726 5218 2860 5273 erat,
2895 5208 3036 5276 quod
3078 5218 3257 5262 essent
3285 5209 3572 5277 recepturi.
3608 5207 3715 5278 Ego
3735 5209 3867 5261 enim
3891 5224 4021 5261 eram

2453 5300 2754 5353 concludens
2780 5301 2831 5351 in
2858 5314 3107 5352 carcerem
3132 5308 3178 5352 et
3216 5299 3430 5363 cwdens,
3464 5298 3653 5367 inquit.
3703 5297 3825 5352 Ideo
3874 5299 4023 5368 igitur

2455 5392 2689 5460 recipere
2720 5390 3038 5459 oportebat;
3081 5402 3133 5445 et
3182 5400 3360 5445 tamen
3393 5405 3495 5443 non
3526 5397 3864 5458 receperunt.
3907 5389 4024 5443 Ideo

2458 5482 2556 5537 hoc
2586 5484 2634 5535 in
2660 5482 2856 5537 exsmsi
2878 5484 3051 5549 discit,
3072 5498 3127 5538 se
3152 5500 3254 5537 non
3279 5483 3638 5551 recipiendum
3657 5497 3794 5537 esse.
3813 5482 3905 5535 llic
3927 5483 4025 5533 duo

2457 5575 2643 5643 probat
2674 5594 2683 5628 :
2717 5586 2769 5629 et
2796 5576 2936 5643 quod
2969 5593 3071 5629 non
3097 5578 3299 5645 possint
3329 5578 3570 5630 excusari
3596 5594 3609 5641 ;
3663 5590 3785 5628 nam
3841 5583 4023 5643 prater

2458 5666 2706 5721 decorum
2742 5676 2795 5719 et
2832 5676 3023 5733 praeter
3057 5669 3315 5720 rationem
3344 5669 3513 5735 ipsum
3546 5665 4021 5735 persequebantur;

2467 5767 2517 5811 et
2548 5759 2685 5829 quod
2718 5759 2852 5812 1)(15
2882 5768 3020 5813 esset
3048 5757 3315 5823 Christus,
3358 5774 3417 5813 ea
3457 5774 3573 5829 quae
3606 5765 3799 5826 praeter
3842 5770 4019 5823 exspc.
