4072 6434
600 415 703 473 883

593 528 891 598 ,βαστάσει
920 526 1000 581 τὸν
1026 519 1211 594 ὄνομά
1231 540 1348 592 μου
1368 539 1387 588 ;
1409 519 1730 584 Βαστάσει,
1753 517 1928 581 εἶπεν,
1956 517 2016 568 οὑ
2036 517 2251 577 πάντως

598 619 796 670 πείσει·
829 615 999 676 ἄλλως
1026 611 1082 664 δέ
1128 610 1372 664 Ἰουδαῖοι
1408 607 1638 677 ἀλλαχοῦ
1699 605 1797 676 μὲν
1839 604 2136 665 ἐπείθοντο,
2165 605 2252 655 ἐν-

596 703 772 757 ταῦθα
801 703 856 755 δὲ
884 702 1025 770 ούχί.
1057 700 1230 751 Ὅπου
1266 697 1495 768 μάλιστα
1541 694 1650 746 ἔδει
1696 691 2007 764 πεισθῆναι,
2047 690 2255 752 εἰδότας

600 789 758 843 αὐτοῦ
787 789 885 856 τὴν
912 787 1187 859 προτέραν
1220 782 1543 855 προθυμίαν,
1571 779 1805 832 ἐνταῦθα
1825 779 1923 832 οῦκ
1951 776 2250 831 ἐπείθοντο.

599 876 707 930 Καὶ
735 873 834 928 ὅτε
861 873 1122 943 ἐξεχεῖτο
1155 873 1221 924 τὸ
1273 865 1410 936 αἷμα
1454 866 1760 936 Στεφάνου
1812 864 1918 918 τοῦ
1953 863 2253 932 μάρτυρός

598 979 733 1025 σου,
767 959 864 1014 καί
885 959 1067 1025 αὐτὸς
1097 957 1257 1026 ἥμην
1297 952 1585 1022 ἐφεστὼς,
1640 952 1738 1006 καὶ
1769 948 2155 1005 συνευδοκῶν
2181 947 2254 1015 τῇ

598 1048 898 1116 ἀναιρέσει
916 1044 1120 1100 αὐτοῦ.
1161 1041 1304 1112 Ὅρα
1335 1039 1440 1093 ποῦ
1469 1039 1633 1094 πάλιν
1659 1039 1688 1092 ό
1726 1037 1879 1106 λόγος
1905 1036 2149 1105 τελευτᾷ,
2175 1036 2255 1095 είς

597 1137 658 1188 τὸ
687 1132 904 1204 ἰσχυρὸν
937 1129 1248 1198 κεφάλαιον.
1305 1127 1558 1180 Δείκνυσι
1614 1126 1744 1198 γὰρ,
1800 1126 1881 1178 ὅτι
1922 1123 2083 1186 αὐτὸς
2129 1118 2198 1193 ἦν
2225 1123 2253 1173 6

599 1221 858 1284 ἐλαύνων,
881 1221 972 1272 καὶ
999 1218 1097 1271 οὐκ
1127 1215 1415 1270 ἐλαύνωνι
1468 1215 1645 1285 μόνον,
1704 1213 1838 1266 ἀλλά
1893 1213 1984 1265 καὶ
2031 1211 2252 1281 μυρίαις

598 1309 783 1378 χερσὶν
860 1304 1099 1374 ἀναιρῶν
1164 1303 1256 1357 τὸν
1305 1302 1595 1371 Στέφανον.
1660 1301 2000 1370 ’Υπέμνησεν
2057 1299 2255 1360 αὐτοὺς

603 1392 910 1464 μιαιφονίας
953 1391 1216 1461 χαλεπῆς.
1263 1391 1395 1441 Τότε
1457 1387 1519 1456 δὴ
1567 1387 1798 1458 μάλιστα
1855 1386 1955 1438 ούκ
1989 1385 2250 1455 ἧνεγκαν,

600 1479 785 1549 ἐπειδὴ
846 1477 1006 1531 τοῦτο
1054 1477 1279 1548 ήλεγχεν
1333 1474 1548 1536 αὐτούς·
1584 1475 1676 1526 καὶ
1729 1470 1895 1541 ήδηὴ
1949 1469 2253 1541 προφητεία

599 1560 918 1633 ἐπληροῦτο.
956 1558 1017 1614 ’0
1059 1560 1218 1630 ζῆλος
1271 1559 1448 1609 τοίνυν
1504 1555 1690 1617 πολὺς,
1724 1557 1819 1606 καὶ
1861 1555 1894 1624 ή
1956 1551 2251 1622 κατηγορία

603 1650 825 1720 σφοδρὰ,
871 1648 964 1702 καὶ
1017 1648 1067 1700 οἱ
1117 1647 1393 1717 μάρτυρες
1429 1644 1527 1712 τῆς
1577 1640 1832 1712 ἀληθείας
1869 1641 1965 1694 τοῦ
2015 1638 2249 1710 Χριστοῦ

601 1736 880 1807 παρρησίᾳ
907 1733 1296 1804 διαλεγόμενοι.
1342 1729 1480 1784 Ἀλλ’
1508 1731 1556 1782 οί
1593 1728 1831 1781 Ἰουδαῖοι
1851 1727 1949 1780 ούκ
1965 1727 2252 1797 ἠνέσχοντο

599 1819 780 1874 λοιπὸν
796 1822 972 1891 πάσης
990 1819 1218 1873 ἀκοῦσαι
1235 1819 1332 1888 τῆς
1347 1814 1828 1888 δημηγορίας,ἀλλ’
1847 1814 1951 1866 ὑπὸ
1970 1813 2061 1865 τοῦ
2078 1810 2250 1882 θυμοῦ

601 1905 1227 1978 σφόδρα.ἐμπρησθὲντες
1253 1905 1279 1943 b
1315 1902 1499 1956 ἐϐόων.
1521 1903 1631 1956 Kal
1680 1897 1810 1955 εἷπε
1835 1901 1982 1968 πρός
2013 1915 2107 1968 με’
2138 1901 2251 1951 Πο-

591 1996 801 2061 ρεύου,
822 1992 854 2045 ὅ
861 2010 910 2046 τι
927 1991 1040 2063 ἐγὼ
1057 1995 1143 2058 είς
1158 1991 1300 2057 ἔθνη
1311 1991 1546 2059 μακρὰν
1559 1988 1875 2044 ἀποστελῶ
1890 2003 1982 2040 σε.
1993 1988 2253 2040 Ἤκουον

599 2078 861 2133 δὲαὺτοῦ
901 2078 1036 2147 ἄχρι
1090 2077 1195 2130 τοῦ
1242 2077 1425 2146 λόγου
1456 2079 1691 2140 τούτου,
1731 2075 1828 2128 καί
1862 2072 2096 2141 ἐπῆραν
2138 2071 2252 2140 τὴν

597 2167 805 2235 φωνὴν
834 2163 1049 2229 αὐτῶν,
1066 2163 1360 2232 λέγοντεςι
1385 2159 1523 2231 Αἶρε
1536 2162 1652 2217 ἀπὸ
1669 2161 1782 2230 τῆς
1805 2160 1918 2231 τῆς
1941 2161 2048 2213 τὸν
2064 2158 2252 2212 τοιοῦ-

597 2267 725 2305 τον·
745 2254 816 2305 οὐ
845 2251 953 2321 γὰρ
983 2249 1239 2316 καθῆκεν
1263 2251 1446 2302 αὐτὸν
1464 2249 1586 2316 ζῇν.
1607 2247 1946 2317 Κραζόντων
1971 2246 2039 2299 δὲ
2058 2244 2254 2300 αὐτῶν

599 2339 694 2391 καί
720 2338 1093 2406 ῥιπτούντων
1113 2335 1182 2388 τὰ
1206 2335 1421 2403 Ιμάτια,
1450 2334 1542 2387 καὶ
1567 2334 1880 2402 κονιορτὸν
1893 2335 2253 2397 βαλλόντων

598 2425 684 2490 είς
708 2424 814 2476 τὸν
836 2423 1001 2490 ἀέρα,
1025 2420 1350 2474 ἐκέλευσεν
1384 2423 1417 2474 ό
1438 2422 1746 2488 χιλίαρχος
1769 2419 2111 2488 εἰσάγεσθαι
2139 2422 2247 2472 αὐ-

597 2510 703 2562 τόν
736 2511 820 2576 είς
850 2508 964 2575 τὴν
1015 2506 1420 2575 παρεμϐολὴν,
1477 2506 1659 2559 είπὼν
1708 2505 1993 2574 μάστιξιν
2046 2504 2251 2557 ἀνετά-

597 2595 790 2655 ζεσθαι
816 2593 1020 2656 αὑτὸν,
1044 2593 1144 2644 ἳνα
1179 2590 1315 2657 γνῷ,
1349 2592 1420 2644 δι’
1462 2591 1540 2658 ἢν
1563 2592 1757 2646 αἰτίαν
1786 2592 1938 2644 οὕτω
1960 2591 2251 2643 κατεϐόων

594 2682 800 2736 αὐτοῦ.
834 2681 943 2733 Kal
976 2679 1066 2731 τὸν
1107 2678 1380 2748 χιλίαρχον
1409 2678 1525 2730 δέον
1551 2677 1822 2743 ἐξετάσαι,
1871 2677 1935 2734 εί,
1957 2677 2130 2730 ταῦτα
2159 2676 2250 2728 ού-

600 2786 705 2830 τως
735 2767 870 2838 ἔχοι,
910 2768 944 2837 ἢ
983 2767 1078 2818 καὶ
1135 2766 1335 2828 αὐτοὺς
1392 2763 1652 2826 ἐκείνους
1712 2768 1738 2817 6
1769 2765 1823 2817 δὲ
1873 2765 2036 2834 μηδὲν
2091 2764 2252 2814 πλέον

595 2859 861 2923 ποιήσας,
933 2851 1180 2923 μάστιξιν
1252 2851 1534 2913 ἀνετάζειν
1600 2851 1764 2905 αὑτὸν
1832 2849 2246 2918 ἐπαγγέλλεται.

607 2940 917 2994 Ἐκέλευσε
958 2940 1066 3010 γὰρ
1095 2938 1302 3003 αὐτὸν,
1361 2939 1544 3007 φησὶν,
1596 2937 1943 3008 εἰσάγεσθαι
1999 2939 2086 3004 εὶς
2137 2937 2251 3004 τὴν

594 3027 998 3096 παρεμϐολὴν,
1038 3025 1221 3079 είπὼν
1273 3013 1560 3094 μάστιξιν
1611 3023 1991 3083 ἀνετάζεσθαι
2039 3025 2247 3089 αὑτὸν,

593 3113 699 3172 ἵνα
723 3110 862 3182 γνῷ,
892 3111 965 3164 δι’
1017 3109 1094 3178 ἣν
1115 3111 1310 3164 αἰτίαν
1349 3109 1501 3162 οὕτω
1530 3119 1551 3147 ε
1580 3110 1872 3162 κατεϐόων
1901 3109 2104 3163 αὑτοῦ.
2142 3110 2252 3163 Καὶ

597 3201 703 3270 μὴν
735 3202 864 3270 παρ’
885 3199 1106 3250 ἐκείνων
1134 3197 1238 3248 ἔδει
1287 3195 1482 3266 μαθεῖν
1533 3194 1641 3248 τῶν
1702 3194 2118 3261 καταϐοώντων,
2156 3197 2252 3250 καὶ

592 3285 863 3357 ἐρωτῆσαι
883 3285 936 3338 ετ
955 3300 1098 3345 τινος
1131 3282 1236 3334 τῶν
1290 3282 1594 3352 εἰρημένων
1639 3281 2098 3352 ἐπελαμϐάνοντο·
2134 3284 2248 3336 ἀλλ’

594 3371 780 3432 ἁπλῶς
808 3373 875 3441 τῇ
897 3368 1112 3439 ἐξουσία
1133 3371 1347 3439 χρᾶται,
1369 3369 1462 3420 καὶ
1486 3367 1711 3431 ἐκείνοις
1741 3368 1875 3439 πρὸς
1891 3370 2050 3440 χάριν
2080 3373 2246 3423 ποιεῖ·

592 3460 653 3512 ού
695 3457 801 3527 γὰρ
834 3457 990 3510 τοῦτο
1014 3455 1216 3526 ἐζήτει,
1259 3456 1406 3519 ὅπως
1435 3454 1658 3519 δικαίως
1704 3473 1756 3510 τι
1806 3456 2084 3526 πράξειεν,
2134 3458 2247 3511 ἀλλ’

593 3548 740 3609 ὅπως
760 3543 988 3597 παύσειε
1037 3543 1128 3595 τὸν
1169 3543 1392 3596 ἐκείνων
1435 3543 1603 3613 θυμὸν
1658 3543 1844 3596 ἄδικον
1894 3543 2023 3599 ὂντα
2073 3545 2244 3618 [359].

602 3635 699 3697 Ὠς
722 3631 789 3685 δὲ
817 3630 1203 3698 προσέτεινον
1217 3629 1402 3683 αὐτὸν
1422 3630 1542 3695 τοῖς
1563 3628 1790 3698 ἱμᾶσιν,
1812 3628 1942 3685 εἷπε
1962 3635 2109 3701 πρὸς
2143 3634 2250 3687 τὸν

590 3717 819 3772 ἑστῶτα
874 3717 1330 3785 ἑκατόνταρχονο
1375 3720 1442 3770 El
1493 3718 1803 3784 ἄνθρωπον
1844 3719 2122 3788 Ῥωμαῖον
2148 3722 2245 3774 καί

589 3806 984 3874 ἀκατάκριτον
1013 3807 1254 3870 ἔξεστιν
1288 3804 1427 3874 ὑμῖν
1442 3804 1750 3872 μαστίζειν
1769 3821 1788 3869 ;
1827 3807 1940 3859 Οὐκ
1980 3807 2249 3876 ἐψεύσατο

591 3893 823 3956 Παῦλος,
852 3894 929 3964 μὴ
958 3893 1190 3960 γένοιτο,
1244 3892 1506 3960 Ῥωμαῖον
1533 3891 1721 3944 ἐαυτὸν
1744 3891 1934 3944 εἰπών·
1979 3892 2247 3964 Ῥωμαῖος

589 3980 697 4048 γὰρ
717 3975 803 4049 ἦν·
837 3979 918 4031 διὸ
944 3980 1036 4032 καὶ
1054 3981 1081 4031 ό
1101 3977 1372 4047 χιλίαρχος
1395 3977 1631 4038 ἀκούσας
1665 3976 1928 4044 φοϐεῖται.
1956 3980 2063 4031 Kal
2079 3980 2244 4045 τίνος,

590 4069 773 4138 φησὶν,
801 4067 982 4119 ἕνεκεν
1003 4064 1243 4134 ἐφοϐήθη
1265 4081 1279 4129 ;
1301 4067 1368 4117 El
1384 4064 1625 4126 ἔξεστιν
1652 4064 1792 4134 ὑμῖν
1817 4065 2021 4135 ἕτερον,
2042 4066 2246 4120 ἔδεισεν

590 4157 677 4216 ἂν,
707 4153 783 4223 μὴ
815 4151 925 4221 ἁλῷ
957 4152 1050 4204 καὶ
1076 4150 1293 4219 μείζονα
1330 4148 1484 4214 δίκην
1663 4149 1772 4202 Καὶ
1805 4150 2036 4220 ὄρα,οὐχ
2059 4152 2245 4216 ἁπλῶς

591 4256 774 4309 φησιν,
801 4237 936 4301 ἀλλ’,
970 4237 1032 4288 Εί
1063 4236 1271 4299 ἔξεστιν
1294 4237 1455 4305 ὑμῖν;
1484 4234 1586 4287 Δύο
1605 4236 1674 4288 τά
1703 4236 2044 4306 ἐγκλήματα,
2073 4239 2245 4292 καὶτὸ

591 4330 717 4382 ἄνευ
745 4325 925 4391 λόγου,
960 4324 1054 4376 καὶ
1087 4322 1428 4393 τὺῬωμαῖον
1443 4323 1590 4375 δντα.
1613 4321 1869 4392 Μεγάλην
1882 4318 2026 4392 εἶχον
2040 4325 2243 4394 ταύτην

588 4413 708 4464 τότε
764 4411 1062 4483 προνομίαν
1101 4410 1151 4461 οἱ
1192 4409 1498 4478 ἀξιούμενοι
1550 4407 1691 4460 οὕτω
1726 4408 2025 4462 καλεῖσθαν
2050 4413 2143 4464 καὶ
2182 4412 2243 4464 ού

590 4499 788 4561 πάντες
835 4500 1022 4551 τούτου
1075 4498 1390 4566 ἐτύγχανον·
1443 4497 1550 4549 ἀπὸ
1604 4497 1712 4566 γὰρ
1775 4496 2056 4567 ’Δδριανοῦ
2111 4515 2242 4566 φασι

589 4586 797 4648 πάντας
847 4585 1151 4655 Ῥωμαίους
1215 4584 1603 4654 ὀνομασθῆναι,
1664 4583 1724 4635 τὸ
1768 4582 1823 4636 δὲ
1875 4584 2099 4637 παλαιὸν
2143 4588 2241 4656 οὺχ

589 4673 756 4736 οὓτως
788 4668 874 4744 ἦν.
911 4672 980 4727 Ἦ
1009 4673 1102 4727 καὶ
1139 4671 1405 4741 Ῥωμαῖον
1446 4670 1638 4724 ἑαυτὸν
1675 4666 1849 4735 εἶπεν,
1888 4671 1974 4724 ἵνα
2006 4670 2240 4743 διαφύγῃ

586 4759 685 4829 τὴν
713 4759 996 4828 τιμωρίανο
1031 4759 1500 4828 εὐκαταφρόνητος
1531 4758 1637 4828 γὰρ
1670 4758 1736 4810 ἂν
1795 4759 2010 4827 ἐγένετο
2044 4777 2240 4828 μαστι-

590 4845 736 4915 χθείς
758 4861 770 4874 ο
803 4843 897 4896 νῦν
919 4843 975 4895 δέ
998 4843 1158 4897 τοῦτο
1193 4843 1383 4908 εἰπὼν,
1409 4845 1486 4906 εἰς
1510 4845 1732 4897 πλείονα
1760 4844 1954 4908 αὐτοὺς
1981 4846 2239 4915 ἐμϐάλλει

587 4931 771 4998 φόϐον.
800 4931 860 4984 El
894 4931 949 4983 δὲ
975 4931 1290 5001 ἐμάστιξαν,
1309 4931 1400 4982 καὶ
1431 4930 1777 5001 παρέτρεψαν
1807 4931 1871 4984 ἂν
1901 4931 1960 4983 τὸ
1989 4935 2236 5003 πρᾶγμα,

586 5017 619 5087 ἢ
646 5017 736 5070 καλ⁸
761 5018 1086 5071 ἀπέκτειναν
1115 5018 1294 5074 αὐτόν·
1327 5017 1420 5069 νῦν
1454 5018 1510 5070 δὲ
1539 5019 1636 5086 οὐχ
1669 5017 1811 5071 οὓτω
1835 5019 2062 5086 γίνεται.
2101 5021 2238 5090 Ὅρα

586 5107 704 5171 πῶς
725 5108 753 5159 6
779 5107 912 5172 Θεὸς
955 5112 1224 5179 συγχωρεῖ
1257 5107 1351 5163 καὶ
1388 5106 1740 5176 ἀνθρωπίνως
1768 5107 1932 5162 πολλά
1965 5109 2235 5176 γενέσθαι,

587 5194 678 5246 καλ⁵
711 5194 795 5247 ἐπ’
822 5195 999 5247 αὐτῶν
1028 5194 1245 5247 καὶτῶν
1267 5194 1487 5248 λοιπῶν.
1535 5194 1591 5246 '0
1615 5194 1670 5246 δὲ
1705 5195 1982 5265 χιλίαρχος
2009 5198 2239 5265 ἀποκριι

587 5281 718 5344 θεὶς,
743 5282 822 5334 ὅτι
853 5281 1093 5336 Πολλοῦ
1127 5283 1456 5349 κεφαλαίου
1511 5281 1622 5347 τὴν
1681 5283 1989 5334 πολιτείαν
2013 5284 2240 5350 ταύτην

584 5367 954 5434 ἐκτησάμην,
987 5368 1258 5420 δείκνυσιν
1294 5366 1632 5420 ὑποπτεῦσαι
1672 5368 1939 5436 πρόφασιν
1986 5366 2126 5422 εἶναι
2178 5373 2238 5423 τὸ

586 5458 758 5507 εἰπεῖν
791 5456 980 5507 ἐαυτὸν
1036 5455 1302 5526 Ῥωμαῖον
1352 5455 1440 5508 τὸν
1483 5454 1712 5507 Παῦλον
1765 5457 1856 5507 καὶ
1904 5457 2034 5520 ἴσως
2084 5459 2236 5511 τοῦτο

586 5540 853 5594 ὑπέλαϐεν
889 5542 1002 5594 ἀπὸ
1045 5543 1140 5613 τῆς
1174 5542 1449 5613 λιτότητος
1483 5542 1694 5596 Παύλου
1745 5542 1844 5610 τῆς
1888 5546 2231 5616 φαινομένης.

598 5631 890 5692 Ἀκούσας
930 5628 996 5680 δὲ
1049 5633 1080 5682 ό
1133 5631 1578 5698 ἑκατόνταρχος,
1627 5629 1975 5696 προσελθὼν
2017 5631 2095 5696 τῷ
2151 5651 2234 5700 χι-

648 5794 674 5856 ῆ
700 5793 790 5839 Καὶ
811 5792 1134 5856 οὑκ-έλαύνων
1162 5793 1328 5856 rdeesl
1357 5795 1406 5842 in
1455 5795 1754 5856 quibusdam.
1824 5795 1850 5834 ι)
1875 5796 2026 5853 Unus,
2053 5797 2230 5856 ἐμπλη-

588 5853 882 5975 ξῗένὲῗὲἰιωῐ
908 5853 994 5902 Hic
1033 5855 1250 5916 quaedam
1292 5853 1494 5905 deeraul
1516 5856 1563 5906 in
1591 5857 1783 5918 Μυῖα,
1819 5872 1927 5920 quae
1951 5870 2011 5907 ex
2039 5853 2232 5907 caneris

618 5930 627 5958 ὶ
669 5954 673 5957 .
884 5950 894 5961 ι

1370 405 1426 464 S.
1458 403 1738 463 JOANNIS
1771 400 2260 465 CHRYSOSTOMI
2303 399 2615 455 ARCIHEP.
2648 392 3196 468 (IONSTANTINOP.

3915 388 4013 442 εει

2358 514 2583 582 λιάρκῳ
2612 511 2959 582 ἀπήγγειλε,
2996 512 3207 580 λέγων·
3247 509 3392 575 Ὅρα
3419 507 3477 558 τί
3495 503 3504 507 ’
3521 504 3766 574 μέλλεις
3798 503 4011 556 ποιεῖν’

2357 604 2390 654 ό
2417 602 2524 669 γὰρ
2554 599 2862 666 ἄνθρωπος
2917 594 3094 662 οὗτος
3137 595 3412 663 Ῥωμαῖός
3445 593 3594 646 ἐστι.
3655 591 4016 658 Προσελθὼν

2353 687 2420 740 δὲ
2451 690 2483 741 ό
2503 687 2814 755 χιλίαρχος
2830 682 3000 738 εἶπεν
3036 683 3216 748 αὐτῷ·
3238 680 3383 751 Λέγε
3392 697 3511 749 μοι,
3538 682 3589 732 ει
3619 677 3698 732 σὺ
3735 677 4014 746 Ῥωμαῖος

2353 769 2440 838 sl;
2484 774 2545 825 Ὀ
2609 773 2674 826 δὲ
2724 771 2860 839 ἔφη’
2910 771 3043 825 Ναί.
3087 770 3388 836 Ἀπεκρίθη
3415 771 3446 821 ό
3480 766 3806 834 χιλίαρχος·
3872 761 4017 831 Ἐγὼ

2353 861 2584 915 πολλοῦ
2623 859 2952 928 κεφαλαίου
2985 857 3100 923 τὴν
3123 855 3436 909 πολιτείαν
3489 855 3712 916 ταύτην
3753 850 4015 915 ἐκτησά-

2348 961 2492 1014 μην.
2537 944 2589 994 Ὀ
2623 943 2690 995 δὲ
2708 942 2949 1006 Παῦλός
2976 955 3184 1010 φησιν·
3245 938 3392 1006 Ἐγὼ
3417 936 3484 990 δὲ
3511 939 3605 990 καί
3636 935 4011 1004 γεγέννημαι..

2353 1030 2586 1095 Εὐθέως
2613 1029 2680 1083 δὲ
2707 1027 3065 1092 ἀπέστησαν
3107 1026 3209 1080 ἀπ’
3233 1024 3418 1079 αὑτοῦ
3451 1027 3504 1076 οί
3539 1023 3868 1091 μέλλοντες
3913 1023 4017 1075 ἁν-

2351 1111 2576 1178 ετάζειν
2600 1117 2805 1171 αὐτόν.
2830 1116 2936 1170 Kal
2959 1119 2989 1169 ό
3009 1116 3320 1184 χιλίαρχος
3347 1111 3682 1179 δὲέροϐήθη
3707 1108 4014 1178 ἐπιγνοὺς,

2353 1204 2443 1258 ὅτι
2478 1205 2757 1273 Ῥωμαῖός
2783 1205 2934 1267 ἐστι,
2959 1203 3054 1256 καί
3105 1201 3190 1254 ὅτι
3220 1197 3297 1270 ἦν
3323 1200 3508 1254 αὐτὸν
3554 1197 3830 1264 δεδεκώς.
3869 1196 4017 1264 Ἐγὼ

2353 1292 2708 1363 δέ,φησὶ,καί
2733 1293 3263 1362 γεγέννημαι.”Αρα
3286 1292 3378 1343 καὶ
3409 1287 3611 1359 πατρὸς
3639 1284 4013 1357 ἧνῬωμαίου.

2353 1380 2419 1432 Τί
2460 1375 2552 1432 οὖν
2607 1379 2714 1442 ἀπὸ
2759 1379 2954 1431 τούτου
2999 1378 3242 1446 γίνεται;
3285 1376 3464 1438 Λύσας
3503 1377 3812 1444 κατήγαγεν
3852 1373 4018 1426 αὑτὸν

2353 1467 2488 1538 πρὸς
2512 1467 2636 1528 τοὺς
2671 1466 2975 1528 Ἰουδαίους.
3034 1463 3221 1526 Οὕτως
3263 1464 3361 1515 οὐκ
3393 1458 3461 1532 ἦν
3503 1461 3696 1531 ψεῦδος
3739 1462 3798 1514 τὸ
3839 1462 4016 1512 είπεῑν

2353 1554 2540 1606 ἐαυτὸν
2578 1553 2866 1624 Ῥωμαῖον,
2892 1553 2972 1605 ὅτι
3001 1551 3094 1605 καὶ
3123 1549 3380 1604 ἀπώνατο
3409 1551 3502 1602 ἀπ’
3533 1549 3696 1602 αὑτοῦ
3721 1548 3902 1611 λυθεὶς
3926 1548 4019 1600 τοῦ

2352 1639 2570 1711 δεσμοῦ·
2607 1641 2700 1694 καὶ
2733 1640 2868 1704 πῶς,
2901 1639 3086 1693 ἀκουε·
3142 1636 3226 1706 Τῇ·
3246 1637 3313 1689 δὲ
3341 1637 3625 1703 ἐπαύριον
3639 1636 4021 1704 ,βουλόμενος

2353 1728 2574 1798 γνῶναι
2619 1727 2684 1780 τὸ
2734 1728 3030 1797 ἀσφαλὲς,
3086 1725 3152 1779 τὸ
3209 1725 3263 1777 τί
3307 1725 3712 1792 κατηγορεῖται
3745 1724 3865 1778 ὑπὸ
3899 1722 4020 1776 τῶν

2366 1817 2470 1870 Ἰοι
2489 1815 2686 1881 Ξαίων,
2719 1815 2946 1868 ἔλυσεν
2972 1812 3178 1877 αὑτὸν,
3226 1812 3322 1865 καὶ
3369 1811 3656 1866 ἐκέλευσε
3693 1810 4023 1865 συνελθεῖν

2354 1901 2493 1967 τοὺς
2520 1903 2808 1969 ἀρχιερεῖς
2847 1899 2944 1954 καί
2992 1898 3114 1954 πᾶν
3147 1900 3212 1952 τὸ
3239 1898 3581 1966 συνέδριον⁸
3627 1899 3722 1950 καὶ
3762 1915 4025 1966 καταγα·

2353 1983 2473 2052 τὼν
2510 1985 2613 2037 τὸν
2641 1983 2904 2048 Παῦλον,
2933 1983 3197 2048 ἔστησεν
3230 1985 3314 2049 εὶς
3335 1983 3574 2048 αὐτούς.
3620 1983 3929 2046 Ἀτενίσας
3958 1981 4026 2032 δὲ

2353 2070 2590 2135 Παῦλος
2629 2069 2709 2135 τῷ
2736 2069 3030 2138 συνεδρίῳ
3057 2065 3242 2122 εἶπεν.
3282 2069 3482 2122 υύκέτι
3511 2070 3643 2139 πρὸς
3681 2068 3770 2121 τὸν
3801 2068 4025 2138 χιλεαρα

2354 2175 2466 2227 χον,
2503 2158 2637 2210 ἀλλά
2689 2157 2822 2228 πρὸς
2866 2157 2927 2210 τὸ
2955 2156 3156 2228 πλῆθος
3188 2156 3281 2210 καὶ
3311 2157 3401 2209 τὸν
3431 2156 3601 2227 δῆμον
3635 2156 3809 2208 πάντα
3837 2155 4025 2207 διαλέ-

2353 2263 2523 2315 γεται.
2553 2247 2659 2300 Kal
2675 2247 2725 2298 τί
2754 2262 2950 2315 φησιν;
2983 2245 3221 2311 Ἄνδρες
3244 2243 3512 2311 ἀδελφοί,
3539 2244 3650 2312 ἐγὼ
3666 2241 3832 2310 πάσῃ
3869 2258 4025 2295 συν-

2351 2334 2581 2400 ειδήσει
2652 2332 2846 2403 ἀγαθῇ
2876 2333 3302 2399 πεπολίτευμαι
3326 2329 3404 2394 τῷ
3432 2329 3550 2394 Θεῷ
3609 2328 3745 2397 ἄχρι
3795 2331 4026 2394 ταύτης

2352 2419 2462 2489 τῆς
2492 2421 2737 2489 ἡμέρας.
2779 2422 2843 2475 Ὃ
2873 2420 3041 2488 λέγει,
3066 2419 3223 2472 τοῦτό
3254 2420 3420 2470 ἐστιν’
3442 2419 3514 2470 Ού
3544 2417 3758 2469 σύνοιδα
3792 2417 4028 2487 ἐμαυτῷ

2352 2525 2403 2561 τι
2438 2506 2717 2576 ἠδικηκὼς
2743 2507 2906 2576 ὑμᾶς.
2932 2506 3052 2559 ούδέ
3077 2505 3225 2569 ἀξιον
3247 2505 3354 2556 τῶν
3376 2504 3590 2575 δεσμῶν
3610 2504 3816 2557 τούτων
3853 2507 4030 2575 πράτ-

2352 2611 2480 2647 των.
2515 2595 2581 2647 Τί
2613 2590 2704 2646 οὖν
2734 2596 2762 2646 6
2793 2593 3120 2663 ἀρχιερεύς;
3151 2593 3277 2644 Δέον
3306 2591 3673 2662 κατανυγῆναι
3715 2593 3800 2660 ἐφ’
3829 2587 3915 2655 οἷς
3946 2596 4027 2655 εἰς

2353 2681 2511 2752 χάριν
2547 2681 2726 2734 αὐτῶν
2753 2680 2954 2742 ἀδίκως
2979 2679 3210 2742 ἐδέδετο,
3256 2681 3284 2732 ό
3334 2679 3389 2732 δὲ
3432 2681 3525 2732 καὶ
3574 2679 4024 2750 προσεπιτίθησι,

2355 2769 2446 2819 καὶ
2467 2767 2677 2820 κελεύει
2710 2765 3006 2818 τύπτεσθαι
3029 2765 3209 2818 αύτόν·
3239 2766 3266 2817 ὃ
3291 2768 3383 2818 καὶ
3406 2767 3560 2835 δῆλον
3585 2765 3642 2830 ἐξ
3673 2759 3747 2818 ὧν
3796 2767 4028 2836 ὑπήγα-

2352 2869 2464 2921 γεν.
2511 2852 2572 2905 '0
2609 2851 2677 2905 δὲ
2733 2852 3044 2920 ἀρχιερεὺς
3122 2852 3399 2917 Ἀνανίας
3453 2852 3577 2919 τοῖς
3631 2853 4028 2920 παρεστῶσιν

2350 2939 2538 2992 αὑτὸν
2570 2938 2821 3002 ἐπέταξε
2868 2939 3114 2991 τύπτειν
3153 2939 3340 2992 αὑτοῦ
3385 2939 3450 2991 τὸ
3502 2941 3711 3008 στόμα.
3744 2940 3905 2994 Καλὰ
3940 2959 4025 3009 γε·

2351 3025 2598 3095 ἐπιεικὴς
2629 3028 2656 3079 6
2675 3027 2978 3096 ἀρχιερεύς.
3014 3028 3151 3079 Τότε
3177 3029 3208 3079 ό
3226 3025 3465 3090 Παῦλος
3482 3027 3628 3094 πρὸς
3652 3029 3846 3081 αὑτὸν
3863 3025 4026 3081 εἶπεο

2355 3113 2504 3186 [560]
2538 3115 2787 3167 Τύπτειν
2809 3128 2882 3165 σε
2907 3113 3118 3180 μέλλει
3138 3117 3170 3167 ό
3203 3114 3366 3178 Θεὸς,
3403 3114 3566 3184 τοῖχε
3604 3117 4026 3182 κεκονιαμένε.

2351 3201 2457 3252 Kal
2487 3199 2567 3252 σὺ
2602 3198 2752 3267 κάθῃ
2779 3197 2996 3266 κρίνων
3028 3215 3099 3266 με
3121 3200 3271 3253 κατὰ
3309 3201 3415 3254 τὸν
3443 3205 3649 3271 νόμον,
3695 3202 3795 3255 καὶ
3826 3220 4029 3270 παρα-

2351 3284 2550 3351 νομῶν
2583 3285 2845 3350 κελεύεις
2895 3300 2972 3352 με
3021 3287 3346 3340 τύπτεσθαι
3359 3304 3378 3352 ;
3430 3291 3492 3341 Ol
3536 3288 3603 3340 δέ
3633 3289 4029 3356 παρεστῶτες

2350 3368 2543 3426 εἷπον·
2578 3373 2688 3425 Τὸν
2704 3369 2977 3439 ἀρχιερέα
3006 3371 3112 3425 τοῦ
3143 3373 3290 3427 Θεοῦ
3347 3373 3672 3441 λοιδορεῖς;
3699 3376 3860 3443 Ἔφη
3904 3393 3971 3430 τε
3998 3381 4030 3431 ό

2349 3460 2608 3524 Παῦλος·
2642 3459 2761 3511 Οὐκ
2798 3456 2990 3525 ᾔδειν,
3023 3457 3294 3527 ἀδελφοὶ,
3348 3461 3437 3514 ὅτι
3468 3462 3638 3514 ἐστίν
3679 3462 4026 3530 ἀρχιερεύς·

2349 3546 2673 3616 γέγραπται
2707 3542 2838 3612 γάρ’
2879 3543 3176 3612 Ἄρχοντα
3215 3547 3321 3601 τοῦ
3350 3547 3502 3602 λαοῦ
3546 3562 3662 3601 σου
3713 3551 3829 3601 οὐκ
3867 3550 4033 3619 ἐρεῖς

2348 3651 2561 3697 κακῶς.

2423 3721 2488 3790 β’.
2511 3720 2671 3784 Τινές
2692 3721 2790 3790 μέν
2820 3718 2912 3776 οῦν
2933 3740 3114 3792 φασιν,
3147 3723 3227 3776 ὅτι
3248 3721 3403 3785 εἰδὼς
3422 3725 3790 3793 είρωνεύεται·
3816 3725 3950 3795 ἐμοὶ
3973 3727 4032 3778 δὲ

2346 3804 2510 3867 δοκεῖ,
2526 3805 2604 3857 ὅτι
2622 3805 2742 3858 οὐδὲ
2759 3805 2893 3870 ὅλως
2915 3807 3048 3876 ᾔδει,
3065 3808 3144 3860 ὅτι
3161 3808 3308 3860 ἐστὶν
3325 3809 3633 3879 ἀρχιερεύς
3652 3805 3685 3880 ἦ
3707 3809 3817 3879 γάρ
3838 3810 3907 3862 ἂν
3935 3813 4034 3864 καὶ

2347 3891 2595 3963 ἐτίμησεο
2627 3892 2708 3946 διὸ
2734 3893 2822 3947 καὶ
2851 3895 3194 3963 ἀπολογεῖται
3223 3895 3297 3958 ὡς
3325 3898 3655 3968 κατηγορίας
3685 3897 3858 3969 οὔσης
3882 3941 3897 3964 ,
3933 3902 4033 3952 καὶ

2348 3978 2560 4045 ἐπάγεν
2571 3979 2866 4046 Ἀρχοντα
2885 3981 2988 4034 τοῦ
3000 3980 3152 4034 λαοῦ
3165 3996 3280 4035 σου
3293 3984 3401 4036 οὐκ
3416 3983 3568 4051 ἐρεῖς
3579 3985 3795 4050 κακῶς.
3815 3987 3883 4039 Τί
3905 3983 4030 4052 οὖν;

2346 4066 2511 4133 φησίν
2535 4085 2545 4094 ·
2572 4066 2619 4117 εί
2648 4065 2756 4136 γὰρ
2791 4065 2864 4136 μὴ
2893 4065 3072 4137 ἄρχων
3098 4063 3186 4138 ἦν,
3207 4067 3366 4121 ἀλλον
3398 4069 3581 4133 ἁπλῶς
3609 4070 3858 4140 ὑϐρίζειν
3889 4073 4030 4136 ἐδει;

2345 4149 2630 4219 Οὐδαμῶς,
2654 4151 2790 4203 ἀλλά
2815 4153 2908 4204 καὶ
2931 4151 3285 4222 ὑϐριζόμενον
3310 4155 3506 4223 μᾶλλον
3532 4157 3796 4223 ἐνεγκεῖν.
3831 4158 4031 4222 ’Ἄξιον

2343 4235 2398 4288 δὲ
2421 4237 2674 4306 ζητῆσαι,
2701 4238 2816 4300 πῶς
2849 4238 3081 4308 ἀλλαχοῦ
3108 4240 3135 4290 6
3163 4239 3322 4302 αὐτὸς
3343 4240 3536 4308 λέγων,
3560 4242 4033 4312 Λοιδορούμενοι

2343 4323 2728 4392 εὐλογοῦμεν,
2764 4324 3108 4393 διωκόμενοι
3140 4327 3491 4394 ἀνεχόμεθα,
3528 4327 3756 4380 ἐνταῦθα
3785 4333 4028 4385 τούνανο

2342 4410 2457 4462 τίον
2485 4414 2628 4462 ποιεῖ
2646 4410 2695 4476 ά,
2726 4412 2821 4464 καὶ
2851 4413 2911 4464 οὐ
2939 4411 3258 4486 λοιδορεῖται
3286 4414 3464 4482 μόνον,
3500 4413 3634 4466 ἀλλά
3672 4415 3764 4466 καὶ
3800 4418 4049 4489 ἐπαρεῖ-η

2342 4514 2464 4563 ταις
2501 4499 2713 4566 Ἀπαγε
2736 4538 2752 4565 ,
2805 4498 3082 4568 οὐδέτερον
3117 4498 3320 4552 τούτων
3369 4499 3616 4568 φαίνεται
3654 4505 3989 4572 πεποιηκώς
4011 4525 4026 4538 ·

2344 4581 2575 4651 ἀλλάτῷ
2605 4583 2844 4650 ἀκριϐῶς
2883 4584 3173 4637 σκοποῦντι
3216 4584 3528 4656 παρρησίας
3562 4586 3763 4656 μᾶλλόν
3795 4590 3923 4643 ἐστι
3957 4594 4027 4646 τὰ

2345 4670 2565 4740 ῥήματα
2587 4672 2618 4740 ἢ
2639 4672 2833 4741 θυμοῦ·
2859 4671 3033 4733 ἄλλως
3055 4670 3110 4722 δέ
3139 4672 3238 4723 οὐκ
3262 4671 3511 4725 ἐϐούλετο
3532 4673 4026 4749 εὐκαταφρόνητος

2342 4757 2574 4826 φανῆναι
2615 4757 2692 4826 τῷ
2717 4758 3000 4828 χιλιάρχῳ.
3035 4758 3096 4809 El
3127 4757 3235 4828 γάρ
3265 4758 3427 4822 αὐτὸς
3457 4759 3557 4829 μὲν
3607 4762 3870 4828 ἐφείσατο
3912 4785 4022 4835 μα-

2343 4843 2518 4908 στίξαι
2548 4844 2621 4906 ὡς
2642 4843 2705 4914 δὴ
2726 4848 2836 4907 τοῖς
2877 4844 3153 4906 Ἰουδαίοις
3177 4845 3474 4899 ἐκδίδοσθαι
3504 4847 3786 4918 μέλλοντα,
3810 4852 3880 4903 τὸ
3911 4855 4026 4907 ὑπὸ

2341 4931 2445 4984 τῶν
2470 4931 2692 4984 οἰκετῶν
2725 4929 3053 4995 τύπτεσθαι,
3091 4930 3287 4999 μᾶλλον
3320 4932 3385 4984 ἂν
3423 4933 3626 4986 ἐκεῖνον
3667 4933 4023 5005 θρασύτερον

2341 5018 2665 5086 είργάσατο·
2697 5017 2784 5071 διά
2819 5017 2977 5069 τοῦτο
3010 5016 3128 5069 οὐδὲ
3160 5017 3293 5089 πρὸς
3324 5017 3414 5070 τὸν
3450 5019 3613 5070 παῖδα
3637 5021 4019 5088 ἀποτείνεται,

2339 5102 2475 5155 ἀλλά
2503 5103 2638 5174 πρὸς
2665 5102 2827 5156 αὑτὸν
2855 5102 2944 5154 τὸν
2977 5102 3327 5168 ἐπιτάξαντα,
3362 5103 3519 5156 τοῦτο
3554 5109 4019 5173 κατασκευάζων,

2339 5191 2411 5242 Τὸ
2461 5190 2537 5255 δὲ,
2593 5189 2756 5256 Τοῖχε
2789 5188 3192 5258 κεκονιαμένε,
3239 5189 3337 5243 καί
3376 5189 3456 5242 σὺ
3490 5189 3640 5258 κάθῃ
3676 5193 3912 5260 κρίνων
3941 5219 4022 5269 με

2339 5278 2485 5331 κατὰ
2515 5279 2620 5331 τὸν
2658 5280 2868 5345 νόμον,
2902 5270 3043 5341 εἶπε,
3094 5277 3375 5347 μονονουχὶ
3420 5275 3576 5329 τοῦτο
3609 5278 3756 5349 αὑτῷ
3803 5281 4017 5352 λέγων·

2347 5366 2676 5428 ’Υπεύθυνος
2705 5364 2781 5417 ὢν
2828 5366 2920 5417 καὶ
2969 5367 3176 5435 μυρίων
3218 5362 3440 5434 πληγῶν
3481 5363 3645 5430 ἄξιος.
3687 5367 3834 5436 Ὅρα
3883 5376 4022 5432 γοῦν

2337 5452 2453 5516 πῶς
2477 5451 2640 5506 αὐτοῦ
2671 5452 3090 5521 κατεπλάγησαν
3121 5453 3220 5522 τὴν
3251 5450 3559 5521 παρρησίαν
3585 5454 3612 5504 6
3641 5453 3837 5522 δῆμος.
3879 5463 4022 5515 Δέον

2336 5542 2443 5610 γὰρ
2477 5539 2774 5609 ἀνατρέψαι
2813 5539 2874 5591 τὺ
2911 5541 3037 5602 πᾶν,
3085 5537 3400 5608 παροινοῦσι
3430 5548 3451 5576 θ
3483 5538 3699 5608 μᾶλλον.
3734 5542 3923 5609 Αὐτὸς
3959 5551 4020 5602 δὲ

2337 5631 2429 5680 καὶ
2467 5628 2556 5680 τὸν
2582 5627 2744 5696 νόμον
2785 5627 3256 5694 ὑπαναγινώσκει,
3285 5625 3469 5695 ἐπειδὴ
3510 5625 3758 5694 βούλεται
3803 5630 4015 5698 δεῖξαι,

2334 5718 2414 5769 ὅτι
2440 5716 2499 5768 οὑ
2524 5714 2609 5768 διὰ
2628 5714 2686 5766 τὸ
2710 5714 3029 5785 φοϐηθῆναι,
3056 5715 3175 5767 οὐδὲ
3201 5713 3289 5766 διὰ
3311 5713 3372 5766 τὸ
3400 5713 3471 5784 μὴ
3492 5714 3640 5778 ἄξιον
3664 5709 3804 5767 εἶναι
3836 5720 4014 5775 ἀκοῦ.

2389 5859 2578 5929 fllloza»7
2617 5859 2758 5908 deest
2792 5861 2840 5907 in
2902 5872 2997 5909 uno
3033 5861 3137 5908 cod.

2336 5938 2483 5969 τουσι.

3230 5873 3249 5900 e
3277 5859 3426 5908 Sam.
3454 5865 3503 5908 ει
3535 5871 3658 5908 unus
3693 5860 3798 5910 cod.
3827 5879 3994 5927 παρι-
