4072 6404
161 387 269 442 $33

158 501 454 557 ctatiooem
500 501 650 549 erant
685 489 1079 561 prophetizans,
1109 500 1207 538 nec
1241 498 1302 538 ea
1337 496 1456 552 quae
1502 491 1628 534 tunc
1670 475 1760 531 iic-

156 597 290 650 bant
313 587 630 660 respiciens,
657 585 749 640 sed
771 585 942 639 futura
965 578 1286 650 prmvideus.
1308 573 1584 644 Quomodo
1606 572 1762 640 igitur

155 686 310 749 dicit,
353 681 537 738 Coram
563 678 792 750 gentibus
821 683 865 730 et
895 673 1096 743 regibus
1119 679 1164 724 et
1193 671 1313 739 ﬁliis
1344 667 1510 722 Israel
1543 663 1759 736 portabit

154 792 342 831 nomen
373 772 580 828 meum?
612 767 867 832 Portabit,
900 764 1091 834 inquit,
1139 777 1237 817 nec
1281 761 1499 816 omnino
1539 768 1760 826 persuao
1797 787 1802 790 -

150 867 304 920 dubit
349 885 362 919 :
407 861 646 929 alioquin
698 872 828 912 vero
879 855 1045 910 Judtei
1093 853 1217 907 alibi
1279 849 1756 920 persuadebantur,

154 960 242 1012 hic
277 970 413 1011 vero
441 954 683 1007 minime.
729 950 858 1002 Cum
897 945 1221 1016 oportuisset
1261 941 1492 994 maxime
1538 950 1758 1006 persua-

156 1049 299 1113 deri,
353 1045 598 1099 videntes
642 1041 761 1110 ejus
798 1039 1076 1109 pristinum
1120 1035 1410 1098 fervorem,
1471 1041 1595 1084 tunc
1647 1043 1750 1082 non

151 1136 652 1210 pi-rsuadcbanlur.
685 1131 754 1184 Et
794 1147 906 1184 cunt
947 1127 1244 1196 funderetur
1272 1123 1478 1194 sanguis
1507 1120 1756 1190 Stephani

153 1232 289 1283 testis
339 1227 438 1293 tui,
490 1241 585 1296 ego
628 1222 912 1286 adstabant,
958 1229 1002 1272 et
1048 1215 1417 1272 consentiebant
1465 1213 1575 1266 neci
1624 1214 1751 1282 ejus.

151 1321 284 1374 Vide
343 1332 562 1372 rursum
610 1329 717 1382 quo
762 1325 940 1366 sermo
988 1308 1218 1374 desinat,
1267 1321 1461 1375 nempe
1520 1305 1572 1358 in
1619 1303 1752 1358 vali-

142 1415 272 1467 dum
322 1418 510 1480 caput.
562 1407 680 1476 Ipse
709 1405 852 1460 enim
883 1413 999 1458 erat
1045 1401 1136 1471 qui
1186 1398 1628 1470 persequebatur,
1658 1413 1758 1451 nec

146 1502 583 1573 persequebatur
613 1497 796 1563 modo,
829 1494 922 1550 sed
944 1503 999 1548 et
1022 1493 1172 1547 mille
1203 1491 1450 1545 manibus
1475 1487 1755 1543 occidebat

143 1595 513 1665 Stephanum.
555 1589 786 1646 Gravem
837 1587 1038 1641 caedem
1084 1585 1194 1638 illis
1223 1585 1275 1638 in
1317 1583 1630 1637 memoriam
1668 1596 1753 1636 rc-

145 1696 322 1740 vocat.
360 1685 518 1738 Tunc
556 1696 685 1736 vero
714 1678 930 1733 minime
960 1676 1222 1742 ferebant,
1281 1675 1403 1744 quia
1439 1673 1540 1727 hoc
1567 1673 1751 1728 redar-

144 1777 350 1846 gnebat
379 1775 505 1828 illos
531 1790 544 1838 ;
578 1783 630 1826 et
654 1773 768 1841 jam
799 1768 1077 1838 prophetia
1108 1767 1455 1836 implebatur.
1481 1766 1635 1821 Zelus
1658 1766 1755 1835 igi-

137 1876 226 1921 tur
276 1879 535 1934 magnus,
585 1873 639 1916 et
679 1860 953 1915 accusatio
994 1858 1288 1913 vehemens
1337 1864 1475 1922 erat,
1500 1864 1554 1911 et
1590 1865 1752 1910 testes

145 1957 391 2012 veritatis
425 1954 628 2011 Christi
657 1953 885 2006 lidcnter
907 1949 1280 2020 loquebantur.
1311 1947 1416 2003 Sed
1445 1947 1612 2002 Judaei
1647 1963 1749 2001 non

147 2049 392 2104 tulerunt
415 2047 677 2114 deinceps
710 2053 875 2097 totam
907 2042 1089 2096 audire
1115 2041 1452 2106 concionem,
1483 2056 1545 2095 ac
1573 2040 1751 2095 furore

144 2141 390 2197 succensi
424 2139 754 2194 clamabant.
777 2137 866 2192 21.
896 2135 962 2189 Et
1005 2136 1133 2189 dixit
1164 2136 1229 2188 ad
1267 2151 1390 2188 me:
1431 2134 1588 2202 Vade,
1635 2136 1753 2205 quia

144 2251 232 2302 rgo
271 2232 344 2286 ad
388 2241 564 2301 gentes
592 2228 771 2300 procul
802 2229 994 2287 mittant
1021 2237 1085 2281 te.
1117 2227 1206 2280 22.
1254 2226 1536 2280 Audiebant
1585 2237 1752 2279 autent

140 2340 254 2374 eum
281 2339 450 2390 usque
472 2321 541 2373 ad
561 2320 695 2374 lianc
723 2334 1019 2377 sermonem,
1039 2327 1084 2371 et
1107 2316 1391 2371 levaverunt
1413 2333 1579 2371 vocem
1607 2333 1751 2370 suam

145 2417 373 2466 dicentes
403 2429 420 2464 :
450 2410 600 2464 Tolle
627 2410 690 2463 de
717 2419 854 2462 terra
882 2408 1178 2478 Itujusmodi
1209 2423 1225 2460 :
1257 2424 1356 2460 non
1390 2408 1520 2461 enim
1559 2413 1639 2478 fas
1679 2419 1751 2461 cst

144 2523 253 2557 cum
284 2507 476 2557 vivere.
500 2502 591 2556 23.
629 2500 976 2554 Clamantibus
1000 2509 1170 2552 autem
1206 2498 1331 2563 illis,
1361 2508 1407 2550 et
1437 2498 1751 2568 projicienti-

145 2599 232 2649 bus
272 2596 574 2648 vestimenta
611 2608 723 2652 sua,
771 2599 817 2643 et
843 2589 1098 2656 pulverem
1119 2588 1434 2659 jactantibus
1463 2589 1515 2666 in
1561 2607 1748 2654 aerem,

142 2685 228 2740 24.
265 2685 430 2755 jussit
479 2683 713 2736 tribunus
751 2681 922 2734 induci
964 2697 1078 2734 eum
1119 2682 1173 2733 in
1212 2689 1414 2746 castra,
1447 2690 1493 2734 et
1521 2677 1751 2750 ﬂagellis

141 2778 288 2844 ccedi,
319 2788 368 2831 et
395 2776 620 2846 torqueri
651 2791 784 2837 eunt,
819 2783 872 2826 ut
909 2773 1056 2826 sciret
1103 2783 1308 2842 propter
1358 2789 1509 2842 quant
1547 2789 1754 2827 causam

140 2874 210 2924 sic
225 2880 407 2923 contra
433 2868 581 2922 illum
605 2868 902 2920 clamarent.
925 2863 1054 2920 Cum
1079 2865 1405 2933 oportuisset
1428 2872 1485 2917 ut
1508 2865 1752 2919 tribunus
1802 2881 1808 2887 '

141 2961 501 3024 naminaret,
544 2973 612 3012 an
645 2972 733 3011 res
760 2971 819 3011 se
843 2957 910 3009 ita
939 2955 1185 3020 haberet,
1235 2953 1461 3024 illosque
1493 2955 1638 3023 ipsos
1664 2956 1749 3009 in-

143 3061 449 3121 terrogaret
484 3068 496 3103 :
530 3050 577 3103 is
606 3047 742 3102 nihil
768 3047 956 3100 horum
987 3044 1214 3109 faciens,
1255 3045 1407 3112 jubet
1458 3046 1605 3099 illum
1655 3044 1748 3101 ila-

141 3145 297 3213 gellis
339 3143 501 3198 caedi.
535 3139 724 3204 Iussit,
771 3139 962 3208 inquit,
1015 3137 1162 3190 illum
1210 3135 1387 3188 induci
1415 3137 1466 3189 in
1498 3146 1664 3190 castra
1697 3146 1745 3191 et

143 3237 362 3307 ﬂagellis
391 3234 545 3297 aedi,
577 3242 631 3286 ut
661 3231 812 3286 sciret
843 3240 1046 3299 pr0pter
1072 3245 1220 3298 quam
1244 3245 1448 3282 causam
1471 3230 1542 3282 sic
1573 3240 1749 3283 contra

142 3329 284 3380 illum
316 3325 626 3379 clamarent.
674 3321 838 3390 Atqui
877 3319 944 3373 ab
987 3319 1091 3372 illis
1133 3317 1482 3372 ediscendum
1507 3331 1621 3372 erat
1653 3322 1744 3389 qui

139 3416 539 3480 occiamabant,
573 3422 626 3467 et
656 3409 1118 3481 interrogandum,
1170 3425 1294 3463 num
1328 3410 1524 3478 aliquid
1544 3427 1608 3464 ex
1631 3411 1749 3479 ejus

141 3509 293 3562 dictis
322 3503 681 3561 incusandum
705 3501 982 3556 haberent.
1017 3500 1212 3555 Verum
1245 3501 1333 3554 ille
1360 3510 1560 3556 temere
1589 3510 1745 3571 pote-

139 3609 275 3654 state
295 3615 393 3652 sua
427 3599 621 3658 utitur,
649 3605 704 3650 et
726 3593 936 3648 illormn
969 3593 1193 3662 gratiam
1217 3601 1396 3661 captat
1429 3611 1440 3645 :
1470 3609 1574 3647 nou
1602 3594 1744 3648 enim

140 3690 363 3746 curabat
390 3697 451 3742 ut
475 3688 619 3757 juste
641 3693 846 3756 ageret,
874 3684 969 3738 sed
997 3693 1055 3738 ut
1084 3684 1300 3738 illorum
1330 3683 1583 3752 injustam
1610 3684 1746 3740 furo-

141 3795 248 3832 rem
281 3780 544 3847 placaret.
586 3776 678 3831 ‘25.
714 3773 779 3828 Et
801 3791 913 3827 cum
939 3774 1326 3827 adstrinnssent
1356 3791 1468 3826 eum
1493 3775 1633 3839 loris,
1668 3777 1746 3829 di-

140 3873 210 3923 xit
235 3870 469 3924 adstanti
498 3867 594 3923 sibi
624 3867 906 3921 centurioni
944 3883 961 3920 :
996 3866 1056 3920 Si
1080 3866 1334 3919 hominem
1375 3865 1664 3919 Romanum
1700 3875 1744 3920 et

142 3963 492 4014 indemnatum
523 3960 637 4012 licet
681 3958 817 4011 vobis
845 3957 1154 4027 ﬂagellare?
1205 3955 1319 4010 Non
1364 3967 1444 4011 est
1488 3959 1746 4012 mentitus

143 4055 362 4119 Paulus,
408 4068 470 4107 se
497 4051 686 4106 dicens
713 4050 1012 4104 Romanum
1057 4048 1370 4112 hominem;
1412 4049 1587 4115 absit;
1642 4050 1744 4102 lto-

144 4160 329 4200 manus
356 4144 507 4199 enim
533 4152 650 4198 erat
682 4159 694 4193 :
729 4140 848 4196 ideo
878 4140 1126 4196 tribunus
1156 4156 1214 4196 re
1239 4139 1418 4194 audita
1453 4141 1647 4193 timuit.
1681 4141 1745 4194 Et

143 4253 252 4302 cur,
285 4235 527 4304 inquies,
548 4233 764 4286 timuit?
789 4231 898 4286 Etsi
930 4231 1073 4285 nulla
1103 4230 1205 4284 alia
1233 4230 1300 4285 de
1328 4247 1510 4297 causa,
1539 4232 1742 4297 timuit,

147 4343 206 4381 ne
233 4324 748 4396 deprehenderetur
791 4330 845 4377 et
883 4320 1142 4390 majorem
1188 4320 1343 4376 daret
1385 4338 1616 4391 painatn.
1679 4325 1744 4378 Et

147 4419 294 4475 vide:
328 4432 437 4472 non
482 4416 798 4486 simpliciter
823 4415 1096 4480 loquitur,
1148 4416 1264 4480 sed,
1308 4415 1369 4470 Si
1425 4417 1537 4470 licet
1587 4418 1739 4471 vobis.

150 4511 259 4565 Duo
278 4509 537 4570 crimina,
571 4515 625 4561 et
661 4505 802 4575 quod
831 4506 948 4560 sine
973 4519 1155 4570 causa,
1190 4515 1244 4559 et
1289 4506 1431 4575 quod
1467 4506 1746 4563 Romanus

150 4600 228 4654 ille
254 4607 425 4654 esset.
476 4594 721 4666 Magnam
775 4594 1046 4650 habebant
1088 4597 1496 4665 prterogativam
1538 4599 1627 4668 qui
1669 4615 1746 4653 sc

150 4690 510 4761 dignabantur
532 4689 827 4758 appellari;
860 4703 1033 4758 neque
1060 4689 1300 4743 omnium
1342 4691 1445 4744 hoc
1483 4701 1598 4745 erat
1642 4695 1747 4761 pri-

153 4782 403 4852 \ilcgiuut
427 4796 441 4843 ;
474 4779 542 4834 ab
573 4778 845 4834 lladriano
871 4779 1013 4833 enim
1046 4779 1232 4834 dicunt
1260 4795 1447 4834 omnes
1475 4782 1746 4836 Romanos

151 4890 263 4931 esse
293 4874 522 4936 dictos;
557 4873 732 4941 prisce
771 4879 949 4926 autem
983 4886 1088 4925 non
1127 4873 1197 4926 ita
1233 4872 1421 4927 fuerat.
1461 4873 1554 4928 νει
1586 4875 1744 4928 etiam

156 4969 454 5023 Romanum
510 4980 570 5020 se
616 4964 772 5031 dixit,
816 4977 874 5018 ut
918 4979 1130 5034 poenam
1173 4964 1431 5036 eﬂugeret
1459 4984 1470 5019 :
1502 4978 1744 5021 eontem-

154 5064 285 5132 ptior
308 5061 458 5116 enim
498 5056 711 5110 futurus
747 5067 884 5117 erat,
917 5056 962 5111 si
1008 5055 1310 5126 ﬂagellatus
1341 5057 1572 5124 fuisset;
1608 5075 1747 5115 nunc

153 5163 322 5210 autem
347 5151 456 5206 hoc
483 5148 629 5204 dicto
656 5146 914 5216 majorem
941 5147 1046 5201 illis
1075 5147 1264 5202 incutit
1288 5157 1510 5202 metum.
1535 5149 1588 5204 Si
1619 5164 1747 5205 vero

156 5243 529 5315 flagellassent,
556 5253 669 5294 rem
699 5245 863 5291 totam
886 5237 1026 5292 forte
1055 5238 1465 5316 subvenissent,
1487 5240 1566 5294 vel
1584 5241 1744 5295 etiam

155 5336 474 5391 occidissent
512 5331 692 5395 illum;
730 5345 870 5383 nuiic
905 5340 1084 5384 autem
1118 5346 1222 5385 non
1267 5331 1339 5385 ita
1365 5333 1564 5386 evenit.
1615 5333 1745 5389 Vide

155 5427 417 5498 quomodo
447 5425 590 5480 Deus
621 5422 884 5478 concedat
907 5425 1073 5478 multa
1103 5425 1340 5479 humano
1370 5440 1519 5479 more
1552 5427 1746 5492 lieri,et

160 5522 205 5573 in
248 5519 331 5574 his
363 5527 418 5573 et
461 5519 512 5571 in
541 5516 680 5570 aliis.
725 5515 992 5570 Tribunus
1041 5531 1170 5571 vero
1209 5518 1577 5587 respondens,
1637 5522 1746 5592 Ego

163 5613 308 5666 multa
341 5627 546 5667 summa
573 5611 876 5668 civilitatem
895 5621 1234 5680 consequutus
1261 5630 1369 5666 sum
1389 5656 1400 5675 ,
1432 5616 1664 5671 ostendit.
1689 5634 1745 5673 se

163 5706 448 5772 suspicari,
485 5703 710 5758 Paulum
751 5715 809 5756 se
848 5702 1148 5757 Rouiauum
1201 5705 1523 5772 simulasse;
1572 5718 1625 5762 et
1669 5711 1736 5764 ita

169 5799 292 5852 torte
319 5796 697 5869 suspicabatur
726 5809 789 5849 ex
822 5794 1038 5860 vilitate,
1075 5813 1191 5866 qua:
1225 5796 1275 5850 in
1319 5797 1483 5855 Paulo
1514 5817 1737 5871 appare-

1127 371 1189 425 ΙΝ
1231 369 1407 424 ACTA
1451 367 1975 426 APUSTOIDRIIM.
2015 364 2243 419 llOMlL.
2289 365 2517 420 XLVill.

3363 379 3464 434 536

1874 476 1983 533 bal.
2015 477 2103 532 26.
2151 478 2268 544 Quo
2297 481 2474 534 audito
2507 484 2754 546 centurio,
2806 487 3046 540 accedens
3093 489 3160 539 ad
3212 491 3464 543 tribunum

1871 570 2115 622 nuntiavit
2142 570 2236 632 illi,
2273 572 2444 626 dicens
2477 588 2494 624 :
2533 571 2656 627 Vide
2683 574 2807 644 quid
2840 579 3069 645 facturas
3100 595 3150 632 es
3178 595 3196 630 :
3226 580 3305 633 hic
3332 584 3466 634 enim

1869 659 2018 713 homo
2041 659 2303 716 Romanus
2333 673 2426 718 est.
2455 664 2545 716 27.
2579 665 2832 720 Accedens
2863 677 3027 721 autem
3058 671 3307 734 tribunus,
3337 673 3465 726 dixit

1867 754 1944 806 illi
1977 769 1994 806 :
2026 752 2122 808 Dic
2151 756 2295 821 milii,
2329 773 2450 810 nam
2482 768 2534 810 tu
2567 756 2829 813 Romanus
2857 761 2946 814 es?
2969 760 3109 816 Dixit
3133 764 3237 830 illc,
3270 763 3460 819 Etiam.

1865 843 1955 899 28.
1989 844 2269 915 Respondit
2298 847 2528 902 tribunus
2559 865 2576 902 :
2610 849 2722 920 Ego
2753 853 2912 905 multa
2937 871 3138 908 summa
3177 857 3464 934 civilitalem

1867 936 1998 989 hanc
2027 948 2366 1004 consequutus
2391 957 2524 993 sum.
2561 939 2760 997 Paulus
2787 958 2900 998 vero
2930 947 3000 998 ait
3034 963 3052 995 :
3082 945 3194 1018 Ego
3224 958 3391 1002 autem
3421 960 3466 1001 et

1865 1038 2013 1082 natas
2034 1046 2165 1082 sunt.
2194 1031 2282 1085 29.
2319 1031 2565 1087 Protinus
2586 1045 2752 1089 autent
2787 1035 3125 1092 discesserant
3155 1041 3348 1106 abillo,
3379 1044 3466 1112 qui

1863 1137 1973 1173 eum
2005 1124 2185 1176 tortari
2215 1134 2379 1179 erant.
2433 1124 2690 1182 Tribunus
2730 1146 2927 1200 q'ioque
2970 1133 3158 1199 timuit,
3198 1145 3463 1204 postquam

1862 1213 2058 1267 rescivit
2105 1217 2223 1284 quia
2261 1214 2524 1272 Romanus
2570 1230 2714 1284 esset,
2767 1232 2811 1275 et
2849 1223 2986 1290 quod
3013 1222 3158 1277 illum
3181 1224 3461 1296 alligassct.

1865 1305 1974 1375 Ego
2013 1315 2201 1372 autem,
2237 1307 2437 1378 inquit,
2468 1318 2514 1363 et
2542 1321 2692 1365 natus
2715 1328 2847 1366 sum.
2883 1314 3047 1384 igitur
3068 1332 3140 1390 ex
3172 1328 3322 1384 patre
3352 1318 3461 1371 lto-

1863 1412 2021 1454 mano
2063 1408 2199 1455 erat.
2249 1399 2388 1468 Quid
2419 1417 2549 1474 ergo
2581 1416 2766 1474 postea
2813 1405 3012 1462 factum
3050 1409 3172 1464 est?
3215 1408 3462 1464 Solutum

1860 1490 2011 1545 duxit
2037 1493 2102 1546 ad
2120 1492 2355 1548 Judmos.
2388 1495 2529 1566 Ergo
2555 1512 2660 1551 non
2688 1496 2824 1553 falso
2845 1498 3054 1554 dixerat
3077 1515 3138 1555 se
3161 1501 3459 1555 Romanqu

1860 1598 2002 1648 esse,
2037 1585 2177 1640 unde
2210 1587 2449 1642 lucratus
2478 1597 2577 1655 est,
2625 1599 2736 1645 uta
2763 1592 2992 1650 vinculis
3024 1595 3361 1661 solveretur;
3407 1604 3463 1649 et

1859 1676 2130 1743 quomodo
2160 1677 2282 1732 audi
2319 1677 2444 1734 :50.
2475 1679 2688 1735 Postera
2711 1694 2880 1737 autem
2914 1683 2997 1738 die
3025 1685 3196 1739 volens
3224 1685 3352 1740 scire
3381 1685 3462 1738 di-

1859 1767 2095 1837 ligentius
2113 1785 2213 1838 qua
2235 1770 2297 1823 de
2315 1785 2472 1824 causa
2497 1782 2823 1827 accusaretur
2844 1791 2875 1827 a
2900 1773 3122 1841 Iudaeis,
3151 1775 3298 1830 solvit
3322 1793 3457 1841 eum,

1858 1867 1905 1908 et
1917 1857 2071 1927 jussit
2097 1859 2386 1914 sacerdotes
2411 1862 2677 1915 convenire
2699 1871 2744 1917 et
2771 1880 2920 1918 omne
2947 1865 3239 1930 concilium,
3261 1877 3320 1939 let
3350 1883 3461 1931 pro-

1858 1948 2046 2002 ducens
2070 1948 2294 2004 Paulum
2317 1954 2492 2006 statuit
2522 1954 2653 2008 inter
2681 1955 2817 2009 illos.
2847 1954 3000 2027 (Cap.
3028 1950 3152 2021 23.)
3198 1958 3244 2009 l.
3280 1955 3454 2009 luteu-

1858 2043 1982 2096 dens
2008 2054 2174 2096 autem
2201 2046 2252 2097 in
2279 2047 2550 2100 concilium
2586 2047 2806 2112 Paulus,
2831 2049 2981 2104 dixit.
3014 2049 3128 2102 Non
3151 2049 3258 2117 jam
3285 2049 3454 2104 tribu—

1858 2149 2005 2196 num,
2040 2135 2131 2188 sed
2166 2144 2328 2190 totam
2363 2138 2763 2193 multitudinem
2797 2149 2847 2193 et
2879 2141 3455 2210 populuntalloquitur.

1859 2225 1923 2279 Et
1949 2227 2072 2296 quid
2105 2228 2272 2282 dicit?
2311 2228 2415 2282 Viri
2444 2231 2647 2298 fratres,
2690 2249 2781 2302 ego
2817 2235 2955 2287 omni
2981 2235 3289 2288 conscientia
3321 2236 3452 2288 bona

1856 2330 2178 2374 conversatus
2215 2337 2325 2374 sum
2357 2332 2474 2376 ante
2510 2322 2673 2377 Deum
2710 2341 2863 2394 usque
2893 2327 2943 2378 in
2974 2325 3271 2379 hodiernum
3303 2327 3457 2378 diem.

1860 2410 1915 2464 ld
1943 2419 2044 2476 est,
2104 2411 2221 2467 Non
2268 2413 2398 2467 mihi
2449 2417 2698 2470 conscius
2737 2432 2855 2471 sum
2893 2417 3034 2487 quod
3081 2434 3175 2474 vos
3208 2419 3458 2484 la‘serim,

1858 2502 1938 2556 vel
1970 2503 2098 2573 quid
2127 2504 2210 2557 liis
2238 2504 2466 2559 vinculis
2496 2506 2717 2576 dignum
2743 2507 2982 2563 fecerim.
3009 2509 3146 2577 Quid
3169 2525 3296 2580 ergo
3317 2509 3461 2580 prin-

1857 2610 1983 2664 ceps
2024 2596 2403 2652 Sacerdotum?
2433 2598 2566 2652 Cum
2599 2601 2930 2668 oportuisset
2959 2602 3271 2671 compungi,
3315 2603 3456 2670 quod

1859 2682 1909 2736 in
1945 2686 2180 2753 ipsormu
2210 2688 2434 2756 gratiam
2483 2689 2682 2760 injuste
2733 2691 2926 2761 ligatus
2953 2690 3164 2756 fuisset,
3199 2693 3290 2748 ille
3315 2693 3456 2748 aliud

1857 2776 2057 2845 adjicit.
2091 2787 2145 2832 et
2175 2779 2328 2848 jubet
2354 2795 2476 2834 eum
2516 2780 2809 2846 verberari,
2843 2783 2986 2852 quod
3013 2783 3090 2838 sic
3119 2783 3455 2839 declaratur:

1855 2865 1910 2918 ἒ.
1947 2866 2192 2938 Princeps
2235 2880 2404 2924 autem
2451 2873 2772 2925 sacerdotum
2807 2873 3034 2928 Ananias
3079 2875 3317 2943 prteeepit
3361 2873 3458 2926 ad-

1857 2960 2108 3013 stantibus
2144 2961 2238 3014 sibi
2282 2971 2538 3030 percutere
2584 2979 2640 3016 os
2682 2965 2812 3034 ejus.
2841 2965 3023 3018 Bonus
3051 2975 3201 3019 certe
3230 2977 3284 3018 et
3314 2966 3457 3019 mitis

1858 3050 2106 3118 princeps
2137 3052 2498 3106 sacerdotum.
2532 3054 2584 3108 3.
2617 3054 2758 3107 Tune
2804 3054 2999 3109 Paulus
3042 3056 3169 3109 dixit
3208 3056 3276 3108 ad
3303 3071 3412 3108 eum
3441 3071 3457 3108 :

1857 3140 2114 3196 Percutiet
2144 3153 2192 3197 te
2223 3142 2380 3210 Deus,
2409 3146 2576 3214 paries
2604 3145 2853 3210 dealbate.
2887 3145 2953 3199 Et
2979 3155 3032 3200 tu
3059 3147 3238 3200 sedens
3250 3145 3458 3216 judicas

1856 3250 1934 3286 nte
1964 3234 2238 3287 secundum
2270 3235 2450 3306 legem,
2481 3246 2528 3290 et
2555 3246 2729 3290 contra
2759 3236 2919 3307 legem
2937 3237 3090 3306 jubes
3120 3253 3197 3289 me
3224 3237 3415 3304 percuti
3435 3237 3458 3288 Ξ)

1855 3326 1907 3378 4.
1943 3325 2042 3391 Qui
2077 3337 2242 3378 autent
2268 3327 2539 3380 adstabant
2567 3329 2802 3382 dixerunt
2849 3329 2894 3381 ei
2927 3346 2948 3383 .°
2979 3327 3254 3384 Summum
3286 3346 3454 3382 sacer-

1855 3415 2020 3467 dotem
2050 3415 2141 3468 Dei
2168 3417 2467 3471 maledicis?
2490 3420 2542 3474 ὅ,
2587 3418 2732 3472 Dixit
2764 3428 2930 3472 autem
2961 3418 3161 3473 Paulus
3193 3438 3210 3473 :
3244 3421 3449 3474 Nescie-

1854 3507 1987 3570 bam,
2023 3511 2225 3576 fratres,
2251 3510 2388 3577 quod
2427 3510 2658 3578 princeps
2695 3514 2757 3564 sit
2793 3512 3113 3565 sacerdotum
3155 3529 3172 3564 .·
3212 3513 3456 3581 scriptum

1855 3608 1926 3651 est
1950 3601 2082 3652 enim
2109 3616 2125 3652 :
2155 3599 2446 3670 Principem
2477 3602 2655 3671 populi
2697 3605 2771 3656 tui
2808 3620 2909 3657 non
2941 3605 3209 3658 ntalediccs
3255 3603 3450 3673 (Exod.

1852 3689 1942 3743 ea.
1976 3692 2091 3760 es).

1923 3780 1978 3833 2.
2022 3782 2250 3848 Quidam
2282 3784 2466 3837 dicunt
2496 3784 2644 3838 illum
2686 3785 2946 3840 scientem
2990 3803 3084 3856 per
3116 3787 3340 3841 ironiam
3373 3788 3453 3842 lo-

1854 3880 2076 3939 quutum
2124 3887 2246 3926 esse
2294 3892 2304 3926 :
2354 3874 2484 3928 mihi
2517 3885 2698 3929 autem
2735 3876 2946 3931 videtur
3001 3878 3176 3947 ipsum
3229 3879 3450 3933 omnino

1856 3962 2148 4018 uescivissc
2174 3964 2314 4032 quod
2347 3975 2489 4019 esset
2518 3967 2766 4038 princeps
2797 3969 3137 4024 sacerdotum
3173 3969 3448 4040 :alioquiu

1855 4053 2000 4106 illiilli
2035 4055 2369 4109 honorasset.
2402 4057 2524 4110 Ideo
2554 4073 2676 4117 sese
2704 4069 2904 4129 purgat
2933 4071 3235 4127 accusatus,
3268 4072 3324 4117 et
3354 4064 3449 4116 ad-

1855 4145 1932 4198 dit
1961 4164 1972 4199 :
2009 4145 2301 4218 Principent
2331 4150 2506 4218 populi
2540 4153 2613 4204 tui
2646 4168 2744 4205 non
2775 4155 3068 4209 maledicos.
3123 4155 3258 4220 Quid
3299 4172 3449 4224 ergo,

1854 4236 2100 4306 inquies?
2144 4237 2188 4290 si
2223 4239 2366 4292 enim
2409 4241 2658 4310 princeps
2688 4258 2791 4296 non
2827 4254 3008 4308 esset,
3058 4246 3219 4299 alium
3259 4256 3448 4298 contu-

1853 4329 2008 4382 melia
2042 4328 2259 4384 afticere
2289 4332 2618 4400 oportebat?
2667 4334 2924 4402 Minime;
2979 4338 3087 4392 into
3127 4339 3451 4392 contumelia

1852 4419 2167 4475 alticientem
2211 4421 2353 4477 ferre
2384 4438 2479 4491 par
2510 4434 2646 4478 erat.
2693 4425 2822 4481 Jure
2867 4428 2953 4483 hic
2987 4441 3278 4500 quieratnr,
3322 4449 3452 4502 quo--

1852 4512 2011 4565 modo
2063 4511 2126 4575 is,
2158 4513 2247 4581 qui
2289 4514 2414 4568 alibi
2454 4513 2603 4581 dicit,
2650 4515 2776 4571 Cum
2803 4518 3172 4585 maledicimar,
3204 4522 3454 4576 benedici-

1855 4619 1994 4665 mus;
2025 4619 2138 4655 eum
2172 4607 2609 4673 persequutionem
2636 4613 2878 4677 patimur,
2907 4621 3210 4665 sustinemus
3229 4614 3305 4682 (ε.
3330 4613 3446 4666 Cor.

1854 4695 1903 4747 t.
1940 4694 2060 4763 l2);
2093 4695 2180 4749 hic
2215 4698 2543 4753 contrarium
2576 4698 2721 4766 facit,
2768 4717 2868 4756 nec
2899 4705 3060 4758 modo
3096 4707 3449 4771 conviciator,

1851 4786 1946 4841 sed
1975 4790 2135 4842 etiam
2169 4790 2485 4846 maledicit?
2526 4794 2681 4849 Absit
2708 4814 2723 4850 :
2756 4807 3005 4852 neutrum
3037 4800 3228 4854 horum
3258 4801 3452 4856 fecisse

1853 4878 2309 4948 deprehenditur;
2356 4883 2450 4938 scd
2495 4885 2538 4939 si
2571 4887 2690 4956 quis
2729 4898 2978 4944 accurate
3002 4892 3332 4957 consideret,
3386 4894 3449 4947 li-

1854 4970 1981 5025 bere
2025 4973 2294 5040 loquentis
2333 4977 2502 5048 magis
2528 4990 2653 5034 sunt
2686 4983 2869 5047 verba,
2916 5000 3075 5054 quam
3115 4986 3234 5041 irati
3267 5006 3280 5044 :
3312 4990 3451 5044 alio-

1854 5063 1980 5130 quin
2022 5078 2151 5118 vero
2187 5066 2407 5120 nolebat
2446 5069 2660 5125 tribuno
2694 5076 3116 5145 contemptibilis
3161 5079 3348 5135 videri.
3395 5082 3452 5136 Si

1853 5157 1995 5210 enim
2023 5157 2111 5212 ille
2138 5173 2167 5212 a
2192 5157 2513 5228 flagellando
2537 5164 2816 5230 abstinuit,
2848 5179 3035 5238 utpote
3058 5171 3232 5240 ipsum
3254 5173 3454 5229 Jlldtl‘is

1857 5248 2165 5314 traditurus,
2219 5251 2362 5321 quod
2410 5269 2440 5308 a
2493 5254 2710 5312 famulis
2752 5257 3073 5328 caederetur,
3109 5265 3276 5333 magis
3307 5266 3453 5318 illum

1853 5340 2109 5396 audacem
2133 5342 2456 5400 reddidisset
2486 5364 2498 5400 :
2533 5346 2654 5402 ideo
2682 5365 2790 5404 non
2816 5350 3141 5420 ministrum,
3162 5357 3256 5410 sed
3281 5357 3450 5427 ipsum

1848 5434 2124 5502 jubeutem
2154 5435 2486 5505 aggreditur.
2519 5436 2649 5493 Illud
2679 5456 2826 5508 vero,
2875 5441 3055 5498 Paries
3080 5446 3332 5513 dealbate,
3373 5449 3452 5503 in-

1853 5531 1986 5596 quit,
2019 5538 2072 5582 tu
2093 5530 2272 5584 sedens
2288 5532 2496 5600 jadicas
2528 5550 2607 5587 me
2630 5537 2911 5589 secundum
2941 5537 3120 5608 legem,
3150 5555 3213 5593 ac
3244 5542 3286 5594 si
3312 5541 3454 5596 dicc-

1854 5631 1934 5675 rct
1971 5640 1982 5674 :
2021 5621 2165 5676 licus
2209 5625 2456 5690 conisis,
2506 5637 2558 5679 ct
2605 5629 2787 5682 multis
2838 5631 3008 5700 plagis
3049 5632 3260 5701 dignus.
3320 5633 3452 5687 Vide

1854 5729 2003 5782 ergo,
2033 5715 2305 5784 quomodo
2328 5731 2391 5771 cx
2417 5717 2532 5786 ejus
2562 5718 2773 5774 dicendi
2800 5721 3045 5778 libertate
3073 5725 3294 5794 populus
3335 5743 3449 5794 per-

1857 5806 2037 5861 culsus
2071 5808 2248 5862 tinnit.
2285 5810 2417 5864 Cum
2448 5814 2589 5866 enim
2622 5816 2949 5884 oportuisset
3009 5828 3174 5872 totum
3229 5821 3442 5875 subver‘
