4072 6410
631 364 734 419 $35

635 494 770 548 tere,
817 479 989 551 potius
1033 475 1446 532 tit-bacchantur.
1506 475 1596 529 ille
1637 490 1769 528 vero
1819 475 1986 544 legem
2029 473 2194 542 ipsam

637 571 784 640 legit,
816 579 872 624 ut
899 567 1141 624 ostendat
1169 582 1228 622 se
1261 583 1364 620 non
1384 581 1449 620 ex
1476 573 1638 630 metu,
1668 578 1765 618 nec
1790 564 1926 632 quod
1956 561 2200 630 indignus

637 671 779 718 esset
825 663 913 731 qui
952 661 1180 727 audiret,
1220 659 1344 713 haec
1379 659 1597 724 dixisse,
1649 657 1743 712 sed
1786 657 1886 726 legi
1930 656 2201 725 obtempe-

633 768 800 808 rasse.
861 752 929 807 Et
968 753 1186 807 omnino
1227 764 1506 821 persuasus
1550 763 1668 802 sum
1712 747 1997 802 nescit-isse
2028 747 2198 812 illum,

631 843 772 914 quod
801 845 1045 914 princeps
1074 842 1406 898 sacerdotum
1438 848 1602 906 esset,
1645 843 1787 909 quod
1831 847 1949 908 post
1989 837 2199 906 longum

633 937 843 1005 tempus
871 934 1131 994 rediisset.
1162 947 1258 988 nec
1280 933 1582 1000 frequenter
1602 930 1816 985 Judaeos
1842 927 2198 994 convenisset,

633 1025 942 1094 videretque
985 1039 1103 1079 eum
1152 1023 1204 1076 in
1246 1021 1422 1077 medio
1461 1021 1684 1076 aliorum
1741 1020 2063 1074 multorum:
2098 1033 2199 1070 non

634 1116 779 1170 enim
804 1113 1112 1168 Inantfcstus
1132 1122 1242 1167 erat
1265 1113 1512 1183 princeps
1537 1109 1872 1166 sacerdotum
1905 1109 2040 1162 inter
2069 1108 2204 1161 mul-

637 1217 716 1260 tos
741 1216 794 1261 et
819 1205 1056 1260 diversos
1085 1204 1321 1259 adstans.
1351 1204 1424 1258 ita
1445 1203 1574 1256 mihi
1593 1201 1800 1256 videtur
1827 1201 1948 1254 illos
1977 1199 2196 1268 alioqui.

636 1294 922 1348 ostendens
949 1308 1007 1348 se
1039 1293 1139 1363 legi
1166 1294 1576 1361 obtemperare;
1607 1290 1829 1360 ideoque
1849 1303 1967 1344 sese
1994 1298 2200 1358 purgat.

634 1383 740 1439 Sed
765 1382 1012 1453 superius
1037 1384 1175 1438 dicta
1201 1389 1525 1452 repetamus.
1560 1379 1740 1434 Oranti
1769 1380 1892 1433 mihi
1915 1381 1969 1434 in
1998 1380 2200 1448 templo,

637 1476 827 1544 inquit,
853 1474 1035 1528 accidit
1079 1482 1133 1526 ut
1164 1474 1217 1526 in
1259 1473 1446 1526 exstasi
1489 1471 1678 1540 ﬁerem.
1708 1470 1776 1525 Ut
1816 1470 2062 1524 ostendat
2099 1485 2202 1523 non

636 1563 965 1632 phantasiam
1006 1561 1188 1627 fuisse,
1246 1561 1366 1617 ideo
1414 1561 1616 1616 addidit
1654 1560 1802 1625 illud,
1845 1559 2023 1613 Oranti
2060 1561 2202 1612 mihi.

637 1655 844 1710 Festina
881 1665 929 1710 et
966 1657 1046 1710 exi
1078 1655 1199 1721 cito,
1230 1656 1419 1725 inquit,
1447 1655 1563 1725 quia
1584 1655 1919 1708 testimonium
1943 1663 2080 1707 tuum
2105 1669 2203 1706 non

632 1749 890 1818 recipient.
943 1748 1038 1803 llic
1062 1747 1315 1815 ostendit,
1338 1762 1395 1802 se
1417 1763 1520 1802 non
1552 1748 1911 1817 periculorum
1952 1756 2096 1802 metu
2140 1746 2205 1798 ab

635 1839 744 1892 illis
765 1839 1033 1908 effugisse,
1071 1837 1163 1892 sed
1187 1837 1309 1908 quia
1341 1853 1445 1891 non
1476 1838 1773 1907 suscepturi
1802 1847 1954 1892 erant
1979 1835 2205 1890 testimo-

635 1930 777 1982 niun.
807 1944 980 1983 suum.
1006 1927 1113 1982 Cur
1133 1942 1260 1982 vero
1281 1928 1434 1992 dixit,
1456 1927 1565 1996 Ipsi
1587 1930 1771 1992 sciunt,
1794 1928 1930 1998 quod
1954 1944 2044 1997 ego
2071 1943 2206 1980 eram

635 2020 770 2090 attigi
795 2020 898 2074 ns?
926 2020 1040 2074 Non
1063 2019 1274 2075 Christo
1295 2020 1686 2087 contradicens,
1715 2020 1880 2086 absit;
1909 2019 2000 2074 sed
2025 2019 2206 2074 volens

636 2109 843 2163 discere
866 2118 969 2163 tam
1002 2109 1244 2165 mirabile
1269 2124 1423 2179 opus.
1477 2109 1636 2174 Vade,
1665 2109 1854 2179 inquit,
1882 2110 2002 2179 quia
2025 2125 2115 2180 ego
2141 2108 2208 2160 ad

639 2210 808 2270 gentes
837 2202 1012 2270 procul
1029 2201 1221 2253 mittam
1235 2200 1438 2255 te.Vide
1458 2216 1471 2252 :
1489 2215 1592 2253 non
1614 2199 1794 2255 docuit
1810 2216 1930 2254 eum
1947 2199 2206 2262 Christus,

637 2292 763 2361 quid
794 2293 1282 2361 oporterctl‘acere;
1311 2293 1401 2347 sed
1425 2292 1560 2346 dixit
1581 2301 1780 2346 tantum
1801 2292 2062 2358 utabiret,
2088 2292 2208 2346 ille-

639 2398 744 2450 que
764 2384 1073 2453 obsequitur
1107 2405 1120 2439 :
1151 2383 1284 2439 adeo
1332 2385 1625 2454 morigerus
1668 2392 1802 2439 erat.
1837 2384 1900 2437 Et
1929 2385 2209 2438 levaverunt

640 2489 805 2527 vocem
831 2490 997 2541 suam,
1027 2474 1216 2544 inquit,
1248 2475 1464 2529 dicentes
1495 2490 1512 2528 :
1540 2471 1678 2529 Tolle
1725 2490 1877 2538 eum;
1932 2491 2031 2529 non
2080 2477 2211 2529 enim

649 2565 874 2617 convenit
898 2572 953 2617 ut
979 2565 1128 2618 vivat.
1155 2564 1199 2619 0
1227 2565 1499 2620 audaciam
1528 2572 1540 2619 ι
1595 2566 1750 2620 Certe
1776 2580 1871 2619 vos
1899 2567 2074 2621 vivere
2106 2583 2212 2620 non

646 2655 913 2720 convenit,
956 2671 1061 2710 non
1095 2656 1220 2710 item
1268 2655 1336 2710 de
1365 2655 1466 2711 hoc
1495 2656 1721 2722 dicatur,
1753 2658 1839 2727 qui
1884 2658 1936 2712 in
1968 2653 2215 2714 omnibus

642 2745 751 2798 Deo
777 2744 1104 2814 obsequitur.
1131 2745 1174 2799 0
1197 2745 1406 2800 scelesti
1441 2755 1493 2800 et
1515 2745 1825 2803 homicidae!
1861 2746 1926 2800 Et
1955 2748 2212 2802 excutien-

642 2845 715 2888 tes
755 2844 924 2901 vestes,
975 2835 1161 2905 inquit,
1192 2835 1445 2905 pulverem
1492 2837 1767 2892 mittebant.
1819 2836 1885 2892 Ut
1915 2839 2211 2907 graviorem

644 2926 939 2981 excitarent
989 2926 1327 2990 seditionem,
1359 2925 1461 2981 hoc
1510 2925 1795 2993 faciebant,
1841 2936 1932 2981 aut
1971 2936 2027 2982 ut
2066 2929 2211 2998 prin-

646 3018 820 3086 cipem
865 3027 1145 3072 terrerent.
1175 3018 1243 3073 Et
1265 3019 1386 3074 vide
1416 3036 1428 3072 :
1465 3033 1570 3073 non
1621 3019 1802 3073 dicunt
1830 3034 2065 3083 causam,
2094 3022 2216 3090 quia

651 3111 780 3165 nihil
837 3110 1119 3166 dicendum
1187 3111 1486 3176 habebant,
1535 3111 1628 3165 sed
1672 3111 1906 3165 clamore
1949 3126 2009 3167 se
2050 3122 2219 3168 terro-

645 3217 760 3256 rem
793 3203 1029 3257 incutere
1060 3203 1436 3272 putant:atqui
1467 3201 1534 3257 ab
1558 3204 1954 3258 accusatoribus
1974 3205 2218 3261 ediscen-

651 3293 775 3349 dum
799 3303 929 3348 erat.
960 3294 1027 3346 Et
1053 3294 1281 3348 tribunus
1311 3296 1494 3361 timuit,
1541 3295 1729 3364 inquit,
1762 3311 2061 3365 cognoscens
2088 3298 2220 3367 quod

650 3387 911 3440 Romanus
938 3395 1080 3440 esset.
1107 3385 1222 3440 Non
1248 3395 1362 3441 erat
1386 3401 1512 3456 ergo
1539 3387 1894 3452 mendacium,
1921 3389 2058 3457 quod
2085 3389 2218 3442 Pau-

659 3480 740 3532 lus
764 3479 965 3533 diceret
985 3492 1042 3532 se
1056 3477 1350 3533 Romanum
1374 3493 1512 3533 esse.
1542 3478 1609 3532 Et
1627 3478 1772 3532 solvit
1797 3495 1908 3532 eum
1933 3496 1964 3531 a
1991 3479 2219 3546 vinculis,

655 3570 842 3639 inquit,
893 3587 933 3622 c.
993 3570 1245 3624 adducens
1294 3569 1467 3622 statuit
1518 3585 1629 3622 eum
1678 3571 1729 3623 in
1774 3571 2059 3623 concilium.
2113 3571 2224 3626 Hoc

653 3658 932 3727 oportebat
985 3657 1192 3726 facere,
1243 3673 1416 3728 neque
1464 3659 1600 3714 velle
1651 3658 1938 3729 ﬂagellare,
1993 3660 2086 3714 sed
2136 3675 2221 3716 re-

655 3751 896 3821 linquere
949 3765 1069 3805 eum
1103 3792 1118 3817 ,
1175 3751 1266 3821 qui
1322 3751 1454 3804 nihil
1509 3750 1735 3805 vinculis
1789 3751 2005 3820 dignum
2062 3750 2222 3806 fecis-

657 3855 759 3899 set.
811 3843 879 3897 Et
924 3844 1070 3897 solvit
1104 3860 1238 3908 eum,
1288 3842 1471 3911 inquit,
1503 3853 1547 3896 et
1578 3845 1643 3895 ad
1671 3843 1785 3897 illos
1826 3843 2059 3897 adduxit.
2115 3844 2226 3898 Hoc

660 3934 888 3989 maxime
917 3933 933 3965 ¹
960 3934 1146 3988 anxios
1171 3933 1400 3988 reddidit
1451 3934 1684 3988 Judmos.
1739 3933 2012 3988 lntendens
2060 3943 2226 3987 autem

659 4026 856 4081 Paulus
897 4028 951 4083 in
989 4026 1277 4090 concilium,
1309 4026 1495 4097 inquit,
1539 4026 1706 4079 dixit:
1746 4025 1850 4079 Viri
1878 4030 2082 4093 fratres.
2129 4025 2227 4080 llic

657 4135 716 4173 se
770 4119 1015 4174 lidentem
1062 4119 1314 4185 ostendit,
1358 4127 1413 4173 et
1467 4119 1901 4188 imperterritum.
1951 4117 2056 4174 Sed
2108 4117 2228 4173 vide

659 4210 870 4263 illorum
909 4211 1292 4280 petulantiam;
1334 4210 1604 4281 subiunxit
1629 4211 1770 4265 enim
1802 4229 1814 4264 :
1846 4209 2092 4280 Princeps
2136 4227 2230 4264 au-

659 4310 757 4354 tem
801 4301 1116 4355 sacerdotum
1147 4303 1370 4356 Anauias
1423 4303 1657 4371 praecepit
1688 4310 1742 4354 ut
1793 4311 2132 4371 percuterctur
2175 4319 2231 4357 os

664 4393 792 4459 ejus.
822 4389 929 4448 Cur
973 4392 1239 4460 percutis?
1276 4392 1399 4462 quid
1430 4392 1569 4448 enim
1595 4393 2035 4447 contumeliosum
2057 4393 2230 4448 dixit?

660 4480 704 4534 0
733 4481 1146 4550 impudentiam!
1185 4497 1217 4535 ο
1243 4481 1542 4536 audaciam!
1577 4481 1714 4535 Tunc
1737 4481 1927 4536 Paulus
1954 4483 2079 4536 dixit
2101 4484 2178 4537 illi
2214 4500 2231 4538 :

665 4569 919 4625 I‘ercutiet
963 4581 1008 4626 te
1029 4571 1187 4639 Deus,
1216 4574 1380 4642 paries
1410 4572 1655 4625 dealbate.
1687 4572 1864 4640 Papae,
1895 4573 2226 4628 libertatem!

662 4661 742 4715 Ob
792 4661 1095 4731 hypocrisin
1135 4673 1187 4717 et
1242 4664 1568 4732 iniquitatem
1614 4663 1760 4717 illum
1811 4663 2078 4717 traducit:
2113 4663 2231 4719 ideo

660 4750 819 4805 etiam
869 4751 1195 4818 reprimitur.
1225 4752 1340 4822 ipse
1367 4769 1491 4806 vero
1515 4753 1706 4808 dubius
1736 4769 1799 4808 ne
1830 4754 1988 4808 audet
2018 4754 2229 4823 quidem

665 4841 842 4911 loqui;
891 4841 986 4896 sed
1031 4842 1119 4912 qui
1169 4844 1315 4910 juxta
1373 4843 1521 4896 illum
1549 4854 1730 4906 erant,
1775 4847 1888 4916 ejus
1933 4848 2229 4903 libertatem

663 4947 768 4986 non
801 4931 1051 4987 tulerunt.
1104 4934 1176 4987 ita
1223 4934 1471 4988 videbant
1518 4936 1787 4992 hominem
1845 4949 2067 4993 mortem
2123 4957 2228 4994 non

662 5034 961 5093 curantem,
1009 5035 1063 5080 et
1092 5041 1194 5080 non
1222 5028 1606 5082 sustinuerunt.
1657 5027 1976 5095 Nesciebam,
2029 5032 2226 5102 inquit,

664 5115 798 5184 quod
826 5133 1048 5170 summus
1087 5117 1318 5172 sacerdos
1343 5119 1424 5171 sit.
1475 5119 1614 5189 Ergo
1635 5135 1700 5175 ex
1732 5123 2024 5190 ignorantia
2055 5125 2230 5182 incre-

663 5207 805 5272 patio
833 5207 927 5260 fuit
954 5225 966 5260 :
1001 5209 1099 5261 nisi
1127 5209 1265 5262 enim
1292 5210 1389 5264 hoc
1417 5222 1577 5276 esset,
1608 5213 1697 5266 illo
1736 5225 1954 5284 accepto
1991 5218 2227 5285 abiisset,

663 5311 760 5353 nec
789 5297 1053 5361 tacuisset,
1097 5307 1252 5367 atque
1283 5301 1452 5369 ipsum
1481 5302 1583 5356 illis
1621 5303 1860 5358 tribunus
1906 5307 2226 5362 tradidisset.

731 5389 785 5442 5.
818 5387 914 5441 iiic
939 5403 1100 5458 porro
1126 5392 1354 5445 ostendit
1384 5408 1439 5448 se
1471 5395 1696 5449 libenter
1733 5397 1845 5450 hzee
1878 5400 1981 5465 pati
2015 5416 2026 5450 :
2063 5408 2222 5470 atque

662 5479 732 5531 ita
762 5479 1020 5533 rationem
1048 5480 1222 5535 reddit
1250 5497 1367 5536 cum
1411 5485 1513 5539 illis
1543 5528 1556 5551 ,
1601 5486 1703 5554 legi
1730 5503 1785 5542 se
1817 5489 2032 5560 obsequi
2062 5535 2075 5559 ,
2125 5509 2227 5547 non

662 5570 767 5623 illis
811 5569 1213 5639 demonstrans;
1252 5589 1370 5627 nam
1420 5577 1538 5630 illos
1585 5579 1869 5634 admodum
1922 5583 2224 5639 damnabat.

736 5709 748 5736 ‘
785 5706 838 5756 in
867 5699 1021 5777 tribus
1041 5703 1188 5777 Codd.
1231 5710 1409 5777 legitur
1437 5727 1445 5758 :
1482 5723 1574 5763 Hoc
1598 5716 1835 5777 oportebat
1869 5719 2026 5776 ωιτν-ι’
2052 5718 2108 5765 nl'
2137 5721 2224 5770 iui—

670 5771 750 5805 ‘IO.
776 5785 792 5814 ι
811 5767 1013 5818 Solutum
1038 5781 1098 5820 dii
1127 5771 1232 5822 istos
1277 5767 1497 5823 (uitiauit.
1524 5794 1542 5819 ιι
1581 5767 1676 5826 acc
1704 5767 1928 5836 nma‘inle,
1955 5791 2048 5826 (ηις.

1349 361 1405 419 S.
1442 356 1712 418 JOANNIS
1747 357 2214 416 CURYSOSTOMI
2252 356 2562 416 ARCHIEP.
2603 355 3133 414 CONSTANTINOP.
3785 359 3889 414 3.36

2307 472 2532 544 Propter
2571 473 2741 542 legem
2787 473 2946 542 igitur
2987 473 3245 526 rationem
3273 471 3474 537 reddit,
3526 489 3628 527 non
3671 483 3890 542 prepter

2308 563 2595 635 populum;
2624 571 2678 618 et
2701 563 2823 631 jure
2851 564 3066 632 quidem
3098 579 3111 615 :
3145 577 3265 617 nam
3298 578 3417 617 eum
3441 604 3456 627 ,
3506 564 3593 632 qui
3640 578 3698 617 se
3748 562 3888 616 nihil

2306 655 2539 720 ireserat,
2569 664 2623 710 et
2649 656 2986 711 innocentem
3018 654 3263 709 occidere
3294 654 3529 724 iniquum
3558 663 3692 708 erat.
3722 653 3891 723 igitur

2305 746 2444 816 quod
2471 747 2538 801 ab
2569 747 2658 800 illo
2683 746 2882 801 dictum
2914 755 2997 801 est
3020 787 3035 810 ,
3082 759 3188 800 non
3230 745 3551 800 contumelia
3593 754 3746 810 erat;
3781 744 3888 800 nisi

2307 837 2426 906 quis
2449 836 2589 891 dicat
2613 836 2882 892 Christum
2915 836 3293 890 contumeliam
3328 835 3586 905 proferre,
3611 849 3731 889 cum
3765 835 3842 886 ait
3871 850 3888 886 :

2319 927 2405 983 Vw
2423 929 2556 984 vobis
2579 929 2753 984 scribis
2780 937 2825 981 et
2854 926 3153 993 Pliaristeis,
3183 928 3300 997 quia
3325 926 3511 979 similes
3540 926 3653 978 estis
3681 925 3892 994 parieti—

2308 1021 2397 1075 bus
2425 1020 2668 1075 dealbatis
2708 1020 2918 1092 (Matth.
2949 1020 3039 1074 95.
3076 1019 3192 1088 27).
3227 1020 3417 1083 Etiam,
3449 1018 3688 1086 inquies;
3717 1016 3814 1071 sed
3845 1015 3892 1069 si

2291 1121 2590 1182 antequam
2617 1112 2992 1168 verberaretur
3019 1113 3119 1167 hoc
3141 1111 3382 1177 dixisset,
3416 1126 3519 1164 non
3555 1109 3741 1164 fuisset
3771 1109 3890 1168 irae.

2308 1204 2400 1257 sed
2433 1203 2658 1258 fiducia).
2686 1203 2884 1258 Verum
2927 1218 3153 1259 causam
3178 1203 3310 1266 dixi,
3341 1201 3478 1271 quod
3507 1202 3672 1255 nollet
3696 1199 3894 1269 despe-

2309 1297 2414 1350 ctui
2451 1297 2655 1352 haberi.
2690 1297 2845 1366 Atqui
2891 1312 3033 1365 sape
3056 1296 3300 1351 Christus
3329 1294 3541 1350 Judzeos
3567 1292 3891 1348 contumelia

2308 1387 2520 1453 affecit,
2550 1389 2662 1456 ipse
2697 1388 3019 1442 contumelia
3062 1386 3289 1441 affectus
3313 1426 3327 1451 ,
3359 1395 3415 1440 ut
3442 1401 3562 1441 cum
3591 1385 3719 1440 dicit
3749 1400 3764 1437 :
3809 1383 3892 1436 Ne

2311 1479 2494 1546 putetis
2536 1480 2670 1547 quod
2694 1495 2783 1549 ego
2825 1494 3054 1531 accusent
3083 1494 3167 1531 vos
3215 1475 3395 1548 (Ioan.
3445 1475 3496 1530 5.
3527 1476 3640 1529 ινδ.
3689 1476 3756 1527 At
3786 1473 3891 1527 hoc

2312 1569 2632 1624 contumelia
2656 1583 2757 1622 non
2777 1577 2876 1634 est,
2902 1569 3058 1623 absit.
3079 1567 3212 1622 Vide
3230 1580 3356 1636 ergo
3380 1580 3497 1620 cum
3527 1576 3720 1634 quanta
3739 1579 3893 1616 man-

2310 1659 2592 1715 suetudine
2623 1660 2741 1714 illos
2768 1661 3089 1728 alloquatur.
3137 1655 3469 1722 Nesciebam,
3504 1655 3705 1724 inquit,
3750 1652 3892 1720 quod

2309 1767 2532 1805 summus
2552 1751 2783 1804 sacerdos
2809 1749 2900 1802 Dei
2926 1759 3072 1802 esset.
3098 1748 3210 1802 Hoc
3230 1747 3383 1812 dixit,
3417 1761 3586 1815 neque
3610 1745 3692 1797 hic
3718 1743 3890 1808 stetit;

2310 1842 2404 1896 sed
2431 1841 2720 1895 ostendens
2743 1854 2801 1895 se
2826 1856 2933 1895 non
2965 1840 3166 1894 ironice
3196 1839 3360 1908 loqui,
3388 1837 3568 1892 addit:
3597 1835 3893 1902 Principcm

2311 1932 2488 2002 populi
2512 1933 2585 1985 tui
2611 1949 2710 1986 non
2737 1932 3022 1986 maledicos.
3057 1929 3245 1986 Viden’
3271 1929 3536 2000 quomodo
3565 1929 3713 1984 illum
3744 1928 3894 1996 prin-

2311 2023 2355 2076 ci
2365 2039 2481 2092 pem
2507 2023 2680 2077 adhuc
2702 2022 3022 2078 confitetur?

2387 2117 2727 2171 Mansuetudo
2751 2115 3149 2170 commendatur.
3168 2144 3234 2153 —
3258 2113 3534 2168 Discamus
3563 2125 3690 2181 ergo
3710 2119 3765 2164 ct
3792 2125 3892 2163 nos

2315 2207 2794 2271 mansuetudinem,
2829 2215 2885 2259 ut
2907 2206 2957 2260 in
2984 2205 3224 2273 utrisque
3251 2204 3418 2258 simus
3448 2201 3686 2271 perfecti.
3721 2200 3886 2254 Multa

2313 2301 2454 2354 enim
2483 2299 2821 2353 accuratione
2841 2311 2976 2367 opus
2999 2304 3108 2360 est,
3136 2303 3193 2348 ut
3215 2294 3447 2348 discatur
3468 2292 3591 2361 quid
3621 2292 3738 2350 hoc.
3763 2292 3893 2359 quid

2315 2391 2445 2445 illud
2474 2391 2541 2444 sit
2583 2389 2965 2443 :accuratione
3012 2395 3189 2441 autem
3230 2399 3365 2454 opus
3406 2393 3517 2450 est,
3547 2384 3668 2452 quia
3719 2382 3894 2435 vicina

2314 2493 2440 2537 sum
2467 2480 2747 2535 virtutibus
2776 2480 2901 2534 vitia
2925 2519 2940 2545 ,
2971 2476 3183 2533 dicendi
3215 2475 3443 2530 libertati
3471 2474 3712 2541 audacia,
3743 2488 3897 2526 man-

2315 2572 2578 2628 suetudini
2595 2572 2818 2640 ignavia.
2835 2569 3143 2626 Cavendum
3163 2576 3338 2622 autem
3361 2575 3463 2634 est,
3483 2581 3549 2620 ne
3565 2565 3683 2635 quis
3706 2563 3895 2617 vitium

2320 2674 2505 2719 tenens
2530 2663 2778 2717 virtutem
2803 2676 2861 2716 se
2893 2669 3041 2730 putet
3071 2659 3271 2714 habere
3296 2675 3310 2724 ;
3343 2666 3399 2711 ut
3423 2657 3467 2711 si
3497 2657 3616 2726 quis
3644 2655 3900 2724 Opinetur

2318 2753 2542 2824 sejungi
2561 2753 2812 2820 dominzn,
2841 2751 2966 2806 dum
2988 2750 3227 2820 jungitur
3255 2748 3480 2803 ancillae.
3503 2745 3638 2813 Quid
3665 2756 3742 2801 est
3767 2760 3900 2814 ergo

2319 2843 2669 2900 mansuetudo
2692 2882 2709 2909 ,
2751 2851 2804 2898 et
2830 2841 2956 2911 quid
2997 2850 3080 2895 est
3111 2839 3359 2910 ignavia?
3384 2837 3520 2892 Cum
3565 2836 3698 2889 alios
3739 2836 3849 2889 best
3871 2847 3901 2888 s

2320 2952 2427 2990 non
2466 2934 2836 2998 defendimus,
2879 2931 2971 2986 sed
3015 2941 3289 2996 tacemus,
3335 2927 3463 2982 illud
3511 2934 3594 2981 est
3628 2927 3836 2997 ignavia
3879 2938 3900 2980 :

2319 3026 2534 3097 quando
2560 3032 2736 3078 autem
2765 3023 2902 3078 male
2928 3021 3103 3077 affecti
3129 3020 3417 3075 toleramus
3436 3059 3450 3083 ,
3484 3018 3612 3072 illud
3645 3027 3727 3071 est
3749 3033 3904 3070 man-

2321 3117 2568 3174 suetudo.
2610 3116 2746 3184 Quid
2787 3124 2870 3171 est
2915 3114 3165 3184 loquendi
3209 3113 3466 3168 libertas?
3509 3111 3641 3165 illud
3684 3110 3900 3178 ipsum,

2321 3224 2441 3265 cum
2468 3224 2565 3279 pro
2591 3209 2712 3262 aliis
2737 3207 3096 3261 decertamus.
3115 3204 3251 3272 Quid
3273 3203 3532 3258 audacia?
3559 3201 3785 3268 Quando
3803 3219 3854 3253 lit
3877 3215 3905 3254 s

2322 3302 2474 3372 ipsos
2515 3300 2696 3355 ulcisci
2727 3299 2990 3353 volumus.
3038 3296 3219 3366 itaque
3269 3294 3427 3350 simul
3464 3294 3754 3364 junguntur
3785 3307 3906 3345 ma-

2323 3394 2642 3464 gnanimitas
2682 3401 2735 3448 et
2778 3391 2988 3445 dicendi
3030 3391 3277 3454 libertas;
3311 3390 3545 3457 itemque
3599 3385 3817 3440 audacia
3851 3396 3908 3437 et

2326 3488 2554 3558 ignavia.
2586 3487 2686 3554 Qui
2715 3487 2854 3542 enim
2885 3501 2981 3556 pro
3008 3486 3186 3554 seipse
3218 3500 3321 3538 non
3350 3483 3515 3548 dolet,
3546 3482 3632 3536 vix
3657 3497 3751 3550 pro
3782 3480 3910 3533 aliis

2326 3579 2562 3646 dolebit;
2596 3580 2686 3649 qui
2727 3594 2855 3634 vero
2890 3578 3124 3647 seipsum
3159 3592 3264 3630 non
3311 3574 3584 3629 ulciscitur
3607 3615 3622 3640 ,
3653 3574 3739 3626 vix
3767 3571 3911 3624 alios

2328 3686 2432 3724 non
2463 3671 2770 3724 uleiscdur.
2817 3669 2947 3724 Cum
2979 3669 3122 3723 enim
3151 3682 3326 3722 mores
3366 3674 3489 3720 sunt
3513 3680 3542 3718 a
3571 3664 3913 3733 passiouihus

2331 3763 2476 3830 puri,
2506 3762 2754 3814 virtutem
2783 3759 3088 3814 admittunt.
3118 3757 3187 3812 Ut
3216 3771 3409 3825 corpus
3451 3771 3480 3807 a
3522 3755 3654 3810 febri
3681 3754 3912 3808 liberum

2330 3853 2491 3908 robur
2530 3852 2748 3920 accipit,
2782 3852 2859 3905 sic
2906 3851 3081 3914 anima
3111 3847 3448 3918 passionibus
3476 3860 3582 3900 non
3614 3854 3870 3912 corrupta
3896 3885 3911 3908 ,

2331 3942 2691 3998 fortitudinem
2713 3941 2924 4012 accipit.
2953 3939 3152 4009 Magna:
3179 3937 3506 3993 fortitudinis
3536 3936 3790 3991 indicium
3827 3946 3914 3989 est

2330 4034 2721 4089 mansuetudo:
2751 4047 3011 4103 generosa
3051 4041 3105 4087 et
3130 4031 3265 4084 virili
3296 4030 3475 4084 anima
3513 4027 3917 4095 admodumque

2331 4126 2542 4181 sublimi
2561 4139 2695 4195 Opus
2713 4124 2873 4179 habet
2899 4121 3268 4178 mansuetudo.
3285 4121 3366 4174 An
3382 4135 3562 4190 parum
3584 4132 3702 4174 esse
3715 4127 3879 4187 putas
3897 4159 3912 4183 ,

2333 4216 2470 4271 male
2498 4214 2637 4269 affici
2668 4225 2722 4269 et
2751 4215 2854 4283 pati
2885 4255 2898 4278 ,
2940 4221 2996 4268 et
3024 4227 3130 4267 non
3170 4210 3516 4282 exasperari?
3555 4208 3664 4262 Nec
3689 4209 3916 4262 aberra-

2334 4308 2503 4373 verit,
2534 4305 2624 4374 qui
2650 4320 2830 4360 curam
2850 4303 3076 4374 proximi
3097 4304 3178 4358 sui
3205 4300 3565 4356 fortitudinem
3598 4300 3876 4353 vocaverit
3902 4319 3915 4352 :

2335 4397 2423 4467 qui
2452 4398 2593 4450 enim
2627 4404 2827 4450 tantum
2856 4395 3054 4459 valuit,
3087 4405 3142 4448 ut
3173 4402 3371 4447 tantam
3403 4392 3701 4460 passionem
3735 4390 3917 4444 vince-

2337 4499 2453 4554 ret,
2497 4489 2652 4543 aliam
2681 4503 2891 4559 quoque
2922 4486 3133 4558 aggredi
3159 4486 3392 4540 audebit.
3428 4484 3668 4552 Exempli
3707 4497 3868 4536 causa
3901 4526 3916 4545 ,

2335 4581 2453 4635 duce
2485 4582 2756 4651 passiones
2785 4589 2907 4634 sunt
2935 4581 3092 4634 timor
3122 4588 3175 4633 et
3200 4579 3276 4632 ira
3308 4596 3320 4630 :
3349 4579 3394 4632 si
3417 4578 3546 4631 iram
3573 4591 3918 4646 compescue-

2336 4677 2441 4740 ris,
2486 4675 2729 4729 timorem
2779 4684 2926 4728 certe
2963 4673 3178 4734 vinces;
3213 4671 3345 4724 iram
3383 4678 3558 4722 autem
3610 4669 3777 4722 vincis
3803 4709 3818 4730 ,
3872 4671 3917 4722 si

2336 4774 2645 4820 mansuetus
2688 4765 2761 4818 sis
2807 4782 2819 4817 :
2854 4764 3010 4832 igitur
3042 4771 3095 4815 et
3135 4761 3377 4814 timorem
3409 4761 3591 4814 vinces
3615 4802 3628 4824 ,
3671 4760 3713 4812 si
3757 4759 3918 4813 fortis

2337 4856 2516 4910 fueris.
2551 4856 2755 4912 Rursus
2800 4855 2843 4907 si
2884 4855 3017 4907 iram
3066 4867 3168 4906 non
3203 4852 3421 4917 viceris,
3464 4851 3631 4905 audax
3678 4852 3825 4916 eris;
3875 4855 3918 4906 si

2337 4960 2511 5003 autem
2546 4949 2646 5003 hoc
2677 4947 2859 5001 vitium
2906 4961 3011 5000 non
3039 4946 3404 5013 suieraveris,
3452 4958 3624 5014 neque
3668 4944 3918 4998 timorem

2338 5057 2588 5110 superare
2615 5042 2812 5111 poteris
2847 5059 2858 5093 :
2889 5039 3064 5110 itaque
3090 5038 3463 5094 formidolosus
3492 5039 3631 5101 eris;
3657 5037 3920 5107 idipsum-

2337 5145 2438 5200 quc
2466 5134 2688 5199 accidit,
2739 5147 2802 5186 ac
2845 5132 2886 5185 si
2929 5146 3122 5200 corpus
3151 5132 3220 5185 ita
3259 5131 3434 5185 debile
3476 5130 3635 5184 fuerit
3678 5143 3730 5184 et
3772 5133 3919 5185 male

2340 5235 2685 5294 temperatum
2708 5265 2722 5289 ,
2752 5232 2809 5277 ut
2831 5223 3033 5276 nullum
3063 5223 3230 5291 possit
3261 5221 3401 5276 ferre
3423 5221 3658 5274 laborem
3689 5239 3700 5273 :
3732 5223 3916 5276 statim

2339 5316 2422 5369 vel
2452 5332 2479 5368 a
2511 5316 2705 5386 frigore
2733 5316 2817 5370 vel
2845 5331 2874 5368 a
2906 5315 3082 5370 calore
3110 5315 3368 5384 abripitur
3400 5333 3414 5367 :
3446 5314 3547 5367 tale
3575 5329 3801 5382 namque
3832 5327 3919 5370 est

2338 5407 2389 5461 id
2433 5450 2447 5472 ,
2479 5409 2616 5477 quod
2660 5418 2742 5463 est
2779 5408 2912 5462 male
2969 5416 3349 5476 temperatum;
3380 5407 3519 5476 quod
3565 5418 3739 5460 autem
3775 5407 3919 5462 bene

2340 5509 2690 5569 temperatura
2719 5509 2831 5567 est,
2858 5503 3035 5554 omnia
3064 5500 3310 5554 sustinet.
3356 5495 3584 5552 Rursum
3633 5501 3915 5566 magnani-

2339 5593 2492 5646 mitas
2515 5593 2679 5646 virtus
2705 5603 2786 5645 est
2805 5633 2817 5655 ,
2843 5593 3022 5660 illique
3049 5592 3217 5647 vicina
3241 5601 3324 5647 est
3353 5592 3693 5660 prodigalitas
3724 5611 3734 5641 :
3763 5607 3912 5646 meo.

2341 5687 2514 5738 nantia
2563 5684 2732 5737 virtus
2775 5691 2887 5747 est,
2931 5683 3134 5752 ipsique
3163 5685 3331 5736 vicina
3363 5694 3441 5736 est
3485 5683 3811 5751 parcimonia
3862 5697 3913 5737 ct

2341 5775 2604 5831 sordities.
2647 5777 2747 5844 Age.
2782 5790 3150 5843 ergo,rursum
3181 5775 3396 5830 virtutes
3431 5774 3756 5843 colligamus.
