4072 6410
338 452 440 511 33⁸1

413 566 538 635 Quis
557 565 620 620 sit
650 579 762 619 uere
782 561 1152 634 inagnanimus.
1171 587 1239 598 --
1257 557 1370 612 Νοη
1400 571 1530 625 ergo
1551 556 1923 623 magnanimus

337 670 415 716 est
439 657 715 728 prodigus.
735 651 1054 723 Quomodo?
1079 649 1179 716 Qui
1204 650 1346 704 mille
1370 649 1576 717 capitur
1597 645 1759 700 animi
1781 658 1922 698 mor-

337 750 449 815 bis,
483 746 754 818 quomodo
784 744 960 814 magni
996 740 1154 796 fuerit
1184 740 1390 794 animi?
1435 739 1618 808 Neque
1657 738 1800 793 enim
1835 735 1924 790 ille

227 897 236 904 ,
335 841 592 912 pecunias
617 845 945 902 contemnet,
977 834 1071 890 sed
1098 836 1259 888 etiam
1286 833 1404 887 aliis
1427 832 1738 902 subjicietur
1759 828 1921 884 animi

334 932 574 990 morbis:
607 938 665 985 ut
704 931 748 983 si
784 929 903 998 quis
935 927 1234 981 latronibus
1262 941 1449 995 parere
1477 934 1737 995 cogatur.
1785 923 1924 976 liber

336 1041 444 1079 non
476 1025 576 1078 erit
601 1041 617 1078 :
647 1036 751 1076 non
779 1020 920 1075 enim
943 1033 1005 1074 ex
1030 1018 1331 1073 divitiarum
1352 1023 1658 1086 contemptu
1684 1014 1740 1068 fit
1759 1028 1919 1084 pecu-

335 1115 544 1168 niarum
570 1111 826 1182 profusio,
855 1110 947 1165 sed
969 1110 1108 1180 quod
1134 1111 1408 1179 ignoretur
1427 1147 1442 1172 ,
1466 1121 1572 1176 quo
1599 1115 1753 1175 pacto
1778 1115 1926 1161 recte

332 1201 753 1273 dispensandum
781 1201 854 1255 sit
881 1216 898 1254 :‘
930 1216 1050 1254 nam
1079 1201 1124 1252 si
1155 1199 1337 1253 liceret
1362 1206 1416 1252 et
1454 1197 1575 1252 illas
1601 1196 1835 1252 retinere
1870 1205 1927 1252 et

333 1294 443 1347 illis
466 1291 592 1359 frui,
621 1293 673 1347 id
701 1293 880 1362 utique
911 1291 1088 1346 vellet.
1117 1289 1217 1356 Qui
1247 1303 1392 1354 vero,
1419 1297 1477 1342 ut
1503 1297 1732 1359 oportet.
1764 1303 1926 1358 pecu-

333 1387 454 1439 nias
482 1384 720 1449 insumit,
749 1385 792 1437 is
815 1387 1183 1452 magnanimus
1213 1390 1296 1436 est
1326 1399 1338 1434 :
1381 1394 1604 1450 magnus
1631 1381 1772 1436 enim
1800 1395 1925 1435 vere

332 1484 419 1530 est
465 1476 556 1529 ille
594 1474 841 1538 animus,
875 1472 966 1542 qui
1015 1471 1226 1526 affeetui
1266 1487 1372 1525 non
1409 1472 1617 1536 servit,
1660 1471 1750 1541 qui
1792 1470 1924 1524 nihil

334 1573 490 1636 putat
522 1577 642 1620 esse
674 1563 949 1633 pecunias.
986 1561 1191 1616 Rursus
1219 1561 1518 1616 oeconomia
1554 1562 1752 1616 bonum
1791 1572 1873 1616 est
1909 1580 1922 1613 :

331 1667 389 1714 et
410 1669 722 1712 (nconomus
762 1656 851 1708 ille
893 1655 1127 1724 optimus
1155 1653 1350 1717 fuerit,
1396 1653 1570 1722 quiut
1605 1662 1819 1722 Oportet
1846 1656 1926 1705 in-

332 1751 499 1806 sumit
519 1791 533 1814 ,
577 1749 663 1817 qui
693 1762 798 1801 non
827 1756 1030 1801 temere
1059 1747 1280 1816 spargit.
1311 1746 1378 1800 At
1406 1748 1473 1800 de
1509 1746 1833 1816 parcimonia
1874 1755 1928 1800 et

333 1840 624 1895 tenacitate
650 1853 756 1892 non
787 1837 928 1892 idem
955 1836 1264 1892 dicendum.
1314 1835 1404 1892 Ille
1445 1851 1676 1906 namque
1706 1837 1880 1890 omnia
1909 1879 1924 1904 ,

332 1941 392 1984 ut
430 1937 642 1997 oportet
671 1929 931 1993 insumit;
965 1927 1051 1982 hic
1077 1943 1205 1982 vero
1241 1943 1307 1982 ne
1338 1928 1570 1983 instante
1595 1927 1809 1997 quidem
1835 1943 1928 1982 ue-

331 2021 591 2075 cessitate
632 2020 886 2088 pecunias
916 2019 1135 2088 profert.
1171 2019 1516 2074 (Economus
1541 2034 1670 2090 ergo
1712 2035 1930 2089 magna-

332 2113 466 2166 nimi
493 2111 654 2166 frater
683 2111 858 2166 fuerit.
884 2111 1046 2183 Igitur
1065 2111 1223 2166 simul
1248 2127 1508 2182 ponemus
1531 2113 1928 2182 magnanimum

331 2216 389 2261 et
415 2219 790 2271 mcunomum;
822 2205 980 2260 simul
1013 2205 1291 2275 prodigum
1318 2215 1368 2261 et
1401 2217 1644 2261 tenacem
1678 2224 1689 2260 :
1719 2208 1929 2275 utrique

332 2297 478 2350 enim
525 2310 594 2350 ex
646 2295 939 2366 pusillitate
975 2297 1138 2349 animi
1179 2296 1282 2350 hoc
1321 2298 1634 2366 patiuntur;
1687 2299 1826 2352 sicut
1872 2307 1927 2352 ct

333 2385 412 2439 illi
440 2400 506 2438 ex
535 2385 993 2454 magnanimitate.
1021 2385 1100 2440 Ne
1129 2386 1286 2456 igitur
1314 2388 1715 2457 magnanimum
1743 2388 1930 2459 appel-

334 2476 507 2530 lemus
564 2491 723 2544 eum,
765 2477 857 2547 qui
898 2485 1100 2533 temere
1144 2477 1434 2547 impendit,
1491 2478 1587 2533 sed
1634 2493 1757 2534 eum
1783 2521 1796 2545 ,
1839 2481 1928 2550 qui

333 2574 522 2636 erogat
547 2574 604 2620 ut
622 2575 865 2636 oportet;
897 2582 1066 2638 neque
1088 2583 1430 2623 mcenomum
1450 2569 1690 2625 dicamus
1711 2585 1928 2639 parcum

333 2669 386 2715 et
417 2668 655 2715 tenacem
675 2700 689 2724 ,
720 2661 816 2715 sed
845 2674 988 2724 eum,
1021 2663 1108 2730 qui
1143 2661 1516 2731 intempestive
1541 2663 1778 2734 pecuniis
1800 2680 1926 2735 par-

335 2751 428 2805 cit.
459 2751 663 2817 Quanta
693 2751 847 2806 dives
873 2751 964 2806 ille
991 2753 1293 2821 insumpsit,
1318 2754 1409 2823 qui
1439 2753 1756 2809 induebatur
1791 2771 1932 2825 pur-

337 2856 466 2911 pura
500 2852 554 2896 et
578 2842 784 2912 bysso(
822 2841 1050 2898 Luc.l6.
1084 2843 1149 2899 l9
1177 2844 1374 2914 )?Sed
1414 2859 1519 2900 non
1563 2854 1679 2900 erat
1705 2861 1927 2916 magna-

334 2935 517 2988 nimus
548 2950 562 2987 :
592 2933 770 2988 anima
815 2949 1044 3004 namque
1078 2935 1196 3004 ejus
1239 2945 1295 2990 et
1338 2935 1654 2992 crudelitate
1691 2946 1745 2992 et
1785 2938 1929 2994 mille

334 3025 699 3094 voluptatibus
719 3025 1088 3091 detinebatur;
1117 3026 1232 3081 haec
1251 3036 1427 3082 autem
1447 3028 1718 3096 quomodo
1741 3045 1929 3100 magna

337 3116 535 3171 fuerit?
561 3115 931 3186 Magnanimns
959 3125 1077 3171 erat
1104 3118 1400 3185 Abraham,
1428 3119 1520 3189 qui
1550 3119 1616 3173 ad
1644 3119 1920 3189 hospitali.

337 3218 504 3262 tatem
536 3211 791 3278 pecunias
819 3209 1153 3276 insumebat,
1183 3211 1406 3266 vitulum
1439 3213 1726 3279 mactabat,
1756 3223 1811 3268 et
1841 3214 1927 3269 ubi

335 3315 474 3371 opus
501 3311 648 3367 erat,
677 3317 784 3357 non
814 3302 975 3357 modo
1005 3305 1268 3374 pecuniis,
1299 3305 1394 3360 sed
1415 3306 1576 3361 etiam
1599 3307 1792 3361 anima:
1818 3323 1929 3362 suae

336 3408 446 3446 non
476 3393 748 3462 parcebat.
789 3393 845 3450 Si
874 3410 1004 3465 ergo
1047 3396 1339 3451 viderimus
1379 3399 1684 3468 quempiam
1731 3400 1928 3454 lautam

337 3499 584 3540 mensam
613 3495 994 3556 apponentem,
1023 3490 1342 3544 meretrices
1371 3500 1425 3544 ct
1449 3492 1712 3560 parasitos
1735 3491 1934 3548 haben-

337 3583 445 3629 tem
467 3615 485 3640 ,
515 3590 582 3629 ne
602 3577 1000 3645 magnanimum
1029 3577 1179 3631 illum
1207 3593 1492 3643 vocemus,
1521 3581 1615 3636 sed
1641 3583 1930 3639 admodum

337 3667 640 3722 sordidum.
668 3668 804 3724 Vide
834 3685 1095 3739 namque,
1131 3684 1260 3741 quot
1283 3675 1483 3728 morbis
1514 3676 1678 3729 animi
1707 3679 1929 3740 serviat,

337 3758 480 3829 gula:
505 3797 522 3823 ,
567 3757 816 3814 absurdae
857 3760 1150 3829 voluptati,
1185 3762 1475 3819 adulationi
1509 3782 1521 3816 :
1555 3767 1645 3835 qui
1693 3782 1820 3822 vero
1849 3767 1933 3822 his

1292 441 1357 497 IN
1399 440 1572 496 ACTA
1619 434 2137 494 APOSTOLORUM.
2182 434 2407 491 IIOBIIL.
2457 431 2638 491 XLIX.

3519 435 3624 491 338

2029 548 2273 604 addictus
2315 558 2434 613 est,
2484 558 2541 604 ut
2583 562 2651 604 ne
2694 563 2856 604 unum
2907 548 3122 618 quidem
3160 564 3346 606 eorum
3391 551 3623 624 elfupre

2031 643 2234 712 possit,
2272 642 2546 713 quomodo
2585 643 2706 713 quis
2757 644 3161 712 magnanimum
3205 647 3400 702 vocet?
3445 649 3624 718 Itaque

2029 733 2177 787 illum
2227 733 2352 788 hinc
2400 734 2575 804 potius
2604 735 3002 802 pusillanimum
3033 736 3342 792 vocabimus
3378 752 3391 798 ;
3422 748 3623 803 quanto

2030 824 2182 894 plura
2204 826 2345 880 enim
2367 825 2690 895 profuderit,
2714 835 2861 882 tanto
2890 829 3059 898 magis
3101 829 3336 884 ostendit
3375 831 3622 884 vitiorum

2029 917 2241 974 illorum
2287 919 2622 991 tyrannidem
2673 936 2686 972 :
2733 919 2834 975 nisi
2874 921 3018 977 enim
3059 921 3132 976 illi
3181 920 3336 978 valde
3390 923 3628 993 impera-

2028 1019 2182 1076 rent,
2212 1027 2318 1067 non
2352 1019 2496 1067 tanta
2529 1013 2840 1069 insumeret.

2100 1103 2439 1175 Eleemosyna
2465 1104 2865 1158 commendatur.
2888 1134 2960 1145 —
2987 1106 3217 1160 Rursum
3250 1107 3292 1159 si
3332 1106 3628 1163 viderimus

2032 1194 2338 1265 quempiam
2367 1194 2497 1249 nihil
2526 1194 2716 1249 horum
2746 1195 2938 1251 talibus
2968 1207 3280 1266 crogantem
3304 1239 3318 1262 ,
3349 1197 3442 1252 sed
3481 1213 3618 1267 pan»-

2030 1300 2187 1355 peres
2225 1295 2569 1355 pascentem,
2608 1299 2806 1356 egenos
2841 1286 3117 1354 juvantem
3141 1330 3156 1352 ,
3200 1303 3323 1342 cum
3367 1288 3627 1358 frugalem

2029 1375 2131 1430 sibi
2175 1385 2330 1445 paret
2386 1390 2662 1439 mensam,
2711 1374 2852 1430 hunc
2888 1375 3180 1432 admodum
3227 1379 3628 1449 magnanimum

2031 1467 2272 1522 dicamus
2315 1485 2327 1521 :
2373 1467 2552 1537 magni
2600 1467 2800 1538 quippe
2843 1477 2927 1523 est
2956 1470 3118 1524 animi
3150 1485 3301 1525 suam
3349 1471 3632 1541 despicere

2032 1564 2264 1630 quietem
2291 1604 2306 1628 ,
2339 1570 2394 1617 et
2419 1561 2652 1617 alienam
2679 1576 2888 1616 curare.
2921 1562 3018 1617 Die
3042 1564 3184 1618 enim
3216 1564 3370 1630 mihi,
3399 1567 3444 1618 si
3471 1580 3628 1634 quem

2033 1651 2244 1707 videres
2305 1661 2564 1723 tyrannos
2600 1666 2788 1707 omnes
2829 1652 3254 1723 despicientem,
3306 1655 3630 1726 illorumque

2027 1743 2174 1812 jussa
2201 1743 2349 1797 nihili
2381 1744 2666 1798 facientem
2689 1785 2704 1810 ,
2741 1759 2836 1798 eos
2865 1755 3044 1800 autem
3076 1746 3168 1815 qui
3203 1747 3271 1802 ab
3311 1747 3416 1802 illis
3445 1749 3633 1818 oppri-

2034 1848 2251 1892 mnntnr
2293 1838 2611 1907 eripientem
2665 1854 2680 1894 :
2729 1853 2906 1893 annon
2951 1838 3052 1894 hoc
3084 1855 3336 1909 maguum
3370 1842 3632 1910 putares?

2033 1927 2146 1982 Hoc
2171 1939 2227 1983 et
2253 1929 2339 1983 hic
2364 1929 2682 1997 cogitemus.
2717 1930 2893 1984 Animi
2921 1929 3144 1986 allectus
3169 1940 3226 1987 et
3253 1932 3424 1988 morbi
3450 1941 3632 2003 tyrant-

2034 2021 2086 2073 ni
2115 2028 2277 2084 sunt;
2309 2019 2355 2073 si
2379 2019 2500 2073 illos
2526 2018 2957 2088 despexerimus,
2991 2022 3167 2091 magni
3200 2023 3433 2089 erimus;
3465 2024 3510 2077 si
3533 2037 3631 2078 au-

2037 2120 2142 2164 tem
2164 2110 2310 2164 alios
2338 2111 2628 2180 eripiamus
2647 2152 2661 2176 ,
2700 2111 2860 2181 longe
2901 2112 3136 2182 majores
3167 2130 3181 2168 :
3211 2122 3265 2168 et
3290 2114 3484 2169 merito
3509 2115 3634 2183 qui-

2035 2200 2181 2255 dem.
2230 2200 2363 2255 Nam
2406 2201 2496 2270 qui
2543 2216 2648 2255 non
2678 2201 2839 2256 modo
2869 2202 2970 2258 sibi
3003 2203 3316 2270 sufficiunt,
3347 2204 3441 2260 sed
3470 2205 3633 2260 etiam

2035 2292 2175 2357 aliis,
2210 2291 2444 2360 majores
2470 2301 2598 2348 sunt
2619 2293 2744 2359 illis,
2775 2293 2868 2365 qui
2901 2305 3150 2351 neutrum
3181 2282 3402 2352 faciunt:
3425 2298 3482 2353 Si
3504 2313 3635 2354 vero

2036 2385 2155 2452 quis
2202 2399 2230 2435 a
2273 2392 2502 2454 tyranno
2536 2384 2719 2454 jussus
2756 2400 2821 2440 ex
2863 2386 3094 2442 subditis
3138 2388 3302 2442 alium
3334 2388 3626 2457 verberet,

2036 2477 2197 2531 alium
2231 2477 2438 2541 trahat,
2469 2477 2633 2532 alium
2662 2481 2990 2536 contumelia
3018 2480 3254 2548 ofﬁciat,
3283 2497 3350 2536 an
3385 2484 3485 2537 hoc
3515 2498 3631 2538 ma-

2036 2568 2275 2637 gnanimi
2317 2584 2440 2624 esse
2466 2569 2746 2624 dicamus?
2774 2571 3231 2642 Haudquaquam,
3264 2584 3320 2630 et
3348 2582 3498 2630 tanto
3534 2575 3636 2628 mi-

2039 2673 2171 2726 nus,
2213 2667 2420 2728 quanto
2460 2660 2631 2729 major
2677 2661 2768 2715 ille
2820 2662 3003 2718 fuerit.
3045 2663 3121 2718 Ita
3167 2677 3255 2719 res
3295 2665 3346 2718 in
3381 2665 3634 2733 prrescuti

2035 2759 2121 2803 est
2162 2772 2175 2804 :
2225 2765 2368 2803 nunc
2404 2751 2547 2804 enim
2579 2752 2896 2821 proponitur
2914 2753 3092 2809 anima
3124 2754 3320 2809 nobilis
3350 2764 3404 2810 et
3432 2756 3634 2822 libera;

2039 2840 2177 2896 hanc
2227 2843 2485 2913 prodigus
2523 2844 2684 2913 jussit
2734 2844 2940 2915 percuti
2989 2862 3019 2902 a
3063 2848 3242 2917 pravis
3289 2848 3573 2904 affectibus
3621 2868 3635 2904 :

2035 2946 2231 2987 eumne
2253 2933 2342 3003 qui
2369 2934 2605 3004 seipsum
2639 2937 2869 3003 percutit
2893 2977 2908 3004 ,
2939 2943 3336 3008 magnanimum
3359 2939 3639 2996 dicemus?

2036 3020 2406 3092 Nequaquam.
2442 3025 2582 3095 Ergo
2605 3025 2875 3082 discamus
2900 3069 2914 3094 ,
2945 3029 3073 3098 quid
3105 3029 3175 3083 sit
3200 3032 3634 3101 magnanimitas,

2037 3113 2165 3183 quid
2209 3115 2592 3184 prodigalitas;
2639 3118 2767 3188 quid
2813 3120 3204 3185 mansuetudo,
3237 3123 3363 3192 quid
3392 3124 3635 3194 ignavia;

2037 3205 2166 3275 quid
2191 3205 2403 3262 dicendi
2430 3207 2687 3276 libertas,
2716 3210 2843 3280 quid
2875 3211 3097 3266 audacia
3135 3234 3149 3266 ς
3185 3222 3241 3266 ut
3263 3213 3378 3268 base
3410 3215 3553 3271 inter
3577 3233 3640 3274 se

1993 3346 1998 3352 .
2038 3297 2738 3371 distinguentes.p0551mus
2761 3304 2987 3360 Domino
3015 3306 3287 3374 placentes
3316 3317 3636 3377 praesentem

2038 3393 2200 3446 vitam
2234 3393 2532 3463 transigere
2552 3435 2567 3459 ,
2597 3404 2654 3450 et
2679 3395 2858 3450 futura
2883 3398 3140 3467 consequi
3171 3397 3312 3453 bona
3335 3439 3349 3464 ,
3383 3401 3554 3470 gratia
3583 3410 3637 3456 et

2037 3483 2367 3554 benignitate
2409 3484 2678 3556 Unigeniti
2715 3487 2833 3557 ejus
2858 3529 2874 3555 ,
2908 3489 3123 3557 quicum
3156 3488 3300 3544 Patri
3338 3498 3393 3546 et
3416 3490 3640 3560 Spiritui

2039 3582 2229 3629 sancto
2277 3575 2446 3644 gloria
2469 3616 2483 3640 ,
2522 3575 2804 3645 imperium
2827 3620 2841 3643 ,
2874 3577 3051 3634 honor
3073 3621 3086 3641 ,
3121 3595 3262 3636 nunc
3303 3590 3357 3636 et
3387 3597 3633 3653 semper,

2037 3676 2090 3720 et
2119 3666 2171 3720 in
2198 3667 2391 3723 szccula
2425 3669 2769 3724 saeculorum.
2801 3671 2996 3726 Amen.

335 3882 3624 3918 mw

1673 3979 2018 4074 noMILIA
2064 3983 2301 4045 XLIX.

337 4103 472 4159 Car.
515 4100 607 4157 25.
654 4115 708 4154 ν.
766 4099 820 4156 6.
871 4101 1052 4156 Sciens
1111 4111 1279 4156 autem
1328 4103 1528 4159 Paulus
1558 4146 1572 4172 ,
1622 4109 1757 4175 quod
1831 4125 1935 4163 una

420 4209 544 4264 pars
591 4201 719 4248 esset
750 4191 1157 4248 Sadduazorum
1177 4235 1191 4259 ,
1241 4205 1286 4248 et
1322 4197 1484 4248 altera
1529 4195 1932 4264 Pharisteorum,

414 4286 715 4340 exclamauit
753 4285 805 4338 in
833 4285 1088 4340 concilio:
1126 4284 1235 4339 Viri
1276 4287 1481 4356 fratres,
1512 4305 1602 4358 ego
1640 4288 1935 4345 Phariscus

413 4393 549 4442 sum,
574 4375 828 4430 Pharisaei
866 4377 1048 4443 ﬁlius;
1097 4377 1160 4430 de
1193 4393 1281 4447 spe
1309 4388 1354 4431 et
1391 4381 1756 4434 resurrectione
1794 4399 1934 4436 mor-

419 4481 625 4523 tuorum
647 4485 738 4539 ego
772 4469 1003 4538 judicor.
1047 4470 1100 4523 7.
1152 4469 1220 4523 Et
1256 4487 1368 4524 cum
1399 4472 1494 4526 hoc
1524 4473 1753 4539 dixisset,
1800 4478 1938 4544 facta

416 4569 490 4614 est
515 4560 758 4614 dissensio
780 4562 910 4614 inter
941 4560 1230 4615 PImristeos
1253 4571 1297 4616 et
1323 4561 1638 4618 Sadducceos
1656 4573 1701 4618 et
1724 4565 1937 4618 discissa

419 4663 491 4709 est
536 4653 827 4707 multitudo.
856 4652 907 4709 8.
937 4652 1213 4709 Sadducnzi
1260 4657 1393 4709 enim
1439 4657 1636 4724 dicunt,
1683 4674 1783 4712 non
1834 4675 1940 4713 esse

420 4744 870 4811 resurrectionem,
925 4762 1084 4815 neque
1124 4746 1359 4818 angelum
1385 4788 1400 4814 ,
1449 4764 1609 4816 neque
1657 4750 1937 4818 spiritum:

421 4837 680 4892 Pharisaei
703 4848 874 4892 autem
905 4848 1117 4906 utraque
1142 4839 1470 4908 conﬁtentur.

424 4930 474 4983 I.
509 4928 740 4982 Rursum
789 4928 1023 4983 humano
1077 4945 1227 4984 more
1274 4930 1530 4998 disserit,
1583 4948 1684 4987 nec
1723 4948 1941 5005 semper

347 5018 520 5087 gratia
551 5016 746 5072 fruitur
771 5036 787 5083 ;
825 5020 921 5074 sed
946 5020 1108 5074 etiam
1137 5022 1337 5091 aliquid
1361 5038 1389 5075 a
1415 5026 1595 5094 seipso
1617 5027 1941 5095 permittitur

351 5110 590 5174 afferre;
620 5109 670 5164 id
697 5110 841 5180 quod
872 5126 1001 5166 sane
1031 5111 1153 5166 facit
1179 5131 1192 5165 :
1225 5125 1279 5169 et
1306 5116 1355 5168 in
1387 5115 1492 5171 hoc
1520 5125 1572 5171 et
1603 5117 1653 5171 in
1694 5119 1942 5189 sequenti

354 5201 619 5255 rationem
647 5200 861 5267 reddit,
890 5213 948 5255 ut
988 5204 1196 5258 scindat
1231 5206 1624 5263 multitudinem
1657 5220 1842 5264 contra
1883 5227 1943 5267 se

353 5293 496 5348 male
513 5294 874 5364 conjunctam.
900 5295 1083 5365 Neque
1115 5299 1389 5364 mentitur,
1414 5315 1533 5354 cum
1564 5316 1623 5356 se
1651 5301 1781 5356 dicit
1805 5303 1943 5357 Pha-

353 5385 607 5440 risznum:
654 5387 959 5442 Pbarisaeus
1015 5390 1156 5443 enim
1199 5401 1313 5445 erat
1372 5409 1439 5447 ex
1489 5394 1940 5463 progenitoribus.

357 5477 482 5533 Ideo
503 5477 574 5532 ita
601 5491 720 5534 sese
767 5479 1038 5536 defendit:
1063 5480 1361 5538 Pharisazus
1391 5502 1482 5555 ego
1512 5503 1660 5551 sum,
1693 5485 1946 5541 Phariswi

357 5569 519 5636 ﬁlius,
548 5579 598 5622 et
626 5569 690 5622 de
713 5587 802 5639 spe
831 5588 890 5624 ac
925 5575 1290 5627 resurrectione
1337 5586 1656 5631 mortuorum
1686 5594 1778 5648 ego
1798 5580 1945 5645 judi-

356 5677 464 5715 cor.
493 5659 630 5730 Quia
659 5663 800 5716 enim
833 5663 905 5716 illi
937 5664 1188 5719 nolebant
1220 5666 1398 5721 dicere
1426 5683 1523 5721 cur
1555 5669 1701 5722 illum
1730 5670 1939 5739 judica-

357 5764 500 5818 rent,
531 5755 742 5825 cogitur
762 5755 872 5825 jam
905 5756 992 5811 ille
1033 5756 1084 5810 id
1121 5759 1420 5820 enuntiare.
1473 5760 1722 5816 Pharistri
1752 5773 1941 5826 autem,

360 5847 552 5916 inquit,
582 5857 792 5917 utraque
821 5845 1146 5914 conﬁtentur.
1191 5849 1351 5920 Atqui
1392 5853 1490 5907 tria
1515 5863 1666 5908 sunt:
1699 5869 1793 5908 cur
1815 5870 1944 5923 ergo

2041 4110 2170 4165 dicit
2202 4111 2475 4184 Utraque?
2517 4113 2614 4171 Vel
2657 4117 2798 4187 quod
2848 4119 3068 4189 Spiritus
3111 4130 3162 4175 et
3200 4122 3422 4192 angelus
3473 4140 3636 4179 unum

2042 4202 2187 4268 sint;
2221 4205 2303 4259 vel
2333 4206 2457 4274 quia
2479 4207 2645 4263 dictio
2689 4209 2774 4264 illa
2808 4225 2915 4266 non
2959 4213 3134 4267 solum
3168 4213 3234 4268 de
3261 4214 3472 4270 duobus
3496 4257 3511 4282 ,
3546 4219 3643 4271 sed

2042 4293 2204 4347 etiam
2231 4293 2299 4349 de
2341 4295 2513 4352 tribus
2556 4299 2840 4368 accipitur.
2885 4301 3069 4370 Itaque
3094 4303 3288 4360 latiore
3311 4320 3410 4360 usu
3447 4315 3501 4360 et
3530 4321 3637 4361 non

2043 4385 2262 4454 pr0prie
2303 4387 2384 4441 sic
2408 4386 2662 4457 loquutus
2695 4401 2800 4444 est.
2841 4384 2909 4445 Et
2937 4392 3098 4447 vide:
3126 4396 3344 4464 quando
3388 4411 3512 4451 cum
3537 4399 3640 4451 illis

2043 4473 2164 4541 fuit,
2214 4485 2338 4548 tunc
2374 4479 2492 4547 ejus
2539 4494 2756 4535 causam
2799 4482 3196 4540 defendendam
3241 4489 3559 4557 suscipiunt.
3587 4491 3628 4547 9.

2051 4585 2069 4618 ι
2107 4565 2302 4622 Factus
2329 4579 2430 4631 est,
2465 4569 2658 4640 inquit,
2707 4573 2912 4628 clamor
2950 4590 3215 4646 magnus;
3256 4586 3313 4631 et
3348 4590 3635 4649 surgentes

2045 4659 2237 4713 scribae
2273 4675 2338 4714 ex
2371 4668 2521 4729 parte
2549 4661 2969 4732 Pharisaeorum,
3001 4669 3342 4737 pugnabant.
3356 4670 3636 4728 dicentes:

2045 4748 2186 4803 Nihil
2220 4751 2346 4805 mali
2393 4754 2696 4808 invenimus
2724 4756 2776 4809 in
2816 4755 3037 4814 homine
3067 4761 3190 4815 hoc.
3220 4760 3375 4830 Quod
3399 4764 3441 4818 si
3477 4767 3642 4834 spiri-

2048 4850 2132 4897 tus
2180 4843 2433 4913 loquutus
2473 4855 2558 4901 est
2605 4847 2655 4901 ei
2712 4849 2794 4903 vel
2849 4851 3114 4920 angelus,
3167 4869 3235 4909 ne
3283 4871 3651 4927 repugnemus

2046 4935 2177 4990 Deo.
2215 4955 2233 4988 ι
2264 4937 2332 4990 Ει
2361 4951 2458 4991 cur
2489 4953 2599 4993 non
2635 4941 2866 4996 antehac
2889 4942 3039 4998 Illum
3071 4943 3477 5004 defenderunt?
3507 4950 3643 5017 Quia

2048 5025 2153 5079 illis
2175 5026 2416 5082 nondum
2446 5032 2774 5086 commixtus
2803 5041 2940 5100 erat,
2990 5049 3187 5105 neque,
3214 5049 3503 5109 antequam
3527 5058 3649 5098 sese

2047 5116 2376 5184 defenderet,
2415 5130 2600 5176 notum
2634 5131 2751 5178 erat
2774 5124 2950 5194 ipsum
2981 5141 3010 5180 a
3037 5129 3335 5198 majoribus
3364 5147 3486 5188 esse
3508 5134 3646 5188 Pha-

2049 5209 2286 5264 risaeum.
2314 5211 2510 5279 Vides,
2570 5215 2787 5284 quando
2834 5217 2997 5271 animi
3043 5217 3268 5276 allectus
3307 5223 3645 5292 abscedunt,

2049 5301 2319 5369 quomodo
2362 5306 2564 5359 veritas
2606 5308 2951 5376 reperiatur?
3011 5308 3127 5365 Hoc
3175 5327 3304 5367 vero
3344 5315 3646 5385 significant

2050 5393 2126 5446 illi
2158 5393 2345 5461 :Quod
2370 5397 2576 5452 crimen
2601 5439 2616 5463 ,
2648 5399 2691 5452 si
2722 5400 2948 5469 angelus
2971 5401 3226 5471 loquutus
3266 5415 3350 5459 est
3380 5407 3452 5473 ei,
3486 5417 3576 5461 aut
3604 5411 3648 5461 si

2052 5488 2366 5556 spiritus,et
2396 5490 2576 5545 abillo
2608 5491 2883 5548 institutus
2911 5494 2989 5549 sic
3015 5494 3082 5550 dc
3109 5498 3515 5554 resurrectione
3541 5500 3612 5553 du
3630 5531 3643 5540 -

2051 5583 2212 5634 ceat'!
2255 5582 2396 5652 Ergo
2437 5583 2793 5640 abscedamus
2817 5586 2886 5642 ab
2913 5586 3025 5653 illo,
3061 5603 3150 5650 ne.
3203 5590 3247 5646 si
3278 5607 3397 5646 cum
3424 5592 3516 5647 illo
3550 5610 3646 5661 pn-

2053 5689 2299 5742 gnemus,
2320 5677 2482 5730 Deum
2513 5679 2674 5732 etiam
2697 5679 3090 5752 impugnemus.
3109 5669 3244 5739 Vide
3267 5685 3387 5739 illos
3415 5687 3648 5754 pruden-

2055 5773 2135 5817 ter
2162 5766 2528 5824 defensionem
2558 5779 2828 5839 parantes,
2862 5771 3028 5828 Paulo
3069 5775 3269 5830 nullam
3303 5777 3431 5845 ipsis
3453 5793 3643 5831 ansam

2055 5860 2353 5927 prmbcnte.
2385 5864 2466 5919 10.
2501 5881 2520 5916 ί
2560 5865 2628 5920 At
2653 5881 2776 5921 cum
2807 5881 2996 5937 magna
3024 5870 3293 5926 dissensio
3325 5871 3460 5926 facta
3484 5880 3651 5941 esset,
