4072 6404
481 452 582 506 339

479 572 671 623 tinctis
702 565 960 631 tribunus,
993 578 1058 618 ne
1088 562 1474 631 discerperetur
1506 556 1695 611 Paulus
1724 555 1789 605 ab
1818 549 2045 620 eis,jus-

479 660 542 713 sit
572 657 858 712 exercitum
885 654 1212 709 descendere
1235 669 1247 715 ;
1273 663 1560 718 rapereque
1580 647 1750 714 ipsum
1776 643 1844 696 de
1869 643 2046 695 medio

479 763 660 802 eorum
691 763 752 802 ac
781 746 1051 802 deducere
1074 745 1125 798 in
1156 753 1346 798 castra.
1388 757 1406 790 ι
1436 734 1840 791 Timetdemum
1874 733 2044 784 tribu-

477 853 598 905 nus,
628 855 692 893 ne
720 838 1074 907 discerpatur,
1107 838 1224 906 quia
1253 835 1461 888 dixerat
1481 846 1539 884 se
1568 831 1864 884 Romanum
1897 839 2041 878 esse:

480 928 620 984 unde
647 943 752 983 non
786 929 904 985 sine
952 927 1186 996 periculo
1227 937 1311 977 res
1340 930 1473 976 eral.
1525 917 1710 973 Viden’
1738 916 1888 969 illum
1924 913 2046 982 jure

481 1021 676 1075 lassum
701 1035 820 1075 esse
843 1035 902 1075 se
931 1032 1048 1073 esse
1077 1017 1369 1071 Romanum
1392 1015 1414 1067 ?
1435 1013 1666 1083 alioquin
1697 1024 1867 1080 neque
1904 1021 2046 1062 nunc

438 1095 446 1102 ’
479 1123 623 1167 metu
653 1123 892 1168 retentus
918 1112 1124 1165 fuisset.
1171 1110 1449 1164 Exercitus
1479 1121 1607 1160 vero
1657 1105 1870 1159 demum
1901 1101 2044 1162 abri-

479 1205 556 1272 pit
580 1219 722 1259 eum.
755 1201 824 1259 Ut
865 1212 1044 1256 autem
1089 1201 1334 1255 viderunt
1378 1199 1586 1254 scelesti
1608 1212 1792 1252 onmes
1822 1205 2045 1249 conatus

479 1310 604 1349 suos
652 1295 830 1348 irritos
868 1308 1010 1358 esse,
1057 1307 1153 1362 per
1197 1307 1255 1348 se
1301 1291 1478 1344 omnia
1523 1290 1715 1342 faciunt
1751 1305 1764 1339 :
1797 1284 2046 1351 volebant

479 1386 692 1454 quidem
728 1394 782 1439 et
811 1384 1038 1439 antehac
1063 1424 1078 1448 ,
1123 1383 1218 1438 sed
1247 1382 1466 1438 cohibiti
1513 1382 1719 1434 fuerant
1747 1395 1760 1430 :
1788 1379 1856 1431 ita
1885 1391 2038 1430 num-

477 1491 634 1545 quam
661 1476 899 1530 subsistit
923 1475 1152 1543 nequitia
1180 1513 1196 1538 ,
1239 1480 1314 1527 tot
1355 1471 1512 1526 rebus
1542 1469 1827 1538 impedita:
1860 1481 2045 1536 quam-

479 1567 557 1621 \is
585 1583 700 1636 qua:
743 1583 848 1622 non
891 1567 1191 1635 dispensata
1236 1575 1418 1629 erant,
1452 1572 1505 1617 ut
1539 1570 1592 1616 et
1630 1560 1859 1614 furorem
1887 1558 2044 1611 seda-

478 1667 616 1722 rent,
649 1665 701 1709 et
729 1671 791 1711 ea
820 1655 1107 1718 discerent,
1138 1668 1231 1723 per
1259 1669 1375 1720 qua:
1416 1650 1816 1720 resipiscerent!
1845 1648 2044 1702 Nihilo-

479 1747 651 1801 minus
674 1747 889 1800 instant.
933 1745 1116 1813 Magna
1161 1752 1309 1798 certe
1354 1751 1436 1797 est
1474 1741 1716 1796 defensio
1765 1739 2040 1808 illa,quod

478 1839 656 1903 homo,
688 1853 846 1907 quem
879 1853 1003 1892 mox
1027 1821 1346 1905 discerpturi
1375 1843 1545 1899 erant,
1575 1841 1758 1903 raptus
1787 1843 1926 1884 tanta
1953 1845 2044 1898 pe-

476 1928 638 1981 ricula
668 1926 931 1996 effugerit.
967 1944 985 1976 ι
1015 1927 1099 1980 11.
1133 1924 1383 1993 Sequenti
1415 1935 1589 1977 autem
1622 1931 1774 1976 nocte
1790 1921 2043 1974 assistens

475 2019 523 2072 ei
547 2019 820 2085 Dominus,
844 2018 954 2072 ait:
985 2017 1248 2072 Constans
1273 2025 1389 2070 esto
1415 2034 1428 2070 :
1455 2015 1592 2069 sicut
1622 2014 1761 2068 enim
1791 2013 2040 2067 testiﬁca-

480 2115 562 2160 tus
583 2122 640 2161 es
679 2107 744 2162 de
774 2123 858 2161 me
898 2107 948 2159 in
990 2106 1282 2160 Jerusalem
1303 2145 1318 2170 ,
1350 2104 1426 2158 sic
1451 2113 1500 2158 te
1525 2106 1733 2172 Oportet
1762 2113 1818 2157 et
1856 2102 2041 2155 Roma:

479 2195 768 2250 teSIificari.
791 2195 871 2249 12.
899 2195 1058 2249 Facta
1088 2205 1264 2249 autem
1292 2195 1379 2250 die
1402 2195 1727 2264 collegerunt
1748 2209 1806 2249 se
1826 2194 2041 2264 quidam

474 2300 537 2338 ex
563 2283 790 2350 iud-aiis,
826 2293 880 2339 et
905 2285 1236 2340 devoverunt
1259 2299 1317 2339 se
1338 2285 1590 2348 dicentes,
1625 2300 1795 2354 neque
1824 2286 2045 2339 mandu-

477 2386 694 2431 caturos
727 2391 899 2446 neque
945 2377 1227 2442 bibituros,
1257 2376 1426 2431 donec
1471 2376 2038 2453 oceiderentPaulnm.

480 2465 567 2519 i3.
622 2466 782 2520 Erant
825 2475 1001 2521 autem
1057 2466 1174 2535 plus
1216 2481 1374 2536 quam
1417 2466 1761 2536 quadraginta
1808 2468 1924 2533 viri,
1954 2469 2042 2535 qui

481 2555 614 2608 hanc
643 2557 1063 2624 eonjurationem
1095 2556 1354 2611 fecerunt.
1389 2557 1726 2612 Devoverunt
1747 2558 1970 2627 seipsos,
2016 2578 2034 2610 ι

478 2647 666 2716 inquit.
695 2647 882 2703 Viden'
906 2664 1064 2718 quam
1088 2649 1195 2703 sint
1220 2649 1437 2705 violenti
1468 2658 1520 2703 et
1546 2650 1833 2704 ulciscendi
1866 2651 2042 2716 cupidi

479 2739 530 2792 in
558 2739 808 2808 nequitia.
839 2739 974 2807 Quid
997 2750 1097 2806 est,
1128 2740 1198 2797 Se
1213 2742 1556 2795 devoverant?
1583 2742 1635 2796 ld
1663 2751 1766 2808 est,
1792 2743 2047 2798 Dixerunt

483 2844 542 2884 se
562 2845 680 2885 esse
705 2841 851 2884 extra
875 2830 1031 2886 fidem
1061 2833 1111 2885 in
1147 2832 1331 2898 Deum,
1364 2833 1464 2886 nisi
1488 2832 1629 2902 quod
1656 2833 2041 2900 decreverant,

477 2932 661 2976 contra
691 2921 908 2976 Paulum
957 2922 1262 2993 implerent.
1307 2923 1449 2994 Ergo
1492 2938 1707 2991 semper
1744 2933 1868 2978 sunt
1917 2939 2044 2979 ana-

491 3010 816 3066 tbematizati
837 3011 910 3066 illi
937 3029 950 3065 :
983 3027 1155 3082 neque
1179 3013 1321 3068 enim
1361 3013 1670 3068 occiderunt
1705 3014 1946 3070 Paulum.
1979 3016 2044 3071 Et

477 3100 822 3170 quadraginta
849 3101 1009 3155 simul
1029 3105 1369 3157 conveniunt.
1400 3103 1545 3157 Talis
1571 3114 1748 3159 autem
1766 3121 1896 3174 gens
1922 3116 2042 3161 est:

477 3191 688 3262 quando
716 3191 770 3246 in
803 3192 999 3246 bonum
1029 3194 1448 3248 conveniendum
1471 3202 1571 3260 est,
1605 3209 1777 3264 neque
1802 3194 1906 3250 duo
1925 3211 2049 3251 con-

477 3291 723 3347 currunt;
756 3281 967 3352 quando
986 3292 1164 3337 autem
1197 3284 1248 3336 in
1275 3284 1495 3347 malum,
1530 3285 1755 3353 populus
1787 3293 1950 3342 totus.
1978 3287 2048 3341 Et

483 3374 658 3429 socios
685 3383 963 3428 assumunt
1013 3375 1172 3429 etiam
1216 3375 1482 3444 principes
1513 3392 1529 3432 :
1557 3375 1677 3431 ideo
1715 3376 1816 3431 hoc
1841 3377 2046 3446 signifi-

478 3479 606 3518 cans
635 3464 783 3519 addit
816 3483 831 3520 :
859 3466 950 3520 14.
987 3483 1007 3517 ι
1040 3465 1139 3532 Qui
1170 3477 1511 3522 accesserunt
1552 3469 1617 3521 ad
1659 3470 1926 3538 principes
1962 3485 2049 3524 sa-

479 3553 753 3608 cerdotum
785 3563 839 3609 et
858 3556 1099 3609 seniores
1121 3597 1136 3621 ,
1160 3565 1214 3610 et
1240 3555 1489 3611 dixerunt
1515 3576 1529 3611 :
1555 3558 1845 3613 Devotione
1875 3559 2046 3615 devo-

482 3649 654 3700 vimus
696 3661 795 3701 nos
831 3646 964 3702 nihil
993 3656 1315 3717 gustaturos,
1356 3648 1528 3704 donec
1578 3651 1882 3705 occidamus
1912 3653 2041 3707 Pana

483 3738 611 3791 lum.
645 3739 910 3794 15.Nunc
955 3755 1083 3811 ergo
1133 3756 1227 3796 vos
1262 3751 1445 3796 notum
1486 3742 1642 3799 facite
1665 3744 1878 3799 tribuno
1925 3761 2045 3800 cum

482 3831 729 3896 concilio,
762 3840 819 3884 ut
843 3832 1098 3900 producat
1126 3833 1270 3887 illum
1302 3833 1366 3888 ad
1398 3849 1522 3902 vos,
1557 3845 1822 3905 tamquam
1851 3837 2047 3905 aliquid

483 3919 681 3972 certius
709 3920 1014 3989 cognituros
1061 3921 1127 3976 de
1153 3937 1219 3976 eo
1263 3939 1276 3975 :
1316 3937 1414 3978 nos
1461 3940 1587 3978 vero
1615 3927 1920 3994 priusquam
1952 3941 2048 3995 ap-

486 4009 820 4078 propinquat,
847 4012 1016 4079 parati
1044 4028 1228 4067 sumus
1267 4013 1567 4068 interficere
1597 4016 1768 4070 illum.
1798 4018 1880 4071 16.
1914 4017 2046 4072 Cum

484 4099 722 4154 audisset
774 4111 951 4156 autem
1006 4103 1147 4160 filius
1195 4106 1395 4160 sororis
1449 4106 1593 4161 Pauli
1626 4108 2050 4176 insidias,venit

485 4201 537 4246 et
571 4193 786 4247 intravit
835 4195 886 4249 in
939 4205 1108 4250 castra
1134 4239 1147 4262 ,
1183 4199 1548 4267 nuntiavitque
1594 4199 1777 4253 Paulo.
1830 4202 1916 4255 i7.
1950 4203 2050 4256 Vo-

484 4295 612 4335 cans
643 4291 819 4339 autem
872 4284 1067 4341 Paulus
1097 4288 1162 4341 ad
1207 4301 1265 4342 se
1300 4303 1461 4342 unum
1515 4304 1580 4344 ex
1625 4293 2046 4359 centurionibus,

482 4371 554 4424 ait
587 4388 602 4424 :
629 4372 1036 4430 Adolescentem
1067 4377 1208 4432 hunc
1239 4380 1436 4446 perduc
1464 4380 1527 4434 ad
1554 4381 1821 4436 tribunum
1848 4401 1860 4436 :
1889 4384 2050 4439 habet

484 4463 624 4517 enim
656 4465 851 4536 aliquid
882 4467 955 4521 illi
1000 4468 1358 4524 indicandum.
1392 4472 1478 4527 18.
1513 4473 1582 4526 Ει
1606 4474 1696 4528 ille
1721 4475 1933 4544 quidem
1964 4492 2052 4533 as-

491 4571 706 4610 sumens
724 4573 868 4624 eum,
902 4559 1051 4613 duxit
1079 4560 1143 4613 ad
1169 4561 1459 4616 tribunum.
1498 4582 1516 4614 »
1561 4564 1789 4620 Rursum
1823 4567 2048 4622 humana

484 4656 726 4703 servatur
771 4650 1122 4719 providentia.
1154 4652 1221 4706 Et
1251 4652 1405 4708 vide:
1440 4655 1639 4709 nullum
1681 4657 1873 4711 Paulus
1926 4659 2050 4714 sinit

489 4741 586 4793 huc
614 4741 819 4796 discere
839 4784 854 4808 ,
886 4757 1061 4812 neque
1104 4744 1472 4799 centurionem
1495 4787 1510 4811 ,
1545 4762 1610 4800 ne
1657 4763 1745 4801 res
1774 4750 2048 4805 manifesta

496 4830 664 4883 Iieret.
703 4849 722 4881 ι
756 4831 822 4885 Ει
857 4833 1077 4888 veniens
1105 4835 1347 4889 centurio
1376 4836 1638 4889 nuntiavit
1686 4838 1898 4893 tribuno
1920 4881 1933 4903 ,
1966 4840 2049 4894 di-

487 4934 615 4973 cens
647 4937 659 4973 :
694 4921 912 4976 Vinctus
963 4923 1156 4978 Paulus
1195 4928 1401 4994 rogavit
1430 4943 1514 4982 me
1548 4929 1686 4983 hunc
1734 4931 2049 4986 adolescen-

488 5023 595 5066 tem
629 5013 925 5082 perducere
952 5016 1017 5070 ad
1064 5025 1135 5082 te,
1189 5017 1470 5071 habentem
1511 5021 1705 5088 aliquid
1733 5022 1876 5091 loqui
1932 5024 2043 5077 tibi.

490 5103 574 5157 19.
597 5103 1015 5172 Apprehendens
1045 5117 1220 5161 autem
1250 5107 1491 5163 tribunus
1524 5125 1732 5164 manum
1763 5113 1926 5180 illius,
1959 5130 2046 5170 se-

486 5194 645 5248 cessit
687 5210 807 5248 cum
834 5210 899 5250 eo
925 5211 1165 5252 seorsum
1190 5241 1202 5262 ,
1235 5210 1288 5254 et
1314 5199 1658 5270 interrogavit
1705 5219 1825 5257 eum
1861 5222 1874 5258 :
1911 5206 2048 5273 Quid

487 5296 596 5349 est,
627 5288 768 5355 quod
819 5288 984 5343 babes
1022 5289 1358 5345 indicandum
1409 5293 1576 5346 mihi?
1602 5293 1691 5348 20.
1745 5295 1834 5351 llle
1869 5305 2047 5352 autem

489 5376 649 5429 dixit:
683 5377 847 5433 Judtei
891 5381 1262 5450 conSpirarunt
1294 5392 1350 5437 ut
1395 5395 1646 5455 rogarent
1688 5395 1765 5453 te,
1817 5397 1874 5442 ut
1927 5405 2046 5443 cra-

488 5467 626 5520 stina
655 5468 738 5523 die
768 5471 1028 5540 producas
1069 5474 1290 5529 Paulum
1336 5477 1386 5530 in
1415 5479 1698 5534 concilium
1722 5521 1734 5541 .
1772 5483 1919 5549 quasi
1947 5484 2046 5537 ali-

485 5559 608 5628 quid
636 5566 930 5618 accuratius
957 5567 1271 5621 sciscitaturi
1301 5569 1366 5621 ab
1415 5569 1527 5622 illo.
1575 5570 1664 5625 21.
1697 5572 1774 5626 Tu
1814 5589 1941 5628 vero
1979 5591 2047 5631 ne

486 5665 688 5704 morem
736 5655 963 5721 gesseris
1007 5655 1106 5710 illis
1141 5675 1152 5710 :
1186 5657 1501 5712 insidiantur
1537 5662 1679 5715 enim
1725 5678 1790 5717 ex
1840 5665 1902 5719 iis
1948 5667 2044 5721 viri

484 5740 661 5807 plures
705 5744 1084 5813 quadraginta,
1135 5750 1221 5818 qui
1268 5750 1471 5818 seipsos
1523 5751 1884 5822 devoverunt,
1941 5775 2043 5813 non

489 5832 806 5891 manducare
847 5837 927 5892 vel
962 5838 1174 5906 bibere,
1227 5842 1393 5899 donec
1438 5844 1757 5904 interﬁciant
1797 5866 1955 5906 cum:
1990 5864 2042 5906 ct

1176 447 1228 502 S.
1271 442 1540 501 JOANMS
1575 435 2041 497 (illliYSOSTOSll
2084 432 2392 490 ARClllEP.
2436 429 2962 488 CONSTANTINOP.

3626 432 3727 487 510

2160 561 2298 600 nunc
2338 562 2391 615 pr
2407 546 2500 598 rati
2530 553 2652 598 sunt
2684 549 3056 612 exspectantes
3086 542 3400 611 prmnissum
3434 551 3599 598 tuutn.
3633 544 3722 598 2‘2.

2161 640 2428 693 Tribunus
2476 639 2634 707 igitur
2678 637 2879 692 dimisit
2921 636 3352 701 adolescentem,
3387 636 3724 706 prtecipiens.

2154 730 2361 784 Nemini
2385 729 2603 793 dixeris,
2636 730 2776 798 quod
2809 729 2921 783 haec
2947 729 3010 783 ad
3045 744 3128 782 me
3158 727 3420 782 rctuleris.
3459 748 3477 780 ι

2222 820 2276 873 2.
2321 820 2460 875 Bene
2494 821 2735 873 tribunus
2783 821 2933 888 jubet
2961 820 3237 886 occultari,
3286 835 3352 874 ne
3407 819 3492 874 cui
3539 828 3724 874 notum

2156 911 2265 964 fiat.
2328 910 2392 964 Et
2449 920 2572 964 tunc
2621 910 2751 964 dicit
2808 912 3249 976 centurionibus,
3300 911 3424 980 quid
3483 920 3726 981 Oporteat

2157 1000 2302 1066 ﬁeri;
2335 1011 2387 1055 et
2427 1001 2652 1055 mittitur
2694 999 2993 1055 Caesiiream
3021 1041 3034 1066 ,
3062 1010 3121 1053 ut
3158 1000 3268 1054 illic
3293 1001 3504 1056 theatro
3532 1003 3583 1056 in
3616 1018 3726 1056 ma-

2148 1092 2268 1162 jure
2330 1092 2590 1157 disserat,
2631 1101 2682 1146 ct
2735 1094 2788 1145 in
2835 1092 3130 1162 frequentia
3191 1093 3551 1161 Splendidiore
3599 1113 3612 1148 :
3658 1113 3725 1150 ne

2153 1195 2372 1254 possent
2399 1174 2577 1240 dicere
2601 1184 2769 1239 .luda:i
2794 1201 2807 1236 :
2839 1184 2892 1240 Si
2920 1184 3233 1239 vidissemus
3260 1185 3482 1239 Paulum
3502 1227 3515 1249 ,
3548 1187 3726 1242 credi-

2152 1274 2437 1340 dissemus,
2488 1277 2532 1330 si
2563 1276 2897 1330 audissemus
2939 1276 3240 1330 docentem.
3301 1277 3425 1330 lliec
3470 1293 3596 1348 ergo
3625 1279 3730 1333 illis

2152 1367 2425 1420 excusatio
2454 1366 2657 1421 sublata
2690 1375 2792 1422 est.
2849 1364 2915 1418 Et
2961 1366 3188 1432 adstans,
3241 1369 3430 1436 inquit,
3482 1369 3729 1424 Dominus

2152 1456 2281 1509 dixit
2306 1457 2350 1508 ei
2374 1473 2393 1509 :
2425 1454 2674 1510 Constans
2696 1465 2843 1519 esto;
2883 1457 3012 1510 sicut
3043 1458 3174 1510 enim
3199 1459 3498 1526 testiﬁcatus
3534 1477 3584 1513 es
3606 1462 3731 1513 mihi

2158 1547 2211 1599 in
2235 1546 2546 1611 Jerusalem,
2595 1549 2663 1600 ita
2710 1556 2902 1616 Oportet
2954 1557 3002 1601 te
3033 1548 3400 1602 etiamRoma:
3446 1550 3725 1617 testificari.

2153 1636 2304 1702 Vide,
2337 1637 2495 1691 etiam
2545 1646 2822 1706 postquam
2868 1638 3111 1707 apparuit
3153 1640 3221 1703 ei,
3273 1639 3464 1694 iterum
3510 1641 3729 1709 permit-

2156 1727 2218 1780 tit
2244 1742 2367 1782 eum
2414 1726 2648 1782 humano
2688 1741 2838 1782 more
2877 1729 3100 1783 servari.
3133 1729 3200 1782 Et
3226 1729 3344 1797 jure
3379 1730 3598 1784 Paulum
3635 1731 3719 1785 ad-

2150 1820 2426 1884 miremur,
2459 1820 2733 1888 quomodo
2759 1835 2861 1875 non
2888 1820 3130 1874 turbatus
3159 1823 3313 1875 tuerit
3335 1863 3348 1886 ,
3380 1837 3551 1889 neque
3573 1822 3726 1878 dixe-

2149 1909 2219 1963 rit
2251 1927 2263 1962 :
2294 1908 2431 1975 Quid
2475 1911 2576 1962 hoc
2617 1909 2742 1963 est?
2780 1924 2903 1963 num
2950 1909 3206 1980 deceptus
3247 1927 3368 1965 sum
3412 1926 3439 1963 a
3469 1911 3731 1966 Christo?

2149 1999 2252 2054 Sed
2277 2000 2403 2054 nihil
2433 2000 2731 2070 liujusmodi
2760 2001 3049 2071 cogitavit,
3081 2004 3162 2056 vel
3193 2004 3387 2058 accidit
3418 2004 3492 2070 ei,
3522 2003 3614 2058 sed
3641 2019 3730 2058 so-

2148 2091 2255 2144 lmn
2282 2091 2551 2156 credidit;
2594 2107 2768 2162 neque
2812 2103 2986 2148 tamen
3014 2094 3135 2162 quia
3164 2094 3422 2162 credidit,
3475 2096 3728 2149 dormita-

2149 2181 2245 2246 vit,
2276 2181 2369 2236 sed
2398 2198 2516 2252 qua:
2549 2182 2778 2236 humana
2817 2184 3079 2253 sapientia
3135 2184 3400 2252 provideri
3446 2195 3724 2254 poterant,

2150 2286 2253 2324 non
2285 2272 2644 2341 praetermisit.
2677 2272 2744 2325 Et
2770 2273 3059 2341 perpende,
3105 2275 3370 2343 quomodo
3393 2275 3466 2328 illi
3491 2276 3726 2330 necessi-

2153 2369 2310 2414 tztem
2333 2361 2615 2430 quamdam
2639 2361 2738 2414 sibi
2767 2362 3136 2430 imposuerint,
3181 2379 3301 2416 eum
3343 2379 3462 2418 sese
3491 2363 3726 2418 devove-

2151 2459 2291 2503 ruut.
2323 2450 2459 2505 Ecce
2481 2451 2744 2520 jejunium
2777 2452 3050 2507 homicidii
3091 2464 3278 2508 mater.
3313 2455 3460 2510 Sit-ut
3488 2455 3730 2510 llcrodes

2151 2557 2245 2609 per
2271 2540 2632 2610 juramentum
2693 2542 3069 2598 necessitatem
3096 2543 3197 2598 sibi
3250 2546 3530 2615 imposuit,
3575 2546 3652 2600 sic
3674 2555 3730 2600 et

2151 2632 2257 2685 isti.
2281 2631 2439 2686 Tales
2460 2632 2606 2686 enim
2634 2641 2760 2688 sunt
2787 2633 2988 2688 diaboli
3019 2635 3248 2690 venandi
3291 2645 3470 2702 artes;
3516 2637 3730 2706 pietatis

2151 2725 2400 2779 nimirum
2422 2725 2601 2795 specie
2626 2725 2845 2795 laqueos
2888 2727 3077 2782 tendit.
3123 2728 3282 2797 Atqui
3319 2729 3555 2798 oportuit
3578 2744 3731 2784 acce-

2151 2814 2298 2883 dere,
2326 2816 2570 2872 incusare
2592 2858 2606 2882 ,
2638 2817 2848 2887 judices
2900 2833 3130 2888 cogere:
3165 2818 3279 2874 haec
3305 2820 3448 2874 enim
3475 2835 3579 2874 non
3607 2829 3730 2874 sunt

2151 2905 2509 2971 sacerdotum,
2537 2907 2632 2961 sed
2665 2908 2930 2962 latronum
2958 2925 2972 2973 ;
3007 2909 3120 2964 hmo
3149 2925 3252 2963 non
3287 2910 3606 2981 principum,
3632 2911 3727 2964 sed

2153 2995 2593 3052 facinorosorum.
2621 2997 2686 3051 Et
2707 2997 2827 3054 vide
2857 2999 3147 3069 nequitiam
3173 3000 3444 3071 ingentem
3470 3018 3482 3054 :
3506 3017 3610 3056 non
3641 3017 3730 3056 sa-

2154 3087 2219 3141 tis
2246 3087 2459 3153 habent,
2484 3088 2626 3159 quod
2649 3103 2768 3145 sese
2796 3100 2980 3145 mutuo
3024 3101 3394 3162 corrumpant,
3437 3093 3532 3147 sed
3564 3096 3726 3148 etiam

2153 3179 2441 3249 principem
2472 3197 2573 3234 una
2601 3196 2950 3250 corrumpere
2981 3191 3234 3254 satagunt
3259 3199 3273 3238 :
3299 3184 3526 3254 ideoque
3555 3187 3732 3254 provi-

2153 3283 2270 3323 sum
2299 3281 2400 3336 est,
2436 3280 2493 3326 ut
2515 3272 2603 3326 ille
2624 3274 2782 3327 etiam
2815 3273 3049 3328 disceret
3089 3275 3326 3343 ipsorum
3355 3276 3594 3332 insidias.
3623 3279 3730 3347 Ipsi

2155 3378 2283 3417 vero
2309 3379 2414 3418 non
2463 3365 2638 3420 solum
2659 3381 2724 3420 ex
2768 3381 2853 3433 eo,
2903 3367 3043 3435 quod
3073 3367 3208 3422 nihil
3237 3369 3522 3424 dicendum
3571 3369 3734 3426 liabe-
3794 3400 3804 3410 -

2155 3466 2292 3522 rent,
2326 3457 2419 3512 sed
2450 3460 2608 3513 etiam
2630 3476 2694 3514 ex
2725 3475 2810 3526 eo,
2843 3461 2986 3530 quod
3009 3461 3144 3515 clam
3168 3461 3502 3529 molirentur,
3537 3477 3731 3535 argue-

2156 3559 2279 3604 runt
2304 3565 2363 3604 se
2390 3551 2541 3604 nihili
2573 3566 2712 3606 esse.
2746 3551 3049 3608 Verisimile
3077 3563 3254 3610 autem
3299 3564 3381 3610 est
3413 3555 3553 3622 illos,
3586 3564 3732 3626 post-

2157 3657 2319 3710 quam
2350 3642 2548 3698 Paulus
2601 3643 2917 3698 amandatus
2957 3653 3076 3711 est,
3127 3659 3370 3701 summos
3425 3647 3734 3704 sacerdotes

2154 3732 2368 3799 adiisse,
2417 3740 2471 3787 et
2517 3748 2576 3788 re
2622 3731 2819 3788 infecta
2871 3735 3073 3803 pudore
3115 3735 3346 3790 suffusos
3386 3738 3728 3793 abscessisse.

2154 3821 2283 3875 Jure
2329 3832 2506 3877 autem
2560 3822 2663 3877 hoc
2710 3823 2835 3877 facit
2885 3825 3168 3878 tribunus:
3203 3827 3418 3881 nolebat
3465 3827 3606 3882 enim
3649 3844 3733 3884 ve-

2153 3913 2439 3981 gratificari
2471 3914 2555 3968 vel
2585 3928 2842 3970 annuere.
2885 3915 2949 3969 Et
2975 3917 3264 3985 quomodo,
3299 3919 3538 3987 inquies,
3562 3920 3732 3974 credi-

2155 4002 2234 4056 dit
2259 4017 2379 4057 vera
2403 4018 2543 4070 esse,
2576 4021 2696 4075 qua:
2723 4006 2790 4060 ab
2815 4005 3161 4063 adolescente
3205 4011 3585 4065 nuntiabantur
3606 4013 3628 4065 ?
3653 4012 3733 4066 Ex

2156 4095 2241 4157 iis,
2270 4108 2389 4163 quae
2409 4094 2518 4164 jam
2549 4109 2861 4164 evenerant,
2891 4099 3250 4168 conjec-tabat,
3280 4103 3402 4171 quia
3428 4112 3481 4157 ct
3504 4103 3605 4158 hoc
3627 4104 3733 4159 fac-

2160 4197 2309 4241 turos
2337 4187 2457 4242 illos
2474 4203 2593 4243 esse
2633 4191 2925 4246 verisimile
2968 4199 3102 4245 erat.
3129 4192 3194 4247 Et
3229 4193 3349 4248 vide
3400 4197 3686 4265 nequitiam
3717 4217 3730 4252 :

2155 4281 2304 4348 quasi
2353 4284 2724 4336 necessitatem
2780 4283 3002 4338 summis
3029 4285 3397 4342 sacerdotibus
3419 4288 3732 4345 intulerunt.

2161 4371 2222 4424 Et
2254 4386 2320 4425 ne
2350 4371 2562 4426 mireris
2591 4389 2603 4423 :
2641 4387 2759 4426 nam
2789 4374 2833 4427 si
2862 4381 3060 4428 tantum
3089 4376 3140 4428 in
3173 4391 3230 4430 se
3253 4389 3605 4447 susceperunt
3633 4379 3729 4446 illi,

2157 4471 2210 4515 et
2239 4476 2398 4517 omne
2442 4462 2732 4530 periculum
2790 4475 3167 4533 acceptarum,
3202 4468 3370 4522 multo
3421 4470 3589 4538 magis
3616 4468 3734 4524 illos

2162 4553 2390 4621 idipsum
2412 4553 2645 4608 facturos
2673 4570 2794 4611 esse
2836 4558 3131 4613 verisimile
3152 4568 3288 4614 erat.
3341 4559 3549 4627 Viden’,
3592 4577 3730 4631 quo-

2157 4642 2317 4697 modo
2358 4653 2703 4699 externorum
2746 4648 3010 4703 sententia
3056 4649 3315 4704 innocens
3356 4659 3472 4706 erat
3514 4652 3729 4720 Paulus,

2159 4744 2216 4788 ut
2243 4745 2297 4790 et
2322 4733 2572 4791 Christus
2609 4737 2746 4805 apud
2780 4738 3046 4792 Pilatum?
3093 4739 3197 4794 Sed
3216 4741 3335 4795 vide
3385 4726 3671 4812 nequitiam
3701 4760 3730 4797 a

2158 4828 2330 4896 sclpsa
2371 4837 2722 4897 expugnatam
2750 4847 2763 4882 :
2794 4845 2914 4884 nam
2941 4831 3273 4886 tradiderunt
3300 4833 3469 4900 illum,
3501 4844 3554 4889 ut
3576 4836 3709 4889 dam-

2160 4931 2347 4976 narent
2394 4923 2848 4993 occiderentque:
2890 4934 2943 4978 et
2990 4927 3318 4980 contrarium
3359 4928 3568 4993 evenit;
3619 4929 3729 4997 ipse

2159 5026 2385 5081 namque
2425 5013 2600 5068 salvus
2649 5013 2842 5074 evadit.
2882 5023 2939 5068 et
2982 5015 3235 5070 innocens
3278 5019 3562 5087 reperitur.
3618 5017 3730 5074 Nisi

2158 5103 2298 5156 enim
2349 5104 2416 5157 ita
2463 5103 2782 5167 accidisset,
2815 5102 3115 5174 discerptus
3157 5106 3451 5162 fuissetzsi
3493 5123 3596 5163 non
3635 5109 3728 5176 ita,

2160 5194 2404 5261 periisset
2431 5204 2486 5248 et
2507 5194 2791 5249 damnatus
2843 5196 3047 5251 fuisset.
3098 5197 3215 5252 Non
3255 5199 3426 5254 solum
3458 5209 3635 5256 autem
3665 5200 3732 5255 ab

2157 5284 2258 5339 hoc
2285 5285 2485 5355 impetu
2507 5286 2697 5340 liberat
2722 5287 2889 5355 ipsum
2917 5289 3189 5356 tribunus;
3220 5291 3312 5346 sed
3345 5275 3506 5345 etiam
3533 5292 3682 5361 juvat
3708 5332 3723 5357 ,

2157 5386 2214 5430 ut
2257 5378 2371 5432 sine
2394 5378 2633 5446 periculo
2683 5393 2800 5433 cum
2846 5389 2988 5435 tanta
3030 5382 3256 5436 militum
3301 5391 3471 5438 turma
3515 5385 3723 5439 evadat.

2157 5467 2224 5521 Et
2248 5468 2534 5537 quomodo,
2566 5469 2687 5523 audi
2724 5488 2736 5523 :
2763 5471 3036 5542 subjungit
3080 5473 3224 5526 enim
3252 5472 3354 5528 :25
3388 5492 3406 5524 ι
3446 5475 3512 5528 Et
3540 5491 3724 5530 accer-

2156 5560 2270 5614 sitis
2301 5561 2510 5614 duobus
2538 5561 2848 5630 quibusdam
2893 5565 3294 5620 centurionibus
3318 5608 3334 5632 ,
3363 5566 3498 5622 dixit
3534 5587 3546 5621 :
3579 5569 3726 5623 Prte-

2155 5662 2339 5721 parate
2393 5653 2521 5706 mibi
2594 5655 2789 5709 milites
2841 5656 3133 5719 ducentos,
3195 5667 3252 5711 ut
3320 5659 3726 5728 proficiscantur

2155 5743 2450 5798 Caesaream
2477 5787 2490 5808 ,
2523 5754 2574 5798 et
2605 5747 2810 5814 equites
2837 5747 3189 5815 septuaginta,
3224 5758 3275 5804 et
3301 5749 3598 5804 lancearios
3626 5751 3719 5803 du-

2157 5846 2361 5902 cenios,
2395 5851 2424 5890 a
2459 5838 2606 5890 tertia
2634 5837 2761 5890 liora
2794 5836 2962 5893 nectis
2995 5857 3004 5891 :
3045 5838 3133 5895 21.
3163 5850 3209 5896 et
3239 5841 3481 5910 juineula
3511 5857 3718 5914 prcepav
