4072 6434
318 424 424 482 359

316 541 555 606 Παῦλος
578 538 681 595 ὑπ’
705 541 926 607 αὐτῶν,
951 541 1237 597 ἐκέλευσε
1265 538 1332 593 τὸ
1355 538 1697 607 στράτευμα
1726 536 1994 590 καταϐὰν

309 629 580 696 ἁρπάσαι
637 628 826 682 αὐτὸν
878 628 946 682 ἐκ
993 624 1190 696 μέσου
1245 625 1465 693 αὐτῶν,
1515 625 1762 695 ἀγαγεῖν
1799 641 1866 677 τε
1899 626 1986 688 είς

310 711 429 780 τὴν
455 715 867 784 παρεμϐολήν.
919 714 1166 767 Φοϐεῖται
1222 713 1407 766 λοιπὸν
1471 715 1498 767 0
1559 711 1860 782 χιλίαρχος,
1915 710 1990 780 μὴ

309 801 644 873 διασπασθῇ,
689 803 876 874 ἐπειδὴ
897 798 1071 867 εἷπεν,
1093 803 1176 855 ὅτι
1216 801 1483 872 Ῥωμαῖός
1517 802 1664 854 ἐστιν
1695 816 1707 830 ·
1739 800 1862 853 ὅθεν
1895 800 1992 852 καὶ

308 887 413 940 οὐκ
443 888 726 942 ἀκίνδυνον
767 885 834 960 ἦν
872 889 931 942 τὸ
957 890 1208 959 πρᾶγμα.
1254 888 1439 958 Ὁρᾷς,
1470 888 1551 940 ὅτι
1580 886 1804 948 δικαίως
1839 885 1989 954 ὡμο-

311 974 545 1043 λόγησεν
597 977 787 1030 ἐαυτὸν
821 978 1088 1046 Ῥωμαῖον
1141 971 1310 1043 εἷναι;
1361 971 1398 1046 ἦ
1445 975 1553 1046 γὰρ
1599 974 1667 1027 ἂν
1722 973 1842 1026 οὐδέ
1896 964 1991 1025 νῦν

311 1062 584 1132 ἐφοϐήθη.
610 1063 719 1117 Kal
747 1063 808 1116 τὸ
839 1063 941 1133 μέν
966 1063 1282 1136 στράτευμα
1309 1063 1496 1117 λοιπὸν
1522 1061 1764 1131 ἁρπάζει
1805 1060 1987 1114 αὐτόν.

324 1147 416 1212 Ὠς
448 1148 504 1201 δὲ
527 1144 670 1204 εἶδον
715 1150 766 1203 οἱ
815 1151 1001 1221 μιαροὶ
1055 1150 1233 1205 πάντα
1285 1151 1545 1222 ἀνήνυτα,
1591 1149 1670 1201 δι’
1694 1147 1903 1202 ἑαυτῶν
1930 1147 1993 1200 τὸ

314 1242 428 1292 πᾶν
462 1240 697 1302 ποιοῦσι,
726 1237 1083 1308 βουληθέντες
1119 1240 1220 1310 μὲν
1279 1239 1373 1293 καὶ
1427 1238 1536 1310 πρὸ
1563 1236 1777 1302 τούτου,
1812 1236 1992 1290 κωλυ-

314 1325 504 1392 θέντες
527 1327 586 1380 δέ
615 1344 629 1356 ’
662 1326 836 1389 οὕτως
893 1327 1130 1398 οὐδαμοῦ
1188 1327 1402 1380 ἵσταται
1430 1327 1464 1396 ἡ
1495 1326 1664 1379 κακία
1714 1325 1994 1386 τοσούτοις

315 1413 700 1485 ἐγκοπτομένη
729 1431 742 1444 ·
780 1413 956 1467 καίτοι
1007 1414 1149 1467 πόσα
1199 1412 1545 1484 ᾠκονομήθη,
1603 1411 1745 1466 ὥστε
1779 1409 1992 1465 καὶτοῦ

315 1501 495 1572 θυμοῦ
527 1499 866 1570 καθυφεῖναι,
915 1501 1008 1555 καὶ
1040 1501 1232 1571 μαθεῖν
1277 1501 1356 1554 δι’
1393 1493 1468 1554 ὧν
1499 1499 1752 1552 ἐδύναντο
1773 1499 1995 1566 ἀνενεγ-

316 1592 457 1642 κεῖν.
501 1588 639 1642 Ἀλλ’
659 1589 812 1643 οὐδὲν
836 1583 998 1660 ἦττον
1041 1589 1383 1657 ἐφίστανται.
1429 1587 1608 1658 ἰκανὴ
1648 1584 1779 1655 γοῦν
1808 1583 1991 1655 ἐκείνη

316 1679 351 1748 ὴ
383 1677 669 1745 ἀπολογία,
699 1677 762 1730 τὸ
792 1675 1056 1747 μέλλοντα
1080 1674 1414 1748 διασπᾶσθαι
1452 1673 1544 1734 τὸν
1576 1672 1863 1743 ἄνθρωπον
1891 1672 1991 1741 ἀρ-

319 1768 615 1832 πάζεσθαι,
645 1769 739 1820 καὶ
777 1766 1065 1831 τοσούτους
1101 1776 1121 1797 ⁸
1153 1766 1429 1829 κινδύνους
1450 1766 1734 1836 διαφυγεῖν
1769 1779 1784 1795 ο
1823 1762 1904 1832 Τῇ
1928 1761 1995 1815 δὲ

316 1855 578 1922 ἐπιούσῃ
606 1855 775 1909 νυκτί
798 1856 1051 1921 ἐπιστάς
1073 1853 1232 1920 αὐτῷ
1257 1857 1290 1909 ό
1313 1856 1544 1922 Κύριος,
1567 1849 1718 1908 εἶπεο
1746 1851 1962 1920 Θάρσει
1979 1868 1992 1880 °

315 1941 402 2007 ὡς
436 1940 549 2009 γὰρ
594 1941 956 2009 διεμαρτύρω
989 1943 1064 1995 τὰ
1104 1942 1240 2009 περὶ
1267 1941 1416 2010 ἐμοῦ
1448 1944 1536 2006 είς
1575 1938 1992 2009 Ἰερουσαλὴμ,

319 2028 480 2082 οὕτω
501 2043 576 2082 σε
604 2028 695 2081 δεῖ
742 2030 841 2084 καί
875 2032 961 2094 είς
999 2029 1233 2099 Ῥώμην
1275 2029 1676 2099 μαρτυρῆσαι.
1734 2027 1997 2095 Γενομέ-

319 2134 436 2185 νης
465 2114 806 2184 δέἡμέρας,
835 2115 1199 2182 ποιήσαντες
1231 2119 1286 2170 οί
1323 2116 1587 2170 Ἰουδαῖοι
1613 2113 1995 2184 συστροφὴν,

321 2200 767 2270 ἀνεθεμάτισαν
796 2203 1048 2269 ἑαυτοὺς
1076 2203 1162 2272 μὴ
1211 2203 1426 2272 φαγεῖν
1462 2202 1619 2273 μηδὲ
1656 2201 1816 2256 πιεῖν
1836 2245 1851 2268 ,
1887 2203 2000 2269 ἕως

320 2286 398 2347 οὗ
419 2290 685 2344 ἀνέλωσι
717 2287 825 2342 τόν
855 2289 1120 2345 Παῦλον.
1157 2285 1362 2343 Ἦσαν
1377 2290 1445 2343 δὲ
1494 2289 1744 2355 πλείους
1777 2303 2001 2343 τεσσα-

316 2377 590 2446 ράκοντα
623 2382 676 2432 οί
709 2379 937 2446 ταύτην
974 2376 1089 2446 τὴν
1140 2377 1536 2446 συνωμοσίαν
1582 2376 1996 2444 πεποιηκότες.

323 2464 800 2534 Ἀνεθεμάτισαν
848 2465 1123 2532 ἑαυτοὺς,
1163 2465 1350 2536 φησίν.
1394 2466 1556 2536 Ὁρᾷς
1579 2465 1695 2529 πῶς
1725 2465 1830 2518 είσι
1877 2481 2004 2532 σφο-

323 2553 444 2625 δροὶ
507 2554 601 2606 καὶ
639 2555 928 2623 ἀμυντικοὶ
954 2554 982 2594 ιι
1012 2555 1138 2626 περὶ
1167 2554 1264 2625 τὴν
1297 2554 1531 2619 κακίαν;
1568 2553 1632 2606 Τί
1671 2554 1838 2615 ἐστιν,
1879 2552 2002 2606 Ἀν-

324 2640 689 2710 εθεμάτισαν
704 2655 723 2704 ;
749 2640 898 2693 Ἀντὶ
925 2639 1195 2705 τοῦ,Ἔξω
1225 2637 1362 2694 εἶναι
1385 2641 1482 2711 τῆς
1505 2642 1585 2702 εις
1610 2639 1742 2693 Θεὸν
1767 2641 2005 2702 πίστεως

328 2721 508 2792 εἷπον,
547 2729 599 2780 εί
643 2727 717 2797 μὴ
768 2727 830 2780 τὸ
882 2726 1036 2792 δόξαν
1090 2728 1231 2781 κατά
1273 2726 1488 2781 Παύλου
1517 2728 1820 2797 ποιήσαιεν.
1853 2728 2005 2797 Ἀρα

328 2815 626 2878 διαπαντός
674 2817 814 2868 είσιν
861 2814 1424 2885 ἀνατεθεματισμένοι
1483 2817 1681 2868 ἐκεῖνοι
1718 2831 1732 2845 ·
1779 2815 1839 2867 οὐ
1898 2813 2007 2885 γὰρ

329 2903 659 2956 ἀπέκτειναν
685 2902 777 2954 τὸν
803 2901 1035 2956 Παῦλον.
1077 2903 1188 2955 Kal
1217 2901 1626 2972 τεσσαράκοντα
1650 2901 1785 2972 ὁμοῦ
1814 2901 2008 2971 συνέρ-

331 3007 521 3060 χονται
550 2988 872 3044 ο.’1“οιοῦτον
908 2990 1016 3059 γὰρ
1050 2989 1112 3042 τὸ
1154 2989 1325 3055 ἔθνος,
1373 2990 1502 3042 ὅταν
1553 2988 1650 3060 μὲν
1683 2990 1776 3042 ἐπὶ
1819 2988 2010 3058 ἀγαθῷ

330 3076 427 3147 δέῃ
464 3076 848 3147 συμφωνῆσαι,
886 3075 1008 3129 οὐδέ
1047 3075 1142 3128 δύο
1184 3076 1568 3147 συντρέχουσιν
1599 3092 1611 3106 ·
1647 3077 1775 3129 δταν
1813 3076 1869 3128 δέ
1917 3076 2011 3128 ἐπὶ

334 3164 515 3233 κακῷ,
545 3164 718 3234 δῆμος
741 3162 1050 3234 ὁλόκληρος.
1085 3163 1195 3216 Kal
1233 3163 1299 3216 λα
1309 3163 1572 3233 μδάνουσι
1601 3163 1890 3226 κοινωνοὺς
1919 3164 2013 3216 καὶ

334 3251 464 3314 τοὺς
485 3252 754 3321 ἄρχοντας
782 3266 796 3281 ⁸
827 3250 906 3304 διὸ
925 3251 1020 3304 καὶ
1053 3251 1210 3304 τοῦτο
1236 3249 1412 3320 δηλῶν
1443 3250 1746 3319 ἐπήγαγεν
1783 3252 2015 3316 οἵτινες

336 3339 781 3406 προσελθόντες
817 3337 943 3404 τοῖς
975 3336 1318 3408 ἀρχιερεῦσι
1360 3337 1460 3391 καί
1515 3336 1642 3403 τοῖς
1688 3337 2016 3405 πρεσϐυτέ-

335 3442 467 3493 ροις
519 3422 694 3478 εἷπον
737 3441 753 3457 ·
803 3424 1149 3492 Ἀναθέματι
1203 3425 1716 3493 ἀνεθεματίσαμεν
1761 3423 2016 3491 ἑαυτοὺς

333 3512 604 3582 μηδενὸς
631 3514 984 3582 γεύσασθαι,
1007 3512 1118 3578 ἕως
1146 3507 1217 3567 οὗ
1244 3512 1695 3581 ἀποκτείνωμεν
1728 3510 1835 3564 τὸν
1858 3511 2017 3564 Παῦ-

339 3601 477 3653 λον.
511 3600 642 3654 Νῦν
670 3595 784 3656 οὖν
799 3599 971 3668 ὑμεῖς
997 3598 1370 3668 ἐμφανίσατε
1392 3597 1646 3664 ἑαυτοὺς
1675 3596 1756 3663 τῷ
1795 3596 2019 3667 χιλιάρ-

342 3702 431 3755 χῳ
459 3687 530 3740 ἐν
557 3684 636 3752 τῷ
680 3685 998 3754 συνεδρίῳ,
1055 3686 1215 3751 ὅπως
1273 3685 1462 3739 αὐτὸν
1521 3685 1828 3755 καταγάγῃ
1867 3687 2020 3754 πρὸς

343 3771 524 3843 ὑμᾶς,
553 3774 632 3837 ὡς
659 3771 1001 3840 μέλλοντας
1039 3771 1457 3842 διαγινώσκειν
1486 3772 1912 3842 ἀκριϐέστερον
1947 3773 2020 3827 τὰ

349 3861 482 3929 περὶ
514 3860 701 3915 αὐτοῦ
720 3877 734 3891 ·
777 3860 950 3930 ἡμεῖς
971 3859 1059 3922 δὲ,
1083 3859 1195 3928 πρὸ
1228 3858 1336 3914 τοῦ
1367 3859 1605 3930 ἐγγίσαι
1633 3862 1842 3924 αὑτὸν,
1872 3861 2021 3915 ἕτοι-

342 3948 449 4015 μοί
478 3947 667 4016 ἐσμεν
705 3946 811 4000 τοῦ
861 3946 1104 4003 ἀνελεῖν
1139 3947 1345 4001 αὐτόν.
1388 3949 1676 4014 Ἀκούσας
1715 3948 1783 4001 δὲ
1830 3952 1864 4002 ό
1890 3949 2022 4015 υίὸς

346 4033 462 4103 τῆς
504 4033 777 4103 ἀδελφῆς
819 4035 1064 4089 Παύλου
1113 4035 1180 4088 τὸ
1223 4033 1492 4103 ἐνεδρον,
1538 4037 2025 4106 παραγενόμενος

352 4123 453 4174 καί
477 4121 770 4175 εἰσελθὼν
807 4122 895 4188 είς
954 4120 1071 4189 τὴν
1117 4121 1536 4191 παρεμϐολὴν,
1575 4123 1907 4193 ἀπήγγειλε
1943 4124 2024 4190 τῷ

355 4210 594 4274 Παύλῳ.
637 4208 1219 4278 Προσκαλεσάμενος
1274 4209 1343 4262 δὲ
1399 4213 1432 4264 ό
1483 4211 1725 4277 Παῦλος
1752 4213 1862 4266 ἕνα
1904 4212 2025 4267 τῶν

352 4294 827 4365 ἑκατοντάρχων,
857 4296 971 4365 ἔφη
992 4313 1006 4326 ·
1054 4296 1165 4350 Τὸν
1203 4299 1454 4351 νεανίαν
1497 4298 1715 4353 τοῦτον
1755 4300 2028 4371 ἀπάγαγε

354 4381 508 4447 πρὸς
539 4382 642 4433 τὸν
683 4382 998 4450 χιλίαρχον
1027 4397 1040 4411 ·
1072 4381 1197 4450 ἔχει
1232 4382 1342 4451 γάρ
1364 4400 1418 4435 τι
1451 4383 1808 4455 ἀπαγγεῖλαι
1844 4385 2023 4452 αὐτῷ.

448 4467 565 4536 μὲν
586 4461 698 4521 οὖν
736 4467 1100 4536 παραλαϐὼν
1129 4468 1336 4534 αὐτὸν,
1369 4469 1555 4540 ἤγαγε
1609 4473 1761 4539 πρὸς
1805 4473 1914 4527 τὸν
1940 4492 2030 4543 χι-

353 4557 632 4623 λίαρχον.
662 4555 832 4608 Πάλιν
881 4556 960 4608 δι’
1001 4556 1346 4628 ἀνθρωπίνης
1385 4557 1613 4623 σώζεται
1662 4562 2024 4632 προμηθείας.

357 4643 469 4698 Kal
511 4644 615 4709 ὅρα
642 4659 658 4673 ο
697 4644 725 4695 0
758 4639 968 4707 Παῦλος
1021 4644 1214 4698 οὐδένα
1259 4645 1450 4717 ἀφίησι
1507 4647 1721 4716 μαθεῖν,
1785 4651 1909 4704 οὐδέ
1937 4653 2028 4706 τὸν

356 4729 923 4799 ἐκατόνταρχον,ὧστε
949 4730 1023 4801 μὴ
1051 4730 1111 4784 τὸ
1129 4733 1358 4802 πρᾶγμα
1379 4734 1628 4801 γενέσθαι
1646 4736 2027 4806 διόδηλον.Καί

354 4817 551 4873 ἐλθὼν
573 4821 604 4870 ό
631 4815 778 4888 [566]
795 4817 1248 4888 ἑκατόνταρχος,
1280 4819 1595 4889 ἀνήγγειλε
1617 4823 1698 4888 τῷ
1719 4825 2028 4893 χιλιάρχῳ,

356 4906 556 4974 λέγω,
579 4921 594 4933 .
654 4904 717 4958 σο
752 4905 997 4974 δέσμιος
1031 4908 1269 4975 Παῦλος
1307 4913 1886 4982 προσκαλεσάμενός
1927 4933 2029 4984 με,

356 4992 635 5060 ἠρώτησε
691 4991 907 5046 τοῦτον
961 4993 1069 5047 τὸν
1135 4996 1385 5049 νεανίαν
1433 4997 1681 5067 ἀγαγεῖν
1739 5001 1892 5069 πρὸς
1935 5001 2029 5066 σὲ,

357 5077 580 5146 ἔχοντά
608 5095 662 5130 τι
683 5078 956 5148 λαλῆσαί
987 5097 1104 5135 σοι.
1154 5082 1619 5153 Ἐπιλαϐόμενος
1667 5085 1736 5140 δὲ
1774 5087 1888 5157 τῆς
1912 5105 2034 5157 χει-

352 5165 465 5235 ρὸς
485 5166 676 5220 αὐτοῦ
705 5169 737 5220 ό
777 5168 1086 5236 χιλίαρχος
1112 5169 1210 5223 καί
1258 5170 1658 5240 ἀναχωρήσας
1688 5175 1816 5228 κατ’
1853 5176 2030 5241 ίδίαν,

356 5253 733 5306 ἐπυνθάνετο
767 5269 783 5285 ο
831 5254 892 5308 Τί
943 5255 1133 5321 ἐστιν,
1190 5255 1221 5310 ὃ
1275 5257 1434 5326 ἔχεις
1487 5260 1847 5330 ἀπαγγεῖλαί
1897 5282 2030 5333 μοι;

360 5337 510 5395 Εῖπε
533 5339 618 5399 δὲ.
645 5339 734 5393 ὅτι
770 5341 1043 5395 Ἰουδαῖοι
1076 5343 1402 5400 συνέθεντο
1454 5347 1564 5401 τοῦ
1611 5349 1909 5416 ἐρωτῆσαί
1938 5368 2032 5415 σε,

360 5437 521 5503 ὅπως
546 5437 756 5505 αὔριον
789 5439 897 5492 τὸν
939 5440 1186 5494 Παῦλον
1235 5443 1576 5513 καταγάγῃς
1633 5448 1721 5509 είς
1767 5446 1834 5498 τὸ
1889 5464 2036 5501 συν-

358 5522 559 5592 έδριον
590 5525 671 5590 ὡς
701 5528 1052 5593 μελλόντων
1071 5545 1123 5583 τι
1163 5529 1585 5599 ἀκριϐέστερον
1626 5535 2036 5590 πυνθάνεσθαι

360 5611 496 5680 παρ’
565 5613 774 5668 αὺτοῦ.
839 5615 923 5668 Σὺ
979 5615 1092 5669 οὖν
1160 5617 1246 5685 μὴ
1307 5618 1562 5686 πεισθῇς
1616 5621 1820 5687 αὐτοῖς
1871 5641 1884 5653 ·
1942 5625 2036 5677 ὲν-

360 5697 677 5765 εδρεὺουσι
730 5701 839 5768 γὰρ
867 5701 935 5766 ἐξ
973 5701 1171 5756 αὐτῶν
1198 5703 1411 5772 ἄνδρες
1459 5707 1709 5771 πλείους
1747 5713 2039 5778 τεσσαρά-

428 5821 450 5892 ξ¹
471 5819 507 5867 U
517 5834 608 5892 qus
632 5823 759 5892 €911...
773 5824 827 5892 τὸ
841 5825 1127 5892 διασωθῆναι
1152 5827 1693 5892 μέλλοντα-διασπᾶσθαι
1705 5830 1784 5877 τὸν
1797 5832 2039 5892 ἄνθρωπον

364 5881 444 5954 καὶ
466 5882 592 5954 τοὺς.
663 5884 783 5952 δεῦρ
807 5881 1066 5954 lres_qodd_.
1096 5881 1316 5954 ριἐρνὶικ
1345 5903 1358 5948 ;
1387 5885 1551 5940 Μοῐιὶῒ.
1580 5881 2034 5953 ζημιωτικοί.Ἐι)ιἰ-.

367 5942 390 5970 ⁰
414 5941 717 6006 Συνέρχονται
758 5945 809 5995 in
851 5946 1140 6008 quibusdam
1182 5948 1338 6000 deest.

1386 425 1452 480 IN
1491 425 1670 480 ACTA
1713 421 2249 480 APOS'I'OLORUM.
2291 423 2528 480 IIOMIL.
2571 422 2760 478 XLlX.

3664 425 3771 478 3-10

2097 552 2305 602 κοντα,
2340 537 2561 602 οἵτινες
2602 533 3046 605 ἀνεθεμάτισαν
3090 532 3344 600 ἑαυτοὺς
3367 535 3522 604 μήτε
3558 542 3774 610 φαγεῖν

2089 625 2245 692 μήτε
2271 624 2450 690 πιεῖν,
2481 625 2591 689 ἕως
2639 618 2712 678 οὗ
2765 621 3029 676 ἀνέλωσι
3062 620 3172 674 τὸν
3201 621 3448 676 Παῦλον
3472 637 3487 652 ·
3511 628 3610 680 καί
3653 627 3771 682 νῦν

2091 711 2316 780 ἕτοιμοί
2339 714 2457 764 εἱσι
2499 711 2972 780 προσδεχόμενοι
3027 707 3143 775 τὴν
3182 710 3345 776 παρά
3365 710 3484 764 σοῦ
3520 712 3774 783 ἐπαγγε-

2091 799 2254 855 λίαν.
2300 799 2363 852 '0
2383 799 2500 868 μὲν
2534 795 2650 853 οὖν
2688 799 3001 866 χιλίαρχος
3039 795 3316 850 ἀπέλυσε
3364 798 3473 852 τὸν
3498 804 3774 867 νεανίαν,

2093 889 2495 956 παραγγείλας
2556 885 2774 956 μηδενί
2846 883 3208 952 ἐκλαλῆσαι,
3264 885 3355 941 ὅτι
3409 886 3779 958 ἐνεφάνισας

2093 977 2280 1030 ταῦτα
2308 976 2457 1043 πρός
2473 992 2569 1042 με.

2165 1065 2231 1136 β’-
2266 1062 2460 1126 Καλῶς
2489 1064 2516 1114 ὁ
2541 1061 2816 1133 χιλίαρχος
2858 1060 3072 1115 κελεύει
3111 1061 3356 1133 κρύψαι,
3395 1064 3537 1118 ὥστε
3581 1065 3656 1136 μὴ
3686 1081 3778 1136 γεο

2094 1151 2278 1205 νέσθαι
2301 1151 2480 1219 δῆλον.
2505 1151 2617 1203 Kal
2651 1149 2773 1202 τότε
2793 1149 2942 1218 λέγει
2967 1151 3078 1214 τοῖς
3099 1152 3546 1225 ἑκατοντάρχοις,
3564 1153 3651 1206 ὅτε
3682 1155 3779 1206 καὶ

2093 1238 2348 1309 γενέσθαι
2377 1237 2564 1308 ἐχρῆν·
2597 1238 2696 1290 καὶ
2722 1239 3000 1306 πέμπεται
3019 1235 3203 1289 λοιπὸν
3234 1239 3291 1291 ἐν
3322 1240 3651 1311 Καισαρείᾳ,
3690 1241 3786 1294 ἵνα

2095 1328 2257 1380 κάκεῖ
2285 1323 2539 1394 διαλεχθῇ
2571 1323 2663 1375 ἐπὶ
2705 1321 2950 1392 μείζονος
2987 1322 3217 1393 θεάτρου
3251 1317 3346 1377 καὶ
3391 1325 3780 1399 λαμπροτέρου

2094 1413 2189 1467 τοῦ
2229 1412 2600 1484 ἀκροατηρίου
2627 1426 2639 1438 ·
2683 1411 2770 1463 ῐνα
2800 1409 2874 1481 μὴ
2909 1409 3074 1480 ἔχωσι
3114 1411 3295 1480 λέγειν
3320 1413 3371 1466 οί
3409 1414 3670 1477 Ἰουδαῖοι,
3697 1417 3781 1468 ὅτι

2094 1502 2144 1555 εί
2168 1499 2382 1569 εἴδομεν
2409 1497 2643 1563 Παῦλον,
2686 1496 3090 1568 ἐπιστεύσαμεν
3111 1497 3197 1564 ἀν,
3231 1499 3279 1551 εί
3335 1500 3654 1571 ἠκούσαμεν
3686 1504 3780 1553 αὐ-

2094 1589 2189 1643 τοῦ
2217 1588 2579 1651 διδάσκοντος.
2614 1587 2724 1640 Kal
2750 1586 2890 1656 αῦτη
2940 1582 3032 1640 οὖν
3067 1587 3252 1651 αὐτοῖς
3291 1588 3544 1642 ἐντεῦθεν
3578 1591 3610 1660 ὴ
3644 1591 3782 1643 ἀπο-

2095 1679 2251 1746 λογία
2286 1678 2633 1731 ἐκκόπτεται.
2658 1675 2766 1730 Καί
2788 1675 3064 1740 ἐπιστὰς,
3089 1675 3279 1745 φησὶν,
3314 1679 3347 1729 ό
3375 1679 3591 1745 Κύριος
3611 1673 3783 1730 εἶπεν

2097 1765 2258 1831 αὐτῷ
2284 1783 2298 1796 ·
2329 1766 2549 1835 Θάρσει
2573 1780 2588 1796 ο
2620 1766 2700 1830 ὠς
2729 1763 2839 1834 γὰρ
2871 1763 3241 1833 διεμαρτύρω
3268 1764 3341 1817 τὰ
3367 1766 3501 1834 περί
3527 1766 3782 1837 ἐμοῦνείς

2109 1853 2530 1922 Ἰερουσαλὴμ,
2560 1852 2715 1907 οὕτω
2749 1866 2823 1905 σε
2849 1851 3064 1906 δεῖκαὶ
3105 1855 3192 1917 είς
3223 1853 3460 1922 Ῥώμην
3477 1855 3784 1924 μαρτυρῆ-

2099 1958 2224 1998 σαι.
2266 1943 2434 2012 Ὅρα,
2465 1941 2560 1994 καὶ
2598 1940 2737 2011 μετά
2779 1939 2841 1993 τὸ
2877 1940 3144 2009 φανῆναι,
3177 1939 3344 1993 πᾶλιν
3371 1942 3597 2010 ἀφίησιν
3625 1942 3786 1994 αὐτὸν

2099 2009 2455 2100 ἀνθρωπίνως
2479 2009 2740 2098 σωθῆναι.
2765 2027 2875 2081 Kal
2896 2025 3043 2091 ἀξιον
3058 2027 3399 2097 ἐκπλαγῆναι
3427 2009 3519 2080 τὸν
3551 2021 3785 2093 Παῦλον,

2100 2115 2216 2178 πῶς
2240 2115 2340 2167 οὐκ
2362 2113 2686 2186 ἐθορυϐήθη,
2723 2114 2843 2168 οὐδὲ
2867 2110 3006 2166 εἷπε·
3026 2113 3090 2165 Τί
3111 2113 3175 2183 δὴ
3203 2113 3362 2167 τοῦτό
3389 2116 3557 2179 tam);
3577 2110 3687 2188 ἄρα
3712 2114 3790 2186 μὴ

2100 2201 2388 2270 ἠπάτημαι
2412 2200 2563 2270 παρά
2584 2199 2677 2252 τοῦ
2697 2200 2740 2252 Χ
2749 2199 2958 2270 ριστοῦ;
2977 2198 3099 2251 ’Δλλ
3116 2199 3128 2214 ⁸
3142 2199 3294 2252 οὐδὲν
3305 2200 3548 2253 τοιοῦτον
3569 2201 3789 2268 ἐνενόη-

2103 2307 2216 2353 σεν,
2233 2290 2353 2343 οὐδὲ
2366 2288 2585 2353 ἔπαθεν,
2601 2289 2737 2342 ἀλλά
2752 2290 2908 2358 μόνον
2921 2289 3328 2343 ἐπίστευσεν-οὐ
3346 2289 3450 2360 μὴν
3466 2289 3655 2359 ἐπειδὴ
3667 2289 3792 2341 ἐπί-

2105 2394 2327 2432 στευσεν
2342 2420 2356 2442 ,
2392 2376 2640 2430 ὕπνωσεν
2663 2419 2678 2443 ,
2709 2365 2845 2430 ἀλλὰ
2860 2377 2928 2431 τὰ
2945 2377 3132 2430 ἐνόντα
3146 2375 3208 2440 ἐξ
3232 2376 3580 2447 ἀνθρωπίνης
3599 2375 3793 2444 σοφίας

2106 2465 2335 2548 συνιδεῖν
2377 2465 2439 2516 οὐ
2488 2463 2720 2535 προῆκε.
2770 2463 2882 2515 Kal
2931 2462 3127 2515 σκόπει
3185 2462 3301 2526 πῶς
3332 2462 3582 2534 ἀνάγκην
3612 2461 3736 2514 τινὰ
3763 2460 3790 2500 ἀ

2106 2549 2318 2615 ἑαυτοῖς
2341 2553 2539 2606 ἐκεῖνοι
2568 2551 2904 2623 περιέθηκαν
2932 2552 3020 2605 διά
3041 2549 3135 2605 τοῦ
3163 2549 3636 2620 ἀναθεματισμοῦ.
3657 2549 3793 2602 Ἰδοὺ

2106 2640 2332 2710 νηστεία
2363 2640 2718 2710 ἀνδροφονίας
2753 2641 2953 2711 μήτηρ.
2981 2637 3248 2707 Καθάπερ
3281 2638 3309 2689 0
3343 2636 3592 2707 Ἡρώδης
3620 2636 3782 2703 ἀνάγ-

2109 2746 2211 2798 κην
2235 2729 2334 2798 τὴν
2380 2727 2487 2780 ἀπὸ
2527 2727 2618 2780 τοῦ
2657 2728 2822 2800 ὅρκου
2864 2725 3043 2796 ἐαυτῷ
3087 2724 3357 2795 ἐπέθηκεν
3385 2739 3400 2754 ⁸
3443 2723 3586 2777 οὕτω
3611 2723 3676 2794 δὴ
3704 2725 3796 2777 καὶ

2111 2811 2282 2868 οῦτοι.
2308 2813 2550 2868 Τοιαῦτα
2579 2815 2687 2885 γὰρ
2708 2814 2776 2867 τὰ
2804 2812 3089 2867 διαϐολικά
3120 2812 3371 2883 θήρατρα
3393 2829 3406 2842 ο
3443 2813 3802 2882 προσχήματι

2110 2907 2269 2978 δῆθεν
2299 2907 2585 2968 εὐλαϐείας
2645 2906 2742 2969 τὰς
2797 2905 3033 2972 παγίδας
3085 2904 3291 2974 τίθησι.
3337 2901 3448 2956 Kal
3488 2901 3594 2972 μὴν
3625 2900 3797 2970 ἐχρῆν

2114 2994 2457 3066 προσελθεῖν,
2490 2994 2657 3066 ἐχρῆν
2697 2992 3046 3054 αἰτιάσασθαι
3067 3031 3081 3056 ,
3113 2991 3463 3060 δικαστήριον
3492 2987 3800 3058 συγκροτῆ-

2115 3102 2206 3137 σαι
2231 3100 2244 3113 ·
2277 3082 2451 3137 ταῦτα
2501 3081 2611 3152 γὰρ
2668 3081 2767 3150 οὐχ
2814 3080 3028 3152 ἱερέων,
3079 3079 3215 3132 ἀλλά
3247 3077 3592 3148 λῃστάρχων,
3624 3074 3801 3128 ταῦτα

2113 3171 2214 3225 οὐκ
2239 3171 2536 3241 ἀρχόντων,
2561 3165 2698 3221 ἀλλά
2743 3166 3058 3237 λυμεώνων.
3109 3165 3221 3218 Kal
3254 3165 3356 3235 ὅρα
3396 3163 3595 3225 κακίας
3625 3163 3800 3232 ὑπερ⁶

2115 3259 2297 3330 ϐολήν.
2351 3258 2426 3310 Οὐ
2475 3255 2635 3327 μόνον
2687 3254 2949 3325 ἀλλήλους
3014 3251 3431 3323 διαφθείραντες
3474 3248 3795 3321 ἀρκοῦνται,

2116 3347 2255 3400 ἀλλά
2286 3346 2381 3398 καὶ
2409 3343 2501 3398 τὸν
2546 3344 2787 3414 ἄρχοντα
2834 3340 3247 3410 συνδιαφθεῖραι
3293 3336 3630 3408 ἐπιχειροῦσι
3661 3352 3677 3367 ο
3704 3335 3794 3388 διὰ

2115 3435 2276 3488 τοῦτο
2297 3431 2624 3504 ᾠκονομήθη
2658 3430 2799 3484 ὥστε
2827 3431 3078 3483 κάκεῖνον
3120 3427 3314 3498 μαθεῖν
3340 3424 3522 3478 αὐτῶν
3551 3424 3648 3495 τὴν
3674 3425 3801 3476 ἐπιο

2117 3521 2334 3594 ϐουλήν.
2366 3519 2528 3572 Αὐτοὶ
2564 3517 2620 3571 δὲ
2653 3518 2716 3570 οὐ
2757 3515 2917 3588 μόνον
2963 3517 3028 3569 ἐκ
3054 3513 3150 3568 τοῦ
3195 3514 3362 3584 μηδὲν
3410 3511 3556 3582 ἐχειν
3600 3513 3798 3577 είπεῖν,

2123 3609 2258 3663 ἁλλά
2289 3609 2387 3661 καὶ
2408 3608 2472 3659 ἐκ
2498 3605 2592 3658 τοῦ
2619 3605 2796 3676 λάθρα
2834 3604 3132 3673 ἐπιχειρεῖν
3175 3601 3412 3672 ἤλεγξαν
3446 3601 3678 3663 ἑαυτοὺς
3710 3600 3808 3652 οὐ-

2120 3697 2207 3749 δὲν
2247 3695 2424 3757 ὄντας.
2449 3691 2611 3754 Εἰκὸς
2651 3691 2708 3743 δὲ
2755 3691 2850 3744 καὶ
2886 3691 3026 3760 μετὰ
3084 3687 3146 3741 τὸ
3187 3687 3564 3765 ἀποσταλῆναι
3622 3685 3808 3753 αὐτὸν,

2125 3781 2440 3854 προσελθεῖν
2471 3780 2597 3842 τοὺς
2624 3779 2900 3849 ἀρχιερεῖς
2938 3775 3246 3840 αἰτοῦντας,
3279 3775 3374 3828 καὶ⁵
3405 3774 3811 3844 καταισχυνθῆ-

2123 3889 2211 3924 ναι
2243 3868 2563 3940 ἀπράκτους
2609 3865 3005 3936 ἀπολυθέντας.
3051 3864 3292 3931 Εἰκότως
3321 3863 3377 3916 δέ
3409 3863 3568 3916 τοῦτο
3606 3862 3755 3915 ποιεῖ
3781 3863 3813 3915 0

2125 3957 2403 4028 χιλίαρχος
2436 3972 2449 3986 ·
2491 3955 2553 4007 οὐ
2602 3952 2712 4024 γὰρ
2749 3951 2815 4023 δὴ
2855 3951 3106 4004 ἐϐούλετο
3152 3950 3276 4004 οὐτε
3323 3950 3656 4020 χαρίσασθαι
3686 3947 3809 4003 οὔτε

2127 4043 2428 4098 ἐπινεῦσαι.
2460 4041 2572 4094 Kal
2598 4041 2736 4106 πῶς,
2767 4039 2964 4109 φησὶν,
3014 4039 3336 4092 ἐπίστευσεν
3371 4036 3547 4108 ἀληθῆ
3577 4033 3716 4090 εἶναι
3743 4037 3812 4090 τὰ

2127 4130 2535 4201 ἐπαγγελθέντα
2557 4130 2710 4212 παρά
2731 4128 2822 4180 τοῦ
2865 4126 3115 4212 νεανίου;
3159 4126 3264 4212 Ἐκ
3293 4124 3403 4212 τῶν
3442 4125 3545 4195 ήδη
3583 4126 3814 4194 γενομέ-

2127 4235 2234 4273 νων
2256 4215 2612 4286 ἐστοχάσατο,
2640 4207 2721 4268 ὅτι
2755 4214 2851 4267 καὶ
2877 4211 3035 4266 τοῦτο
3068 4211 3217 4275 είκὺς
3235 4207 3304 4284 ἦν
3337 4210 3539 4275 αὐτοὺς
3559 4210 3810 4280 ποιῆσαι.

2129 4307 2239 4361 Kal
2266 4307 2366 4376 ὅρα
2393 4303 2492 4374 τὴν
2527 4302 2879 4375 κακουργίαν·
2916 4299 3067 4372 [567]
3089 4300 3278 4371 ὥσπερ
3309 4299 3556 4369 ἀνάγκην
3583 4299 3677 4351 καὶ
3701 4300 3814 4361 τοῖς

2129 4392 2474 4467 ἀρχιερεῦσιν
2526 4391 2854 4460 ἐπέστησαν.
2897 4388 3007 4448 Kal
3071 4388 3147 4459 μὴ
3177 4387 3466 4458 θαυμάσῃς
3488 4397 3511 4426 ο
3538 4400 3551 4414 ⁸
3583 4387 3633 4438 εί
3703 4384 3815 4455 γὰρ

2131 4481 2381 4535 τοσοῦτον
2432 4478 2635 4531 εἴλοντο
2666 4476 2842 4539 αὐτοὶ,
2895 4476 2987 4528 καὶ
3043 4474 3136 4527 τὸν
3193 4474 3435 4528 κίνδυνον
3497 4472 3816 4535 ἀνεδέξαντο

2133 4571 2335 4633 πάντα,
2371 4565 2554 4636 πολλῷ
2586 4565 2787 4636 μᾶλλον
2822 4564 2917 4617 καὶ
2943 4562 3184 4624 ἐκείνους
3217 4560 3377 4614 τοῦτο
3411 4559 3638 4630 ποιῆσαι
3667 4559 3814 4620 είκὺς

2129 4653 2219 4727 ἦν.
2266 4655 2450 4725 Ὁρᾷς,
2509 4653 2627 4715 πῶς
2653 4651 2742 4704 διά
2774 4651 2875 4719 τῆς
2896 4649 3079 4720 ψήφου
3122 4647 3232 4701 τῶν
3269 4648 3374 4716 ἐξω
3400 4646 3575 4710 λι.θῶος
3607 4646 3817 4714 γίνεται

2132 4745 2161 4796 0
2187 4743 2420 4805 Παῦλος,
2447 4740 2522 4802 ὡς
2549 4741 2643 4793 καὶ
2673 4741 2700 4793 0
2737 4737 2974 4808 Χριστὸς
3021 4734 3174 4805 παρά
3213 4733 3491 4799 Πιλάτου;
3537 4731 3675 4786 Ἀλλ’
3715 4731 3817 4802 ὅρα

2134 4831 2227 4884 καὶ
2275 4829 2372 4899 τὴν
2411 4828 2611 4881 κακίαν
2657 4825 2746 4895 ὑφ’
2790 4825 2988 4894 ἑαυτῆς
3015 4822 3441 4892 ἀναιρουμένην.
3480 4819 3820 4889 Παρέδωκαν

2139 4919 2236 4989 μὲν
2260 4918 2369 4987 γὰρ
2393 4915 2577 4980 αὐτὸν,
2605 4914 2745 4967 ὥστε
2805 4913 2897 4965 καὶ
2935 4911 3143 4965 ἀνελεῖν
3177 4909 3269 4963 καὶ
3299 4908 3662 4963 καταδικάσαι
3687 4923 3700 4937 ·
3731 4906 3819 4973 γί-

2134 5024 2282 5059 νεται
2304 5006 2358 5058 δὲ
2375 5002 2703 5065 τούναντίον,
2720 5001 2812 5054 καὶ
2830 4998 3084 5064 σώζεται,
3099 5000 3192 5051 καὶ
3209 4996 3384 5060 ἀθῶος
3399 4995 3732 5067 εὑρίσκεται.
3755 4994 3820 5045 Εἰ

2135 5093 2243 5164 γὰρ
2281 5091 2356 5164 μὴ
2383 5090 2546 5155 οῦτω,
2571 5089 2674 5142 κᾶν
2695 5087 2997 5158 διεσπάσθη
3024 5103 3036 5114 ·
3059 5087 3107 5139 εί
3127 5084 3201 5157 μὴ
3219 5083 3384 5148 οὕτω,
3423 5082 3528 5137 κᾶν
3546 5080 3816 5141 ἀπώλετο,

2137 5184 2239 5236 κᾶν
2254 5178 2636 5245 κατεδικάσθη.
2652 5178 2728 5230 Οὐ
2745 5177 2902 5246 μόνον
2912 5175 2968 5230 δὲ
2983 5174 3196 5244 ἐκείνης
3207 5171 3368 5227 αὐτὸν
3383 5172 3479 5242 τῆς
3493 5169 3670 5242 ὁρμῆς
3683 5170 3822 5233 ἐξαι-

2141 5271 2312 5339 ρεῖται
2331 5271 2359 5321 0
2377 5269 2652 5340 χιλίαρχος
2673 5307 2686 5325 ,
2705 5264 2842 5317 ἀλλὰ
2873 5264 2965 5317 καὶ
2980 5263 3256 5332 ὑπηρέτης
3274 5260 3422 5330 αὐτῴ
3433 5259 3661 5329 γίνεται,
3679 5258 3820 5310 ὥστε

2137 5355 2432 5417 ἀκινδύνως
2457 5353 2786 5421 διασωθῆναι
2821 5351 2960 5420 μετά
2982 5349 3252 5419 τοσαύτης
3281 5345 3668 5418 παρατάξεως·
3727 5343 3824 5398 καὶ

2138 5444 2304 5506 ὅπως,
2325 5441 2509 5494 ἄκουε*
2528 5441 2864 5508 ἐπάγει-(ἀρ-
2885 5436 2932 5489 Κ
2938 5437 2994 5489 al
3017 5434 3593 5504 προσκαλεσάμενος
3606 5432 3714 5486 δύο
3735 5449 3822 5484 τι·-

2137 5530 2248 5595 «mc
2268 5529 2385 5581 τῶν
2411 5525 2884 5594 ἑκατοντάρχων,
2903 5521 3033 5578 εἷπε
3058 5539 3069 5552 ·
3110 5520 3499 5590 Ἑτοιμάσατὲ
3513 5538 3615 5590 μοι
3638 5537 3820 5586 στραο

2141 5616 2348 5680 τιὼτας
2365 5614 2733 5677 διακοσίους,
2755 5613 2914 5678 ὅπως
2928 5609 3302 5678 πορευθῶσιν
3331 5613 3417 5673 είς
3435 5607 3818 5674 Καισάρειαν,

2142 5703 2239 5758 καὶ
2281 5701 2482 5765 ίππεῖς
2534 5700 2966 5769 ἐϐδομήκοντα,
3017 5698 3117 5751 καί
3170 5695 3553 5761 δεξιολάϐους
3616 5694 3815 5748 διακο-

2227 5897 2254 5936 ιι
2278 5897 2500 5956 Quidam,
2526 5896 2712 5959 σοφίας,
2755 5897 2809 5943 οὐ
2850 5897 3128 5959 προέδωκαν
3167 5893 3376 5956 ἀνάγκην
3400 5893 3517 5943 τινά.
3591 5903 3613 5933 θ
3636 5891 3729 5942 Kal
3757 5893 3820 5946 μή

2149 5960 2394 6023 θαυμάσῃς
2437 5958 2656 6012 ᾱθθειίι]
2680 5970 2776 6010 uno
2819 5958 3005 6010 codice.
