4072 6406
343 432 435 485 5H

337 546 532 610 σίους,
557 543 672 598 άπὸ
694 541 892 610 τρίτης
913 540 1068 609 ὧρας
1101 542 1206 609 τῆς
1250 541 1488 605 νυκτὸς,
1536 536 1721 605 κτήνη
1773 554 1837 590 τε
1869 552 1976 590 παι

339 628 658 698 ραστῆσαι,
696 629 795 681 ῖνα
825 627 1276 692 ἐπιϐιϐάσαντες
1299 633 1404 679 τόν
1433 625 1693 685 Παῦλον,
1720 621 1982 692 ἀγάγωσι

341 718 486 782 πρὸς
509 715 737 784 Φήλικα
773 716 879 769 τὸν
915 715 1176 783 ’ἡγεμόνα
1200 732 1212 744 θ
1254 713 1484 783 γράψας
1512 710 1867 777 ἐπιστολήν,
1893 725 1987 762 πε-

341 802 664 870 ριέχουσαν
697 804 803 855 τὸν
829 804 1020 856 τύπον
1057 802 1288 856 τοῦτον·
1332 799 1628 864 Κλαύδιος
1657 800 1884 862 Λυσίας
1909 797 1987 863 τῷ

343 889 632 953 κρατίστῳ
651 889 895 957 ἡγεμόνι
912 887 1121 956 Φήλικι
1145 887 1392 955 χαίρειν.
1433 886 1542 939 Τὸν
1566 883 1752 952 ἄνδρα
1775 883 1989 937 τοῦτον

342 975 768 1040 συλληφθέντα
813 975 928 1027 ὑπὸ
980 973 1097 1027 τῶν
1141 972 1472 1035 Ἰουδαίων,
1525 969 1623 1022 καὶ
1690 968 1991 1039 μέλλοντα

343 1055 707 1122 ἀναιρεῖσθαι
753 1060 866 1112 ὑπ’
896 1058 1112 1120 αὐτῶν,
1151 1060 1400 1125 ἐπιστὰς
1435 1060 1557 1136 σύν
1601 1059 1678 1124 τῷ
1704 1044 1989 1125 στρατεύο

341 1157 475 1209 ματι
500 1141 812 1209 ἐξειλόμην
831 1144 1054 1212 μαθὼν,
1085 1145 1170 1197 ότι
1207 1145 1479 1214 Ῥωμαῖός
1499 1149 1629 1202 ἐστι
1656 1164 1668 1176 ·
1687 1147 1987 1211 βουλόμε-

343 1245 449 1292 νος
471 1228 538 1280 δὲ
564 1229 779 1296 γνῶναι
822 1230 936 1297 τὴν
967 1233 1177 1295 αἰτίαν,
1228 1233 1302 1285 δι’
1329 1233 1407 1301 ἣν
1444 1235 1773 1288 ἐνεκάλουν
1806 1229 1988 1294 αὐτῷ,

345 1313 682 1382 κατήγαγον
728 1315 926 1369 ἀὐτὸν
992 1319 1077 1382 εἰς
1135 1318 1198 1371 τὸ
1243 1320 1560 1388 συνέδριον
1602 1319 1816 1374 αὐτῶν.
1881 1321 1975 1370 Ὃν

344 1396 520 1466 εὗρον
570 1401 1012 1470 ἐγκαλούμενον
1074 1404 1206 1471 περὶ
1261 1403 1598 1474 ζητημάτων
1646 1404 1750 1458 τοῦ
1801 1404 1988 1470 νόμου

345 1484 558 1544 αὐτῶν,
591 1488 785 1554 μηδὲν
830 1488 1001 1547 ἀξιον
1041 1490 1295 1544 θανάτου
1345 1491 1383 1558 ἢ
1442 1489 1679 1559 δεσμῶν
1724 1491 1990 1559 ἔγκλημα

346 1572 580 1639 ἔχοντα.
655 1575 1035 1640 Μηνυθείσης
1095 1573 1162 1628 δέ
1217 1593 1318 1643 μοι
1367 1577 1691 1642 ἐπιϐουλῆς
1742 1574 1992 1644 μέλλειν

347 1657 594 1710 ἔσεσθαι
615 1660 699 1723 εις
719 1660 824 1713 τὸν
843 1659 1031 1727 ἄνδρα
1054 1661 1171 1715 ὑπὸ
1201 1661 1316 1714 τῶν
1361 1663 1666 1718 Ἰουδαίων
1686 1663 1754 1726 ἐξ
1774 1661 1988 1728 αὐτῶν,

349 1741 586 1812 ἔπεμψα
600 1744 750 1810 πρὸς
773 1748 868 1808 σὲ,
902 1747 1299 1815 παραγγείλας
1334 1748 1432 1801 καὶ
1470 1749 1594 1816 τοῖς
1641 1748 1988 1816 κατηγόροις

347 1831 547 1895 λέγειν
573 1830 641 1884 τὰ
678 1831 825 1898 πρὸς
853 1832 1036 1885 αὑτὸν
1058 1833 1154 1886 ἐπὶ
1197 1834 1331 1888 σοῦ.
1359 1836 1618 1904 Ἕρρωσο
1655 1848 1700 1876 ι·
1731 1835 1873 1904 Ὅρα
1898 1835 1991 1886 καὶ

347 1915 444 1982 τὴν
489 1916 772 1986 ἐπιστολήν
824 1917 1117 1984 ἀπολογίαν
1182 1919 1406 1989 ἔχουσαν
1473 1921 1568 1990 μὲν
1627 1921 1766 1991 ὑπὲρ
1823 1920 1990 1974 αὐτοῦ

350 1999 565 2066 (Οὐδὲν
587 2000 712 2070 γὰρ,
756 2003 940 2071 φησὶν,
984 1999 1166 2071 εὗρον
1199 2006 1370 2070 ἀξιον
1417 2007 1675 2061 θανάτου
1722 2007 1989 2076 ἔγκλημα

348 2085 606 2156 ἔχοντα),
653 2089 979 2159 κατηγορίαν
1017 2091 1073 2143 δέ
1112 2092 1230 2145 κατ’
1261 2091 1541 2163 ἐκείνωνῆ
1575 2092 1714 2146 κατὰ
1756 2092 1945 2146 τούτου
1971 2109 1985 2124 ο

348 2173 520 2235 οὕτως
545 2173 833 2231 ἐθανάτων.
861 2178 968 2231 Καὶ
1004 2178 1218 2249 πρῶτον
1242 2180 1338 2250 μέν
1362 2198 1545 2252 φησιν,
1567 2183 1648 2234 ὅτι
1677 2180 1992 2235 Μέλλοντα

351 2259 713 2326 ἀναιρεῖσθαι
762 2259 879 2315 ὑπὸ
928 2262 1046 2318 τῶν
1098 2266 1400 2321 Ἰουδαίων
1454 2268 1770 2335 ἐξειλόμην
1808 2284 1822 2297 ·
1875 2262 1992 2319 εἶτα

353 2346 718 2415 προστίθησιν,
752 2349 832 2402 ὅτι
864 2352 968 2403 Kal
995 2351 1333 2420 κατήγαγον
1357 2354 1543 2408 αὑτὸν
1567 2354 1714 2420 πρὸς
1738 2354 1957 2417 αὐτούς
1975 2369 1989 2384 ’

353 2434 442 2483 καὶ
469 2433 573 2485 οὐδ’
613 2434 782 2498 οὕτως
816 2430 972 2506 εὗρόν
1017 2456 1066 2491 τι
1121 2437 1416 2506 ἐγκαλέσαι
1471 2441 1698 2493 ἐκεῖνοι·
1747 2441 1839 2492 καὶ
1876 2440 1993 2492 δέον

350 2516 488 2588 ἰπέρ
514 2517 605 2570 τοῦ
634 2523 897 2592 προτέρου
935 2524 1350 2593 καταπλαγῆναι
1378 2527 1470 2578 καὶ
1515 2526 1990 2596 καταισχυνθῆναι,

351 2605 508 2656 πάλιν
533 2607 895 2675 ἐπιχειροῦσιν
922 2609 1149 2673 ἀνελεῖν,
1179 2611 1316 2664 ὥστε
1337 2612 1495 2664 πάλιν
1517 2612 1890 2682 λαμπρότερον
1907 2629 1995 2680 γε·

355 2691 532 2744 νέσθαι
564 2693 653 2744 τὸν
677 2693 815 2763 ὺπέρ
843 2693 1005 2747 αὑτοῦ
1044 2695 1217 2764 λόγον.
1263 2698 1372 2750 Καὶ
1403 2699 1454 2750 τί
1485 2698 1680 2768 δήποτε
1719 2699 1842 2761 τοὺς
1874 2715 1998 2751 κατ-

351 2777 583 2848 ηγόρους
628 2780 864 2848 πέμπει;
900 2781 1014 2834 Ἵνα
1059 2790 1115 2834 ἐν
1141 2781 1219 2852 τῷ
1257 2783 1616 2854 δικαστηρίῳ,
1665 2784 1790 2837 ἔνθα
1825 2785 1995 2838 ταῦτα

350 2865 735 2936 ἀκριϐέστερον
802 2867 1176 2937 γυμνάζεται,
1232 2869 1406 2933 ἀθῶος
1460 2871 1704 2940 γένηται.
1771 2871 1996 2940 ’Ίδωμεν

350 2953 527 3004 τοίνυν
572 2953 776 3006 ἀνωθεν
836 2953 904 3007 τὰ
955 2957 1236 3024 εἰρημένα.
1281 2958 1446 3025 Ἐγὼ,
1492 2958 1646 3029 φησὶ,
1681 2958 1996 3025 Φαρισαῖός

350 3041 484 3106 είμι.
527 3037 692 3092 Τοῦτο
714 3037 884 3104 εἶπεν,
908 3041 1046 3093 ὥστε
1082 3045 1276 3106 αὐτοὺς
1297 3045 1722 3098 ἐπισπάσασθαι.
1759 3043 1891 3099 Εἶτα
1909 3047 1996 3100 ἵνα

354 3126 428 3194 μὴ
459 3125 581 3195 δόξῃ
608 3126 938 3188 κολακεύειν,
959 3128 1169 3195 ἐπάγει’
1196 3130 1331 3198 Περὶ
1356 3131 1601 3196 ἐλπίδος
1623 3132 1718 3185 καί
1746 3133 1999 3186 ἀναστά-

353 3227 505 3275 σεως
529 3211 753 3278 νεκρῶν
780 3213 892 3281 ἐγὼ
924 3216 1212 3283 κρίνομαι.
1267 3215 1398 3268 Ἀπὸ
1422 3217 1520 3284 τῆς
1547 3219 1878 3288 κατηγορίας
1904 3220 2000 3272 αύ-

352 3297 459 3350 τῶν
487 3298 577 3350 καὶ⁵
618 3300 716 3368 τῆς
754 3299 1008 3367 διαϐολῆς
1054 3301 1357 3370 συνίστησιν
1398 3303 1586 3356 ἑαυτόν
1614 3320 1628 3335 ο
1657 3305 1996 3358 Σαδδουκαῖοι

358 3384 454 3453 μὲν
475 3384 580 3454 γὰρ
609 3383 822 3450 λέγουσι
856 3386 930 3457 μὴ
959 3381 1094 3439 εἶναι
1118 3387 1367 3455 ἄγγελον,
1399 3389 1532 3458 μήτε
1561 3389 1796 3459 πνεῦμα.
1833 3391 1998 3445 Οὐδὲν

355 3469 640 3537 ἀσώματον
685 3471 831 3522 ῐσασι
873 3472 1230 3534 Σαδδουκαῖοι,
1278 3475 1414 3542 τάχα
1440 3475 1557 3526 οὐδὲ
1589 3476 1678 3528 τὸν
1714 3476 1864 3538 Θεὸν,
1898 3496 1998 3530 πα-

357 3554 466 3618 χεῖς
495 3568 634 3614 τινες
663 3552 810 3615 ὄντες
835 3569 848 3584 ⁸
875 3552 995 3606 ὅθεν
1051 3555 1171 3608 οὐδὲ
1220 3556 1512 3610 ἀνάστασιν
1556 3557 1830 3626 βούλονται
1861 3557 1998 3615 εἶναι

357 3639 645 3690 πιστεύειν.
700 3639 809 3692 Καὶ
865 3640 1254 3706 ἀναστάντες,
1304 3647 1456 3712 φησὶ,
1513 3646 1866 3715 γραμματεῖς
1892 3647 1998 3701 τοῦ

349 3723 567 3790 μέρους
592 3725 709 3776 τῶν
730 3726 1081 3791 Φαρισαίων,
1105 3726 1453 3796 διεμάχοντο
1479 3730 1757 3799 λέγοντες
1773 3748 1785 3760 ”
1811 3732 2000 3787 Οὐδὲν

356 3809 542 3860 κακὸν
567 3810 922 3877 εὑρίσκομεν
955 3810 1022 3862 ἐν
1042 3810 1120 3874 τῷ
1141 3813 1428 3879 ἀνθρώπῳ
1461 3818 1664 3878 τούτῳ.

427 3893 578 3965 ι568]
602 3902 669 3961 γ’.
701 3896 858 3964 Ὅρα·
875 3896 1060 3949 ἀκούει
1076 3898 1168 3948 καὶ
1193 3901 1220 3950 6
1244 3898 1537 3969 χιλίαρχος,
1557 3902 1636 3954 ὅτι
1659 3902 1816 3956 αὐτὸν
1832 3905 2002 3975 ἀπήλ-

356 3981 518 4044 λαξαν
551 3983 905 4052 ἐγκλημάτων
944 3985 992 4035 oi
1035 3985 1347 4053 Φαρισαῖοι,
1384 3987 1474 4039 καὶ
1513 3988 1812 4057 ἐψηφίσατο
1860 3992 1998 4064 ὑπὲρ

356 4067 540 4131 αὑτοῦ,
563 4067 654 4120 καὶ
682 4067 816 4138 μετά
847 4068 1084 4133 πλείονος
1106 4071 1414 4142 παρρησίας
1441 4074 1672 4142 ἁρπάζει
1693 4077 1870 4130 αὐτόν.
1890 4080 2001 4132 Καὶ

356 4158 492 4210 αὐτά
503 4157 556 4208 δέ
570 4158 827 4225 εἰρημένα
841 4158 1034 4228 Παύλῳ
1052 4160 1362 4230 φιλοσοφίας
1377 4159 1465 4230 ἐγε
1473 4180 1558 4232 με.
1581 4162 1656 4231 Τῇ
1671 4163 1737 4215 δὲ
1749 4165 1998 4234 ἐπιούσῃ

357 4243 527 4296 νυκτὶ
556 4243 801 4310 ἐπιστὰς
828 4245 1033 4310 αὐτῷό
1067 4249 1280 4316 Κύριος
1308 4243 1435 4301 εἷπε
1468 4265 1480 4278 ·
1514 4248 1747 4316 Θάρσει,
1777 4251 1996 4304 Παῦλε·

354 4331 436 4395 ὡς
464 4331 572 4398 γὰρ
621 4329 975 4398 διεμαρτύρω
1000 4333 1069 4385 τὰ
1117 4333 1249 4400 περὶ
1285 4333 1428 4401 ἐμοῦ
1469 4337 1555 4400 εἰς
1588 4337 2000 4406 Ἰερουσαλὴμ,

358 4418 508 4470 οὕτω
528 4435 599 4470 σε
622 4417 710 4469 δεῖ
755 4418 853 4469 καὶ
894 4420 979 4482 εὶς
1023 4418 1246 4486 Ῥώμην
1267 4419 1659 4487 μαρτυρῆσαι.
1695 4423 1836 4493 Ὅρα
1861 4424 1999 4494 πόση

358 4506 392 4573 ή
430 4504 767 4574 παράκλησις
791 4520 803 4532 ·
831 4502 1046 4572 πρῶτον
1075 4504 1234 4557 αὐτὸν
1257 4508 1486 4570 ἐπαινεῖ,
1511 4503 1627 4560 εἶτα
1648 4509 1743 4562 οὐκ
1781 4509 2001 4580 ἀφίησιν

356 4591 474 4642 οὐδὲ
503 4591 561 4642 τὸ
584 4589 770 4658 ἄδηλον
805 4589 904 4659 τῆς
941 4590 1248 4660 ἀποδημίας
1289 4593 1587 4663 φοϐηθῆναι
1613 4595 1711 4665 τῆς
1745 4596 1835 4649 ἐπὶ
1870 4597 2002 4650 Ῥώ-

362 4693 466 4745 μην
504 4691 517 4705 °
556 4676 627 4738 ὡς
671 4678 717 4728 εί
759 4676 939 4743 ἔλεγεν
971 4691 983 4706 ·
1025 4677 1136 4728 Οὐκ
1168 4677 1442 4749 ἀπελεύσῃ
1475 4680 1632 4747 μόνον
1667 4683 1844 4745 κακεῖ,
1870 4682 2001 4736 ἀλλά

359 4763 454 4813 καὶ
476 4762 702 4832 τοσαύτῃ
733 4764 906 4833 χρήσῃ
939 4765 1236 4834 παρρησίᾳ.
1288 4766 1561 4820 Ἐντεῦθεν
1582 4768 1677 4837 οὐχ
1709 4770 1790 4820 ὅτι
1828 4769 1999 4841 σωθή⁴

364 4864 514 4898 σεται
539 4848 805 4915 ἐδηλοῦτο,
830 4849 942 4901 ἀλλ’
965 4850 1045 4901 ὅτι
1075 4855 1168 4902 καὶ
1205 4853 1295 4903 ἐπὶ
1321 4851 1575 4921 μεγάλοις
1608 4856 1944 4924 μαρτυρήσει
1975 4856 2002 4894 ι)

362 4933 644 5001 στεφάνοις
681 4935 738 4985 ἐν
773 4935 838 5003 τῇ
901 4934 1110 5006 μεγάλῃ
1163 4937 1330 4989 πόλει.
1373 4939 1470 4991 Διὰ
1509 4940 1561 4991 τί
1606 4940 1661 4991 δέ
1706 4940 1766 4992 οὐ
1810 4941 2000 5013 πρὶνῆ

362 5021 618 5089 ἐμπεσεῖν
642 5021 719 5081 εἰς
740 5019 831 5071 τὸν
856 5019 1114 5080 κίνδυνον,
1141 5023 1309 5094 ἐφάνη
1333 5025 1476 5094 αὐτῷ
1499 5044 1512 5091 ;
1546 5026 1665 5078 Ὅτι
1697 5028 1781 5080 ἀεὶ
1806 5029 1862 5080 ἐν
1887 5032 2004 5093 ταῖς

361 5107 570 5175 exaptat
605 5107 904 5176 παρακαλεῖ
935 5110 961 5159 6
995 5107 1123 5170 Θεὸς
1156 5110 1294 5175 (τότε
1341 5111 1445 5181 γὰρ
1487 5113 1851 5185 ποθεινότερος
1878 5117 2003 5182 φαί-

363 5195 553 5261 νεται),
577 5194 670 5244 καὶ
708 5193 765 5244 ἐν
802 5196 910 5254 τοῖς
944 5194 1201 5257 κινδύνοις
1239 5198 1568 5266 ἐγγυμνάζει
1607 5203 1771 5269 ἡμᾶς.
1798 5203 2005 5265 Ἀλλως

361 5282 420 5332 δέ
445 5282 562 5332 τότε
596 5281 692 5348 μὲν
716 5283 772 5334 ἐν
804 5280 980 5332 ἀνέσει
1013 5277 1078 5351 ἦν
1098 5322 1112 5343 ,
1145 5285 1365 5352 ἀφεθεὶς
1398 5286 1504 5339 τῶν
1535 5288 1743 5357 δεσμῶν
1773 5308 1785 5319 ·
1821 5290 1915 5344 νῦν
1950 5293 2004 5344 δὲ

365 5368 583 5438 ἔμελλεν
616 5368 773 5420 αὑτὸν
796 5367 1128 5437 διαδέχεσθαι
1152 5371 1313 5425 δεινά.
1344 5375 1461 5426 Ὅτι
1499 5377 2005 5447 ἀνεθεματίσαμεν

367 5452 634 5516 ἑαυτοὺς.
661 5454 810 5522 φησὶ,
843 5453 927 5522 μὴ
971 5456 1180 5522 φαγεῖν
1205 5459 1357 5525 μηδέ
1425 5463 1598 5514 πιεῖν.
1646 5465 1836 5530 Βαϐαῖ,
1867 5467 2003 5536 πόση

372 5540 533 5608 μανία
562 5542 572 5592 !
603 5541 820 5603 ἑαυτοὺς
847 5540 921 5610 τῷ
947 5542 1245 5612 ἀναθέματι
1266 5546 1650 5602 ὑποϐάλλουσιν
1685 5552 1998 5620 ἀλογίστως.

371 5629 565 5692 ’Ὅπως
588 5626 880 5694 καταγάγῃ
911 5629 1114 5692 αὑτὸν,
1153 5633 1303 5701 φησὶ,
1344 5634 1491 5700 πρὸς
1532 5636 1706 5704 ὑμᾶς,
1751 5640 1830 5705 ὠς
1860 5640 2004 5709 μέλ-

368 5715 586 5774 ,ίοντας
629 5711 1045 5779 ἀκριϐέστερον
1088 5715 1498 5784 διαγινώσκειν
1540 5721 1611 5774 τὰ
1639 5724 1770 5790 περὶ
1797 5728 2002 5782 αὐτοῦ.

370 5801 431 5848 Τί
473 5799 679 5864 λέγειςς
713 5799 830 5865 οὐχὶ
874 5799 1118 5871 δεύτερον
1175 5804 1307 5874 πρὸς
1361 5808 1503 5874 ὑμᾶς
1561 5809 2005 5885 ἐδημηγόρησεν;

434 5903 457 5920 ε
486 5894 647 5942 Morel.
676 5896 890 5960 ἔρρωσθε.
959 5897 981 5934 b
1010 5897 1054 5945 In
1077 5913 1170 5948 uno
1192 5901 1470 5962 μαρτυρήσει
1496 5905 1656 5955 deest.

1129 428 1185 483 S.
1227 424 1504 480 JOANNIS
1542 419 2019 479 CHRYSOSTOMI
2061 419 2378 477 ARCIIIEP.
2421 415 2965 476 CONSTANTINOP.

3640 398 3747 457 διε

2088 536 2205 604 οὗχὶ
2235 537 2522 606 Φαρισαῖον
2548 533 2733 586 ἑαυτὸν
2770 526 2920 595 εῖπε;
2947 528 2999 582 τί
3038 519 3129 580 οὖν
3157 524 3215 578 τὸ
3243 522 3490 606 περιττὸν
3509 559 3520 581 ,
3563 516 3749 606 Οὕτως

2085 603 2240 674 οὐδὲν
2267 603 2574 689 ἐφοϐοῦντο,
2601 620 2659 673 οὐ
2683 617 3027 687 δικαστήρια,
3051 615 3113 665 οὐ
3141 612 3336 682 νόμους
3361 623 3376 639 ο
3404 605 3575 669 οὕτως
3599 603 3749 657 οῦδὲν

2086 710 2272 772 αὐτοῖς
2298 709 2603 779 ἀτόλμητον
2631 704 2718 777 ἦν.
2755 705 2864 759 Καὶ
2891 706 2988 775 τὴν
3011 701 3238 772 γνώμην
3263 694 3631 788 εῖσηγοῦνται,
3653 690 3750 788 καὶ

2085 797 2180 865 τὴν
2229 795 2426 865 πρᾶξιν
2467 794 2916 863 ἐπαγγέλλονται.
2963 791 3248 853 Ἀκούσας
3287 785 3356 838 δὲ
3402 787 3436 837 ό
3482 781 3610 845 υίὸς
3641 781 3750 844 τῆς

2086 881 2352 950 ἀδελφῆς
2368 882 2609 935 Παύλου
2637 880 2700 932 τὸ
2735 879 3000 946 ἕνεδρον.
3027 875 3195 928 Τοῦτο
3217 873 3314 941 τῆς
3343 867 3436 922 τοῦ
3455 865 3591 920 Θεοῦ
3610 866 3750 917 obto-

2087 969 2274 1038 νομίας
2301 963 2367 1038 ἦν
2385 966 2586 1029 λοιπὸν,
2619 965 2681 1017 τὸ
2722 964 2797 1034 μὴ
2845 961 3075 1014 συνιδεῖν
3099 959 3293 1021 αὐτοὺς
3326 957 3408 1010 ὅτι
3433 952 3745 1038 ἀκούσεταιΣ

2157 1034 2221 1107 Τί
2236 1034 2368 1108 οὖν-δ
2384 1052 2613 1116 Παῦλος;
2631 1051 2743 1104 Οὐκ
2759 1047 3058 1120 ἐθορυϐήθη
3070 1088 3082 1104 ,
3099 1045 3232 1099 ἀλλά
3249 1043 3502 1108 συνεῖδεν,
3517 1041 3598 1094 ὅτι
3613 1034 3749 1091 Θεοῦ

2090 1141 2236 1194 ἐστιν
2261 1140 2418 1211 ἔργον
2439 1139 2616 1193 τοῦτο’
2643 1139 2737 1192 καὶ
2764 1136 2824 1190 τὸ
2859 1136 2965 1189 πᾶν
3003 1131 3088 1185 ἐπ’
3113 1131 3275 1185 αὐτὸν
3312 1129 3495 1200 ῥίψας,
3525 1121 3670 1196 εἶχεν
3691 1124 3752 1187 ἐξ

2088 1226 2247 1296 ἐργου
2279 1227 2375 1295 τὴν
2396 1224 2685 1293 σωτηρίαν.
2711 1223 2820 1276 Καὶ
2843 1221 3031 1275 σκόπει
3059 1219 3176 1280 πῶς
3197 1218 3276 1281 είς
3295 1214 3496 1284 ἀγαθὸν
3525 1214 3700 1266 πάντα
3717 1211 3750 1264 δ

2087 1313 2217 1375 Θεὸς
2244 1312 2608 1382 ᾠκονόμησεν.
2635 1305 2801 1362 Εἶπεν
2829 1311 2856 1362 6
2881 1307 3095 1370 νεανίας
3141 1306 3238 1375 τὴν
3271 1300 3579 1370 ἐπιϐουλὴν,
3631 1301 3752 1351 ἐπι-

2089 1398 2282 1468 στεύθη
2294 1439 2306 1456 ,
2323 1399 2416 1451 καὶ
2426 1397 2565 1450 οὕτω
2581 1395 2764 1448 λοιπὸν
2782 1393 3101 1458 διασώζεται
3120 1388 3348 1454 Παῦλος.
3367 1388 3476 1442 Καὶ
3492 1387 3538 1439 εί
3550 1383 3749 1454 ἀφὶθη,

2087 1488 2237 1557 φησὶ,
2266 1486 2363 1555 τῆς
2391 1482 2696 1548 αίτίας,διά
2717 1482 2769 1535 τί
2794 1483 2917 1544 τοὺς
2943 1481 3274 1552 κατηγόρους
3290 1476 3567 1546 έπεμψανς
3586 1474 3749 1526 Ὥστε

2087 1572 2477 1644 ἀκριϐεστέραν
2496 1570 2743 1638 γενέσθαι
2768 1569 2859 1639 τὴν
2890 1567 3150 1634 ἐξέτασιν·
3172 1566 3309 1620 ὥστε
3328 1564 3523 1635 μᾶλλον
3550 1561 3752 1644 καθαρο

2087 1639 2244 1729 θῆναι
2266 1671 2288 1698 ο
2311 1639 2400 1711 τὸν
2415 1657 2601 1728 ἀνδρα.
2619 1657 2870 1711 Τοιαῦται
2892 1658 2946 1710 αἱ
2963 1655 3056 1709 τοῦ
3068 1653 3199 1708 Θεοῦ
3219 1650 3538 1722 οἰκονομίαν
3576 1649 3626 1701 δι
3641 1649 3654 1666 '
3677 1639 3752 1699 ὧν

2091 1745 2441 1817 βλαπτόμεθα
2462 1785 2476 1809 ,
2509 1743 2596 1798 διὰ
2624 1745 2830 1798 τούτων
2856 1741 3230 1813 ὠφελούμεθα.
3259 1740 3414 1793 Οὕτω
3444 1737 3537 1791 καὶ
3554 1735 3752 1804 Ἰωσὴφ

2089 1832 2472 1887 ἐπεϐουλεύετο
2539 1832 2645 1885 ὑπὸ
2703 1833 2799 1901 τῆς
2882 1831 3165 1900 δεσποίνης
3198 1844 3214 1862 ο
3280 1826 3370 1880 καὶ
3430 1824 3601 1876 ἐδόκει
3655 1822 3755 1892 μέν

2091 1920 2480 1986 ἐπιϐουλεύειν,
2512 1919 2930 1973 ἐπιϐουλεύουσα
2949 1918 3005 1971 δέ
3039 1918 3096 1968 ἐν
3124 1913 3393 1984 ἀσφαλείᾳ
3423 1911 3754 1980 κατέστησεν

2088 2006 2249 2060 αὐτόν
2275 2023 2288 2038 ο
2337 2007 2441 2075 τῆς
2476 2005 2584 2076 γάρ
2634 2006 2830 2068 οἰκίας,
2881 2003 3007 2057 ἔνθα
3046 2003 3106 2056 τὸ
3144 2001 3327 2072 θηρίον
3369 2000 3541 2051 ἐκεῖνο
3599 1996 3756 2067 ἐτρέ-

2090 2112 2240 2164 φετο,
2273 2093 2450 2164 πολλῷ
2482 2095 2543 2148 τὸ
2581 2095 2951 2162 δεσμωτήριον
2978 2089 3324 2161 ἡμερώτερον
3358 2084 3446 2157 ἦν.
3478 2088 3622 2140 Ἐκεῖ
3657 2085 3754 2156 μὲν

2089 2181 2195 2250 γὰρ
2223 2179 2316 2244 ὢν,
2339 2181 2386 2232 εἰ
2408 2181 2501 2233 καὶ
2522 2179 2580 2232 ἐν
2606 2179 2867 2251 θεραπείᾳ
2879 2175 2964 2250 ἦν,
2986 2177 3109 2230 ἀλλ’
3136 2179 3191 2229 ἐν
3214 2175 3362 2245 φόϐῳ
3389 2173 3641 2242 διηνεκεῖ,
3679 2169 3754 2244 μή

2091 2284 2220 2320 ποτε
2245 2267 2498 2336 ἐπίθηται
2525 2268 2558 2336 ή
2579 2266 2858 2330 δέσποινα,
2905 2265 2996 2317 καὶ
3040 2261 3414 2332 δεσμωτηρίου
3444 2258 3754 2330 χαλεπώτε-

2096 2368 2186 2420 ρον
2210 2353 2237 2405 6
2269 2352 2430 2420 φόϐος
2450 2351 2596 2421 αὑτῷ
2631 2352 2879 2406 ἐπέκειτο
2903 2365 2916 2380 ⁸
2949 2349 3087 2421 μετὰ
3116 2349 3172 2402 δέ
3212 2348 3311 2418 τὴν
3343 2345 3673 2416 κατηγορίαν
3697 2344 3756 2395 ἐν

2092 2438 2243 2508 ἀδείᾳ
2271 2438 2456 2491 λοιπὸν
2487 2439 2580 2490 καὶ
2617 2437 2816 2508 ήσυχίᾳ
2839 2433 2926 2507 ἦν,
2955 2434 3286 2502 ἀπαλλαγεὶς
3312 2433 3520 2486 ἐκείνου
3545 2429 3639 2484 τοῦ
3666 2429 3758 2498 θη-

2091 2525 2203 2595 ρίου
2241 2526 2332 2577 καὶ
2362 2525 2458 2593 τῆς
2485 2523 2874 2593 ἀσχημοσύνης
2906 2522 3000 2574 καὶ
3040 2520 3140 2589 τῆς
3164 2518 3457 2587 ἐπιϐουλῆς
3491 2533 3506 2547 ο
3546 2515 3756 2585 βέλτιον

2093 2611 2200 2679 γὰρ
2224 2608 2368 2679 αὐτῷ
2394 2606 2462 2681 ἦν
2494 2607 3064 2679 τεταλαιπωρημένοις
3094 2605 3403 2673 ἀνθρώποις
3435 2605 3694 2665 συνεῖναι,
3719 2601 3754 2672 ἢ

2098 2698 2395 2769 μαινομένῃ
2452 2697 2726 2767 δεσποίνῃ.
2776 2697 3042 2750 Ἐνταῦθα
3103 2697 3198 2766 μέν
3251 2693 3343 2748 οὖν
3395 2693 3758 2762 παρεμυθεῖτο

2095 2783 2306 2846 ἐαυτὸν,
2340 2784 2418 2835 ὅτι
2447 2783 2531 2835 διὰ
2557 2783 2909 2851 σωφροσύνην
2935 2781 3188 2834 ἐνέπεσεν
3209 2798 3220 2810 ·
3257 2782 3372 2833 ἐκεῖ
3392 2780 3447 2832 δὲ
3478 2778 3754 2840 ἐδεδοίκει,

2097 2869 2171 2940 μὴ
2199 2871 2324 2940 περὶ
2352 2869 2447 2939 τὴν
2474 2868 2650 2938 ψυχὴν
2677 2866 2811 2939 λάϐῃ
2832 2869 2927 2939 τὴν
2955 2869 3188 2938 πληγήν·
3218 2868 3367 2920 οὐδὲν
3395 2865 3502 2936 γὰρ
3519 2864 3756 2934 ἐπαχθὲ-

2096 2973 2283 3024 στερον
2317 2955 2594 3026 ἐρωμένης
2627 2953 2778 3026 [569]
2798 2954 2902 3024 νέῳ
2935 2956 3009 3025 μὴ
3044 2953 3536 3024 βουλομένῳ,οὺδέν
3569 2949 3758 3020 ἐναγέ-

2095 3058 2307 3111 στερον,
2333 3041 2484 3092 οὐδὲν
2519 3040 2815 3112 βαρύτερον
2839 3058 2852 3072 ·
2895 3040 3110 3094 πάντων
3148 3040 3363 3111 δεσμῶν
3409 3038 3564 3092 τοῦτο
3591 3037 3755 3108 χαλε-

2095 3127 2357 3197 πώτερον.
2391 3127 2550 3180 Ὥστε
2594 3129 2694 3180 οὒκ
2758 3129 2838 3190 εἰς
2885 3128 3258 3200 δεσμωτήριον
3299 3127 3572 3188 ἐνέπεσεν,
3620 3123 3756 3178 ἀλλά

2095 3213 2463 3284 δεσμωτηρίου
2487 3213 2775 3284 ἀπηλλάγη
2797 3234 2810 3246 ·
2840 3214 3244 3285 ἐξεπολέμωσεν
3268 3212 3415 3283 αὐτῷ
3445 3212 3536 3266 τὸν
3557 3210 3756 3266 δεσπό-

2095 3317 2212 3369 την,
2247 3300 2382 3353 ἀλλά
2414 3300 2711 3369 κατήλλαξε
2749 3303 2838 3354 τὸν
2871 3301 3021 3365 Θεὸν,
3079 3300 3404 3370 οἰκειότερον
3431 3299 3589 3352 αὑτὸν
3620 3315 3755 3351 κατ-

2097 3387 2293 3456 έστησε
2350 3387 2426 3457 τῷ
2455 3388 2624 3451 ὅντως
2689 3387 2934 3459 Δεσπότῃ
2988 3387 3064 3457 τῷ
3099 3386 3334 3457 ἀληθινῷ
3361 3401 3376 3416 ⁶
3405 3385 3628 3450 ἐξέϐαλε
3657 3385 3757 3455 τῆς

2096 3475 2414 3538 ἐπιστασίας
2436 3476 2532 3546 τῆς
2561 3477 2618 3528 ἐν
2645 3479 2709 3546 τῇ
2739 3477 2904 3546 οἰκίᾳ,
2948 3475 3074 3529 ἀλλ’
3103 3476 3345 3546 ᾠκείωσε
3374 3474 3452 3545 τῷ
3487 3475 3752 3546 Δεσπότῃο

2095 3562 2261 3616 Πάλιν
2289 3563 2336 3614 οί
2363 3562 2576 3631 ἀδελφοὶ
2603 3562 2907 3632 ἐπώλησαν,
2925 3564 3050 3616 ἀλλ’
3074 3562 3387 3634 ἀπήλλαξαν
3424 3561 3587 3615 αὐτὸν
3625 3577 3755 3614 συν-

2095 3648 2383 3704 οικούντων
2428 3649 2660 3720 ἐχθρῶν,
2708 3650 2903 3716 φθόνου
2935 3649 3030 3703 καὶ
3069 3649 3364 3718 βασκανίας
3387 3648 3607 3717 πολλῆς,
3636 3647 3757 3699 ἐπι-

2096 3729 2293 3798 ϐουλῆς
2346 3730 2740 3803 καθημερινῆς,
2802 3732 3021 3801 μακρὰν
3074 3732 3416 3801 κατέστησαν
3463 3731 3624 3783 αὑτὸν
3645 3730 3757 3784 τῶν

2099 3818 2412 3887 μισούντων.
2442 3817 2504 3870 Τί
2551 3817 2657 3887 γὰρ
2706 3819 2898 3870 τούτου
2953 3821 3152 3888 χεῖρον,
3202 3818 3329 3870 ὃταν
3375 3834 3458 3879 τις
3507 3816 3756 3885 ἀδελφοῖς

2101 3905 2353 3974 φθονοῦσι
2378 3909 2642 3959 συνοικεῖν
2700 3907 3091 3975 ἀναγκάζηται,
3149 3906 3277 3958 ὅταν
3320 3905 3399 3958 δι’
3425 3903 3660 3972 ὑποψίας
3693 3901 3752 3975 ᾖ,

2095 3993 2222 4045 ὅταν
2247 3992 2696 4062 ἐπιϐουλεύηται;
2730 3994 2892 4048 Ὥστε
2921 3993 3089 4062 ἕτερα
3116 3991 3213 4061 μὲν
3244 3991 3462 4043 ἐποίουν
3495 3990 3589 4043 καὶ
3609 3984 3757 4042 οὗτοι

2096 4080 2340 4149 κάκείνη,
2370 4079 2531 4149 ἐτερα
2563 4079 2619 4132 δὲ
2653 4080 2989 4149 ᾠκονομεῖτο
3022 4078 3165 4148 ὑπὲρ
3215 4078 3308 4131 τοῦ
3347 4078 3553 4132 δικαίου
3584 4079 3740 4148 μεγά-

2095 4167 2181 4221 λα.
2210 4168 2338 4220 Ὅτε
2369 4163 2436 4237 ἧν
2463 4169 2518 4219 ἐν
2535 4170 2685 4237 τιμῇ,
2721 4167 2841 4218 τότε
2885 4162 2952 4235 ἦν
2969 4167 3023 4218 ἐν
3045 4166 3269 4235 κινδύνῳ
3304 4182 3318 4197 ο
3351 4167 3438 4218 ὅτε
3457 4161 3524 4236 ἦν
3558 4168 3615 4218 ἐν
3634 4166 3755 4218 ἀτι-

2102 4255 2198 4324 μίᾳ
2228 4255 2280 4318 ά,
2308 4255 2428 4307 τότε
2454 4250 2520 4321 ἦν
2544 4255 2600 4306 ἐν
2645 4253 2912 4322 ἀσφαλείᾳ
2941 4269 2952 4282 ·
2994 4253 3092 4304 οῦκ
3122 4253 3485 4320 ἐμνημόνευον
3515 4251 3675 4304 αὑτοῦ
3703 4252 3757 4304 οἱ

2109 4339 2348 4407 εὐνοῦχοι
2386 4358 2398 4370 ·
2447 4341 2540 4391 καὶ
2586 4339 2782 4403 καλῶς,
2846 4338 2930 4392 ἵνα
2982 4337 3336 4408 λαμπροτέρα
3387 4337 3608 4406 γένηται
3655 4338 3757 4406 τῆς

2100 4423 2280 4487 ἐξόδου
2333 4426 2364 4493 ή
2411 4423 2662 4486 ὑπόθεσις
2694 4441 2706 4453 ·
2747 4426 2829 4476 ἵνα
2878 4425 2951 4494 μὴ
3005 4425 3188 4494 χάριτι
3247 4423 3578 4494 ἀνθρωπίνῃ,
3627 4422 3760 4475 ἀλλ’

2099 4511 2375 4580 οἰκονομίᾳ
2421 4509 2540 4579 θείᾳ
2586 4511 2645 4562 τὸ
2690 4513 2795 4563 πᾶν
2841 4510 3118 4579 λογίζηται
3162 4526 3173 4538 ·
3211 4512 3298 4563 ἴνα
3348 4509 3618 4579 εὐκαίρως
3673 4509 3756 4571 είς

2100 4598 2288 4668 χρείαν
2311 4597 2582 4660 καταστὰς
2625 4597 2864 4669 ἐξαγάγῃ
2905 4614 2916 4628 ’
2975 4599 3062 4651 ἵνα
3130 4596 3202 4667 μὴ
3255 4596 3580 4667 εὐεργετῶν,
3621 4595 3754 4648 ἀλλ’

2098 4685 2549 4752 εὐεργετούμενος
2591 4684 2752 4736 αὐτὸν
2803 4685 3008 4754 ἐκϐάλῃ
3062 4684 3152 4735 τοῦ
3198 4684 3570 4753 δεσμωτηρίου
3596 4683 3623 4735 6
3648 4683 3759 4734 Φα-

2103 4770 2234 4842 ραώ.
2278 4771 2386 4823 Οὐκ
2447 4771 2550 4823 ἔδει
2595 4771 2778 4823 δοῦλον
2835 4770 3089 4838 γενέσθαι
3149 4771 3209 4822 τὸ
3268 4770 3458 4839 δῶρον,
3519 4769 3753 4833 ἀλλἐίς

2099 4858 2341 4924 ἀνάγκην
2372 4858 2708 4923 καταστῆναι
2747 4858 2835 4910 τὸν
2871 4856 3094 4926 βασιλέα
3127 4874 3142 4887 ο
3175 4857 3280 4910 ἔδει
3326 4856 3562 4926 φανερὰν
3587 4854 3756 4908 αὑτοῦ

2101 4943 2346 5011 γενέσθαι
2373 4947 2469 5012 τὴν
2495 4947 2705 5012 σοφίαν.
2765 4945 2862 4996 Διά
2910 4943 3066 4996 τοῦτο
3120 4943 3367 4996 λανθάνει
3401 4945 3429 4995 6
3480 4941 3753 5011 εὐνοῦχος⁹

2104 5033 2187 5084 ἵνα
2218 5032 2289 5101 μὴ
2315 5032 2451 5104 λάθῃ
2493 5032 2781 5098 Αἴγυπτος,
2816 5031 2900 5084 ἵνα
2954 5031 3027 5102 μὴ
3067 5032 3309 5101 ἀγνοήσῃ
3349 5030 3507 5082 αὑτὸν
3533 5029 3560 5079 δ
3608 5028 3756 5098 βασι-

2101 5119 2241 5181 λεύς.
2273 5121 2332 5172 Εἰ
2363 5121 2482 5172 τότε
2508 5119 2791 5189 ἐξηνέχθη,
2825 5119 2951 5180 ἴσως
2989 5119 3054 5171 ἂν
3083 5119 3176 5171 καὶ
3225 5117 3567 5185 ἐπεθύμησεν
3593 5116 3756 5168 ἀπελ-

2103 5205 2213 5258 θεῖν
2258 5210 2336 5269 εἰς
2359 5208 2455 5276 τὴν
2492 5206 2653 5260 αὐτοῦ
2690 5224 2702 5237 ·
2736 5206 2822 5259 διὰ
2868 5206 3023 5259 τοῦτο
3061 5207 3284 5275 μυρίαις
3323 5205 3588 5272 ἀνάγκαις
3617 5220 3751 5256 κατ-

2102 5297 2303 5364 έχεται,
2333 5297 2547 5366 πρῶτον
2572 5299 2634 5366 τῇ
2663 5296 2967 5365 δεσποτεία,
2990 5296 3242 5365 δεύτερον
3269 5294 3346 5364 τῷ
3371 5293 3748 5364 δεσμωτηρίῳ,

2100 5382 2280 5452 τρίτον
2303 5385 2360 5435 ἐν
2382 5385 2448 5452 τῇ
2487 5382 2752 5451 βασιλείᾳ,
2783 5383 2868 5434 ἴνα
2891 5382 3063 5435 ταῦτα
3095 5380 3444 5450 οἰκονομηθῇ.
3485 5379 3752 5450 Καθάπερ

2103 5465 2190 5521 οὖν
2220 5487 2338 5522 τινα
2393 5471 2634 5537 γενναῖον
2676 5471 2848 5522 πῶλον
2892 5470 3195 5538 ἐκπηδῆσαι
3246 5468 3562 5537 βουλόμενον
3615 5466 3750 5536 πρὸς

2104 5556 2227 5618 τοὺς
2253 5555 2437 5620 αὑτοῦ,
2467 5558 2714 5624 κατεῖχεν
2747 5556 2774 5607 ό
2817 5556 2946 5620 Θεὸς
2997 5557 3114 5608 ἐκεῖ
3174 5556 3251 5608 δι’
3280 5555 3468 5607 αἰτιῶν
3502 5554 3747 5617 ἐνδόξων.

2106 5641 2227 5693 Ὅτι
2255 5643 2361 5711 γὰρ
2401 5640 2662 5710 ἐπεθύμει
2684 5642 2772 5694 τὸν
2805 5643 3014 5712 πατέρα
3051 5643 3175 5694 ίδεῖν
3202 5644 3294 5695 καὶ
3331 5641 3631 5705 ἀπαλλάξαι
3655 5643 3751 5712 τῆς

2104 5728 2311 5796 ὀδύνης,
2345 5729 2500 5797 δῆλον
2529 5729 2590 5780 ἐκ
2621 5728 2712 5780 τοῦ
2743 5729 2960 5782 καλέσαι
2988 5729 3148 5781 αὑτὸν
3173 5731 3304 5782 ἐκεῖ.

2173 5814 2232 5866 δ’.
2266 5813 2526 5865 Βούλεσθε
2556 5814 2648 5866 καὶ
2678 5815 2864 5886 ἐτέρας
2900 5816 3095 5885 ἴδωμεν
3134 5815 3453 5881 ἐπιϐουλὰς,
3504 5817 3581 5868 ὅτι
3616 5815 3754 5887 ὑπὲρ

2165 5908 2185 5930 ⁸
2215 5908 2380 5956 Mcrel.
2403 5945 2415 5968 ,
2438 5911 2714 5970 καθαρῆναι,
2738 5912 2884 5958 male.
2969 5912 2994 5949 «1
3016 5911 3210 5968 Morel,
3237 5912 3283 5958 ἐν
3303 5909 3492 5973 ἀθυμίᾳ.
