4072 6400
210 424 308 484 3H

210 548 350 602 rate,
381 545 438 592 ut
479 534 819 605 imponentes
863 529 1113 593 Paulum,
1154 527 1370 583 salvum
1425 525 1723 596 perducam
1751 525 1816 580 ad

210 630 452 686 Felicem
498 625 790 698 praesidem
834 622 968 678 :26.
1023 621 1268 676 scribens
1317 619 1603 690 epistolam
1644 620 1824 675 conti-

208 732 434 779 nentem
476 721 592 776 haec
621 737 638 781 :
668 717 927 776 Claudius
951 715 1142 788 Lysias
1166 715 1374 785 optimo
1400 713 1616 784 praesidi
1651 713 1818 769 Felici

207 816 462 870 salutem.
496 811 590 868 27.
619 811 808 867 Virum
855 808 997 864 hunc
1047 802 1504 878 comprehensum
1532 821 1562 862 a
1591 806 1816 875 Iudaeis,

206 919 260 964 et
308 908 660 978 incipientem
710 901 941 961 interfici
995 903 1063 958 ab
1118 903 1220 969 eis,
1271 901 1663 973 superveniens
1695 916 1816 955 cum

206 1003 460 1058 exercitu
517 1000 722 1071 eripui,
765 998 984 1070 cognito
1005 997 1150 1068 quod
1192 997 1473 1052 Romanus
1500 1005 1685 1058 esset;
1724 995 1817 1052 28.

206 1095 508 1166 volensque
528 1094 670 1150 scire
699 1106 942 1158 causam,
967 1106 1127 1162 quam
1147 1089 1478 1161 objiciebant
1499 1089 1599 1156 illi,
1621 1087 1818 1144 deduxi

203 1205 332 1245 eum
363 1190 419 1244 in
449 1187 742 1244 concilium
773 1201 984 1242 eorum.
1027 1185 1120 1240 29.
1155 1183 1328 1252 Quem
1374 1183 1621 1253 comperi
1653 1197 1814 1238 accu-

205 1282 317 1338 sari
361 1283 430 1337 de
465 1278 855 1352 quaestionibus
893 1277 1026 1348 legis
1072 1277 1312 1347 ipsorum
1339 1317 1355 1342 ,
1385 1275 1517 1330 nihil
1564 1290 1694 1330 vero
1732 1273 1814 1329 di-

204 1390 375 1446 gnum
408 1382 591 1428 morte
618 1380 713 1426 aut
740 1370 970 1426 vinculis
1003 1369 1288 1425 habentem
1322 1368 1592 1423 criminis.
1629 1366 1720 1423 50.
1753 1367 1821 1422 Ει

203 1483 327 1523 cum
359 1467 493 1522 mihi
546 1466 817 1536 perlatum
865 1473 1012 1520 esset
1041 1462 1110 1519 de
1145 1462 1356 1518 insidiis
1377 1505 1391 1529 ,
1425 1476 1561 1533 quas
1585 1475 1813 1533 parave-

204 1568 328 1613 rant
357 1559 432 1613 illi
463 1557 659 1624 Judmi,
709 1556 832 1611 misi
861 1570 984 1611 eum
1007 1554 1075 1610 ad
1105 1564 1178 1620 te,
1221 1553 1542 1624 prtccipiens
1589 1568 1818 1608 accusa-

204 1651 437 1712 toribus.
468 1660 526 1705 ut
546 1665 668 1720 quae
693 1659 882 1705 contra
916 1648 1064 1703 illum
1091 1645 1312 1711 habent,
1338 1645 1522 1701 dicant
1550 1643 1692 1716 apud
1723 1638 1774 1700 te
1801 1660 1816 1698 :

210 1744 365 1800 Vale.
402 1763 420 1796 ι
460 1743 594 1799 Vide
638 1742 922 1813 epistolam
971 1755 1076 1811 qua
1127 1740 1242 1809 ipse
1278 1739 1610 1796 defenditur.
1643 1738 1822 1809 (Nihil

202 1839 373 1902 enim,
417 1836 611 1906 inquit,
645 1834 817 1889 inveni
865 1833 1075 1906 dignum
1113 1841 1276 1886 morte
1321 1831 1672 1902 habentem);
1721 1845 1816 1886 ac-

201 1929 540 1984 cusationem
587 1934 770 1982 autem
819 1926 994 1997 potius
1041 1933 1229 1980 contra
1253 1924 1399 1992 illos,
1431 1939 1593 1994 quam
1625 1932 1814 1978 contra

204 2023 368 2082 hunc.
419 2018 511 2075 Sic
535 2018 690 2073 illum
720 2016 1074 2085 occidebant,
1099 2015 1194 2071 sed
1235 2015 1410 2086 primo
1429 2057 1444 2083 ,
1473 2015 1642 2084 inquit
1666 2056 1680 2082 ,
1705 2014 1816 2069 eri.-

204 2115 293 2184 pui
323 2113 474 2167 illum
513 2127 643 2167 mox
673 2109 1103 2166 interﬁciendum
1141 2125 1171 2164 a
1205 2107 1664 2165 JudaeisuDeinde
1716 2107 1814 2164 ad-

204 2204 283 2259 dit
312 2219 328 2260 :
362 2202 570 2258 Deduxi
599 2219 715 2256 eum
743 2202 812 2255 ad
863 2199 1012 2265 illos;
1047 2210 1104 2256 et
1145 2215 1322 2271 neque
1366 2199 1448 2258 sic
1492 2199 1568 2254 illi
1614 2198 1816 2271 aliquid

200 2297 569 2355 accusandum
623 2297 983 2352 habuerezet
1031 2311 1154 2352 cum
1197 2294 1527 2364 oportuisset
1582 2293 1706 2349 illos
1748 2309 1817 2349 ex

206 2391 375 2462 priori
404 2398 604 2445 conatu
659 2388 926 2444 deterreri
958 2396 1012 2442 et
1042 2387 1391 2452 erubescere,
1439 2399 1628 2441 rursus
1665 2386 1816 2441 occi-

199 2483 334 2538 dcre
365 2489 615 2546 tentant,
657 2491 715 2536 ut
757 2481 958 2536 clarior
1000 2494 1166 2535 causa
1213 2479 1355 2534 illius
1383 2478 1598 2535 evadat.
1628 2477 1697 2534 Et
1718 2493 1816 2534 cur

199 2583 549 2632 accusatores
579 2575 741 2630 mittit
769 2575 791 2628 ?
821 2573 890 2630 Ut
929 2573 980 2636 in
1013 2573 1290 2637 tribunali,
1325 2572 1411 2627 ubi
1440 2570 1558 2626 hmo
1596 2585 1818 2626 accura-

199 2669 307 2723 tius
329 2668 810 2732 examinabantur,
860 2667 1045 2722 insons
1073 2665 1467 2721 declararetur.
1501 2664 1610 2721 Sed
1637 2679 1814 2735 supe—

199 2764 316 2818 rius
345 2762 490 2817 dicta
518 2771 850 2832 repetamus.
895 2759 1028 2831 Ego,
1076 2759 1270 2830 inquit,
1323 2757 1623 2814 Pharisteus
1670 2775 1804 2814 sum.

201 2859 317 2913 lloc
358 2857 518 2920 dixit.
543 2867 601 2911 ut
630 2856 754 2912 illos
801 2854 1117 2912 attraheret.
1150 2853 1355 2910 Deinde
1375 2895 1390 2922 ,
1437 2869 1506 2910 ne
1536 2855 1811 2910 videretur

200 2951 455 3018 adulari,
499 2949 684 3007 subdit
712 2967 725 3003 :
751 2949 831 3004 De
877 2965 970 3019 spe
1021 2957 1067 3003 et
1088 2947 1456 3003 resurrectione
1499 2956 1818 3002 mortuorum

200 3061 296 3116 ego
325 3044 554 3111 iudicor.
586 3041 670 3097 Ab
693 3041 1039 3096 accusatione
1081 3049 1137 3095 et
1166 3039 1435 3094 calumnia
1479 3053 1669 3094 eorum
1695 3052 1816 3094 sese

201 3137 584 3204 commendat;
618 3135 900 3192 Sadductei
950 3148 1182 3205 namque
1207 3133 1394 3189 dicunt
1423 3147 1530 3188 non
1555 3148 1678 3188 esse
1704 3148 1806 3186 an-

201 3235 385 3306 gelum
415 3274 429 3298 ,
463 3245 638 3300 neque
684 3229 953 3302 spiritum.
1008 3223 1154 3283 Nihil
1219 3227 1598 3297 incorporeum
1653 3238 1818 3298 agno-

201 3336 367 3383 scunt
421 3323 726 3390 Sadducmi,
758 3320 898 3377 forte
953 3334 1128 3392 neque
1186 3319 1392 3386 Deum;
1439 3318 1579 3374 adeo
1635 3318 1814 3374 crassi

202 3432 362 3479 erant
391 3439 406 3476 :
438 3419 583 3476 unde
623 3431 799 3489 neque
843 3415 1299 3471 resurrectionem
1347 3411 1574 3470 credere
1602 3413 1815 3468 volunt.

209 3515 273 3570 Et
304 3521 590 3586 surgentes,
637 3510 828 3582 inquit,
875 3508 1056 3563 scrist
1096 3523 1160 3562 ea:
1194 3516 1339 3578 parte
1384 3503 1775 3560 Pharisteorum
1800 3546 1815 3572 ,

205 3606 508 3677 pugnabant
536 3603 762 3657 dicentes
788 3618 799 3653 :
834 3598 985 3654 Nihil
1010 3599 1201 3652 malum
1226 3597 1514 3652 invenimus
1536 3597 1589 3651 in
1611 3597 1818 3651 homine

204 3715 303 3756 28εο
310 3741 324 3754 ο

277 3795 334 3850 5.
364 3793 497 3849 Vide
525 3810 540 3848 :
566 3791 716 3846 audit
737 3789 1006 3858 tribunus,
1029 3787 1175 3859 quod
1205 3785 1464 3843 Pharismi
1496 3785 1643 3842 illum
1665 3799 1696 3839 a
1716 3784 1824 3841 cri-

207 3890 358 3944 mine
399 3887 654 3953 liberent,
685 3893 742 3944 et
773 3899 868 3954 pro
895 3883 991 3938 illo
1020 3881 1344 3938 sententiam
1393 3879 1554 3947 tulit,
1584 3893 1648 3934 ac
1696 3894 1820 3935 cum

207 3980 419 4050 majore
468 3977 662 4032 fiducia
709 3975 926 4047 abripit.
983 3975 1059 4030 Ea
1109 3987 1272 4038 vero,
1306 3986 1427 4044 quae
1470 3970 1609 4026 dicta
1639 3981 1764 4025 sunt
1791 3986 1822 4025 a

210 4073 413 4136 Paulo,
444 4068 798 4140 philosophiae
821 4069 976 4139 plena
1023 4073 1196 4122 erant.
1247 4063 1490 4136 Sequenti
1517 4079 1632 4118 vero
1681 4073 1826 4117 nocte

206 4165 421 4219 adstans
451 4163 532 4216 illi
560 4160 811 4215 Dominus
838 4161 966 4214 dixit
995 4176 1012 4214 :
1041 4158 1183 4212 Bono
1207 4157 1380 4212 animo
1425 4165 1532 4211 esto
1557 4198 1572 4224 ,
1606 4153 1774 4210 Paule
1804 4171 1823 4210 :

211 4267 266 4310 ut
297 4256 436 4310 enim
467 4253 765 4322 testiﬁcatus
793 4268 845 4307 es
871 4251 997 4305 mihi
1020 4251 1074 4305 in
1102 4248 1393 4304 Jerusalem
1414 4291 1428 4315 ,
1461 4249 1535 4302 ita
1554 4258 1752 4319 oportet
1778 4260 1826 4302 te

207 4358 257 4402 et
283 4347 468 4402 Bome!
492 4344 777 4415 testiﬁcari.
835 4343 969 4400 Vide
1016 4351 1214 4414 quanta
1269 4341 1614 4396 consolatio:
1651 4341 1825 4411 primo

210 4439 393 4496 laudat
416 4440 589 4502 illum;
613 4436 810 4494 deinde
833 4451 938 4492 non
956 4435 1082 4491 sinit
1099 4450 1220 4492 eum
1243 4434 1509 4490 occultam
1527 4433 1629 4489 sibi
1650 4432 1825 4489 adhuc

213 4534 445 4588 Romam
476 4530 870 4602 profectionem
899 4527 1191 4585 formidare
1218 4545 1234 4583 :
1263 4543 1327 4582 ac
1354 4529 1399 4584 si
1430 4527 1636 4584 diceret
1665 4545 1677 4582 :
1705 4527 1823 4582 Non

211 4624 377 4682 modo
408 4623 535 4678 illuc
562 4623 685 4687 ibis,
715 4621 816 4678 sed
840 4622 1001 4677 etiam
1031 4629 1177 4676 tanta
1204 4621 1370 4676 uteris
1399 4619 1652 4691 loquendi
1685 4618 1825 4674 fidu-

207 4720 313 4773 cia.
349 4717 492 4771 liinc
517 4731 652 4771 vero
673 4731 778 4770 non
799 4715 1104 4771 declaratur
1125 4714 1195 4780 ei,
1224 4713 1368 4785 quod
1399 4715 1581 4769 salvus
1613 4711 1826 4767 futurus

210 4813 306 4879 sit,
330 4810 428 4866 sed
455 4810 598 4880 quod
639 4811 690 4864 in
729 4824 920 4881 magna
943 4809 1076 4865 urbe
1105 4823 1201 4880 pro
1229 4823 1421 4878 magna
1448 4823 1648 4864 corona
1675 4806 1827 4863 testi-

212 4902 471 4957 ﬁcaturus
507 4901 596 4958 sit.
628 4897 736 4954 Cur
763 4911 941 4956 autem
971 4916 1102 4967 non,
1130 4901 1443 4972 priusquam
1477 4901 1740 4956 incideret
1770 4901 1822 4954 in

216 4995 542 5066 periculum,
561 4995 807 5065 apparuit
835 4995 906 5051 illi
920 4995 949 5048 ‘t
964 4994 1261 5063 QuiaDeus
1282 5011 1499 5066 semper
1527 4997 1582 5049 in
1605 4994 1828 5050 tribula-

216 5089 454 5145 tionibus
482 5087 982 5158 consolatur(tunc
1027 5087 1172 5142 enim
1210 5085 1620 5142 desiderabilior
1658 5102 1828 5158 appa-

215 5184 358 5255 ret),
383 5190 439 5235 et
470 5181 522 5236 in
550 5180 804 5252 periculis
826 5195 924 5236 nos
943 5187 1178 5236 exercet.
1208 5181 1461 5251 Alioquin
1489 5191 1669 5236 autem
1702 5191 1827 5236 tunc

217 5276 268 5330 in
301 5275 488 5346 quiete
536 5283 655 5330 erat
713 5273 850 5329 liber
879 5290 907 5327 a
939 5273 1168 5329 vinculis
1201 5289 1214 5327 :
1250 5289 1391 5328 nunc
1445 5283 1627 5329 autem
1679 5274 1828 5329 illum

217 5382 398 5437 gravia
421 5376 715 5436 exceptura
744 5375 916 5421 erant.
945 5367 1078 5433 Quia
1100 5366 1388 5421 devenimus
1415 5383 1527 5430 nos,
1557 5367 1826 5437 inquiunt,

217 5475 318 5513 non
366 5458 680 5512 manducare
716 5474 874 5529 neque
915 5458 1098 5512 bibere.
1128 5458 1309 5527 Papzc,
1343 5468 1541 5528 quanta
1589 5459 1827 5514 insania!

218 5553 350 5614 Sese
379 5551 712 5607 anathemati
740 5552 856 5607 sine
881 5551 1091 5606 ratione
1137 5550 1401 5605 obnoxios
1447 5550 1702 5606 reddunt.
1761 5550 1829 5606 Ut

217 5645 464 5710 deducat,
494 5643 762 5712 inquiunt,
794 5643 940 5696 illum
973 5643 1038 5695 ad
1063 5658 1167 5705 vos,
1201 5651 1254 5694 ut
1278 5644 1569 5696 accuratius
1592 5643 1830 5713 cognitu-

225 5753 304 5790 ros
330 5752 542 5790 causam
569 5736 700 5806 ejus.
744 5734 881 5802 Quid
907 5735 1079 5789 dicis?
1109 5751 1287 5788 annon
1319 5734 1399 5788 bis
1426 5735 1579 5790 vobis
1610 5739 1831 5791 concio-

226 5837 379 5882 uatus
422 5825 542 5882 est?
595 5840 772 5878 annon
825 5825 1156 5879 Pharismum
1206 5841 1266 5880 se
1311 5824 1483 5879 dixit?
1539 5843 1634 5882 cur
1689 5828 1832 5882 aliud

225 5922 492 5990 superﬂue
516 5917 787 5988 q-tmritis?
821 5916 892 5972 Ita
926 5917 1056 5973 nihil
1094 5918 1424 5986 metuebant,
1456 5935 1563 5974 non
1591 5922 1829 5976 tribuna-

1221 414 1286 471 IN
1325 413 1506 471 ACTA
1545 411 2074 471 Αροετοιοῐιωι.
2119 415 2345 474 llOMlL.
2387 416 2580 476 XLIX.

3444 426 3552 483 διε

1937 527 2022 592 lia,
2052 544 2155 582 non
2179 529 2323 602 leges
2351 551 2363 587 :
2393 531 2462 588 ita
2487 532 2617 589 nihil
2643 533 2784 604 apud
2815 531 2938 592 illos
2967 534 3287 594 intentatum
3317 552 3454 596 erat.
3485 545 3553 600 Et

1928 624 2251 680 sententiam
2303 625 2579 693 inducunt,
2611 634 2667 682 et
2696 628 2969 685 actionem
3019 630 3366 688 denuntiant.
3418 633 3555 691 Cum

1928 716 2154 771 audisset
2175 728 2344 773 autent
2370 720 2512 789 ﬁlius
2535 720 2728 775 sororis
2754 719 2911 777 Pauli
2936 722 3172 780 insidias.
3222 724 3334 780 Hoc
3363 742 3430 782 ex
3460 728 3549 782 di-

1929 808 2050 861 vina
2077 808 2503 878 diSpensatione,
2531 811 2673 882 quod
2694 814 2966 884 nescirent
2984 814 3034 869 id
3053 816 3382 872 audiendum
3402 833 3549 875 esse.

1999 898 2159 954 Pauli
2196 901 2435 970 ﬁrmitas.
2458 932 2532 943 —
2551 902 2689 972 Quid
2721 919 2852 975 ergo
2879 904 3121 962 Paulus?
3150 905 3266 962 Non
3296 907 3545 964 turbatus

1927 1001 2031 1055 est,
2065 991 2159 1047 sed
2188 992 2454 1049 intellexit
2481 993 2724 1051 divinum
2756 1011 2893 1066 opus
2914 1011 3038 1053 esse
3064 1015 3076 1051 :
3106 1007 3162 1055 et
3193 1007 3362 1054 totum
3398 999 3451 1055 in
3481 1000 3548 1055 il-

1929 1083 2038 1138 lum
2065 1085 2383 1156 conjicicns,
2415 1103 2482 1142 ex
2510 1103 2573 1142 ca
2606 1105 2669 1146 re
2689 1089 2920 1146 salutem
2948 1100 3139 1146 nactus
3167 1101 3272 1148 est.
3305 1093 3374 1148 Et
3401 1094 3546 1158 vide.

1928 1177 2200 1247 quomodo
2241 1179 2382 1235 Deus
2431 1180 2610 1235 omnia
2641 1181 2693 1234 in
2721 1181 2922 1236 bonum
2980 1183 3283 1254 provideat.
3317 1184 3549 1242 insidias

1929 1270 2138 1324 nuntiat
2163 1271 2502 1339 adulescens,
2537 1273 2801 1329 creditum
2829 1285 2912 1330 est
2939 1276 3010 1341 ei,
3037 1286 3091 1331 et
3117 1277 3195 1333 sic
3222 1286 3406 1348 postea
3434 1293 3549 1333 ser-

1927 1375 2087 1420 vatur
2129 1365 2350 1422 Paulus.
2389 1366 2460 1422 Et
2493 1369 2540 1423 si
2578 1384 2607 1421 a
2648 1382 2810 1424 causa
2841 1369 2963 1437 illa,
2996 1370 3231 1441 inquies,
3263 1371 3548 1427 absolutus

1927 1468 2030 1524 est,
2057 1472 2156 1513 cur
2183 1460 2449 1514 miserunt
2474 1470 2821 1516 accusatores
2841 1463 2864 1515 τ
2885 1461 2957 1519 Ut
2983 1464 3287 1519 accuratius
3316 1479 3545 1521 examen

1928 1549 2123 1617 ﬁeret;
2179 1560 2240 1606 ut
2289 1552 2462 1624 magis
2520 1552 2613 1608 ille
2670 1564 3014 1624 purgaretur.
3063 1554 3224 1611 Tales
3269 1564 3398 1610 sunt
3448 1556 3544 1612 Dei

1925 1643 2359 1714 dispensationes
2389 1663 2403 1702 :
2437 1663 2503 1703 ex
2535 1647 2729 1719 quibus
2757 1648 3034 1718 ltedimur,
3063 1664 3128 1706 ex
3168 1650 3234 1706 iis
3263 1652 3536 1720 juvamur.

1927 1738 2005 1794 sic
2033 1748 2087 1793 et
2113 1737 2314 1809 Joseph
2343 1739 2554 1796 insidiis
2583 1741 2950 1812 impetebatur
2980 1758 3009 1796 a
3041 1743 3294 1810 domina;
3327 1753 3386 1801 et
3406 1744 3537 1801 dum

1927 1830 2019 1886 illa
2075 1831 2354 1888 videretur
2381 1833 2460 1889 illi
2493 1834 2761 1902 insidiari,
2792 1835 2843 1890 iu
2876 1836 3171 1892 securitate
3219 1839 3498 1892 constituit
3527 1857 3542 1894 :

1925 1937 2116 1979 carcer
2144 1925 2286 1980 enim
2319 1925 2481 1998 longe
2512 1926 2696 1982 mitior
2721 1938 2840 1983 erat
2869 1928 3079 2004 domo(
3098 1928 3230 1987 Gen.
3283 1929 3392 2002 39)
3418 1973 3433 2000 ,
3490 1932 3543 1986 in

1925 2029 2031 2086 qua
2071 2014 2188 2072 fera
2239 2017 2328 2073 illa
2361 2019 2725 2075 nutriebatur.
2780 2021 2895 2076 lllic
2919 2023 3064 2077 enim
3093 2037 3216 2077 cum
3245 2031 3410 2089 esset,
3441 2025 3542 2080 etsi

1927 2109 2326 2166 ministraretur
2347 2110 2472 2182 ipsi,
2495 2120 2552 2167 at
2579 2112 2636 2166 in
2659 2122 2808 2168 metu
2831 2127 3048 2183 semper
3067 2125 3206 2182 erat,
3232 2130 3302 2169 ne
3323 2114 3543 2170 domina

1925 2214 1984 2254 se
2011 2201 2398 2272 aggrederetur
2421 2244 2441 2270 ,
2471 2210 2527 2259 et
2551 2218 2776 2259 carcere
2806 2205 3028 2276 gravior
3057 2206 3143 2262 illi-
3166 2217 3343 2262 metus
3373 2208 3542 2264 insta-

1923 2292 2015 2348 bat
2043 2312 2055 2348 :
2088 2304 2210 2364 post
2238 2295 2642 2363 aecttsationem
2670 2307 2852 2352 autem
2888 2300 2939 2353 in
2970 2301 3268 2355 securitate
3322 2300 3542 2357 demum

1890 2396 1980 2441 ,et
2031 2386 2216 2457 quiete
2262 2387 2515 2459 degebat,
2549 2387 2619 2443 ab
2661 2389 2806 2446 illius
2848 2389 2978 2446 ferae
3023 2400 3080 2447 et
3130 2392 3465 2463 turpitudine
3490 2406 3546 2450 et

1925 2478 2134 2534 insidiis
2194 2479 2453 2536 liberatus
2489 2481 2826 2552 :jucundius
2877 2483 3023 2538 cnim
3078 2483 3182 2555 ipsi
3239 2494 3362 2541 erat
3419 2502 3543 2542 cum

1925 2573 2248 2627 a‘rumnos‘s
2279 2572 2589 2628 hominibus
2617 2574 2838 2645 degere,
2872 2590 3033 2646 quam
3058 2590 3180 2631 cum
3209 2575 3423 2634 furente
3451 2579 3547 2634 do-

1925 2663 2088 2717 mina.
2115 2661 2280 2717 lstbic
2300 2678 2430 2733 ergo
2456 2663 2698 2734 seipsum
2727 2665 3132 2735 consolabatur,
3159 2667 3302 2738 quod
3328 2679 3547 2741 pr0ptcr

1925 2754 2224 2809 castitatem
2276 2769 2343 2810 eo
2393 2755 2703 2823 incidisset;
2753 2757 2865 2814 illic
2915 2773 3045 2814 vero
3095 2759 3360 2830 timebat,
3394 2778 3461 2818 ne
3493 2763 3545 2817 in

1925 2848 2104 2901 anima
2130 2849 2338 2920 plagam
2365 2850 2643 2917 acciperet
2666 2868 2678 2904 :
2707 2851 2934 2907 muliere
2955 2852 3154 2924 quippe
3174 2864 3391 2911 amante
3413 2856 3547 2912 nihil

1925 2942 2130 2997 nolenti
2155 2942 2340 3012 juveni
2373 2943 2687 3010 molestius,
2715 2943 2847 2998 nihil
2896 2944 3203 3015 scelestius,
3238 2946 3371 3002 nihil
3419 2964 3545 3020 gra-

1923 3032 2077 3088 vius:
2107 3034 2357 3090 omnibus
2386 3033 2490 3089 hoc
2517 3035 2749 3091 vinculis
2769 3037 3218 3093 onerosissimum
3237 3050 3342 3095 est.
3366 3039 3550 3113 Itaque

1923 3139 2033 3179 non
2066 3125 2116 3178 in
2145 3140 2420 3181 carcerem
2454 3125 2679 3192 incidit,
2709 3125 2805 3182 sed
2828 3143 2856 3181 a
2885 3142 3107 3184 carcere
3130 3129 3389 3186 liberatus
3419 3143 3502 3187 est
3533 3151 3546 3187 :

1924 3217 2202 3273 inimicum
2235 3218 2311 3273 illi
2344 3219 2582 3274 reddidit
2616 3219 2830 3287 lterum,
2865 3221 2964 3276 sed
2992 3223 3307 3279 conciliavit
3334 3226 3504 3282 Deum
3532 3246 3545 3282 :

1925 3315 2327 3370 familiariorem
2349 3316 2523 3386 ipsum
2544 3314 2782 3372 reddidit
2798 3331 2928 3372 vero
2950 3316 3195 3385 domino,
3216 3318 3375 3390 ejecit
3397 3320 3548 3376 illum

1925 3422 1990 3462 ex
2036 3407 2363 3476 prmfectura-
2409 3408 2608 3464 domus
2658 3422 2794 3476 suac,
2823 3408 2916 3464 sed
2944 3408 3166 3466 domino
3191 3411 3552 3470 domesticum

1925 3499 2181 3556 reddidit.
2228 3499 2462 3556 Rursum
2490 3499 2685 3557 fratres
2716 3500 3094 3570 vendiderunt,
3123 3502 3219 3559 sed
3250 3503 3551 3562 liberarunt

1927 3608 2050 3650 eum
2083 3609 2112 3648 a
2141 3594 2626 3651 contubernalibus
2669 3595 2923 3657 inimicis.
2976 3595 3044 3651 ab
3066 3596 3266 3652 invidia
3296 3608 3349 3654 et
3382 3599 3553 3658 livore

1928 3691 2121 3758 multo,
2149 3706 2178 3746 a
2210 3690 2542 3762 quotidianis
2568 3691 2820 3760 insidiis;
2871 3693 3020 3748 illum
3055 3695 3241 3764 procul
3269 3695 3338 3750 ab
3365 3696 3555 3753 odicn-

1930 3784 2072 3838 tibus
2107 3783 2572 3839 seamaudarunt.
2633 3784 2772 3852 Quid
2821 3785 2966 3840 enim
3015 3786 3118 3842 hac
3166 3803 3226 3843 re
3272 3787 3551 3858 deterius,

1928 3875 2146 3946 quando
2173 3875 2294 3946 quis
2323 3890 2448 3930 cum
2481 3875 2736 3932 fratribus
2796 3876 2995 3933 invidis
3029 3877 3272 3935 habitare
3299 3881 3512 3953 cogitur
3536 3925 3551 3949 ,

1929 3965 2148 4037 quando
2193 3974 2478 4038 suspectus
2517 3977 2640 4034 est,
2673 3976 2729 4023 et
2756 3968 2970 4024 insidiis
3016 3970 3328 4041 appetitur?
3369 3971 3552 4044 itaque

1930 4057 2033 4112 alia
2083 4057 2351 4114 faciebant
2381 4068 2437 4114 et
2469 4059 2543 4113 illi
2576 4068 2629 4114 et
2661 4059 2773 4127 illa,
2808 4060 2912 4114 alia
2965 4069 3023 4116 et
3067 4077 3262 4133 magna
3292 4079 3386 4134 pro
3406 4065 3554 4135 justo

1930 4154 2352 4225 apparabantur.
2411 4153 2546 4212 Cum
2574 4155 2625 4210 in
2657 4155 2864 4212 honore
2888 4156 3148 4228 degebat,
3178 4169 3304 4214 tunc
3327 4159 3378 4214 in
3411 4161 3554 4230 peri-

1931 4245 2056 4300 culo
2104 4254 2251 4318 erat;
2298 4261 2426 4302 cum
2471 4247 2523 4301 in
2575 4247 2893 4318 ignominia,
2943 4259 3070 4305 tunc
3113 4251 3167 4305 in
3214 4253 3552 4307 securitate:

1932 4355 2040 4394 non
2071 4355 2341 4398 memores
2367 4339 2486 4412 ejus
2515 4351 2670 4398 erant
2695 4343 2968 4410 eunuchi;
2993 4355 3048 4400 et
3073 4346 3212 4401 bene
3240 4365 3253 4402 :
3287 4360 3344 4402 ut
3371 4347 3554 4417 splen-

1931 4434 2108 4490 didior
2131 4435 2282 4491 fieret
2305 4436 2484 4490 exitus
2510 4451 2693 4502 causa,
2728 4445 2894 4508 utque
2921 4453 3031 4493 non
3063 4438 3312 4495 humana:
3342 4442 3552 4511 gratim,

1933 4528 2026 4583 sed
2051 4528 2247 4584 divina:
2271 4528 2626 4600 providentia:
2656 4538 2827 4585 totum
2859 4531 3298 4587 adscriberetur:
3331 4543 3388 4588 ut
3420 4542 3557 4589 tem-

1934 4623 2140 4693 pestive
2165 4622 2314 4677 illum
2334 4622 2401 4677 ad
2425 4637 2580 4678 usum
2602 4624 2941 4680 constituens
2962 4625 3248 4692 educeret;
3269 4636 3325 4680 ut
3345 4625 3556 4682 Pharao

1935 4728 2043 4768 non
2073 4713 2398 4770 beneficium
2429 4715 2566 4771 dans
2587 4757 2602 4783 ,
2631 4717 2726 4771 sed
2756 4716 2825 4771 ab
2853 4732 2919 4772 eo
2947 4717 3252 4788 accipiens,
3285 4719 3460 4790 ipsum
3485 4734 3556 4774 ex

1933 4820 2155 4862 carcere
2184 4805 2429 4877 ejiceret.
2478 4806 2597 4862 Non
2632 4808 2916 4877 oportebat
2946 4810 3144 4866 servile
3170 4811 3372 4866 donum
3409 4827 3559 4876 esse,

1935 4897 2028 4952 sed
2063 4911 2243 4968 regem
2275 4898 2601 4954 necessitate
2632 4900 2749 4970 cogi
2779 4918 2790 4953 :
2821 4909 3107 4970 oportebat
3149 4902 3292 4958 illius
3335 4903 3556 4975 Sapien-

1938 4993 2062 5046 tiam
2095 4992 2437 5047 manifestam
2469 5008 2609 5049 esse.
2647 4993 2774 5049 ideo
2797 4995 3137 5050 obliviscitur
3167 4997 3468 5062 eunuchus,
3500 5007 3561 5052 ut

1936 5101 2003 5139 nc
2027 5086 2190 5141 lateat
2215 5085 2529 5158 Aigyptum,
2566 5096 2622 5141 ut
2653 5103 2720 5142 ne
2747 5087 2894 5142 illum
2928 5104 3022 5143 rex
3053 5089 3286 5158 ignoret.
3343 5088 3399 5144 Si
3431 5099 3557 5145 tunc

1936 5177 2164 5232 eductus
2206 5177 2414 5244 fuisset,
2442 5178 2581 5234 forte
2616 5179 2877 5235 voluisset
2919 5181 2973 5234 in
3017 5189 3214 5234 terram
3261 5195 3414 5235 suam
3469 5197 3562 5236 re-

1935 5270 2101 5325 verti:
2130 5270 2358 5340 ideoque
2376 5271 2522 5327 mille
2549 5272 2965 5328 necessitatibus
2996 5273 3256 5327 retinetur
3280 5292 3292 5327 :
3319 5274 3559 5345 primum

1937 5361 2202 5429 dominio,
2249 5362 2449 5419 deinde
2501 5378 2760 5430 carcere,
2791 5366 2952 5420 tertio
3000 5366 3053 5419 in
3101 5381 3308 5436 regno,
3343 5376 3402 5420 ut
3442 5364 3567 5422 luce

1939 5457 2404 5528 dispensarentur.
2433 5458 2586 5516 Sieut
2607 5474 2737 5531 ergo
2765 5475 3088 5529 generosum
3115 5475 3310 5530 equum
3336 5461 3402 5515 ad
3432 5476 3569 5515 suos

1939 5552 2158 5607 exsilire
2178 5552 2471 5617 volentem,
2501 5553 2640 5608 Deus
2688 5569 2811 5609 eum
2861 5553 3019 5609 isthic
3047 5553 3310 5624 gloriosas
3337 5552 3408 5607 ob
3432 5567 3571 5608 cant

1940 5659 2030 5697 sas
2057 5643 2298 5698 retinuit.
2349 5643 2504 5712 Quod
2533 5645 2675 5700 enim
2708 5655 2916 5716 patrem
2949 5646 3135 5701 videre
3183 5655 3416 5714 optaret,
3449 5657 3504 5701 ct
3530 5662 3571 5701 tr

1944 5735 2132 5790 dolore
2163 5736 2403 5803 liberari,
2456 5737 2634 5809 palam
2666 5750 2749 5794 est
2770 5754 2838 5794 ex
2868 5755 2935 5794 eo
2957 5782 2970 5804 τ
3003 5738 3145 5810 quod
3174 5740 3349 5810 ipsum
3383 5739 3564 5795 isthtta

1943 5845 2170 5884 aCClVel‘l
2182 5840 2194 5884 Ι
2206 5871 2218 5884 .

2020 5926 2070 5977 4.
2105 5923 2281 5979 Vultis
2309 5925 2440 5980 alias
2472 5941 2686 5998 quoque
2708 5929 2987 5984 videamus
3021 5929 3263 5997 insidias,
3291 5929 3433 6001 quod
3466 5944 3574 6001 pro!
