4072 6410
533 445 636 499 343

535 557 691 610 nobis
721 553 881 615 liant,
911 563 1017 605 non
1048 545 1209 602 modo
1235 545 1377 618 quod
1407 541 1706 600 mercedem
1742 541 1991 608 habeant,
2025 542 2117 595 sed

536 647 695 702 etiam
728 644 778 697 in
816 643 932 712 ipso
959 650 1200 709 tempore
1232 654 1326 709 pro
1355 638 1506 693 nobis
1532 635 1762 690 faciant?
1790 635 1956 705 Hujus
1984 635 2119 704 patri

540 750 755 809 patruus
785 737 947 807 ipsius
972 734 1250 790 insidiatus
1271 739 1372 796 est,
1402 738 1458 786 et
1476 745 1598 785 eum
1626 745 1655 783 a
1685 727 1855 798 patria
1882 726 2117 796 expulit:

536 832 661 902 quid
690 832 853 901 ergo?
876 829 1048 899 Ipsum
1072 840 1280 898 quoque
1297 823 1480 895 procul
1503 838 1533 878 a
1552 821 1792 894 periculo
1810 819 2118 884 constituit;

539 939 658 977 nam
701 924 750 977 in
793 931 908 977 tuto
938 921 1029 978 ille
1073 920 1168 974 fuit
1197 935 1209 972 :
1241 916 1474 972 reddidit
1519 931 1640 978 cum
1681 915 1847 985 magis
1885 912 2120 983 philoso-

537 1012 723 1080 phum,
747 1010 874 1066 fecit
895 1019 953 1066 ut
972 1005 1175 1064 videret
1194 1007 1482 1063 somnium.
1506 1006 1612 1062 Sed
1635 1005 1853 1061 servivit
1871 1005 1920 1058 iu
1946 1003 2120 1059 aliena

537 1103 718 1158 terra?
753 1103 946 1158 Verum
972 1100 1040 1156 ad
1068 1115 1193 1156 suos
1219 1097 1490 1170 profectus
1516 1113 1766 1168 sponsam
1793 1097 1985 1164 accipit
2007 1095 2117 1162 ilie,

537 1202 592 1249 ct
619 1194 809 1264 dignus
840 1191 1046 1245 videtur
1075 1204 1284 1245 socero.
1313 1189 1416 1245 Sed
1448 1189 1657 1258 dei-epit
1682 1195 1735 1242 et
1760 1186 1883 1242 ille?
1915 1185 2022 1250 Sed
2052 1187 2119 1240 il-

539 1285 626 1340 Ind
657 1287 706 1339 in
737 1285 931 1339 bonum
957 1283 1151 1348 cessit,
1185 1291 1242 1337 ut
1271 1283 1557 1337 multm-um
1587 1281 1812 1336 filiorum
1845 1289 1995 1349 pater
2022 1278 2118 1333 lic-

541 1387 641 1432 ret.
668 1377 771 1433 Sed
795 1377 962 1432 voluit
986 1376 1265 1431 insidiari?
1293 1375 1363 1430 At
1400 1375 1502 1429 hoc
1531 1375 1691 1431 etiam
1724 1374 1775 1428 in
1802 1372 1998 1427 bonum
2032 1386 2120 1427 ce—

538 1468 635 1532 dit,
668 1477 724 1523 ut
753 1467 968 1523 demum
993 1468 1058 1522 ad
1083 1477 1278 1522 terram
1314 1480 1464 1522 suam
1495 1465 1725 1521 rediret:
1755 1480 1876 1519 nam
1903 1465 1946 1521 si
1981 1463 2034 1519 in
2061 1479 2121 1520 re

539 1574 796 1628 prOSpera
827 1560 1049 1626 fuisset,
1083 1574 1186 1614 non
1226 1559 1295 1613 ita
1333 1557 1555 1628 patriam
1597 1555 1974 1611 desiderasset.
2015 1553 2121 1611 Sed

540 1649 842 1705 mercedem
871 1650 942 1704 illi
974 1650 1225 1704 abstulit?
1245 1650 1314 1704 At
1334 1649 1504 1719 major
1530 1647 1724 1703 deinde
1750 1646 1868 1702 fuit.
1894 1646 1984 1702 Sic
2009 1646 2125 1702 ubi-

537 1757 640 1811 que
670 1751 869 1813 quanto
895 1742 1064 1812 magis
1092 1741 1298 1796 insidiis
1335 1741 1748 1811 impctcbaiitiir,
1778 1748 1926 1795 tanto
1955 1740 2123 1809 magis

541 1848 627 1889 res
665 1834 900 1902 ipsorum
928 1832 1212 1889 ﬂorebant.
1247 1832 1357 1887 Nisi
1393 1832 1650 1903 majorem
1695 1831 1968 1898 duxisset,
2015 1846 2120 1886 non

537 1926 644 1978 cito
674 1923 862 1980 fuisset
892 1932 970 1979 tot
1005 1924 1233 1979 filiorum
1266 1932 1445 1994 pater:
1479 1924 1572 1979 sed
1603 1923 1654 1978 in
1685 1923 1913 1979 orbitate
1941 1923 1957 1954 ί
1990 1923 2125 1976 mul-

539 2025 650 2070 tum
680 2016 938 2086 temporis
968 2017 1265 2086 exegisset,
1297 2024 1351 2069 et
1383 2015 1609 2070 luxisset
1636 2025 1692 2068 ut
1724 2029 1864 2068 uxor
1887 2028 2001 2068 sua.
2031 2012 2120 2067 llla

540 2127 770 2180 namque
815 2111 1005 2164 merito
1042 2109 1287 2179 lugebat,
1320 2121 1386 2162 eo
1413 2107 1553 2178 quod
1593 2123 1698 2170 non
1738 2116 1879 2161 esset
1918 2115 2120 2172 mater;

539 2202 654 2268 ipse
685 2216 809 2254 vero
841 2200 1266 2255 consolationem
1304 2198 1463 2254 habet
1497 2216 1508 2251 :
1540 2198 1660 2254 ideo
1695 2201 1862 2269 ipsam
1891 2199 2120 2269 repellit.

537 2292 739 2346 Rursus
770 2291 816 2346 si
855 2307 962 2346 non
992 2291 1137 2346 illum
1165 2307 1196 2346 a
1229 2290 1475 2346 mercede
1504 2290 1786 2360 privasset,
1818 2305 1922 2345 non
1946 2298 2128 2362 optas-

539 2393 621 2439 set
646 2384 830 2439 videre
852 2392 1047 2438 terram
1079 2397 1251 2447 suam,
1276 2398 1450 2453 neque
1477 2383 1808 2453 philosophia
1832 2384 1927 2438 viri
1958 2399 2124 2453 appa-

543 2477 767 2538 ruisset,
805 2490 903 2529 nec
930 2476 1098 2545 magis
1129 2475 1203 2529 illi
1240 2474 1529 2529 familiares
1559 2474 1680 2528 facti
1712 2475 1958 2529 fuissent.
1995 2475 2125 2531 Vide

540 2582 768 2636 namque
805 2567 929 2636 quid
965 2567 1144 2622 dicant
1172 2584 1184 2620 :
1218 2567 1520 2622 Devorando
1549 2569 1803 2622 devoravit
1830 2585 1921 2622 nos
1957 2579 2003 2623 et
2037 2585 2126 2622 ar-

539 2668 743 2728 gentum
765 2670 988 2713 nostrum
1003 2659 1162 2728 (Gen.
1181 2662 1243 2715 ⁸51
1257 2698 1271 2712 .
1293 2661 1407 2731 15).
1428 2661 1611 2730 Itaque
1629 2662 1730 2716 hoc
1748 2661 1946 2716 amoris
1965 2677 2126 2718 causa

541 2750 660 2803 fuit.
693 2750 926 2804 Ancillas
951 2751 1168 2805 demum
1197 2749 1382 2804 habuit
1410 2766 1504 2820 pro
1532 2752 1786 2806 uxoribus
1805 2791 1821 2818 ,
1859 2762 1911 2808 et
1937 2753 2126 2823 dilige-

541 2842 696 2896 batur
725 2843 947 2909 abillis,
980 2843 1062 2897 cui
1091 2844 1416 2912 possessioni
1448 2844 1591 2897 nulla
1621 2845 1852 2900 conferri
1891 2846 2124 2915 poterit:

542 2932 671 2985 nihil
697 2933 838 2987 enini
865 2933 1146 3003 pretiosius
1174 2949 1331 3005 quam
1359 2936 1522 2988 amari
1549 2935 1617 2989 ab
1648 2950 1833 3002 uxore,
1863 2947 1916 2991 et
1946 2952 2128 2993 amare

541 3021 705 3076 illam.
733 3021 798 3075 Et
829 3039 979 3089 uxor,
1004 3023 1195 3093 inquit,
1224 3025 1330 3078 viro
1357 3027 1675 3080 consentiens
1704 3025 1896 3095 (Eccli.
1924 3029 2013 3083 25.
2041 3026 2124 3098 2).

542 3114 688 3168 lianc
720 3130 879 3169 unam
919 3116 1056 3170 inter
1083 3116 1439 3172 beatitudines
1466 3117 1615 3186 ponit
1648 3118 1871 3188 Sapiens
1897 3137 1911 3174 :
1941 3123 1994 3175 in
2024 3118 2129 3175 hoc

540 3207 683 3260 enim
723 3221 910 3261 omnes
942 3207 1138 3261 divitiie
1159 3247 1175 3271 ,
1220 3209 1395 3264 omnis
1423 3207 1650 3264 felicitas
1679 3211 1962 3266 consistit:
1993 3212 2132 3267 sicut

543 3299 585 3352 si
616 3299 740 3352 illud
772 3313 874 3353 non
905 3299 994 3363 sit,
1026 3299 1123 3352 alia
1155 3298 1287 3353 nihil
1313 3301 1533 3369 juvant,
1563 3300 1658 3355 sed
1689 3302 1942 3358 subversa
1971 3312 2126 3370 sunt,

543 3401 599 3443 et
639 3391 950 3445 insuavitate
981 3391 1400 3461 confusioneque
1431 3392 1608 3461 plena.
1637 3393 1798 3463 Igitur
1819 3403 1873 3449 et
1899 3409 1998 3449 nos
2028 3395 2132 3450 hoc

546 3498 654 3551 prie
679 3483 926 3538 omnibus
963 3499 1287 3552 qumranius.
1326 3484 1425 3550 Qui
1462 3487 1717 3555 pecunias
1752 3488 1979 3556 quierit,
2023 3503 2128 3542 non

543 3578 643 3630 hoc
671 3576 881 3645 qua-rit.
915 3575 1038 3630 Haec
1064 3590 1387 3645 quieramiis,
1418 3591 1537 3646 qua:
1559 3578 1711 3631 firma
1737 3591 1858 3633 esse
1882 3589 2128 3649 possunt.

544 3732 824 3842 “'uMorel.
852 3739 903 3781 et
924 3731 1118 3795 quidam
1141 3731 1223 3782 alii
1251 3731 1441 3795 legunt,
1478 3735 1864 3798 peregrinatione
1881 3774 1894 3798 ,
1915 3751 2022 3801 pro,
2050 3725 2128 3788 0t:-

561 3805 625 3841 Ἠ
658 3807 703 3842 e.

561 3805 703 3842 :tttue.

568 3918 864 3926 ψ

1262 431 1318 488 s.
1360 396 1635 488 tomis
1672 426 2142 484 cnnvsosroni
2188 425 2500 481 .incnisr.
2540 423 3068 481 CONS'i‘ANTiNUP.

3720 423 3823 479 3-H

2304 539 2444 594 Uxor
2473 554 2704 608 quamam
2725 539 2978 593 ducenda.
3003 569 3066 579 --
3090 536 3165 594 Ne
3184 552 3492 609 qumramus
3515 539 3728 609 nuptias
3756 554 3828 596 es

2228 630 2523 700 0pulentis,
2558 645 2626 685 ne
2648 645 2780 701 opes
2807 632 2984 685 niiniie
3008 632 3157 686 uxori
3185 630 3445 685 suadeant
3464 640 3524 684 ut
3545 632 3712 686 altum
3741 645 3828 686 sa-

2230 725 2357 793 piat,
2390 736 2457 777 ne
2485 735 2678 776 sensus
2707 723 2795 777 ille
2825 737 2985 778 causa
3017 725 3088 777 sit
3115 723 3496 794 corruptionis.
3525 721 3641 778 Non
3671 723 3829 779 vides

2228 817 2354 887 quid
2400 816 2590 871 fecerit
2629 815 2810 870 Deus?
2840 816 3110 885 quomodo
3155 816 3299 870 illam
3340 815 3639 870 subdiderit
3667 817 3690 869 ‘l
3716 816 3829 871 Cur

2230 910 2470 980 ingratus
2489 907 2585 964 es?
2607 922 2706 963 cur
2728 907 2846 963 sine
2867 909 3064 962 sensu?
3091 909 3245 976 Quod
3275 909 3365 962 tibi
3390 924 3455 962 ex
3482 917 3671 961 natura
3693 922 3829 963 con-

2228 1001 2425 1068 cessit,
2454 999 2558 1056 hoc
2598 1007 2652 1053 tu
2693 1016 2760 1054 ne
2799 1014 3112 1067 corrumpas
3142 999 3418 1055 auxilium.
3455 998 3570 1054 Non
3605 1007 3664 1054 ut
3689 1015 3828 1069 cpu-

2229 1093 2427 1148 lentam
2458 1107 2702 1161 quaerere
2731 1100 2965 1162 oportet,
2995 1091 3088 1158 sed
3118 1101 3173 1144 ut
3193 1092 3317 1146 vitae
3337 1102 3641 1171 consortem
3669 1091 3737 1146 ad
3764 1089 3830 1144 li-

2229 1186 2389 1241 beros
2419 1184 2800 1256 procreandos.
2833 1184 2947 1240 Non
2982 1185 3102 1239 ideo
3135 1200 3357 1240 uxorem
3388 1185 3537 1240 dedit
3566 1185 3734 1248 Deus,
3766 1190 3832 1237 ut

2229 1278 2482 1348 pecunias
2509 1277 2744 1344 aﬂ'erret,
2777 1277 2875 1333 sed.
2901 1287 2955 1332 ut
2981 1276 3211 1347 adjutrix
3235 1286 3398 1332 esset.
3431 1279 3562 1344 Quae
3583 1291 3712 1331 vero
3736 1287 3832 1346 pe-

2227 1371 2412 1424 cunias
2437 1369 2608 1434 affert,
2631 1371 2790 1426 etiam
2810 1369 3122 1426 insidiatur‘
3146 1367 3224 1441 [et
3248 1368 3461 1423 domina
3485 1370 3542 1424 fit
3567 1384 3665 1439 pro
3689 1385 3831 1424 cnn-

2223 1462 2383 1532 juge;
2418 1462 2526 1517 imo
2550 1461 2718 1517 bestia
2750 1477 2846 1532 pro
2867 1463 3091 1517 muliere
3117 1460 3167 1534 ],
3201 1463 3474 1532 altumque
3500 1477 3691 1532 sapere
3713 1460 3834 1515 vult

2229 1553 2297 1608 ob
2325 1553 2558 1608 divitias.
2590 1552 2731 1607 Nihil
2755 1554 2962 1624 turpius
2992 1553 3130 1620 viro,
3159 1553 3249 1624 qui
3277 1554 3348 1607 ita
3380 1553 3646 1609 ditescere
3675 1553 3824 1608 velit.

2228 1645 2360 1701 Nam
2393 1646 2436 1701 si
2461 1646 2570 1715 ipsa
2596 1645 2943 1715 pecuniarum
2975 1645 3238 1716 cupiditas
3261 1646 3646 1701 tentationibus
3670 1647 3827 1714 plena

2229 1744 2334 1800 est,
2366 1736 2432 1791 de
2457 1735 2758 1806 hujusmodi
2783 1734 2985 1790 divitiis
3009 1736 3136 1805 quid
3160 1735 3442 1792 dicemus?
3471 1735 3550 1792 Ne
3576 1737 3717 1790 enim
3749 1747 3833 1790 at—

2233 1830 2439 1895 tendas,
2472 1830 2516 1884 si
2546 1844 2668 1884 raro
2689 1829 2931 1896 accidat,
2966 1829 3011 1886 si
3033 1845 3184 1896 casu,
3221 1831 3265 1885 si
3295 1838 3493 1901 praeter
3519 1830 3783 1886 rationem
3811 1846 3828 1883 :

2230 1935 2404 1990 neque
2426 1921 2567 1976 enim
2599 1921 2719 1977 aliis
2746 1921 2929 1988 rebus,
2955 1923 3149 1992 quibus
3178 1922 3427 1978 fruuntur
3447 1923 3633 1993 aliqui,
3657 1932 3711 1977 et
3741 1923 3831 1976 in-

2230 2022 2444 2084 sperato
2469 2013 2743 2082 obtinent,
2777 2014 3166 2070 attendendum
3198 2024 3311 2080 est;
3344 2014 3438 2070 scd
3470 2014 3596 2086 quid
3632 2030 3831 2070 secun-

2229 2104 2354 2159 dum
2378 2106 2637 2161 rationem
2660 2105 2730 2161 sit
2756 2105 3056 2174 videamus,
3084 2121 3262 2161 annon
3287 2107 3433 2161 mille
3459 2106 3719 2161 moleSIiis
3741 2121 3835 2161 res

2231 2198 2389 2268 plena
2420 2199 2509 2253 sit.
2536 2199 2652 2254 Non
2685 2196 2834 2254 solus
2858 2199 3049 2270 ipsein
3079 2200 3369 2271 ignominia
3392 2201 3522 2266 eris,
3547 2199 3639 2254 sed
3665 2199 3833 2254 etiam

2234 2288 2375 2344 filios
2408 2289 2695 2360 deturpas,
2731 2306 2992 2362 pauperes
3023 2291 3364 2362 relinquens,
3398 2291 3442 2346 si
3468 2291 3754 2362 contigerit
3779 2300 3832 2347 te

2235 2382 2466 2452 priorem
2497 2383 2666 2448 mori;
2701 2382 2932 2453 hincque
2962 2383 3156 2437 multas
3183 2383 3279 2437 das
3309 2383 3463 2437 uxori
3492 2383 3830 2446 occasiones,

2234 2484 2290 2528 ut
2312 2477 2541 2530 alterum
2566 2486 2769 2545 quaerat
2794 2476 3065 2530 maritum.
3090 2477 3282 2531 Annon
3311 2474 3481 2538 vides,
3506 2475 3644 2530 hanc
3666 2474 3835 2529 fuisse

2232 2567 2414 2623 multis
2442 2566 2802 2622 secundarum
2835 2565 3141 2637 nuptiarum
3173 2581 3393 2622 causam
3414 2609 3430 2633 ,
3469 2574 3529 2621 ut
3559 2581 3664 2620 non
3694 2581 3832 2621 con-

2233 2667 2621 2724 temnerentur,
2654 2667 2706 2712 et
2732 2669 2790 2712 ut
2809 2667 3117 2728 quaererent
3135 2659 3272 2714 alios
3297 2659 3386 2728 qui
3417 2673 3532 2715 rem
3562 2673 3714 2714 suam
3735 2673 3834 2713 cu-

2235 2749 2552 2805 rarentth
2580 2751 2760 2819 igitur,
2788 2765 2992 2819 quieso,
3027 2760 3246 2821 propter
3285 2764 3415 2820 opes
3453 2757 3595 2803 tanta
3628 2764 3827 2818 Opere-

2237 2859 2417 2898 remur
2455 2843 2631 2908 mala;
2679 2842 2773 2897 sed
2825 2843 3004 2897 omnia
3049 2842 3454 2912 relinquamus,
3498 2851 3553 2897 et
3595 2842 3832 2895 aniiiiani

2233 2934 2761 3006 quaeramusbonam
2783 2977 2798 3001 ,
2833 2943 2890 2989 ut
2930 2944 2984 2990 et
3020 2935 3299 2990 caritatem
3335 2949 3704 3004 assequamur.
3739 2933 3838 2988 Hae

2234 3037 2361 3084 sunt
2387 3043 2592 3098 magna:
2617 3027 2836 3093 divitiae,
2871 3026 2958 3082 hic
2993 3041 3220 3098 magnus
3251 3026 3563 3091 thesaurus,
3600 3025 3715 3080 hinc
3748 3027 3834 3079 iii-

2237 3134 2460 3174 nuniera
2496 3118 2633 3174 bona
2661 3137 2672 3171 :
2707 3118 2900 3189 quibus
2931 3117 3134 3174 utinam
3165 3132 3264 3173 nos
3298 3132 3486 3173 omnes
3514 3116 3755 3172 fruamur
3781 3125 3838 3171 et

2238 3210 2530 3266 secundum
2559 3210 2703 3280 leges
2729 3210 2823 3264 Dei
2847 3212 3112 3276 vivamus,
3142 3220 3197 3265 ut
3218 3219 3271 3264 et
3295 3209 3472 3265 futura
3500 3209 3638 3264 bona
3664 3210 3836 3279 possi-

2238 3318 2358 3357 mus
2379 3301 2626 3372 adipisci,
2654 3303 2824 3373 gratia
2846 3313 2896 3357 et
2925 3303 3254 3372 benigiinate
3278 3304 3486 3358 Domini
3514 3304 3682 3358 nostri
3704 3303 3835 3359 Jesu

2237 3395 2456 3460 Christi,
2488 3394 2702 3463 quicum
2736 3393 2878 3448 Patri
2899 3402 2950 3447 et
2978 3393 3198 3464 Spiritui
3229 3403 3414 3448 sancto
3438 3395 3629 3464 gloria,
3664 3395 3836 3465 impe-

2238 3489 2410 3550 rium,
2444 3487 2639 3550 honor,
2673 3499 2814 3540 nunc
2851 3494 2905 3540 et
2945 3500 3178 3556 semper,
3203 3494 3258 3541 ct
3288 3486 3340 3540 in
3379 3484 3573 3541 saecula
3601 3486 3835 3542 saeculo-

2239 3594 2379 3634 rum.
2405 3579 2596 3632 Amen.

2304 3740 2320 3770 ¹
2347 3745 2460 3796 Quae
2493 3735 2683 3785 uncinis
2705 3733 3010 3795 clauduntur,
3037 3733 3216 3784 desunt
3241 3734 3290 3783 in
3325 3732 3509 3796 Moutf.',
3535 3741 3587 3785 et
3611 3747 3641 3783 c
3681 3734 3830 3785 (Σαλα.

2237 3797 2460 3865 suppleta
2485 3805 2616 3848 sunt.

1957 4001 2304 4066 HOMILIA
2361 3998 2434 4058 L.

543 4139 669 4195 Car.
696 4139 784 4195 23.
815 4155 867 4192 v.
897 4139 982 4193 5i.
1022 4138 1209 4194 Milites
1247 4156 1388 4212 ergo,
1439 4149 1490 4195 ut
1519 4153 1822 4214 prwceptnm
1859 4155 1966 4200 erat
2011 4147 2125 4212 sibi,

614 4241 920 4285 assimientes
951 4230 1194 4293 Paulum,
1223 4232 1475 4286 duxerunt
1503 4251 1590 4302 per
1625 4246 1819 4289 noctem
1850 4238 2129 4308 Antipatri-

615 4324 746 4376 dem.
779 4323 868 4378 ⁸52.
900 4323 962 4376 Et
991 4334 1188 4391 postera
1230 4325 1312 4379 die
1353 4326 1543 4381 relictis
1582 4329 1825 4397 equitibus
1855 4340 1907 4382 ut
1933 4348 2044 4383 cum
2072 4348 2130 4385 eo

617 4415 764 4477 irmt,
797 4415 1108 4468 reversismit
1139 4417 1206 4468 ad
1218 4427 1402 4470 castra.
1436 4419 1522 4472 53.
1554 4418 1617 4471 At
1636 4418 1714 4473 illi
1742 4437 1856 4473 cum
1885 4423 2131 4475 venissent

615 4505 902 4560 Caesaream
919 4549 930 4564 .
956 4518 1003 4559 et
1032 4507 1356 4561 tradidissent
1383 4510 1646 4578 epistolam
1676 4513 1882 4582 prazsidi
1903 4554 1918 4578 ,
1942 4523 2130 4567 statue-

616 4607 732 4650 runt
759 4605 874 4650 ante
904 4597 1048 4649 illum
1065 4607 1110 4649 et
1131 4595 1373 4650 Paulum.

617 4692 666 4743 l.
711 4689 872 4757 Quasi
931 4701 1111 4758 regem
1153 4689 1438 4758 quemdam
1486 4692 1803 4747 satellitibus
1853 4694 2126 4761 stipatum,

544 4781 912 4836 transmittunt
972 4794 1092 4833 cum
1146 4789 1288 4834 tanta
1338 4781 1680 4836 multitudine
1735 4793 1789 4836 et
1845 4783 1895 4836 in
1950 4794 2123 4849 nocte,

548 4872 797 4925 timentes
847 4872 977 4924 iram
1017 4881 1070 4925 et
1099 4871 1353 4940 impetum
1388 4873 1590 4942 p0puli.
1636 4874 1921 4943 Postquam
1969 4877 2128 4945 igitur

546 4963 820 5030 ejeccrunt
862 4961 1008 5015 illum
1053 4977 1117 5015 ex
1173 4963 1406 5030 civitate,
1460 4973 1583 5019 tunc
1630 4966 1913 5020 desistunt.
1945 4968 2129 5038 Neque

547 5055 793 5107 tribunus
821 5069 942 5108 eum
975 5062 1116 5107 tanta
1141 5054 1288 5108 illum
1334 5057 1565 5111 misisset
1608 5061 1916 5126 securitate,
1949 5062 2048 5115 nisi
2077 5071 2130 5117 et

547 5148 719 5215 ipsum
758 5147 1032 5200 innoxium
1075 5156 1353 5217 putasset,
1391 5156 1444 5201 et
1476 5148 1685 5202 illorum
1729 5153 2126 5219 sanguinarium

545 5241 779 5292 animum
808 5240 1059 5294 novisset.
1093 5258 1110 5290 ι
1141 5240 1229 5294 54.
1249 5241 1378 5295 Cum
1411 5249 1588 5296 autem
1616 5243 1851 5311 legisset,
1879 5255 1931 5297 et
1958 5246 2128 5300 inter-

547 5341 787 5402 rogasset
812 5331 877 5385 de
906 5346 1006 5401 qua
1039 5333 1306 5400 provincia
1338 5343 1500 5400 esset,
1527 5333 1870 5405 audissetque
1893 5338 2031 5404 quod
2061 5355 2125 5392 ex

545 5425 724 5478 Cilicia
760 5443 771 5476 :
802 5425 889 5480 '55.
926 5409 1151 5477 Audiam
1181 5433 1247 5489 te,
1289 5425 1476 5493 inquit,
1509 5441 1630 5479 cum
1681 5437 2021 5482 accusatores
2052 5430 2122 5482 tui

546 5519 788 5570 venerint
819 5535 831 5570 :
859 5517 1124 5586 jussitqiie
1149 5518 1293 5570 illum
1323 5522 1372 5571 in
1410 5520 1660 5586 prietorio
1691 5521 1919 5574 Herodis
1943 5533 2120 5576 custo-

545 5609 668 5666 diri,
701 5625 716 5655 ι
741 5609 854 5661 Jani
886 5609 1087 5676 proilln
1111 5610 1367 5663 rationem
1391 5611 1610 5667 dederat
1635 5613 1854 5683 Lysias;
1888 5625 2120 5670 attamen

547 5699 719 5751 adhuc
755 5698 858 5751 illic
887 5700 1034 5753 illum
1066 5700 1234 5755 Jiidmi
1267 5701 1580 5758 adoriuntur
1603 5747 1617 5770 ,
1666 5719 1716 5760 ct
1748 5721 2122 5778 przroceiipant

543 5791 862 5855 auditorem,
907 5801 960 5847 et
1001 5793 1191 5847 iterum
1242 5795 1291 5847 in
1342 5796 1546 5851 vincula
1597 5798 1879 5868 conjicitur
1938 5820 1949 5854 :
1999 5802 2118 5855 audi

546 5882 853 5949 quomodo:
890 5883 1188 5956 (Cap.2l.)
1251 5888 1297 5940 1.
1356 5885 1476 5941 l'ost
1534 5895 1751 5962 qttltH/ttc’
1805 5909 1965 5948 animi
2011 5897 2114 5947 dies

2233 4138 2488 4196 descendit
2523 4137 2756 4209 princeps
2783 4134 3102 4189 sacerdotum
3129 4134 3354 4189 Ananias
3397 4151 3510 4188 cum
3553 4136 3833 4192 senioribus

2232 4244 2278 4288 et
2329 4233 2556 4286 Tertullo
2603 4231 2821 4300 quodam
2866 4237 3103 4294 oratore,
3154 4230 3240 4300 qui
3281 4230 3516 4283 adierunt
3567 4232 3835 4300 praesidem

2234 4326 2471 4378 adversus
2514 4321 2759 4376 Paulum.
2785 4321 2918 4374 Vide
2961 4321 3229 4389 quomodo
3281 4337 3453 4391 neque
3495 4322 3565 4375 ita
3607 4322 3832 4378 destite-

2234 4426 2382 4482 runt,
2427 4415 2521 4470 sed
2573 4415 2814 4479 veniunt,
2858 4413 2984 4467 licet
3034 4413 3182 4468 inille
3229 4423 3516 4468 occurrant
3541 4415 3742 4482 obices,
3777 4426 3832 4471 ut

2237 4513 2344 4566 illic
2395 4510 2808 4564 confundantur.
2853 4527 2872 4560 ι
2906 4509 2960 4563 2.
3013 4509 3079 4564 Et
3110 4510 3277 4565 citato
3325 4511 3418 4566 illo
3468 4513 3629 4581 cmpit
3669 4528 3832 4568 accu-

2235 4618 2357 4658 sare
2384 4601 2672 4665 Tertullus,
2702 4601 2887 4656 dicens
2921 4618 2934 4655 :
2969 4603 3102 4658 Cum
3136 4603 3188 4657 in
3241 4603 3405 4658 multa
3438 4619 3566 4672 pace
3611 4621 3832 4675 agamus

2235 4711 2331 4765 per
2360 4704 2430 4760 te,
2455 4703 2510 4749 et
2557 4693 2718 4750 multa
2773 4694 2912 4749 bona
2953 4711 3113 4765 Opera
3157 4696 3289 4752 fiant
3319 4697 3369 4752 in
3408 4697 3507 4753 hac
3547 4709 3704 4764 gente
3737 4716 3834 4769 per

2237 4796 2378 4841 tuam
2409 4786 2822 4856 providentiam,
2854 4789 2907 4842 5.
2935 4802 3148 4857 semper
3179 4797 3231 4843 et
3259 4791 3454 4860 ubique
3478 4792 3829 4860 suscipimus,

2234 4881 2437 4949 Optime
2470 4880 2642 4949 Felix,
2674 4896 2794 4936 cum
2840 4881 2984 4934 omni
3030 4882 3323 4950 gratiarum
3367 4885 3596 4938 actione.
3645 4893 3698 4939 4.
3752 4886 3832 4940 Ne

2235 4972 2432 5027 diutius
2458 4983 2634 5028 autem
2668 4982 2719 5027 te
2747 4970 3077 5040 protraham,
3112 4987 3228 5039 oro,
3255 4973 3489 5029 breviter
3511 4976 3698 5030 audias
3730 4993 3830 5032 nos

2235 5081 2330 5133 pro
2383 5075 2467 5118 tua
2519 5065 2828 5120 clementia.
2870 5082 2894 5115 ι.
2937 5065 3092 5134 Atqui
3125 5080 3220 5120 vos
3262 5065 3363 5122 hoc
3419 5065 3620 5123 fecistis
3655 5087 3667 5121 :
3702 5070 3828 5139 quid

2236 5158 2393 5226 igitur
2424 5173 2559 5225 opus
2587 5166 2704 5211 crat
2730 5157 2980 5211 oratore?
3014 5157 3145 5213 Vide
3172 5159 3444 5228 quomodo
3494 5159 3583 5215 hic
3614 5176 3828 5232 quoque

2232 5249 2408 5303 statim
2441 5249 2508 5302 ab
2535 5249 2756 5302 exordio
2785 5249 2930 5303 illum
2955 5261 3009 5304 iit
3034 5261 3344 5305 novatoreni
3374 5251 3686 5309 seditiosum
3715 5257 3828 5311 vult

2233 5343 2532 5408 traducere,
2556 5340 2794 5396 laudibus
2813 5358 2940 5398 vero
2964 5345 3196 5412 judieem
3223 5329 3578 5413 prmoccupat.
3600 5347 3824 5415 Deinde,

2229 5435 2377 5503 quasi
2436 5433 2601 5487 multa
2645 5433 2868 5488 dicenda
2919 5435 3132 5500 habeat,
3185 5437 3568 5505 prartercurrit,
3624 5450 3677 5492 et
3721 5438 3827 5495 hoc

2231 5544 2390 5581 unum
2438 5527 2565 5580 dicit
2599 5543 2610 5577 :
2643 5525 2722 5579 Ne
2773 5528 2965 5580 diutius
3014 5537 3183 5579 autent
3234 5539 3279 5580 te
3327 5530 3646 5596 protrahunt.
3689 5531 3826 5588 Vide

2229 5618 2498 5688 quomodo
2532 5619 2781 5687 puniendi
2811 5617 3140 5673 desiderium
3162 5620 3324 5688 judici
3351 5621 3626 5686 immittat,
3664 5626 3822 5692 quasi

2227 5708 2686 5776 comprehensum
2740 5726 2901 5774 cum,
2961 5710 3050 5778 qui
3103 5712 3286 5767 orbem
3343 5712 3721 5778 subverteret,
3770 5724 3820 5770 et

2229 5801 2380 5870 quasi
2431 5799 2497 5852 de
2548 5801 2804 5868 prirclaro
2849 5815 3012 5869 opere
3058 5804 3313 5857 sentiunt.
3366 5821 3387 5854 ι
3426 5806 3480 5859 5.
3516 5804 3822 5861 invenimus

2231 5901 2367 5950 lium:
2402 5896 2669 5948 hominem
2701 5893 3034 5962 pestiferum,
3067 5905 3113 5949 el
3143 5898 3499 5952 concitantem
3526 5899 3816 5955 seditiones
