4072 6472
160 440 251 493 543

159 553 188 614 ἦ
199 550 304 618 μῶν
335 551 598 617 γίνονται,
626 547 690 600 οῦ
727 547 892 617 μόνον
926 546 1001 616 τῷ
1041 545 1235 614 μισθὸν
1270 544 1438 615 ἔχειν,
1470 546 1610 599 ἀλλά
1644 544 1842 614 καὶτῷ

163 643 212 688 ιι
241 636 383 704 αὐτῷ
402 636 482 705 τῷ
517 634 696 705 καιρῷ
733 634 800 686 τὰ
831 634 973 702 ὑπὲρ
1003 632 1160 702 ήμῶν
1191 637 1398 697 ποιεῖν;
1444 633 1841 686 Ἐπεϐούλευσε

163 723 229 790 τῷ
262 723 453 774 τούτου
491 723 661 792 πατρὶ
709 722 737 772 6
792 721 933 781 θεῖος
965 719 993 771 6
1033 719 1248 782 τούτου,
1303 719 1398 772 καὶ
1446 721 1546 790 τῆς
1582 720 1843 790 πατρίδος

162 811 406 879 ἐξήλαστ
435 811 491 862 τί
517 806 641 868 οῦν;
671 807 786 860 Καὶ
817 807 979 868 αὐτὸς
1020 808 1240 877 μακρὰν
1265 807 1359 860 τοῦ
1399 807 1648 861 κινδύνου
1677 807 1842 864 αὑτὸν

160 897 504 966 κατέστησενο
531 897 588 947 ἐν
610 893 880 962 ἀσφαλείᾳ
897 895 1006 962 γαρ
1033 895 1124 946 καὶ
1150 893 1314 956 αὐτὸς
1336 895 1584 962 γέγονεν·
1614 896 1840 963 ἐποίησε

160 982 608 1052 φιλοσοφώτερον,
634 981 892 1049 ἐποίησεν
925 982 1052 1033 ίδεῖν
1080 981 1139 1032 τὸ
1161 982 1314 1052 ὄναρ.
1357 981 1500 1033 Ἀλλ’
1525 981 1843 1033 ἐδούλευσεν

164 1074 206 1120 ίν
244 1070 534 1139 ἀλλοτρία;
602 1067 766 1119 Ἀλλά
822 1068 972 1138 παρά
1021 1073 1134 1130 τοῖς
1183 1068 1349 1120 αὑτοῦ
1410 1067 1663 1121 ἀπελθὼν
1698 1067 1839 1136 λαμ-

159 1158 297 1209 ιὸανει
327 1170 351 1198 ι
386 1156 631 1225 νύμφην,
671 1157 764 1208 καὶ
798 1157 946 1220 ἄξιος
987 1157 1235 1220 φαίνεται
1269 1155 1349 1225 τῷ
1396 1155 1652 1226 κηδεστῇ.
1699 1155 1840 1207 Ἀλλ’

159 1245 398 1313 ἠπάτησε
426 1245 716 1308 κάκεῖνος
763 1243 926 1296 Ἀλλὰ
959 1243 1051 1296 καὶ
1075 1241 1235 1294 τοῦτο
1257 1244 1337 1304 είς
1357 1242 1562 1310 ἀγαθὸν
1592 1245 1838 1311 γέγονεν,

157 1333 234 1384 ἵνα
280 1330 498 1383 πολλῶν
553 1331 762 1384 παίδων
820 1329 1048 1398 γένηται
1099 1331 1304 1401 πατήρ.
1370 1330 1510 1383 Ἀλλ’
1571 1331 1841 1400 ἐϐουλήθη

155 1418 574 1479 ἐπιϐουλεῦσαι;
624 1417 786 1469 Ἀλλά
833 1418 926 1469 καὶ
955 1417 1114 1468 τοῦτο
1143 1419 1220 1479 είς
1259 1417 1482 1484 ἀγαθὸν,
1514 1418 1600 1471 ἵνα
1634 1421 1712 1481 είς
1743 1420 1840 1487 τὴν

156 1506 311 1558 αὑτοῦ
347 1506 537 1558 λοιπὸν
561 1505 836 1576 ἐπανέλθῃ
855 1519 867 1532 '
895 1506 959 1564 ,εί
991 1507 1100 1574 γὰρ
1132 1500 1201 1575 ἦν
1232 1507 1288 1556 ἐν
1315 1505 1614 1577 εὐπραγία,
1646 1508 1748 1558 οὐκ
1775 1508 1841 1559 ἂν

153 1594 317 1656 οὕτως
355 1593 625 1662 ἐπεθύμει
665 1593 763 1662 τῆς
807 1592 1025 1645 ἐαυτοῦ.
1078 1592 1218 1644 Ἀλλ’
1253 1593 1442 1661 ἀφεῖλε
1483 1594 1576 1647 τὸν
1618 1595 1838 1664 μισθόνς

165 1681 319 1733 Ἀλλά
372 1681 561 1732 πλεῖον
615 1680 863 1747 γέγονεν.
915 1679 1072 1732 Οῦτω
1120 1679 1399 1749 πανταχοῦ
1449 1682 1560 1751 ὅσῳ
1620 1681 1843 1733 ἐπεϐου-

156 1771 386 1837 λεύοντο,
427 1769 669 1836 τοσούτῳ
702 1770 772 1820 τά
802 1767 1006 1820 τούτων
1049 1768 1221 1838 ἤνθει.
1267 1769 1328 1821 El
1365 1769 1442 1839 μὴ
1471 1769 1568 1839 τὴν
1600 1771 1840 1839 πρεσϐυ-

159 1860 308 1931 τέραν
351 1859 571 1920 ἐλαϐεν,
605 1858 707 1911 οὐκ
739 1858 806 1911 ἂν
846 1858 1053 1927 ταχέως
1083 1858 1300 1923 ἐγένετο
1333 1857 1606 1910 τοσούτων
1638 1859 1845 1911 παίδων

163 1949 349 2017 πατὴρ.
387 1947 508 2000 ἀλλ’
545 1949 602 2000 ἐν
632 1946 864 2016 ἀπαιδία
886 1947 913 1985 b
949 1945 1116 1999 πολὺν
1151 1945 1218 1999 ἀν
1251 1945 1472 1998 εἵλκυσε
1508 1947 1722 2016 χρόνον,
1753 1949 1847 2000 καὶ

161 2035 451 2105 ιπένθησεν
495 2034 561 2088 ἂν
601 2034 854 2104 καθάπερ
899 2035 992 2086 καὶ
1022 2037 1054 2104 ἡ
1090 2033 1244 2107 [570]
1279 2036 1437 2106 γυνή.
1481 2035 1695 2104 Ἐκείνη
1749 2035 1846 2103 μὲν

155 2122 252 2190 γὰρ
296 2121 528 2183 εἰκότως
576 2121 817 2182 ἐπένθει,
870 2121 964 2187 {ita
1016 2120 1092 2192 μὴ
1132 2122 1400 2192 γενομένη
1438 2123 1657 2193 μήτηρ·
1693 2118 1847 2185 οὗτος

151 2209 203 2261 δέ
225 2210 338 2278 ἔχει
373 2209 766 2279 παραμυθίανσ
799 2210 920 2262 ὅθεν
949 2210 1120 2280 αὐτὴν
1148 2211 1243 2262 καὶ
1266 2209 1636 2281 διακρούεται.
1678 2211 1848 2263 Πάλιν

153 2298 197 2348 εί
228 2296 302 2366 μὴ
341 2297 507 2348 αὑτὸν
559 2297 909 2366 ἀπεστέρησε
943 2298 1048 2350 τῶν
1082 2297 1314 2367 μισθῶν,
1351 2297 1452 2349 οῦκ
1480 2296 1545 2350 ἂν
1569 2296 1850 2369 ἐπεθύμη-

155 2402 240 2436 σεν
275 2386 406 2436 ἰδεῖν
433 2383 534 2453 τὴν
561 2385 754 2448 αὐτοῦ,
787 2387 886 2438 οὐκ
921 2385 987 2439 ἂν
1023 2386 1198 2456 ἐφάνη
1236 2389 1269 2455 ἠ
1308 2385 1599 2454 φιλοσοφία
1627 2385 1723 2438 τοῦ
1753 2387 1848 2440 άν-

148 2472 290 2542 δρὸς,
352 2473 455 2524 οὐκ
496 2475 563 2524 ἂν
599 2473 806 2542 μᾶλλον
851 2474 1209 2544 ᾠκειώθησαν
1246 2472 1416 2544 αύτῷ.
1454 2475 1600 2544 Ὅρα
1645 2474 1753 2546 γὰρ
1795 2475 1850 2527 τί

153 2575 307 2624 φασι·
351 2559 738 2627 Καταϐρώσει
769 2559 1109 2630 κατέφαγεν
1142 2560 1302 2630 ἡμᾶς
1332 2562 1429 2614 καὶ
1466 2562 1531 2614 τὸ
1563 2563 1850 2630 ἀργύριον

150 2645 337 2710 ήμῶν.
374 2647 543 2699 Ὥστε
581 2647 676 2700 τοῦ
714 2648 938 2718 φίλτρου
968 2648 1127 2700 τοῦτο
1156 2649 1381 2716 γέγονεν
1415 2649 1608 2702 αἴτιον.
1647 2649 1851 2712 Δούλας

153 2729 259 2802 είχε
293 2733 483 2785 λοιπὸν
513 2734 634 2785 ἀντὶ
665 2734 965 2801 γυναικῶν,
996 2739 1091 2788 καὶ
1116 2736 1354 2804 ἐφιλεῖτο
1389 2738 1521 2805 παρ’
1551 2736 1754 2797 αὐτῶν,
1789 2731 1850 2790 οὗ

151 2819 300 2872 οὐδὲν
341 2820 456 2872 ἴσον
480 2821 669 2890 κτῆμα
704 2821 917 2888 γένοιτο
938 2810 1031 2874 ἄν·
1058 2822 1212 2874 οὐδὲν
1243 2823 1373 2890 γὰρ,
1403 2823 1557 2876 οὐδὲν
1583 2824 1679 2877 τοῦ
1707 2823 1852 2877 οὕτω

151 2906 426 2969 φιλεῖσθαι
479 2907 633 2979 παρά
685 2909 948 2976 γυναικὸς
992 2912 1086 2963 καὶ
1126 2911 1302 2980 φιλεῖν
1348 2910 1701 2982 τιμιώτερον.
1739 2913 1851 2965 Καὶ

149 2995 326 3059 γυνὴ,
369 2996 559 3066 φησὶν,
601 2995 778 3064 ἀνδρὶ
811 2995 1402 3065 συμπεριφερομένη.
1436 2999 1532 3050 Ἓν
1557 2999 1716 3051 τοῦτο
1739 2999 1850 3052 τῶν

152 3081 519 3153 μακαριστῶν
558 3083 776 3151 τίθησιν
824 3084 854 3136 6
902 3084 1098 3153 σοφός·
1155 3085 1349 3137 τούτου
1385 3085 1496 3156 γὰρ
1542 3085 1697 3149 ὄντος
1740 3089 1849 3151 πᾶς

149 3169 405 3232 πλοῦτος.
452 3173 603 3224 πᾶσα
634 3172 915 3241 εὐπραγία
946 3172 1226 3243 περίεστιν
1246 3188 1260 3201 ·
1305 3173 1498 3244 ὥσπερ
1528 3169 1621 3226 οὖν
1653 3175 1726 3245 μὴ
1759 3175 1850 3228 6v-

149 3275 257 3319 τος,
285 3257 398 3310 τῶν
424 3257 604 3312 ἄλλων
630 3258 784 3311 οὐδὲν
809 3259 1020 3326 ὄφελος,
1049 3259 1188 3312 ἀλλά
1214 3261 1392 3313 πάντα
1416 3262 1846 3333 ἀνατέτραπται,

147 3346 239 3397 καὶ
267 3345 466 3416 ἀηδίας
492 3346 611 3398 ἐστὶ
642 3346 818 3418 μεστά
839 3348 932 3400 καὶ
954 3346 1291 3418 συγχύσεως.
1328 3349 1541 3402 Οὐκοῦν
1566 3352 1658 3403 καὶ
1689 3354 1849 3421 ἡμεῖς

145 3429 303 3482 τοῦτο
355 3433 465 3501 πρὸ
513 3435 733 3486 πάντων
779 3432 1058 3504 ζητῶμεν.
1120 3434 1179 3487 Ὀ
1228 3437 1488 3506 χρήματα
1526 3436 1730 3507 ζητῶν,
1789 3440 1851 3492 οὐ

146 3519 299 3587 ζητεῖ
320 3519 507 3573 τοῦτο.
541 3520 729 3573 Ταῦτα
759 3519 1035 3590 ζητῶμεν,
1063 3521 1097 3574 ἀ
1117 3521 1345 3574 δύναται
1381 3523 1556 3592 πάγια
1587 3520 1747 3578 εἶναι.

202 3619 227 3646 ⁸
261 3616 403 3667 Unus
439 3620 716 3680 λαμϐάνειν.
787 3620 812 3658 b
841 3619 1014 3669 Morel.
1042 3619 1320 3682 etquidem
1365 3621 1470 3683 alii,
1509 3625 1557 3672 ἐν
1580 3624 1847 3688 ἀποδημίᾳ.

1641 3847 1793 3920 [571]
1828 3850 2076 3902 OMIAIA
2107 3847 2189 3902 N'.

133 3940 198 3992 Ol
218 3939 341 4008 μὲν
360 3933 479 3992 οὖν
499 3935 857 4004 στρατιῶται
888 3937 1041 3992 κατὰ
1061 3940 1125 3993 τὸ
1151 3938 1618 4009 διατεταγμένον
1639 3941 1851 4007 αὐτοῖς

206 4009 631 4073 ἀναλαϐόντες
659 4009 768 4078 τόν
800 4009 1066 4078 Παῦλον,
1102 4009 1335 4078 ἤγαγον
1375 4010 1475 4063 διὰ
1503 4011 1728 4077 νυκτὸς
1761 4013 1850 4077 εις

209 4079 331 4143 τὴν
377 4077 825 4145 Ἀντιπατρίδα.
864 4077 942 4144 Τῇ
974 4095 1034 4131 τε
1060 4077 1349 4148 ἐπαύριον
1378 4079 1677 4144 ἐάσαντες
1706 4082 1850 4147 τοὺς

210 4148 423 4213 ἱππεῖς
452 4149 816 4218 πορεύεσθαι
842 4148 966 4200 σὺν
987 4147 1169 4214 αὐτῷ,
1197 4147 1596 4218 ὑπέστρεψαν
1615 4153 1705 4218 είς
1734 4154 1851 4218 τὴν

210 4218 632 4286 παρεμϐολήν·
653 4217 874 4283 οἵτινες
904 4219 1191 4283 ἐλθόντες
1213 4222 1301 4286 εἰς
1315 4217 1433 4287 τὴν
1455 4217 1846 4288 Καισὰιειαν,

210 4290 313 4359 καὶ
355 4287 710 4359 ἀναδόντες
733 4287 850 4350 τὴν
895 4289 1240 4359 ἐπιστολὴν
1265 4289 1347 4356 τῷ
1391 4291 1664 4359 ἡγεμόνι,
1699 4309 1846 4359 παρ-

210 4307 313 4342 uae
355 4307 698 4353 αναοοντες
733 4307 850 4350 την
897 4307 1240 4358 επιστολην
1265 4307 1347 4356 τῳ
1391 4307 1664 4361 ηγεμονι,
1699 4309 1819 4361 παρ

206 4358 500 4425 ἐστησαν
525 4357 625 4411 καὶ
654 4358 763 4411 τὸν
788 4358 1055 4412 Παῦλον.

208 4465 280 4512 α’.
300 4456 581 4529 Καθάπερ
609 4457 837 4526 βασιλέα
857 4460 979 4512 τινὰ
999 4458 1292 4530 δορυφόροι
1313 4459 1684 4532 παρέπεμπον
1707 4461 1847 4533 μετά

136 4545 405 4598 τοσούτου
457 4544 702 4614 πλήθους
729 4547 824 4598 κα)⁸
853 4546 911 4598 ἐν
952 4547 1133 4610 νυκτὶ,
1181 4546 1512 4619 φοϐούμενοι
1541 4549 1637 4602 τοῦ
1670 4549 1844 4620 δήμου

137 4632 236 4701 τὴν
265 4631 445 4702 ὀργὴν
481 4631 582 4701 τῆς
610 4632 811 4703 ὁρμῆς.
854 4631 1012 4686 Ἐπεὶ
1045 4629 1140 4688 οῦν
1183 4636 1285 4706 τῆς
1319 4637 1529 4701 πόλεως
1561 4638 1727 4691 αὐτὸν
1761 4637 1846 4701 ἐξ·

138 4717 360 4784 έϐαλον,
401 4719 526 4772 τότε
559 4719 912 4788 ἀφίστανται.
945 4722 1059 4775 Οὐκ
1101 4721 1170 4777 ἂν
1215 4723 1274 4778 δέ
1303 4726 1333 4778 6
1375 4725 1658 4796 χιλίαρχος
1707 4727 1847 4795 μετά

137 4810 418 4880 τοσαύτης
455 4808 624 4863 αὐτὸν
652 4809 953 4880 ἀσφαλείας
985 4811 1320 4883 ἐξέπεμψεν,
1358 4817 1408 4868 εί
1441 4816 1516 4886 μὴ
1551 4817 1647 4868 καὶ
1681 4816 1846 4879 αὐτὸς

135 4897 292 4952 οὐδὲν
321 4895 396 4969 ἦν
427 4897 593 4951 αὑτοῦ
615 4899 1004 4966 κατεγνωκὼς,
1027 4901 1121 4955 καὶ
1143 4902 1372 4956 ἐκείνων
1394 4903 1508 4973 ᾔδει
1523 4905 1583 4956 τὸ
1601 4907 1840 4972 φονικὸν.

149 4983 481 5055 Ἀναγνοὺς
532 4984 623 5050 δὲ,
674 4987 772 5040 καί
804 4987 1190 5056 ἐπερωτήσας
1227 4990 1298 5044 ἐκ
1344 4993 1522 5058 ποίας
1550 4993 1845 5062 ἐπαρχίας

137 5071 296 5135 ἐστὶ,
348 5073 451 5128 καί
497 5075 863 5142 πυθόμενος,
899 5075 990 5130 ὅτι
1026 5076 1149 5132 ἀπὸ
1180 5079 1477 5146 Κιλικίας,
1513 5083 1842 5136 Διακούσο-

136 5161 244 5225 μαί
284 5176 432 5222 σου,
467 5161 609 5230 ἔφη,
655 5161 805 5215 ὅταν
837 5163 937 5217 καί
972 5167 1028 5218 οι
1072 5166 1398 5234 κατήγοροί
1430 5185 1548 5221 σου
1581 5168 1842 5238 παραγέ-

136 5263 364 5302 νωνται
386 5265 402 5279 ·
431 5248 729 5304 ἐκέλευσέ
760 5267 825 5303 τε
857 5250 1047 5305 αὐτὸν
1068 5252 1141 5307 έν
1177 5252 1258 5318 τῷ
1279 5257 1614 5322 πραιτωρίῳ
1663 5257 1845 5324 Ἠρώ-

135 5329 249 5387 δου
301 5333 762 5402 φυλάσσεσθαι.
820 5336 958 5408 Ἤδη
994 5338 1381 5409 ἀπελογήσατο
1433 5341 1576 5413 ὑπὲρ
1620 5343 1788 5396 αὑτοῦ
1821 5346 1846 5396 ὁ

134 5418 382 5483 Λυσίας·
418 5420 535 5473 ἀλλ’
566 5422 722 5491 ὅμως
749 5423 845 5474 καὶ
879 5423 960 5476 ἐτι
993 5426 1042 5478 οἱ
1077 5425 1324 5479 Ἰουδαῖοι
1358 5427 1717 5492 ἐπιτίθενται,
1747 5429 1844 5483 καὶ

135 5507 746 5576 προκαταλαμϐάνουσι
772 5507 864 5560 τὸν
889 5511 1192 5582 ἀκροατὴν,
1227 5516 1324 5568 καὶ
1358 5515 1522 5570 πάλιν
1549 5519 1630 5580 είς
1662 5517 1843 5588 δεσμὰ

135 5592 419 5661 βάλλεται,
456 5595 550 5648 καὶ¹
579 5595 746 5648 ἄκουε
777 5597 894 5661 πῶς
913 5615 927 5630 ο
957 5600 1155 5669 ἐπάγει
1186 5602 1324 5672 γάρ·
1361 5605 1523 5658 Μετὰ
1555 5605 1626 5658 δὲ
1658 5606 1842 5662 πέντε

131 5681 362 5750 ἡμέρας
393 5683 618 5750 κατέϐη
654 5686 688 5737 ό
724 5685 1036 5754 ἀρχιερεὺς
1083 5689 1360 5758 Ἀνανίας
1394 5694 1545 5761 μετὰ
1574 5696 1840 5761 πρεσϐυ-

136 5766 323 5832 τέρων
360 5771 460 5823 καί
487 5769 749 5838 ῥήτορος
777 5775 1113 5839 Τερτύλλου
1144 5777 1330 5844 τινὸς,
1364 5781 1585 5846 οἵτινες
1616 5781 1834 5850 ἐνεφά-

139 5866 341 5936 νησαν
372 5855 451 5921 τῷ
476 5858 731 5926 ἡγεμόνι
762 5859 915 5913 κατὰ
960 5863 1068 5916 τοῦ
1097 5865 1366 5920 Παύλου.
1403 5868 1545 5936 Ὅρα
1577 5868 1690 5931 πῶς,
1720 5869 1832 5922 οὐδ’

136 5934 316 6007 οὕτως
335 5945 685 6013 ἀπέστησαν,
717 5946 833 5999 ἀλλ’
865 5948 1118 6018 ἔρχονται
1147 5953 1362 6023 μυρίοις
1387 5934 1675 6026 κωλύμασι
1710 5958 1834 6011 καί-

525 6047 800 6106 ιδιτνοι..
837 6052 953 6111 (in.
1000 6055 1126 6115 LX.

1249 433 1314 486 IN
1351 430 1536 487 ACTA
1581 428 2130 524 APQSTOLURUM.
2175 427 2508 483 1101111ι.1..

3545 422 3653 474 3-H

2017 543 2109 614 Μὴ
2138 544 2318 613 γάμον
2345 543 2603 614 ζητῶμεν
2643 541 2753 595 ἀπὸ
2785 541 3059 611 εὐπόρων,
3087 541 3176 594 ἵνα
3209 540 3286 612 μὴ
3334 542 3432 610 τῆς
3461 541 3656 605 οὐσίας

1943 632 1976 700 ἡ
2004 631 2242 702 ἀμετρία
2263 632 2522 701 φρόνημα
2540 631 2678 702 τέκῃ
2705 632 2770 700 τῇ
2801 629 3049 698 γυναικὶ,
3083 629 3170 680 ἵνα
3201 627 3277 699 μὴ
3315 628 3378 682 τὸ
3397 629 3657 701 φρόνημα

1945 719 2248 788 διαφθορᾶς
2278 719 2452 772 αἴτιον
2590 719 2704 788 Οὐχ
2735 719 2870 788 ὁρᾷς
2905 717 2957 769 τί
2984 716 3242 787 ἐποίησεν
3271 717 3300 768 6
3334 716 3501 783 Θεός;
3535 716 3656 782 πῶς

1945 806 2118 875 αὐτὴν
2149 805 2424 873 ύπέταξε;
2460 805 2560 858 Διά
2585 805 2638 856 τί
2667 803 2942 873 ἀγνώμων
2971 797 3051 866 εἷς
3079 802 3169 856 διὰ
3200 803 3254 856 τί
3283 803 3652 873 ἀναίσθητος;

1948 895 2126 962 Ὅπερ
2171 893 2472 964 ἐχαρίσατό
2518 910 2603 945 σοι
2645 891 2755 945 ἀπὸ
2793 891 2896 960 τῆς
2945 890 3185 958 φύσεως,
3229 892 3426 944 τούτου
3479 892 3545 944 σὺ
3579 892 3657 963 μὴ

1944 980 2270 1052 διαφθείρῃς
2298 981 2398 1052 τὴν
2429 980 2704 1051 βοήθειαν,
2740 981 2909 1032 Ὥστε
2936 981 3038 1032 οὐκ
3068 977 3304 1049 εθπορον
3332 981 3415 1034 δεῖ
3447 979 3656 1052 ζητεῖν,

1945 1069 2061 1122 ἀλλ’
2100 1069 2244 1123 ὥστε
2287 1072 2547 1124 κοινωνὸν
2583 1069 2701 1139 βίου
2742 1068 2998 1138 λάϐωμεν
3039 1069 3119 1132 είς
3151 1069 3497 1122 κατάστασιν
3525 1087 3658 1123 παι-

1943 1157 2211 1219 δοποιίας.
2263 1158 2375 1226 Οὐχ
2412 1158 2501 1210 ἵνα
2554 1159 2820 1227 χρήματα
2856 1156 3088 1227 εἰσφέρῃ
3146 1155 3309 1226 γυνὴ,
3357 1155 3446 1209 διά
3497 1155 3660 1210 τοῦτο

1945 1243 2117 1315 αὐτὴν
2151 1244 2353 1297 ἔδωκεν
2376 1245 2405 1295 6
2429 1244 2583 1307 Θεὸς,
2609 1244 2726 1297 ἀλλ’
2762 1245 2852 1296 ἶνα
2959 1243 3174 1311 βοηθός.
3217 1242 3283 1296 Ἦ
3307 1243 3364 1296 δὲ
3395 1243 3660 1314 χρήματα

1946 1332 2308 1402 εἰσφέρουσα,
2356 1331 2454 1385 καὶ
2508 1331 2802 1392 ἐπίϐουλος
2840 1330 2978 1402 [καὶ
3009 1330 3272 1383 δέσποινα
3307 1331 3430 1384 ἀντὶ
3463 1348 3658 1399 γυναι-

1946 1420 2042 1481 κὲς
2083 1419 2332 1486 γίνεται·
2376 1421 2409 1489 ἢ
2463 1420 2607 1489 τάχα
2657 1418 2848 1490 θηρίον
2887 1418 3010 1472 ἀντὶ
3056 1416 3385 1490 γυναικὸς],
3425 1417 3661 1484 ἀξιοῦσα

1948 1507 2162 1575 μεγάλα
2189 1508 2277 1560 δια
2311 1507 2400 1559 τὸν
2435 1507 2666 1560 πλοῦτον
2694 1510 2937 1577 φρονεῖν.
2977 1506 3146 1560 Ούδέν
3174 1507 3536 1577 αἰσχρότερον
3561 1507 3661 1560 ἀνα

1944 1591 2068 1660 δρὸς
2093 1590 2239 1644 οὓτω
2269 1591 2669 1662 βουλευομένου
2701 1591 2977 1645 πλουτεῖν.
3011 1591 3074 1645 EE
3109 1590 3221 1662 γὰρ
3252 1591 3388 1644 αὐτὸ
3410 1590 3472 1643 τὺ
3497 1590 3663 1644 πλου-

1945 1683 2061 1732 τεῖν
2097 1681 2426 1751 πειρασμῶν
2460 1681 2645 1749 γέμει,
2680 1682 2741 1733 τὸ
2769 1678 2915 1733 οὕτω
2953 1679 3210 1732 πλουτεῖν
3244 1677 3348 1732 ποῦ
3383 1678 3656 1749 θήσομενς

1948 1767 2041 1838 Μὴ
2077 1767 2213 1838 γὰρ,
2257 1768 2312 1819 εῖ
2347 1785 2434 1832 τις
2482 1768 2781 1832 σπανιάκις
2813 1768 2908 1823 καὶ
2940 1767 3095 1838 παρά
3125 1767 3185 1820 τὺ
3221 1766 3524 1837 συμϐαῖνον
3566 1766 3662 1820 καὶ

1948 1855 2102 1927 παρὰ
2139 1856 2297 1924 λόγον
2332 1857 2588 1926 ἐπέτυχε,
2626 1857 2788 1910 τοῦτο
2836 1855 2952 1927 ἴδῃς
2973 1871 2987 1886 ·
3018 1854 3142 1908 ούδέ
3172 1853 3283 1925 γὰρ
3323 1856 3382 1906 ἐν
3421 1857 3538 1916 τοῖς
3568 1853 3663 1909 ἀλ-

1945 1941 2061 2002 λοις
2096 1943 2420 2013 πράγμασιν
2455 1941 2538 2006 οἷς
2564 1941 2904 1995 ἀπολαύουσί
2934 1959 3101 2005 τινες,
3127 1943 3224 1994 καὶ
3252 1943 3318 1994 ἐκ
3346 1939 3661 2011 παραδόξου

1948 2031 2402 2099 ἐπιτυγχάνουσι,
2435 2032 2731 2100 προσέχειν
2760 2030 2844 2083 δεῖ
2866 2045 2880 2059 °
2911 2029 3026 2082 ἀλλ’
3064 2028 3198 2082 αὐτὸ
3232 2027 3294 2080 τὸ
3323 2027 3468 2081 κατά
3501 2027 3662 2095 λόγον

1951 2119 2176 2187 ἴδωμεν,
2229 2121 2278 2171 εί
2336 2119 2413 2188 μὴ
2477 2120 2677 2188 μυρίας
2723 2117 2920 2188 ἀηδίας
2949 2116 3113 2186 γέμει
3162 2116 3225 2168 τὸ
3251 2117 3506 2188 πρᾶγμα.
3545 2115 3664 2168 Οὐκ

1948 2204 2114 2265 αὐτὸς
2173 2203 2334 2272 μόνος
2392 2204 2450 2254 ἐν
2500 2202 2689 2273 ἀδοξίᾳ
2729 2202 2877 2274 γίνῃ,
2919 2201 3056 2254 ἀλλά
3107 2201 3201 2254 καὶ
3237 2200 3438 2262 παῖδας
3467 2215 3663 2253 καται-

1951 2291 2191 2360 σχύνεις,
2243 2291 2487 2360 πένητας
2516 2290 2702 2358 ἀφεὶς,
2746 2291 2796 2342 εί
2847 2289 3093 2359 συμϐαίη
3129 2286 3524 2359 προαπελθεῖν,
3567 2286 3666 2340 καλ⁵

1950 2378 2088 2448 αὐτῇ
2118 2377 2321 2440 πολλὰς
2362 2378 2522 2439 δίδως
2542 2389 2562 2414 ο
2595 2376 2856 2447 ἀφορμὰς
2887 2377 2980 2429 τοῦ
3018 2376 3262 2446 δευτέρῳ
3297 2375 3465 2428 πάλιν
3493 2390 3665 2445 προσ-

1949 2465 2211 2536 ομιλῆσαι
2243 2465 2484 2536 νυμφίῳ.
2516 2466 2587 2516 Ἢ
2622 2465 2721 2534 οὐχ
2752 2464 2906 2534 ὁρᾷς,
2941 2465 3024 2516 ὅτι
3060 2463 3290 2526 πολλαῖς
3320 2462 3465 2532 αῦτη
3497 2463 3664 2529 γέγο-

1951 2556 2096 2624 νενή
2137 2554 2415 2625 πρόφασις
2447 2553 2706 2623 δευτέρου
2733 2554 2936 2623 γάμου,
2963 2552 3024 2604 τὸ
3053 2551 3130 2622 μὴ
3170 2551 3661 2622 καταφρονεῖσθαι,

1950 2649 2011 2700 τὸ
2041 2647 2226 2716 ζητεῖν
2278 2648 2406 2710 τοὺς
2454 2646 2859 2716 ἐφισταμένους
2907 2647 3018 2707 τοῖς
3069 2644 3421 2715 ὑπάρχουσι;
3469 2642 3564 2713 Μὴ
3598 2642 3662 2713 δὴ

1950 2735 2188 2788 τοσαῦτα
2224 2734 2594 2806 ἐργαζώμεθα
2642 2735 2791 2786 κακά
2834 2733 2923 2786 διὰ
2971 2734 3270 2803 χρήματα·
3311 2731 3450 2786 ἀλλά
3483 2732 3665 2785 πάντα.

1951 2823 2183 2892 ἀφῶμεν
2202 2825 2249 2886 d,
2289 2824 2385 2876 καὶ
2432 2823 2612 2894 ψυχὴν
2661 2822 2918 2893 ζητῶμεν
2951 2821 3146 2891 καλὴν,
3183 2822 3272 2875 ἵνα
3307 2821 3402 2875 καὶ
3438 2821 3664 2889 ἀγάπης

1953 2911 2326 2980 ἐπιτύχωμεν.
2377 2907 2548 2973 υῦτος
2594 2913 2623 2963 6
2669 2910 2901 2973 πλοῦτος
2935 2913 2963 2963 6
3005 2910 3198 2974 πολὺς,
3239 2901 3399 2973 οὗτος
3427 2911 3454 2962 6
3488 2909 3663 2979 μέγας

1954 2997 2252 3068 θησαυρὸς,
2298 2997 2474 3068 ταῦτα
2524 2999 2593 3051 τὰ
2628 2998 2801 3070 μυρία
2837 2997 3062 3066 ἀγαθά·
3110 2991 3186 3052 ὧν
3238 2998 3452 3064 γένοιτο
3482 2997 3663 3050 πάντα

1955 3088 2106 3154 ἡμᾶς
2131 3085 2439 3138 ἀπολαῦσαι
2459 3085 2715 3147 δεόντως,
2742 3085 2837 3138 καὶ
2861 3083 3002 3139 κατά
3026 3086 3156 3148 τοὺς
3175 3085 3379 3156 νόμους
3407 3084 3501 3137 τοῦ
3524 3081 3664 3136 Θεοῦ

1961 3173 2143 3244 ζῆσαι,
2186 3173 2273 3226 ἵνα
2310 3174 2407 3229 καὶ
2437 3173 2548 3227 τῶν
2581 3173 2890 3243 μελλόντων
2928 3173 3155 3242 ἀγαθῶν
3195 3173 3520 3244 δυνηθῶμεν
3541 3172 3661 3225 ἐπι-

1957 3263 2164 3331 τυχεῖν,
2219 3262 2402 3332 χάριτι
2470 3261 2567 3314 καὶ
2627 3260 3019 3332 φιλανθρωπία
3075 3260 3172 3315 τοῦ
3229 3261 3439 3332 Κυρίου
3503 3257 3665 3330 ήμῶν

1972 3348 2147 3418 Ἰησοῦ
2177 3347 2444 3418 Χριστοῦ,
2487 3347 2606 3417 μεθ’
2637 3342 2699 3401 οὗ
2732 3348 2811 3418 τῷ
2839 3350 3015 3420 Πατρὶ
3041 3350 3159 3420 ἅμα
3198 3350 3278 3420 τῷ
3316 3346 3458 3418 ἁγίῳ
3489 3343 3663 3401 Πνεύσ

1958 3455 2091 3506 ματι
2143 3436 2291 3500 δόξα,
2344 3435 2569 3506 κράτος,
2625 3435 2784 3506 τιμὴ,
2840 3437 2937 3490 νῦν
2993 3437 3090 3490 καὶ
3123 3437 3233 3502 ἀεὶ,
3273 3437 3370 3490 καὶ
3415 3435 3494 3498 είς
3533 3431 3666 3496 τοὺς

1956 3524 2160 3586 αἰῶνας
2182 3524 2294 3576 τῶν
2321 3523 2558 3576 αἰώνων.
2603 3523 2797 3595 Ἀμήν.

2028 3631 2053 3659 ε
2083 3629 2245 3689 Alius,
2271 3629 2393 3690 αὐτῇ
2416 3629 2588 3692 μυρίας
2609 3629 2771 3687 δίδως,
2817 3627 2844 3667 ά
2870 3629 3027 3688 L'nus,
3048 3630 3293 3693 ἀφίωμεν,

3211 3773 3546 3787 Ἄ

1953 3957 2038 3993 τοι
2073 3940 2441 4011 κωλυόμενοι,
2475 3941 2617 3995 ὥστε
2663 3940 2829 3993 κάκεῖ
2862 3936 3354 4009 καταισχυνθῆναι.
3397 3939 3663 4006 κληθέν.

1952 4044 2058 4093 τος
2092 4027 2162 4082 δὲ
2191 4028 2404 4091 αὐτοῦ,
2442 4027 2671 4096 ἤρξατο
2708 4025 3069 4096 κατηγορεῖν
3095 4029 3128 4079 ό
3165 4025 3501 4094 Τέρτυλλος
3521 4067 3534 4090 ,
3560 4027 3665 4082 λέ-

1953 4133 2106 4185 γωνι
2154 4113 2402 4187 Πολλῆς
2449 4118 2699 4185 εἰρήνης
2749 4114 3160 4185 τυγχάνοντες
3211 4114 3312 4168 διὰ
3365 4117 3506 4182 σοῦ,
3561 4117 3662 4172 καὶ

1953 4205 2426 4274 κατορθωμάτων
2476 4204 2817 4274 γινομένων
2853 4200 2936 4268 τῷ
2982 4204 3143 4258 ἐθνει
3187 4204 3380 4269 τούτῳ
3415 4203 3514 4258 διὰ
3551 4202 3662 4272 τῆς

1951 4292 2074 4361 σῆς
2115 4295 2428 4362 προνοίας,
2475 4293 2678 4360 πάντη
2730 4309 2795 4346 τε
2853 4292 2953 4346 καὶ
3004 4290 3323 4358 πανταχοῦ
3359 4291 3648 4361 ἀποδεχό-

1946 4384 2136 4449 μεθα,
2191 4382 2478 4449 κράτιστε
2521 4377 2752 4450 Φῆλιξ,
2797 4381 2950 4450 μετὰ
3000 4380 3208 4448 πάσης
3241 4381 3657 4449 εὐχαριστίας.

1954 4470 2090 4523 Ἵνα
2115 4468 2185 4522 δὲ
2208 4468 2424 4544 μηέπὶ
2453 4468 2650 4522 πλέον
2681 4485 2755 4522 σε
2795 4469 3090 4538 ἐγκόπτω,
3117 4467 3452 4537 παρακαλῶ
3477 4469 3662 4524 ἀκοῦ-

1951 4574 2057 4612 σαι
2086 4561 2408 4627 συντόμως
2447 4557 2621 4626 ἡμῶν
2651 4555 2730 4626 τῇ
2753 4556 2841 4626 σῇ
2868 4557 3177 4624 ἐπιεικείᾳ.
3219 4557 3328 4609 Καὶ
3359 4557 3468 4628 μὴν
3496 4558 3661 4628 ὑμεῖς

1948 4645 2109 4699 τοῦτο
2136 4647 2479 4717 πεποιήκατε
2501 4662 2516 4676 ο
2562 4646 2794 4716 ῥήτορος
2836 4643 2932 4698 οὖν
2957 4645 3014 4697 τί
3051 4645 3189 4710 ἐδει;
3223 4645 3366 4716 Ὅρα
3406 4645 3526 4709 πῶς
3559 4646 3659 4700 καὶ

1948 4728 2105 4798 οὗτος
2149 4733 2358 4798 εὐθέως
2397 4737 2463 4789 ἐκ
2497 4735 2805 4806 προοιμίων
2841 4733 2917 4796 ὠς
2953 4735 3353 4804 νεωτεροποιὸν
3387 4734 3481 4787 καὶ
3522 4751 3656 4789 στα-

1950 4821 2180 4892 σιαστὴν
2217 4821 2470 4891 βούλεται
2508 4819 2870 4891 παραδοῦναι,
2902 4819 2999 4873 καὶ
3035 4823 3148 4883 τοῖς
3174 4821 3422 4884 ἐπαίνοις
3448 4838 3658 4893 προκα-

1947 4909 2294 4980 ταλαμϐάνει
2324 4910 2415 4962 τὸν
2460 4910 2752 4980 δικαστήν.
2795 4906 2933 4962 Eho.
2960 4909 3037 4972 ὼς
3072 4908 3244 4962 πολλὰ
3274 4908 3416 4980 ἔχων
3455 4911 3656 4979 είπιῖνί

1950 4988 2315 5067 παρατρέχει,
2349 4999 2444 5051 καὶ
2479 4997 2642 5068 μόνον
2683 4997 2848 5050 τοῦτο
2868 4996 3102 5065 λέγειν
3141 4997 3267 5051 Ἵνα
3308 4997 3377 5051 δὲ
3415 4998 3501 5077 μὴ
3529 4998 3659 5054 ἐπι-

1947 5085 2142 5139 πλέον
2165 5101 2242 5139 σε
2284 5085 2581 5154 ἑγκόπτω.
2613 5086 2760 5157 Ὅρα
2793 5085 2912 5148 πῶς
2945 5087 3028 5149 εἰς
3056 5085 3358 5156 ἐπιθυμίαν
3389 5086 3657 5156 ἐμϐάλλει

1948 5174 2226 5236 κολάσεως
2249 5172 2344 5224 τὸν
2363 5172 2659 5242 δικαστὴν’
2687 5172 2824 5241 εἴγε
2855 5172 3051 5242 ἔμελλε
3082 5173 3173 5226 τὸν
3201 5171 3299 5243 τὴν
3328 5174 3660 5245 οἰκουμένην

1944 5257 2329 5330 ἁνατρέποντα
2369 5258 2649 5326 καθέξειν,
2703 5261 2798 5314 καὶ
2842 5262 2918 5324 ὡς
2952 5259 3046 5312 ἐπὶ
3081 5260 3477 5331 κατορθώματι
3523 5278 3657 5331 φρο-

1942 5345 2098 5398 νοῦσι
2140 5347 2388 5417 μεγάλῳ.
2431 5350 2734 5416 Εὐρόντες
2767 5349 2880 5420 γὰρ
2925 5351 3034 5403 τὸν
3060 5349 3252 5417 ἄνδρα
3282 5349 3503 5403 τοῦτον
3535 5354 3658 5404 λοι-

1943 5435 2084 5504 μὸν,
2107 5435 2206 5488 καὶ
2232 5436 2525 5491 κινοῦντα
2552 5436 2804 5504 στάσεις
2833 5437 2984 5492 πᾶσι
3012 5438 3138 5502 τοῖς
3175 5437 3495 5505 Ἰουδαίοις
3529 5440 3658 5506 τοῖς

1949 5521 2104 5574 κατὰ
2152 5521 2268 5589 τὴν
2314 5509 2707 5593 οίκουμένην,
2757 5523 3196 5592 πρωτοστάτην
3253 5541 3319 5577 τε
3369 5522 3483 5593 τῆς
3536 5525 3657 5578 τῶν

1948 5608 2302 5678 Ναζωραίων
2323 5613 2630 5679 αίρέσεως,
2657 5614 2726 5679 ὃς
2743 5611 2846 5667 ’καὶ
2874 5613 2937 5666 τὸ
2965 5612 3128 5680 ἱερὸν
3153 5612 3441 5679 ἐπείρασε
3464 5613 3622 5679 ,βεΰη
3638 5644 3658 5652 -

1950 5697 2149 5752 λῶσαι
2168 5714 2180 5726 ·
2213 5699 2286 5752 ὃν
2315 5701 2413 5753 καὶ
2446 5702 2892 5769 ἐκρατήσαμεν,
2920 5701 3017 5755 καὶ
3057 5705 3210 5754 κατὰ
3230 5700 3339 5753 τὸν
3361 5701 3656 5770 ἡμέτεροι·

1950 5787 2144 5855 νόμον
2179 5775 2574 5857 ἠθελήσαμεν
2616 5790 2834 5856 κρῖναι.
2885 5789 3212 5858 Παρελθὼν
3244 5788 3313 5843 δέ
3349 5790 3587 5856 Λυσίας
3620 5793 3655 5845 ὁ

1954 5876 2270 5946 χιλίαρχος
2317 5877 2470 5946 μετὰ
2514 5877 2758 5944 πολλῆς
2795 5879 2942 5943 ,ϐίας
2977 5879 3045 5932 ἐκ
3080 5876 3200 5933 τῶν
3223 5876 3440 5947 χειρῶν
3481 5876 3656 5947 ἡμῶν

2037 5974 2061 6000 ⁸
2094 5973 2190 6021 Καὶ
2211 5973 2512 6035 μόνοντοῦῖι.
2539 5976 2664 6035 λέγει
2689 5975 2834 6024 deost
2855 5974 2903 6024 in
2925 5987 3042 6024 uno.
