4072 6410
167 360 264 414 ’545

164 467 404 523 “niuibus
433 467 638 525 Judaeis
666 471 718 525 in
748 470 1002 528 universo
1029 474 1184 541 orbe,
1219 486 1274 530 et
1305 486 1582 532 auctorem
1614 478 1759 532 sedi-

163 561 316 614 tionis
360 573 524 617 secta:
573 562 998 631 Nazarenorum,
1049 565 1103 622 6.
1156 569 1246 639 qui
1297 572 1459 624 etiam
1505 571 1762 639 templum

160 651 357 706 violare
378 663 607 709 conatus
633 664 717 708 est
741 673 756 709 :
788 670 948 726 quem
975 666 1030 711 et
1066 660 1464 728 apprehensum
1495 663 1762 717 voluimus

159 744 454 797 secundum
487 745 660 814 legem
692 756 933 801 n0stram
979 747 1246 818 judicare.
1278 751 1330 805 7.
1362 751 1761 821 Superveniens

154 843 325 889 autem
373 837 628 892 tribunus
674 837 885 908 Lysias,
933 857 1054 894 cum
1087 842 1134 895 vi
1175 857 1367 913 magna
1410 844 1607 913 eripuit
1635 859 1758 899 eum

151 925 210 978 de
241 927 495 980 manibus
527 929 754 995 nostris,
782 929 836 984 8.
864 930 1069 1000 jubens
1097 943 1444 989 accusatores
1474 934 1590 1004 cjns
1612 935 1676 988 ad
1708 943 1760 990 te

151 1016 331 1070 vt-nire
358 1033 374 1082 ;
403 1032 435 1070 a
467 1032 577 1088 quo
603 1021 807 1087 poteris
840 1022 957 1091 ipse
978 1023 1232 1092 judicans
1278 1024 1348 1079 de
1377 1027 1627 1080 omnibus
1649 1026 1758 1080 illis

144 1123 495 1175 cognoscere,
540 1109 610 1164 de
646 1112 841 1182 quibus
889 1129 986 1168 nos
1016 1129 1336 1170 accusamus
1365 1133 1510 1171 cum.
1555 1118 1755 1173 Conci—

144 1209 364 1262 tantem,
403 1219 424 1252 s
483 1201 696 1271 inquit,
753 1223 772 1256 ε
807 1205 1104 1262 seditiones
1144 1209 1395 1262 omnibus
1435 1209 1640 1264 ludatis
1699 1213 1754 1265 in

140 1290 394 1343 universo
417 1292 574 1349 orbe.
615 1311 634 1344 ι
676 1293 736 1348 Ut
770 1295 1086 1364 pestiferum
1115 1307 1171 1352 et
1203 1314 1547 1353 communem
1575 1302 1752 1370 gentis

140 1384 347 1438 histem
378 1384 534 1440 illum
576 1386 1012 1456 calumniantur,
1045 1406 1109 1445 ac
1139 1401 1305 1448 secta:
1349 1392 1748 1448 Nazarennrutn

137 1483 546 1555 principem:(a)
570 1483 709 1555 [lloc
736 1487 1026 1540 maximum
1055 1488 1266 1542 crimen
1295 1488 1577 1544 videbatur
1606 1490 1748 1559 quod

133 1583 272 1626 esset
301 1570 676 1644 Nazarenus.]
738 1576 858 1632 ideo
887 1577 991 1632 hoc
1014 1574 1402 1647 produxerunt,
1426 1590 1481 1637 et
1506 1597 1569 1636 ea
1597 1582 1664 1636 dc
1691 1597 1750 1637 re

135 1664 332 1717 iterum‘
356 1665 830 1722 calumniabantur
850 1685 1004 1731 eum;
1037 1670 1264 1727 Nazaret
1290 1675 1433 1729 enim
1459 1674 1578 1729 vilis
1608 1687 1744 1730 erat.

134 1753 192 1806 Et
219 1758 568 1823 invenientes,
604 1760 798 1829 inquit.
835 1761 968 1816 Vide
992 1805 1006 1827 ,
1039 1780 1200 1832 quam
1245 1776 1466 1822 versute
1508 1767 1657 1821 illum
1690 1778 1748 1822 ut

135 1845 422 1916 profugum
478 1850 902 1918 calumnientur,
939 1854 1021 1906 vix
1073 1855 1221 1908 illum
1274 1860 1572 1927 aSscquuti,
1622 1874 1742 1913 cmn

128 1947 330 2007 septem
365 1939 562 1994 diebus
592 1942 642 1995 iu
677 1944 876 2015 templo
902 1946 1081 2000 fuerit.
1107 1948 1270 2014 Quem
1293 1959 1337 2001 et
1367 1951 1744 2019 apprehensum

129 2035 379 2086 voluimus
410 2036 696 2088 secundant
723 2036 883 2106 legem
910 2047 1134 2092 nostram
1156 2040 1416 2110 judicare.
1447 2042 1577 2097 Vide
1606 2059 1742 2113 quo-

131 2125 285 2178 modo
314 2136 373 2179 et
401 2126 579 2195 legem
599 2130 927 2184 contumelia
957 2131 1196 2186 afﬁciant
1230 2153 1244 2187 :
1274 2136 1376 2189 nisi
1407 2135 1634 2192 fortasse
1656 2154 1743 2193 se-

127 2216 360 2270 cundum
414 2217 591 2288 legem
643 2231 781 2283 erat,
814 2224 1124 2290 verberare,
1167 2225 1440 2292 occidere,
1475 2229 1735 2284 insidiari.

128 2305 379 2377 Sequitur
408 2308 588 2381 Lysiae
616 2315 907 2367 accusatio.
958 2316 1334 2386 Superveniens
1360 2331 1528 2373 autem
1557 2320 1740 2391 Lysias

127 2400 355 2452 tribunus
377 2417 496 2452 cum
523 2401 573 2453 vi
603 2419 794 2473 magna
814 2407 998 2475 eripuit
1025 2424 1140 2461 eum
1169 2425 1233 2462 ea:
1258 2411 1491 2464 manibus
1529 2415 1734 2469 nostris.

127 2490 232 2545 Non
261 2495 634 2549 conveniebat
665 2497 763 2562 illi,
801 2498 994 2568 inquit,
1027 2517 1141 2556 rem
1173 2502 1312 2558 hanc
1339 2503 1541 2571 facere,
1576 2524 1735 2578 quam

127 2593 300 2638 tamen
332 2583 486 2638 fecit.
527 2585 610 2639 Ea:
637 2603 736 2655 quo
765 2591 953 2656 poteris
975 2593 1220 2661 judicans
1265 2597 1330 2650 de
1378 2597 1458 2650 Itis
1502 2601 1738 2654 omnibus

125 2693 448 2744 cognoscere,
482 2682 545 2732 de
573 2680 756 2745 quibus
788 2699 878 2737 nos
913 2700 1215 2740 accusamus
1234 2688 1402 2741 illum.
1431 2695 1484 2742 υ.
1519 2691 1736 2761 Adjece-

124 2780 231 2822 runt
261 2782 437 2823 autem
475 2783 521 2824 et
549 2772 728 2827 ,Ιηάωὶ
745 2818 755 2838 ,
791 2776 1012 2830 dicentes
1039 2778 1147 2832 Iuec
1177 2779 1246 2831 ita
1282 2797 1337 2834 se
1364 2782 1565 2836 habere.
1597 2784 1735 2851 Quid

121 2875 243 2928 ergo
277 2862 518 2915 Paulus?
552 2880 677 2917 num
702 2866 768 2919 ad
798 2867 912 2920 hanc
959 2870 1139 2922 tacet?
1168 2871 1408 2938 Minime,
1441 2875 1536 2928 sed
1565 2875 1736 2929 libere

122 2953 134 3005 l
159 2955 355 3022 lquitur
384 2957 584 3010 iterum
615 2966 668 3011 et
699 2959 1013 3028 reSpontlet,
1046 2962 1206 3032 idque
1232 2965 1449 3020 volente
1477 2968 1728 3034 prmsidc;

120 3046 354 3100 subdidit
383 3049 536 3103 enim
570 3067 583 3101 :
619 3068 638 3100 ί
681 3051 770 3105 10.
805 3052 1103 3121 Ιὶοδμοηάὶι
1148 3065 1330 3111 autem
1363 3058 1562 3112 Paulus
1584 3103 1597 3126 ,
1631 3076 1732 3114 an-

121 3151 317 3195 nuentc
347 3142 450 3194 sibi
496 3144 725 3210 prteside
766 3156 822 3197 ut
867 3145 1110 3200 diceret:
1145 3148 1221 3202 Ex
1272 3151 1454 3205 multis
1493 3155 1647 3207 annis
1681 3164 1731 3209 te

118 3233 725 3302 essejustnmjudicem
754 3237 900 3305 genti
934 3237 1057 3292 huic
1096 3242 1276 3294 sciens
1303 3282 1316 3305 ,
1369 3243 1510 3297 hono
1548 3245 1732 3298 animo

120 3339 208 3389 pro
238 3341 324 3376 me
359 3324 714 3378 satisfaciam.
751 3328 836 3380 ll.
870 3327 1028 3383 Potes
1051 3330 1194 3383 enim
1219 3347 1571 3410 cognoscere,
1605 3338 1728 3405 quia

120 3429 216 3466 non
279 3415 403 3483 plus
454 3425 582 3470 sunt
645 3417 775 3470 mihi
826 3418 983 3484 dies,
1062 3438 1223 3490 quam
1269 3423 1595 3494 duodecim,
1663 3444 1730 3483 ex

117 3523 216 3574 quo
245 3508 470 3561 ascendi
496 3508 726 3563 adorare
774 3511 824 3564 in
866 3511 1166 3570 Jerusalem
1206 3535 1218 3570 :
1256 3519 1340 3573 12.
1376 3532 1430 3575 et
1465 3539 1640 3593 neque
1674 3527 1724 3580 in

118 3599 314 3666 templo
369 3599 697 3654 invenerunt
727 3617 814 3656 me
850 3619 970 3660 cum
1011 3607 1194 3676 aliquo
1239 3609 1604 3680 disputantem
1635 3629 1728 3673 aut

114 3704 440 3744 concursum
477 3689 762 3746 facientem
791 3695 982 3758 turbze,
1009 3707 1184 3768 neque
1207 3700 1258 3754 in
1293 3707 1600 3776 synagogis,
1635 3711 1722 3764 15.

117 3798 283 3850 neque
330 3783 383 3836 in
430 3784 692 3839 civitate:
734 3802 906 3857 neque
949 3792 1178 3857 probare
1219 3808 1445 3864 p»ssuat
1505 3816 1602 3862 ea,
1658 3804 1727 3860 de

115 3877 302 3940 quibus
337 3892 486 3928 nunc
514 3892 598 3928 me
624 3889 897 3932 accusant.
937 3901 952 3931 ι
1000 3882 1114 3934 Non
1148 3897 1272 3940 sunt
1308 3888 1422 3944 lucc
1455 3893 1725 3951 adulatio-

118 3972 193 4020 nis
224 3970 412 4032 verba,
453 3972 730 4025 testiﬁcari
757 3973 915 4040 iudici
943 3977 1245 4045 justitiam;
1280 3985 1374 4037 sed
1410 3986 1495 4039 illa
1523 3990 1722 4057 petitis,

116 4061 234 4113 Cum
266 4063 319 4113 in
371 4063 536 4114 multa
581 4080 703 4132 pace
741 4083 952 4134 agamus
998 4087 1087 4138 per
1131 4081 1195 4124 te.
1231 4073 1339 4129 Cur
1369 4093 1498 4148 ergo
1528 4083 1726 4151 injuste

116 4153 411 4205 seditiones
441 4153 642 4221 agitis?
676 4154 956 4226 Perpende
978 4171 1184 4228 autem,
1222 4166 1382 4220 illiad
1407 4171 1723 4239 injustitiam

121 4243 413 4308 pellebant,
453 4244 540 4297 hic
584 4245 847 4313 justitiam
897 4254 1175 4315 qurerebat
1219 4274 1232 4308 :
1283 4258 1407 4314 ideo
1462 4263 1720 4321 dicebat:

118 4333 250 4387 Bono
297 4338 476 4388 animo
524 4355 615 4406 pro
671 4356 749 4392 me
786 4344 1135 4410 satisfaciam;
1177 4349 1374 4406 deinde
1418 4370 1445 4406 a
1483 4368 1726 4428 tempore

115 4430 400 4482 conﬁrmat
428 4448 439 4480 :
483 4429 545 4482 Et
579 4433 749 4485 multis
785 4437 954 4502 annis,
991 4438 1182 4507 inquit,
1215 4454 1262 4496 te
1291 4447 1512 4502 iudicem
1539 4456 1720 4509 sciens.

119 4521 177 4573 Et
213 4522 345 4590 quid
383 4522 486 4575 hoc
528 4523 593 4576 ad
635 4525 1153 4586 detnonstrationem
1187 4538 1520 4596 conducebat
1546 4545 1567 4597 ?
1592 4547 1724 4602 Mul-

117 4621 218 4663 tum
254 4631 266 4662 :
301 4613 548 4665 ostendit
592 4615 737 4669 enim
767 4617 942 4686 ipsum
994 4639 1209 4693 quoque
1257 4630 1431 4696 scire,
1489 4638 1618 4691 nihil
1665 4656 1723 4696 se

115 4716 296 4754 eorum
351 4703 583 4765 fecisse,
625 4707 692 4759 de
729 4711 923 4777 quibus
960 4723 1330 4775 accusabatur.
1385 4725 1439 4779 Si
1484 4745 1613 4783 vero
1640 4748 1724 4787 se-

114 4795 372 4849 ditionem
402 4797 747 4862 concitasset,
779 4802 891 4869 ipse
917 4805 1080 4873 judex
1113 4822 1334 4879 nosset,
1366 4834 1539 4887 neque
1573 4824 1722 4881 illum

115 4895 252 4937 tanta
282 4901 374 4940 res
406 4889 618 4942 lateret.
654 4891 857 4947 Deinde
887 4898 1010 4964 quia
1031 4915 1312 4959 accusator
1337 4909 1466 4963 nihil
1490 4915 1710 4980 probare

117 4990 364 5046 potuerat
404 4981 793 5054 Jerosolymis,
826 4991 946 5045 vide
977 4997 1101 5061 quid
1137 4998 1279 5054 dicat
1311 5021 1322 5054 :
1364 5004 1609 5062 Omnibus
1636 5017 1723 5082 qui

114 5070 161 5122 ia
206 5082 314 5126 toto
345 5076 468 5127 orbe
496 5086 614 5128 sunt
651 5076 874 5145 Iudicis,
913 5089 1249 5145 mendacium
1295 5100 1577 5155 mendacio
1622 5109 1718 5159 ati-

115 5164 240 5218 dcn~
269 5169 308 5220 ³.
340 5167 468 5222 Ideo
501 5169 694 5224 Paulus
724 5172 848 5230 inde
875 5177 1024 5233 illum
1048 5182 1364 5252 deturbatis,
1399 5193 1473 5245 ait
1523 5214 1534 5246 :
1579 5199 1715 5253 Ado-

116 5267 312 5312 rntnrus
337 5261 587 5324 escendi;
617 5267 767 5332 quasi
796 5284 854 5322 se
887 5272 964 5336 sic
992 5289 1225 5346 purgans
1252 5299 1264 5334 :
1287 5281 1513 5341 Tantum
1547 5293 1720 5355 abest.

117 5357 165 5399 ut
192 5349 498 5405 seditiones
529 5356 759 5410 excitem
788 5374 803 5423 ;
836 5372 886 5415 et
922 5364 973 5417 in
1010 5367 1113 5423 hoc
1143 5387 1385 5429 moratur
1414 5382 1720 5452 ratioci:.io,

114 5442 250 5506 quod
275 5452 426 5496 certe
453 5446 686 5501 validum
711 5462 827 5506 erat
854 5471 866 5518 ;
902 5457 1050 5512 addit
1082 5464 1224 5516 enim
1259 5484 1270 5517 :
1307 5467 1489 5540 Neque
1514 5476 1565 5527 in
1599 5442 1724 5532 tein;

117 5533 210 5598 pta,
241 5553 405 5600 neque
431 5538 481 5590 in
504 5540 726 5608 civitate,
752 5562 908 5615 neque
929 5551 980 5603 in
1011 5559 1284 5627 synagogis
1314 5561 1612 5622 invenerunt
1643 5589 1722 5626 me

180 5669 191 5754 ξ
233 5671 378 5754 111υά,
404 5676 740 5754 mendacium,
761 5684 1015 5754 mendacio
1039 5689 1246 5751 addens,
1288 5695 1437 5748 deost
1462 5701 1509 5749 in
1536 5717 1653 5754 uno.

173 5731 243 5829 53’
261 5741 376 5829 θΡὲ
405 5737 536 5829 "1""
561 5731 767 5829 υηίῑίηρε
789 5731 953 5795 clausa
969 5731 1514 5821 s1.m"a.;..'rcg‘.;a:;.t.:
1535 5731 1717 5829 ista.

227 5807 255 5829 ﬂ
283 5811 295 5829 ⁸
362 5811 432 5829 “¹“¹
477 5813 629 5829 ’τοι-ιη
672 5817 698 5829 ι.
727 5819 749 5829 ..
777 5815 884 5829 ......,.

121 5797 255 5852 ﬁtquc
283 5808 312 5842 e
332 5798 503 5845 Satilo
521 5802 752 5863 suppleta
777 5815 907 5855 sunt.

1201 361 1268 418 ΙΝ
1309 362 1492 418 ACTA
1534 364 2057 423 APOS'I'OLURUM.
2105 371 2332 428 llUMlL.
2379 375 2438 430 L.

3379 394 3484 448 3-56

1871 496 1986 533 rum
2017 484 2192 553 aliquo
2233 488 2600 558 disputantem.
2644 496 2796 562 Quod
2842 500 3007 558 etiam
3039 519 3225 561 verum
3254 518 3389 565 erat.
3427 511 3490 566 Et

1873 572 1962 627 ille
1991 576 2210 645 quidem
2247 581 2394 635 illum
2422 583 2718 656 Principem
2742 590 2896 659 dicit,
2924 598 3075 665 quasi
3109 599 3161 652 in
3187 615 3366 671 pugna
3395 614 3488 657 aut

1870 672 2133 733 tumultu;
2168 674 2254 730 hic
2279 691 2412 731 vero
2449 681 2571 736 vide
2595 699 2757 752 quam
2789 700 3071 746 mansuete
3112 696 3440 764 respondeat
3470 716 3483 751 :

1873 780 1892 812 ι
1936 764 2024 818 14.
2074 764 2354 824 Conﬁteor
2399 784 2579 828 autem
2626 777 2719 832 tibi
2766 780 2911 849 quod
2962 785 3262 842 secundum
3318 789 3480 855 viam,

1864 869 2024 924 quam
2057 869 2249 913 vocant
2281 862 2553 934 haeresim,
2583 869 2663 924 sic
2693 874 2867 940 patrio
2890 875 3001 930 Deo
3018 877 3218 942 servio,
3250 881 3484 938 credens

1861 949 2138 1014 omnibus,
2172 968 2292 1023 qua:
2323 956 2373 1010 in
2408 959 2527 1030 lege
2557 972 2610 1018 et
2633 965 2916 1042 prophetis
2948 972 3148 1041 scripta
3177 984 3347 1042 sunt;
3388 977 3478 1036 15.

1863 1053 2014 1106 spem
2043 1041 2248 1099 habens
2273 1048 2323 1102 in
2357 1048 2527 1106 Deum
2549 1095 2563 1120 ,
2595 1040 2758 1123 quam
2801 1069 2854 1114 et
2910 1061 3008 1130 ipsi
3053 1068 3476 1137 amplectuntur,

1863 1130 2097 1188 futuram
2131 1144 2587 1199 resurrectionem
2615 1149 2885 1214 justorutn
2916 1165 2964 1208 et
2997 1156 3346 1226 injustorum.
3381 1182 3401 1214 s

1931 1224 1984 1279 2.
2028 1226 2196 1284 Vide:
2233 1232 2404 1302 ipsum
2441 1237 2512 1290 illi
2541 1243 2887 1308 separabant,
2915 1247 3001 1301 hic
3029 1265 3157 1303 vero
3185 1267 3243 1305 se
3273 1253 3469 1322 adjun-

1858 1317 1933 1386 git
1975 1319 2073 1390 legi
2122 1338 2244 1376 sese
2277 1330 2573 1395 purgando.
2609 1332 2676 1387 Et
2713 1336 2856 1403 quod
2881 1337 3088 1394 dixerat
3121 1317 3473 1414 confirmans,

1861 1409 2054 1464 iterum
2085 1413 2269 1482 adjicit
2299 1434 2312 1472 ε
2345 1419 2432 1474 16.
2468 1420 2532 1474 In
2557 1423 2652 1476 hoc
2680 1435 2723 1478 et
2751 1429 2860 1495 ipse
2887 1431 3069 1485 studeo
3100 1435 3211 1490 sine
3244 1436 3473 1504 o/fendi-

1855 1504 1972 1556 culo
2000 1508 2357 1563 conscientiam
2399 1511 2584 1570 habere
2608 1517 2678 1570 ad
2707 1517 2874 1574 Deum
2901 1533 2950 1577 et
2978 1525 3046 1577 ad
3084 1526 3314 1582 homines
3341 1547 3476 1586 sem-

1855 1612 1964 1659 per.
1995 1596 2077 1650 l7.
2113 1596 2236 1652 Post
2262 1617 2423 1656 anuos
2444 1618 2612 1660 autem
2632 1609 2822 1676 plures,
2843 1615 3192 1687 elcemosynas
3238 1625 3471 1691 facturus

1851 1686 1904 1738 iu
1941 1699 2138 1757 gentem
2181 1707 2366 1757 meam,
2420 1698 2552 1760 veni,
2595 1709 2641 1752 et
2689 1701 2990 1760 oblationes.
3037 1709 3126 1764 18.
3175 1686 3247 1765 In
3288 1715 3470 1783 quibus

1851 1792 2146 1832 invenerunt
2185 1799 2262 1835 me
2298 1787 2629 1855 puri/iculum
2672 1793 2724 1846 in
2753 1796 2944 1864 templo
2967 1838 2984 1863 ,
3019 1816 3122 1854 non
3153 1818 3270 1856 cum
3296 1806 3460 1869 turba,

1849 1884 2008 1936 neque
2034 1888 2146 1924 cum
2173 1878 2411 1930 tmnuttu.
2446 1878 2556 1933 Cur
2579 1898 2708 1952 ergo
2738 1888 3028 1944 ascendisti
3049 1892 3073 1945 ?
3097 1907 3196 1947 cur
3221 1898 3417 1953 venisti
3444 1901 3468 1952 ?

1847 1961 2186 2028 Adoratnrus,
2209 1968 2571 2041 elei-mosynas,
2595 1976 2783 2045 inquit,
2804 1984 3058 2049 facturus.
3079 1985 3263 2058 itaque
3285 1989 3336 2045 id
3356 2007 3463 2047 non

1847 2065 1964 2109 crat
1996 2058 2260 2114 seditiosi.
2311 2062 2515 2120 Deinde
2547 2067 2759 2125 illorum
2810 2073 2993 2145 dejicit
3021 2095 3343 2150 personam,
3375 2087 3464 2141 di-

1847 2162 1977 2203 cens
2009 2153 2126 2205 sine
2168 2153 2523 2212 discrimine:
2579 2161 2646 2215 In
2673 2166 2854 2232 quibus
2900 2187 2981 2224 me
3025 2173 3325 2231 invenerunt
3370 2181 3459 2235 19.

1845 2239 2054 2305 quidam
2085 2259 2148 2295 ex
2195 2244 2316 2297 Asia
2342 2245 2538 2315 Juda'i,
2564 2268 2692 2320 quos
2732 2259 2996 2325 Oportebat
3020 2266 3164 2332 apud
3195 2276 3241 2319 te
3271 2281 3458 2338 prtesto

1845 2345 1977 2394 esse,
2027 2343 2073 2385 et
2122 2350 2364 2390 accusare
2389 2380 2403 2402 ,
2428 2340 2471 2392 si
2492 2343 2620 2409 quid
2647 2344 2890 2401 haberent
2917 2352 3186 2408 adversum
3229 2375 3308 2412 me
3330 2375 3347 2410 :
3367 2359 3459 2416 20.

1844 2430 1931 2472 aut
1962 2423 2013 2473 lii
2045 2423 2143 2490 ipsi
2171 2425 2376 2490 dicant,
2412 2430 2454 2482 si
2480 2432 2602 2498 quid
2627 2434 2926 2492 invenerunt
2960 2442 3011 2495 in
3042 2461 3122 2498 me
3153 2447 3458 2515 iniquitatis,

1841 2531 1956 2567 cum
1981 2527 2102 2569 stent
2124 2519 2176 2571 in
2194 2523 2431 2587 concilio,
2455 2524 2544 2578 2|.
2571 2527 2670 2580 nisi
2701 2531 2766 2582 de
2793 2532 2889 2584 huc
2917 2552 3020 2588 una
3049 2554 3189 2604 voce,
3219 2559 3323 2608 qua
3349 2545 3460 2596 cla-

1842 2609 1975 2657 mavi
2019 2608 2147 2661 inter
2174 2625 2258 2662 eos
2282 2620 2424 2666 stans
2467 2631 2482 2666 :
2517 2617 2581 2669 de
2610 2625 2977 2679 resurrectione
3007 2638 3325 2686 mortuorum
3365 2652 3460 2707 ego

1841 2698 2214 2769 tiodiejudicor
2238 2721 2270 2756 a
2292 2707 2450 2761 vobis.
2484 2709 2609 2764 llmc
2631 2723 2712 2767 est
2743 2718 2962 2784 copiosa
2980 2721 3318 2791 justilicalio,
3352 2746 3456 2785 non

1841 2788 2025 2857 fugere
2054 2792 2121 2846 ab
2152 2800 2596 2867 accusatoribus,
2644 2806 2738 2859 sed
2773 2818 3017 2875 paratum
3047 2829 3167 2870 esse
3211 2820 3277 2871 ad
3329 2823 3455 2874 red-

1838 2880 2069 2936 dendam
2099 2887 2348 2943 omnibus
2380 2893 2662 2948 rationem.
2699 2897 2777 2951 De
2812 2907 3180 2962 resurrectione
3226 2923 3453 2966 mortuo-

1837 2988 1951 3025 rum
1995 2991 2108 3044 ego,
2145 2978 2338 3047 inquit,
2376 2982 2529 3038 hodie
2559 2988 2772 3057 judicor
2797 2995 3008 3050 avobis.
3051 2999 3116 3053 Et
3147 3001 3276 3056 nihil
3325 3005 3457 3061 dixit

1836 3076 2047 3130 eorum,
2082 3081 2202 3134 quae
2226 3069 2348 3137 jure
2381 3078 2796 3140 poteratdicere
2824 3102 2836 3137 :
2863 3087 3007 3155 quod
3040 3089 3276 3148 insidiati
3307 3108 3455 3164 sunt,

1836 3153 2187 3212 detinuerunt
2232 3162 2427 3230 ipsum,
2472 3166 2696 3226 insidias
2726 3183 3041 3233 struxerunt
3093 3182 3250 3252 (hzec
3306 3189 3454 3244 enim

1835 3247 1903 3300 ab
1935 3249 2068 3316 ipsis
2100 3250 2238 3307 facta
2284 3269 2605 3325 narrantur;
2640 3265 2708 3319 ab
2739 3267 2838 3322 hoc
2870 3281 3048 3327 autem
3071 3317 3084 3336 ,
3118 3278 3242 3332 licet
3269 3280 3320 3335 in
3355 3299 3454 3354 pe-

1833 3341 2004 3397 riculo
2034 3357 2281 3402 versante
2302 3391 2315 3413 ,
2346 3366 2454 3406 non
2482 3355 2633 3428 item)
2660 3401 2673 3420 ,
2732 3361 2826 3414 sed
2860 3374 3018 3430 tacet,
3049 3378 3103 3422 et
3129 3372 3303 3427 solum
3333 3392 3455 3432 sese

1835 3445 2049 3502 purgat,
2084 3447 2137 3491 et
2169 3439 2213 3491 si
2243 3440 2523 3498 innumera
2548 3446 2732 3504 dicere
2757 3456 3038 3519 potuisset.
3071 3459 3182 3515 Hoc
3215 3464 3364 3519 illum
3400 3470 3452 3522 in

1831 3525 2079 3581 Caesarea
2121 3529 2328 3585 clarum
2361 3535 2654 3601 reddebat,
2688 3545 2832 3611 quod
2865 3562 2989 3602 cum
3034 3560 3184 3608 tanto
3235 3559 3452 3625 agmine

1831 3618 2094 3674 venisset.
2124 3619 2189 3673 In
2212 3624 2395 3690 quibus
2429 3627 2726 3686 invenerunt
2754 3653 2854 3703 me,
2885 3639 3084 3707 inquit,
3121 3648 3453 3716 puri/iculum

1830 3710 1884 3761 in
1929 3713 2136 3781 tempto.
2190 3714 2472 3782 Quomodo
2503 3737 2632 3792 ergo
2683 3727 2938 3784 violavit?
2977 3749 3082 3789 non
3113 3741 3257 3794 enim
3295 3743 3437 3813 ejus-

1829 3802 1951 3857 dem
1975 3806 2232 3869 hominis
2259 3821 2404 3879 erat,
2467 3817 2762 3887 purilicari,
2793 3823 3054 3892 adorare,
3088 3840 3140 3884 et
3181 3833 3303 3888 ideo
3353 3854 3447 3893 ve-

1832 3897 1982 3962 nire,
2045 3909 2099 3955 ct
2173 3904 2398 3960 violare.
2473 3908 2586 3966 Hoc
2644 3925 2823 3969 autem
2877 3920 2942 3971 ad
3007 3921 3336 3991 justiliz-atio:
3362 3947 3448 3987 em

1830 3993 2081 4049 conferre
2129 3998 2398 4061 videatur,
2432 4005 2575 4072 quod
2607 4022 2710 4060 non
2741 4009 2795 4062 in
2829 4011 3049 4084 longum
3097 4021 3296 4078 incidat
3329 4042 3450 4080 ser-

1832 4100 2070 4140 monem.
2115 4088 2180 4142 Et
2219 4091 2556 4155 gratiﬁcatur
2601 4097 2791 4165 judici.
2828 4102 2956 4157 Mihi
3006 4121 3184 4164 autem
3240 4117 3449 4171 videtur

1830 4176 1990 4228 etiam
2025 4177 2125 4232 hoc
2171 4179 2545 4239 defensionem
2573 4201 2723 4242 suam
2760 4196 3102 4252 contrahere.
3138 4201 3242 4257 Sed
3283 4222 3448 4276 supc-

1830 4268 1940 4320 rius
1970 4269 2110 4325 dicta
2145 4285 2477 4343 repetamus.
2507 4277 2642 4345 Quia
2677 4287 2909 4342 antehae
2952 4294 3177 4350 multum
3223 4305 3445 4354 concio-

1831 4369 1987 4412 natns
2011 4373 2124 4415 erat
2143 4362 2435 4435 Tertullus,
2463 4373 2756 4429 ostendens
2781 4393 2841 4432 se
2859 4387 3182 4450 compendio
3205 4393 3444 4455 studere.

1830 4468 1934 4504 non
1965 4454 2120 4520 dixit,
2155 4459 2291 4512 Audi
2323 4476 2475 4526 rem;
2511 4465 2627 4530 sed,
2663 4467 2746 4523 Ne
2779 4481 2828 4525 te
2875 4475 3067 4531 diutius
3096 4499 3286 4549 morer,
3325 4505 3446 4557 rego

1830 4545 2009 4597 audias
2037 4564 2128 4601 nos
2155 4567 2249 4617 pro
2278 4568 2366 4604 tua
2396 4555 2730 4614 humanitate.
2782 4563 2946 4622 Forte
2974 4579 3028 4623 ut
3056 4579 3280 4641 gratiam
3331 4581 3449 4650 ejus

1829 4647 2126 4702 aucupetur
2176 4641 2253 4694 sic
2302 4657 2608 4702 sermonem
2651 4667 2924 4722 apparat:
2963 4664 3042 4715 vel
3088 4669 3250 4721 etiam
3285 4687 3441 4724 man-

1830 4731 2128 4784 suetudinis
2156 4735 2368 4802 signum
2413 4750 2515 4804 est,
2547 4757 2668 4796 cum
2694 4749 2813 4815 quis
2845 4753 2993 4819 plura
3025 4755 3208 4814 dicere
3239 4765 3447 4827 valens,

1831 4834 1995 4887 pauca
2027 4822 2176 4887 dicit,
2213 4835 2267 4876 ttt
2325 4844 2391 4882 nc
2423 4832 2725 4890 molestiam
2761 4843 2956 4907 pariat.
2993 4845 3318 4917 lnrenimus,
3368 4859 3449 4910 itt-

1829 4914 1963 4980 qnit,
1999 4915 2132 4967 hunc
2162 4917 2326 4970 virum
2369 4923 2669 4993 pestiferum
2700 4947 2718 4982 :
2749 4934 2855 5001 qui,
2898 4937 3088 5006 inquit,
3128 4954 3174 4995 et
3200 4949 3446 5015 templum

1832 5006 2026 5058 stature
2048 5010 2272 5062 tentavit.
2305 5011 2443 5081 Ergo
2464 5030 2569 5070 non
2593 5018 2834 5078 violavit.
2873 5027 3009 5094 Quid
3033 5033 3208 5101 igitur;
3245 5041 3290 5093 si
3322 5043 3449 5098 alibi

1829 5094 1934 5149 hoc
1968 5096 2134 5150 fecit?
2169 5100 2384 5157 Minime
2414 5122 2427 5154 :
2459 5108 2592 5163 alias
2614 5114 2758 5167 enim
2812 5117 3067 5189 dixisset;
3118 5127 3230 5195 jam
3281 5148 3408 5188 vero
3435 5178 3448 5197 .

1832 5183 2084 5254 Tentuvit,
2124 5191 2291 5258 dicit;
2322 5211 2430 5264 quo
2453 5210 2634 5254 autem
2664 5206 2847 5273 modo,
2882 5225 2989 5266 non
3022 5216 3191 5270 addit.
3233 5221 3292 5275 Et
3321 5241 3442 5292 qua:

1831 5277 2055 5334 Paulum
2088 5285 2307 5352 quidem
2351 5294 2673 5358 speetabant
2697 5339 2710 5361 ,
2743 5300 2822 5356 sic
2853 5307 3079 5372 extulit;
3115 5312 3237 5369 vide
3265 5277 3445 5374 attinnt

1828 5373 2102 5441 quomodo
2129 5393 2249 5445 qua:
2277 5393 2371 5433 sua
2402 5387 2772 5443 suntminuat.
2802 5394 2966 5457 Quem
2987 5405 3442 5474 appre/tenamms,

1831 5461 2020 5530 inquit,
2054 5474 2100 5520 et
2133 5470 2381 5524 voluimus
2414 5475 2656 5543 judicare
2684 5490 2964 5542 secundum
3009 5492 3166 5562 legem
3193 5513 3439 5555 nostram.

1831 5553 2202 5623 Superveniens
2233 5574 2405 5616 autem
2437 5565 2621 5638 Lysias
2672 5576 2908 5634 tribunus
2959 5599 3076 5637 cum
3109 5595 3270 5644 multa
3300 5597 3347 5648 vi
3377 5615 3440 5651 at:

1829 5649 2062 5702 manibus
2085 5655 2272 5708 nostris
2313 5657 2556 5730 abripuit.
2599 5665 2694 5721 llic
2716 5673 2988 5742 ostendit,
3019 5680 3120 5734 sibi
3153 5685 3438 5743 molestum

1827 5755 1948 5794 esse
1978 5743 2044 5795 ad
2077 5756 2335 5803 extranea
2386 5755 2672 5813 tribunalia
2703 5767 2910 5829 venire,
2945 5779 2998 5824 et
3025 5775 3166 5840 quod
3199 5794 3302 5832 non
3340 5784 3434 5848 ὁπ’-ἕ

1829 5833 2038 5889 molesti
2097 5837 2348 5909 fuissent,
2403 5850 2504 5901 nisi
2560 5853 2670 5920 ipse
2723 5861 3017 5928 t‘t'PgiaSCl,
3052 5870 3298 5939 quodqu
3332 5890 3436 5929 non
