4072 6428
605 443 706 500 567

606 559 673 613 ad
716 555 861 609 illum
915 545 1208 618 pertineret
1257 540 1425 591 virum
1474 528 1719 596 abripere
1751 538 1764 575 :
1794 531 1916 573 nam
1971 507 2182 578 injuria:

609 655 788 702 coittra
815 605 1115 701 nus'crant,
1140 642 1194 688 et
1226 627 1481 700 judicium
1514 616 1652 688 apud
1684 627 1782 667 nos
1823 605 1935 662 fieri
1967 608 2184 702 oporte-

611 740 643 792 Ι)
662 748 717 792 ιι.
747 733 897 802 Quod
916 691 1204 786 autem'res
1226 691 1302 776 sic
1332 716 1544 777 habeat,
1573 703 1847 777 sequentia
1876 697 1994 752 vide
2019 711 2032 747 ι
2063 691 2191 746 Cum

611 830 771 883 multa
793 828 862 894 vi,
895 823 1086 894 inquit.
1119 818 1207 874 Vis
1232 814 1372 870 enim
1401 815 1534 862 erat.
1583 802 1619 856 A
1651 815 1750 870 quo
1796 792 1977 864 poteris
2006 800 2193 857 cogno-

613 938 767 977 scere.
800 919 981 989 Neque
1008 906 1260 968 accusare
1290 901 1453 959 audet
1476 917 1490 952 :
1511 906 1624 953 erat
1646 893 1787 949 enim
1814 889 1895 942 vir
1919 885 2190 940 clemens:

620 1027 790 1082 neque
832 981 949 1065 sine
977 1018 1135 1059 causa
1167 991 1549 1070 prtetercurrit.
1602 982 1807 1042 Deinde
1849 981 2075 1037 iterum,
2127 985 2196 1025 ne

619 1103 831 1158 mentiri
863 1069 1368 1159 videretur,iipsum
1412 1081 1631 1138 Paulum
1675 1074 1755 1130 sui
1787 1069 1952 1140 ipsius
1977 1076 2196 1117 accusa-

817 1187 1037 1243 inducit.
1071 1183 1116 1236 Α
1153 1154 1250 1250 quo
1282 1187 1422 1248 potes
1447 1213 1462 1239 ,
1514 1167 1703 1238 inquit,
1753 1164 1814 1218 de
1861 1160 1937 1212 his
1966 1154 2196 1209 omnibus

619 1284 905 1353 dijudicans
949 1287 1270 1348 cognoscere.
1304 1265 1579 1323 Accedunt
1620 1266 1798 1328 postea
1826 1252 2086 1305 dictorum
2118 1255 2200 1298 te-

620 1339 732 1430 stes
765 1391 778 1428 :
812 1339 1116 1442 Adjecerunt
1145 1367 1377 1415 autemet
1404 1353 1596 1413 Judwi,
1631 1351 1847 1402 dicentes
1893 1341 2000 1393 hare
2038 1339 2109 1390 ita
2150 1351 2204 1388 se

627 1466 826 1519 habere.
857 1427 1209 1515 A'ccusatores
1230 1458 1352 1504 sunt
1383 1456 1436 1500 et
1466 1452 1630 1498 testes
1657 1447 1711 1492 et
1737 1442 2098 1489 accusatores.
2133 1427 2205 1480 At

623 1557 821 1614 Paulus
851 1547 1136 1620 respondet
1167 1561 1180 1595 :
1212 1541 1390 1596 Sciens
1416 1552 1478 1590 ca:
1507 1527 1848 1608 multisannis
1890 1536 1937 1578 te
1976 1537 2081 1576 esse
2114 1520 2209 1588 ju-

628 1663 757 1704 stum
775 1646 1021 1717 judicent.
1052 1638 1165 1692 Non
1198 1647 1326 1704 ergo
1359 1626 1670 1699 peregrinus
1700 1630 1977 1685 estneque
2003 1613 2208 1666 alienus

630 1754 802 1810 neque
845 1744 1088 1797 nox-ator,
1117 1731 1159 1783 si
1190 1729 1219 1781 a
1248 1724 1430 1779 multis
1458 1719 1614 1774 annis
1660 1713 1809 1768 novit
1835 1708 2089 1779 judicem.
2142 1701 2211 1754 Et

632 1793 776 1888 rcc'te
802 1827 1003 1883 addidit
1033 1822 1183 1884 illud,
1214 1817 1443 1880 Iustum,
1473 1821 1528 1866 ut
1551 1824 1618 1863 ne
1646 1806 1710 1860 ad
1733 1815 1998 1859 smnmum
2030 1793 2207 1866 ponti-

635 1926 789 1980 ficem
819 1920 1131 1990 respiecret,
1175 1913 1256 1965 vel
1286 1910 1350 1962 ad
1386 1903 1640 1974 populum
1667 1940 1683 1964 ,
1718 1896 1798 1950 vel
1831 1893 1897 1947 ad
1929 1893 2211 1944 accusato-

638 2033 772 2073 rem.
805 1984 960 2074 Vide,
994 2003 1264 2078 quomodo
1292 2014 1395 2054 non
1428 1991 1691 2066 processit
1715 1986 1781 2042 ad
1809 1978 2210 2039 contumeliam,

637 2109 735 2165 etsi
768 2103 1057 2161 necessitas
1083 2104 1248 2150 esset.
1279 2091 1517 2151 Credens,
1551 2083 1741 2153 inquit,
1789 2075 2020 2131 oomibus
2041 2112 2055 2136 ,
2105 2083 2218 2138 qua:

637 2202 691 2254 in
713 2213 818 2268 tege
837 2203 969 2248 sunt.
1001 2190 1110 2245 Hoc
1139 2187 1272 2241 dixit
1296 2224 1311 2247 ,
1351 2177 1641 2235 ostendens
1671 2171 1876 2226 nullum
1919 2165 2213 2224 hominem,

641 2283 731 2359 qui
759 2256 963 2342 “credat
1003 2275 1452 2335 resurrectionem
1477 2269 1740 2326 futuram,
1784 2261 1905 2314 talia
1959 2256 2220 2310 facturum

645 2341 800 2441 esse;
824 2389 980 2445 quam
1010 2380 1064 2426 et
1102 2369 1174 2422 illi
1200 2369 1529 2433 exspectant.
1561 2353 1828 2411 Noudixit
1851 2351 1918 2404 de
1949 2349 2048 2407 his,
2078 2341 2220 2413 quod

646 2443 866 2522 credant
909 2462 992 2527 iis,
1033 2473 1154 2530 qute
1183 2457 1236 2511 in
1288 2450 1564 2523 prophetis
1602 2445 1799 2514 scripta
1841 2450 1966 2496 sunt
2012 2443 2224 2506 (neque

649 2561 790 2613 enim
817 2551 1174 2622 credebant);
1223 2546 1317 2602 sed
1351 2546 1436 2599 hic
1476 2541 1723 2596 omnibus
1764 2534 2054 2596 credebat,
2121 2542 2226 2581 non

653 2650 727 2704 illi
759 2666 773 2701 :
801 2644 1072 2716 quomodo
1123 2649 1326 2703 autem,
1373 2636 1585 2702 longum
1640 2638 1782 2685 esset
1842 2638 1982 2680 nunc
2028 2621 2226 2674 dicere.

652 2740 824 2794 Tanta
850 2738 1003 2800 dixit,
1044 2743 1097 2789 et
1122 2743 1379 2801 nusquam
1410 2726 1604 2781 Christi
1635 2720 1896 2775 meminit.
1933 2718 2026 2770 llic
2053 2722 2231 2767 autem

657 2843 714 2886 ut
738 2831 888 2894 dixit,
914 2827 1159 2888 Creticus,
1188 2823 1346 2876 etiam
1370 2834 1452 2882 ea,
1478 2831 1595 2885 qua:
1612 2812 1879 2867 Christum
1899 2806 2230 2874 Spectabant,

657 2921 1055 2992 complectitur;
1094 2914 1186 2970 sed
1215 2912 1426 2968 interim
1471 2911 1521 2962 in
1549 2901 1958 2961 resurrectirnis
1985 2911 2236 2952 sermone

661 3023 919 3076 moratur,
950 3009 1089 3081 quod
1118 3008 1310 3076 dogma
1329 3003 1459 3073 ipsis
1479 3011 1765 3054 commune
1787 3004 1919 3054 erat,
1950 3002 2001 3045 et
2021 3003 2236 3043 omnem

661 3105 940 3162 seditionis
960 3099 1316 3169 suspicionem
1349 3094 1541 3148 aufert.
1578 3087 1777 3143 Deinde
1799 3098 2053 3139 ascensus
2080 3093 2238 3134 causa

663 3198 921 3267 sequitur.
946 3193 1320 3260 Eleemosynas,
1339 3185 1531 3256 inquit,
1558 3192 1604 3236 et
1627 3180 1902 3234 oblationes
1931 3179 2162 3244 facturus
2190 3173 2242 3223 in

667 3297 861 3360 gentem
901 3300 1084 3347 meam,
1111 3281 1243 3342 veni,
1271 3277 1420 3346 idque
1443 3290 1532 3344 per
1552 3287 1711 3324 annos
1743 3269 1931 3338 plures.
1965 3261 2246 3332 Quomodo

667 3392 794 3447 ergo
842 3376 1108 3429 turbasset
1155 3385 1283 3432 eos,
1340 3366 1532 3436 quibus
1575 3363 1971 3430 elcemosynam
2023 3356 2246 3407 daturus

671 3476 872 3521 tantum
907 3466 1006 3518 iter
1043 3455 1396 3527 susceperat?
1429 3454 1548 3508 Non
1577 3468 1690 3505 cum
1720 3450 1886 3511 turba,
1920 3447 2126 3514 inquit,
2157 3459 2248 3496 nec

669 3574 784 3611 cum
811 3555 1043 3609 tumultu.
1079 3552 1284 3619 Ubique
1312 3546 1628 3601 seditionem
1651 3541 1932 3597 inficiatur.
1964 3537 2126 3591 Recte
2155 3550 2247 3588 au-

674 3661 779 3704 tem
816 3650 1034 3703 advocat
1065 3653 1405 3698 accusatores
1431 3639 1519 3708 qui
1546 3637 1614 3690 ab
1644 3634 1766 3689 Asia
1787 3677 1800 3699 ,
1847 3633 2032 3685 dicens
2063 3647 2074 3682 :
2111 3627 2250 3693 Quos

678 3742 934 3811 oportebat
957 3736 1094 3806 apud
1121 3747 1166 3788 te
1190 3748 1446 3793 accusare,
1478 3730 1519 3782 si
1564 3727 1685 3796 quid
1712 3726 1948 3778 haberent
1988 3723 2253 3774 adversum

682 3852 775 3888 me.
811 3833 882 3886 Ita
911 3827 1244 3892 confidebat,
1277 3840 1332 3877 se
1363 3820 1615 3875 nmudum
1657 3832 1776 3872 esse
1821 3832 1852 3869 a
1905 3814 2147 3874 crimine,
2198 3820 2255 3864 ut

680 3926 841 3978 etiam
873 3929 1122 3991 provocet
1156 3932 1269 3972 eos.
1301 3915 1368 3968 Et
1400 3927 1503 3965 non
1532 3924 1626 3962 eos
1655 3908 1860 3970 solum,
1895 3907 1983 3973 qui
2033 3905 2100 3957 ab
2130 3903 2254 3956 Asia

685 4023 853 4079 erant,
885 4026 1067 4064 verum
1110 4009 1266 4061 etiam
1299 4019 1412 4068 eos,
1437 4004 1522 4072 qui
1552 4016 1616 4053 cx
1632 3997 1950 4060 Jerusalem,
1981 4003 2260 4049 accusato-

684 4121 771 4159 res
791 4119 896 4159 non
921 4103 1121 4170 rejicit;
1151 4098 1242 4152 sed
1268 4097 1365 4150 hos
1392 4107 1605 4163 quoque
1626 4097 1812 4144 evocat
1832 4087 2090 4156 adjicieus
2115 4102 2128 4137 :
2161 4085 2259 4136 Aut

690 4197 741 4247 hi
768 4194 866 4262 ipsi
909 4193 1097 4245 dicant.
1134 4188 1341 4243 Etenim
1388 4185 1506 4238 ideo
1545 4182 1613 4235 ah
1638 4179 1789 4234 initio
1819 4191 1960 4246 aegre
2000 4173 2259 4234 ferebant,

689 4285 830 4355 quod
861 4282 1305 4338 resurrectionem
1345 4276 1680 4346 praedicaret.
1715 4272 1778 4325 Et
1826 4270 1961 4324 bene
1991 4269 2068 4322 sic
2099 4265 2264 4320 facie-

690 4381 779 4435 bat
805 4397 817 4432 :
844 4378 944 4431 hoc
970 4376 1109 4429 enim
1131 4382 1370 4433 ostenso,
1401 4367 1552 4419 facile
1579 4375 1632 4419 et
1655 4363 1923 4418 Christum
1946 4371 2000 4416 et
2023 4373 2265 4414 resurre-

689 4469 923 4523 ctionem
953 4465 1070 4532 ejus
1116 4459 1416 4516 inducebat.
1455 4456 1589 4523 Quid
1629 4455 1944 4515 inuenerunt,
1977 4452 2181 4519 inquit,
2213 4449 2266 4502 in

690 4578 768 4614 me
808 4557 1087 4628 iujnstitice,
1124 4567 1238 4604 cum
1263 4560 1446 4602 starem
1468 4548 1521 4600 in
1542 4544 1795 4598 concilio?
1827 4541 1888 4594 In
1915 4542 2150 4606 concilio,
2182 4540 2266 4594 in-

691 4653 841 4720 quit,
873 4644 1160 4699 ostendcns
1188 4643 1305 4694 illos
1337 4636 1468 4692 nihil
1513 4635 1800 4698 invenisse,
1855 4647 1964 4686 non
2021 4629 2266 4699 privatim

695 4737 1036 4808 inquisitione
1061 4736 1213 4796 facta,
1248 4730 1342 4786 sed
1366 4726 1706 4782 multitudine
1734 4733 1998 4795 praesente
2027 4733 2081 4776 et
2109 4736 2268 4775 accuo

695 4842 809 4885 rate
837 4828 906 4896 dij
915 4826 1175 4880 udicante.

767 4921 819 4974 3.
861 4917 1010 4984 Quod
1039 4924 1215 4968 autem
1246 4913 1361 4965 haec
1391 4924 1514 4964 vera
1557 4908 1682 4970 sint,
1713 4907 2060 4961 testificantur
2087 4906 2151 4971 ii,
2183 4905 2272 4973 qui

696 5013 764 5068 de
794 5013 893 5065 hoc
917 5017 1186 5064 accusant.
1216 5004 1338 5059 Ideo
1363 5002 1575 5058 dicebat
1600 5019 1614 5054 :
1644 4998 1670 5052 l
1679 5016 1711 5052 ιι
1741 4999 1833 5052 hoc
1864 5008 2031 5050 autent
2061 4998 2256 5060 studeo.

702 5115 751 5160 Il
777 5106 886 5158 sine
908 5099 1213 5168 offendicula
1241 5095 1600 5151 conscientiam
1644 5093 1854 5145 habeam
1882 5107 2004 5160 erga
2037 5089 2198 5141 Deum
2231 5098 2277 5140 et

701 5215 820 5270 erga
858 5197 1102 5251 homines.
1137 5190 1370 5246 Perfecta
1396 5189 1537 5243 enim
1565 5187 1681 5242 haec
1708 5185 1876 5238 virtus
1906 5194 1987 5237 est
2011 5225 2024 5244 ,
2067 5181 2279 5250 quando

708 5289 1006 5344 hominibus
1053 5284 1366 5339 occasiones
1411 5295 1517 5333 non
1559 5277 1784 5339 damus,
1830 5284 1885 5328 et
1926 5274 2066 5344 apud
2113 5273 2277 5327 Deum

705 5381 980 5438 studemus
1004 5393 1125 5434 esse
1151 5375 1267 5430 sine
1294 5369 1636 5428 oﬂ’endiculo.
1664 5367 1776 5433 Qua
1799 5366 2013 5419 clamaui
2037 5365 2090 5418 in
2115 5365 2283 5417 conci-

710 5479 812 5540 fio,
857 5474 1042 5544 inquit.
1085 5470 1404 5524 Violentiam
1444 5465 1656 5518 illorum
1694 5461 1927 5515 ostendit
1953 5473 2073 5514 cum
2113 5456 2278 5522 dicit,

712 5568 934 5626 ειαηιαυε
955 5583 974 5630 ;
1003 5578 1064 5617 ac
1087 5563 1130 5615 si
1161 5561 1366 5615 diceret
1391 5573 1403 5610 :
1433 5555 1548 5610 Non
1578 5562 1801 5623 possunt
1827 5551 2008 5606 dicere
2033 5565 2120 5604 me
2147 5550 2286 5604 elec-

711 5671 948 5729 :nosyu:e
974 5653 1191 5708 obtentu
1220 5651 1334 5704 haec
1365 5646 1556 5701 fecisse
1580 5661 1594 5697 :
1637 5659 1744 5698 non
1771 5643 1912 5696 enim
1941 5655 2062 5695 cum
2091 5640 2242 5695 turba
2265 5679 2282 5702 ,

719 5765 882 5818 teque
919 5763 1036 5803 cum
1069 5743 1294 5799 tumultu
1321 5741 1422 5795 hoc
1449 5737 1703 5793 faciebam
1735 5753 1747 5788 :
1796 5732 2030 5804 alioquin
2054 5747 2182 5787 vero
2211 5731 2287 5784 in-

1305 422 1362 478 S.
1403 409 1676 476 JOANNIS
1709 391 2186 463 CllllYSOSTOMI
2225 385 2541 444 ARCHIEP.
2581 376 3116 439 CONSTANTINOP.

3775 357 3882 416 διες

2295 502 2581 574 quisitione
2619 498 2718 552 hae
2759 497 2826 551 de
2859 510 2915 550 re
2945 494 3078 548 facta
3102 533 3116 555 ,
3145 487 3272 543 nihil
3318 485 3436 554 plus
3482 475 3882 536 inveniebatur.

2297 593 2484 650 Vidisti
2524 592 2576 645 in
2607 589 2857 660 periculis
2899 581 3360 640 mansuettnlincm
3382 576 3406 628 ?
3432 572 3609 628 vidisti
3644 570 3884 638 linguam

2297 687 2520 740 honesta
2553 683 2861 750 loquentem
2883 720 2897 742 ,
2927 688 2981 731 et
3011 672 3280 744 quomodo
3314 682 3474 721 unum
3500 671 3710 718 tantum
3739 672 3893 727 qua:-

2295 789 2421 844 rat,
2473 786 2531 831 ιιι
2575 749 2676 830 sibi
2721 772 2928 840 objecta
2978 766 3212 828 refutet,
3261 776 3360 815 nec
3407 760 3526 812 illos
3571 749 3895 809 criminibus

2298 874 2527 934 obruat,
2577 866 2675 922 nisi
2706 878 2827 918 cum
2856 860 2921 914 ad
2953 857 3321 912 defensionem
3362 846 3686 919 cogeretur?
3733 854 3790 896 ut
3838 848 3897 894 et

2297 964 2546 1018 Christus
2573 957 2784 1014 dicrbat
2813 973 2826 1008 :
2861 952 2968 1023 Ego
2999 947 3303 1003 (immanium
3329 960 3428 996 non
3459 941 3615 994 habeo
3639 978 3654 1002 ,
3681 937 3770 990 sed
3802 934 3898 986 ho-

2300 1054 2513 1122 noriﬁco
2543 1051 2755 1104 Patrem
2785 1062 2950 1101 meum
2973 1085 2985 1102 ,
3017 1055 3059 1096 ct
3088 1057 3172 1093 ros
3199 1033 3542 1092 inhonorastis
3567 1046 3645 1082 me
3684 1029 3700 1096 (
3726 1025 3894 1078 Joun.

2302 1150 2354 1202 8.
2383 1119 2496 1216 49).
2548 1145 2698 1198 Ilunc
2724 1151 2778 1195 et
2819 1153 2918 1192 nos
2947 1136 3217 1191 imitemur
3245 1150 3256 1185 :
3299 1129 3420 1199 quia
3450 1135 3505 1181 ct
3543 1127 3655 1192 ipse
3692 1119 3901 1176 Christi

2295 1240 2545 1293 (imitator
2574 1243 2708 1288 erat.
2761 1230 2816 1286 Si
2850 1229 2941 1282 ille
2970 1227 3100 1280 nihil
3134 1226 3199 1277 iis
3223 1264 3238 1288 ,
3284 1221 3373 1290 qui
3401 1219 3466 1272 ad
3495 1217 3696 1269 ca-dem
3722 1227 3901 1265 vene-

2305 1339 2448 1392 rant,
2480 1338 2730 1394 asperum
2762 1320 2916 1384 dixit,
2947 1333 3049 1387 qua
3078 1330 3176 1369 nos
3203 1313 3353 1366 venia
3381 1309 3523 1378 digni
3553 1307 3758 1359 erimus
3782 1346 3797 1368 ,
3848 1302 3903 1353 iu

2307 1418 2565 1477 conviciis
2595 1427 2650 1470 et
2693 1410 3034 1468 contumeliis
3077 1404 3303 1464 efferati,
3347 1401 3436 1470 qui
3483 1399 3740 1452 scelestos
3780 1407 3902 1446 sce—

2309 1511 2735 1576 lestissimosque
2765 1516 3018 1558 vocamus
3048 1498 3291 1553 inimicos
3320 1503 3530 1546 nostros
3554 1491 3580 1542 ?
3617 1503 3773 1556 quam
3807 1484 3909 1537 de-

2313 1603 2603 1658 fensionem
2626 1597 2959 1653 habebimus.
2980 1593 3068 1660 qui
3089 1589 3334 1644 inimicos
3348 1583 3565 1639 omnino
3587 1577 3911 1634 habeamus?

2314 1699 2505 1751 Annon
2532 1691 2684 1745 audis
2709 1703 2829 1742 eum
2859 1728 2873 1750 ,
2908 1685 2995 1754 qui
3031 1685 3257 1734 honorat
3283 1719 3295 1742 ,
3325 1677 3558 1745 seipsnm
3590 1671 3863 1724 honorare
3889 1665 3914 1718 ?

2315 1789 2422 1843 Nos
2449 1793 2627 1839 autem
2659 1795 2756 1835 nos
2788 1779 2931 1847 ipsos
2958 1772 3280 1829 contumelia
3309 1768 3588 1821 officimus.
3637 1765 3914 1823 ArcuSaS,

2315 1877 2456 1948 quod
2502 1870 2824 1928 contumelia
2855 1867 3080 1922 affectus
3105 1864 3179 1918 sis
3207 1879 3223 1916 :
3271 1877 3366 1914 cur
3395 1859 3551 1928 igitur
3583 1856 3695 1922 ipse
3724 1853 3773 1904 iu
3805 1850 3918 1903 hoc

2318 1971 2521 2025 crimen
2550 1963 2783 2021 incidis?
2809 1977 2905 2014 cur
2927 1961 3150 2025 teipsum
3179 1950 3458 2007 confodi»?
3486 1948 3635 2001 Mane
3665 1944 3922 2013 puSsittlte

2323 2074 2545 2125 vacuus,
2575 2072 2733 2111 mane
2760 2053 3126 2108 invulneratus
3156 2065 3168 2102 :
3199 2063 3284 2109 nc,
3314 2045 3438 2097 dum
3469 2042 3546 2092 vis
3579 2040 3804 2092 alterum
3841 2039 3921 2088 fe-

2324 2156 2451 2218 rire,
2484 2153 2712 2221 teipsum
2742 2147 2896 2202 malis
2923 2145 3181 2199 involvas.
3225 2138 3340 2192 Non
3371 2135 3568 2188 sufficit
3600 2131 3750 2185 nobis
3775 2128 3926 2181 alius

2325 2245 2485 2299 animi
2505 2239 2781 2300 tumultus,
2808 2235 3019 2290 nemine
3046 2230 3348 2286 concitante
3371 2235 3567 2287 motus,
3594 2232 3650 2275 ut
3668 2218 3928 2274 absurda:

2327 2331 2796 2402 concupiscenlim,
2828 2339 3113 2389 maerores,
3146 2321 3375 2376 tristitia:
3404 2329 3460 2372 et
3489 2316 3701 2378 similia,
3732 2324 3787 2365 ut
3815 2312 3931 2365 alia

2331 2429 2483 2484 nobis
2519 2419 2961 2480 accumulemus?

2405 2517 2734 2573 Contumelia:
2759 2512 3010 2584 quomodo
3041 2508 3279 2578 ferendm.
3308 2535 3378 2544 -—-
3407 2505 3472 2556 fit
3503 2497 3769 2572 quomodo
3803 2511 3936 2565 pos-

2334 2612 2490 2668 sibile
2531 2619 2612 2665 est
2635 2648 2652 2675 ,
2702 2607 2913 2675 inquies
2935 2645 2948 2668 ,
2991 2599 3344 2654 contumelias
3377 2597 3557 2649 ferre?
3606 2591 3891 2657 Quomodo
3919 2628 3938 2652 ,

2336 2716 2519 2772 quaeso
2539 2741 2554 2764 ,
2588 2695 2917 2766 impossibile
2944 2692 3062 2746 est?
3094 2681 3468 2742 vulnus'nobis
3495 2703 3521 2738 ιι
3554 2685 3725 2736 verbis
3756 2681 3941 2734 nasci-

2341 2794 2468 2848 tur?
2495 2791 2773 2845 cicatrices
2805 2788 2856 2841 in
2887 2782 3201 2852 corporibus
3229 2789 3352 2831 sunt
3373 2781 3396 2830 ’ἐ
3416 2779 3569 2846 quale
3597 2777 3752 2841 igitur
3779 2773 3942 2826 nobis

2339 2887 2594 2939 damnum
2624 2877 2863 2934 accidit?
2895 2876 3074 2945 Itaque
3105 2875 3147 2926 si
3179 2873 3421 2932 velimus,
3458 2873 3596 2922 l‘crrc
3626 2881 3944 2936 possumus.

2346 2977 2612 3030 Ponamus
2651 2971 2807 3025 nobis
2854 2969 3024 3036 legem
3076 2980 3142 3018 ne
3191 2961 3506 3023 doleamus,
3552 2970 3604 3012 et
3642 2956 3946 3011 sustinebi-

2347 3081 2464 3120 mus
2493 3084 2504 3118 :
2543 3064 2695 3118 nobis
2728 3062 2858 3131 ipsis
2886 3061 3127 3114 dicamus
3152 3075 3165 3108 :
3189 3055 3302 3110 Non
3331 3064 3411 3109 est
3442 3051 3750 3115 inimicitim,
3782 3051 3949 3102 infir-

2348 3156 2548 3211 mitatis
2591 3163 2714 3210 est:
2759 3167 2887 3207 vere
2928 3151 3069 3204 enim
3113 3145 3439 3201 infirmitatis
3470 3154 3571 3198 est.
3617 3135 3750 3195 Nam
3796 3139 3951 3208 quod

2350 3267 2457 3307 non
2486 3249 2554 3304 sit
2580 3264 2645 3302 ex
2679 3245 2954 3300 inimicitia
2987 3243 3072 3297 vel
3104 3241 3451 3308 malignitate,
3485 3235 3826 3288 voluitetiatn
3856 3233 3954 3285 ille

2351 3359 2409 3399 sc
2447 3342 2736 3401 cohibere,
2784 3337 3028 3408 quamvis
3071 3336 3121 3387 in
3171 3332 3346 3386 multis
3389 3341 3455 3383 su
3508 3329 3685 3382 laesus.
3740 3327 3793 3381 Si
3843 3325 3952 3379 hoc

2351 3435 2754 3492 cmisidcremus
2783 3431 2956 3484 solum
2984 3469 2998 3491 ,
3031 3425 3171 3495 quod
3201 3440 3264 3477 ex
3304 3422 3611 3475 infirmitate
3639 3421 3707 3472 sit
3734 3461 3750 3484 ,
3799 3417 3956 3473 ferc-

2354 3543 2473 3582 tnus
2501 3568 2514 3589 ,
2549 3533 2604 3580 et
2647 3524 2984 3592 ignoscemus
3026 3516 3242 3587 quidem
3276 3514 3346 3568 illi
3374 3555 3388 3578 ,
3421 3512 3840 3579 conabimurqne
3884 3526 3959 3563 ne

2355 3631 2406 3673 et
2437 3619 2534 3687 ipsi
2583 3617 2856 3670 cadamns.
2899 3611 3028 3666 Nam
3060 3622 3250 3662 omnes
3273 3647 3290 3671 ,
3331 3605 3420 3674 qui
3452 3612 3740 3672 pra‘scnlcs
3780 3610 3911 3653 sunt
3936 3641 3957 3666 ,

2358 3708 2703 3774 interrogabo
2735 3725 2746 3757 :
2791 3719 2916 3756 num
2952 3703 3019 3754 ita
3050 3697 3412 3768 philosophari
3443 3695 3662 3763 potestis
3684 3734 3695 3754 ,
3728 3703 3781 3744 nt
3815 3709 3960 3744 tann-

2361 3801 2611 3857 tunielias
2645 3795 2867 3852 feratis?
2915 3793 3110 3861 Utique
3149 3800 3295 3858 puto.
3343 3787 3482 3853 Ergo
3530 3785 3615 3836 ille
3662 3783 3858 3835 invitus
3907 3795 3962 3838 te

2359 3890 2682 3947 Contumelia
2715 3885 2893 3940 affecit
2918 3927 2930 3945 ,
2967 3899 3071 3936 non
3103 3880 3286 3934 volens
3311 3919 3324 3939 ,
3355 3877 3448 3930 srd
3491 3875 3558 3930 ab
3596 3874 3785 3928 afl'cctu
3826 3889 3964 3926 coa-

2361 3996 2479 4039 ctus
2509 4001 2521 4036 :
2561 3991 2613 4035 te
2644 3978 2880 4033 contine.
2925 3973 3040 4028 Non
3074 3971 3224 4025 vides
3253 3967 3654 4023 dscnioniacos?
3685 3965 3834 4016 Sicut
3868 3966 3964 4018 illo

2365 4093 2471 4132 non
2512 4086 2616 4129 tam
2647 4087 2710 4127 ex
2744 4069 3018 4124 inimicitia
3039 4107 3054 4130 ,
3083 4080 3240 4133 quam
3270 4078 3332 4115 ex
3365 4060 3674 4112 infirmitate
3713 4058 3815 4110 hoc
3836 4074 3966 4110 sns~

2367 4169 2501 4221 tinet
2535 4183 2550 4219 :
2580 4164 2658 4218 sic
2682 4171 2738 4216 ct
2778 4175 2877 4214 nos
2919 4173 3024 4211 non
3075 4165 3180 4209 tam
3212 4168 3242 4206 a
3276 4151 3720 4206 contunn-liarum
3767 4156 3966 4202 natura

2370 4271 2650 4312 movemur
2669 4295 2683 4318 ,
2716 4266 2876 4322 quam
2903 4266 2931 4301 a
2966 4247 3119 4301 nobis
3148 4244 3294 4314 ipsis.
3326 4242 3538 4297 Etenim
3567 4240 3838 4310 quomodo
3885 4242 3969 4293 in—

2370 4351 2642 4404 sanientes
2672 4343 2890 4399 easdem
2934 4338 3287 4394 contumelias
3314 4336 3598 4389 inferentes
3627 4333 3923 4385 toleramus
3945 4333 3970 4384 ?

2373 4443 2579 4495 Rursus
2608 4438 2651 4493 si
2679 4435 2835 4490 amici
2862 4441 2987 4498 sunt
3018 4433 3072 4494 ii,
3101 4430 3191 4500 qui
3221 4427 3570 4482 contumelias
3597 4424 3850 4488 inferunt,
3882 4427 3971 4478 vel

2373 4537 2417 4591 si
2445 4533 2674 4603 majores
2698 4571 2711 4594 ,
2757 4527 3016 4583 ferimus:
3049 4521 3320 4593 quomodo
3349 4535 3476 4587 ergo
3522 4532 3625 4571 non
3668 4515 3968 4572 absurdum

2372 4625 2565 4688 fuerit,
2599 4637 2718 4677 cum
2751 4631 2860 4673 tres
2891 4619 2996 4670 sint
3020 4657 3035 4680 ,
3067 4628 3258 4681 nempe
3283 4610 3476 4674 amici,
3510 4606 3681 4662 insani
3707 4615 3760 4660 ct
3790 4607 3970 4675 majo-

2374 4733 2483 4782 res,
2515 4716 2655 4770 fcrre
2681 4714 2836 4774 illos;
2869 4725 3022 4779 pares
3048 4717 3228 4760 autem
3257 4705 3338 4758 vel
3370 4703 3604 4756 minores
3633 4715 3741 4754 non
3779 4699 3971 4755 ferre?

2376 4805 2676 4879 Saepcdisi
2704 4824 2718 4859 :
2761 4802 3021 4857 Moments
3059 4813 3132 4852 .ea
3161 4812 3246 4851 res
3275 4803 3357 4849 est
3385 4805 3438 4849 et
3477 4793 3646 4847 subita
3675 4791 3924 4861 abreptio
3953 4809 3971 4846 :

2379 4917 2566 4973 run-um
2592 4899 2904 4959 toleremus,
2933 4902 2988 4946 et
3006 4901 3172 4945 totum
3203 4887 3540 4958 perfecimus.
3569 4883 3781 4950 Quanto
3801 4885 3972 4953 magis

2378 4989 2755 5046 contumeliam
2780 4984 2961 5048 infert,
2981 4991 3127 5036 tanto
3145 4979 3406 5033 infirmior
3418 4973 3740 5031 est.Nostin’
3754 4974 3970 5042 quando

2380 5096 2625 5157 oporteat
2651 5079 2878 5140 dolere?
2906 5077 3129 5145 Quando
3156 5075 3307 5130 nobis
3328 5072 3706 5128 contmncliam
3736 5071 3970 5128 inferen-

2383 5182 2525 5238 tibus
2552 5180 2640 5235 ille
2671 5176 2901 5239 tacebit;
2948 5180 3072 5226 tunc
3100 5170 3244 5226 enim
3272 5168 3364 5222 ille
3392 5165 3606 5235 quidem
3635 5162 3788 5217 fortis
3813 5205 3828 5228 ,
3875 5181 3975 5218 nos

2385 5283 2560 5328 autem
2589 5268 2786 5326 infirmi
2814 5279 3040 5320 sumus:
3084 5264 3127 5317 si
3156 5276 3286 5316 vero
3311 5258 3638 5314 contrarium
3667 5256 3935 5311 efficiatur
3958 5298 3973 5319 ,

2385 5364 2544 5419 etiam
2587 5359 2823 5431 gaudere
2860 5365 3111 5426 oportet:
3155 5359 3442 5406 coronatus
3477 5363 3568 5411 es,
3615 5348 3978 5417 proclamatus

2386 5470 2483 5519 es;
2538 5470 2646 5509 non
2683 5453 2734 5505 in
2784 5465 3007 5519 agonem
3053 5446 3246 5500 ductus
3271 5485 3287 5509 ,
3321 5457 3426 5496 non
3455 5442 3584 5497 solis
3655 5439 3932 5494 radiorum
3961 5483 3976 5504 ,

2389 5546 2620 5616 pulveris
2647 5542 2891 5597 ntalestia
2920 5539 3166 5601 affectus,
3201 5550 3307 5590 non
3331 5533 3596 5589 consertis
3623 5531 3871 5585 manibus
3895 5530 3977 5586 vel

2389 5640 2536 5694 ansis
2585 5637 2764 5701 datis;
2813 5635 2906 5689 sed
2953 5633 3229 5685 voluntate
3275 5637 3478 5682 tantum
3506 5667 3521 5690 ,
3554 5635 3608 5679 et
3656 5623 3854 5678 sedens
3895 5626 3978 5679 vel

2391 5741 2575 5796 stans,
2620 5741 2865 5797 magnam
2908 5722 3156 5792 accepisti
3190 5735 3481 5783 coronam;
3530 5732 3625 5773 nec
3659 5716 3819 5771 modo
3861 5733 3979 5772 ma~
