4072 6414
182 292 274 347 ἴδω

177 427 360 481 gnam,
389 409 485 466 sed
517 408 623 465 illis
660 408 820 480 longe
845 407 1101 476 majorem
1127 407 1144 438 ⁸
1175 421 1190 460 :
1225 421 1330 461 non
1362 421 1458 475 par
1495 414 1577 472 est
1617 405 1761 458 enim

180 503 446 558 inimicum
499 513 897 574 Oppugnantem
941 501 1140 566 ferire,
1182 508 1237 555 et
1277 500 1379 554 tela
1411 500 1506 554 ira:
1532 499 1767 552 vincere.

180 595 355 650 Vicisti
396 596 542 650 nulla
584 596 707 650 data
746 609 911 659 ansa,
947 595 1194 648 morbum
1224 593 1387 648 animi
1431 603 1579 646 tuum
1621 590 1770 659 deje-

175 687 285 739 cisti
308 727 323 748 ,
356 696 687 739 conunolam
719 689 884 740 feram
913 684 1166 754 jugulasti
1189 723 1207 749 ,
1238 694 1292 737 et
1325 681 1560 736 furorem
1609 696 1774 735 eom—

177 778 454 844 pressisti,
503 787 559 830 ut
606 786 792 845 pastor
822 776 1036 845 quidam
1074 776 1346 842 optimus:
1387 773 1544 827 civile
1575 770 1771 825 bellum

175 869 410 922 futurum
451 876 602 931 erat,
636 867 929 920 domestica
977 880 1170 935 pugna.
1203 863 1336 919 Nam
1383 865 1521 917 sicut
1566 861 1636 922 ii,
1683 861 1772 930 qui

175 961 369 1014 Incertis
413 959 544 1013 foris
594 959 889 1022 obsident,
939 958 1097 1011 civile
1147 955 1345 1009 bellum
1397 955 1670 1018 excitant,
1721 962 1775 1006 et

173 1053 240 1104 ita
273 1053 500 1104 vincunt
529 1068 542 1102 :
596 1050 676 1104 sic
707 1050 795 1118 qui
827 1048 1208 1102 contumeliam
1241 1045 1402 1100 infert
1430 1087 1442 1107 ,
1490 1045 1534 1098 si
1567 1044 1773 1114 passio-

175 1159 298 1198 nem
335 1146 387 1196 in
423 1128 580 1196 nobis
610 1157 717 1195 non
750 1142 943 1196 excitet
964 1181 978 1204 ,
1010 1142 1224 1194 vincere
1267 1153 1373 1192 non
1407 1137 1640 1206 poterit;
1674 1136 1773 1189 nisi

173 1252 269 1291 nos
301 1236 406 1305 ipsi
442 1251 541 1288 nos
574 1235 955 1297 incendamus,
988 1234 1078 1288 ille
1109 1234 1308 1288 nullam
1341 1233 1446 1285 vim
1483 1230 1661 1285 habet.
1697 1230 1779 1284 Sit

169 1329 315 1383 enim
352 1328 512 1381 nobis
547 1328 640 1381 ine
671 1326 904 1380 scintilla
932 1367 948 1390 ,
987 1335 1042 1379 ut
1071 1334 1375 1393 Opportune
1412 1323 1736 1376 accendatur
1760 1362 1774 1383 ,

171 1435 276 1471 non
307 1427 500 1471 contra
535 1432 634 1470 nos
659 1418 825 1485 ipsos,
853 1431 917 1469 ne
941 1431 1038 1470 nos
1066 1415 1360 1469 innumeris
1387 1413 1578 1466 afliciat
1601 1412 1775 1465 malis.

169 1510 282 1565 Non
314 1510 512 1564 videtis
542 1511 593 1563 iu
623 1510 874 1563 domibus
903 1509 1078 1578 ignem
1120 1507 1451 1562 reconditum
1479 1547 1492 1570 ,
1523 1521 1624 1560 nec
1660 1506 1778 1560 ubi-

168 1617 270 1670 que
301 1602 607 1671 projectum
635 1641 648 1664 ,
685 1616 789 1653 non
823 1599 874 1654 in
911 1600 1052 1654 foeno
1077 1641 1090 1662 ,
1125 1615 1232 1653 non
1265 1599 1316 1652 in
1341 1598 1585 1652 vestibus
1610 1639 1625 1661 ,
1675 1612 1778 1650 non

172 1704 379 1746 temere
407 1733 422 1754 ,
456 1707 523 1746 ne
551 1693 714 1745 ﬂante
747 1701 908 1745 vento
937 1691 1295 1755 incendatur;
1327 1690 1420 1745 sed
1452 1691 1566 1745 sive
1591 1690 1779 1742 ancilla

174 1783 456 1837 lucernam
498 1782 688 1836 habeat
712 1825 726 1848 ,
769 1781 882 1836 sive
912 1798 1074 1837 cocus
1109 1782 1405 1847 accendat,
1439 1781 1784 1836 denuntiatur

173 1876 294 1940 illis,
325 1891 398 1930 ne
426 1874 494 1928 ad
527 1885 771 1941 ventum,
807 1892 873 1929 ne
906 1891 1073 1945 prope
1105 1875 1362 1937 tabulam,
1399 1892 1464 1931 ne
1494 1887 1653 1930 noctu
1682 1876 1785 1929 hoc

175 1965 419 2031 faciant;
457 1967 550 2021 sed
579 1967 902 2022 adveniente
935 1979 1092 2022 nocte
1121 1969 1297 2038 ignem
1329 1968 1600 2036 sepimus,
1632 1968 1784 2023 veriti

174 2074 236 2112 ne
280 2059 424 2114 forte
461 2059 855 2115 dormientibus
895 2062 1051 2114 nobis
1089 2071 1144 2115 et
1182 2064 1398 2115 uem'ne
1427 2073 1648 2116 curante
1692 2077 1784 2115 ac-

171 2152 441 2207 cendatur
461 2195 476 2218 ,
511 2164 567 2206 et
603 2169 796 2208 omnes
826 2155 1058 2209 exurat?
1091 2154 1202 2208 lloc
1231 2155 1283 2208 in
1313 2155 1389 2207 ira
1417 2170 1627 2224 quoque
1657 2156 1744 2206 fiat
1770 2174 1781 2206 :

175 2261 238 2297 ne
266 2245 498 2298 omnino
527 2244 578 2296 in
607 2244 1025 2314 cogitationibus
1052 2247 1254 2301 nostris
1282 2246 1624 2316 dispergalur
1645 2287 1658 2308 ,
1690 2245 1785 2301 sed

175 2338 223 2390 in
255 2336 496 2405 quodam
524 2337 722 2391 mentis
757 2336 1020 2406 profundo
1053 2347 1281 2406 ponatur
1301 2380 1315 2403 ,
1344 2347 1403 2391 ut
1432 2354 1500 2392 ne
1526 2347 1718 2392 ventus
1757 2353 1785 2392 a

176 2429 354 2482 verbis
385 2427 686 2482 adversarii
731 2428 886 2482 facile
918 2429 1205 2491 adveniat,
1239 2429 1333 2483 sed
1365 2445 1394 2484 a
1427 2430 1583 2484 nobis
1614 2431 1787 2483 susci-

174 2520 352 2589 piatur
381 2532 596 2583 ventus,
629 2521 928 2576 scientibus
956 2522 1104 2575 illum
1135 2531 1433 2593 temperate
1458 2533 1513 2577 et
1542 2531 1653 2577 tuto
1676 2538 1792 2576 rno-

177 2628 320 2667 vere.
361 2613 421 2667 Si
453 2613 656 2667 deforis
690 2623 907 2668 ventum
939 2615 1187 2683 accipiat,
1223 2615 1393 2669 nescit
1422 2614 1662 2679 modum,
1694 2615 1789 2668 sed

174 2705 356 2757 omnia
388 2706 686 2758 accendet:
718 2721 862 2772 εαειιο
892 2705 1049 2759 nobis
1075 2705 1465 2761 dormientibus
1492 2717 1677 2761 ventus
1702 2706 1792 2760 ille

177 2795 385 2850 incidet
428 2805 484 2849 et
515 2795 697 2850 Omnia
724 2797 1026 2852 comburct.
1075 2797 1156 2852 Sit
1185 2814 1315 2868 ergo
1347 2798 1502 2852 nobis
1544 2808 1746 2852 tantum
1772 2840 1788 2865 ,

177 2899 233 2940 ut
259 2889 437 2942 lucem
463 2888 726 2942 accendat
751 2904 764 2941 :
799 2888 972 2944 lucem
1002 2890 1146 2943 enim
1175 2889 1422 2944 accendit
1448 2890 1544 2953 ira,
1576 2891 1793 2959 quando

175 2981 440 3035 decenter
463 2991 711 3036 movetur
739 2992 824 3036 :et
852 2980 996 3036 faecs
1024 2983 1318 3036 habeamus
1339 2991 1526 3036 contra
1556 2997 1673 3047 eos,
1702 2985 1792 3052 qui

175 3075 312 3127 alios
345 3074 548 3128 I211“!!!
569 3116 584 3137 ,
607 3082 797 3127 contra
827 3073 1120 3128 diabolum.
1148 3073 1226 3128 Ne
1251 3076 1445 3144 ubique
1467 3078 1666 3143 jaceat,
1697 3089 1796 3130 nec

181 3165 506 3234 projiciatur
537 3165 796 3230 scintilla,
825 3163 918 3218 sed
962 3165 1013 3218 in
1054 3165 1237 3220 cinere
1267 3180 1545 3221 servemus
1573 3185 1586 3220 :
1618 3168 1667 3219 in
1699 3167 1794 3220 lni-

181 3256 399 3310 milibus
440 3256 856 3325 cogitationibus
900 3257 1175 3326 sopiamus
1223 3257 1534 3325 illam.‘Non
1581 3273 1797 3327 semper

182 3349 263 3402 illa
289 3364 430 3418 opus
459 3347 740 3412 habemus,
769 3347 862 3402 sed
892 3348 1108 3417 quando
1130 3349 1340 3416 operari
1363 3350 1487 3419 quid
1509 3359 1718 3418 opocht
1743 3360 1797 3403 et

180 3440 431 3494 emollire
453 3482 468 3503 ,
497 3440 715 3508 quando
746 3440 1093 3508 pertinaciam
1124 3454 1405 3508 superare,
1436 3442 1650 3509 quando
1682 3443 1796 3494 ani-

183 3547 324 3585 mam
356 3532 704 3600 redarguere.

251 3625 307 3678 4.
349 3623 716 3677 Reconciliatio
741 3625 994 3694 quomodo
1019 3626 1600 3695 quaerenda.—Quanta
1625 3629 1697 3680 ira
1719 3627 1797 3679 fu-

184 3733 384 3785 rorque
409 3717 546 3768 mala
569 3728 889 3785 pepererunt
918 3718 931 3772 !
953 3718 1214 3787 Quodque
1229 3721 1443 3788 gravius
1461 3730 1561 3778 ρει,
1583 3721 1797 3789 quando

189 3810 488 3877 surgimus,
525 3824 631 3862 non
660 3810 798 3863 ultra
829 3810 988 3863 simul
1017 3811 1308 3864 convenire
1335 3811 1630 3880 poterimus
1651 3854 1663 3873 ,
1703 3813 1796 3866 sed

185 3903 320 3954 alios
353 3911 736 3969 exspectamus
766 3917 779 3952 :
811 3901 1177 3970 unusquisque
1207 3901 1554 3955 confunditur
1585 3919 1638 3955 et
1671 3919 1797 3955 eru-

187 3991 358 4046 lascit
388 3990 604 4044 rediens
632 3991 696 4043 ad
726 3992 1191 4046 rcc0uciliandum
1221 3992 1408 4046 alitnn.
1439 3993 1600 4058 Vide,
1634 3994 1796 4050 dividi

187 4095 233 4139 et
265 4083 500 4138 discindi
533 4099 638 4136 non
669 4084 957 4150 erubescit,
992 4085 1085 4139 sed
1119 4085 1177 4138 iit
1206 4087 1327 4140 mali
1361 4088 1465 4141 dux
1495 4103 1509 4152 ;
1539 4087 1799 4142 accedere

187 4188 370 4229 autem
400 4186 454 4229 et
487 4175 717 4230 scissum
748 4192 1013 4233 censuere
1040 4178 1329 4232 erubescit.
1363 4180 1539 4247 Atque
1568 4180 1798 4248 idipsum

189 4269 439 4338 contigit,
466 4283 528 4322 ac
559 4268 600 4320 si
629 4268 749 4337 quis
778 4269 1076 4322 membrum
1105 4269 1320 4338 quidem
1347 4270 1664 4325 abscindere
1693 4286 1799 4325 non

189 4370 448 4430 gravetur
473 4401 488 4422 ,
532 4359 863 4430 (oujungcre
901 4372 1078 4415 autem
1123 4363 1424 4416 erubescit.
1455 4363 1591 4429 Quid
1624 4363 1760 4417 diris
1783 4404 1798 4426 ,

195 4454 404 4507 homo?
437 4453 662 4505 nmltum
695 4453 876 4505 la-sisti
898 4495 911 4516 ,
942 4463 997 4507 et
1028 4455 1139 4522 ip~e
1167 4464 1354 4507 auctor
1383 4453 1526 4507 fuisti
1572 4455 1801 4522 pugna}?

195 4548 377 4614 Itaque
422 4547 544 4612 jure
577 4545 722 4612 prior
749 4560 846 4600 eas
881 4558 933 4599 et
964 4547 1327 4600 reconcilieris
1351 4589 1364 4611 ,
1396 4555 1580 4615 utpote
1610 4548 1699 4617 qui
1748 4548 1800 4600 in

192 4655 355 4690 causa
389 4637 575 4691 fueris.
608 4639 675 4690 At
720 4637 879 4692 la-sus
920 4655 978 4692 cs
1003 4681 1017 4703 ,
1051 4648 1107 4692 et
1155 4640 1242 4692 ille
1286 4642 1336 4692 iu
1379 4657 1537 4692 causa
1571 4642 1696 4694 est?
1737 4641 1802 4695 Et

194 4731 313 4783 ideo
345 4731 509 4800 igitur
531 4771 546 4794 ,
585 4739 641 4782 ut
683 4731 850 4799 magis
879 4730 1220 4783 admirationi
1255 4732 1500 4784 liabearis
1522 4774 1534 4793 ,
1569 4741 1625 4785 ut
1656 4742 1709 4786 ct
1751 4735 1800 4786 in

197 4823 372 4889 primo
403 4830 454 4875 et
489 4821 539 4872 in
569 4821 807 4874 secundo
836 4824 1032 4890 primas
1067 4823 1282 4875 habeas.
1315 4811 1426 4876 Non
1460 4822 1600 4876 fuisti
1631 4825 1805 4877 inimi-

193 4916 334 4967 citia:
371 4928 536 4966 causa
563 4954 576 4976 ,
624 4913 695 4964 ita
743 4929 841 4967 nec
868 4929 1027 4966 causa
1059 4928 1174 4967 esto
1203 4916 1343 4981 quod
1372 4932 1430 4968 ea
1463 4917 1683 4969 ulterius
1710 4934 1804 4970 cx-

198 5007 487 5060 tcudatur:
538 5006 778 5060 fortassis
824 5017 876 5058 et
925 5007 1014 5059 ille
1067 5008 1355 5059 nmltormn
1405 5009 1505 5060 sibi
1554 5012 1804 5063 Conscius

195 5098 489 5151 erubescit.
525 5097 629 5150 Sed
663 5112 919 5165 arrogans
951 5110 1024 5151 ρει
1051 5099 1073 5150 ?
1115 5100 1238 5152 Ideo
1270 5100 1501 5152 maxime
1531 5119 1596 5153 ne
1626 5102 1804 5170 segnis

196 5194 269 5244 θὶς
302 5189 372 5243 ad
403 5188 771 5243 accedendum
801 5207 811 5240 :
844 5207 963 5242 nam
993 5191 1185 5259 duplex
1219 5202 1301 5245 est
1331 5194 1469 5260 apud
1503 5195 1646 5246 illum
1684 5212 1801 5263 pas-

198 5282 314 5345 sio,
369 5281 676 5350 arrogantia
727 5292 780 5333 et
831 5281 926 5334 ira.
977 5282 1054 5335 Tu
1087 5283 1301 5349 quidem
1333 5301 1550 5339 can3am
1581 5287 1802 5352 dixisti,

203 5383 424 5441 propter
453 5388 615 5440 quam
651 5372 795 5440 prior
824 5373 1083 5427 accedere
1122 5373 1289 5427 debes
1313 5417 1327 5439 ,
1359 5378 1477 5445 quia
1513 5392 1674 5431 sanus
1705 5393 1761 5431 cs
1791 5423 1803 5445 ,

202 5467 322 5531 quia
355 5463 542 5518 videre
577 5479 612 5531 p
635 5471 730 5516 :tcs
758 5480 770 5515 :
805 5463 895 5518 ille
927 5480 1158 5534 namque
1190 5466 1240 5517 in
1272 5468 1508 5521 tenebris
1542 5478 1656 5533 est;
1689 5470 1807 5523 talis

203 5556 399 5626 quippe
432 5564 514 5608 cst
549 5556 622 5606 ira
656 5563 709 5608 et
737 5555 1063 5624 arrogantia.
1098 5555 1178 5610 Tu
1208 5573 1335 5610 vero
1367 5558 1433 5611 ab
1464 5559 1566 5612 illis
1600 5560 1808 5614 liberet

279 5697 310 5759 Ἀ
328 5692 528 5749 Quidam
548 5693 744 5759 lcgant.
770 5703 994 5759 mmmam
1016 5690 1244 5752 accepisti
1270 5706 1495 5742 coronam
1512 5730 1524 5750 ,
1553 5694 1646 5744 illis
1674 5694 1810 5756 hunc

213 5753 511 5821 mainrﬂnp
537 5753 686 5803 uissia
705 5754 1019 5815 interpositis.

1202 283 1267 340 lN
1308 283 1484 340 ACTA
1529 278 2055 337 APOSTULUBUM.
2101 278 2329 335 llOillL
2373 277 2436 333 L.

3381 279 3486 331 ἵῐιίὶ

1880 420 2042 458 sanus
2082 405 2276 457 (tt-Cede
2308 402 2372 455 ad
2418 414 2619 469 nigrum
2665 396 2924 452 medicus.
2974 395 3108 451 Nunt
3151 397 3271 465 quis
3313 397 3489 449 medi-

1879 511 2064 550 Cormn
2097 495 2313 556 dixerit,
2362 493 2496 560 Quia
2546 491 2790 544 infirmus
2836 501 2957 554 ρει,
2994 504 3098 542 non
3147 487 3326 543 vado?
3375 485 3488 542 [tuo

1881 587 2003 643 ideo
2035 589 2266 642 maxime
2297 585 2497 639 vadunt
2524 626 2538 647 ,
2573 600 2694 638 cum
2736 582 2952 636 videant
2997 581 3143 636 illum
3193 596 3296 634 non
3329 593 3488 648 posse

1879 681 2084 733 venire.
2126 679 2257 734 Nam
2288 693 2402 740 ros,
2425 678 2513 746 qui
2549 677 2799 730 incedere
2824 675 3036 738 valent,
3064 674 3242 726 minus
3271 682 3485 730 curant.

1878 771 2019 838 quod
2050 785 2154 824 non
2188 769 2411 822 nimium
2454 775 2754 837 aagrotcnt;
2801 765 3189 819 dicumbeutcs
3216 779 3342 818 vero
3381 780 3485 817 non

1882 862 2029 914 item.
2066 863 2258 914 Annon
2291 859 2502 914 videtur
2547 859 2638 915 tibi
2686 857 2996 910 infirmitate
3031 856 3335 926 graviorem
3367 869 3488 909 esse

1880 955 2242 1026 arrogantiam
2273 962 2328 1007 et
2369 953 2547 1008 iram?
2589 965 2769 1006 annon
2822 949 2912 1004 illa
2963 949 3270 1004 vehementi
3311 947 3484 1014 febri,

1883 1049 2000 1102 haec
2023 1061 2153 1100 vero
2191 1046 2416 1099 tumenti
2449 1054 2502 1098 ct
2532 1043 2720 1098 inflato
2750 1042 2964 1111 corpori
3003 1041 3197 1095 similis
3223 1050 3307 1094 est
3322 1042 3343 1092 ?
3379 1040 3485 1094 Co-

1882 1141 1988 1209 gita
2015 1150 2277 1208 quantum
2330 1140 2398 1192 sit
2445 1138 2636 1192 febrim
2687 1144 2745 1192 et
2793 1135 3076 1190 humorem
3110 1133 3348 1189 habere:
3395 1150 3486 1186 va:

1881 1232 1970 1295 de,
2002 1231 2285 1300 extingue
2316 1231 2492 1300 ignem
2524 1246 2536 1281 :
2572 1231 2726 1298 potes
2766 1227 2912 1281 enim
2958 1242 3054 1295 per
3096 1227 3322 1296 gratiam
3359 1226 3446 1279 Dei
3477 1242 3487 1273 :

1883 1327 2034 1392 quasi
2063 1338 2201 1393 aqua
2245 1337 2528 1392 compesce
2557 1322 2828 1375 ardorem.
2876 1319 3014 1387 Quid
3045 1335 3206 1390 ergo,
3240 1318 3448 1388 inquies
3473 1360 3490 1384 ,

1884 1416 1926 1468 si
1958 1414 2060 1469 hoc
2104 1416 2219 1484 ipso
2262 1419 2432 1483 magis
2470 1412 2801 1468 extollatur?
2833 1412 2976 1467 Nihil
3021 1411 3090 1465 ad
3139 1421 3228 1464 te:
3263 1419 3318 1464 tu
3349 1411 3492 1464 enim

1886 1509 2026 1577 quod
2070 1509 2121 1562 in
2168 1518 2218 1561 te
2260 1517 2376 1562 crat
2406 1506 2576 1561 fecisti
2604 1548 2618 1573 ,
2651 1505 2741 1560 ille
2769 1505 2869 1559 sibi
2899 1505 2998 1574 ipsi
3032 1504 3297 1573 imputet:
3333 1503 3494 1556 modo

1889 1615 1954 1654 nc
1984 1599 2313 1653 condemnet
2344 1615 2443 1652 nos
2467 1598 2799 1653 conscientia
2831 1605 3034 1660 nostra,
3069 1597 3210 1666 quod
3244 1595 3370 1649 illud
3401 1594 3497 1648 fiat

1889 1690 2043 1746 nobis
2083 1707 2204 1760 qua:
2248 1691 2665 1760 requirebantur
2695 1688 3082 1742 omittenlibus.
3122 1686 3288 1741 Pasce
3326 1687 3499 1741 inimi-

1887 1801 2003 1837 cum
2050 1793 2193 1836 tuum
2225 1823 2240 1848 ,
2288 1783 2500 1853 inquit,
2553 1785 2650 1836 hoc
2691 1782 2826 1835 enim
2859 1782 3051 1851 faciens
3081 1782 3325 1833 carbones
3363 1779 3498 1852 ignis

1888 1873 2182 1928 acruntulas
2206 1890 2360 1944 super
2389 1884 2542 1943 caput
2577 1874 2690 1941 eius
2714 1872 2733 1944 (
2760 1871 2912 1926 Rom.
2947 1869 3032 1926 12.
3063 1870 3134 1925 20
3155 1871 3195 1941 ).
3229 1871 3293 1924 Ει
3319 1881 3497 1925 tamen

1889 1982 2011 2022 cum
2053 1983 2141 2021 res
2173 1967 2243 2020 ita
2275 1967 2491 2032 haheat,
2517 1966 2670 2037 jubet
2697 1967 2845 2020 abire
2868 2006 2883 2029 ,
2917 1965 3261 2021 reconciliari
3308 1974 3364 2021 et
3406 1966 3500 2019 bc-

1892 2058 2142 2113 ncfacere
2165 2100 2178 2124 ,
2212 2073 2319 2112 non
2354 2068 2412 2112 ut
2452 2058 2718 2113 carbones
2747 2058 2884 2129 ignis
2913 2059 3358 2124 accumulemus;
3406 2063 3500 2114 scd

1893 2164 1951 2209 ut
1981 2156 2072 2211 ille
2102 2154 2204 2210 hoc
2234 2156 2413 2209 sciens
2443 2165 2856 2224 compcscatur,
2893 2164 2951 2208 ut
2983 2164 3178 2211 tremat
3221 2154 3504 2209 formidet-

1893 2263 1997 2317 que
2045 2248 2215 2316 magis
2265 2246 2526 2301 beneficia
2569 2262 2730 2316 quam
2764 2245 3107 2311 inimicitias,
3140 2256 3195 2301 et
3240 2247 3507 2300 amicitias

1896 2339 2066 2410 magis
2107 2353 2269 2410 quam
2318 2338 2562 2393 insidias.
2615 2337 2732 2392 Non
2775 2339 2917 2392 enim
2951 2339 3202 2394 inimicus
3247 2340 3506 2392 lillitlllt'lll

1896 2431 2165 2485 meditans
2196 2433 2265 2485 ita
2294 2431 2441 2486 la'dit
2470 2447 2530 2486 se
2556 2430 2853 2491 odientcm.
2892 2440 2951 2485 ut
2981 2432 3068 2500 qui
3094 2431 3309 2500 adjuvat
3340 2443 3390 2485 ct
3417 2433 3510 2485 be.—

1897 2522 2114 2576 nefacit.
2148 2522 2361 2577 Etenim
2394 2523 2485 2592 qui
2520 2523 2780 2577 ultionem
2810 2517 3104 2576 rieditatur
3130 2563 3145 2586 ,
3176 2532 3228 2574 et
3261 2537 3319 2576 se
3363 2523 3507 2574 laulit

1896 2624 1950 2668 et
1978 2615 2123 2668 illum
2160 2613 2299 2668 forte
2332 2629 2555 2684 parum;
2590 2616 2680 2685 qui
2711 2625 2893 2669 autem
2923 2613 3215 2679 benefacit,
3247 2615 3512 2668 carbones

1899 2707 2036 2776 ignis
2062 2707 2369 2761 accumulat
2394 2723 2560 2775 super
2586 2715 2746 2775 caput
2775 2705 2914 2775 ejus.
2944 2705 3086 2776 Ergo
3119 2707 3168 2759 id
3198 2705 3376 2760 facere
3403 2723 3511 2760 non

1898 2799 2201 2864 debemus,
2256 2813 2324 2852 ne
2373 2799 2778 2852 accumulemus
2824 2798 3134 2853 carbones?
3183 2798 3288 2853 Sed
3335 2799 3515 2854 alioue

1899 2890 2061 2944 modo
2109 2889 2192 2943 vis
2240 2889 2504 2944 carbones
2549 2904 2845 2960 congerere
2903 2903 3069 2959 super
3107 2899 3272 2958 caput
3317 2892 3516 2945 tuum?

1899 2981 2100 3035 etenim
2151 2981 2257 3034 hoc
2309 2980 2437 3035 facit
2483 2982 2703 3037 ultionis
2742 2982 3029 3050 cupiditas.
3065 2981 3175 3037 Sed
3220 2984 3389 3053 magis
3435 2984 3516 3037 vis

1901 3074 2194 3128 extendam
2220 3077 2242 3127 ἲ
2264 3074 2484 3129 Minime
2511 3092 2522 3127 :
2551 3088 2658 3128 non
2685 3074 2828 3128 enim
2860 3084 2917 3128 tu
2946 3073 3047 3129 hoc.
3067 3074 3219 3140 facis,
3251 3075 3344 3130 sed
3373 3075 3516 3130 illius

1904 3166 2109 3221 feritas.
2138 3166 2194 3221 Si
2228 3167 2373 3219 cnim
2409 3175 2460 3220 te
2490 3165 2862 3221 benefaciente
2885 3175 2938 3221 et
2971 3167 3276 3220 bonorante
3308 3176 3361 3220 et
3387 3182 3518 3222 cou-

1902 3258 2088 3311 ciliare
2118 3258 2391 3324 studente,
2423 3257 2516 3311 ille
2553 3267 2768 3312 maneat
2800 3273 3029 3312 servans
3057 3259 3386 3322 inimicitias,
3411 3260 3515 3315 sibi

1905 3351 2004 3417 ipsi
2050 3350 2227 3418 ignem
2271 3349 2558 3414 accendit;
2607 3350 2722 3418 ipse
2764 3365 2921 3404 suum
2956 3351 3164 3405 exussit
3206 3362 3405 3421 caput:
3461 3361 3518 3408 tu

1905 3456 2034 3495 vero
2066 3442 2371 3510 inculpatus
2412 3456 2490 3494 es.
2547 3441 2624 3495 Ne
2673 3441 2748 3495 sis
2790 3443 2961 3511 magis
3002 3443 3312 3498 misericors
3357 3459 3518 3515 quam

1909 3536 2068 3600 Deus,
2099 3536 2220 3604 quia
2254 3535 2539 3589 innumera
2574 3535 2793 3603 patieris
2824 3536 2978 3590 malis
3006 3537 3141 3589 mala
3169 3552 3183 3601 ;
3220 3537 3329 3590 imo
3355 3539 3397 3590 si
3427 3553 3522 3591 vo-

1908 3626 2100 3689 lueris,
2133 3640 2238 3678 non
2272 3626 2474 3694 poteris
2495 3667 2511 3691 ,
2540 3640 2607 3679 ne
2635 3626 2915 3679 minimum
2942 3626 3180 3696 quidem.
3231 3627 3520 3694 Quomodo

1905 3720 2047 3772 enim
2073 3722 2094 3773 Υ
2125 3719 2387 3783 Quantum
2419 3719 2575 3772 distat
2605 3719 2786 3773 cwlum
2816 3737 2847 3772 a
2877 3730 3011 3772 terra
3036 3761 3050 3784 ,
3082 3720 3286 3789 inquit,
3317 3730 3515 3774 tantum

1906 3815 2096 3865 distant
2127 3811 2342 3864 consilia
2369 3827 2478 3863 mea
2518 3828 2548 3863 α
2591 3812 2818 3864 consiliis
2863 3813 3040 3865 vestris
3087 3811 3257 3884 (lsai.
3297 3815 3384 3869 55.
3414 3815 3472 3881 9)
3504 3833 3516 3874 ;

1906 3913 1957 3956 et
1987 3919 2197 3957 rursum
2230 3921 2241 3954 :
2291 3902 2351 3956 Si
2382 3919 2489 3966 vos,
2516 3901 2710 3970 inquit,
2739 3917 2852 3954 cum
2876 3903 2986 3955 sitis
3012 3902 3157 3965 mali,
3192 3905 3350 3955 nostis
3384 3904 3516 3956 bona

1906 3995 2031 4046 dare
2067 3994 2190 4060 ﬁliis
2229 3993 2452 4053 vestris;
2503 4002 2696 4062 quanto
2741 3994 2906 4062 magis
2936 3991 3089 4044 Pater
3113 4004 3274 4046 vester
3305 3995 3519 4048 catlcstis

1907 4088 2046 4141 dabit
2078 4088 2216 4140 vobis
2268 4085 2488 4154 (Matth.
2537 4086 2590 4137 7.
2628 4084 2761 4153 H)?
2804 4084 2910 4138 Sed
2945 4086 3058 4138 ha'c
3088 4085 3341 4139 obtentus
3372 4095 3518 4139 sunt.

1908 4181 1985 4234 Ne
2029 4180 2191 4250 igitur
2235 4177 2532 4246 sopliistice
2563 4178 2982 4245 interpretemur
3010 4176 3261 4230 mandata
3295 4177 3406 4231 Dei.
3458 4179 3523 4232 Et

1907 4271 2181 4342 quomodo
2223 4271 2521 4339 sopbistice
2555 4268 3019 4338 interpretamur?
3056 4269 3236 4335 Dixit,
3286 4269 3400 4323 Hoc
3442 4271 3522 4339 {a-

1908 4368 2065 4432 ciens,
2096 4370 2338 4419 carbones
2366 4365 2499 4434 ignis
2521 4365 2752 4434 congeris
2783 4378 2933 4432 super
2958 4371 3112 4428 caput
3134 4364 3244 4430 ejus
3270 4380 3286 4424 ,°
3316 4373 3369 4417 tu
3396 4380 3525 4418 vero

1909 4460 2046 4513 dicis
2067 4501 2081 4525 ,
2113 4460 2303 4512 Timeo
2332 4458 2647 4521 inimicum,
2679 4456 2800 4526 quia
2833 4472 2917 4510 me
2950 4456 3105 4510 valde
3139 4457 3292 4511 la'sit.
3327 4459 3519 4511 Annon

1912 4551 2014 4605 hoc
2044 4551 2219 4604 dicis?
2257 4548 2542 4616 Quomodo
2591 4541 2870 4601 inimicum
2918 4547 3122 4601 habes?
3173 4548 3351 4601 Times
3400 4566 3524 4607 eum

1911 4646 1998 4709 qui
2047 4653 2096 4696 te
2142 4642 2274 4696 la-sit
2304 4681 2316 4703 ,
2367 4640 2599 4702 tcipsum
2641 4653 2771 4692 vero
2804 4654 2909 4690 non
2946 4638 3145 4691 times?
3187 4638 3400 4693 Utinam
3446 4644 3519 4694 tui
3585 4674 3595 4686 ι

1912 4751 2095 4787 curam
2131 4732 2386 4786 haberes!
2412 4731 2488 4784 Ne
2518 4729 2651 4784 illud
2685 4731 2785 4783 hoc
2828 4746 2993 4798 scopo
3027 4729 3230 4793 facias;
3279 4732 3386 4784 imo
3417 4735 3523 4787 sal-

1915 4839 2021 4879 tem
2068 4826 2167 4878 hoc
2198 4838 2364 4892 sc0po
2403 4822 2588 4907 faciiis.
2635 4821 2740 4876 Sed
2777 4837 2879 4875 non
2913 4821 3063 4875 facis.
3117 4821 3230 4875 Non
3276 4823 3396 4877 dico
3431 4826 3524 4878 tibi

1914 4921 2056 4986 quod
2089 4919 2354 4972 carbones
2383 4915 2518 4984 ignis
2546 4930 2828 4983 conger-cs,
2861 4914 2955 4968 sed
2985 4915 3146 4967 etiam
3179 4915 3322 4969 aliud
3355 4918 3527 4983 majus

1923 5013 2080 5064 lico:
2129 5021 2333 5063 unitum
2378 5009 2480 5062 fac.
2523 5008 2650 5062 llaec
2682 5012 2824 5061 enim
2864 5009 3043 5061 omnia
3078 5020 3132 5061 ut
3178 5020 3227 5063 te
3270 5022 3526 5080 pmxocct

1919 5105 2112 5158 Pardus
2156 5103 2281 5156 dicit
2311 5145 2324 5165 ,
2375 5106 2784 5170 exspectatione
2833 5117 3006 5170 punice
3038 5103 3252 5157 solvere
3293 5106 3526 5159 inimici-

1918 5200 2067 5251 tiam.
2113 5195 2377 5264 Quouiam
2412 5194 2564 5248 ferini
2599 5208 2804 5254 sumus,
2839 5209 3014 5262 neque
3043 5194 3202 5247 aliter
3225 5195 3526 5250 adducere-

1919 5304 2038 5339 mnr
2087 5287 2149 5338 ad
2201 5286 2478 5338 inimicum
2514 5283 2882 5352 diligendum,
2931 5285 3029 5337 nisi
3065 5287 3383 5353 supplicium
3433 5308 3531 5342 cx-

1919 5389 2310 5446 Spectaremus,
2335 5377 2486 5444 quasi
2518 5375 2728 5430 cuidam
2761 5377 2886 5428 fenc
2917 5375 3056 5430 hanc
3086 5393 3317 5430 massam
3345 5382 3524 5432 tradit.

1920 5471 2050 5525 Nam
2083 5469 2347 5539 apostolis
2381 5483 2486 5521 non
2518 5467 2622 5522 hoc
2649 5467 2897 5521 Christus
2923 5468 3083 5527 dicit,
3119 5470 3212 5520 sed
3252 5470 3418 5537 quid?
3460 5468 3529 5526 Ut

1919 5565 2025 5615 satis
2054 5561 2242 5615 similes
2277 5560 2422 5611 Patri
2444 5571 2627 5622 vestro,
2651 5561 2736 5627 qui
2759 5570 2828 5613 est
2861 5560 2910 5612 in
2931 5562 3066 5612 cwlis
3098 5561 3310 5630 (illa/(li.
3335 5562 3390 5617 5.
3410 5565 3526 5628 πί).

1921 5653 2170 5724 Alioquin
2198 5667 2323 5705 vero
2348 5651 2461 5705 fieri
2490 5667 2594 5705 non
2621 5661 2816 5720 potest,
2845 5661 2900 5704 ut
2926 5654 3013 5722 qui
3041 5653 3296 5707 bemrfieia
3325 5658 3459 5708 contu
3487 5669 3533 5713 rt

1923 5760 1972 5800 et
2005 5762 2092 5816 qui
2128 5747 2356 5815 accipit,
2390 5755 2640 5799 maneant
2688 5746 2910 5797 inimici.
2948 5746 3147 5799 ldrirco
3182 5746 3294 5801 ha'c
3332 5751 3527 5817 result.
