4072 6428
563 341 658 395 ὅδε

565 453 675 509 Cur
732 451 858 504 dum
915 442 1092 499 verbis
1146 431 1572 509 philoSOpharis,
1635 425 1686 478 in
1730 434 1893 490 opere
1937 416 2151 468 modum

572 559 676 597 non
706 538 926 596 servas?
970 507 1159 594 Bene,
1189 543 1295 582 non
1337 523 1508 594 pascis
1550 518 1694 570 illum
1721 553 1735 574 ,
1782 527 1848 564 ne
1892 507 2152 561 carbones

573 635 707 703 ignis
736 639 996 696 congeras
1027 642 1039 674 :
1075 635 1202 691 ergo
1234 613 1444 686 parcis?
1473 623 1604 676 ergo
1630 605 1840 671 diligis,
1873 608 1926 652 et
1967 612 2032 649 ex
2062 594 2151 648 tali

567 686 733 794 s‘eopo
775 721 875 774 hoc
915 715 1090 770 facis?
1133 711 1244 767 Scit
1283 709 1459 767 Deus,
1505 708 1684 754 utrmn
1731 693 1818 747 tali
1863 702 2026 758 scopo
2074 686 2155 739 di-

571 778 696 869 ras':
739 821 885 866 certe
930 806 1067 876 apud
1116 817 1213 857 nos
1253 796 1547 867 50phistam
1596 787 1732 857 agis.
1778 783 1969 837 Curam
2012 778 2154 846 geris

569 907 793 967 inimici,
818 913 872 957 et
901 902 1053 954 times
1082 911 1148 950 ne
1176 887 1462 962 puniatur?
1487 885 1626 953 lirgo
1655 881 1786 933 iram
1809 867 2108 930 exstinxisti
2136 883 2150 920 ε

569 999 657 1066 qui
693 959 834 1049 enim
866 993 942 1045 sic
969 987 1156 1055 diligit,
1177 959 1246 1037 -ιιι
1275 981 1392 1050 ejus
1423 975 1704 1030 utilitatem
1731 982 1840 1022 sua:
1869 959 2119 1066 pyratl'erat

572 1052 678 1143 non
709 1086 866 1139 habet
904 1080 1196 1135 inimicum.
1233 1073 1344 1127 lloc
1388 1069 1568 1124 dicere
1611 1059 1821 1132 possis:
1871 1052 2156 1143 Usquequo

573 1179 815 1232 lndemus
841 1177 890 1226 in
920 1171 1080 1227 rebus
1113 1183 1220 1221 non
1254 1162 1474 1219 ludicris
1500 1167 1556 1212 et
1582 1153 1789 1208 veniam
1820 1161 1922 1199 non
1956 1140 2156 1232 haben-

574 1269 748 1322 tibus?
789 1266 1125 1332 Quapropter
1171 1271 1302 1326 rogo
1333 1248 1762 1326 [fraternitatem
1795 1245 2028 1291 nostram
2077 1227 2154 1278 di-
2223 1292 2226 1298 ι

1336 319 1392 373 S.
1435 309 1709 372 JOANXIS
1733 295 2203 360 αιιιιῑδυςιυιιι
2246 290 2563 348 Αιιειιιει).
2601 281 3130 341 CONSTANTINOP.

3739 273 3847 329 553

2262 416 2446 462 tectam
2479 422 2508 459 a
2539 405 2762 458 llomino
2781 404 2890 457 Deo
2908 409 2958 455 et
2975 400 3245 455 Salvatore
3262 405 3448 449 nostro
3463 392 3588 447 Jesu
3605 389 3821 445 Christo
3834 436 3849 457 ,

2259 515 2354 556 oro
2382 511 2435 552 et
2459 497 2682 550 obsecro
2711 509 2804 548 vos
2849 533 2863 555 .
2906 494 3157 546 obtentns
3186 485 3488 558 hujusmodi
3532 482 3851 537 rescinden-

2261 603 2361 649 tes.
2388 605 2454 643 ne
2478 595 2887 642 contemnamus
2915 583 3060 652 leges
3090 581 3180 634 Dei
3208 579 3416 650 [neque
3441 585 3706 646 pra-cepta
3730 574 3851 644 ejus

2258 678 2602 752 spcrnamus]
2621 720 2636 742 ,
2672 688 2727 731 ut
2760 677 3031 747 possimus
3061 673 3287 728 Domino
3313 672 3582 742 placentes
3611 683 3852 738 praesen-

2261 783 2366 827 tem
2399 772 2556 824 vitam
2589 769 2884 836 transigere
2908 807 2924 832 ,
2971 776 3026 820 et
3067 765 3330 834 promissa
3370 761 3621 831 consequi
3669 761 3848 822 bona,

2259 863 2427 932 t;ratia
2455 870 2510 915 et
2534 859 2864 928 benignitate
2899 856 3108 910 Domini
3135 853 3302 908 nostri
3327 853 3453 908 Jesu
3483 851 3698 916 Christi,
3727 850 3855 919 qui-

2260 970 2378 1007 cum
2409 953 2547 1006 Patri
2579 951 2769 1021 gloria,
2795 947 3312 1017 impcrium,bonor,
3339 960 3459 999 cum
3483 943 3850 1005 sanctissimo,

2261 1046 2402 1098 bono
2429 1054 2481 1098 et
2509 1042 2718 1096 vivitico
2745 1039 2966 1110 Spiritu,
3000 1052 3142 1092 nunc
3169 1047 3223 1090 et
3253 1051 3468 1106 semper
3493 1077 3509 1100 ,
3549 1044 3604 1088 et
3648 1035 3698 1087 in
3744 1047 3850 1087 ετ-

2261 1137 2378 1188 cula
2426 1133 2766 1187 surculorum.
2818 1132 3006 1186 Amen.

579 1393 760 1403 ”””’
1991 1402 2324 1472 HOMILIA
2373 1401 2471 1460 LI.

572 1594 700 1649 Car.
756 1593 845 1646 2t.
897 1609 947 1644 ν.
993 1590 1080 1644 2‘2.
1118 1584 1325 1640 Distulit
1380 1588 1546 1632 autent
1592 1574 1709 1627 illos
1753 1565 1941 1623 Felix,
1988 1555 2158 1611 certis—

642 1689 766 1740 sime
793 1686 952 1737 sciens
978 1684 1040 1734 de
1063 1680 1142 1732 via
1164 1679 1257 1730 hac
1283 1718 1296 1737 ,
1326 1673 1494 1726 dicens
1518 1685 1535 1722 :
1563 1665 1689 1719 Cum
1718 1660 1898 1729 Lysias
1931 1654 2158 1707 tribunus

644 1775 952 1830 descenderit
979 1765 1338 1840 ,”dignoscam
1384 1779 1464 1816 res
1511 1767 1718 1813 vestras.
1766 1750 1856 1805 Ξῖ).
1904 1745 2161 1809 ,Ιυςλιιιίιιε

645 1866 990 1921 centurionem
1035 1858 1285 1914 custodire
1333 1852 1554 1908 Paulum
1581 1889 1595 1912 ,
1641 1847 1901 1914 ipsumque
1945 1847 2160 1901 requiem

648 1962 827 2013 habere
852 1999 865 2018 ,
910 1956 1250 2019 neminemque
1281 1944 1609 2015 familiarium
1639 1931 1889 2006 prohiberi
1915 1970 1930 1991 ,
1968 1923 2156 1992 quomi-

651 2067 746 2102 nus
772 2048 1073 2100 ministraret
1101 2042 1145 2093 ei
1171 2081 1186 2105 ,
1217 2039 1291 2090 vel
1315 2032 1574 2088 accederet
1599 2027 1666 2080 ad
1695 2040 1827 2078 eum.

652 2145 701 2195 1.
768 2140 899 2193 Vide
948 2145 1140 2206 quanta
1193 2133 1283 2185 liat
1329 2125 1609 2198 probatio,
1656 2119 1830 2189 primo
1869 2109 2092 2206 quidem
2132 2122 2160 2157 a

580 2234 760 2289 nmltis
785 2274 799 2296 ,
828 2199 1024 2284 deinde
1056 2225 1221 2278 nmlto
1247 2231 1489 2288 tempore
1514 2255 1530 2280 ,
1562 2221 1622 2266 ut
1647 2226 1714 2263 ne
1741 2206 1844 2261 dici
1879 2210 2056 2273 possm
2076 2199 2162 2266 ju-

580 2327 775 2379 dicium
801 2322 993 2390 raptim
1021 2321 1212 2371 laetum
1242 2313 1424 2366 fuisse.
1447 2306 1581 2374 Quia
1610 2302 1752 2355 enim
1781 2299 2163 2351 memoraverat
2233 2341 2240 2348 ,

583 2417 792 2487 Lysiam
825 2421 1006 2467 orator
1032 2453 1044 2473 ,
1075 2409 1257 2461 dicens
1288 2404 1430 2455 illum
1480 2397 1530 2451 vi
1577 2392 1860 2448 abduxisse
1903 2386 2119 2440 Paulum
2148 2424 2160 2446 ,

582 2479 876 2574 opportune
903 2501 1079 2556 subdit
1106 2497 1295 2553 Felicis
1324 2483 1486 2547 verba
1507 2531 1521 2554 ,
1550 2498 1602 2542 et
1629 2487 1702 2538 ait
1727 2503 1741 2538 :
1773 2479 1975 2535 Distulit
2001 2485 2170 2527 autrnt

584 2603 696 2652 illas
733 2597 876 2649 Felix
903 2637 914 2654 ,
951 2591 1224 2646 certissime
1251 2586 1410 2640 sciens
1436 2581 1498 2634 de
1527 2579 1605 2632 ria
1631 2578 1764 2639 liae;
1796 2571 1846 2625 id
1879 2581 1953 2621 est
1985 2609 1998 2630 ,
2028 2576 2166 2618 tem-

585 2690 784 2758 pestirc
817 2685 1056 2742 remisit;
1110 2696 1212 2733 non
1255 2690 1389 2746 opus
1433 2672 1638 2725 habens
1683 2667 1929 2720 discere.
1974 2661 2065 2711 sed
2114 2667 2168 2708 ut

583 2780 856 2849 repelleret
891 2775 1125 2830 Judaeos.
1175 2770 1446 2824 Ditnittcre
1477 2771 1698 2832 propter
1738 2758 1855 2810 illos
1914 2751 2164 2812 nolebat;

587 2873 772 2939 punire
823 2885 927 2922 non
983 2871 1231 2934 poterat;
1281 2856 1563 2927 impudens
1598 2850 1737 2905 enim
1787 2847 1989 2899 luisset.
2048 2840 2166 2892 Ideo

585 2962 756 3015 tlili'ert
784 3003 798 3024 ,
827 2961 1009 3011 dicens
1040 2976 1051 3009 :
1083 2955 1207 3007 Cain
1240 2951 1416 3020 Lysias
1449 2946 1678 2998 tribunus
1706 2935 2015 2992 descenderit
2044 2974 2056 2988 .
2085 2931 2164 2982 tli-

587 3067 822 3123 gnoscam
857 3067 933 3102 res
981 3057 1186 3101 vestras.
1234 3042 1493 3108 Jussitqne
1536 3034 1873 3088 centurionem
1918 3023 2171 3078 custodire

596 3144 812 3196 Paulum
838 3185 850 3202 ,
880 3144 1139 3208 ipsumque
1167 3134 1382 3197 requiem
1409 3129 1589 3181 habere
1611 3168 1623 3186 ,
1653 3123 1993 3187 neminemque
2017 3115 2166 3184 [anti—

594 3235 792 3288 liarinm
823 3230 1074 3301 prohiberi
1100 3269 1114 3290 ,
1143 3226 1407 3289 quominus
1437 3218 1736 3271 ministraret
1777 3213 1856 3273 ei,
1908 3210 1979 3262 vel
2024 3223 2169 3258 acre-

590 3329 724 3377 deret
753 3298 979 3380 all—eum.
1035 3317 1267 3386 Requicm
1317 3312 1535 3371 habere,
1585 3304 1772 3372 inqttit.
1819 3300 1906 3353 Sic
1948 3298 2094 3350 illum
2138 3310 2166 3345 a

588 3416 899 3471 criminibus
931 3414 1155 3464 liberum
1191 3406 1412 3473 judicat.
1445 3402 1553 3455 Cur
1598 3412 1725 3465 ergo
1763 3394 1965 3447 detinet
2005 3405 2124 3441 cum
2147 3387 2170 3435 2’

590 3508 644 3562 In
671 3506 972 3572 Jtttla'orum
1002 3501 1223 3572 gratiam
1252 3540 1266 3561 ,
1297 3498 1376 3550 vel
1408 3495 1566 3548 etiam
1591 3503 1814 3558 sperans
1836 3501 1893 3539 se
1922 3483 2170 3551 pecunias

588 3565 924 3666 aecejitnrum
958 3610 1098 3648 esse.
1137 3590 1336 3642 Idcirco
1369 3584 1588 3639 l‘aulum
1622 3587 1848 3640 croeat;
1893 3573 2031 3644 quod
2074 3588 2170 3623 an-

596 3704 698 3743 lem
728 3688 845 3741 ideo
874 3684 1176 3738 evocaverit
1197 3720 1214 3746 ,-
1246 3679 1440 3732 indicat
1463 3674 1614 3726 nobis
1643 3673 1874 3737 scriptor
1897 3709 1912 3728 ,
1947 3664 2169 3732 subjun-

589 3797 718 3849 gens
745 3794 806 3830 ac
836 3777 1017 3829 dicens
1049 3793 1061 3826 ι
1094 3773 1185 3826 2i.
1225 3771 1343 3822 Post
1384 3769 1573 3834 aliquot
1613 3773 1779 3814 autem
1829 3760 1934 3810 dies
1975 3757 2174 3807 reuiens

595 3870 745 3923 Felix
774 3885 885 3920 cum
921 3863 1145 3917 Drusilla
1173 3878 1326 3914 uxore
1353 3877 1442 3910 sua
1467 3899 1479 3919 ,
1511 3871 1622 3923 qua:
1649 3862 1753 3905 erat
1779 3851 1808 3902 ,Ι
1819 3850 1960 3901 udam
1987 3889 1999 3908 ,
2031 3863 2175 3898 voca-

591 3965 658 4014 rit
694 3960 910 4013 Paulum
937 4001 951 4024 ,
981 3967 1028 4010 et
1058 3957 1245 4008 audivit
1273 3953 1332 4004 ab
1362 3969 1417 4003 eo
1445 3951 1596 4018 [idem
1623 3989 1635 4009 ,
1665 3960 1777 4013 qua:
1815 3953 1884 3996 est
1929 3943 1979 3994 in
2025 3939 2176 3992 Chri-

589 4065 718 4106 stum
746 4051 938 4105 Jesum.
971 4050 1062 4103 25.
1111 4046 1414 4115 Disputante
1458 4053 1623 4093 an'em
1662 4037 1752 4090 illo
1797 4036 1859 4087 de
1896 4032 2094 4104 justitia
2129 4042 2177 4082 et

592 4147 817 4198 castitate
842 4152 887 4196 et
907 4143 969 4194 de
989 4140 1188 4211 judicio
1214 4140 1385 4204 futuro
1405 4180 1419 4198 ,
1447 4131 1765 4200 tremefactus
1797 4126 1945 4180 Felix
1968 4141 2176 4192 respon-

596 4239 667 4290 dit
695 4255 711 4290 :
742 4237 888 4300 Quod
915 4251 1049 4288 nunc
1077 4236 1285 4290 attinet,
1318 4229 1476 4290 vade;
1524 4236 1746 4290 tempore
1780 4231 1947 4273 autem
1988 4233 2176 4287 appor-

600 4341 719 4381 tuno
750 4343 999 4379 aceers'on
1026 4335 1071 4376 te
1099 4339 1116 4375 :
1142 4322 1231 4376 26.
1256 4319 1404 4371 simul
1430 4331 1640 4386 sperans
1663 4318 1767 4383 [ore
1789 4322 1839 4362 ut
1869 4310 2078 4378 pecunia
2105 4308 2181 4358 illi

599 4422 806 4472 duretur
833 4436 862 4469 a
895 4417 1059 4469 Paulo
1091 4425 1143 4466 ut
1172 4414 1380 4466 solreret
1411 4427 1522 4461 eum
1554 4423 1570 4458 :
1604 4414 1806 4474 propter
1845 4400 1978 4471 quod
2009 4408 2051 4450 et
2078 4402 2180 4459 fre-

596 4522 801 4578 quenter
827 4523 1083 4560 accersens
1109 4521 1218 4558 eum
1244 4546 1257 4570 ,
1283 4501 1574 4571 loquebatur
1613 4513 1724 4549 cum
1765 4511 1841 4548 eo.
1889 4491 2022 4545 Vide
2049 4506 2178 4557 quo-

603 4602 762 4654 tnodo
806 4616 925 4668 qua:
965 4599 1162 4666 scripta
1209 4605 1369 4658 sunt,
1415 4594 1693 4645 veritatem
1738 4605 1844 4657 prae
1893 4601 1950 4639 se.
1992 4584 2180 4639 lerant.

607 4694 925 4748 Accersebat
967 4708 1087 4744 cmn
1139 4690 1484 4757 frequenter,
1536 4699 1642 4737 non
1685 4681 1956 4733 admirans
1999 4677 2180 4737 illum,

600 4800 769 4851 neque
801 4784 936 4834 dit-ta
974 4780 1234 4844 laudans,
1280 4795 1377 4831 nec
1422 4776 1563 4845 quod
1601 4773 1762 4826 vellet
1792 4771 2048 4828 credere;
2092 4767 2182 4819 sed

602 4875 726 4941 qttid
752 4873 775 4925 ?
806 4872 1115 4940 Exspectans
1141 4913 1153 4933 ,
1189 4870 1398 4936 inquit,
1435 4878 1486 4918 ut
1524 4867 1746 4934 pecuniw
1790 4863 1883 4913 sibi
1923 4862 2182 4913 darentur.

604 4965 736 5018 Vide
768 4963 1035 5031 quomodo
1068 4978 1170 5014 non
1203 4961 1431 5013 occullet
1482 4959 1565 5010 hic
1605 4957 1796 5024 iudicis
1840 4954 2182 5009 sententiam.

602 5056 762 5125 Atqui
794 5056 835 5107 si
859 5057 1166 5108 damnasset
1197 5095 1210 5115 ,
1241 5068 1345 5104 non
1376 5050 1476 5103 hoc
1504 5048 1716 5102 fecisset
1741 5089 1756 5110 ,
1790 5062 1960 5114 neque
1987 5045 2186 5097 Voluis-

604 5157 686 5202 sct
717 5146 904 5198 audire
929 5143 1238 5196 damnatum
1267 5153 1318 5193 et
1347 5141 1649 5193 scelestum.
1687 5136 1753 5190 Et
1781 5136 1898 5190 vide
1932 5135 2148 5187 Paulum

604 5251 701 5291 etsi
734 5252 852 5290 cum
887 5235 1125 5302 principe
1171 5235 1506 5300 loquentem,
1558 5230 1684 5284 nihil
1734 5244 1918 5282 eorum
1968 5227 2185 5288 dicere,

607 5343 724 5395 qua:
750 5325 1068 5379 videbantur
1098 5342 1253 5392 Iisc
1297 5324 1529 5376 animum
1564 5323 1678 5387 ejus
1715 5320 2056 5379 demulcere;
2097 5318 2188 5370 sed

612 5436 730 5486 qua:
762 5418 905 5469 illum
937 5417 1209 5470 terrebant
1232 5456 1246 5475 ,
1280 5415 1501 5483 ejusque
1533 5423 1764 5466 mentem
1792 5410 2186 5464 concutiebant.

615 5512 889 5576 Disputans
916 5548 928 5568 ,
960 5509 1129 5576 inquit
1153 5549 1166 5570 ,
1196 5507 1258 5560 de
1277 5507 1482 5575 justitia
1507 5549 1520 5569 ,
1554 5507 1615 5558 de
1639 5505 1868 5557 castitate
1891 5515 1935 5555 et
1965 5505 2024 5555 de
2049 5503 2189 5562 judi-

613 5601 688 5652 cio
714 5600 906 5666 futuro.
932 5596 1278 5666 Tremefactus
1307 5607 1377 5649 est
1409 5595 1576 5648 Felix.
1607 5595 1772 5647 Tanta
1807 5594 1884 5646 vis
1905 5605 2018 5645 erat
2047 5593 2188 5645 l‘auli

615 5692 895 5744 verborum
925 5731 937 5752 ,
974 5697 1029 5742 ιιι
1059 5690 1348 5757 principem
1393 5695 1676 5741 terrerent.
1728 5686 1786 5737 lit
1845 5685 1928 5736 hic
1977 5685 2188 5752 quidem

617 5798 976 5837 suiturssot'cm
1029 5783 1260 5851 acripit,
1321 5791 1373 5835 ct
1422 5781 1557 5835 bunc
1619 5781 1848 5834 vinclum
1909 5780 2184 5848 relinquit,

2266 1543 2506 1613 quarm-is
2537 1556 2642 1596 non
2673 1541 2990 1610 oportebat,
3021 1549 3085 1613 et
3123 1539 3246 1594 linis
3293 1540 3646 1608 imponendus
3694 1549 3860 1604 erat;

2265 1635 2358 1689 Sed
2391 1636 2480 1688 ille
2507 1635 2558 1687 in
2585 1633 2888 1688 Jndworum
2918 1610 3139 1702 gratiam
3166 1633 3384 1702 reliquit
3410 1633 3575 1685 illmn.
3610 1633 3687 1686 llli
3722 1649 3864 1686 vero

2265 1727 2342 1780 sic
2385 1727 2685 1794 urgebant,
2738 1734 2794 1777 ιιι
2840 1725 3030 1777 iterum
3087 1722 3224 1792 apud
3273 1722 3506 1792 judicem
3557 1724 3862 1789 instarent;

2267 1817 2508 1885 quamvis
2526 1815 2662 1883 apud
2695 1815 2896 1868 nullum
2930 1829 3175 1884 umquam
3203 1813 3569 1881 apostolorum
3600 1814 3675 1866 sic
3707 1829 3865 1866 ursc-

2269 1911 2412 1971 rint,
2443 1907 2535 1960 sed
2572 1918 2849 1976 postquam
2881 1908 2931 1960 in
2965 1909 3084 1960 illos
3115 1907 3483 1968 incesserant,
3527 1906 3864 1960 destiterint.

2270 1999 2342 2052 Ita
2375 2001 2640 2067 provisum
2663 2009 2751 2052 est
2775 2041 2790 2064 ,
2823 2009 2877 2052 ut
2907 1999 3235 2068 Jerostilyma
3269 1997 3548 2051 recederet
3578 2040 3587 2059 ,
3621 2014 3738 2051 cum
3775 2010 3866 2052 ta-

2271 2096 2406 2147 libus
2438 2094 2561 2146 leris
2591 2093 2872 2147 decertans
2900 2109 2914 2155 ;
2943 2103 2996 2145 et
3028 2104 3200 2145 tamen
3255 2091 3326 2143 illi
3366 2101 3554 2160 rogant
3590 2092 3759 2160 ipsum
3795 2108 3868 2145 eo

2269 2186 2458 2237 adduci
2505 2185 2871 2252 jll‘lit'ntltitttlt.
2922 2184 3026 2238 Sed
3077 2183 3162 2237 hic
3208 2199 3419 2236 rursum
3464 2184 3708 2253 apparuit
3765 2183 3866 2237 Dei

2273 2278 2598 2345 providentia
2631 2317 2646 2340 ,
2681 2277 2766 2345 qni
2821 2276 2869 2328 id
2905 2275 3139 2344 judicent
3191 2274 3369 2328 facere
3415 2291 3519 2327 non
3567 2275 3811 2343 permisit
3849 2292 3865 2329 :

2271 2368 2560 2423 \erisimile
2606 2378 2752 2420 certe
2798 2375 2912 2420 erat
2956 2367 3126 2435 ipsum
3178 2381 3345 2433 nuper
3387 2365 3451 2417 ad
3505 2368 3867 2434 principatum

2269 2471 2510 2514 evectum
2536 2500 2547 2517 ,
2583 2460 2633 2512 id
2664 2460 2926 2512 facturum
2959 2459 3009 2511 in
3039 2457 3249 2511 illorum
3292 2459 3516 2526 gratiam
3561 2474 3717 2522 esse;
3765 2460 3868 2511 scd

2274 2567 2376 2602 non
2408 2549 2655 2603 cont-edit
2690 2550 2848 2600 Deus.
2900 2548 3186 2616 Postquam
3221 2558 3396 2600 autem
3429 2547 3821 2602 descenderant
3852 2591 3871 2615 ,

2275 2643 2632 2709 impudentius
2663 2652 2717 2695 et
2749 2642 3112 2694 \‘ehementins
3141 2645 3512 2694 accusationes
3545 2642 3812 2695 intentant
3848 2663 3862 2697 :

2271 2752 2497 2804 cumque
2527 2752 2628 2788 non
2666 2746 2880 2802 possent.
2915 2736 3061 2788 illum
3091 2752 3152 2788 ex
3189 2736 3443 2803 legalJms
3475 2751 3707 2804 capere,
3740 2754 3867 2790 rur—

2272 2845 2362 2881 sus
2391 2845 2485 2897 pro
2514 2844 2660 2880 more
2689 2844 2786 2879 suo
2815 2827 3080 2880 thesarem
3115 2829 3372 2881 inducunt
3396 2869 3409 2891 ,
3441 2840 3495 2879 ιιι
3523 2828 3737 2882 Christo
3769 2831 3874 2882 ob-

2267 2921 2531 2987 jcccrunt.
2562 2920 2776 2971 Paulum
2809 2919 2951 2972 enim
2977 2935 3034 2971 se
3065 2919 3355 2972 defendere
3385 2921 3449 2973 de
3481 2921 3707 2988 objectis
3735 2939 3873 2976 eon-

2276 3025 2352 3064 tra
2415 3014 2683 3066 Czesarem
2744 3013 3016 3082 peccatis,
3080 3013 3250 3079 palam
3321 3023 3470 3077 erat,
3545 3016 3687 3068 unde
3749 3017 3873 3072 lnrc

2275 3103 2553 3155 declarans
2580 3104 2750 3170 pergit
2783 3120 2794 3154 :
2826 3102 2916 3154 27.
2949 3100 3162 3154 Biennio
3191 3113 3356 3154 autem
3388 3103 3584 3170 expleto
3605 3148 3620 3171 ,
3669 3110 3875 3177 accepit

2275 3211 2605 3248 successorem
2663 3193 2815 3247 l’elia:
2870 3193 3110 3246 Porcium
3170 3194 3397 3247 Festum.
3460 3194 3641 3249 Valens
3695 3211 3874 3255 autem

2275 3292 2490 3357 gratiam
2524 3300 2762 3355 priestare
2785 3287 2982 3342 Juda'is
3014 3288 3160 3340 Felix.
3184 3332 3198 3352 ,
3243 3291 3443 3357 reliquit
3489 3290 3710 3344 Paulum
3751 3295 3873 3347 rin-

2275 3392 2426 3432 ctum.
2465 3379 2612 3446 (Cap.
2643 3379 2765 3454 9-5.)
2812 3381 2859 3432 1.
2912 3379 3093 3432 Festus
3135 3397 3252 3448 ergo
3292 3392 3523 3448 suscepta
3566 3385 3826 3452 prouincia
3855 3428 3873 3450 ,

2279 3485 2386 3533 post
2419 3473 2639 3525 triduum
2685 3473 2907 3525 ascendit
2951 3472 3182 3526 Cwsarea
3211 3472 3604 3543 Jerosolymam.
3632 3476 3686 3529 9..
3715 3476 3878 3530 Adic—

2277 3579 2490 3634 runtque
2520 3566 2662 3630 illum
2691 3566 2941 3635 principes
2968 3568 3283 3619 sacerdotum
3315 3575 3362 3618 et
3390 3567 3540 3634 primi
3565 3566 3876 3623 Judazorum

2277 3662 2516 3714 adversus
2569 3659 2826 3722 Paulum,
2871 3669 2915 3710 et
2964 3658 3207 3727 rogabant
3256 3674 3405 3720 eum;
3454 3660 3506 3712 5.
3555 3661 3878 3726 postulantes

2279 3755 2496 3822 gratiam
2525 3754 2764 3804 adversus
2793 3768 2904 3803 eum
2925 3795 2936 3812 ,
2966 3760 3020 3802 ut
3039 3752 3237 3820 jubere:
3267 3752 3472 3816 perduci
3499 3768 3611 3803 eum
3640 3751 3689 3802 in
3717 3751 3881 3805 Jeru—

2280 3846 2473 3907 salem,
2510 3845 2719 3895 insidias
2749 3844 3003 3895 tendentes
3045 3851 3097 3895 ut
3130 3844 3463 3910 interﬁcerent
3511 3861 3619 3897 eum
3666 3845 3716 3897 in
3765 3849 3874 3902 ria.

2284 3942 2336 3991 4.
2373 3938 2551 3991 Festus
2583 3954 2694 3989 t‘ero
2727 3937 2983 4004 respondit
3010 3978 3024 3999 ,
3055 3946 3107 3987 ut
3135 3947 3419 3989 servaretur
3446 3940 3644 4004 quidem
3677 3936 3881 3992 Paulus

2281 4029 2524 4084 Ctrsarett'
2549 4070 2562 4093 ,
2592 4047 2644 4080 se
2671 4046 2782 4081 vero
2811 4029 2942 4080 brevi
2981 4028 3070 4080 illo
3110 4028 3472 4096 profecturum.
3513 4031 3565 4083 5.
3611 4029 3713 4092 Qui
3758 4047 3880 4083 rero

2281 4123 2410 4174 inter
2435 4137 2517 4172 vos
2545 4162 2555 4177 ,
2592 4120 2754 4186 inquit
2787 4161 2800 4179 ,
2838 4129 3059 4185 potentes
3084 4129 3199 4169 sunt
3226 4159 3239 4178 ,
3285 4119 3635 4170 descendentes
3675 4121 3831 4172 simul
3861 4165 3876 4184 ,

2283 4213 2322 4263 si
2354 4211 2485 4278 quod
2513 4220 2582 4262 est
2608 4211 2830 4271 crimen,
2861 4216 3092 4258 accusent
3119 4223 3250 4261 eunt.
3295 4207 3348 4261 6.
3382 4207 3679 4263 Demaratus
3703 4222 3878 4265 autem

2285 4301 2413 4353 inter
2434 4317 2516 4353 eos
2539 4300 2712 4351 diebus
2737 4297 2850 4368 plus
2878 4314 3025 4365 quam
3053 4300 3218 4350 decem
3244 4339 3258 4362 ,
3283 4298 3535 4350 descendit
3557 4298 3840 4355 Ctesareum
3861 4346 3877 4367 ,

2287 4407 2331 4447 et
2363 4405 2559 4460 postero
2601 4394 2682 4444 die
2725 4393 2851 4445 sedit
2896 4407 2988 4460 pro
3032 4390 3311 4456 tribunali,
3345 4393 3598 4461 jussitqac
3646 4391 3880 4448 Paulum

2287 4487 2493 4538 adduci.
2530 4487 2580 4538 7.
2616 4485 2715 4549 Qui
2754 4501 2866 4536 eum
2914 4483 3184 4543 perductus
3232 4493 3390 4549 esset,
3439 4486 3881 4541 circumsteterunt

2287 4596 2398 4630 eum
2425 4619 2440 4640 ,
2469 4579 2556 4646 qui
2586 4595 2616 4629 a
2644 4576 2930 4629 Jerusalem
2963 4576 3319 4627 descenderant
3345 4576 3514 4629 Judwi
3536 4619 3550 4643 ,
3600 4577 3784 4631 multas
3832 4595 3880 4632 ct

2289 4689 2470 4741 graves
2511 4687 2691 4722 causas
2739 4669 3026 4737 obiiciente;
3069 4667 3239 4720 Paulo
3265 4708 3278 4727 ,
3335 4684 3458 4737 quas
3497 4685 3597 4721 non
3646 4681 3882 4736 poterant

2291 4764 2501 4832 probare
2527 4779 2543 4815 :
2568 4763 2618 4816 8.
2654 4761 2819 4814 Paulo
2845 4761 3091 4812 rationem
3117 4759 3356 4812 reddente
3380 4801 3394 4824 ,
3436 4761 3672 4829 quoniam
3722 4779 3884 4830 neque

2291 4857 2339 4906 in
2369 4858 2523 4923 legem
2554 4853 2852 4906 Judteorum
2879 4892 2892 4914 ,
2925 4868 3082 4918 neque
3111 4851 3162 4902 in
3188 4851 3464 4920 templum,
3503 4868 3659 4920 neque
3684 4853 3734 4905 in
3764 4853 3881 4906 Cat-

2292 4965 2453 4999 sarem
2486 4946 2703 5017 peccavi.
2736 4946 2788 4998 9.
2832 4943 3016 4997 Festus
3058 4954 3223 4994 autent
3269 4944 3439 4995 volens
3483 4945 3700 5009 gratiam
3742 4963 3884 5012 pra;-

2292 5051 2424 5092 s'are
2449 5038 2647 5089 Jud-iis
2671 5078 2683 5098 ,
2716 5036 3024 5104 respondens
3055 5035 3219 5087 Paulo
3241 5073 3258 5098 ,
3287 5035 3416 5086 dixit
3445 5051 3461 5087 :
3499 5033 3583 5087 Vis
3607 5033 3852 5105 Jercsoly
3871 5074 3884 5081 -

2296 5148 2426 5181 mam
2457 5130 2757 5181 (lescendere
2781 5171 2794 5190 ,
2824 5138 2867 5177 et
2895 5126 2962 5178 ibi
2989 5129 3049 5179 de
3075 5127 3150 5178 Itis
3167 5127 3392 5196 jadicari
3417 5127 3557 5194 apud
3589 5132 3705 5179 me?
3750 5128 3888 5184 Vide

2295 5223 2559 5293 «protnodo
2588 5233 2641 5276 ct
2675 5223 2762 5274 ille
2790 5221 2853 5272 .Iu
2878 5222 2985 5273 laus
3011 5222 3370 5289 gratiliratur,
3403 5221 3652 5273 universo
3686 5225 3883 5291 popuii

2295 5327 2346 5368 et
2401 5316 2620 5370 civitati.
2672 5314 2795 5367 Ideo
2845 5328 3028 5366 rursus
3082 5315 3227 5366 illum
3280 5311 3586 5378 torri-facit,
3637 5314 3890 5371 Immanis

2299 5421 2450 5462 utens
2477 5409 2642 5462 armis
2672 5425 2684 5460 :
2715 5417 2766 5459 et
2794 5405 2913 5458 audi
2944 5406 3230 5473 quomodo.
3265 5407 3351 5459 10.
3387 5405 3524 5458 Dixit
3550 5417 3716 5459 autem
3745 5407 3890 5461 Pau-

2301 5503 2377 5554 lus
2408 5519 2424 5554 :
2457 5502 2534 5553 Ad
2557 5501 2779 5554 tribunal
2804 5499 3016 5552 Cicsaris
3042 5510 3116 5552 sto
3141 5501 3248 5560 ,‘ibi
3289 5517 3366 5552 me
3402 5511 3593 5568 opai-tet
3625 5501 3876 5568 judicari.

2299 5593 2495 5646 Judmis
2526 5594 2654 5645 nihil
2684 5593 2829 5643 nocui
2856 5635 2868 5655 ,
2894 5594 3020 5644 sicut
3050 5603 3101 5643 tu
3132 5593 3306 5644 melius
3335 5593 3484 5645 nosti.
3521 5595 3536 5645 Ι
3562 5596 3602 5644 1.
3649 5592 3706 5645 Si
3753 5598 3887 5649 enim

2303 5686 2446 5736 nurui
2467 5726 2478 5745 ,
2503 5695 2586 5735 aut
2605 5685 2812 5750 dignum
2838 5695 2994 5735 ntorte
3014 5684 3207 5749 aliquid
3231 5683 3328 5749 [cci
3354 5726 3365 5741 ,
3393 5699 3488 5737 non
3516 5701 3689 5734 rccusn
3713 5689 3841 5738 mori
3872 5704 3888 5739 :

2309 5796 2339 5827 ’ἴ
2375 5793 2483 5828 t‘t‘i‘a
2528 5777 2652 5827 tti/til
2700 5787 2768 5827 Cal
2815 5793 3024 5840 rerum,
3076 5792 3184 5843 εῖηγι*
3215 5779 3263 5825 lli
3311 5789 3544 5827 arcu-mut
3591 5795 3702 5834 mc,
3753 5796 3893 5829 't-Jnth
