4072 6454
217 345 324 404 553

223 470 382 536 potest
407 456 624 526 11111111.
651 456 867 510 donare.
916 451 1168 507 Cursarem
1212 444 1438 515 appello.
1486 439 1590 536 Sed
1636 436 1831 536 dixerit

225 531 490 625 quispiam
519 567 535 605 :
567 547 677 605 Car
703 561 828 602 cum
853 543 1091 600 audisset
1116 581 1132 606 ,
1162 537 1373 609 Oportet
1402 548 1450 589 te
1473 534 1624 625 etiam
1654 531 1833 625 Roma:

225 622 487 714 testiﬁcari
513 642 576 696 de
600 657 680 696 me
703 641 723 712 (
744 640 864 694 Act.
883 637 974 692 25.
998 636 1059 690 11
1087 633 1129 704 ),
1155 631 1304 702 quasi
1329 643 1434 683 non
1462 624 1691 680 credens
1719 622 1833 676 luce

227 733 498 790 faciebat?
523 731 710 795 Absit;
732 730 826 784 sed
848 737 902 783 et
923 725 1077 780 valde
1103 722 1356 778 credens.
1376 718 1542 786 Magis
1569 729 1696 770 vero
1714 722 1833 767 ten-

226 826 389 881 tantis
421 823 612 878 fuisset
641 822 785 875 illius
812 816 1095 874 sententia:
1125 813 1311 876 fidere,
1339 821 1568 877 seseque
1597 805 1648 858 in
1689 802 1837 857 mille

226 918 464 987 pericu'a
498 914 773 983 conjicere
798 952 814 975 ,
846 924 909 964 ae
930 909 1149 963 dicere:
1183 902 1475 958 Videamus
1504 912 1630 951 num
1665 893 1834 987 possit

229 986 370 1064 lictis
393 1011 556 1065 etiam
581 1009 658 1060 sic
682 1004 894 1073 eripere
924 1018 1029 1057 me.
1054 997 1160 1054 Sed
1187 997 1288 1050 hoc
1319 1008 1426 1048 non
1455 990 1580 1045 facit
1603 986 1798 1042 Paulus
1817 1025 1831 1049 ,

232 1117 421 1157 verum
453 1115 570 1169 qua:
607 1141 619 1166 ,
678 1111 773 1150 nes
798 1110 858 1150 se
889 1101 1044 1148 erant
1071 1089 1253 1144 omnia
1285 1085 1459 1140 adfert
1485 1124 1499 1146 ,
1532 1090 1698 1136 totum
1731 1079 1839 1132 Deo

231 1194 573 1264 [ιι-1111111001.
605 1188 738 1243 Sese
767 1199 900 1241 vero
922 1181 1221 1238 defendens
1242 1219 1259 1244 ,
1308 1177 1500 1270 leviter
1539 1169 1838 1270 principem

231 1262 550 1352 perstringit
574 1321 588 1343 ,
622 1293 685 1332 ae
715 1278 760 1330 si
789 1275 1036 1330 diceret:
1067 1270 1122 1325 Si
1164 1269 1360 1336 injuste
1402 1265 1527 1334 egi,
1571 1262 1746 1323 bene;
1772 1262 1842 1352 isi

235 1351 342 1428 non
371 1366 573 1441 injuste
595 1371 677 1439 egi
705 1412 720 1434 ,
745 1383 842 1420 cur
864 1379 948 1418 me
971 1361 1138 1416 tradis
1158 1361 1182 1410 ?
1217 1358 1383 1413 Nemo
1408 1363 1568 1426 potest
1593 1394 1606 1416 ,
1635 1351 1839 1416 inquit,

236 1482 318 1518 tne
343 1465 557 1516 donare.
589 1460 784 1514 Dictum
815 1457 890 1509 illi
922 1455 1148 1516 incutit,
1187 1461 1245 1504 ttt
1282 1465 1388 1502 non
1432 1445 1600 1516 possit
1641 1443 1846 1495 donare

242 1556 288 1611 si
314 1552 466 1616 velit,
498 1549 592 1604 sed
614 1546 780 1601 etiam
810 1542 953 1613 apud
979 1542 1104 1596 illos
1136 1555 1235 1610 pro
1254 1536 1616 1592 excusatione
1645 1534 1848 1589 habeat

238 1641 688 1715 appellationem.
722 1636 811 1691 12.
847 1633 990 1688 Tunc
1027 1630 1216 1686 Festus
1247 1645 1365 1684 cum
1396 1627 1624 1682 concilio
1652 1628 1844 1696 loquu-

239 1747 352 1799 tus,
382 1732 691 1802 respondit:
715 1729 981 1784 Cresarem
1000 1727 1316 1796 appellasti;
1339 1725 1407 1778 ad
1432 1725 1700 1781 Ctesarem
1717 1723 1840 1777 ibis.

309 1823 369 1880 Ξ.
415 1821 552 1878 Vide
578 1863 593 1888 ,
621 1835 741 1876 rem
770 1817 1020 1889 Agrippae
1045 1815 1450 1875 communicat,
1483 1817 1541 1864 ut
1570 1811 1732 1863 etiam
1763 1805 1852 1859 alii

238 1917 350 1970 sint
375 1916 654 1969 auditores
679 1955 694 1976 ,
714 1921 768 1968 et
787 1926 888 1966 rex
910 1918 964 1964 et
989 1907 1262 1963 exercitus
1287 1913 1344 1959 et
1368 1902 1616 1958 Bernice.
1649 1897 1855 1953 Deinde

242 2021 460 2061 rursum
495 2003 764 2059 defensio.
802 2019 821 2052 1
863 2001 949 2055 15.
979 1999 1040 2053 Ε1
1071 2013 1194 2052 cum
1222 1995 1340 2050 dies
1367 1994 1573 2062 aliquot
1601 1989 1856 2044 trausaeti

241 2104 466 2162 essent,
501 2094 738 2164 Agrippa
770 2107 858 2146 rex
889 2101 944 2145 et
980 2091 1206 2146 Bernice
1245 2084 1646 2142 descenderunt
1675 2081 1856 2137 Casa-

245 2203 392 2242 ream
420 2186 486 2239 ad
517 2183 860 2240 salutandum
911 2181 1149 2236 Festum.
1177 2178 1266 2233 H.
1301 2177 1368 2232 Et
1412 2191 1534 2230 cum
1580 2175 1696 2228 dies
1741 2171 1860 2241 plu-

245 2294 334 2334 res
378 2279 447 2331 ibi
487 2277 934 2338 demorareutur,
973 2272 1164 2327 Festus
1207 2271 1316 2340 regi
1362 2265 1634 2322 retulitde
1670 2263 1858 2327 Paulo,

245 2371 435 2425 dicens
465 2385 476 2420 :
514 2365 608 2420 Vir
635 2367 854 2436 quidam
882 2376 965 2418 est
999 2362 1289 2417 derelictus
1329 2376 1360 2413 a
1393 2359 1574 2414 Felice
1606 2357 1817 2410 vinctus
1847 2372 1859 2407 :

251 2466 339 2520 15.
373 2464 443 2518 de
470 2478 581 2532 quo
610 2503 624 2527 ,
655 2477 778 2515 cum
827 2475 1004 2514 essem
1042 2457 1398 2530 Jerosolymis
1421 2498 1436 2522 ,
1482 2454 1735 2510 adierunt
1777 2465 1865 2506 me

252 2557 525 2627 principes
580 2553 924 2608 sacerdotum
980 2560 1033 2604 et
1083 2550 1327 2604 seniores
1371 2547 1721 2609 Iudaeorum,
1771 2556 1870 2611 po-

254 2645 523 2700 stulantes
574 2643 836 2697 adversus
867 2642 1012 2694 illum
1068 2640 1490 2694 danmationcm.
1533 2636 1620 2691 16.
1663 2634 1868 2704 Quibus

254 2735 561 2805 respondi:
610 2733 727 2788 Non
773 2741 859 2788 est
902 2732 1162 2786 Romanis
1210 2728 1550 2785 consuetudo
1601 2727 1867 2781 damnare

257 2828 494 2897 aliquem
529 2826 806 2880 hominem
835 2864 850 2887 ,
886 2824 1196 2893 priusquam
1230 2823 1276 2876 is
1306 2821 1398 2891 qui
1423 2826 1707 2874 aecusatur
1729 2832 1868 2886 pne-

256 2931 440 2976 sentes
497 2918 698 2973 habeat
749 2927 1132 2979 accusatores,
1194 2915 1486 2982 lucumque
1540 2909 1871 2966 defendendi

261 3013 494 3084 accipiat
544 3012 611 3065 ad
660 3009 923 3064 abluenda
982 3009 1232 3063 erimina.
1280 3008 1370 3062 17.
1414 3005 1549 3060 Cum
1597 3019 1726 3073 ergo
1769 3002 1876 3057 huc

259 3105 649 3162 conuenissent
673 3142 688 3165 ,
719 3102 837 3156 sine
868 3100 973 3154 ulla
1005 3099 1266 3153 dilatione
1293 3097 1539 3166 sequenti
1568 3094 1654 3148 die
1681 3093 1878 3148 sedens

263 3211 364 3266 pro
436 3193 690 3247 tribunali
753 3191 886 3261 jussi
958 3189 1149 3244 adduci
1202 3189 1397 3243 virum.
1452 3187 1537 3241 l8.
1603 3186 1678 3240 De
1734 3200 1872 3252 quo,

262 3301 386 3340 cum
419 3286 702 3342 stetissent
732 3294 1076 3337 accusatores
1101 3322 1116 3347 ,
1162 3282 1368 3336 nullam
1407 3295 1626 3334 causam
1664 3277 1878 3333 defere-

265 3377 437 3443 bant,
494 3376 565 3430 de
612 3375 810 3444 quibus
857 3388 958 3443 ego
999 3371 1354 3441 suSpicabar;
1413 3371 1502 3426 19.
1555 3371 1881 3439 quaestiones

265 3482 397 3522 vero
422 3466 685 3537 quasdam
712 3465 781 3521 de
810 3480 908 3519 sua
940 3465 1328 3534 superstitione
1372 3462 1646 3518 habebant
1690 3461 1883 3516 adver-

266 3572 362 3611 sus
386 3571 512 3611 eum
539 3597 555 3621 ,
589 3567 644 3610 et
677 3557 744 3610 de
768 3555 1002 3625 quodam
1048 3555 1175 3610 Jesu
1217 3554 1473 3610 defuncto
1497 3595 1512 3616 .
1543 3570 1704 3625 quem
1733 3553 1881 3607 affir-

272 3649 458 3702 mabat
503 3647 702 3702 Paulus
746 3647 946 3701 vivere.
1003 3645 1094 3702 20.
1146 3646 1414 3701 Haesitans
1462 3657 1642 3700 autem
1689 3661 1789 3714 ego
1817 3645 1885 3698 de

271 3739 584 3809 hujusmodi
616 3740 937 3810 quaestione,
979 3738 1224 3794 dicebam
1251 3779 1265 3802 ,
1294 3755 1421 3793 num
1446 3738 1608 3793 vellet
1635 3737 1712 3792 ire
1732 3736 1887 3792 1010-

270 3833 654 3903 selymam,et
704 3831 778 3885 ibi
813 3830 1043 3901 judicari
1085 3829 1153 3884 de
1203 3828 1330 3884 illis.
1371 3828 1464 3883 21.
1510 3830 1676 3884 Paulo
1703 3837 1885 3884 autem

271 3923 584 3991 appellaute
607 3962 623 3986 ,
656 3932 710 3975 ut
741 3931 1055 3975 servaretur
1090 3921 1156 3974 ad
1199 3921 1424 3989 Augusti
1474 3921 1840 3988 cognitionem
1869 3961 1884 3985 ,

272 4013 408 4081 jnssi
454 4013 659 4066 servari
687 4027 809 4066 eum
832 4054 846 4075 ,
881 4012 1052 4065 donec
1081 4012 1286 4064 mittam
1315 4026 1439 4066 eum
1486 4010 1552 4064 ad
1593 4011 1886 4066 CmSarctn.

274 4102 366 4156 22.
420 4102 654 4170 Agrippa
718 4111 896 4155 autem
963 4101 1128 4156 FeSto
1191 4100 1368 4154 dixit:
1423 4101 1627 4156 Vellem
1672 4111 1725 4155 et
1775 4102 1890 4172 ipse

277 4197 554 4249 hominem
584 4195 788 4249 audire.
819 4193 986 4259 Cras,
1019 4195 1215 4264 inquit,
1264 4194 1455 4249 audies
1487 4196 1654 4248 illum.
1705 4213 1723 4247 1
1761 4194 1892 4250 Vide

284 4302 500 4341 rursum
528 4287 928 4341 accusationem
961 4285 1271 4340 Judarorum
1307 4302 1412 4340 non
1446 4302 1473 4340 a
1511 4286 1675 4340 l‘aulo
1699 4328 1712 4350 ,
1743 4288 1835 4340 sed
1862 4305 1892 4341 a

279 4379 526 4448 principe
567 4387 854 4433 narratam.
913 4380 1169 4432 Atlierunt-
1201 4394 1318 4444 me,
1371 4379 1578 4445 inquit,
1640 4380 1894 4448 principes

282 4470 606 4526 sacerdotum
628 4479 674 4523 et
695 4470 916 4523 seniores
940 4468 1244 4522 Judatorum
1268 4508 1282 4532 ,
1312 4471 1628 4537 postulantes
1651 4469 1895 4524 adversus

282 4579 396 4617 eunt
443 4562 846 4616 damnationem.
899 4561 1091 4626 Quibus
1143 4577 1234 4630 ego
1272 4562 1536 4629 respondi.
1592 4561 1723 4615 Vide
1767 4562 1893 4630 qttid

286 4652 618 4723 respondeat
647 4651 714 4705 ad
745 4652 957 4705 illorum
994 4650 1366 4704 confusionem
1396 4667 1410 4702 :
1443 4650 1564 4704 Non
1587 4661 1658 4704 est
1688 4667 1897 4704 consue-

287 4745 409 4797 tudo
445 4743 693 4797 Romanis
719 4749 912 4795 donare
937 4743 1156 4812 aliquem
1194 4743 1448 4796 hominem
1476 4784 1488 4805 ,
1521 4753 1573 4796 ut
1602 4754 1814 4814 pereat;
1846 4745 1896 4798 id

287 4845 409 4900 est,
447 4843 738 4903 antequam
787 4835 1051 4888 rationem
1093 4833 1325 4900 reddat,
1355 4851 1460 4887 non
1510 4845 1686 4903 potest
1729 4839 1896 4890 vestri

286 4925 458 4996 gratia
493 4924 653 4979 tradi.
679 4924 749 4980 Ut
778 4939 906 4978 vero
937 4927 1230 4978 secundum
1260 4939 1462 4978 morem
1492 4924 1616 4978 fecit
1638 4968 1650 4987 ,
1680 4942 1895 4980 causam

290 5034 394 5072 non
448 5019 890 5086 inveniuqitarc
948 5019 1045 5070 hac
1097 5019 1162 5070 de
1213 5033 1270 5072 t't‘.
1317 5018 1570 5071 litt-sliat?
1625 5030 1681 5071 ut
1736 5022 1899 5088 liquet

289 5128 351 5166 ex
415 5106 773 5179 sequentibus
831 5128 844 5163 :
903 5109 1164 5163 Hazsitans
1219 5121 1388 5161 autem
1443 5128 1533 5179 ego
1595 5112 1657 5164 de
1714 5112 1898 5173 liuius-

291 5205 429 5258 ntodi
458 5204 756 5273 quastione.
790 5203 881 5258 Sic
913 5203 1162 5272 loquitur,
1213 5219 1370 5256 suum
1420 5203 1746 5257 adnmbrans
1782 5219 1897 5272 pec-

295 5306 496 5352 catum.
531 5296 598 5350 Et
629 5296 719 5349 ille
749 5297 964 5364 quidem
1001 5296 1281 5347 adumbrat
1309 5335 1320 5354 ,
1349 5299 1578 5364 Agrippa
1606 5312 1734 5349 vero
1756 5307 1902 5365 cup:t

295 5387 442 5441 illum
469 5387 675 5442 videre.
723 5385 858 5442 Vide
887 5387 1158 5454 principes
1199 5399 1414 5453 semper
1446 5386 1777 5440 inimicitiam
1804 5388 1897 5443 Ju-

295 5480 504 5534 daicam
538 5477 804 5546 repellere
830 5518 846 5543 ,
878 5486 933 5532 et
962 5476 1264 5546 prmterjus
1293 5490 1434 5544 saepe
1465 5492 1624 5545 agerc
1655 5479 1770 5546 cogi
1798 5522 1812 5543 ,
1839 5496 1901 5533 ac

297 5570 571 5625 dilationis
598 5584 762 5625 ansas
789 5585 1032 5638 qnzercre
1066 5589 1079 5619 :
1118 5585 1222 5621 non
1252 5569 1396 5622 enim
1447 5569 1699 5636 ignorans
1750 5572 1899 5625 1111Ῐο-

299 5661 449 5714 rcbat
472 5703 486 5726 ,
520 5661 614 5715 sed
641 5675 860 5730 gnarus.
911 5661 1145 5730 Agrippi
1181 5675 1310 5712 vero
1345 5675 1450 5713 non
1486 5661 1644 5714 modo
1675 5679 1779 5717 non
1814 5681 1896 5718 rc-

302 5751 476 5817 1101ιὶ1,
502 5753 598 5808 sed
621 5761 674 5808 et
697 5752 885 5806 audire
907 5763 1054 5822 optat
1079 5771 1090 5806 :
1119 5751 1259 5822 quod
1285 5752 1636 5808 admiratione
1659 5756 1896 5826 dignum,

1293 333 1355 388 IN
1397 329 1574 386 ACTA
1619 319 2145 380 Ai‘OS'i'OLOliUM.
2191 321 2423 376 1101111..
2465 320 2553 375 Ll.

3434 322 3542 380 351

1943 429 2087 488 unde
2114 433 2167 486 in
2196 432 2525 488 desiderium
2550 431 2760 487 venerit
2785 430 2998 487 videndi
3025 431 3301 488 hominem
3327 448 3551 490 accusa-

1942 535 2053 580 tum
2083 526 2205 579 licet
2234 525 2455 595 injuste.
2489 524 2564 581 ita
2597 536 2648 580 et
2674 525 2778 581 hoc
2807 541 2903 595 per
2929 526 3323 595 providentiam
3351 527 3553 582 factum

1941 626 2042 671 est.
2085 615 2448 683 Quamobrem
2497 626 2551 671 et
2595 633 2732 672 uxor
2779 617 2897 687 ejus
2935 618 3092 673 simul
3143 619 3333 683 audit,
3382 634 3482 673 nec
3523 633 3555 672 a

1941 711 2205 764 concione
2237 710 2410 765 abest.
2445 709 2557 764 Nec
2583 711 2759 765 solum
2804 710 2991 776 audit,
3039 711 3134 766 sed
3176 726 3302 766 cum
3348 710 3558 766 honore

1943 817 2160 871 magno.
2190 801 2373 856 Talem
2409 802 2598 857 habuit
2628 802 2984 872 cupiditatem
3013 821 3027 857 :
3053 817 3163 858 non
3192 804 3338 859 enim
3367 803 3558 857 audire

1946 895 2191 963 petiisset
2217 935 2232 960 ,
2265 890 2368 948 nisi
2402 894 2454 948 id
2482 903 2722 962 aptasset
2747 937 2762 961 ,
2815 911 2990 965 neque
3016 897 3219 951 sociam
3249 896 3560 951 admisisset

1945 999 2209 1047 uxorem,
2243 984 2346 1038 nisi
2376 999 2632 1052 magnum
2684 984 2960 1055 quidpiam
3013 985 3082 1042 de
3137 986 3230 1041 illo
3276 986 3558 1041 sensisset.

1949 1073 2170 1128 Videtur
2197 1085 2378 1129 autem
2409 1073 2538 1129 mihi
2569 1075 2720 1130 illam
2765 1091 2982 1146 quoque
3033 1078 3149 1132 haec
3196 1078 3558 1133 desiderasse.

1949 1166 2014 1219 Et
2039 1164 2160 1219 vide
2190 1166 2412 1219 Paulum
2442 1166 2624 1220 statim
2651 1181 2758 1222 non
2785 1166 2853 1221 de
2881 1167 2987 1222 fide
3026 1169 3201 1223 solum
3257 1178 3311 1224 et
3356 1169 3424 1223 de
3469 1183 3563 1223 re-

1949 1258 2208 1312 missione
2240 1268 2585 1327 peccatorum
2615 1297 2627 1322 ,
2663 1257 2759 1314 sed
2790 1259 2956 1313 etiam
3009 1259 3078 1314 de
3127 1259 3292 1314 rebus
3340 1259 3565 1330 agendis

1950 1352 2328 1414 disserentem.
2361 1349 2467 1406 Sed
2497 1350 2746 1418 superius
2774 1351 2917 1406 dicta
2947 1361 3277 1420 repetamus.
3325 1351 3391 1405 In
3425 1367 3564 1420 prte-

1951 1441 2107 1505 senti,
2135 1442 2308 1509 inquit
2333 1483 2347 1508 ,
2373 1441 2457 1494 ubi
2480 1442 2955 1512 ;0pportunitatem
2977 1452 3146 1496 autem
3173 1453 3372 1509 nactus,
3398 1459 3566 1496 accer-

1952 1552 2066 1588 sam
2089 1545 2157 1589 te.
2190 1533 2324 1591 Vide
2372 1537 2719 1590 cmeitatem:
2770 1534 2888 1588 [nec
2935 1534 3163 1590 audiens
3213 1535 3465 1604 sperabat
3509 1552 3569 1591 se

1955 1628 2210 1697 pecunias
2231 1637 2578 1696 accepturum
2597 1626 2667 1682 ab
2694 1641 2780 1681 eo.
2805 1625 2872 1680 Et
2897 1641 3004 1680 non
3038 1627 3214 1679 solum
3243 1626 3343 1680 hoc
3365 1641 3528 1696 grave
3550 1641 3566 1692 1

1957 1721 2050 1776 sed
2078 1721 2242 1775 etiam
2273 1720 2531 1786 loquutus
2558 1735 2682 1775 eum
2709 1734 2776 1774 eo
2801 1762 2816 1786 ,
2853 1735 2959 1774 non
3009 1719 3211 1774 dimisit
3260 1735 3383 1774 eum
3409 1735 3425 1784 ;
3474 1719 3568 1774 sed

1957 1812 2081 1880 quia
2113 1813 2165 1865 in
2201 1812 2538 1881 principatus
2567 1812 2728 1866 finem
2760 1821 2982 1867 venerat
3011 1853 3026 1876 ,
3058 1813 3277 1882 reliquit
3302 1828 3426 1867 eum
3455 1813 3574 1866 vin-

1959 1911 2102 1957 ctum
2131 1944 2146 1968 ,
2179 1913 2237 1956 ut
2263 1902 2662 1973 gratificaretur
2691 1903 2894 1960 Judaeis
2925 1921 2938 1958 :
2973 1904 3154 1975 itaque
3183 1921 3288 1959 non
3317 1904 3574 1974 pecunias

1962 1994 2124 2048 modo
2151 2036 2165 2060 ,
2194 1993 2290 2048 sed
2323 2003 2378 2048 et
2404 1994 2634 2064 gloriam
2665 1996 2937 2064 cupiebat.
2993 1994 3107 2050 Cur
3129 2037 3144 2061 ,
3175 1996 3439 2063 sceleste,
3481 2012 3576 2068 pe-

1962 2087 2151 2138 cunias
2175 2084 2378 2153 qua-ris
2404 2099 2434 2137 a
2461 2085 2580 2138 viro
2620 2085 2955 2140 contrarium
3000 2085 3326 2154 praedicante
3355 2086 3380 2140 1
3420 2087 3575 2154 Quod

1965 2185 2144 2230 autem
2173 2190 2280 2229 non
2307 2177 2612 2245 receperit,
2638 2176 2813 2246 palam
2836 2187 2920 2232 est
2946 2191 3012 2231 es
3036 2191 3102 2232 eo
3126 2218 3143 2245 ,
3171 2177 3314 2248 quod
3340 2178 3576 2232 vinetum

1966 2267 2285 2336 reliquerit,
2314 2267 2596 2323 soluturus
2643 2269 2689 2323 si
2732 2269 3056 2339 accepisset.
3109 2271 3186 2326 De
3221 2273 3580 2343 temperantia

1971 2359 2056 2413 hic
2087 2359 2396 2429 disputabat
2422 2399 2438 2426 ,
2467 2368 2521 2413 et
2554 2359 2643 2415 ille
2672 2377 2700 2412 a
2736 2361 2854 2414 viro
2887 2362 3012 2415 talia
3042 2361 3300 2433 loquente
3330 2363 3582 2434 Sperabat

1969 2464 2030 2505 se
2058 2451 2338 2519 pecuniam
2369 2461 2739 2520 accepturum.
2783 2451 2851 2505 Et
2882 2461 3069 2522 petere
3094 2453 3314 2523 quidem
3345 2469 3452 2509 non
3481 2469 3584 2509 au-

1973 2543 2133 2599 debat
2168 2562 2181 2597 :
2211 2544 2335 2599 talis
2361 2545 2562 2615 quippe
2589 2556 2673 2599 est
2700 2545 2926 2609 malitia,
2953 2545 3028 2618 (a)
3061 2543 3274 2619 [timida
3305 2563 3501 2618 nempe
3529 2559 3584 2602 et

1972 2637 2154 2691 omnia
2176 2645 2425 2706 suspecta
2451 2636 2713 2710 habens];
2745 2639 3000 2706 sperabat
3022 2648 3238 2694 autem:
3264 2640 3445 2711 itaque
3461 2640 3586 2709 jure

1976 2729 2082 2782 illis
2111 2729 2516 2798 gratificabatur
2541 2771 2554 2794 ,
2591 2741 2776 2798 utpote
2802 2731 2893 2800 qui
2923 2730 2995 2786 ibi
3029 2740 3178 2787 tanto
3207 2743 3452 2802 tempore
3481 2734 3586 2788 im-

1977 2828 2240 2888 perasset.
2270 2819 2443 2890 Igitur
2473 2820 2686 2874 Festum
2710 2863 2723 2886 ,
2757 2822 2842 2875 ubi
2889 2822 3208 2892 provinciam
3244 2825 3545 2895 suscepisset
3571 2866 3586 2892 ,

1978 2915 2216 2967 adierunt
2263 2915 2519 2985 principes
2578 2915 2903 2968 sacerdotum
2949 2923 2997 2969 et
3041 2916 3193 2987 primi
3240 2915 3544 2971 Judteorum
3573 2959 3588 2982 ,

1980 3005 2243 3059 adversus
2265 3005 2486 3059 Paulum
2514 3047 2530 3071 ,
2556 3005 2750 3074 inquit.
2775 3005 2969 3060 Statim
2988 3013 3045 3062 et
3069 3021 3100 3061 a
3124 3009 3389 3078 principio
3409 3024 3594 3066 acces-

1982 3103 2171 3150 serunt
2197 3095 2548 3160 sacerdotes,
2590 3097 2682 3166 qui
2734 3111 2841 3151 non
2888 3098 3097 3168 gravati
3141 3097 3370 3154 fuissent
3408 3099 3594 3155 (2111111-

1984 3203 2131 3244 ream
2160 3189 2344 3242 venire
2371 3230 2385 3253 ,
2420 3188 2520 3242 nisi
2554 3189 2912 3257 praevenisset
2939 3189 3164 3244 veniens
3193 3189 3282 3253 ille
3309 3231 3325 3257 ,
3347 3191 3596 3261 quando-

1983 3279 2203 3350 quidem
2226 3279 2317 3332 ubi
2340 3279 2557 3334 advenit
2584 3321 2599 3346 ,
2634 3280 2814 3334 statim
2861 3281 3011 3335 illttm
3057 3281 3325 3337 adierunt.
3364 3281 3431 3337 Et
3482 3302 3597 3338 cum

1985 3370 2326 3426 descendisset
2379 3370 2666 3425 Caesaream
2690 3413 2706 3437 ,
2765 3372 3065 3426 morabatur
3118 3372 3187 3427 ibi
3241 3373 3416 3428 decem
3467 3376 3596 3429 dies.

1987 3464 2151 3520 Forte
2174 3506 2190 3531 ,
2220 3463 2415 3533 opinor
2437 3504 2452 3528 ,
2484 3471 2542 3516 ut
2574 3473 2844 3532 prostat-et
2870 3464 2949 3518 eis
2975 3506 2991 3530 ,
3040 3466 3131 3536 qui
3171 3466 3377 3521 vellent
3423 3469 3598 3537 ipsum

1987 3568 2358 3622 corrumpere.
2386 3553 2582 3608 Paulus
2604 3569 2735 3609 vero
2759 3563 2879 3608 erat
2908 3555 2960 3608 in
2989 3571 3232 3612 carcere.
3261 3557 3330 3612 Et
3350 3561 3601 3630 rogabant

1990 3663 2104 3700 eum
2129 3685 2145 3710 ,
2177 3644 2388 3714 inquit,
2416 3653 2470 3696 ut
2501 3643 2671 3712 ipsum
2703 3646 3064 3701 transmitteret
3100 3647 3153 3700 in
3181 3646 3490 3704 Jerusalem.
3537 3652 3602 3708 Et

1990 3752 2088 3791 cur
2119 3736 2346 3806 gratiam
2379 3735 2670 3805 petierunt,
2716 3736 2760 3790 si
2790 3736 2995 3805 justum
3028 3748 3146 3793 erat
3175 3748 3232 3794 ut
3260 3745 3604 3798 moreretur?

1993 3832 2100 3888 Sed
2137 3835 2205 3886 ita
2236 3834 2312 3888 illi
2353 3834 2653 3892 manifestae
2694 3837 2910 3891 fuerunt
2951 3837 3199 3904 insidize,
3252 3847 3311 3894 ut
3354 3839 3603 3898 diceret:

2005 3922 2116 3978 Viri
2137 3926 2223 3996 qui
2253 3937 2525 3995 prarsentes
2551 3929 2856 3996 estis,ritlete
2886 3928 3024 3982 [tunc
3047 3970 3063 3994 ,
3090 3931 3153 3983 de
3192 3947 3291 3999 quo
3332 3931 3607 3987 multitudo

1995 4016 2303 4070 Judtrorunt
2346 4035 2426 4074 me
2470 4019 2833 4090 interpellavit.
2886 4020 2990 4075 Per
3036 4021 3168 4076 illud
3209 4023 3354 4078 enim
3379 4062 3397 4091 ,
3438 4022 3608 4078 Inter-

1997 4108 2239 4178 pellavit,
2291 4111 2518 4179 gratiam
2570 4119 2758 4164 contra
2818 4111 2971 4166 illum
3042 4113 3265 4181 petiisse
3319 4114 3606 4184 significat.

1999 4201 2181 4271 Itaque
2242 4203 2352 4270 jam
2406 4204 2661 4258 videbant
2711 4205 2859 4258 illum
2917 4205 2984 4260 ad
3045 4208 3372 4262 sententiam
3423 4207 3608 4264 feren-

1998 4294 2120 4348 dam
2173 4295 2464 4360 inducere,
2505 4295 2738 4365 linguam
2780 4296 2934 4351 Pauli
2979 4297 3252 4353 timentes.
3285 4298 3424 4368 Quid
3455 4303 3612 4356 time-

2002 4385 2110 4439 tis?
2138 4385 2264 4453 quid
2304 4384 2613 4440 festinatis?
2641 4387 2822 4440 Palam
2852 4397 2936 4442 est
2965 4388 3116 4442 illum
3141 4391 3424 4444 custodiri.
3470 4389 3610 4446 Num

2001 4476 2209 4547 fugiet?
2234 4478 2332 4543 Qui
2356 4495 2475 4549 ergo
2502 4479 2552 4531 in
2579 4480 2717 4533 vobis
2743 4521 2756 4540 .
2783 4479 2957 4550 inquit
2981 4521 2995 4545 ,
3023 4490 3249 4548 potentes
3275 4491 3392 4535 sunt
3417 4525 3430 4546 ,
3463 4500 3613 4536 accu-

2001 4577 2108 4619 sent
2139 4567 2306 4620 illum.
2342 4567 2577 4622 Rursum
2608 4581 2954 4624 accusatores
2977 4569 3244 4627 Caesarea:
3267 4614 3283 4639 ,
3317 4583 3371 4626 et
3398 4589 3610 4628 rursum

2002 4660 2252 4714 educitur
2299 4660 2518 4714 Paulus.
2575 4661 2812 4730 Sequenti
2857 4661 2981 4728 die,
3029 4662 3243 4731 inquit,
3290 4664 3470 4720 sedens
3520 4683 3614 4733 pro

2003 4751 2268 4804 tribunali.

2076 4844 2132 4898 '5.
2178 4842 2344 4906 Vide,
2394 4843 2574 4897 statim
2626 4844 2849 4899 veniens
2895 4845 3035 4900 sedit
3079 4863 3176 4917 pro
3223 4848 3616 4912 tt'ibuitalizsic

2007 4935 2158 4989 illum
2214 4945 2268 4988 et
2323 4951 2444 4988 cum
2502 4944 2651 4991 tanto
2715 4936 2894 4991 studio
2953 4939 3324 5007 impellebant,
3383 4941 3463 4995 sic
3522 4958 3616 4996 ur.

2007 5030 2223 5098 gebanl.
2271 5027 2537 5093 Quamdiu
2588 5044 2716 5097 ergo
2773 5030 3012 5082 nondum
3059 5041 3314 5099 expertus
3363 5042 3476 5086 erat
3518 5033 3618 5091 Ju-

2009 5123 2155 5176 1111105
2203 5131 2267 5187 et
2307 5123 2566 5174 honorem
2621 5122 2860 5186 illorum,
2895 5131 3041 5176 recte
3101 5124 3413 5193 respondit;
3466 5138 3616 5194 post-

2008 5232 2166 5286 quam
2217 5224 2396 5268 autem
2452 5215 2598 5268 venit
2645 5213 3063 5286 Jerosulymam,
3099 5215 3187 5270 hic
3234 5233 3450 5287 quoque
3495 5235 3616 5289 grao

2013 5308 2242 5362 tilicatnr
2297 5308 2434 5371 illis;
2497 5307 2590 5360 sed
2646 5323 2768 5360 cum
2819 5307 2949 5362 dolo
2999 5310 3101 5365 hoc
3158 5309 3320 5377 facit;
3371 5323 3425 5366 et
3479 5329 3613 5383 quo-

2011 5400 2170 5455 tnodo
2191 5445 2202 5466 ,
2247 5401 2369 5454 audi
2402 5418 2414 5454 :
2443 5400 2590 5454 addit
2617 5402 2758 5454 enim
2790 5419 2803 5453 :
2839 5399 2989 5455 l’isne
3025 5401 3404 5475 Jerosolymant
3437 5424 3617 5461 ascen-

2010 5495 2153 5560 dens,
2183 5495 2287 5546 illic
2314 5493 2377 5545 de
2401 5493 2480 5547 Itis
2496 5494 2727 5563 judicari
2748 5513 2776 5545 u
2803 5494 2922 5547 nte?
2953 5499 3027 5547 Ac
3052 5495 3093 5548 si
3116 5494 3346 5564 diceret,
3371 5499 3483 5552 Non
3513 5502 3618 5556 illis

2013 5598 2064 5643 te
2108 5587 2301 5653 trado,
2351 5565 2445 5640 sed
2490 5586 2790 5656 ipsejudex
2835 5602 2948 5641 ero.
2983 5587 3094 5642 lloc
3130 5604 3258 5644 vero
3289 5589 3458 5658 dit-it,
3505 5608 3618 5648 rem

2079 5768 2150 5828 (u)
2186 5776 2298 5825 Qua-
2326 5768 2515 5815 uncinis
2541 5763 2853 5827 clauduntur,
2875 5767 3050 5815 absunt
3069 5777 3096 5815 a
3121 5767 3430 5830 quibusdam.
