4072 6428
518 339 626 393 355

521 456 666 510 illius
691 447 909 504 arbitrio
936 442 1268 514 permittens,
1299 447 1357 490 ut
1382 436 1483 489 hoc
1506 435 1708 487 honore
1729 429 1901 498 ipsum
1921 425 2104 479 allice~

525 556 640 604 ret:
670 543 790 611 quia
823 538 867 592 si
901 539 1002 590 hoc
1048 535 1401 602 imperasset,
1443 524 1598 578 valde
1627 519 1906 590 impudens
1935 515 2106 570 visum

523 609 741 697 fuisset,
782 646 906 686 eum
954 629 1040 698 qui
1081 625 1239 680 isthic
1280 621 1557 675 convictus
1607 631 1710 670 non
1757 614 1976 677 luisset,
2018 609 2109 662 illo

522 725 807 780 abducere.

596 811 769 866 l'auli'
795 808 1030 876 loquendi
1069 803 1278 874 ﬁducia.
1303 799 1596 855 —Paulus
1635 809 1764 850 vero
1802 807 1908 846 non
1952 789 2107 853 dixit,

525 906 662 962 Nolo
688 921 703 954 :
726 918 792 956 nc
819 899 1268 954 vehementiorem
1296 892 1543 946 redderet
1569 888 1830 958 judicem;
1860 882 1954 938 sed
1988 899 2108 937 rur-

523 1012 644 1050 sum
692 993 860 1047 libere
888 990 1124 1056 loquitur
1150 985 1233 1039 his
1258 983 1437 1038 verbis
1457 1000 1469 1034 :
1489 981 1623 1034 Ante
1645 974 1868 1031 tribunal
1893 973 2110 1029 thsaris

526 1097 603 1141 sto
627 1103 646 1139 :
666 1085 734 1138 ibi
759 1099 835 1136 me
854 1089 1046 1150 oportet
1055 1075 1302 1147 judicari.
1329 1073 1514 1142 Magna
1539 1068 1784 1139 loquendi
1811 1065 2019 1119 fiducia.
2043 1061 2112 1116 Et

523 1176 644 1231 vide
662 1170 928 1240 quomodo
950 1170 1069 1224 illos
1091 1165 1374 1221 ratiocinio
1394 1163 1537 1232 capit
1558 1178 1572 1215 :
1591 1159 1739 1230 quasi
1764 1157 2012 1211 nimirum
2035 1155 2112 1208 sic

524 1283 621 1339 pro
642 1263 950 1320 defensione
978 1276 1073 1314 sua
1097 1260 1365 1327 loquatur.
1389 1254 1471 1308 Me
1501 1253 1574 1306 illi
1605 1250 1771 1306 semel
1801 1248 2108 1318 ejecerunt,

527 1368 580 1411 et
611 1356 736 1408 hinc
763 1368 848 1406 me
878 1349 1237 1405 damnandum
1271 1355 1486 1415 putant,
1532 1343 1671 1412 quod
1712 1339 1997 1395 ostendant
2026 1352 2114 1392 me

528 1449 581 1502 in
623 1445 891 1500 Cmsarem
925 1455 1175 1511 peccasse
1201 1458 1212 1493 :
1238 1437 1376 1506 apud
1409 1437 1557 1490 illum
1590 1435 1761 1505 ipsum
1788 1474 1802 1498 ,
1832 1433 1920 1500 qui
1951 1431 2112 1484 ιιεδυε

527 1548 610 1594 est
629 1579 642 1602 ,
682 1536 908 1606 judicari
937 1534 1078 1587 volo.
1111 1532 1206 1586 His
1232 1531 1388 1585 dictis
1415 1528 1686 1595 subjungit
1710 1543 1722 1578 :
1745 1523 1945 1578 Judwis
1985 1523 2114 1576 nihil

527 1629 678 1685 nocui
697 1669 712 1691 ,
744 1637 799 1679 ut
827 1627 978 1677 etiam
1008 1623 1269 1676 tumelias
1299 1620 1446 1672 nosti.
1483 1617 1795 1686 Pcrstringit
1831 1616 1974 1668 illum
2001 1613 2110 1683 jam

533 1718 682 1789 quasi
725 1715 920 1770 Judaeis
965 1713 1370 1782 gratiﬁcantem.
1425 1707 1626 1762 Deinde
1673 1717 1949 1775 postquam
1996 1719 2115 1773 per-

529 1810 860 1872 strinxerat,
894 1820 1078 1860 rursus
1108 1802 1270 1856 solvit
1300 1815 1604 1855 sermonem
1628 1841 1642 1863 ,
1675 1798 1877 1852 addens
1899 1815 1912 1850 :
1933 1795 2116 1865 Itaque

523 1903 569 1956 si
603 1902 805 1968 quidem
844 1899 1030 1967 injuste
1071 1896 1179 1965 egi,
1223 1891 1302 1947 vel
1342 1893 1551 1962 dignum
1577 1891 1772 1960 aliquid
1801 1899 1960 1943 morte
1983 1889 2110 1958 feci,

527 2008 630 2044 non
657 2005 830 2044 recuso
860 1987 1007 2040 mori.
1035 1985 1229 2040 Contra
1263 1997 1348 2037 me
1381 1983 1696 2036 sententiam
1732 1981 1846 2035 fero
1866 2023 1880 2044 ,
1924 1981 2111 2048 inquit.

526 2083 642 2136 Hoc
673 2097 778 2134 non
815 2088 897 2134 est
921 2092 1042 2131 sese
1067 2075 1360 2130 occidentis
1380 2115 1396 2137 ,
1425 2071 1519 2128 sed
1548 2072 1702 2126 valde
1727 2071 1883 2126 dictis
1912 2077 2022 2126 suis
2055 2073 2113 2125 li-

525 2170 700 2225 dentis
720 2187 730 2222 :
749 2183 866 2220 nam
889 2182 1007 2220 cum
1028 2163 1276 2234 loquendi
1301 2163 1493 2216 fiducia
1516 2162 1674 2226 adsit,
1690 2161 2116 2229 oportetjustitia

528 2261 593 2314 ad
621 2257 1025 2314 confutandam.
1060 2256 1122 2310 Si
1161 2264 1328 2308 autem
1369 2253 1498 2306 nihil
1524 2263 1821 2319 esteorum,
1851 2253 1913 2305 de
1940 2252 2117 2320 quibus

527 2353 605 2405 illi
632 2359 906 2414 accusant,
944 2363 1089 2400 nemo
1128 2355 1284 2416 potest
1323 2361 1401 2396 me
1446 2343 1658 2397 donare.
1701 2341 1924 2396 Etiamsi
1953 2342 2113 2404 velit,

531 2443 735 2512 inquit,
770 2455 874 2494 non
909 2438 1121 2507 poterit.
1154 2435 1268 2490 Non
1296 2435 1464 2498 dixit,
1513 2432 1625 2486 Non
1655 2433 1847 2502 dignus
1877 2447 1993 2486 sum
2025 2433 2113 2500 qui

530 2533 749 2596 tuoriar,
779 2544 970 2597 neque,
1001 2527 1099 2593 Qui
1125 2525 1405 2590 absolvar;
1437 2525 1554 2588 sed,
1584 2524 1806 2578 Paratus
1834 2540 1950 2577 sutn
1977 2522 2117 2593 judi-

530 2625 638 2678 cari
680 2622 816 2692 apud
846 2621 1112 2676 Cmsarem
1141 2637 1154 2672 :
1180 2619 1334 2672 simul
1373 2618 1565 2671 somnii
1597 2631 1830 2680 memor,
1868 2616 2118 2669 fidentius

531 2722 803 2784 provocat.
838 2711 1020 2779 Neque
1060 2709 1227 2770 digit,
1262 2708 1376 2773 Tu,
1408 2707 1533 2770 sed,
1571 2706 1774 2770 Nemo;
1803 2717 1853 2760 et
1883 2706 2115 2770 addidit,

535 2804 787 2860 ϐασι-ειη
805 2800 1029 2872 appella,
1055 2817 1122 2854 ne
1145 2800 1216 2854 illi
1236 2798 1615 2854 centumeliant
1641 2797 1836 2851 inferre
1855 2798 2114 2850 videatur.

537 2897 676 2950 Tunc
725 2894 905 2948 Festus
951 2893 1185 2960 loquutus
1228 2907 1342 2944 cum
1395 2890 1609 2943 concilio
1657 2889 1839 2942 dixit:
1867 2886 2118 2941 Ctesarem

533 2987 844 3058 appellasti;
871 2984 938 3036 ad
965 2983 1215 3037 Cesarem
1239 2983 1353 3035 ibis.
1389 2979 1631 3034 Vidistin‘
1659 2978 1925 3048 quomodo
1951 2979 2116 3048 grati-

536 3077 755 3132 liectur?
793 3075 971 3130 Gratia
1003 3075 1145 3128 enim
1188 3081 1338 3135 erat,
1379 3071 1608 3140 colloqui
1648 3086 1768 3124 cum
1800 3071 2122 3124 accusatori-

535 3170 634 3223 bus
654 3207 668 3234 ,
702 3167 840 3236 quod
869 3175 952 3220 est
978 3167 1213 3231 corrupti
1241 3162 1439 3224 animi,
1469 3170 1522 3215 et
1562 3160 1804 3214 ordinem
1839 3160 2116 3214 turbantis.

541 3259 675 3314 Vide
704 3259 892 3311 iterum
926 3255 1066 3308 illius
1097 3263 1437 3323 prorogatum
1480 3251 1770 3320 judicium,
1811 3261 1867 3306 et
1904 3251 2121 3304 insidias

539 3346 931 3420 pra'dicationis
965 3346 1301 3399 occasionem
1344 3341 1531 3397 factas.
1573 3341 1699 3397 Haec
1735 3341 1877 3395 enim
1908 3340 2123 3409 dispono

538 3449 744 3503 santur,
775 3448 830 3492 ut
860 3437 1012 3490 facile
1039 3445 1092 3490 et
1121 3450 1241 3488 cum
1265 3433 1508 3487 custodia
1535 3432 1927 3502 Jerosolymam
1954 3431 2120 3485 addu-

537 3544 710 3592 catur,
755 3528 968 3582 ncmiue
1015 3526 1335 3579 insidiante:
1362 3539 1466 3577 non
1507 3524 1644 3577 idem
1686 3533 1802 3577 erat
1835 3523 1958 3577 illuc
1995 3525 2122 3576 sitn-

539 3621 744 3690 plieiter
766 3618 1073 3681 adventare,
1097 3625 1288 3669 etcum
1315 3613 1404 3666 tali
1426 3628 1583 3667 causa
1607 3613 1809 3667 venire.
1830 3613 1944 3668 Hoc
1962 3614 2120 3667 etiam

541 3713 588 3763 id
619 3707 795 3762 elleeit
815 3749 829 3771 ,
861 3715 916 3760 ut
944 3705 1110 3760 .luda-i
1145 3705 1266 3757 illuc
1295 3703 1664 3758 convenirent.
1702 3701 1900 3757 Deinde
1931 3702 2120 3756 iterum

543 3816 706 3853 mora:
733 3807 875 3862 sunt,
899 3797 1024 3850 dum
1053 3796 1141 3848 ille
1163 3795 1514 3865 Jerosolymis
1543 3804 1820 3849 versatur:
1846 3803 1907 3848 ut
1924 3794 2120 3860 discas,

540 3891 700 3943 etiam
719 3903 838 3942 cum
859 3897 1065 3954 tempus
1083 3895 1244 3947 esset,
1267 3885 1483 3939 insidias
1507 3887 1792 3954 prinvalere
1814 3901 1918 3940 non
1943 3902 2120 3954 posse,

544 3982 653 4035 [leo
684 3995 786 4032 non
813 3975 1159 4031 concedente.
1185 3977 1412 4045 Agrippa
1435 3985 1603 4028 autem
1633 3975 1715 4027 hic
1735 3992 1823 4029 rea:
1848 3987 1894 4029 et
1913 3974 2125 4029 Bernice

540 4071 902 4125 distenderant
937 4066 1240 4122 Ctesaream.
1287 4065 1382 4120 llic
1409 4067 1642 4136 Agrippa
1664 4107 1678 4131 ,
1710 4068 1796 4135 qui
1828 4068 1986 4122 etiam
2023 4068 2122 4122 Ile-

538 4164 721 4229 rudes,
776 4162 911 4215 alius
958 4167 1040 4212 est
1093 4167 1213 4225 post
1263 4173 1385 4212 eum
1438 4158 1527 4228 qui
1582 4157 1837 4212 Jacobum
1891 4158 2122 4222 occidit,

540 4264 599 4308 ut
647 4254 717 4306 sit
767 4262 1005 4320 quartus.
1066 4249 1198 4304 Vide
1254 4250 1498 4304 inimicos
1537 4250 1624 4304 vel
1664 4249 1855 4304 invitos
1913 4253 2128 4319 conspi-

543 4359 683 4399 rare.
742 4341 813 4398 Ut
852 4357 979 4394 vero
1021 4356 1209 4409 magna
1253 4339 1551 4394 auditorum
1600 4339 1892 4410 frequentia
1939 4353 2124 4404 esset,

545 4438 596 4489 in
639 4433 966 4488 desiderium
1014 4430 1198 4485 incidit
1239 4432 1468 4500 Agrippa
1507 4431 1677 4499 ipsum
1716 4431 2003 4486 audiendi:
2032 4449 2129 4487 nec

543 4539 832 4596 utcumque
863 4524 1082 4588 audivit,
1112 4522 1204 4577 sed
1247 4538 1367 4577 cum
1397 4533 1676 4592 apparatu.
1703 4524 1768 4577 Et
1798 4525 1919 4578 vide
1945 4525 2132 4578 defen-

543 4622 771 4682 sionem,
802 4633 957 4685 quam
992 4631 1193 4685 prmses
1219 4616 1421 4685 profert
1445 4635 1457 4668 :
1480 4613 1607 4670 Cum
1629 4627 1795 4669 autent
1825 4617 1932 4686 ipse
1956 4619 2131 4687 appel-

545 4712 694 4764 lasset
727 4712 793 4762 ad
818 4711 1117 4780 Augustum,
1138 4709 1368 4780 judicavi
1388 4709 1582 4762 mittere
1604 4709 1748 4762 illum
1772 4725 1790 4762 :
1808 4712 1871 4761 de
1896 4727 1994 4776 quo
2014 4712 2132 4777 quid

549 4816 739 4857 certum
769 4806 978 4857 scribam
1010 4804 1234 4866 domino,
1267 4818 1365 4854 non
1395 4801 1572 4854 habeo.
1597 4799 1686 4855 Sic
1712 4802 1896 4854 scribit
1924 4801 2129 4865 Festus,

551 4904 600 4947 et
629 4894 918 4946 traducitur
933 4892 1148 4946 .ludaica
1163 4891 1450 4946 crudelitas
1472 4908 1484 4943 :
1504 4906 1623 4946 cum
1646 4891 1787 4946 enim
1811 4890 1910 4946 hoc
1935 4908 2130 4961 prteses

548 4988 712 5049 dicat,
745 4993 1048 5050 suspectum
1078 4999 1182 5035 non
1214 4991 1315 5035 est.
1349 4982 1477 5036 Ideo
1507 4992 1684 5036 autem
1710 4983 1854 5047 dicit,
1890 4993 1947 5036 ut
1973 4984 2040 5038 ab
2068 4999 2134 5037 eo

553 5079 670 5138 ipso
691 5075 1014 5128 damnentur
1038 5073 1207 5126 Juda-i
1235 5093 1247 5127 :
1275 5082 1553 5142 postquam
1584 5082 1760 5126 autem
1789 5089 1972 5128 omnes
2001 5089 2134 5128 con-

556 5168 878 5220 demnarunt
893 5167 1054 5234 ipsos.
1073 5175 1194 5216 tunc
1215 5165 1466 5217 ultionem
1484 5163 1715 5216 immittit
1732 5164 1889 5218 Deus‘.
1903 5165 2134 5218 Observa

561 5266 736 5310 autem
763 5272 775 5308 :
800 5255 1067 5308 damnavit
1100 5253 1284 5323 Lysias
1309 5295 1322 5316 ,
1356 5254 1627 5308 damnavit
1656 5254 1800 5308 Felix
1823 5296 1837 5317 ,
1867 5255 2137 5309 danutavit

567 5345 754 5401 Festus
776 5358 829 5401 et
858 5348 888 5399 ii
910 5347 995 5415 qui
1023 5346 1452 5415 gratificahauiur
1473 5348 1570 5407 eis.
1595 5347 1858 5400 damnavit
1884 5350 2133 5418 Agrippa.

568 5438 703 5505 Quid
745 5439 915 5490 ulna?
958 5441 1355 5491 Itauznaverunt
1401 5452 1495 5492 eos
1542 5439 1636 5508 ipsi
1679 5440 1952 5498 Pharisirj.
1987 5441 2136 5508 Quod

561 5532 652 5586 ille
679 5530 1037 5591 damnaverit,
1071 5530 1189 5581 audi
1223 5530 1392 5598 ipsum
1435 5529 1695 5584 dicentem
1723 5549 1734 5584 :
1764 5530 1979 5585 Nuli'am
2019 5551 2140 5584 can-

566 5638 676 5678 sam
703 5621 1008 5689 deferebant,
1035 5637 1094 5673 ra:
1117 5623 1292 5689 quibus
1315 5639 1404 5693 rgo
1431 5623 1743 5692 suspicabar.
1769 5623 1925 5679 Certe
1947 5627 2140 5680 attule-

569 5726 714 5775 runt.
739 5710 830 5766 sed
855 5726 962 5770 non
982 5715 1328 5769 conviccrunt
1355 5734 1365 5768 :
1389 5715 1592 5770 insidia:
1618 5732 1843 5787 namque.
1865 5728 1914 5771 et
1939 5717 2142 5773 fucinus

1245 323 1301 380 S.
1341 319 1618 379 JUANNIS
1654 310 2128 374 CHRYSOSTOMI
2169 310 2483 368 ARCHIEP.
2513 309 3044 367 CONSTANTINUP.

3699 301 3812 358 πλεῖ

2218 425 2353 478 hanc
2390 424 2749 492 suspicionem
2792 422 3092 491 pariebant,
3136 417 3410 488 inquisitio
3450 431 3627 468 autem
3673 415 3810 465 nilnl

2219 515 2344 568 tale.
2380 510 2445 566 Et
2475 515 2537 566 de
2563 515 2780 584 quodam
2805 513 2953 576 Jesu,
2989 511 3178 577 inquit,
3212 509 3469 577 defuncto.
3501 507 3626 558 .lurc
3656 503 3814 563 dicit,

2216 605 2296 661 De
2325 606 2575 675 quodam,
2616 617 2804 675 utpote
2834 606 2922 674 qui
2957 605 3320 672 magistratum
3353 608 3592 666 gerctct,
3638 610 3821 664 neque

2219 697 2335 752 haec
2363 708 2596 753 curaret.
2629 698 2829 751 Eadem
2859 697 2926 748 de
2956 709 3114 749 causa
3144 692 3272 746 dicit
3297 710 3309 744 :
3344 690 3600 743 stituns
3627 705 3720 758 ego
3748 688 3822 741 de

2217 789 2508 859 huiusmodi
2537 792 2831 858 quastione.
2863 789 3073 842 Etenim
3108 788 3290 839 talium
3325 801 3501 838 rerum
3535 783 3818 851 inquisitio

2218 883 2336 936 talis
2359 881 2553 948 judicis
2579 896 2734 935 aures
2766 897 2890 934 vere
2919 877 3346 932 transcendebat.
3383 877 3451 930 Et
3481 877 3523 929 si
3557 875 3776 928 Ita-sitas
3799 915 3816 937 ,

2215 990 2312 1028 cur
2341 973 2732 1045 Jerosolymam
2765 971 2966 1027 trahis?
2998 971 3121 1024 ideo
3165 969 3358 1022 Paulus
3403 968 3519 1035 ejus
3552 967 3816 1032 judicium

2216 1067 2544 1132 detrectans,
2573 1066 2948 1134 Caasaremque
2968 1063 3260 1132 appellans,
3289 1061 3418 1115 dicit
3443 1079 3455 1112 :
3482 1061 3562 1113 Ad
3590 1061 3821 1113 tribunal

2219 1156 2433 1211 Cazsaris
2470 1167 2568 1222 sto,
2611 1157 2694 1210 ubi
2733 1173 2811 1209 me
2847 1164 3037 1224 oportet
3068 1153 3293 1223 judicari
3315 1169 3333 1216 ;
3364 1151 3559 1208 etenim
3601 1151 3666 1204 de
3709 1152 3819 1204 hoc

2215 1249 2560 1304 accusabant.
2594 1249 2762 1303 Audis
2791 1247 3249 1317 appellationem?
3275 1247 3430 1301 audis
3463 1246 3682 1300 insidias
3712 1245 3816 1299 Ju-

2216 1339 2485 1392 dazorum?
2513 1339 2664 1392 audis
2691 1338 3046 1393 seditionem?

2287 1429 2338 1482 4.
2376 1429 2499 1482 llzrc
2537 1429 2713 1482 omnia
2754 1429 3038 1498 Agrippam
3080 1428 3145 1481 ad
3187 1426 3437 1482 audiendi
3477 1426 3820 1482 desiderium

2215 1521 2570 1574 concitarunt.
2614 1521 2681 1574 Et
2721 1520 2811 1574 dat
2860 1520 3048 1574 Festus
3097 1520 3359 1589 gratiam,
3411 1529 3464 1574 et
3516 1520 3573 1572 fit
3624 1530 3817 1588 postea

2218 1613 2411 1666 Paulus
2435 1613 2648 1667 clarior.
2680 1613 2824 1667 Talia
2845 1656 2858 1679 ,
2907 1623 2962 1666 ut
3005 1594 3112 1666 dixi
3133 1655 3147 1677 ,
3193 1612 3398 1666 insidia!
3427 1613 3814 1666 conciliarunt.

2218 1704 2271 1758 Si
2305 1706 2420 1760 hare
2451 1721 2555 1759 non
2587 1705 2844 1771 fuissent,
2879 1707 3056 1759 nullus
3088 1707 3387 1775 principum
3422 1707 3595 1774 ipsum
3624 1705 3821 1759 audire

2217 1797 2464 1865 dignatus
2494 1805 2670 1859 esset,
2704 1796 2878 1848 nullus
2905 1813 3024 1848 eum
3067 1805 3212 1848 tanto
3243 1797 3476 1849 silentio.
3511 1797 3575 1849 Et
3601 1796 3822 1850 videtur

2216 1887 2432 1955 quidem
2462 1887 2549 1941 ille
2571 1887 2767 1942 docere
2793 1898 2847 1941 et
2875 1903 2996 1942 sese
3023 1886 3336 1954 defendere,
3363 1888 3456 1942 sed
3488 1889 3662 1957 potius
3687 1903 3818 1942 cum

2216 1982 2476 2052 dignitate
2515 1997 2703 2051 magna
2735 1983 3106 2036 concionatur.
3147 1981 3224 2036 Ne
3251 1997 3380 2051 ergo
3409 1991 3659 2050 putemus
3695 1997 3818 2036 rem

2217 2090 2432 2146 gravem
2463 2075 2682 2128 insidias
2709 2089 2851 2129 esse.

2292 2163 2457 2218 Nemo
2488 2163 2688 2217 (ceditur
2726 2165 2822 2218 nisi
2859 2182 2890 2215 a
2929 2166 3110 2231 seipse.
3144 2162 3396 2230 Rapinam
3427 2164 3821 2218 insectatur.—

2220 2254 2377 2309 Modo
2419 2255 2571 2309 nobis
2601 2255 2732 2324 ipsis
2763 2272 2865 2308 non
2910 2255 3220 2308 insidientur
3244 2294 3259 2319 ,
3303 2269 3462 2309 nemo
3494 2255 3647 2309 nobis
3678 2255 3818 2308 insi-

2219 2348 2351 2400 diari
2373 2349 2595 2414 poterit;
2619 2347 2724 2399 imo
2743 2346 3061 2399 insidiantur
3077 2345 3314 2415 quidem,
3334 2346 3424 2399 sed
3444 2345 3575 2399 nihil
3595 2357 3817 2410 nocent,

2219 2437 2311 2490 sed
2347 2437 2579 2490 maxime
2625 2447 2867 2506 prosunt.
2914 2436 3096 2505 Itaque
3124 2451 3292 2505 penes
3320 2451 3417 2488 nos
3446 2445 3559 2499 est,
3593 2445 3642 2490 et
3671 2436 3822 2489 malo

2222 2527 2358 2580 allici
2400 2537 2454 2580 et
2494 2543 2598 2581 non
2631 2527 2789 2580 attici.
2822 2527 2958 2581 Ecce
2991 2525 3249 2580 testificor
3275 2535 3330 2579 ct
3359 2541 3546 2595 magna
3573 2525 3822 2594 tubaque

2220 2622 2450 2675 clariore
2488 2620 2774 2684 vocedieo,
2799 2630 2852 2673 et
2873 2621 2915 2674 si
2942 2620 3123 2673 liceret
3163 2619 3213 2670 in
3237 2619 3403 2672 altum
3428 2619 3602 2671 locum
3627 2633 3821 2672 ascen-

2223 2710 2373 2773 dere,
2394 2726 2498 2764 non
2523 2726 2824 2764 recusarem
2852 2727 2864 2762 :
2889 2709 3252 2762 Christianum
3268 2723 3372 2762 non
3395 2724 3551 2776 posse
3572 2723 3600 2762 a
3621 2709 3822 2776 quovis

2225 2801 2506 2855 hominein
2533 2813 2668 2853 terra
2690 2800 2962 2854 habitante
2990 2799 3128 2854 lil‘di.
3151 2799 3213 2852 Et
3235 2799 3360 2868 qttid
3388 2800 3530 2864 dico,
3555 2797 3775 2852 homine
3795 2800 3823 2852 ?

2221 2891 2298 2946 Ne
2331 2893 2443 2960 ipse
2472 2891 2686 2960 quidem
2719 2893 2951 2952 damma,
2998 2893 3081 2943 vel
3127 2901 3385 2960 tyrannus
3408 2931 3422 2953 ,
3457 2891 3538 2943 vel
3570 2890 3823 2945 diabolus

2222 2994 2420 3051 potest,
2449 2983 2550 3035 nisi
2583 2998 2640 3036 se
2671 2982 2782 3050 ipse
2825 2982 2998 3035 laedat.
3033 2981 3089 3035 Si
3121 2997 3248 3049 ergo
3277 2983 3398 3050 quis
3427 2982 3581 3035 nobis
3614 2983 3820 3037 malum

2225 3075 2422 3128 inferre
2447 3074 2608 3136 velit,
2641 3073 2904 3125 incassum
2939 3071 3185 3125 tentabit.
3218 3073 3367 3125 Sicut
3392 3073 3536 3126 enim
3565 3073 3820 3141 angelum

2225 3163 2402 3218 nullus
2432 3164 2483 3216 in
2515 3174 2650 3217 terra
2682 3163 2841 3214 homo
2871 3162 3026 3215 lmdat
3051 3204 3066 3226 ,
3099 3163 3176 3216 sic
3203 3179 3300 3216 nec
3333 3164 3493 3217 homo
3522 3163 3821 3221 hominem.

2226 3257 2332 3312 Sed
2377 3271 2548 3325 neque
2590 3256 2704 3323 ipse
2743 3255 2902 3307 aliutn
2938 3255 3129 3307 la-dere
3162 3256 3387 3321 poterit,
3434 3255 3607 3310 donec
3647 3257 3826 3311 bonus

2224 3350 2349 3403 erit.
2381 3347 2516 3412 Quid
2547 3362 2674 3414 ergo
2699 3345 2820 3398 huic
2851 3361 2944 3411 par
2972 3360 3089 3396 esse
3113 3346 3299 3413 possit,
3327 3361 3481 3412 quem
3514 3346 3691 3400 nullus
3724 3347 3824 3400 la:-

2225 3441 2374 3504 dere,
2407 3440 2495 3507 qui
2527 3438 2727 3490 nullum
2756 3436 2949 3489 lil‘dtrl‘C
2980 3435 3191 3488 valeat?
3220 3453 3338 3488 nam
3375 3438 3475 3490 hoc
3507 3454 3609 3489 non
3643 3438 3825 3491 minus

2228 3531 2319 3583 illo
2347 3540 2450 3590 est,
2481 3528 2622 3597 quod
2659 3527 2859 3580 nullum
2889 3527 3083 3578 [ualere
3117 3527 3261 3580 velit.
3292 3524 3431 3593 Ergo
3462 3527 3681 3596 angelus
3701 3529 3827 3596 qui-

2225 3622 2347 3673 dam
2379 3630 2459 3673 est
2487 3629 2540 3673 et
2569 3619 2678 3672 Deo
2720 3618 2929 3670 similis.
2965 3617 3110 3670 Talis
3138 3617 3278 3668 enim
3312 3627 3362 3671 ct
3397 3617 3536 3671 Deus
3563 3627 3678 3680 est;
3723 3619 3823 3672 sed

2229 3713 2314 3766 ille
2347 3720 2530 3764 natura
2559 3749 2575 3772 ,
2620 3709 2708 3761 hic
2750 3710 3041 3776 proposito.
3085 3707 3266 3776 Neque
3297 3722 3427 3774 ergo
3458 3707 3604 3774 laedi,
3645 3723 3825 3776 neque

2229 3801 2421 3855 laedere
2451 3807 2643 3868 potest.
2675 3797 2804 3850 Illud
2833 3812 2981 3860 vero,
3007 3812 3110 3849 neu
3144 3806 3337 3864 potest,
3374 3812 3440 3851 ne
3469 3805 3618 3866 putes
3647 3798 3824 3852 imbe-

2228 3891 2464 3944 cillitatis
2493 3904 2614 3943 esse
2645 3888 2997 3957 (contrarium
3030 3887 3169 3939 enim
3201 3886 3537 3940 imbecillitas
3562 3889 3698 3958 est);
3727 3890 3823 3943 sed

2231 3997 2336 4036 non
2355 3995 2474 4034 esse
2494 3993 2741 4046 capacem
2760 3976 2900 4030 diro.
2921 3975 3007 4028 Illa
3032 3975 3226 4045 quippe
3249 3985 3431 4029 natura
3452 3991 3550 4032 nec
3566 3977 3824 4032 damnum

2229 4075 2461 4142 accipit,
2505 4087 2604 4125 nec
2643 4070 2798 4125 infert
2836 4088 2848 4120 :
2885 4085 3006 4122 nam
3050 4068 3149 4121 hoc
3188 4068 3329 4122 aliud
3363 4069 3613 4123 damnum
3653 4079 3824 4125 esset.

2232 4164 2443 4218 Etenim
2468 4178 2570 4214 non
2595 4161 2701 4213 alio
2726 4173 2823 4214 nos
2852 4142 3184 4226 ipsos'tnodo
3214 4159 3474 4224 Itedimus,
3501 4175 3660 4229 quam
3688 4161 3830 4215 alios

2236 4255 2500 4314 lzedendo.
2531 4262 2587 4307 ct
2616 4252 2842 4304 maxima
2879 4259 3095 4318 peccata
3130 4259 3310 4302 nostra
3338 4264 3408 4303 ex
3440 4249 3636 4303 damno
3669 4251 3829 4306 nobis

2235 4347 2524 4415 importato
2568 4344 2719 4397 fiunt.
2769 4341 2891 4394 Ideo
2929 4355 3055 4408 ergo
3086 4333 3422 4394 Christianus
3455 4340 3570 4394 laedi
3604 4343 3826 4410 nequit,

2235 4435 2375 4503 quod
2403 4435 2598 4488 laudere
2623 4450 2726 4486 non
2760 4431 2941 4501 possit.
2972 4430 3252 4497 Quomodo
3278 4431 3414 4487 alios
3445 4431 3701 4486 lmdcntrs
3729 4449 3830 4486 nos

2237 4531 2381 4598 ipsos
2410 4527 2687 4586 lzrdamus.
2721 4539 2930 4594 age,res
2956 4525 3192 4594 singulas
3221 4525 3593 4592 pervadentes,
3624 4525 3827 4580 dictum

2237 4619 2596 4688 eXploretnus.
2627 4616 2812 4670 Lietlat
2842 4616 2981 4684 quis,
3014 4616 3336 4669 contumelia
3365 4615 3583 4682 alliciat,
3615 4618 3790 4684 rapiat
3821 4637 3833 4672 :

2235 4725 2393 4780 quem
2435 4709 2602 4763 laesit?
2645 4721 2822 4759 nonne
2862 4706 3010 4774 prius
3049 4704 3493 4772 setpsum?Nul|i
3534 4715 3681 4760 certe
3726 4723 3835 4761 non

2240 4802 2579 4857 manifestum
2607 4809 2708 4855 est.
2743 4799 2894 4853 ιτεςο
2921 4798 3063 4852 enim
3096 4797 3146 4849 iu
3180 4799 3418 4865 pecuniis
3441 4799 3694 4852 damnum
3727 4812 3832 4860 est,

2240 4894 2362 4947 huic
2393 4894 2443 4945 in
2472 4893 2644 4944 anima
2672 4907 2685 4945 ι
2713 4906 2830 4942 nam
2857 4879 3014 4958 hujus
3037 4889 3212 4942 anima
3237 4891 3287 4942 in
3313 4891 3600 4959 perniciem
3624 4901 3678 4946 et
3707 4907 3836 4962 snp-

2245 4988 2456 5057 plicium
2488 4986 2664 5039 datur.
2698 4984 2900 5037 Rursus
2927 4983 3161 5036 invideat
3188 4983 3324 5038 alter
3349 5003 3360 5037 :
3385 5000 3544 5054 quem
3579 4986 3624 5039 is
3653 4986 3833 5039 lmsit?

2246 5093 2442 5142 nonne,
2468 5090 2668 5146 qua-so,
2696 5074 2968 5142 seipsum?
2989 5073 3132 5127 Talis
3156 5085 3238 5128 cst
3265 5076 3405 5129 enim
3439 5077 3710 5140 injustitiae
3739 5092 3833 5129 ua-

2247 5180 2384 5232 tttra,
2436 5185 2553 5238 qua:
2604 5169 2647 5220 si
2691 5167 2994 5235 gignentem
3037 5168 3228 5220 millies
3270 5167 3447 5231 lirdat,
3490 5168 3650 5221 alium
3703 5185 3835 5223 vero

2245 5277 2471 5331 parum;
2517 5261 2625 5313 imo
2673 5258 2794 5311 huic
2820 5259 2978 5312 etiam
3011 5259 3198 5326 prosit.
3232 5261 3299 5312 At
3326 5259 3453 5312 nihil
3487 5260 3587 5313 liile
3610 5259 3833 5329 dignum

2247 5354 2494 5407 dixerim.
2529 5352 2654 5404 Esto
2681 5349 2836 5417 igitur
2862 5352 2938 5415 (in
2967 5351 3050 5403 his
3074 5351 3215 5404 enim
3245 5351 3474 5406 maxime
3503 5361 3668 5405 totum
3699 5369 3836 5407 con-

2248 5444 2408 5513 sistit)
2437 5457 2636 5510 paupcr
2661 5442 2921 5493 tantillum
2948 5443 3148 5495 habens
3172 5443 3430 5509 pecunim,
3455 5453 3504 5496 rt
3531 5445 3838 5499 itectasSario

2252 5535 2540 5586 instructus
2577 5533 2729 5592 cibo;
2771 5532 2906 5585 alLus
2945 5547 3074 5585 vero
3113 5533 3262 5586 dives
3301 5544 3351 5586 et
3391 5533 3695 5603 opulentus,
3740 5550 3837 5604 In.

2255 5637 2441 5679 testate
2469 5626 2672 5690 valens,
2707 5627 2792 5694 qui
2822 5642 2882 5680 ca
2913 5643 3032 5694 quze
3060 5636 3184 5680 sunt
3211 5629 3456 5696 pauperis
3489 5630 3656 5698 rapiat
3681 5672 3694 5693 ,
3740 5646 3836 5684 nuo

2256 5724 2379 5771 dum
2411 5719 2552 5772 illum
2585 5718 2772 5772 reddat
2797 5729 2848 5773 et
2873 5719 3210 5784 famelicum;
3242 5720 3326 5773 ille
3357 5739 3480 5775 vero
3509 5738 3572 5774 ex
3607 5717 3694 5783 iis,
3715 5734 3841 5787 qua:
