4072 6400
238 376 351 436 ειη

238 495 444 564 injuste
483 491 585 561 ipsi
626 491 826 560 rapuit,
869 488 923 542 in
963 485 1171 541 deliciis
1209 484 1391 537 vivat:
1419 481 1507 536 hic
1547 494 1652 534 non
1695 477 1857 533 modo

240 602 536 659 pauperem
567 601 671 638 non
700 584 859 644 laesit,
893 580 985 636 sed
1014 579 1174 633 etiam
1208 575 1304 645 ipsi
1335 574 1562 645 profuit;
1595 573 1695 627 sibi
1727 585 1857 624 vero

239 698 352 735 non
394 680 555 734 modo
600 694 707 732 non
756 675 977 746 profuit,
1019 672 1112 726 sed
1155 672 1315 725 etiam
1357 669 1614 722 damnum
1657 665 1852 719 intulit.

236 770 571 840 Quomodo?
617 769 801 824 Primo
832 763 1050 835 quidem
1079 779 1107 816 a
1139 762 1276 816 mala
1305 761 1634 814 conscientia
1668 757 1857 811 verbe-

236 873 394 917 ratus
418 903 433 927 ,
478 871 532 917 et
561 859 802 932 quotidie
830 855 1124 919 cruciatus,
1157 853 1226 907 ab
1253 851 1507 906 onmibus
1531 850 1854 910 damnatus;

238 954 550 1023 deindeque
582 954 633 1007 in
682 953 863 1005 futuro
888 947 1115 1018 judicio.
1159 945 1264 1001 Sed
1293 945 1434 1014 quod
1469 943 1556 996 hie
1585 943 1814 996 ltedatur
1837 984 1854 1006 ,

241 1047 376 1100 hine
408 1047 581 1110 palam
613 1054 728 1108 est;
772 1041 1043 1112 quomodo
1073 1048 1254 1094 autem
1283 1038 1373 1092 ille
1400 1037 1688 1092 utilitatem
1715 1036 1854 1090 acci-

241 1139 344 1208 pit,
376 1136 549 1192 dicas.
583 1134 719 1200 Quia
750 1133 892 1188 male
917 1132 1059 1186 affici
1087 1140 1142 1185 et
1169 1129 1382 1184 fortiter
1405 1127 1571 1193 ferre,
1599 1142 1854 1198 magnum

237 1231 408 1284 habet
432 1230 642 1285 lucrum
670 1244 682 1279 :
708 1236 787 1281 est
821 1226 962 1279 enim
993 1233 1336 1294 peccatorum
1368 1221 1589 1286 solutio,
1618 1220 1858 1290 graviter

236 1321 431 1390 amigi,
464 1330 540 1375 est
577 1317 930 1389 philosolihiae
955 1314 1317 1386 gymnasium,
1347 1312 1558 1367 virtutis
1583 1311 1848 1366 doctrina.

236 1412 539 1468 Videamus
564 1426 694 1482 ergo
722 1420 840 1465 uter
869 1410 918 1463 in
950 1409 1105 1462 malis
1131 1408 1220 1472 sit,
1257 1405 1346 1461 hic
1375 1421 1441 1460 an
1477 1406 1583 1460 ille.
1617 1404 1711 1460 Ille
1738 1405 1856 1474 qui-

234 1504 365 1559 dem
394 1503 440 1558 si
471 1502 827 1572 philosophus
848 1501 937 1564 sit,
970 1501 1179 1554 fortiter
1207 1501 1376 1561 feret;
1408 1499 1493 1551 hic
1523 1515 1650 1552 vero
1676 1498 1855 1567 quoti-

234 1595 330 1651 die
360 1597 414 1650 in
442 1606 680 1651 tremore
704 1603 758 1648 et
787 1593 1092 1662 suspicione
1133 1592 1238 1646 erit
1265 1610 1277 1645 :
1309 1602 1431 1645 uter
1455 1606 1586 1660 ergo
1616 1591 1851 1655 laeditur,

235 1686 328 1741 hic
369 1702 442 1741 an
483 1686 612 1740 ille?
652 1684 882 1739 Fabulas
922 1698 1133 1745 narras,
1183 1683 1395 1752 inquies
1428 1701 1441 1736 :
1476 1681 1694 1751 quando
1732 1683 1854 1752 quis

239 1778 390 1846 quod
421 1778 548 1833 edat
575 1792 683 1831 non
710 1776 892 1842 habet,
921 1787 973 1831 et
999 1776 1281 1830 lamentari
1315 1775 1733 1846 mendicareque
1762 1791 1854 1831 co-

239 1874 412 1944 gitur,
458 1887 556 1926 nec
593 1871 809 1939 accipit,
845 1885 1023 1925 nonne
1062 1870 1223 1925 simul
1253 1878 1307 1924 et
1336 1886 1568 1940 corpore
1593 1879 1649 1924 et
1674 1870 1852 1924 anima

237 1965 430 2036 perit?
478 1965 589 2017 Imo
639 1963 846 2016 fabulas
889 1973 944 2016 tu
987 1977 1206 2026 narras;
1249 1978 1350 2032 ego
1393 1977 1482 2016 res
1523 1963 1667 2032 ipsas
1705 1979 1856 2017 com-

238 2066 510 2113 manstro.
549 2057 642 2110 Dic
673 2057 818 2111 enim
851 2056 978 2110 mihi
1006 2098 1020 2118 .
1057 2057 1312 2110 nullusne
1341 2056 1567 2111 divitum
1600 2057 1704 2112 fert
1731 2074 1855 2112 eru-

235 2149 483 2204 ciatum?
509 2147 646 2216 Quid
684 2148 884 2216 igitur?
913 2163 981 2202 an
1027 2148 1077 2202 id
1123 2163 1187 2202 ex
1225 2159 1543 2218 paupertate
1576 2151 1855 2225 provenit?

238 2242 350 2298 Sed
391 2257 498 2295 non
539 2241 749 2296 esurit?
778 2240 844 2294 Et
881 2241 1007 2308 quid
1049 2241 1151 2295 hoc
1190 2242 1317 2296 est?
1348 2242 1516 2312 Major
1555 2245 1658 2298 erit
1701 2245 1852 2309 ultio,

239 2332 462 2403 quando
491 2348 612 2388 eum
649 2332 856 2386 divitiis
888 2335 986 2387 hoc
1020 2331 1226 2388 fecerit.
1262 2333 1444 2405 Neque
1475 2335 1619 2390 enim
1651 2335 1855 2390 divitia:

239 2424 438 2478 fortem
469 2423 725 2490 reddunt,
752 2439 927 2493 neque
949 2435 1237 2493 paupertas
1261 2426 1623 2490 imbecillum;
1655 2429 1853 2494 aliani

240 2516 424 2569 nullus
456 2516 838 2585 opulentorum
864 2515 1116 2570 miseram
1140 2527 1324 2587 ageret
1348 2519 1535 2584 vitam,
1566 2520 1856 2589 nullusque

242 2623 541 2677 paupermn
592 2608 695 2662 sibi
753 2608 1125 2663 malediceret.
1179 2609 1334 2676 Quod
1389 2626 1522 2664 vero
1574 2627 1855 2666 sermones

240 2702 412 2756 vestri
446 2717 573 2755 vere
606 2700 784 2756 fabula
815 2702 942 2766 sint,
979 2701 1103 2756 hinc
1133 2702 1307 2770 palam
1344 2702 1555 2757 faciam.
1589 2704 1857 2759 Paulusne

241 2797 294 2849 iu
337 2795 539 2848 divitiis
580 2803 721 2859 erat,
764 2810 832 2848 an
875 2796 925 2848 in
969 2796 1334 2864 paupertate?
1376 2796 1516 2850 fame
1555 2797 1855 2866 laborabat,

240 2886 460 2940 annon?
491 2883 669 2956 Ipsum
699 2883 890 2939 audire
916 2885 1044 2940 licet
1073 2885 1348 2941 dicentem
1377 2928 1392 2944 .
1439 2885 1502 2941 In
1533 2889 1670 2956 [ante
1696 2897 1742 2942 et
1774 2890 1858 2943 siti

243 2976 326 3042 (2.
357 2975 477 3030 Cor.
523 2976 610 3032 11.
647 2974 764 3046 27).
796 2975 1080 3045 Propheta:
1128 2976 1476 3032 esuriebant?
1515 2981 1734 3033 annon?
1778 2981 1855 3034 Illi

241 3085 462 3138 quoque
491 3070 542 3122 in
575 3069 732 3122 malis
759 3079 932 3122 erant.
967 3069 1173 3122 Rursus
1205 3069 1425 3123 Paulum
1454 3072 1587 3126 mihi
1624 3073 1853 3140 profers.

242 3175 437 3214 rursus
485 3159 800 3228 prephctas,
845 3159 1032 3213 decem
1078 3170 1173 3214 aut
1210 3162 1394 3230 viginti
1437 3163 1705 3220 homines.
1749 3165 1856 3221 Sed

244 3255 388 3307 unde
446 3254 564 3306 vis?
616 3252 698 3308 Ex
747 3253 1112 3320 multitudine,
1163 3256 1392 3324 inquies,
1447 3259 1676 3314 ostende
1726 3261 1859 3316 mihi

245 3345 514 3416 quosdam
545 3346 634 3414 qui
666 3345 876 3400 fortiter
907 3344 1101 3399 ferant.
1149 3346 1253 3401 Sed
1288 3363 1466 3402 rarum
1512 3364 1728 3420 Semper
1757 3352 1862 3410 hoe

244 3448 354 3503 est,
406 3439 557 3506 pauci
600 3438 725 3492 boni
771 3447 915 3492 sunt.
960 3439 1016 3493 Si
1067 3438 1147 3493 vis
1183 3451 1386 3507 autem,
1436 3459 1551 3496 rem
1597 3446 1648 3498 in
1682 3446 1859 3516 seipsa

243 3533 642 3585 enminemus.
671 3528 962 3584 Videamus
988 3530 1142 3600 cujus
1172 3533 1482 3588 sollicitudo
1506 3537 1679 3606 major
1710 3539 1779 3593 sit
1807 3551 1862 3593 et

243 3622 500 3690 gravior,
537 3622 692 3690 cujus
725 3622 910 3676 levior.
959 3621 1150 3678 Nonne
1183 3622 1269 3679 hic
1299 3641 1396 3695 pro
1423 3632 1732 3686 necessario
1764 3634 1858 3688 ali-

245 3724 434 3769 mento
465 3712 734 3767 sollicitus
775 3720 892 3776 est,
925 3715 1012 3769 ille
1043 3730 1140 3784 pro
1171 3715 1469 3774 innumeris
1494 3721 1654 3777 rebus
1686 3724 1858 3792 ipsum

245 3805 430 3858 cibum
478 3804 774 3874 relinquit?
821 3805 936 3858 Non
985 3805 1181 3861 famem
1235 3813 1386 3863 timet
1417 3811 1588 3874 dives,
1633 3816 1725 3869 sed
1759 3819 1860 3872 alia

247 3896 549 3962 formidat;
591 3912 737 3967 ωερε
769 3911 864 3966 pro
891 3897 1064 3953 salute
1096 3903 1266 3955 timet.
1299 3902 1415 3956 Non
1446 3917 1596 3960 vacat
1617 3910 1719 3962 cibi
1750 3915 1860 3964 sol-

249 3989 532 4044 licitudine
574 4006 802 4061 pauper,
852 3995 946 4048 sed
993 3997 1116 4050 aliis
1170 4009 1322 4053 vacat
1369 4003 1862 4072 sollicitudinibus,

251 4085 606 4138 securitatem
642 4085 822 4151 habet,
851 4089 1111 4158 quietem.
1144 4096 1609 4163 tranquillitatem.

326 4177 382 4232 5.
417 4177 668 4248 Alioquin
704 4195 865 4246 vero,
897 4183 940 4236 si
971 4184 1169 4252 injuste
1199 4203 1360 4257 agere
1391 4192 1586 4248 malmn
1614 4211 1718 4250 non
1746 4206 1826 4251 est
1847 4240 1864 4264 ,

252 4269 350 4324 sed
381 4270 606 4336 bonum,
636 4287 732 4326 cur
759 4275 1182 4334 confundimur?
1208 4297 1306 4336 cur
1335 4285 1744 4343 erubescimus?
1772 4308 1869 4346 cur

257 4361 476 4431 probris
527 4364 702 4418 affecti
754 4367 1116 4437 indignamur,
1169 4388 1311 4443 a-gre
1355 4377 1615 4434 ferimus?
1661 4381 1716 4437 Si
1761 4402 1866 4438 nou

254 4455 460 4510 bonum
497 4465 582 4508 est
615 4457 813 4525 injuste
853 4460 1055 4531 afﬂigi,
1088 4479 1185 4518 cur
1212 4482 1272 4519 ea
1301 4468 1367 4522 de
1401 4486 1458 4524 re
1487 4473 1787 4540 gaudemus
1816 4490 1870 4531 et

254 4545 589 4614 gloriamur,
625 4557 678 4600 et
710 4564 806 4602 nos
845 4551 1202 4617 justificamus
1229 4574 1288 4611 ea
1322 4560 1387 4613 de
1427 4566 1632 4618 eausa?
1660 4565 1753 4620 Vis
1785 4569 1836 4622 di
1858 4599 1871 4609 -

258 4653 412 4691 scere
439 4639 714 4707 quomodo
739 4643 839 4695 hoe.
865 4644 958 4697 illo
979 4647 1049 4700 sit
1071 4649 1261 4704 melius
1279 4654 1301 4706 ?
1331 4655 1461 4710 Vide
1485 4658 1694 4726 ambos,
1727 4663 1870 4719 hune

256 4739 312 4782 et
335 4730 504 4783 illntu.
533 4729 643 4784 Cur
675 4731 824 4803 leges
863 4747 990 4790 sunt
1010 4739 1032 4791 ?
1055 4755 1151 4793 cur
1180 4744 1463 4800 tribunalia
1488 4750 1510 4802 ?
1539 4766 1635 4804 cur
1665 4757 1871 4825 suppli-

259 4823 385 4875 cia?
433 4837 616 4876 nonne
659 4835 878 4893 propter
922 4829 1044 4882 illos
1072 4842 1128 4885 ut
1158 4841 1518 4903 a‘grotanles?
1549 4843 1654 4899 Sed
1705 4823 1871 4902 multa

259 4914 512 4981 voluptas
535 4923 639 4979 est,
671 4915 898 4986 inquies.
932 4919 1127 4975 Futura
1154 4938 1560 4998 praetereamus,
1587 4944 1870 5004 przcsentia

260 5004 633 5070 exploremus.
676 5006 811 5070 Quid
855 5012 1103 5066 miserius
1151 5015 1371 5074 homine
1426 5025 1585 5080 talem
1641 5028 1873 5090 habente

261 5098 673 5165 susliicionem?
701 5102 825 5169 quid
856 5105 920 5155 ad
952 5107 1212 5161 rnendum
1256 5114 1581 5179 proclivius?

1609 5127 1734 5192 quid
1771 5146 1864 5196 pti-

265 5194 1584 5228 Ἢ

1585 5222 1918 5243 Ἃ

1255 362 1320 419 ΙΝ
1361 359 1541 418 ACTA
1585 353 2111 414 APOSTOLORL‘M.
2155 354 2384 411 llOlllL.
2429 356 2514 411 ιι.

3471 365 3579 429 533

1965 472 2166 526 lidius?
2193 489 2375 527 annon
2422 490 2640 544 semper
2664 476 2716 530 in
2743 476 3024 548 naufragio
3053 478 3174 532 est?
3201 477 3254 533 Si
3281 479 3408 548 quid
3435 481 3582 548 justo

1966 566 2176 632 fecerit,
2210 583 2314 620 non
2342 569 2606 634 creditur,
2639 571 2708 623 ob
2738 571 3024 626 facultates
3052 573 3120 626 ab
3145 575 3397 628 omnibus
3423 581 3578 627 (tam-

1965 670 2157 720 nams;
2183 673 2377 714 omnes
2400 661 2544 715 enim
2569 664 2990 717 contubernales
3012 679 3356 720 accusatores
3378 666 3539 722 habet
3562 686 3577 724 :

1965 767 2068 802 non
2089 752 2322 805 amicitia
2345 754 2419 806 uti
2445 764 2658 823 potest;
2686 771 2845 809 nemo
2868 757 3066 825 quippe
3090 755 3246 813 facile
3267 758 3395 812 velit
3419 769 3580 813 tanta).

1962 844 2150 913 glorite
2181 845 2423 899 hominis
2451 848 2658 902 amicus
2683 863 2824 911 esse,
2872 864 2940 903 ne
2982 850 3099 918 ejus
3127 851 3282 906 malte
3312 853 3382 904 sit
3423 855 3580 906 famtc

1962 951 2208 991 consors.
2244 936 2395 992 lllum
2429 949 2487 992 ut
2521 939 2687 994 feram
2715 956 2908 996 omnes
2945 953 3284 1008 aversantur,
3312 954 3368 997 ut
3391 946 3582 1014 perni-

1963 1028 2207 1093 ciosum,
2239 1031 2554 1100 inimicum,
2588 1033 2911 1090 homicidam
2937 1078 2953 1101 ,
2991 1049 3198 1090 natura:
3226 1038 3455 1100 hostem.
3490 1041 3576 1093 ιιι-

1959 1119 2161 1188 justum
2193 1120 2493 1178 hominem.
2524 1125 2580 1179 Si
2604 1125 2669 1179 ad
2704 1127 2937 1181 tribunal
2965 1129 3166 1184 incidat
3194 1131 3237 1183 is
3261 1132 3352 1202 qui
3381 1133 3578 1202 injuria

1962 1213 2145 1268 affecit
2165 1255 2180 1279 ,
2214 1231 2322 1270 non
2352 1233 2490 1288 opus
2517 1220 2622 1273 erit
2651 1231 2991 1285 accusatore.
3026 1222 3163 1276 fama
3192 1223 3366 1294 ipsum
3408 1228 3582 1298 magis

1961 1320 2122 1376 quam
2152 1318 2472 1363 accusatore
2504 1312 2758 1381 quopiam
2790 1316 3211 1371 condemnante.
3252 1319 3320 1371 At
3351 1334 3462 1373 non
3507 1321 3578 1374 ita

1962 1412 2022 1452 se
2069 1397 2230 1453 habet
2275 1401 2340 1464 is,
2385 1403 2474 1471 qui
2506 1402 2704 1472 injuste
2732 1405 3022 1476 affligitur;
3066 1410 3159 1463 sed
3201 1426 3394 1466 omnes
3418 1412 3582 1470 habet

1964 1502 2242 1560 patronos,
2271 1496 2646 1564 ciuntlolentes,
2676 1516 2893 1553 manum
2926 1504 3301 1572 perrigentes;
3335 1507 3385 1560 in
3416 1523 3577 1562 secu—

1964 1583 2127 1638 ritate
2153 1596 2280 1639 stat.
2311 1587 2363 1641 Si
2415 1588 2612 1643 bonmu
2642 1601 2726 1646 est
2758 1603 2810 1646 et
2855 1603 3025 1647 tutmn
3061 1596 3257 1667 injuste.
3288 1614 3472 1669 agere,
3503 1601 3582 1655 fa-

1965 1683 2142 1731 teatur
2166 1679 2288 1747 quis
2314 1695 2373 1734 se
2404 1682 2666 1751 injustnm
2706 1699 2827 1738 esse
2854 1703 2867 1740 :
2893 1686 2986 1740 sed
3016 1689 3061 1744 si
3095 1705 3202 1742 non
3245 1692 3442 1758 audet,
3484 1710 3582 1750 cur

1961 1783 2098 1839 ergo
2145 1769 2250 1825 hoc
2292 1783 2350 1825 ut
2394 1772 2598 1828 bonmn
2647 1777 3001 1847 aggreditur?
3043 1779 3336 1839 Videamus
3385 1790 3582 1855 porro,’

1961 1865 2235 1933 quomodo
2264 1868 2427 1921 etiam
2463 1870 2513 1922 in
2545 1871 2699 1924 nobis
2729 1872 2861 1941 ipsis
2888 1874 2932 1928 si
2965 1874 3079 1930 hmc
3109 1877 3262 1945 fiant,
3286 1891 3419 1950 quot
3454 1884 3580 1937 inde

1963 1956 2471 2028 mala.Dic.qu:1-so,
2497 1964 2541 2018 si
2565 1965 2690 2033 quid
2716 1967 2767 2019 in
2789 1967 2964 2034 nobis,
2994 1981 3250 2039 superato
3275 1974 3435 2028 modo
3457 1991 3578 2038 suo,

1962 2050 2192 2105 altermu
2240 2054 2480 2122 invadat,
2516 2061 2560 2111 si
2592 2061 2772 2128 splen,
2805 2063 2996 2117 relicto
3036 2064 3156 2120 loco
3184 2081 3303 2130 suo,
3337 2069 3577 2124 alienum

1962 2143 2094 2197 velit
2121 2160 2242 2199 cum
2271 2161 2369 2200 suo
2394 2151 2662 2221 arripere,
2695 2169 2876 2209 annon
2920 2156 3023 2212 hoc
3048 2160 3270 2214 morbus
3294 2163 3436 2216 erit?
3467 2164 3579 2217 ΙΙιι-

1962 2236 2167 2290 midtnn
2221 2239 2346 2294 item
2392 2246 2535 2313 quod
2585 2245 2636 2298 in
2679 2246 2837 2301 nobis
2885 2259 2969 2302 est
3014 2251 3059 2303 si
3106 2253 3286 2306 omnia
3336 2255 3577 2324 impleat,

1963 2343 2147 2383 nonne
2190 2329 2504 2402 hydropisis
2553 2335 2694 2389 erit?
2745 2337 3014 2395 Prazterea
3065 2341 3188 2396 bil.s
3240 2346 3579 2403 latitudinem

1961 2434 2193 2491 quan-at,
2225 2437 2278 2478 et
2329 2426 2527 2496 ubique
2571 2429 2906 2487 diffundatur
2946 2438 3183 2506 Sanguis.
3218 2439 3355 2507 Quid
3397 2453 3577 2497 autem

1963 2515 2017 2569 in
2067 2519 2247 2570 anima
2292 2520 2392 2586 ira,
2441 2525 2881 2594 concupiscentia
2923 2539 2977 2584 et
3031 2532 3236 2603 reliqua
3287 2538 3492 2606 omnia,
3534 2543 3580 2594 si

1967 2611 2434 2680 transgrcdianlur
2460 2633 2794 2684 mensuram,
2831 2637 3012 2678 nonne
3035 2640 3093 2679 se
3120 2627 3278 2682 simul
3311 2631 3581 2698 perdunt?

1967 2703 2039 2757 Ita
2069 2715 2123 2759 et
2150 2707 2303 2762 cibus
2329 2727 2342 2762 :
2367 2709 2410 2763 si
2457 2712 2580 2780 plus
2607 2729 2769 2782 quam
2816 2720 3079 2790 concoqui
3111 2725 3278 2790 possit
3310 2737 3576 2790 sumatur,

1965 2799 2168 2853 morbis
2189 2817 2387 2870 corpus
2417 2805 2654 2860 infestat.
2678 2807 2833 2865 Unde
2861 2827 3093 2883 namque
3120 2817 3411 2888 podagrae?
3441 2825 3581 2875 unde

1967 2892 2232 2962 paralysis
2256 2905 2311 2947 et
2334 2897 2556 2963 agitatio
2583 2903 2870 2969 corporis?
2908 2907 3091 2960 annon
3127 2925 3191 2961 ex
3225 2911 3582 2970 immoderato

1964 2983 2126 3037 cibo?
2154 2986 2362 3044 Rorsos
2388 2991 2439 3044 iu
2466 3008 2696 3062 corpore
2724 2997 2766 3048 si
2793 2997 2912 3065 plus
2943 3001 3071 3054 velit
3093 3003 3282 3056 oculu<
3308 3007 3578 3075 accipere,

1965 3086 2018 3128 et
2046 3078 2162 3145 plus
2188 3081 2367 3135 videre
2392 3101 2549 3152 quam
2581 3087 2861 3142 definitum
2891 3092 2980 3157 sit,
3015 3093 3104 3147 vel
3136 3095 3178 3148 si
3209 3098 3466 3165 majorem
3495 3117 3584 3153 ac-

1965 3169 2130 3238 cipiat
2154 3171 2328 3227 lueem
2353 3191 2366 3239 ;
2393 3175 2534 3245 quod
2565 3193 2725 3248 supra
2753 3197 3064 3238 mensuram
3093 3197 3174 3241 est
3205 3205 3324 3260 mag
3348 3206 3374 3244 s
3403 3203 3583 3259 uocet,

1966 3274 2125 3328 quam
2155 3266 2344 3330 prosit.
2379 3266 2433 3319 Si
2470 3283 2620 3334 vero,
2655 3288 2777 3325 eum
2811 3273 2898 3328 lux
2948 3264 3086 3331 bona
3119 3279 3208 3345 sit,
3253 3285 3461 3348 oculus,
3493 3287 3584 3353 qui

1969 3353 2089 3423 plus
2128 3373 2287 3426 quatn
2329 3375 2427 3429 par
2467 3363 2532 3415 sit
2579 3367 2692 3419 vult
2731 3367 2939 3432 videre,
2985 3372 3121 3440 perit
3155 3391 3167 3424 :
3199 3379 3415 3441 quando
3455 3382 3585 3448 quid

1966 3450 2305 3517 splendidius
2336 3457 2558 3525 reSpicit
2580 3500 2594 3522 ,
2623 3462 2797 3530 cogita
2826 3475 3085 3532 quantum
3118 3468 3185 3520 sit
3217 3469 3438 3522 malum.
3474 3477 3585 3524 Au-

1968 3539 2112 3594 ditus
2153 3543 2197 3596 si
2246 3560 2493 3614 magnam
2524 3552 2756 3619 excipiat
2789 3569 2998 3616 vocem,
3044 3573 3197 3611 mens
3228 3563 3541 3626 percellitur
3572 3585 3585 3619 :

1971 3650 2125 3688 mens
2169 3638 2212 3690 si
2243 3652 2303 3691 ea
2333 3653 2455 3708 qua:
2484 3657 2543 3695 se
2572 3657 2833 3711 superant
2879 3649 3099 3717 cogitet,
3132 3653 3358 3705 attonita
3401 3668 3504 3714 est,
3536 3669 3588 3710 et

1971 3731 2020 3782 id
2051 3732 2191 3797 quod
2228 3733 2444 3786 modum
2477 3752 2766 3808 exsuperat
2801 3743 2996 3809 perdit.
3031 3744 3143 3799 Hoc
3172 3757 3256 3800 est
3288 3752 3428 3801 enim
3460 3767 3587 3805 ata-

1972 3828 2091 3880 ritia
2124 3844 2284 3896 quam
2317 3837 2585 3896 π>.εονεξίαν
2610 3846 2831 3900 vocant,
2867 3837 2985 3903 plus
3017 3839 3238 3903 habere,
3269 3858 3428 3911 quam
3459 3861 3588 3897 eon-

1971 3921 2213 3972 stitutum
2245 3923 2332 3974 sit.
2361 3922 2448 3976 Sic
2470 3933 2530 3977 et
2555 3924 2604 3977 iu
2632 3929 2877 3994 pecuniis
2897 3943 3018 3982 cum
3047 3931 3296 3987 volumus
3327 3937 3588 4004 majorem

1973 4015 2242 4066 snrriuam
2279 4016 2580 4086 imponere,
2630 4020 2752 4073 licet
2781 4039 2885 4074 non
2917 4025 3216 4078 st-ntiamus
3241 4069 3255 4091 ,
3288 4045 3503 4097 gravem
3539 4036 3590 4085 in

1938 4133 1943 4176 ;
1973 4107 2131 4162 nobis
2162 4110 2354 4163 alimus
2388 4112 2580 4176 feram,
2616 4115 2781 4168 multa
2816 4114 3100 4183 habentes,
3133 4121 3318 4175 multis
3345 4136 3534 4189 egente
3574 4169 3588 4190 ,

1976 4200 2271 4255 innumeris
2295 4219 2392 4256 nos
2413 4205 2559 4259 euris
2584 4207 2948 4276 implicautes,
2971 4213 3167 4268 nuiltas
3190 4215 3407 4268 diabolo
3429 4234 3589 4269 ansas

1977 4295 2306 4361 prarbenfes.
2343 4297 2470 4351 ideo
2499 4299 2548 4351 in
2575 4300 2832 4355 divitibus
2858 4303 3105 4358 diabolus
3137 4324 3240 4360 non
3266 4326 3401 4377 opus
3432 4311 3590 4366 habet

1981 4386 2209 4441 labore:
2239 4403 2360 4441 nam
2392 4400 2558 4459 captu
2588 4391 2778 4447 faciles
2809 4395 2882 4447 illi
2912 4407 3040 4449 sunt
3071 4412 3099 4450 a
3130 4398 3350 4453 divitiis.
3385 4404 3453 4454 At
3483 4420 3592 4457 non

1977 4481 2055 4533 sic
2087 4482 2137 4534 in
2171 4483 2495 4553 pauperibus
2517 4525 2531 4546 ,
2574 4481 2686 4539 imo
2725 4490 3082 4542 contrarium.
3117 4491 3188 4544 Ita
3219 4510 3304 4548 res
3338 4495 3467 4564 ipsa:
3498 4513 3594 4566 per

1980 4590 2038 4628 se
2094 4577 2344 4643 perdunt.
2400 4579 2582 4646 Quare
2623 4594 2754 4650 rogo
2792 4583 2859 4634 ab
2904 4581 3094 4638 harum
3150 4589 3590 4655 COllCIljiSCelllla

1979 4667 2352 4723 abstineamus
2375 4710 2390 4733 ,
2427 4677 2485 4723 ut
2518 4671 2788 4739 possimus
2833 4674 3049 4742 maligni
3084 4676 3306 4745 laqueos
3333 4681 3592 4749 effugere,

1981 4772 2032 4814 et
2062 4763 2405 4833 apprehensa
2438 4765 2640 4819 virtute
2670 4777 2872 4820 a-Ierna
2904 4771 3160 4839 Ct‘ﬂSf‘qni
3211 4772 3346 4825 bona
3377 4817 3388 4837 ,
3423 4777 3596 4843 gratia

1982 4864 2037 4908 et
2086 4856 2418 4925 benignitate
2464 4858 2672 4911 Domini
2728 4860 2895 4913 nostri
2945 4859 3069 4915 Jesu
3105 4864 3341 4928 (ξῐιιὶμιί,
3377 4870 3598 4935 quicum

1981 4948 2127 5003 Patri
2149 4958 2204 5004 et
2218 4949 2438 5020 Spiritui
2463 4961 2650 5004 sancto
2671 4952 2864 5021 gloria,
2892 4953 3202 5022 imperium,
3232 4955 3427 5024 honor,
3457 4978 3599 5015 nunc

1983 5053 2037 5098 et
2066 5060 2304 5113 cemper,
2333 5055 2385 5098 et
2414 5046 2464 5098 in
2495 5046 2692 5099 sarcula
2723 5047 3073 5102 seculorum.
3105 5050 3302 5103 Amen.

1615 5287 1966 5359 HOMHJA
2017 5299 2139 5358 ιιι.

265 5403 392 5460 (ΖΜ).
447 5406 538 5461 9.5.
600 5424 654 5463 ν.
701 5408 793 5464 25.
871 5411 1084 5468 Postera
1136 5430 1304 5472 autem
1351 5423 1435 5475 die
1479 5443 1591 5480 eum
1661 5437 1879 5490 venitis"!

335 5500 570 5569 Agrippa
597 5511 644 5552 et
675 5499 887 5556 Bernice
912 5522 1029 5558 cum
1057 5513 1218 5562 multa
1245 5516 1520 5569 ambitione
1545 5561 1558 5581 ,
1583 5532 1628 5574 et
1670 5524 1878 5580 introis-

334 5601 448 5642 s'nt
497 5591 550 5642 in
600 5593 915 5647 auditorium
947 5613 1062 5649 cum
1105 5600 1319 5656 tribunis
1350 5617 1394 5659 et
1425 5610 1545 5662 viris
1574 5616 1879 5685 principali-

339 5681 430 5736 lms
459 5685 678 5736 civitatis
706 5726 719 5743 ,
744 5687 954 5754 jubente
986 5688 1138 5744 Festo
1160 5735 1174 5757 ,
1203 5696 1451 5751 adductus
1476 5714 1544 5754 est
1581 5681 1803 5761 Paulus.

345 5775 367 5830 I
454 5777 588 5830 Vide
615 5778 790 5846 qualis
845 5779 1145 5850 frequentia
1177 5803 1205 5838 a
1244 5790 1410 5842 Paulo
1465 5810 1829 5868 eotigregetur
1862 5819 1876 5856 :

275 5869 405 5923 Cum
450 5868 573 5922 uiris
597 5909 611 5933 ,
673 5871 839 5940 ἰιιιμιίι
866 5915 879 5939 ,
912 5873 1282 5946 principalibus
1334 5885 1547 5942 Civil/(lis
1577 5907 1591 5941 ,³
1626 5896 1879 5951 (minibus

1991 5441 2138 5494 enim
2186 5442 2502 5495 convocatis
2531 5443 2856 5494 satellitibus
2887 5443 3174 5511 pra-fectus
3207 5455 3258 5499 et
3299 5463 3389 5500 rex
3443 5464 3603 5502 acco-

1993 5533 2148 5586 dunt.
2201 5533 2337 5588 Cum
2367 5536 2499 5603 ipsis
2529 5537 2690 5590 etiam
2727 5537 2928 5591 tribuni
2959 5549 3014 5592 et
3063 5541 3330 5608 primores
3371 5543 3605 5598 civitatis

1994 5622 2283 5677 adfuerunt
2323 5643 2335 5677 :
2372 5626 2470 5678 bos
2516 5627 2657 5681 enim
2715 5630 3041 5698 principales
3091 5641 3266 5684 vocat.
3315 5632 3374 5686 Et
3438 5633 3606 5701 vide,

1993 5719 2265 5786 quomodo
2298 5721 2409 5787 ipse.
2436 5720 2631 5775 duelus
2665 5723 2990 5791 prtcdicatur
3019 5741 3045 5778 a
3076 5724 3239 5780 Festo
3267 5745 3277 5779 :
3312 5743 3415 5778 non
3447 5729 3610 5781 modo

1993 5809 2138 5862 enim
2191 5811 2340 5864 illum
2375 5813 2601 5867 crimine
2635 5815 2862 5869 liberum
2892 5816 3058 5878 dicit,
3090 5819 3182 5871 sed
3214 5821 3374 5872 eliam
3425 5820 3607 5873 depr

1993 5903 2089 5956 dit.
2124 5905 2258 5972 Quit!
2294 5908 2420 5962 dicit
2444 5909 2466 5960 ξ’
2493 5909 2583 5963 9i.
2625 5909 2853 5979 Agrippa
2884 5928 2972 5963 rer
2998 5955 3011 5979 ν
3045 5923 3090 5964 t‘l
3124 5929 3294 5965 onmi’s
3325 5913 3410 5979 qui
3457 5915 3607 5968 sinaut
