4072 6410
543 366 651 421 ’559

545 475 730 529 adt-stis
756 474 1011 527 uobiscum
1043 469 1155 533 uiri,
1190 468 1368 522 ridetis
1397 467 1551 528 hunc,
1581 464 1643 516 de
1672 479 1771 530 quo
1802 462 1963 514 outnis
1991 459 2125 510 mul-

546 568 705 618 titudo
738 564 1033 616 Juda'orum
1079 559 1411 627 interpellauit
1444 572 1519 608 me
1546 553 1881 622 Jerosolgnn's
1926 560 1971 602 et
2012 550 2124 611 hic,

547 659 880 711 acclamantes
910 673 1010 707 non
1034 665 1263 725 oportere
1287 666 1399 703 eum
1428 649 1649 715 amplius
1681 647 1863 698 vivere.
1892 644 1983 698 25.
2020 640 2129 712 Ego

550 764 659 799 rcro
690 747 910 815 comperi
940 746 1070 797 nihil
1099 745 1305 813 dignum
1354 750 1514 791 morte
1546 756 1655 790 eum
1700 736 1981 787 admisisse.
2028 731 2129 786 Illo

544 850 709 889 autem
737 837 1029 906 appellante
1058 834 1124 886 ad
1164 834 1445 901 Augustum
1473 870 1486 889 ,
1526 827 1757 898 judicavi
1784 828 1927 878 illmn
1956 826 2127 876 mitte-

542 944 614 979 re.
634 926 723 980 26.
760 928 831 979 De
857 942 955 994 quo
979 925 1099 991 quid
1124 934 1313 977 certum
1336 921 1552 973 scribam
1580 920 1802 978 domino,
1826 934 1924 968 non
1948 916 2126 967 habeo.

548 1017 766 1087 Propter
806 1014 942 1087 quod
968 1014 1188 1084 produxi
1218 1029 1330 1064 eum
1358 1011 1425 1062 ad
1470 1026 1555 1061 ros
1576 1051 1591 1072 ,
1623 1021 1668 1060 et
1701 1007 1917 1059 maxime
1943 1005 2011 1056 ad
2041 1013 2088 1056 te
2109 1044 2125 1066 ,

543 1128 634 1165 rea:
687 1112 951 1181 Agrippa,
982 1118 1035 1160 ut
1083 1105 1477 1175 interrogatione
1524 1107 1695 1173 facta,
1730 1100 1937 1151 habeam
1992 1096 2129 1162 quod

540 1204 776 1255 scribam.
809 1200 900 1253 27.
950 1198 1076 1252 Sine
1103 1197 1301 1248 ratione
1329 1196 1459 1248 enim
1490 1193 1612 1245 mihi
1655 1191 1849 1244 videtur
1875 1229 1887 1251 ,
1933 1187 2130 1238 mittere

546 1298 767 1346 uinctum
788 1334 800 1354 ,
832 1301 877 1343 et
900 1306 1079 1343 causas
1102 1289 1209 1357 ejus
1236 1303 1336 1338 non
1365 1284 1669 1355 signi/itare.
1700 1280 1829 1333 Vide
1856 1291 2127 1347 quomodo

539 1386 660 1438 illos
691 1382 908 1452 quidem
940 1390 1184 1438 accusat,
1231 1377 1369 1429 hunc
1402 1391 1527 1427 vero
1557 1371 1803 1425 absolvit.
1835 1368 1878 1422 0
1904 1368 2126 1435 justiti-ai

537 1476 757 1543 copiosa
786 1470 1136 1541 argmnenla!
1172 1468 1404 1521 Plurima
1438 1464 1571 1516 facta
1605 1462 1989 1530 perquisitiune
2019 1472 2123 1511 non

542 1565 743 1618 invenit
772 1576 971 1632 pra-ses
1003 1558 1266 1628 quomodo
1297 1554 1658 1609 condemnet:
1693 1552 1764 1604 illi
1794 1565 1920 1603 vero
1954 1555 2125 1601 morte

540 1658 756 1725 dignum
778 1654 1051 1708 dicebant.
1088 1651 1210 1704 Ideo
1232 1650 1439 1703 diccbat
1465 1647 1551 1700 ille
1580 1665 1591 1699 :
1624 1644 1736 1714 Ego
1764 1659 1878 1696 vero
1904 1640 2125 1707 comperi

538 1751 668 1802 niltil
699 1750 910 1819 dignum
956 1755 1113 1798 morte
1156 1759 1268 1796 eum
1312 1740 1616 1802 admisisse;
1665 1736 1858 1790 deinde
1897 1733 2122 1803 adjicit:

538 1839 614 1893 De
660 1857 757 1908 quo
783 1838 904 1907 quid
933 1846 1119 1889 certum
1147 1834 1360 1887 scribam
1388 1831 1454 1883 ad
1505 1831 1767 1882 dominum
1798 1843 1996 1889 meum,
2024 1841 2125 1877 non

537 1933 715 1984 habeo.
749 1930 813 1982 Et
854 1928 953 1980 hoc
982 1941 1047 1980 ex
1075 1926 1219 1978 Pauli
1265 1921 1565 1977 innocentia
1601 1919 1776 1988 prodit
1798 1958 1812 1981 ,
1847 1915 1987 1986 quod
2029 1915 2120 1984 ju-

534 2023 640 2077 dex
672 2021 805 2075 nihil
833 2021 1023 2073 habeat
1042 2020 1107 2072 de
1138 2018 1223 2070 illo
1243 2015 1552 2069 dict-udum.
1582 2011 1707 2065 Ideo
1734 2011 1952 2081 produxi
1982 2025 2117 2073 eum,

535 2116 742 2184 inquit,
788 2113 854 2165 ad
899 2126 1005 2165 vos.
1056 2109 1183 2165 Sine
1212 2109 1407 2161 ratione
1436 2108 1569 2160 enim
1601 2105 1720 2157 milii
1750 2103 1947 2154 videtur
1972 2117 2080 2153 esse
2104 2140 2120 2165 ,

534 2209 732 2259 mittere
776 2206 995 2258 vinctum
1016 2244 1031 2267 ,
1064 2212 1110 2255 et
1156 2217 1335 2255 causas
1366 2202 1475 2268 ejus
1506 2214 1605 2250 non
1650 2195 1959 2265 signiﬁcare.
1993 2191 2124 2246 Vide

534 2300 587 2349 in
612 2306 843 2366 quantas
883 2294 1154 2363 angustias
1195 2292 1365 2345 Judaei
1413 2289 1677 2358 principes
1715 2302 1839 2339 suos
1870 2284 2122 2352 coniece—

534 2392 661 2443 rlnt.
696 2388 832 2456 Quid
865 2402 992 2440 vero
1023 2386 1254 2455 Agrippa
1278 2386 1302 2434 ‘t
1334 2385 1407 2437 De
1440 2384 1522 2436 his
1560 2382 1747 2435 Volcns
1794 2378 1990 2448 aliquid
2038 2377 2123 2430 di-

532 2496 683 2535 sterc
705 2484 741 2543 ί,
777 2481 939 2534 Paulo
962 2479 1097 2533 dixit
1125 2499 1136 2531 :
1165 2476 1319 2551 (Cap.
1360 2467 1537 2537 26.)].
1566 2472 1887 2530 Permittitur
1930 2472 2018 2525 tibi
2048 2473 2125 2525 lo-

532 2574 616 2641 qui
665 2588 755 2639 pro
786 2573 1071 2639 temetipso.
1121 2570 1199 2623 Ex
1248 2569 1417 2622 multo
1447 2566 1697 2621 audiendi
1728 2564 1996 2619 desiderio
2046 2564 2122 2616 illi

537 2680 627 2716 rex
660 2664 841 2717 dicere
872 2662 1153 2730 permittit.
1199 2660 1394 2714 Paulus
1428 2672 1557 2712 vero
1578 2674 1702 2711 cum
1743 2656 1931 2710 liducia
1974 2655 2124 2709 dein-

534 2771 661 2824 ct-ps
694 2755 959 2821 loquitur,
1010 2768 1114 2806 non
1159 2750 1456 2815 adulando;
1504 2750 1599 2804 sed
1647 2749 1764 2803 ideo
1810 2764 1868 2802 se
1910 2750 2121 2801 beatum

532 2860 655 2899 esse
684 2844 853 2908 dicit,
888 2842 1029 2913 quod
1058 2843 1105 2896 ei
1152 2842 1431 2913 loquatur,
1466 2841 1557 2910 qui
1602 2841 1781 2895 omnia
1825 2840 1993 2894 sciret
2022 2856 2035 2893 :
2070 2847 2124 2893 et

533 2938 673 3005 quod
706 2938 857 3001 idco,
889 2936 1010 2989 audi
1039 2952 1158 3006 qua:
1199 2936 1313 3005 ipse
1343 2934 1547 3003 profert
1573 2951 1586 2987 :
1616 2932 1759 2987 Tunc
1805 2932 2004 2987 Paulus
2030 2948 2121 2986 ea:-

535 3040 669 3079 n-ntu
700 3044 853 3079 niunu
883 3032 1028 3096 coepit
1058 3028 1305 3079 rationem
1349 3025 1581 3079 reddere.
1622 3024 1677 3077 2.
1731 3022 1810 3077 De
1847 3025 2078 3077 omnibus
2106 3065 2122 3089 ,

534 3120 717 3191 quibus
748 3135 956 3175 accusor
983 3136 1013 3170 a
1042 3117 1261 3181 Iudaeis,
1289 3133 1381 3170 rex
1410 3117 1659 3186 Agrippa,
1688 3116 1883 3169 a'stimo
1905 3132 1982 3169 me
2010 3114 2128 3168 bea-

536 3227 643 3267 tum
662 3257 673 3277 ,
705 3214 845 3281 apud
872 3223 919 3266 te
948 3227 1059 3265 cum
1090 3210 1183 3266 sim
1213 3208 1511 3278 defensurus
1544 3224 1624 3259 me
1653 3205 1803 3259 hodie
1823 3248 1837 3271 ,
1872 3207 1925 3260 3.
1959 3207 2125 3258 niaxi-

536 3326 615 3361 me
640 3321 682 3360 te
712 3313 901 3361 sciente
927 3322 1119 3370 omnes,
1150 3322 1263 3373 gnte
1288 3308 1427 3372 apud
1454 3301 1664 3356 Juda'os
1694 3310 1830 3366 sunt,
1860 3308 2125 3355 consuetu-

535 3400 678 3451 dines
728 3410 773 3450 et
816 3398 1165 3469 qua'stiones:
1208 3406 1417 3465 propter
1455 3394 1590 3464 quod
1635 3394 1837 3446 obsecro
1881 3393 2125 3462 patienter

533 3484 612 3544 me
635 3492 834 3543 audias.
890 3488 1166 3551 Profecto,
1212 3488 1257 3541 si
1286 3488 1423 3540 utale
1454 3486 1555 3541 sibi
1595 3486 1845 3540 conscius
1893 3484 2119 3551 fuisset,

534 3580 736 3635 turbari
762 3581 1066 3649 Oportebat,
1092 3578 1215 3631 dum
1247 3578 1387 3647 apud
1414 3594 1559 3641 eum,
1589 3577 1680 3646 qui
1707 3576 1886 3630 omnia
1917 3577 2081 3631 sciret
2105 3616 2120 3640 ,

532 3687 749 3727 cauSam
772 3672 1013 3735 diceret;
1046 3670 1139 3724 sed
1171 3670 1297 3723 illud
1328 3681 1411 3725 est
1440 3686 1586 3739 purae
1616 3669 1982 3734 conscientiae,
2017 3684 2122 3723 non

535 3777 787 3817 recusare
833 3762 1066 3831 judiccm
1099 3775 1187 3815 res
1216 3770 1393 3830 gestas
1418 3770 1668 3814 accurate
1698 3762 1955 3814 scit-mem
1979 3801 1992 3823 ,
2028 3758 2124 3814 sed

535 3862 588 3907 ct
635 3854 891 3922 gaudere.
936 3852 1091 3907 Unde
1134 3851 1226 3906 ille
1273 3867 1332 3906 se
1383 3852 1597 3905 beatum
1646 3859 1830 3919 putat,
1862 3860 1918 3903 et
1940 3849 2121 3905 dicit:

539 3947 762 4001 Obsecro
810 3947 1057 4015 patienter
1100 3961 1179 3998 me
1225 3946 1429 3998 audias.
1477 3943 1611 4012 Quia
1657 3958 1959 3997 sermonem
2007 3952 2123 3997 erat

545 4043 905 4112 producturus
934 4048 991 4093 et
1020 4037 1217 4108 aliquid
1246 4037 1312 4090 de
1343 4038 1523 4105 seipso
1548 4035 1806 4096 dicturus,
1841 4034 1961 4089 ideo
1987 4050 2125 4104 pra:-

532 4148 801 4203 occupans
829 4132 1084 4201 rogabat,
1115 4130 1299 4183 dicens
1324 4145 1335 4180 :
1361 4128 1415 4182 4.
1450 4126 1517 4181 Et
1544 4128 1748 4197 quidem
1776 4128 1927 4180 vitam
1958 4142 2122 4179 meum

533 4246 565 4279 α
591 4230 881 4297 juventute,
914 4240 1027 4289 qua:
1050 4222 1112 4275 ab
1141 4222 1283 4274 initio
1316 4222 1410 4290 {uit
1439 4222 1489 4272 in
1522 4230 1668 4289 gente
1698 4236 1807 4272 mea
1834 4221 1886 4271 in
1914 4217 2124 4271 leran-

534 4319 707 4388 tgmis,
745 4326 987 4369 noverunt
1032 4329 1200 4366 omnes
1247 4311 1441 4376 Judtei,
1574 4312 1661 4380 qui
1701 4310 1840 4378 prius
1884 4319 2126 4362 noverant

536 4426 615 4462 sue
642 4410 703 4462 ab
737 4409 884 4461 initio
905 4448 916 4470 ,
954 4406 998 4459 si
1026 4404 1177 4458 velint
1206 4404 1545 4457 testimonium
1575 4401 1852 4472 perhibere.
1883 4401 2018 4471 quod
2048 4418 2126 4454 se-

532 4502 758 4555 cundum
798 4499 1236 4552 accuratissimam
1280 4510 1464 4550 sectam
1494 4505 1682 4548 nostra:
1705 4494 1962 4564 religionis
1990 4494 2127 4545 rixe-

534 4599 630 4649 rim
669 4594 982 4647 Pharisscus.
1018 4591 1072 4644 Id
1103 4602 1186 4645 est
1212 4607 1223 4640 :
1258 4588 1542 4656 Quuitmdo
1574 4587 1861 4641 seditiosus
1891 4586 2078 4639 fuerim
2106 4626 2121 4647 ,

538 4700 643 4739 tam
670 4684 883 4753 juvenis
912 4694 964 4736 et
991 4681 1352 4736 testimonium
1387 4679 1588 4731 habens
1617 4678 1894 4731 omnium?
1924 4677 2124 4731 Deinde

543 4780 591 4831 id
618 4778 804 4847 probat
828 4792 857 4828 a
888 4783 1056 4837 secta,
1088 4772 1237 4826 addit
1262 4772 1404 4823 enim
1432 4788 1443 4822 :
1481 4769 1774 4823 Secundum
1801 4768 2123 4821 accuratissi-

535 4887 675 4923 mam
701 4867 961 4939 religionis
1000 4874 1184 4918 nostra:
1224 4875 1406 4917 sectam
1433 4862 1559 4915 uixi.
1587 4860 1652 4915 Et
1681 4860 1805 4930 quia
1832 4860 2123 4915 verisimile

535 4971 654 5015 erat
680 5003 693 5025 ,
737 4958 1001 5028 quosdam
1032 4957 1272 5009 dicturos
1319 4967 1475 5008 esse:
1519 4952 1655 5019 Quid
1699 4968 1858 5022 ergo,
1890 4952 1933 5005 si
1977 4962 2119 5005 secta

533 5052 751 5119 quidem
785 5048 1042 5103 mirabilis
1086 5048 1192 5111 sit,
1226 5057 1280 5100 tu
1311 5059 1442 5100 vero
1468 5044 1681 5098 malus?
1708 5045 1829 5099 vide
1856 5045 2124 5111 quomodo

535 5147 661 5199 huic
685 5153 933 5198 occurrat
970 5140 1255 5209 objectioui
1294 5156 1307 5190 :
1344 5145 1510 5191 testes
1556 5136 1701 5189 enim
1746 5133 1973 5187 advocat
2002 5148 2120 5187 0m-

538 5253 632 5291 ncs
682 5235 896 5290 Judaaos
920 5274 935 5297 ,
965 5233 1054 5301 qui
1086 5231 1200 5299 ejus
1230 5230 1388 5283 vitam
1418 5237 1472 5282 et
1511 5226 1974 5281 conversationem
2020 5241 2123 5277 no-

539 5338 677 5381 rant.
725 5328 947 5390 Sciunt,
996 5325 1208 5391 inquit,
1240 5337 1411 5374 omnes
1455 5318 1665 5384 Judaei,
1718 5318 1803 5386 qui
1855 5332 1933 5369 me
1980 5317 2124 5386 prius

537 5431 802 5483 noverunt,
835 5421 878 5472 si
930 5418 1083 5471 velint
1133 5414 1471 5469 testimonium
1499 5413 1647 5480 ferre.
1692 5410 1745 5463 6.
1793 5407 1859 5461 Et
1890 5424 2025 5461 nunc
2070 5410 2123 5462 in

535 5530 624 5582 spe
668 5512 1070 5583 repromissionis
1093 5552 1107 5573 ,
1140 5522 1253 5579 qua:
1278 5507 1346 5559 ad
1371 5515 1537 5575 patres
1567 5514 1766 5557 nostros
1806 5506 1944 5572 facta
1988 5510 2060 5556 est
2091 5518 2121 5553 a

535 5605 664 5671 Deo,
695 5616 773 5660 sto
806 5604 1005 5675 judicio
1030 5602 1280 5671 subjectus
1306 5613 1327 5653 .'
1359 5599 1410 5651 7.
1459 5600 1510 5649 in
1537 5610 1689 5665 quam
1717 5593 1985 5648 duodecim
2031 5593 2122 5646 tri-

542 5726 769 5823 matum
794 5757 808 5773 ,
835 5718 895 5766 dc
942 5711 1017 5763 his
1057 5711 1218 5763 uolens
1246 5708 1436 5771 aliquid
1483 5707 1699 5765 discere,
1732 5705 1912 5757 desunt
1948 5708 1996 5756 in
2022 5719 2122 5757 uno

1320 358 1377 412 S.
1416 353 1691 411 JOANNIS
1728 348 2209 406 CllllYSOSTOMI
2243 344 2559 401 AtiClllEP.
2600 341 3136 399 CUNSTANTINOP.

3730 336 3845 396 560

2238 458 2329 508 bus
2357 466 2563 519 nostra',
2594 467 2737 508 nocte
2762 473 2822 507 ac
2852 456 2935 508 die
2959 453 3314 520 descruientes,
3334 466 3542 522 sperant
3566 455 3804 509 devenire
3826 497 3839 510 .

2239 550 2300 601 de
2326 564 2425 616 qua
2455 562 2564 614 spe,
2597 564 2687 598 rex
2730 548 2979 616 Agrippa,
3015 562 3228 599 accusor
3258 562 3289 596 a
3318 545 3518 598 Judieis
3572 545 3625 599 8.
3665 548 3806 611 Quid
3826 550 3851 600 2’

2239 638 2527 691 incredibile
2564 638 2833 706 judicatur
2860 638 2998 706 apud
3026 654 3110 690 vos
3135 679 3151 704 ,
3183 638 3226 689 si
3259 636 3391 691 Deus
3419 649 3642 692 mortuos
3668 640 3836 690 susci-

2238 732 2357 783 tat?
2389 733 2525 782 imas
2543 731 2609 783 de
2634 733 3027 784 resurrectione
3060 731 3297 783 rationes
3328 732 3475 799 ponit
3502 749 3513 781 :
3547 732 3772 783 alteram
3816 746 3845 782 a

2240 822 2424 891 propin
2450 823 2515 873 tis
2541 838 2555 884 ;
2588 831 2640 875 ct
2671 824 2873 875 nullum
2904 824 3119 877 adducit
3152 822 3468 890 propin-utin
3493 866 3504 883 ,
3549 823 3639 876 sed
3686 823 3840 876 illam

2234 915 2542 968 Judamrutn
2578 929 2701 969 esse
2728 916 3035 981 opinionem
3072 916 3238 979 dicit;
3286 917 3511 969 alteram
3541 926 3596 969 et
3637 915 3839 970 fortio-

2238 1025 2348 1061 rem
2395 1024 2459 1062 ex
2494 1011 2655 1062 rebus
2698 1008 2847 1075 ipsis.
2881 1008 3050 1073 Quam
3086 1006 3269 1058 illam?
3308 1007 3461 1071 Quod
3512 1008 3763 1061 Christus
3810 1024 3842 1061 τι

2238 1102 2464 1153 Iliurtuis
2517 1101 2801 1153 suscitatus
2833 1114 2890 1153 se
2921 1098 3226 1167 alloquutus
3262 1100 3351 1151 sit.
3405 1097 3472 1151 Et
3505 1099 3633 1151 illud
3669 1104 3845 1153 ratiu-

2235 1189 2391 1242 ciuiis
2417 1190 2607 1257 probat
2628 1230 2640 1249 ,
2675 1191 2905 1257 priscam
2937 1190 3199 1242 insaniam
3243 1205 3395 1242 suam
3426 1202 3671 1243 accurate
3701 1209 3842 1244 nar-

2235 1298 2360 1337 rans
2390 1302 2402 1337 :
2434 1282 2629 1337 deinde
2657 1283 2818 1336 etiam
2850 1297 2971 1335 eum
3019 1283 3175 1337 laude
3203 1283 3536 1337 Judamrum.
3595 1284 3759 1338 Nocte
3787 1297 3842 1338 et

2235 1377 2317 1427 die
2345 1376 2563 1428 colentes
2585 1416 2596 1435 ,
2634 1375 2795 1443 inquit
2821 1414 2835 1439 ,
2865 1385 3072 1442 sperant
3120 1377 3370 1428 devenire.
3407 1376 3587 1443 Itaque
3618 1378 3839 1431 (νιίιιιιιειὶ

2235 1468 2519 1535 inculpata:
2550 1467 2673 1520 vitae
2705 1484 2811 1521 non
2856 1483 3032 1521 essein
3061 1509 3073 1527 ,
3109 1482 3272 1537 super
3301 1469 3384 1522 bis
3414 1485 3517 1522 non
3553 1482 3841 1539 oporteret

2230 1557 2458 1623 iudicari
2488 1599 2501 1619 ,
2537 1573 2630 1610 rex
2677 1558 2932 1626 Agrippa.
2980 1557 3244 1611 Subditur
3286 1558 3387 1611 alia
3432 1559 3590 1613 ratio.
3642 1562 3782 1624 Quid
3813 1564 3842 1614 Ρ

2234 1649 2528 1701 incredibile
2557 1648 2815 1712 iudicatur
2840 1666 2870 1699 α
2900 1648 3057 1712 vobis,
3090 1650 3133 1701 si
3165 1648 3301 1704 Deus
3330 1660 3554 1705 mortuos
3581 1654 3793 1705 suscitat
3812 1653 3842 1706 γ

2230 1741 2362 1795 Nam
2384 1782 2396 1801 ,
2428 1743 2469 1794 si
2504 1740 2618 1795 lucc
2644 1757 2749 1793 non
2774 1751 2916 1794 CSSl‘t
2946 1742 3130 1810 Opinio
3156 1784 3171 1806 ,
3203 1743 3245 1795 si
3274 1742 3325 1795 in
3363 1744 3446 1796 his
3486 1746 3841 1814 dogmatibus

2230 1833 2439 1885 ναυσθιί
2493 1848 2597 1885 non
2642 1841 2853 1897 eSScnt,
2885 1841 2942 1886 et
2987 1848 3129 1886 nunc
3159 1848 3221 1886 ea
3252 1834 3572 1889 echrrcntnr
3600 1878 3614 1901 ,
3648 1837 3840 1892 forsan

2230 1925 2350 1992 quis
2380 1940 2686 1979 Sermonem
2732 1940 2839 1977 non
2875 1926 3189 1994 recepisset.
3251 1926 3450 1980 Deinde
3495 1927 3660 1993 dicit,
3694 1946 3842 1998 quo-

2231 2020 2393 2072 modo
2435 2019 2898 2089 persequebatur:
2933 2020 3073 2087 quod
3106 2020 3170 2071 ad
3206 2019 3539 2087 probandum
3574 2021 3837 2076 idoneum

2230 2122 2336 2167 est.
2371 2112 2439 2165 Et
2466 2112 2734 2180 principes
2765 2111 3105 2165 sacerdotum
3135 2111 3352 2165 adducit
3389 2121 3551 2166 tcStes
3572 2123 3625 2167 et
3651 2124 3841 2169 exter-

2234 2224 2328 2261 nas
2377 2207 2622 2261 civitates
2646 2246 2659 2269 ,
2692 2215 2746 2259 et
2790 2204 2933 2273 quod
2964 2204 3197 2259 audierit
3225 2204 3496 2260 dicentem
3527 2206 3629 2261 sibi
3659 2225 3672 2260 :
3710 2206 3840 2259 Dn-

2229 2316 2345 2352 rum
2373 2309 2447 2352 est
2486 2298 2572 2351 tibi
2604 2308 2780 2351 contra
2809 2298 3068 2350 stimulum
3096 2297 3384 2350 calcitrare.
3415 2298 3617 2353 Deinde
3644 2309 3840 2352 osten-

2228 2393 2307 2445 dit
2343 2391 2435 2445 Dei
2478 2387 2819 2445 clemcntiam
2852 2389 2995 2458 quod
3040 2390 3202 2443 etiam
3249 2405 3372 2443 cum
3410 2403 3839 2460 persequeretur

2231 2486 2404 2554 ipsum
2450 2482 2681 2549 Saulus,
2712 2484 2812 2552 ipsi
2854 2483 3140 2552 apparuit:
3174 2482 3282 2537 Nec
3328 2482 3457 2537 mihi
3505 2484 3713 2548 solum,
3750 2488 3841 2537 in—

2230 2577 2384 2646 quit,
2420 2576 2555 2629 bene
2579 2573 2739 2639 fecit,
2774 2574 2866 2627 sed
2905 2583 2958 2627 et
2988 2572 3107 2627 aliis
3136 2573 3415 2628 doctorem
3441 2576 3605 2628 misit.

2302 2689 2355 2743 2.
2383 2688 2629 2744 Ostendit
2660 2688 2784 2743 item
2816 2686 3149 2755 prophetiam
3181 2701 3339 2756 quam
3372 2684 3593 2742 audivit.
3642 2685 3703 2738 In
3736 2687 3839 2739 liae

2229 2783 2451 2854 apparui
2480 2782 2588 2846 tibi,
2623 2781 2842 2850 eripiens
2870 2791 2917 2833 te
2948 2780 3010 2833 de
3040 2779 3228 2848 populo
3252 2790 3299 2833 et
3328 2779 3579 2849 gentibus,
3612 2781 3680 2831 ad
3703 2796 3838 2847 quas

2229 2879 2344 2932 misi
2370 2890 2437 2932 te.
2470 2876 2594 2930 llaec
2620 2875 2796 2927 omnia
2819 2874 3112 2928 ostendens
3141 2874 3355 2928 dicebat
3385 2892 3399 2927 :
3432 2873 3483 2928 9.
3520 2872 3585 2926 Et
3606 2890 3698 2943 ego
3726 2874 3841 2938 qui-

2229 2972 2343 3025 dem
2366 2969 2797 3031 existimaveram,
2829 2982 2907 3019 me
2935 2969 3177 3018 adversus
3205 2980 3385 3017 nomen
3416 2960 3542 3017 Jesu
3571 2962 3840 3017 Nazareni

2231 3063 2407 3115 debere
2433 3061 2592 3113 multa
2618 3058 2874 3111 contraria
2907 3062 3088 3127 facere.
3119 3057 3206 3110 10.
3250 3057 3399 3121 Quod
3427 3067 3473 3109 et
3502 3057 3600 3124 feci
3623 3054 3841 3109 Jeroso-

2190 3182 2195 3187 ο
2233 3157 2402 3225 lgmis,
2426 3162 2472 3205 et
2504 3153 2688 3204 multos
2730 3161 3021 3203 sanctorum
3052 3167 3141 3217 ego
3168 3151 3220 3202 in
3248 3149 3533 3201 carceribus
3564 3148 3768 3211 inclusi,
3801 3166 3837 3200 α

2232 3245 2544 3318 principibus
2570 3244 2892 3298 sacerdotum
2928 3252 3173 3312 potestate
3197 3252 3404 3311 accepta
3435 3257 3453 3295 :
3479 3253 3524 3294 ct
3559 3259 3672 3294 cum
3697 3242 3838 3295 caci-

2230 3341 2468 3395 derentur
2489 3338 2648 3390 detuli
2678 3337 2977 3389 sententiam
3000 3352 3018 3388 :
3042 3336 3127 3389 Η.
3164 3345 3209 3387 et
3236 3352 3323 3402 per
3347 3350 3519 3387 omnes
3545 3352 3839 3405 synagogas

2231 3439 2518 3507 frequenter
2544 3432 2759 3503 puniens
2804 3446 2908 3493 eos,
2961 3427 3321 3495 compcllebam
3354 3428 3707 3495 blasphemure
3735 3443 3753 3478 :
3784 3437 3840 3479 et

2230 3530 2451 3598 amplius
2476 3528 2732 3580 insaniens
2762 3526 2815 3577 in
2848 3538 2953 3587 eos,
2983 3520 3315 3590 persequebar
3336 3536 3494 3586 usque
3516 3520 3569 3571 in
3598 3528 3838 3572 extentas

2230 3622 2475 3674 civitates.
2508 3618 2596 3671 12.
2625 3615 2768 3669 Inter
2791 3615 2897 3669 lucc
2922 3614 3044 3666 dum
3075 3613 3203 3666 irem
3233 3610 3544 3665 Damascum
3584 3627 3701 3662 cum
3735 3627 3835 3678 po-

2231 3726 2407 3770 testate
2426 3724 2470 3767 et
2494 3711 2742 3781 permissu
2770 3708 3056 3779 principum
3078 3707 3421 3767 sacerdotum,
3450 3704 3533 3759 13.
3563 3704 3646 3755 die
3666 3703 3837 3755 media

2231 3810 2283 3861 in
2312 3808 2389 3861 uia
2412 3805 2533 3867 ridi,
2565 3820 2675 3864 rex,
2700 3803 2762 3853 de
2790 3801 2914 3853 casio
2938 3816 3096 3865 supra
3118 3798 3441 3867 splendorem
3468 3797 3588 3849 solis
3622 3795 3817 3847 circum

2234 3901 2435 3970 fulsisse
2468 3913 2545 3950 me
2570 3897 2760 3955 lumen,
2798 3901 2845 3946 et
2872 3908 2958 3945 eos
2990 3890 3078 3960 qui
3116 3905 3312 3942 mecum
3356 3887 3511 3940 simul
3540 3895 3701 3939 erant.
3742 3886 3813 3939 14

2234 3996 2519 4061 Omnesque
2549 4008 2639 4044 nos
2668 4006 2783 4043 cam
2822 3987 3185 4041 decidissemus
3217 3983 3270 4036 in
3300 3992 3507 4043 terram,
3544 3980 3715 4033 audivi
3742 3995 3838 4032 vo-

2228 4104 2339 4140 cem
2363 4085 2649 4155 loquentem
2686 4082 2810 4134 mihi
2858 4077 3113 4132 chraica
3162 4074 3339 4145 lingua
3369 4089 3387 4126 :
3419 4072 3599 4135 Saule,
3649 4071 3831 4135 Sunia,

2230 4179 2355 4251 quid
2379 4195 2457 4233 me
2500 4174 2857 4247 persequeris?
2905 4170 3105 4223 Durum
3141 4178 3214 4221 est
3258 4166 3348 4219 tibi
3390 4174 3568 4218 contra
3599 4163 3834 4217 stimul..s

2230 4249 2517 4326 calcitrare.
2557 4270 2639 4323 15.
2683 4265 2792 4335 Ego
2823 4273 2991 4315 autem
3022 4259 3150 4322 disi,
3180 4249 3309 4324 Quis
3338 4271 3409 4321 es,
3444 4252 3702 4307 Domine!
3735 4252 3841 4305 llte

2233 4374 2399 4417 autem
2422 4364 2548 4415 dixit
2578 4358 2729 4428 :Ego
2764 4373 2877 4410 sunt
2911 4353 3083 4417 Iesus,
3108 4367 3253 4418 quem
3295 4359 3349 4402 tu
3379 4347 3711 4419 persequeris.
3744 4347 3835 4399 16.

2236 4458 2343 4510 Sed
2373 4470 2585 4524 exsurge
2612 4462 2656 4505 et
2686 4462 2763 4507 stu
2793 4464 2945 4519 super
2971 4446 3123 4516 pedes
3154 4454 3267 4497 tuos
3298 4458 3313 4496 :
3342 4441 3409 4493 ad
3439 4442 3533 4493 hoc
3558 4440 3693 4493 enim
3732 4455 3836 4507 ap-

2236 4549 2384 4618 parui
2404 4548 2512 4612 tibi,
2537 4554 2588 4597 ut
2617 4542 2915 4596 constituant
2946 4548 2992 4591 te
3026 4537 3313 4589 ministrum
3352 4541 3397 4585 et
3442 4541 3617 4585 testem
3657 4546 3837 4582 eorum

2231 4657 2345 4711 qua-
2368 4639 2555 4702 vidisti,
2580 4646 2627 4689 et
2649 4651 2823 4687 eorum
2846 4630 3029 4702 quibus
3061 4627 3313 4697 apparebo
3338 4625 3448 4689 tibi,
3493 4625 3580 4677 l7.
3612 4623 3838 4693 eripiens

2232 4744 2277 4787 te
2298 4734 2359 4787 de
2385 4732 2577 4800 populo
2603 4738 2648 4780 et
2670 4726 2920 4797 gentibus,
2946 4724 2998 4775 in
3022 4738 3146 4790 quas
3172 4735 3306 4772 nunc
3332 4735 3422 4788 ego
3449 4717 3593 4769 mitto
3618 4725 3685 4779 te,
3709 4731 3837 4784 ape-

2232 4828 2331 4879 rire
2356 4824 2534 4879 oculos
2563 4834 2755 4881 eorum,
2790 4826 2843 4868 ut
2865 4822 3222 4869 convertantur
3247 4827 3278 4863 a
3309 4808 3521 4863 tenebris
3547 4812 3616 4859 ad
3642 4807 3833 4869 lucem,

2232 4928 2275 4970 et
2301 4917 2362 4969 de
2392 4923 2637 4984 potestate
2672 4920 2866 4963 satana:
2894 4909 2959 4959 ad
2994 4906 3175 4967 Deum,
3202 4914 3257 4954 ut
3285 4903 3543 4971 accipiant
3569 4899 3830 4953 remissio-

2233 5026 2345 5063 nem
2373 5017 2712 5078 peccatorum.
2744 5012 2789 5054 et
2817 5010 3000 5053 sortem
3026 5000 3157 5051 inter
3175 5004 3378 5050 sanctos
3408 5010 3499 5063 per
3521 4992 3695 5060 ﬁdem,
3717 5006 3836 5058 quae

2232 5104 2377 5155 estin
2404 5115 2499 5153 me.
2534 5092 2836 5163 Perpende,
2868 5106 3025 5159 quam
3054 5094 3333 5144 mansuete
3360 5086 3631 5151 loquatur.
3664 5080 3833 5147 Deus,

2235 5192 2424 5259 inquit,
2471 5189 2602 5242 dixit
2641 5186 2709 5237 ad
2747 5200 2827 5237 me
2859 5198 2877 5236 :
2905 5180 3137 5251 Apparui
3176 5177 3285 5240 tibi,
3334 5187 3391 5228 ut
3434 5176 3735 5233 constituam
3786 5186 3833 5227 te

2234 5285 2521 5337 ministrum
2540 5289 2587 5335 et
2612 5288 2782 5332 testem
2819 5292 2991 5329 eorum
3012 5288 3128 5347 quae
3151 5269 3341 5335 vidisti,
3370 5278 3418 5323 et
3448 5284 3623 5322 eorum
3648 5267 3834 5335 quibus

2232 5377 2488 5447 apparebo
2511 5373 2618 5436 tibi,
2645 5371 2859 5437 eripiens
2890 5378 2936 5420 te
2962 5371 3027 5419 de
3051 5364 3240 5437 populo
3271 5372 3316 5416 et
3342 5361 3596 5433 gentibus,
3630 5362 3682 5413 in
3706 5377 3833 5430 quos

2234 5488 2365 5524 nunc
2383 5486 2475 5539 ego
2501 5469 2645 5519 mitto
2669 5473 2735 5527 te,
2769 5463 2852 5515 i8.
2882 5470 2935 5513 ut
2963 5459 3162 5539 aperias
3186 5454 3362 5509 oculos
3391 5470 3587 5519 eorum,
3618 5464 3673 5505 ut
3710 5469 3833 5505 con-

2230 5535 2491 5619 uertantur
2519 5579 2547 5612 a
2572 5557 2784 5612 tenebris
2824 5555 2890 5607 ad
2917 5535 3078 5606 lucem
3106 5559 3151 5604 et
3177 5566 3209 5602 α
3242 5557 3490 5617 potestate
3525 5558 3720 5599 satana:
3761 5545 3831 5597 ad

2236 5658 2419 5721 Deum,
2450 5666 2501 5708 ut
2531 5651 2781 5720 accipiant
2806 5645 3151 5701 remissionem
3179 5650 3520 5711 peccatorum.
3546 5638 3623 5689 Ac
3660 5653 3703 5690 ςι
3741 5636 3825 5689 di-

2232 5756 2380 5801 ceret
2429 5763 2440 5797 :
2486 5746 2572 5801 llis
2602 5742 2821 5799 credidi.
2866 5738 2967 5793 hac
3004 5736 3208 5791 visione
3242 5747 3329 5787 me
3363 5730 3603 5799 adduxit,
3659 5737 3714 5785 et
3744 5727 3827 5783 sic
