4072 6410
474 387 568 443 ἔω

466 503 611 569 έτην
647 503 742 558 καί
778 503 1071 572 μάρτυρα,
1111 491 1198 552 ὧν
1230 516 1291 552 τε
1333 494 1518 561 εἶδες,
1560 491 1646 550 ῶν
1684 514 1744 549 τε
1783 497 2117 564 ὀφθήσομαι

469 597 589 646 σοι,
637 580 1049 648 ἐξαιρούμενός
1096 594 1169 631 σε
1196 578 1262 630 ἐκ
1292 576 1393 629 τοῦ
1432 575 1584 628 λαοῦ
1615 575 1711 628 καί
1747 574 1865 627 τῶν
1901 572 2103 640 ἐθνῶν,

471 662 557 725 εἰς
582 661 684 726 οῠς
715 659 827 727 ἐγώ
864 675 937 712 σε
962 654 1336 719 ἀποστέλλω,
1371 653 1602 717 ἀνοῖξαι
1647 652 1990 722 ὀφθαλμοὺς
2017 654 2122 704 αὑ⁶

469 738 603 802 τῶν,
628 737 730 790 τοῦ
759 737 1129 804 ἀποστρέψαι
1154 735 1270 788 ἀπὸ
1292 733 1547 796 σκότους
1577 734 1663 796 είς
1699 732 1842 800 φῶς,
1883 730 1981 784 καί
2011 729 2122 796 τῆς

471 815 751 879 ἐξουσίας
780 813 886 868 τοῦ
915 813 1148 867 Σατανᾶ
1181 812 1276 866 ἐπὶ
1310 810 1414 864 τὸν
1444 809 1608 872 Θεὸν,
1640 811 1743 864 τοῦ
1774 809 1979 863 λαϐεῖν
2013 811 2121 862 αὺ-

470 893 608 958 τοὺς
637 892 855 960 ἄφεσιν
876 891 1188 961 ἁμαρτιῶν.
1226 890 1363 942 Ὠσεὶ
1389 888 1560 957 ἔλεγε·
1588 891 1807 952 Τουτοις
1837 887 2115 956 ἐπείσθην,

469 974 636 1043 ταύτῃ
673 975 740 1043 τῇ
785 971 1018 1043 ὀπτασίᾳ
1057 989 1122 1041 με
1164 971 1487 1040 ἐπηγάγετο,
1539 971 1632 1022 καὶ
1665 969 1836 1033 οὕτως
1878 967 2117 1033 ἔπεισεν,

468 1051 604 1103 ὥστε
638 1053 710 1121 μὴ
747 1049 1153 1104 ἀναϐάλλεσθαι.
1187 1050 1374 1114 Ὅθεν,
1400 1048 1666 1112 ,βασιλεῦ
1683 1049 1977 1116 Ἀγρίππα,
2007 1052 2117 1100 οὐκ

467 1129 756 1197 ἐγενόμην
789 1127 1037 1194 ἀπειθὴς
1072 1125 1146 1194 τῇ
1183 1127 1437 1194 οὐρανίῳ
1465 1127 1722 1192 ὀπτασίᾳ
1745 1143 1757 1157 ·
1803 1127 1962 1180 ἀλλὰ
1996 1128 2118 1191 τοῖς

467 1206 537 1258 ἐν
567 1206 857 1274 Δαμασκῷ
894 1203 1126 1272 πρῶτον
1157 1205 1250 1258 καὶ
1303 1205 1730 1272 Ἰεροσολύμοις
1749 1244 1764 1265 ,
1798 1206 1884 1269 εἰς
1914 1203 2120 1259 πᾶσάν

467 1301 530 1338 τε
556 1287 667 1351 τὴν
699 1283 894 1354 χώραν
924 1281 1030 1349 τῆς
1065 1283 1369 1347 Ἰουδαίας,
1397 1283 1496 1336 καί
1525 1283 1648 1347 τοῖς
1672 1282 1910 1336 ἔθνεσιν
1934 1283 2120 1351 ἀπαγ-

467 1364 659 1432 γέλλω
705 1360 1033 1431 μετανοεῖν,
1084 1360 1179 1412 καὶ
1230 1360 1608 1429 ἐπιστρέφειν
1666 1362 1760 1414 ἐπὶ
1810 1361 1916 1412 τὸν
1950 1365 2116 1424 Θεὸν,

467 1442 606 1505 ἀξια
634 1441 743 1509 τῆς
765 1441 1084 1510 μετανοίας
1123 1438 1264 1508 ἔργα
1289 1441 1696 1507 πράσσοντας.
1738 1441 1792 1492 '0
1819 1440 1997 1494 τοίνυν
2026 1442 2119 1494 καὶ

466 1521 591 1583 τοὺς
623 1520 812 1581 ἄλλους
845 1518 1114 1572 παιδεύων
1146 1519 1271 1587 περὶ
1304 1518 1414 1586 βίου
1444 1519 1684 1587 ἀρίστου,
1720 1515 1836 1579 πῶς
1865 1518 1929 1571 ἂν
1959 1518 2119 1580 αὐτὸς

469 1601 705 1661 στάσεως
723 1598 816 1652 καὶ
830 1596 1174 1668 φιλονεικίας,
1192 1598 1370 1665 φησὶν,
1396 1595 1632 1666 ἀρχηγὸς
1648 1595 1872 1662 γέγονα;
1901 1597 2119 1649 Ἕνεκα

466 1677 690 1730 τούτων
737 1679 789 1729 οί
827 1675 1102 1730 Ἰουδαῖοί
1143 1691 1218 1742 με
1255 1673 1694 1742 συλλαϐόμενοι
1745 1674 1814 1726 ὲν
1850 1672 1928 1738 τῷ
1962 1675 2114 1741 ίερῷ,

466 1753 781 1820 ἐπειρῶντο
827 1752 1321 1820 διαχειρίσασθαι.
1366 1751 1736 1818 Ἐπικουρίας
1775 1749 1888 1805 οὖν
1921 1751 2120 1819 τυχὼν

465 1830 574 1896 τῆς
595 1829 750 1896 παρά
774 1829 880 1882 τοῦ
908 1827 1054 1882 Θεοῦ
1073 1828 1209 1895 ἄχρι
1234 1827 1341 1892 τῆς
1372 1827 1594 1896 ἡμέρας
1619 1829 1837 1894 ταύτης
1869 1829 2115 1896 ἕστηκα.

461 1908 904 1977 μαρτυρόμενος
927 1905 1115 1974 μικρῷ
1140 1922 1202 1958 τε
1221 1905 1318 1957 καὶ
1339 1905 1600 1974 μεγάλῳ,
1625 1906 1803 1959 οὐδὲν
1829 1908 1999 1972 ἐκτὸς
2023 1907 2119 1960 λέ-

468 2004 584 2056 γων
625 1981 712 2039 ῶν
742 2002 804 2039 τε
852 1989 906 2038 οἰ
951 1982 1244 2052 προφῆται
1291 1983 1604 2052 ἐλάλησαν
1635 1986 1987 2052 μελλόντων
2033 1990 2118 2056 γί-

467 2069 695 2126 νεσθαι,
755 2061 851 2114 καί
900 2059 1191 2126 Μωῦσῆς·
1239 2061 1291 2112 εἰ
1335 2060 1596 2126 παθητὸς
1653 2064 1687 2114 ὁ
1741 2063 2012 2129 Χριστὸς,
2068 2067 2120 2118 εί

466 2141 694 2208 πρῶτος
737 2140 805 2204 ἐξ
847 2137 1235 2203 ἀναστάσεως
1264 2135 1491 2204 νεκρῶν
1509 2136 1633 2207 φῶς
1656 2139 1869 2207 μέλλει
1909 2159 2120 2211 καταγο

467 2219 704 2288 γέλλειν
724 2217 800 2282 τῷ
821 2234 882 2270 τε
903 2215 1028 2280 λαῷ
1058 2216 1152 2269 καὶ
1179 2215 1301 2281 τοῖς
1329 2215 1588 2272 ἔθνεσιν.
1624 2218 1786 2288 Ὅρα,
1824 2219 1940 2283 πῶς
1967 2221 2122 2284 ἐκτὸς

468 2296 754 2358 κολακείας
801 2295 945 2347 ἐστὶν
984 2295 1012 2346 ὁ
1056 2294 1210 2359 λόγος
1249 2293 1434 2355 αὑτοῦ,
1477 2294 1653 2346 καὶτὸ
1678 2297 1785 2347 πᾶν
1827 2297 2121 2368 ἐπιγράφει

467 2375 545 2445 τῷ
568 2374 702 2443 Θεῷ.
737 2371 864 2425 Εἶτα
888 2375 920 2442 η
945 2371 1241 2443 παρρησία.
1280 2373 1439 2424 Ἀλλ’
1465 2371 1604 2425 οὐδὲ
1623 2373 1737 2425 νῦν
1765 2375 2089 2444 ἀφίσταμαι
2106 2393 2119 2407 °

469 2455 561 2506 καὶ
591 2452 650 2504 rb
680 2450 914 2518 ἀσφαλές
936 2469 949 2481 ο
1005 2448 1134 2500 Ἀπὸ
1177 2449 1287 2516 γὰρ
1321 2450 1613 2518 προφητῶν
1645 2451 2004 2522 ἰσχυρίζομαι,
2054 2456 2122 2508 Εἰ

469 2529 728 2596 παθητὸς
747 2532 779 2582 ὁ
799 2528 1065 2595 Χριστὸς,
1085 2528 1134 2579 εἰ
1157 2525 1379 2593 πρῶτος
1402 2527 1470 2589 ἐξ
1488 2528 1874 2594 ἀναστάσεως
1896 2531 2122 2598 νεκρῶν

467 2609 590 2677 φῶς
619 2607 829 2676 μέλλει
863 2606 1290 2673 καταγγέλλειν
1310 2620 1322 2633 ·
1362 2605 1494 2656 ὡσεὶ
1539 2605 1744 2673 ἔλεγεν,
1775 2608 1855 2660 ὅτι
1886 2607 2120 2676 Πρῶτος

469 2693 501 2740 ό
534 2687 783 2753 Χριστὸς
830 2684 1130 2747 ἀναστὰς,
1180 2680 1375 2735 οὐκέτι
1405 2684 1796 2750 ἀποθνήσκει.
1847 2687 2013 2756 Δῆλον
2060 2689 2123 2741 ὲκ

468 2763 562 2816 τοῦ
593 2765 722 2816 πᾶσι
749 2761 1102 2830 καταγγεῖλαι
1133 2759 1286 2812 τοῦτο
1316 2761 1409 2812 καὶ
1436 2762 1515 2822 εἰς
1543 2763 1766 2825 ἑαυτοὺς
1796 2766 2117 2834 προσδοκᾷν.

471 2838 601 2894 Εἶτα
633 2841 730 2912 τὴν
771 2840 1075 2912 παρρησίαν
1117 2840 1144 2890 ὸ
1188 2838 1392 2905 Φῆστος
1438 2838 1578 2902 ἰδὼν,
1629 2842 1812 2911 ἐπειδὴ
1854 2843 1988 2910 πρὸς
2033 2843 2122 2894 τὸν

472 2919 691 2988 βασιλέα
736 2918 1031 2984 διελέγετο,
1077 2916 1149 2985 μὴ
1207 2914 1594 2984 μεθιστάμενος
1635 2917 1728 2969 τοῦ
1785 2919 1918 2988 πρὸς
1961 2920 2120 2972 αὑτὸν

469 2996 814 3059 ἀποϐλέπειν,
837 2995 1023 3065 ὥσπερ
1046 2993 1212 3048 ἔπαθέ
1243 3011 1314 3057 τι,
1345 2995 1438 3046 καί
1461 3011 1592 3065 φησι
1611 3014 1623 3026 ο
1649 2997 1867 3065 Μαίνη,
1896 2999 2116 3053 Παῦλε.

476 3079 592 3131 Ὀτι
618 3078 673 3130 δὲ
704 3075 889 3128 παθὼν
917 3074 1073 3127 τοῦτο
1109 3073 1275 3141 λέγει,
1311 3073 1473 3126 ἄκουε
1507 3075 1612 3126 τῶν
1643 3075 1796 3143 ἑξῆς·
1836 3078 2024 3130 Ταῦτα
2055 3077 2121 3129 δὲ

469 3156 654 3210 αὑτοῦ
697 3154 1140 3223 διαλεγομένου,
1178 3156 1209 3205 ό
1258 3151 1495 3220 Φῆστος
1534 3155 1770 3222 μεγάλῃ
1834 3155 1907 3224 τῇ
1952 3156 2119 3225 φωνῇ

470 3235 584 3304 ἔφη
611 3251 623 3264 ·
659 3234 874 3301 Μαίνῃ,
914 3232 1132 3293 Παῦλε,
1165 3232 1234 3284 τὰ
1255 3233 1451 3285 πολλά
1472 3249 1544 3286 σε
1563 3233 1869 3302 γράμματα
1899 3239 1984 3301 εἰς
2007 3253 2119 3305 μα-

469 3314 610 3366 νίαν
634 3312 983 3379 περιτρέπει.
1004 3311 1066 3362 Τί
1088 3307 1178 3362 οὖν
1203 3313 1230 3362 ὁ
1252 3309 1490 3375 Παῦλοςς
1519 3311 1656 3380 μετὰ
1676 3312 1972 3376 ἐπιεικείας
1997 3317 2122 3366 ἀπο-

473 3391 808 3460 κρινόμενος,
828 3391 908 3443 Οὐ
925 3390 1223 3457 μαίνομαι,
1251 3387 1403 3459 φησὶ,
1427 3389 1700 3456 κράτιστε
1720 3389 1937 3457 Φῆστε,
1961 3393 2121 3448 ἀλλὰ

469 3471 744 3536 ἀληθείας
795 3469 889 3521 καί
936 3467 1332 3536 σωφροσύνης
1382 3467 1618 3534 ῥήματα
1659 3469 2118 3540 ἀποφθέγγομαι.

475 3543 604 3600 Ισίἷτα
634 3548 726 3598 καὶ
764 3545 859 3614 τὴν
891 3545 1068 3598 αἰτίαν
1111 3544 1367 3608 διδάσκει,
1412 3545 1477 3596 δι’
1513 3548 1578 3616 ἢν
1613 3546 1747 3616 πρὸς
1778 3549 1868 3599 τὸν
1900 3548 2122 3617 βασιλέα

471 3626 560 3678 τὸν
599 3626 754 3693 λόγον
797 3625 1164 3694 ἀπέστρεψεν·
1211 3625 1553 3678 Ἐπίσταται
1597 3627 1705 3694 γὰρ
1743 3628 1872 3696 περὶ
1901 3631 2123 3682 τούτων

473 3707 505 3757 ό
537 3703 851 3768 βασιλεὺς,
904 3703 1049 3771 πρὸς
1085 3703 1156 3756 ὃν
1198 3701 1296 3756 καί
1339 3705 1882 3774 παρρησιαζόμενος
1920 3708 2085 3762 λαλῶ
2108 3726 2120 3738 ·

471 3780 792 3839 λανθάνειν
819 3779 927 3847 γὰρ
953 3781 1179 3833 τούτων
1212 3783 1396 3834 αὐτόν
1424 3799 1476 3834 τι
1515 3785 1585 3836 οὺ
1615 3786 1883 3853 πείθομαι
1910 3785 2118 3839 οὐδέν·

473 3861 544 3913 σὺ
600 3857 706 3926 γάρ
745 3857 911 3909 ἐστιν
958 3858 1026 3909 ὲν
1077 3859 1253 3926 γωνίᾳ
1306 3861 1721 3929 πεπραγμένον
1766 3863 1960 3917 τοῦτο.
2019 3869 2120 3918 Πιο-

473 3938 728 4003 στεύεις,
754 3937 1014 4000 βασιλεῦ
1056 3937 1356 4004 Ἀγρίππα,
1402 3937 1526 4004 τοῖς
1571 3940 1933 4008 προφήταις;
1958 3938 2120 4008 Οἶδα,

473 4017 561 4070 ὅτι
610 4017 930 4080 πιστεύεις.
964 4015 1133 4068 Τοῦτο
1164 4016 1334 4092 οὕτως
1371 4013 1509 4080 εἶπε,
1547 4021 1826 4089 μονονουχὶ
1857 4021 2123 4092 διασύρων

473 4097 567 4148 καὶ
587 4095 757 4163 λέγων
789 4094 922 4164 πρὸς
945 4093 1137 4156 αύτούς
1157 4111 1171 4126 ·
1197 4089 1343 4162 Οἶδα,
1378 4098 1458 4149 ὅτι
1494 4097 1667 4150 πάντα
1694 4093 1832 4150 οἶδεν
1859 4089 2122 4169 ἀκριϐῶςο

473 4175 569 4225 καὶ
594 4173 698 4224 ἔδει
723 4172 819 4242 μὲν
839 4172 1086 4242 πρώτους
1105 4174 1247 4241 ὑμᾶς
1270 4173 1440 4226 ταῦτα
1465 4175 1658 4229 ειδέναι
1678 4176 1758 4244 (rb
1787 4175 1893 4246 γὰρ
1922 4177 2120 4242 ἑπαγό-

476 4267 634 4320 μενον
661 4249 817 4302 τοῦτο
836 4250 1003 4320 δηλοῖ,
1022 4251 1102 4315 τὸ,
1131 4253 1211 4304 Οὐ
1251 4251 1360 4320 γάρ
1380 4253 1550 4306 ἐστιν
1571 4254 1640 4305 ἐν
1663 4256 1843 4322 γωνίᾳ
1872 4268 2124 4322 πεπραγ-

470 4328 657 4397 μένον
700 4328 846 4399 [591]
880 4329 1115 4398 τοῦτο),
1156 4329 1267 4382 ἀλλ’
1312 4330 1410 4382 ούκ
1437 4330 1754 4401 ἠθελήσατε.
1794 4335 2119 4400 Πιστεύεις,

467 4405 731 4470 ,ϐασιλεῦ
786 4406 1083 4473 Ἀγρίππα,
1132 4405 1252 4472 τοῖς
1300 4407 1666 4476 προφήταιςς
1717 4405 1860 4462 Οἶδα
1890 4410 1979 4463 ὅτι
2027 4426 2124 4464 πι-

474 4484 728 4548 στεύεις.
792 4483 853 4536 '0
897 4483 965 4536 δὲ
1014 4484 1329 4552 Ἀγρίππας
1363 4487 1511 4552 πρὸς
1541 4485 1647 4538 τὸν
1695 4489 1941 4542 Παῦλον
1971 4489 2118 4556 ἔφη·

486 4561 580 4613 Ἐν
631 4562 810 4631 ὀλίγῳ
845 4578 920 4630 με
958 4562 1181 4624 πείθεις
1226 4563 1583 4629 Χριστιανὸν
1616 4565 1908 4633 γενέσθαι.
1955 4567 2014 4618 '0
2056 4565 2124 4619 δὲ

471 4640 708 4706 Παῦλος
749 4636 914 4692 εἶπεν
934 4657 948 4670 ο
977 4639 1286 4708 Εὐξαίμην
1313 4641 1389 4694 ἂν
1421 4642 1500 4707 τῷ
1535 4643 1672 4708 Θεῷ,
1708 4644 1805 4696 καί
1831 4645 1900 4696 ἐν
1923 4645 2120 4712 ὀλίγῳ,

472 4719 568 4769 καὶ
597 4719 664 4769 ἐν
689 4717 912 4784 πολλῷ,
954 4720 1024 4772 οὑ
1057 4719 1247 4787 μόνον
1275 4719 1368 4785 σὲ,
1403 4721 1562 4774 ἀλλὰ
1591 4724 1687 4776 καί
1717 4723 1948 4789 πάντας
1984 4725 2115 4789 τοὺς

472 4794 802 4858 ἀκούοντάς
821 4813 932 4862 μου
954 4797 1236 4864 σήμερον,
1260 4798 1534 4866 γενέσθαι
1564 4803 1886 4867 τοιούτους,
1921 4801 2122 4870 όποῖος

472 4871 634 4950 κάγώ
665 4873 801 4938 ειμι,
830 4874 1114 4940 παρεκτὸς
1142 4874 1259 4927 τῶν
1300 4875 1534 4946 δεσμῶν
1571 4882 1813 4934 τούτων.
1841 4881 1980 4950 Ὅρα
2007 4881 2124 4943 πῶς

473 4949 707 5030 εὔχεται,
723 4950 894 5030 λέγων
914 4968 926 4981 ·
946 4951 1256 5020 Εὐξαίμην
1277 4953 1351 5006 ἂν
1374 4957 1552 5024 ἔγωγε
1582 4958 1659 5022 τῷ
1691 4959 1811 5024 Θεῷ
1841 4949 1982 5030 [ούκ]
2005 4973 2030 5000 ει
2054 4961 2124 5014 ἐν

474 5029 670 5109 όλ-ίγῳ,
706 5029 971 5109 τουτέστι,
1005 5030 1152 5109 παρά
1180 5035 1392 5100 μικρόν.
1428 5035 1537 5086 Καὶ
1558 5037 1652 5104 οὐχ
1680 5029 1861 5100 ἁπλῶς
1881 5029 2118 5109 εῠχεται,

474 5105 607 5186 ἀλλὰ
653 5106 746 5159 καὶ
789 5107 1206 5178 ἐπιτεταμένως.
1259 5113 1589 5179 Τοιούτους,
1654 5117 1806 5183 φησὶ,
1847 5105 2123 5186 γενέσθαι

473 5185 718 5266 πάντας,
772 5189 867 5266 οὐκ
886 5188 1078 5266 ⁶μόνον
1125 5189 1216 5252 σὲ,
1270 5191 1427 5245 ἀλλὰ
1475 5193 1572 5245 καὶ
1621 5185 1872 5262 πάντας,
1921 5199 2123 5266 ὁποῖος

475 5262 631 5326 κάγώ
665 5266 798 5332 εἰμι.
853 5261 985 5316 Εῐτα
1020 5267 1112 5317 καὶ
1152 5269 1470 5336 προστίθησι
1492 5286 1503 5297 '
1552 5261 1849 5339 Παρεκτὸς
1881 5275 2001 5330 τῶν
2032 5261 2123 5331 δελ

475 5339 642 5424 σμῶν
679 5344 1067 5424 ,τούτωνξούκ
1106 5345 1496 5424 ἀποδυσπετῶν
1529 5349 1617 5402 διὰ
1663 5351 1730 5403 τὰ
1777 5353 1970 5424 δεσμὰ,
2001 5357 2123 5408 οὐδὲ

476 5418 850 5506 αἰσχυνόμενος
891 5421 1021 5506 διό-τι
1067 5423 1274 5506 έδέδετο
1303 5426 1497 5494 (τοῦτο
1535 5428 1642 5498 γὰρ
1673 5427 1739 5499 ἦν
1773 5418 1938 5500 αὐτῷ,
1967 5436 2123 5506 εἴπερ

476 5511 526 5582 τι
557 5496 700 5584 ἀλλο,
734 5497 875 5584 ἀξιον
896 5500 1049 5584 δόξης
1074 5503 1089 5563 )
1110 5518 1121 5530 ·
1155 5503 1288 5584 ἀλλά
1315 5505 1446 5572 πρὸς
1483 5507 1583 5574 τὴν
1608 5496 1824 5562 ἐκείνων
1857 5496 2122 5582 ὑπόληψιν

477 5575 931 5660 ἀφορῶν,-οὖτως
965 5574 1103 5632 εἷπε.
1151 5582 1247 5632 Διά
1291 5584 1447 5635 τοῦτο
1481 5587 1785 5657 προσέθηκε
1835 5592 1913 5651 τὸ,
1975 5574 2123 5660 Παρ-

475 5652 643 5715 εκτὸς
685 5653 798 5705 τῶν
830 5654 1065 5722 δεσμῶν
1096 5661 1335 5713 τούτων.
1396 5652 1535 5715 Ἀλλ⁴
1587 5652 1780 5735 ἴδωμεν
1817 5670 2019 5724 ἄνωθεν
2055 5652 2123 5725 τὰ

538 5753 561 5777 ³
591 5751 822 5800 ίηριυςειιη
845 5760 1150 5814 negationem
1173 5761 1346 5809 habent
1373 5771 1474 5812 [res
1496 5779 1628 5822 mss,
1675 5769 1904 5817 Comum].
1936 5777 1986 5817 ρι
2009 5772 2113 5819 ςαν,

480 5808 604 5858 ίωη

1284 382 1340 439 S.
1380 382 1664 440 JOANNIS
1701 378 2188 436 CIIRYSOSTOMI
2231 380 2546 437 ARCHIEP.
2581 382 3128 439 CONSTA'NTINOP.

3787 378 3897 432 ἶ(ἱὲ

2228 497 2630 568 ἀνεγνωσμένα.
2674 501 2749 568 Τῇ
2800 499 2912 555 οὖν
2959 502 3239 568 ἐπαύριον
3269 501 3662 554 είσελθόιιτων
3703 506 3790 569 είς
3822 515 3889 563 τὸ

2225 578 2640 646 ἀκροατήριον,
2673 581 3072 645 κελεύσαντος
3093 580 3197 633 τοῦ
3221 581 3483 646 Φήστου,
3517 583 3699 649 φησὶν,
3725 583 3891 651 ἤχθη

2226 661 2256 710 ό
2287 657 2543 721 Παῦλος.
2595 658 2932 730 Ἀπέστησαν
2960 660 3142 712 λοιπὸν
3167 661 3215 711 οἱ
3258 659 3495 713 Ἰουδαῖοι
3539 664 3602 730 τῇ
3638 664 3825 729 ἐφέσει
3861 664 3891 700 ι)

2218 735 2563 808 χρησαμένου
2600 737 2829 796 ἐκείνου,
2858 757 2949 800 κω
2977 756 3096 790 τοτε
3128 737 3274 807 αὐτῷ
3298 738 3546 809 λαμπρὸν
3573 741 3632 792 τὸ
3654 740 3891 809 θέατρον

2219 815 2458 880 γίνεται·
2505 815 2642 884 μετά
2692 817 2891 886 πολλῆς
2938 819 3047 888 γὰρ
3078 818 3178 887 τῆς
3226 818 3523 885 φαντασίας
3561 822 3588 872 ό
3630 819 3890 888 βασιλεὺς

2221 894 2314 947 καὶ
2349 895 2457 945 πάν
2502 895 2564 945 τὸ
2592 894 2791 963 πλῆθος
2824 896 2930 948 τῶν
2971 896 3239 950 Ἰουδαίων
3262 896 3512 967 παρῆσαν
3549 897 3646 966 οὐχ
3677 899 3724 949 οἱ
3759 897 3889 966 μὲν,

2219 974 2266 1024 οί
2305 972 2360 1024 δὲ
2395 971 2474 1024 οὗ.
2513 975 2579 1027 Τὸ
2599 972 2832 1040 πλῆθος
2859 973 2976 1027 τῶν
3015 975 3327 1034 Ἰουδαίων,
3359 977 3510 1046 φησὶ,
3542 977 3893 1044 συνέτυχόν

2214 1069 2336 1120 μοι,
2366 1053 2435 1105 ἐν
2459 1069 2521 1105 τε
2561 1053 2996 1122 Ἰεροσολύμοις
3031 1054 3125 1106 καί
3156 1054 3387 1118 ἐνθάδε,
3418 1054 3766 1120 ἐπιϐοῶντες
3793 1055 3889 1123 μὴ

2219 1131 2346 1184 δεῖν
2369 1133 2553 1185 αὐτὸν
2574 1131 2679 1200 ζῇν
2694 1133 2920 1200 μηκέτι,

2288 1216 2354 1278 γ’.
2383 1211 2523 1280 Ὂρα
2545 1212 2642 1280 τὴν
2677 1212 2869 1280 μανίαν
2889 1231 2900 1244 ·
2934 1212 3119 1276 ἐϐόων,
3153 1212 3263 1264 δεῖν
3286 1212 3447 1266 αὐτὸν
3481 1214 3766 1267 ἀποθανεῖν
3797 1211 3892 1264 λέ-

2219 1306 2422 1356 γοντες.
2472 1290 2749 1344 Ἐντεῦθεν
2796 1293 3083 1351 δείκνυσιν,
3135 1292 3216 1344 ὅτι
3254 1291 3476 1356 δικαίως
3514 1293 3893 1346 ἐπεκαλέσατο

2220 1369 2489 1438 Καίσαρα.
2528 1371 2590 1424 Εἰ
2621 1371 2730 1441 γὰρ
2765 1372 2913 1423 οὐδὲν
2941 1372 3038 1440 μὲν
3071 1367 3216 1440 εἶχον
3252 1371 3426 1425 δεινὸν
3463 1375 3651 1433 εἰπεῖν,
3683 1374 3890 1424 ἐκεῖνοι

2217 1449 2273 1500 δὲ
2292 1449 2654 1518 ὲμεμήνεσαν,
2678 1450 2899 1512 εἰκότως
2932 1451 3017 1501 ἐπ’
3048 1453 3253 1502 ἐκεῖνον
3288 1450 3525 1521 ἔρχεται.
3551 1452 3748 1516 Ὅπως
3772 1449 3892 1516 τῆς

2217 1527 2587 1596 ἀνακρίσεως
2633 1531 2733 1597 ὑφ’
2785 1528 2948 1596 ὑμῶν
2997 1528 3340 1596 γενομένης,
3373 1530 3503 1597 σχῶ
3548 1531 3604 1582 τί
3637 1529 3892 1598 γράψαι,

2221 1607 2402 1676 φησίν.
2459 1608 2636 1678 Ὁρᾷς,
2671 1608 2786 1671 πῶς
2836 1607 3178 1675 βασανίζεται
3224 1607 3481 1669 πολλάκις
3513 1608 3574 1659 τὸ
3614 1610 3886 1679 πρᾶγμας

2219 1685 2328 1736 Καὶ
2371 1685 2470 1755 τῆς
2502 1687 2794 1753 ἀπολογίας
2828 1687 3006 1738 τοίνυν
3058 1685 3260 1754 ταύτης
3303 1685 3543 1737 Ἰουδαῖοι
3588 1687 3772 1750 αἴτιοι,
3819 1688 3892 1756 ἣν

2219 1762 2441 1830 ἔμελλον
2489 1764 2776 1834 μανθάνειν
2810 1767 2902 1818 καὶ
2941 1767 2988 1818 oi
3020 1765 3076 1815 ὲν
3114 1767 3178 1832 τῇ
3225 1763 3428 1833 Ῥώμῃ.
3465 1763 3604 1831 Περί
3641 1763 3894 1817 πάντων

2219 1837 2306 1895 ὧν
2342 1844 2732 1912 ἐγκαλοῦμαι,
2777 1844 3040 1907 βασιλεῦ
3086 1845 3384 1910 Ἀγρίππα,
3426 1843 3607 1912 φησὶν,
3660 1842 3892 1910 ἥγημαι

2221 1921 2479 1988 ἐμαυτὸν
2512 1921 2829 1990 μακάριον,
2864 1923 3106 1991 μέλλων
3141 1921 3238 1973 ἐπὶ
3284 1921 3398 1974 σοῦ
3434 1921 3887 1988 ἀπολογεῖσθαι.

2227 2002 2362 2071 Ὅρα
2407 2001 2524 2062 πῶς
2571 2002 2807 2069 κήρυκες
2855 2001 3076 2062 ἄκοντες
3118 2001 3211 2052 καὶ
3252 1999 3352 2067 τῆς
3395 2001 3597 2063 οἰκείας
3642 2001 3891 2067 γίνονται

2223 2080 2416 2141 κακίας
2453 2079 2545 2130 καὶ
2569 2078 2668 2146 τῆς
2700 2077 2910 2156 Παύλου
2938 2077 3137 2146 ἀρετῆς
3174 2077 3264 2128 καὶ
3293 2077 3440 2146 αὐτῷ
3469 2079 3544 2147 τῷ
3573 2077 3886 2147 κρατοῦντι·

2222 2160 2359 2212 ὥστε
2388 2156 2760 2227 λαμπρότερον
2785 2157 3028 2225 ἀπήγετο
3063 2156 3289 2220 Παῦλος,
3326 2157 3357 2225 ἢ
3395 2159 3441 2208 εί
3473 2158 3636 2226 χωρὶς
3665 2156 3894 2225 δεσμῶν
3969 2189 3978 2194 -

2221 2237 2490 2306 ἀπῆλθεν·
2545 2237 2727 2289 οὐκέτι
2769 2236 2873 2305 γὰρ
2926 2236 3000 2297 ὡς
3047 2235 3245 2298 πλάνος
3292 2239 3385 2286 καὶ
3434 2237 3566 2304 γόης
3612 2235 3892 2289 τοσούτων

2224 2315 2383 2368 αὑτὸν
2427 2317 2670 2383 ἀφέντων
2713 2315 2976 2368 δικαστῶν
3007 2315 3269 2382 ἀπήγετο.
3308 2315 3490 2367 Πάντα
3530 2313 3706 2366 τοίνυν
3741 2316 3890 2367 ἀπο-

2221 2395 2519 2464 δυσάμενος
2547 2396 2672 2464 παρ’
2703 2389 2782 2455 οἷς
2808 2394 2996 2462 ἐτέχθη
3021 2394 3112 2444 καὶ
3143 2393 3374 2462 ἐτράφη,
3407 2394 3502 2461 οὐχ
3527 2393 3730 2455 ἁπλῶς,
3759 2394 3888 2447 ἀλλ’

2220 2473 2360 2527 οὕτω
2407 2471 2640 2542 καθαρὸς
2670 2473 2898 2540 ὑποψίας
2930 2471 3194 2524 ἐπιόαίνει
3223 2473 3320 2539 τῆς
3366 2472 3600 2541 Ῥώμης.
3634 2473 3740 2524 Καὶ
3777 2474 3892 2528 οὐκ

2219 2549 2360 2605 εἷπε·
2389 2554 2452 2605 Τί
2480 2554 2543 2624 δὴ
2571 2552 2756 2616 τούτο;
2804 2551 2949 2616 ἅπαξ
2998 2550 3416 2620 έπεκαλεσάμην
3461 2551 3714 2621 Καίσαρα
3735 2568 3746 2580 ·
3781 2571 3891 2622 μυ-

2224 2633 2399 2701 ριάκις
2442 2633 2692 2701 ὲκρίθηψ
2739 2632 2898 2701 μέχρι
2949 2631 3112 2694 πότε;
3162 2629 3296 2682 ἀλλὰ
3330 2630 3414 2692 τίς
3447 2629 3611 2682 Πάλιν
3665 2631 3892 2700 ἕτοιμος

2220 2713 2436 2779 ἐγένετο
2474 2712 2651 2764 δοῦναι
2681 2710 2908 2772 εὐθύνας
2942 2712 3032 2762 καὶ
3061 2710 3151 2762 ἐπὶ
3188 2709 3280 2762 τοῦ
3317 2709 3548 2779 μάλιστα
3578 2711 3772 2772 εἰδότος
3816 2712 3889 2767 τὰ

2220 2793 2358 2844 κατὰ
2411 2791 2711 2852 Ἰουδαίους.
2752 2790 2840 2841 Διὸ
2872 2790 2961 2842 καὶ
3008 2788 3143 2859 μετά
3196 2788 3395 2858 πολλῆς
3437 2789 3535 2857 τῆς
3570 2792 3886 2859 παρρησίας

2219 2870 2585 2937 ἀπολογεῖται,
2617 2868 2709 2920 ἆτε
2740 2868 2839 2919 οὐκ
2858 2867 3022 2919 ὄντων
3048 2867 3251 2936 κυρίων
3279 2866 3385 2917 τῶν
3414 2867 3889 2930 καταδικαζόντων

2217 2951 2410 3004 αὐτόν’
2446 2948 2525 3013 ὃς,
2566 2948 2764 3016 καίπερ
2813 2946 2912 2997 οὐκ
2956 2945 3122 2998 ὄντων
3167 2946 3390 3014 κυρίων,
3433 2945 3567 2998 ἀλλὰ
3613 2946 3709 3016 τῆς
3742 2949 3888 3002 ἀπο-

2219 3029 2434 3097 φάσεως
2490 3026 2701 3094 ὲκείνης
2751 3023 3071 3095 κρατούσης,
3119 3023 3200 3075 ὅτι
3243 3024 3399 3089 Πρὸς
3449 3027 3720 3091 Καίσαρα
3773 3042 3890 3082 πο-

2210 3110 2422 3177 ρεύσῃ,
2460 3107 2637 3159 δίδωσι
2662 3105 2815 3172 λόγον
2845 3105 3010 3173 ὅμως,
3039 3103 3132 3156 καὶ
3160 3102 3359 3164 πολλὰς
3381 3104 3477 3166 τὰς
3506 3106 3733 3167 εὐθύνας
3753 3107 3885 3178 περὶ

2219 3188 2465 3241 πάντων·
2514 3188 2575 3238 ού
2625 3187 2751 3253 περὶ
2777 3184 2883 3256 τῶν
2925 3183 3044 3252 μὲν,
3079 3183 3206 3252 περὶ
3239 3182 3345 3234 τῶν
3375 3183 3428 3235 δὲ
3467 3184 3549 3237 οὗ.
3580 3187 3892 3256 Μονονουχὶ

2217 3269 2275 3320 δὲ
2319 3266 2477 3319 τοῦτο
2510 3265 2652 3332 λέγει
2697 3265 2764 3317 δι’
2805 3255 2879 3315 ὧν
2911 3261 3298 3330 ἀποκρίνεται·
3334 3261 3483 3332 [592]
3529 3255 3892 3330 Ἑγκαλοῦσιν

2218 3349 2357 3417 ὑπὲρ
2401 3349 2662 3408 στάσεως,
2698 3343 3017 3411 ἐγκαλοῦσιν
3047 3342 3188 3411 ὑπὲρ
3225 3343 3509 3411 αἱρέσεως,
3551 3346 3646 3396 καὶ
3676 3345 3757 3396 ὅτι
3791 3346 3891 3398 τὸν

2217 3427 2342 3480 ναὸν
2380 3425 2717 3494 ὲόεϐήλωσαο
2768 3422 2896 3490 περὶ
2940 3422 3156 3474 πάντων
3186 3420 3584 3491 ἀπολογοῦμαιο
3620 3422 3738 3489 Τὴν
3762 3425 3892 3491 μὲν

2219 3501 2330 3559 οὖν
2355 3504 2579 3568 ,ϐίωσίν
2616 3518 2735 3570 μου
2774 3499 2888 3566 τὴν
2927 3501 2994 3552 ἐκ
3033 3501 3311 3564 νεότητος
3359 3499 3528 3552 ῖσασι
3573 3499 3793 3567 πάντες
3831 3506 3890 3558 οι

2232 3583 2532 3638 Ἰουδαῖοι·
2559 3581 2638 3633 ὅτι
2665 3581 2760 3649 μὲν
2783 3581 2841 3631 ού
2862 3577 2954 3630 τοῦ
2983 3581 3006 3630 ὲ
3015 3578 3114 3648 μού
3143 3579 3343 3648 τρόπου
3367 3580 3427 3631 τὸ
3448 3581 3659 3642 στάσεις
3680 3585 3888 3648 ποιεῖν,

2219 3662 2372 3716 αὐτοὶ
2397 3661 2669 3731 μάρτυρες
2700 3661 2746 3712 οἱ
2780 3658 3090 3729 κατήγοροι.
3125 3657 3192 3710 Ὀ
3219 3658 3311 3709 καὶ
3345 3657 3449 3727 πρὸ
3478 3657 3663 3711 τούτου
3689 3661 3846 3728 λέγει
3871 3678 3886 3692 ·

2220 3739 2502 3808 Ζηλωτὴς
2531 3738 2816 3806 ὑπάρχων
2839 3736 2955 3788 τῶν
2992 3733 3291 3803 πατρικῶν
3308 3753 3427 3803 μου
3463 3737 3887 3804 παραδόσεων,

2220 3820 2378 3872 τοῦτο
2401 3821 2493 3872 καὶ
2533 3816 2766 3870 ἐνταῦθα
2815 3815 3107 3868 αἰνίττεται
3141 3816 3229 3868 διὰ
3265 3816 3356 3868 τοῦ
3411 3818 3602 3882 εἰπεῖν,
3655 3817 3779 3885 Τὴν
3813 3821 3889 3876 ἐκ

2221 3898 2498 3964 νεότητός
2524 3913 2641 3964 μου
2677 3895 2916 3959 βίωσιν.
2947 3895 3055 3946 Καὶ
3085 3895 3172 3947 ὅτε
3202 3894 3319 3957 ὅλος
3347 3895 3374 3946 ό
3393 3905 3414 3932 ο
3445 3895 3614 3965 δῆμος
3658 3899 3848 3969 παρῆν
3871 3941 3887 3962 ,

2220 3978 2338 4030 τότε
2373 3976 2525 4028 καλεῖ
2556 3975 2733 4027 αὐτῶν
2759 3972 2856 4041 τὴν
2880 3974 3200 4044 μαρτυρίαν.
3236 3973 3349 4026 Οὐκ
3377 3973 3470 4026 ἐπὶ
3502 3973 3594 4027 τοῦ
3623 3975 3890 4048 δικαστη-

2225 4055 2336 4124 ρίου
2359 4055 2414 4108 δὲ
2435 4055 2527 4107 τοῦ
2559 4053 2757 4106 Λυσίου
2797 4051 2952 4106 τοῦτο
2993 4055 3134 4104 ποιεῖ
3166 4053 3344 4122 μόνον,
3373 4053 3507 4106 ἀλλά
3537 4056 3629 4107 καὶ
3661 4057 3751 4108 ἐπὶ
3788 4060 3890 4111 τοῦ

2218 4136 2466 4204 Φήστουο
2512 4133 2605 4186 καὶ
2650 4131 2855 4184 πάλινά
2904 4131 3166 4192 ινταύθα,
3216 4131 3302 4183 ὅτε
3337 4132 3552 4196 πλείους
3593 4135 3887 4203 παρῆσανο

2219 4216 2334 4267 ἐκεῖ
2374 4212 2431 4265 δὲ
2466 4213 2524 4265 ού
2559 4211 2758 4280 πολλῆς
2796 4210 3086 4277 ἀπολογίας
3118 4210 3243 4272 ἔδει,
3272 4212 3380 4263 τῷν
3409 4215 3752 4283 γραμμάτων
3784 4215 3890 4269 *τυῦ

2220 4293 2419 4344 Λυσίου
2467 4291 2732 4360 ἀφιέντων
2772 4289 2952 4342 αὐτόν.
2993 4290 3205 4350 ’ίσασι,
3258 4291 3409 4360 φησὶ,
3457 4290 3678 4357 πάντες
3732 4293 3891 4348 Ἰου-

2221 4369 2372 4423 δαῖοι
2399 4367 2906 4438 προγινώσκοντές
2935 4383 3009 4434 με
3040 4366 3284 4420 ἄνωθεν.
3321 4370 3430 4422 Καὶ
3461 4370 3520 4422 ού
3555 4370 3720 4438 λέγει,
3781 4391 3881 4426 πο-

2221 4450 2389 4512 ταπὸς
2421 4447 2582 4499 αὑτοῦ
2627 4449 2653 4499 ὸ
2687 4445 2818 4514 βίος,
2844 4445 2976 4496 ἁλλά
3016 4445 3237 4514 ἀφίησιν
3265 4447 3442 4500 αὐτῶν
3481 4449 3555 4517 τῷ
3595 4451 3886 4516 συνειδότι,

2223 4532 2314 4583 καὶ
2339 4529 2397 4581 τὸ
2441 4529 2548 4581 πᾶν
2587 4529 2642 4579 ὲν
2678 4528 2741 4596 τῇ
2783 4525 2986 4601 αἱρέσει
3026 4525 3223 4601 τίθησι,
3260 4527 3472 4590 δεικνὺς
3502 4530 3748 4582 ἐντεῦθεν
3778 4533 3889 4586 οὐκ

2225 4611 2289 4664 ἂν
2321 4609 2569 4676 ἑλόμενος
2595 4605 2782 4676 αὐτὴν,
2818 4600 2864 4656 εί
2897 4600 3218 4682 πονηῴςμῆν
3249 4605 3341 4656 καὶ
3375 4607 3660 4676 μοχθηρός,
3707 4610 3885 4682 ’Υπὲρ

2223 4687 2321 4756 τῆς
2359 4686 2618 4756 αἱρέσεως
2658 4682 2832 4736 τοίνυν
2860 4683 3081 4751 ταύτης,
3118 4679 3204 4755 ἧς,
3245 4685 3426 4753 φησὶν,
3453 4687 3657 4756 ἕστηκα
3693 4679 3879 4758 κρινὸξ

2225 4782 2404 4835 μενος.
2454 4764 2598 4834 Αὕτη
2632 4765 2722 4816 καὶ
2753 4766 2881 4834 παρ’
2913 4765 3096 4826 αὐτοῖς
3131 4764 3514 4831 πρεσὸεύεται,
3556 4767 3642 4820 διὰ
3674 4769 3888 4840 ταύτην

2222 4846 2468 4915 ηὔχοντο,
2512 4845 2598 4898 διὰ
2627 4845 2829 4914 ταύτην
2877 4843 3247 4911 λατρεύουσιν,
3284 4846 3366 4898 ἵνα
3399 4847 3601 4917 ταύτης
3640 4847 3881 4918 τύχωσι·

2223 4926 2422 4994 ταύτην
2466 4924 2574 4993 ἐγὼ
2609 4924 2976 4992 καταγγέλλω,
3008 4923 3102 4975 καὶ
3133 4925 3258 4994 περὶ
3289 4924 3386 4993 τῆς
3419 4926 3630 4989 ἐλπίδος
3675 4928 3885 4998 ταύτης

2224 5004 2574 5075 ἐγκαλοῦμαι.
2609 5005 2752 5073 ’Λρα
2786 5002 3124 5070 μαινομένων
3150 5003 3262 5054 ἐστὶ
3291 5004 3468 5058 πάντα
3496 5007 3592 5073 μὲν
3623 5007 3761 5074 ὑπὲρ
3785 5009 3884 5059 τού

2223 5087 2400 5152 τυχεῖν
2423 5083 2624 5152 ταύτης
2647 5084 2843 5144 ποιεῖν,
2870 5081 2957 5131 τὸν
2983 5081 3037 5132 δὲ
3055 5083 3133 5143 εἰς
3152 5082 3353 5152 ταύτην
3377 5084 3697 5136 πιστεύοντα
3721 5085 3884 5138 ὲλαύο

2223 5183 2351 5216 νειν.
2409 5162 2556 5231 Ἐγὼ
2592 5163 2706 5231 μὲν
2755 5157 2866 5214 οὖν
2911 5163 3087 5226 ἔδοξα
3138 5163 3368 5231 ἐμαυτῷ
3399 5165 3548 5231 πρὸς
3581 5163 3648 5215 τὸ
3692 5164 3884 5232 ὄνομα

2234 5243 2423 5308 Ἰησοῦ
2471 5240 2577 5293 τοῦ
2621 5239 2971 5306 Ναζωραίου,
3018 5243 3169 5311 φησὶ,
3217 5243 3344 5294 δεῖν
3391 5242 3588 5294 πολλὰ
3634 5233 3884 5296 ἐναντία

2221 5320 2456 5385 πρᾶξιιιο
2487 5320 2780 5383 τουτέστιν,
2817 5323 3042 5390 ’ἐκρινα
3067 5323 3235 5375 ταῦτα
3268 5324 3460 5386 ποιεῖν,
3489 5322 3567 5372 ὅτι
3607 5321 3704 5372 οὐκ
3731 5323 3883 5390 ἥμην

2221 5400 2325 5451 τῶν
2357 5401 2608 5472 μαθητῶν
2642 5399 2730 5451 τοῦ
2761 5402 3015 5469 Χριστοῦ,
3047 5402 3181 5455 ἀλλὰ
3206 5401 3309 5452 τῶν
3335 5398 3706 5469 πολεμούντων
3732 5401 3883 5469 αύτῷ

2222 5479 2481 5548 ὑπῆρχον.
2523 5481 2683 5531 Ὅθεν
2737 5497 2832 5532 και
2887 5481 3189 5543 ἀξιόπιστος
3233 5481 3436 5546 γίνεται
3473 5480 3700 5548 μάρτυς,
3735 5479 3816 5530 ὅτι
3857 5483 3883 5531 ὁ

2226 5559 2390 5626 μυρία
2415 5560 2598 5619 ποιῶν,
2625 5559 2715 5610 καὶ
2737 5559 2981 5628 πολεμῶν
3011 5561 3132 5622 τοὺς
3153 5559 3521 5619 πιστεύοντας,
3553 5558 3646 5610 καὶ
3677 5557 3884 5612 πείθων

2226 5636 2580 5706 βλασφημεῖν,
2609 5641 2700 5690 καὶ
2738 5641 2909 5690 πάντα
2941 5640 3119 5702 κινῶν,
3145 5639 3344 5701 πόλεις,
3370 5640 3651 5707 ἄρχοντας,
3687 5640 3778 5688 καὶ
3815 5639 3882 5689 δι’

2286 5737 2312 5774 δ
2443 5744 2604 5802 ἀφέσει
2631 5757 2769 5790 unus.
2843 5749 2862 5774 ο
2896 5745 3026 5793 l'nns
3061 5747 3278 5800 Ζηλωτὴς
3300 5746 3536 5805 ὕπάρςιζιινν,
3562 5745 3640 5788 καὶ
3671 5745 3749 5789 ὅτε
3774 5745 3884 5799 ὅλος

3196 5809 3258 5834 3—2
3288 5824 3368 5834 -1...
3407 5812 3504 5834 ξυμ,

2224 5805 2263 5847 ὁ.
2307 5804 2337 5906 ια
2360 5803 2480 5850 Tres
2507 5818 2640 5862 mss.,
2663 5805 2746 5850 οὐκ
2770 5808 2841 5851 ἐπὶ
2868 5806 2950 5853 τού
2975 5809 2998 5853 δ
3027 5827 3037 5864 ;
3062 5809 3161 5853 ἀλλ’
3189 5809 3260 5854 ἐπὶ
3288 5807 3368 5853 τού
3395 5803 3585 5851 λυαίου·
3619 5807 3694 5850 καὶ
3723 5807 3881 5865 πάλιν,

2228 5875 2298 5906 ma
2322 5874 2350 5906 e

2228 5874 2350 5909 male
