4072 6398
209 403 305 455 3M

206 516 494 587 persuasit,
526 528 578 567 ut
611 533 714 567 non
746 513 1037 568 differrem.
1083 510 1166 564 19.
1214 507 1383 571 Unde,
1429 520 1518 558 rex
1550 503 1796 574 Agrippa,

207 627 306 660 non
347 609 422 677 [ui
459 606 750 659 incredulus
775 605 960 658 ctvlcsti
990 602 1204 663 visioni;
1234 599 1324 652 ‘20.
1350 597 1440 651 sed
1466 596 1548 657 iis,
1578 597 1661 662 qui
1684 602 1801 646 sunt

204 698 454 750 Damasci
483 698 702 766 primum
727 707 772 749 et
792 694 1145 763 Jerosolymis,
1175 703 1224 744 et
1248 691 1300 742 in
1327 703 1523 743 omnem
1546 687 1800 756 regionem

201 789 426 854 ἐκάη-(ι’,
459 801 502 843 et
528 790 756 860 gentibus
796 786 1155 842 annuntiabam
1198 793 1254 837 ut
1299 781 1642 854 paenitentiam
1687 793 1800 848 age-

201 891 337 946 rrnt,
386 891 430 933 et
481 889 886 933 converterentur
929 878 995 928 ad
1049 875 1237 939 Deum,
1293 874 1448 944 digna
1495 869 1800 941 pwnitentiaz

200 988 361 1035 opera
393 972 653 1040 facientes.
702 969 802 1036 Qui
845 969 1002 1036 igitur
1040 967 1175 1020 alios
1203 965 1512 1021 erudiebam
1544 962 1684 1016 circa
1718 958 1795 1013 vi-

201 1071 308 1115 tam
361 1062 657 1131 optimam,
704 1059 972 1128 quomodo
1016 1056 1293 1112 seditionis
1343 1063 1397 1108 et
1437 1048 1795 1106 contentionis

196 1166 391 1210 auctor
429 1153 686 1208 fuissem?
712 1154 802 1205 2|.
835 1151 946 1203 llac
974 1165 1036 1204 ex
1061 1165 1214 1202 causa
1244 1163 1323 1201 me
1350 1145 1541 1208 Judaei,
1579 1160 1690 1197 cum
1717 1158 1794 1195 es-

193 1264 302 1300 sem
343 1249 396 1300 in
427 1247 631 1315 templo,
660 1244 1067 1313 comprehensum
1092 1241 1346 1294 tentabant
1373 1225 1672 1306 interﬁcere.
1698 1235 1788 1289 22.

198 1340 406 1394 Auxilio
438 1348 603 1391 autem
641 1338 845 1404 adjutus
889 1335 996 1398 Dei,
1045 1351 1200 1403 usque
1238 1333 1288 1385 in
1327 1332 1622 1384 hodiernum
1659 1318 1790 1382 diem

191 1442 291 1492 sto,
325 1429 603 1496 testiﬁcaris
644 1425 824 1479 minori
855 1434 1000 1494 atque
1038 1423 1244 1492 majori,
1273 1421 1401 1474 nihil
1430 1428 1570 1474 extra
1596 1419 1784 1484 dicens,

190 1541 346 1592 quam
391 1539 472 1586 ea,
505 1538 618 1591 qua:
657 1519 918 1588 propheta:
959 1517 1151 1586 loquuti
1192 1525 1308 1569 sunt
1351 1515 1526 1582 futura
1567 1528 1693 1576 esse,
1741 1520 1788 1564 et

191 1615 425 1684 Moyses,
452 1613 541 1667 23.
576 1613 620 1664 si
651 1627 894 1678 passurus
921 1607 1168 1670 Christus,
1218 1606 1260 1658 si
1300 1606 1494 1675 primus
1521 1619 1584 1656 ex
1609 1619 1782 1655 resur—

185 1708 411 1759 rectione
438 1714 749 1757 mortuorum
783 1703 949 1755 lumen
986 1701 1379 1753 annuntiaturus
1407 1705 1478 1750 est
1523 1694 1711 1765 populo
1738 1706 1784 1747 et

183 1798 440 1868 gentibus.
486 1795 636 1860 Vide,
680 1804 737 1848 ut
774 1807 953 1848 sermo
983 1792 1097 1861 ejus
1138 1791 1447 1844 adulatione
1486 1797 1685 1850 careat,
1729 1798 1784 1842 et

187 1898 360 1943 totum
393 1887 664 1942 adscribat
689 1885 821 1958 Deo.
855 1884 985 1937 Vide
1012 1881 1295 1937 etdiccudi
1327 1881 1648 1943 libertatem,
1676 1878 1781 1932 Sed

183 1998 348 2050 neque
371 1996 506 2032 nunc
534 1978 758 2040 desisto;
791 1975 1094 2029 ﬁrmitatem
1127 1991 1139 2025 :
1175 1975 1214 2026 Α
1260 1973 1538 2042 prophetis
1576 1971 1777 2024 contir-

179 2089 323 2138 mor,
358 2075 438 2125 An
467 2087 708 2140 passurus
738 2069 888 2138 fuerit
916 2067 1164 2133 Christus,
1199 2081 1265 2118 an
1304 2065 1497 2135 primus
1523 2080 1585 2116 ex
1609 2079 1777 2116 resur-

176 2166 403 2217 rectione
431 2172 743 2214 mortuorum
779 2160 945 2212 lumen
986 2159 1047 2212 sit
1076 2158 1507 2219 annuntiaturus;
1536 2172 1598 2208 ac
1627 2156 1668 2208 si
1693 2155 1775 2208 di-

173 2265 366 2309 ceret:
405 2253 636 2308 Christus
683 2252 876 2320 primus
923 2265 1225 2318 resurgens,
1266 2248 1382 2316 jam
1423 2263 1523 2300 non
1563 2249 1775 2300 moritur

173 2345 337 2415 (Rom
384 2346 437 2398 6.
463 2344 537 2413 9).
563 2342 896 2396 Manifestum
920 2349 1002 2394 est
1029 2355 1092 2394 ex
1121 2355 1207 2404 eo,
1234 2338 1375 2407 quod
1399 2338 1647 2392 omnibus
1671 2337 1771 2391 hoc

171 2437 474 2494 denuntiet.
527 2444 580 2488 et
622 2435 673 2487 in
716 2431 1018 2501 semetipsis
1061 2439 1392 2500 exspectent.
1439 2429 1640 2484 Deinde
1672 2430 1770 2484 Fe-

169 2539 309 2592 stus,
347 2541 400 2580 ut
439 2525 691 2596 loquendi
725 2525 1022 2578 libertatem
1050 2522 1201 2585 vidit,
1231 2538 1333 2592 qua
1363 2524 1473 2592 regi
1513 2523 1766 2593 loqueba-

169 2631 279 2686 tur,
321 2637 430 2673 non
473 2629 721 2672 avertens
750 2632 809 2671 se
833 2617 898 2669 ab
936 2625 1152 2684 aspectu
1199 2615 1335 2683 ejus,
1377 2630 1438 2670 ac
1479 2616 1522 2668 si
1568 2616 1765 2683 aliquid

169 2721 468 2780 pateretur,
502 2710 666 2762 dicit:
695 2707 922 2769 Insanis,
959 2705 1139 2760 Paule.
1178 2706 1327 2772 Quod
1353 2715 1529 2760 autem
1567 2707 1762 2775 aliquid

167 2819 362 2869 passus
388 2801 488 2854 hoc
518 2800 679 2864 dicat,
713 2799 837 2852 audi
868 2799 1146 2867 sequentia
1179 2815 1190 2849 :
1219 2798 1306 2852 24.
1340 2797 1466 2851 Ηωε
1487 2808 1653 2851 autem
1676 2799 1764 2851 illo

164 2895 461 2954 disserente,
509 2890 690 2944 Festus
720 2905 902 2956 magna
933 2904 1049 2941 voce
1077 2886 1206 2941 dixit
1240 2903 1258 2940 :
1297 2885 1522 2952 Insanis,
1561 2885 1762 2952 Paule;

163 2983 343 3036 multa!
379 2984 540 3036 literas
583 2991 630 3034 te
663 2981 732 3032 ad
761 2980 1013 3032 insaniam
1058 2987 1373 3032 convertunt.
1417 2978 1553 3044 Quid
1603 2978 1763 3047 igitur

163 3071 408 3126 Paulus?
439 3070 569 3124 Cum
596 3068 1005 3124 mansuetudine
1031 3067 1363 3136 respondens
1384 3069 1459 3120 ait
1488 3086 1500 3120 :
1528 3067 1618 3122 25.
1645 3067 1759 3120 Non

161 3164 386 3224 insanio,
417 3162 603 3228 optime.
633 3159 821 3222 Feste;
851 3160 939 3213 sed
967 3159 1191 3212 veritatis
1221 3168 1267 3211 et
1296 3157 1585 3211 sobrietatis
1612 3159 1759 3211 verba

161 3254 362 3320 loquor.
401 3253 588 3306 Postea
616 3253 776 3305 etiam
810 3264 1025 3303 causam
1051 3249 1232 3314 docet,
1263 3259 1484 3317 propter
1510 3264 1668 3317 quam
1692 3250 1756 3303 ad

160 3363 344 3417 regem
375 3360 684 3400 sermonem
728 3351 1063 3397 converteret
1092 3360 1104 3395 :
1137 3341 1227 3395 26.
1271 3342 1383 3395 Scit
1418 3343 1550 3395 enim
1581 3342 1643 3394 de
1682 3344 1759 3396 his

157 3455 269 3503 rex,
301 3438 371 3489 ad
397 3454 541 3506 quem
569 3445 614 3488 et
646 3444 929 3488 constanter
956 3435 1133 3502 loquor
1160 3448 1178 3485 :
1203 3434 1359 3486 latere
1385 3432 1516 3485 enim
1541 3448 1651 3484 eum
1680 3434 1758 3485 ni-

158 3531 230 3582 liit
259 3530 449 3580 horum
476 3526 694 3579 arbitror
723 3542 739 3578 :
764 3543 861 3578 non
885 3535 955 3579 est
976 3527 1109 3577 enim
1131 3525 1181 3576 in
1210 3525 1400 3594 angulo
1423 3525 1517 3577 hoc
1538 3535 1752 3595 gestant.

152 3621 244 3673 9.7.
281 3618 482 3680 Credis,
516 3633 606 3670 rea:
636 3618 880 3686 Agrippa,
919 3615 1218 3685 prophetis?
1256 3616 1375 3668 Scio
1405 3617 1539 3684 quod
1570 3617 1750 3669 credis.

157 3713 268 3764 lloe
301 3712 370 3763 ita
410 3708 571 3772 dixit,
605 3708 754 3776 quasi
790 3707 1071 3763 traducens
1101 3706 1218 3759 illos
1265 3713 1318 3759 et
1356 3705 1542 3759 dicens
1569 3725 1579 3758 :
1606 3705 1750 3772 Seio,

153 3802 300 3870 quod
329 3801 511 3854 omnia
541 3810 788 3855 accurate
814 3801 945 3853 sciat
974 3817 985 3852 :
1014 3809 1067 3853 et
1087 3799 1371 3867 Oportebat
1403 3797 1620 3867 quidem
1659 3813 1753 3851 vos

157 3898 274 3948 lucc
297 3893 442 3947 scire
476 3892 678 3960 primos
708 3890 780 3959 (id
814 3891 953 3943 enim
983 3890 1257 3958 sequentia
1289 3889 1563 3942 declarant
1590 3905 1604 3944 ;
1632 3888 1753 3941 Non

153 3995 228 4038 est
255 3986 355 4037 hoc
385 3985 439 4035 in
471 3983 659 4052 angulo
688 3983 897 4049 gestam)
929 3996 941 4043 ;
975 3980 1068 4034 sed
1113 3979 1376 4033 uoluistis.
1421 3978 1618 4042 Credis,
1664 3997 1754 4032 rex

161 4078 413 4145 Agrippa,
451 4072 754 4142 pmphetis?
794 4072 934 4135 Scio,
978 4071 1113 4140 quod
1155 4072 1336 4125 credis.
1379 4070 1470 4125 28.
1525 4069 1752 4140 Agrippa

153 4179 324 4221 autent
359 4167 427 4217 ad
475 4163 693 4216 Paulum
736 4162 864 4215 dixit
899 4161 1009 4214 :In
1039 4162 1238 4215 modico
1280 4162 1464 4215 suades
1491 4178 1569 4213 me
1598 4160 1749 4214 Citri-

152 4262 376 4314 stianunt
404 4258 537 4325 ﬁeri.
577 4255 665 4311 9.9.
703 4254 764 4308 Et
800 4254 991 4308 Paulus
1025 4271 1040 4306 :
1073 4254 1205 4323 Opto
1248 4253 1387 4322 apud
1432 4253 1591 4307 Deum
1622 4263 1667 4305 et
1697 4253 1750 4305 in

152 4352 355 4404 niodico
380 4360 426 4402 et
453 4350 503 4401 in
535 4364 736 4417 magno,
773 4363 872 4399 non
900 4356 1092 4399 tantum
1133 4357 1198 4410 te,
1236 4345 1324 4398 sed
1358 4346 1510 4398 etiam
1554 4361 1746 4410 onmes,

151 4444 237 4514 qui
266 4441 485 4495 audiunt
511 4458 607 4504 me,
633 4439 779 4492 hodie
805 4439 914 4505 ﬁeri
940 4437 1084 4500 tales,
1114 4437 1278 4506 qualis
1304 4447 1352 4489 et
1380 4453 1470 4505 ego
1495 4453 1626 4500 sum,
1655 4452 1748 4489 ea:-

152 4533 312 4601 ceptis
342 4530 556 4583 vinculis
592 4529 690 4581 his.
733 4528 859 4580 Vide
902 4528 1172 4596 quomodo
1216 4537 1481 4594 precatur,
1516 4526 1698 4580 dicens
1732 4543 1744 4579 :

154 4624 291 4689 Opto
319 4621 461 4691 apud
483 4620 644 4672 Deum
666 4619 717 4671 in
743 4619 974 4683 modico;
996 4618 1097 4672 hoc
1121 4627 1222 4680 est,
1249 4627 1306 4671 ut
1334 4633 1398 4670 ne
1423 4633 1606 4685 parum
1630 4618 1747 4686 qui-

155 4714 275 4769 dem
306 4711 465 4766 absit.
500 4711 564 4765 Et
601 4727 705 4764 non
737 4710 907 4763 solum
940 4720 1078 4774 orat,
1127 4710 1216 4764 sed
1252 4709 1539 4764 ferventer.
1571 4708 1742 4773 Tales,

155 4806 350 4874 inquit,
382 4803 495 4870 ﬁeri
521 4818 711 4865 omnes,
751 4817 855 4853 non
897 4801 1054 4853 modo
1097 4810 1166 4865 te,
1209 4801 1302 4853 scd
1343 4816 1550 4866 omnes,
1583 4801 1747 4868 qualis

152 4913 266 4952 sum
294 4913 406 4966 ego.
451 4895 650 4950 Deinde
693 4895 786 4959 ait,
821 4893 1056 4962 Exceptis
1093 4894 1305 4947 vinculis
1334 4894 1411 4946 his
1439 4910 1457 4946 :
1486 4909 1590 4947 non
1632 4909 1747 4948 mo-

155 4992 291 5044 leste
330 4986 510 5041 ferens
537 4985 768 5051 vincula,
814 5001 984 5054 neque
1019 4985 1340 5040 erubescens
1372 4984 1512 5054 quod
1556 4986 1746 5054 ligatus

155 5092 302 5138 esset
328 5082 458 5149 (hoc
488 5083 626 5133 enim
657 5080 773 5148 ipsi,
809 5081 851 5134 si
891 5082 1016 5149 quid
1055 5081 1217 5144 aliud,
1250 5081 1540 5149 gloriosum
1571 5082 1743 5150 erat);

155 5174 248 5228 sed
281 5173 344 5226 ad
381 5172 592 5226 illorum
640 5171 943 5241 opinionem
987 5173 1294 5240 respiciens,
1332 5173 1399 5225 ita
1434 5172 1587 5225 dixit.
1623 5172 1747 5226 Ideo

158 5262 380 5327 addidit,
421 5261 660 5328 Exceptis
691 5262 899 5314 vinculis
940 5264 1036 5315 his.
1071 5262 1174 5316 Sed
1211 5263 1455 5330 superius
1495 5263 1626 5316 lecta
1661 5278 1745 5316 re-

159 5363 424 5423 petamus.
455 5352 670 5407 Postera
709 5370 826 5422 ergo
867 5355 965 5417 die,
1009 5364 1062 5406 ut
1097 5355 1147 5405 in
1187 5353 1494 5406 auditorium
1537 5355 1748 5424 ingressi

159 5454 294 5508 sunt,
337 5444 541 5511 iubente
581 5443 732 5497 Festo
767 5444 1019 5499 adductus
1052 5455 1118 5495 est
1167 5445 1382 5498 Paulus.
1427 5446 1747 5499 Destiterant

157 5539 262 5607 jam
307 5537 502 5603 Judaii,
544 5553 608 5591 eo
658 5537 798 5606 quod
845 5538 932 5591 ille
973 5538 1312 5605 appellasset,
1363 5548 1417 5592 et
1467 5547 1590 5591 tunc
1645 5538 1742 5606 ipsi

161 5628 498 5698 splendidum
528 5628 681 5681 adest
711 5627 972 5682 theatrum
1005 5647 1015 5680 ε
1047 5646 1165 5684 cum
1210 5631 1378 5683 multo
1407 5632 1547 5683 enim
1585 5647 1746 5698 appa-

164 5730 277 5774 ratu
315 5736 402 5773 rex
443 5728 497 5774 et
538 5721 716 5772 omnis
744 5721 1022 5775 n’iultitudo
1062 5721 1369 5775 Juduiurum
1412 5722 1694 5776 adfuerunt
1731 5741 1742 5776 :

169 5826 264 5866 non
305 5811 398 5865 alii
427 5811 687 5878 aderant,
744 5810 830 5864 alii
868 5816 1209 5875 aberant,sed
1239 5842 1245 5856 ι
1273 5835 1415 5872 mnes
1452 5829 1746 5886 piwsenzes

1174 393 1236 446 IN
1280 388 1459 446 ACTA
1503 383 2027 440 Al‘OS'I'OLOilUM.
2072 385 2300 442 HOMIL.
2337 385 2436 441 Lll.

3408 388 3514 442 362

1913 507 2086 553 erant.
2112 499 2390 554 Multitudo
2405 498 2730 564 Judworum,
2752 501 2942 570 inquit,
2962 501 3293 571 interpellauit
3316 518 3394 555 me
3412 502 3444 554 J
3453 520 3478 556 e
3492 534 3515 547 -

1907 593 2174 662 rosolymis
2189 601 2234 645 et
2253 593 2356 657 hic,
2368 592 2645 646 clamantes
2659 609 2757 646 non
2775 603 3006 660 oportere
3017 593 3151 646 hunc
3167 594 3301 646 ultra
3319 594 3504 648 vivere.

1979 683 2029 736 5.
2061 682 2190 738 Vide
2217 683 2478 737 insaniam
2509 697 2524 736 :
2557 684 2880 747 clamabant,
2912 694 3163 754 Oportere
3187 686 3334 739 illum
3365 688 3500 740 mori

1907 771 2163 827 dicentes.
2198 773 2332 828 Hinc
2370 774 2605 829 ostendit
2641 775 2843 843 sejure
2872 775 3140 829 (Imsarem
3175 777 3498 845 appellasse.

1905 862 1959 916 Si
1986 867 2129 918 enim
2162 866 2293 919 nihil
2316 883 2481 936 grave
2511 867 2798 922 dicendum
2829 868 3117 932 habebant,
3149 869 3329 938 illique
3358 869 3501 922 fure-

1903 952 2051 1018 baut,
2076 954 2196 1023 jure
2217 957 2282 1011 ad
2314 957 2464 1011 illum
2490 959 2656 1012 venit.
2695 957 2762 1012 Ut
2784 959 3176 1029 interrogatione
3203 976 3234 1011 a
3263 960 3394 1012 vobis
3428 959 3501 1023 fa-

1901 1055 1980 1098 cta
2006 1047 2216 1101 habeam
2233 1051 2369 1118 quod
2383 1052 2620 1117 scribam,
2652 1053 2840 1120 inquit.
2876 1052 3039 1108 Vides
3065 1054 3335 1123 quomodo
3353 1068 3498 1123 smpe

1899 1150 2056 1191 causa
2104 1141 2496 1196 examinator?
2547 1145 2613 1198 Et
2659 1144 2990 1200 defensionis
3044 1145 3204 1214 hujus
3247 1157 3494 1200 auctores

1897 1240 2020 1283 sunt
2065 1231 2259 1299 Judaei,
2293 1250 2450 1302 quam
2493 1238 2756 1306 cognituri
2805 1247 2960 1292 erant
2999 1239 3158 1292 etiam
3205 1241 3293 1308 qui
3341 1247 3496 1293 erant

1898 1318 2102 1376 Romte.
2130 1323 2300 1393 Super
2320 1328 2573 1394 onmibus,
2595 1328 2656 1381 de
2671 1329 2850 1398 quibus
2871 1347 3101 1397 accusor,
3127 1348 3216 1384 rex
3241 1333 3490 1401 Agrippa,

1894 1412 2140 1479 existimo,
2169 1415 2358 1486 inquit,
2384 1435 2462 1472 me
2485 1420 2702 1486 beatum,
2731 1423 2816 1491 qui
2836 1440 3004 1477 coram
3035 1433 3082 1475 te
3103 1424 3347 1477 rationem
3374 1425 3489 1477 red-

1893 1503 2090 1558 diturus
2113 1523 2247 1560 sum.
2282 1508 2412 1564 Vide
2442 1512 2711 1580 quomodo
2742 1515 2824 1568 vel
2853 1515 2998 1568 inviti
3026 1524 3079 1569 et
3105 1517 3356 1584 nequitiac
3377 1531 3489 1570 sua:

1891 1604 1944 1648 et
1984 1598 2196 1653 virtutis
2241 1599 2392 1655 Pauli
2430 1611 2592 1658 testes
2625 1603 2757 1658 liunt
2793 1605 2953 1658 etiam
2997 1605 3137 1673 apud
3179 1621 3381 1675 regem,
3416 1607 3487 1659 ita

1891 1697 1944 1741 ut
1967 1690 2397 1758 magnificentius
2419 1694 2778 1749 abduceretur
2795 1696 3010 1760 Paulus,
3034 1712 3193 1765 quam
3217 1698 3259 1751 si
3282 1697 3488 1766 absque

1889 1781 2115 1835 vinculis
2146 1783 2384 1838 abiisset.
2420 1784 2538 1840 Non
2569 1785 2711 1840 enim
2740 1787 2876 1842 ultra
2909 1798 2964 1840 ut
2991 1788 3244 1856 deceptor
3265 1799 3319 1842 et
3351 1805 3487 1858 pra:-

1885 1871 2128 1940 stigiator
2152 1890 2181 1927 a
2212 1883 2288 1928 tot
2314 1875 2582 1942 iudicibus
2605 1877 2858 1933 dimissus
2883 1879 3270 1934 abducebatur.
3300 1881 3486 1935 Omni-

1885 1960 1982 2014 hus
2009 1977 2136 2031 ergo
2167 1965 2386 2030 relictis,
2423 1967 2562 2035 apud
2605 1983 2739 2037 quos
2770 1978 2920 2023 natus
2961 1969 3324 2040 educatusque
3365 1972 3483 2027 fue-

1883 2061 1983 2115 rat,
2016 2069 2120 2107 non
2154 2065 2460 2126 utcumque,
2483 2059 2576 2114 sed
2595 2060 2739 2113 onmi
2760 2062 3066 2130 suspicione
3091 2062 3228 2117 liber
3254 2063 3480 2118 Romam

1883 2143 2092 2212 migrat.
2127 2145 2311 2215 Neque
2337 2148 2473 2203 dixit
2504 2168 2516 2202 :
2549 2151 2689 2218 Quid
2728 2152 2827 2205 hoc
2859 2153 2986 2207 est?
3014 2154 3183 2208 semel
3211 2155 3479 2224 appellavi

1880 2232 2166 2301 Ctesarem,
2227 2239 2418 2294 millies
2459 2242 2734 2310 judicatus
2783 2258 2902 2298 sum
2954 2262 2966 2298 :
3015 2248 3330 2316 usquequo?
3383 2249 3478 2302 sed

1877 2327 2048 2394 quid?
2095 2329 2288 2384 lterum
2331 2343 2548 2402 paratus
2593 2346 2710 2390 erat
2753 2337 2983 2392 reddere
3029 2340 3291 2394 rationem
3335 2341 3477 2409 apud

1877 2433 2020 2485 eum,
2052 2422 2142 2489 qui
2189 2438 2276 2478 res
2319 2424 2572 2480 Judaicas
2618 2429 2849 2482 maxime
2894 2439 3098 2484 nosset.
3133 2431 3311 2496 Quare
3349 2447 3473 2486 cum

1876 2526 2066 2581 magna
2112 2513 2358 2571 libertate
2390 2534 2508 2571 sese
2538 2518 2797 2583 defendit,
2847 2524 2970 2591 quia
3020 2523 3078 2589 ii,
3115 2525 3204 2592 qui
3245 2539 3306 2579 se
3345 2539 3476 2579 con-

1873 2604 2220 2673 demnabant,
2252 2609 2450 2664 nullam
2469 2611 2577 2679 jam
2605 2613 2870 2667 habebant
2898 2614 3292 2670 auctoritatem.
3322 2616 3475 2672 Licet

1873 2706 2052 2752 autem
2081 2699 2211 2753 nihil
2240 2711 2477 2770 possent,
2505 2711 2560 2756 et
2578 2705 2845 2758 sententia
2870 2705 2978 2768 illa,
3003 2721 3106 2776 qua
3134 2707 3333 2761 dictum
3357 2707 3475 2764 fue-

1872 2795 1972 2853 rat,
2004 2787 2086 2840 Ad
2112 2788 2364 2843 (λειανέω
2397 2785 2510 2854 ibis,
2543 2802 2772 2859 teneret,
2799 2802 3036 2849 attamen
3065 2795 3158 2850 dat
3180 2797 3268 2851 ille
3295 2801 3468 2852 ratio-

1871 2893 1992 2932 nem
2021 2879 2369 2949 multiplicem
2397 2882 2463 2935 de
2504 2884 2773 2948 onmihus,
2808 2899 2907 2938 nec
2932 2885 3000 2941 de
3028 2887 3348 2956 quibusdam
3381 2906 3471 2944 s0-

1870 2969 2001 3024 lum.
2032 2971 2099 3024 Et
2129 2974 2479 3042 responsione
2507 2990 2600 3029 sua
2625 2976 2741 3032 hinc
2766 2977 2877 3032 fere
2902 2978 3033 3033 dicit
3062 2996 3076 3032 :
3107 2981 3377 3035 Accusant
3406 2984 3470 3037 de

1867 3061 2153 3128 seditione,
2185 3076 2440 3119 accusant
2470 3066 2538 3121 de
2569 3068 2759 3122 haeresi
2802 3079 2857 3124 et
2889 3071 3030 3139 qttod
3065 3074 3322 3140 templum
3355 3077 3470 3128 vio-

1868 3149 2087 3206 laverim
2121 3170 2134 3205 :
2165 3153 2231 3208 de
2263 3157 2513 3212 omnibus
2541 3158 2804 3213 rationem
2850 3161 3058 3215 reddo:
3100 3161 3265 3217 Vitam
3304 3183 3470 3221 meam

1865 3259 1895 3293 a
1916 3245 2182 3313 juventute
2211 3246 2372 3300 sciunt
2395 3265 2566 3302 omnes
2590 3249 2763 3303 .ludan'
2791 3268 2808 3304 :
2837 3252 2980 3320 quod
3009 3267 3036 3306 a
3071 3255 3308 3309 moribus
3332 3259 3468 3313 meis

1864 3336 2153 3390 abhorreat
2181 3339 2472 3393 seditiones
2504 3341 2762 3404 excitare,
2796 3352 3139 3399 accusatores
3166 3347 3266 3415 ipsi
3302 3356 3466 3405 testes

1863 3433 2006 3480 sunt.
2041 3427 2193 3494 Quod
2221 3429 2381 3483 etiam
2422 3439 2576 3484 antea
2622 3431 2775 3496 dixit,
2808 3431 3109 3487 Aimulator
3138 3446 3467 3504 paternarum

1866 3535 2090 3571 mearum
2131 3522 2482 3586 traditionum,
2534 3522 2582 3576 id
2613 3531 2664 3576 et
2705 3522 2805 3578 hoc
2838 3523 2958 3578 loco
2996 3526 3336 3582 subindieat:
3379 3531 3468 3586 Vi-

1863 3610 2056 3661 tamab
2105 3611 2448 3663 adolescentia
2492 3629 2621 3665 mea.
2675 3613 2740 3667 Et
2789 3615 3008 3683 quando
3049 3619 3276 3685 populus
3321 3629 3466 3678 totus

1861 3699 2067 3762 aderat,
2103 3708 2227 3753 tunc
2256 3701 2466 3754 illorum
2498 3701 2728 3756 advocat
2761 3705 3147 3759 testimonium.
3173 3708 3356 3780 Neque
3374 3727 3464 3767 so-

1862 3789 1966 3841 lum
1994 3789 2059 3842 ad
2086 3790 2257 3861 Lysia:
2287 3791 2518 3844 tribunal
2549 3793 2650 3846 hoc
2673 3792 2820 3859 fecit,
2851 3796 3010 3850 etiam
3035 3799 3174 3867 apud
3201 3800 3417 3856 Festum
3445 3827 3457 3857 :

1859 3889 1912 3934 et
1940 3896 2125 3936 rursus
2170 3882 2276 3946 hic,
2309 3897 2431 3936 cum
2477 3883 2657 3952 plures
2687 3886 2931 3940 aderant.
2969 3889 3082 3943 Illic
3127 3902 3308 3947 autem
3352 3911 3458 3950 non

1860 3975 2024 4027 multa
2054 3975 2370 4029 defensione
2400 3990 2536 4043 opus
2565 3985 2699 4039 erat,
2729 3991 2850 4031 cum
2881 3978 3052 4033 literae
3080 3981 3254 4053 Lysqu
3284 3985 3456 4054 ipsum

1859 4066 2210 4120 dimitterent.
2244 4066 2425 4120 Sciunt
2453 4082 2624 4120 onmes
2653 4065 2846 4133 Judwi,
2877 4070 3066 4139 inquit,
3096 4075 3311 4142 qaijam
3337 4077 3460 4130 olim

1859 4177 1937 4213 me
1962 4170 2226 4212 noverunt.
2269 4160 2335 4213 Et
2371 4173 2476 4212 non
2504 4159 2662 4224 dixit,
2691 4161 2861 4229 qualis
2891 4177 2984 4216 sua
3015 4165 3156 4229 vita;
3205 4167 3302 4221 sed
3339 4169 3460 4223 iilu-

1860 4269 1975 4306 rum
1999 4253 2345 4305 conscientiae
2376 4251 2650 4321 relinquit.
2695 4263 2749 4308 et
2791 4263 2958 4309 totum
2993 4257 3044 4310 in
3077 4268 3278 4313 sectam
3327 4264 3456 4331 reji-

1856 4350 1927 4401 cit
1959 4368 1971 4401 :
2004 4348 2125 4400 hinc
2152 4347 2442 4400 ostendens
2486 4361 2546 4400 se
2575 4361 2681 4399 non
2712 4348 2857 4400 illam
2889 4349 3223 4405 delectarum
3268 4355 3451 4422 fuisse,

1856 4442 1897 4493 si
1928 4441 2097 4493 malus
2120 4438 2309 4493 fuisset
2333 4447 2386 4492 et
2409 4437 2701 4507 improbus.
2733 4439 2835 4493 Pro
2865 4451 3008 4494 secta
3043 4443 3203 4511 igitur
3225 4443 3343 4508 hac,
3373 4449 3458 4500 iu-

1853 4533 1988 4602 quit,
2015 4530 2365 4601 stojudicium
2395 4529 2633 4583 subiens.
2654 4529 2777 4584 llaec
2803 4532 2869 4585 ab
2897 4532 3002 4587 illis
3025 4550 3239 4603 quoque
3265 4536 3454 4590 defen-

1854 4623 2018 4689 ditur,
2037 4633 2252 4692 propter
2274 4621 2411 4675 hanc
2434 4629 2740 4689 precantur,
2763 4633 2981 4691 pr0ptcr
3001 4623 3140 4677 hanc
3173 4625 3337 4679 Deum
3359 4643 3450 4680 en-

1855 4718 1989 4781 ιιιηι,
2022 4729 2078 4769 ut
2101 4717 2235 4770 hanc
2252 4721 2649 4783 consequantur
2681 4732 2693 4767 :
2728 4713 2868 4768 hanc
2898 4731 2996 4784 ego
3023 4719 3286 4772 annuntio
3305 4729 3358 4774 et
3384 4720 3451 4775 de

1857 4809 1953 4863 hac
1965 4824 2060 4877 spe
2076 4823 2316 4862 accusor.
2330 4806 2860 4876 Ergoinsanicntium
2876 4817 2978 4869 est,
2996 4809 3174 4861 oinnia
3191 4809 3366 4864 facere
3384 4812 3450 4864 ad

1857 4901 1998 4953 illam
2019 4895 2432 4968 assequendam,
2447 4905 2501 4949 et
2517 4912 2636 4950 eum
2655 4895 2743 4964 qui
2763 4896 2814 4948 in
2834 4895 2976 4948 illam
2991 4897 3161 4951 credit
3182 4902 3451 4969 persequi.

1858 4991 1991 5042 Mihi
2011 4999 2179 5041 autem
2195 4988 2356 5040 visum
2383 4997 2473 5051 est,
2500 4987 2692 5055 inquit,
2716 4986 2953 5040 adversus
2980 5003 3162 5039 nomen
3182 4989 3308 5043 Jesu
3333 4990 3446 5043 Na-

1856 5082 2030 5134 zareni
2053 5092 2282 5150 oportere
2301 5080 2471 5132 omnia
2493 5079 2750 5131 contraria
2779 5082 2945 5149 facere
2966 5095 2984 5142 ;
3014 5079 3062 5132 id
3081 5088 3183 5142 est,
3205 5081 3449 5137 Judicavi

1859 5178 1971 5226 lucc
1993 5171 2231 5226 facienda
2255 5186 2395 5236 esse,
2414 5172 2533 5239 quia
2556 5185 2660 5223 non
2680 5185 2825 5224 cram
2845 5185 2914 5224 cx
2930 5170 3207 5240 discipulis
3226 5172 3449 5239 Christi,

1857 5267 1949 5320 sed
1981 5282 2043 5320 ex
2079 5264 2516 5334 impugnantibus
2559 5280 2702 5317 cum.
2754 5262 2879 5318 Ideo
2921 5263 3024 5318 tide
3064 5265 3257 5334 dignus
3303 5269 3454 5322 Iesus

1857 5369 1960 5419 est,
1993 5357 2114 5424 quia
2144 5356 2270 5409 dum
2302 5355 2469 5408 millia
2500 5353 2718 5419 faceret,
2769 5364 2827 5407 ut
2865 5353 3052 5408 ﬁdeles
3094 5357 3450 5426 impugnaret.

1857 5449 1981 5502 dum
2015 5448 2387 5517 blasphemarc
2416 5447 2690 5512 suaderet,
2721 5446 3006 5516 omniaque
3031 5461 3292 5515 moveret,
3318 5453 3455 5504 civi-

1859 5553 2014 5606 tates,
2045 5541 2333 5610 pnncipes,
2369 5551 2421 5594 et
2453 5554 2549 5607 per
2579 5539 2810 5608 seipsum
2844 5537 2958 5592 huic
2986 5538 3206 5605 faceret,
3252 5544 3329 5598 sic
3358 5544 3454 5599 de-

1860 5641 2078 5699 repente
2109 5641 2341 5684 mmatus
2363 5640 2463 5683 est.
2495 5630 2695 5684 Deinde
2724 5646 2935 5684 rursum
2963 5640 3145 5694 testes,
3179 5635 3266 5701 qui
3297 5637 3452 5692 simul

1861 5725 2082 5778 aderant
2117 5744 2130 5778 :
2159 5724 2354 5777 deinde
2385 5723 2619 5777 ostendit
2661 5739 2717 5777 se
2742 5724 2862 5793 jure
2893 5725 3207 5787 credidisse,
3251 5744 3278 5780 a
3313 5728 3450 5793 lucc,

1862 5834 1885 5868 ξι
1917 5816 2210 5886 prophetis,
2262 5817 2326 5870 ab
2359 5816 2659 5882 eventibus,
2705 5826 2760 5872 et
2806 5817 2871 5872 ab
2902 5819 2966 5871 iis
2994 5832 3112 5887 quae
3149 5834 3287 5873 nunc
3321 5819 3452 5872 ficta
