4072 6410
650 394 752 450 δίδ

1379 392 1435 451 5.
1474 391 1744 451 JOANNIS
1781 386 2249 453 CIIRYSOSTOMI
2287 385 2601 451 ARClllEP.
2642 389 3168 450 CONSTANTINOP.

3805 396 3912 452 θοι

645 520 772 567 sunt
801 529 815 565 :
847 510 1025 565 subdit
1059 511 1202 567 enim
1236 529 1248 565 :
1284 508 1453 565 Media
1499 507 1579 561 die
1607 508 1659 560 in
1686 507 1787 571 uio,
1833 517 1878 561 et
1920 504 2024 558 ridi
2064 503 2223 558 lucem
2328 500 2468 555 bono
2489 515 2655 570 Opere
2679 544 2692 567 ,
2725 503 2956 574 aliquam
2984 505 3404 560 consolationem
3426 505 3729 573 habuisset;
3762 523 3911 563 nunc

644 620 727 655 nte
756 603 1241 673 circumfttlgentem,
1272 612 1319 656 et
1361 617 1461 665 eos,
1510 600 1595 669 qui
1640 615 1833 653 mecum
1884 598 2041 652 ibant.
2092 596 2223 650 Vide
2326 601 2505 646 autem
2537 603 2593 646 ut
2625 594 2969 663 malefactor,
2997 606 3051 651 et
3076 597 3226 667 quasi
3265 596 3316 652 in
3344 599 3670 667 gravissimis
3704 600 3909 669 depre-

644 708 794 763 ergo,
825 692 1095 761 quomodo
1125 701 1177 745 et
1206 706 1233 745 a
1262 689 1558 761 prophetis,-
1585 699 1641 743 et
1671 687 1738 741 ab
1766 686 1872 753 his,
1906 685 2034 756 ipsis
2063 684 2215 740 iidem

647 771 923 839 faciat.iNe
947 786 1087 840 enim
1115 783 1383 839 videretur
1404 782 1679 847 innovare,
1704 780 1804 835 etsi
1834 793 2021 849 magna
2042 777 2209 832 dicert‘

648 884 846 943 posset,
899 890 1110 930 rursum
1155 873 1220 928 ad
1270 872 1554 942 prephetas
1592 868 1845 940 confugit,
1877 876 1931 923 et
1977 868 2121 938 ipsos
2164 866 2211 919 it—

646 966 820 1021 medio
866 968 1036 1036 ponit.
1079 966 1189 1021 Hoc
1241 963 1345 1020 ﬁde
1397 963 1608 1034 dignius
1650 972 1807 1018 erat:
1840 969 2021 1032 utpote
2072 957 2213 1029 quod

645 1072 785 1112 nunc
800 1067 1093 1122 evenerat;
1124 1056 1217 1112 sed
1249 1056 1369 1126 quia
1415 1054 1530 1123 ipse
1556 1054 1702 1109 solus
1748 1051 1970 1116 viderat,
2002 1064 2212 1104 rursum

642 1163 670 1202 a
701 1148 970 1219 prophetis
1000 1147 1299 1203 conﬂrmat.
1329 1146 1395 1201 Et
1423 1144 1691 1215 perpende
1716 1144 1860 1196 illum
1890 1155 1994 1196 non
2022 1140 2209 1196 eodem

635 1240 802 1294 modo
832 1240 882 1293 in
905 1239 1127 1308 judicio.
1157 1248 1212 1294 et
1255 1239 1305 1292 in
1337 1237 1562 1292 ecclesia
1608 1236 1873 1290 disserere
1905 1251 1919 1287 :
1951 1247 2073 1287 nam
2103 1232 2211 1287 illic

638 1330 849 1398 quidem
882 1330 1035 1396 dixit,
1066 1328 1335 1384 Occidistis
1358 1345 1378 1392 ;
1408 1328 1495 1383 hic
1522 1342 1650 1383 vero
1679 1326 1806 1381 nihil
1834 1325 1956 1390 tale,
1987 1339 2055 1379 ne
2090 1337 2205 1378 am-

526 1420 529 1421 ⁷
632 1421 775 1490 plius
803 1419 1039 1476 furorem
1070 1420 1439 1486 succenderet,
1469 1419 1561 1474 sed
1578 1417 1727 1481 idem
1752 1418 1923 1487 ipsum
1951 1414 2201 1481 ostendit,

633 1509 820 1565 dicens
847 1527 861 1563 :
897 1510 956 1565 Si
1000 1510 1252 1582 possibilis
1293 1508 1538 1565 Christus.
1570 1507 1657 1563 Sic
1683 1508 1801 1561 illos
1824 1522 1855 1561 a
1884 1506 2108 1560 crimine
2139 1505 2205 1559 li-

629 1602 803 1657 iterat.
852 1603 1031 1673 Igitur,
1078 1602 1128 1657 id
1177 1602 1313 1672 quod
1360 1616 1459 1671 ego
1502 1600 1779 1663 annuntio,
1827 1614 1955 1653 num
2002 1598 2203 1667 primus

635 1702 964 1747 mortuorum
990 1693 1358 1756 resurrexerit,
1403 1690 1453 1745 id
1476 1705 1537 1744 ex
1563 1687 1837 1759 prophetis
1855 1688 2198 1742 demonstro:

630 1801 752 1841 nam
788 1794 837 1840 et
882 1785 1155 1856 propheta:
1196 1785 1296 1839 hoc
1321 1784 1657 1837 annuntiant.
1696 1781 1875 1851 Itaque
1900 1793 2200 1835 sermonem

629 1892 805 1932 meum
836 1876 1081 1945 accipite,
1110 1886 1166 1929 ut
1186 1874 1274 1944 qui
1302 1884 1383 1929 est
1422 1874 1818 1945 prophetarum.
1860 1872 1993 1939 Quia
2022 1880 2197 1925 autem

631 1969 886 2022 visionem
917 1966 1138 2030 dixerat,
1176 1965 1387 2021 demum
1414 1980 1533 2021 cum
1560 1965 1803 2019 libertate
1831 1963 2081 2033 praclara
2107 1976 2198 2030 ge-

627 2067 706 2111 sta
738 2066 936 2110 narrat.
966 2055 1216 2123 Quaenam
1249 2055 1382 2108 illa?
1416 2054 1482 2109 Ut
1516 2054 1736 2124 operias,
1784 2051 1971 2121 inquit,
2002 2050 2192 2115 oculos,

626 2156 670 2200 et
697 2156 953 2200 convertas
977 2163 1007 2198 a
1048 2145 1259 2199 tenebris
1283 2146 1351 2198 ad
1388 2146 1568 2212 lucem,
1599 2154 1647 2199 et
1676 2160 1707 2197 a
1738 2152 1980 2213 potestate
2004 2153 2196 2195 solante

623 2237 690 2289 ad
714 2235 898 2290 Deum.
931 2236 1009 2289 Ad
1035 2237 1127 2289 hoc
1154 2237 1309 2299 enim,
1342 2234 1529 2303 inquit,
1560 2234 1778 2303 opparui
1806 2233 1913 2298 tibi,
1957 2232 2059 2288 hoc
2089 2242 2191 2298 est,

624 2341 727 2380 non
754 2335 808 2379 ut
836 2326 1070 2392 puuiam,
1100 2323 1191 2379 sed
1222 2333 1277 2377 ut
1304 2322 1601 2393 apostolum
1628 2330 1679 2377 te
1711 2323 1924 2376 faciam.

690 2415 948 2468 Fidelium
977 2416 1105 2468 bona
1131 2430 1262 2481 qum.
1284 2443 1355 2455 -—
1376 2413 1526 2476 Vide,
1559 2413 1696 2468 mala
1728 2429 1847 2483 qua:
1887 2411 2191 2467 incredulos

619 2508 856 2561 detinent
886 2505 1141 2572 ostendit,
1188 2515 1425 2560 satanam
1469 2515 1519 2560 et
1563 2505 1848 2570 tenebras;
1880 2505 2018 2559 sicut
2062 2502 2190 2558 lide-

619 2602 745 2653 h'um
774 2600 909 2654 bona
941 2609 1063 2653 sunt
1088 2599 1198 2664 lux,
1234 2599 1393 2664 Deus,
1422 2612 1540 2654 sors
1581 2607 1910 2654 sanctorum.
1955 2598 2065 2653 Nec
2103 2612 2190 2653 so-

619 2692 725 2744 lum
747 2690 812 2744 ad
838 2690 1201 2758 paenitentiam
1228 2688 1490 2755 hortatur,
1514 2688 1607 2743 sed
1630 2688 1696 2743 ad
1718 2689 2012 2743 mirabilem
2038 2703 2191 2757 agen-

617 2783 735 2835 dam
759 2783 938 2835 vitam.
965 2780 1031 2834 Et
1053 2780 1171 2835 vide
1194 2781 1385 2849 ubique
1405 2789 1590 2849 gentes
1610 2781 1841 2833 sermoni
1865 2780 2184 2848 permixtas;

619 2890 738 2927 nam
768 2873 857 2941 qui
904 2872 1144 2936 aderant,
1178 2887 1241 2927 ex
1271 2871 1519 2941 gentibus
1548 2880 1718 2924 erant.
1750 2870 2069 2939 Testiﬁcons,
2107 2873 2185 2925 in-

614 2963 747 3033 quit,
778 2971 881 3014 tum
910 2977 1063 3031 paruo
1090 2970 1192 3014 tum
1222 2976 1423 3031 magno.
1455 2961 1676 3030 Propter
1705 2960 1904 3015 milites
1932 2961 2002 3014 ita
2027 2960 2181 3015 dixit.

618 3051 819 3107 Deinde
833 3050 1170 3105 defendentis
1181 3066 1239 3106 se
1252 3050 1439 3105 ordine
1453 3049 1934 3114 dimisso,doctoris
1944 3050 2184 3105 ordinem

613 3145 817 3214 accepit
838 3161 851 3197 :
874 3142 994 3198 ideo
1010 3142 1083 3196 ait
1106 3142 1295 3197 Festus
1312 3142 1385 3196 illi
1407 3160 1420 3195 :
1445 3141 1669 3195 Insanis.
1692 3140 1877 3197 Postea
1897 3156 1963 3195 ne
1978 3140 2188 3197 videre-

615 3249 701 3291 tur
730 3238 841 3306 ipse
860 3236 1046 3291 doctor
1064 3249 1202 3299 esse,
1236 3234 1431 3289 inducit
1450 3234 1734 3303 prophetas
1754 3242 1807 3287 et
1828 3233 2061 3303 Moysem
2085 3250 2098 3285 :
2124 3235 2186 3288 Si

614 3329 864 3396 possibilis
889 3369 903 3393 ,
946 3327 1148 3395 inquit,
1191 3325 1433 3389 Christus,
1466 3326 1510 3378 si
1534 3325 1725 3394 primus
1745 3340 1806 3377 ea:
1824 3326 2185 3378 resurrectione

610 3430 917 3474 mortuorum
947 3420 1105 3473 lucent
1133 3418 1522 3471 onnuntiaturns
1551 3416 1613 3469 sit
1644 3416 1828 3485 populo
1855 3424 1901 3469 et
1930 3416 2175 3486 gentibus.

613 3511 795 3565 Festus
819 3526 999 3580 magno
1032 3524 1146 3561 uoce
1170 3508 1320 3561 dixit.
1364 3505 1452 3561 Sic
1495 3505 1689 3560 luroris
1716 3513 1772 3560 et
1796 3505 1889 3559 ira:
1914 3520 2015 3560 vox
2044 3514 2178 3560 erat.

682 3602 717 3655 4
770 3599 905 3666 Quid
933 3614 1061 3667 ergo
1094 3596 1329 3652 Paulus?
1377 3594 1497 3650 Non
1549 3605 1623 3649 est
1666 3597 1717 3649 in
1757 3598 1945 3667 angulo
1987 3607 2181 3667 gestum

610 3690 703 3743 hoc
728 3729 742 3753 ,
770 3688 863 3743 ait.
891 3688 985 3742 Hic
1014 3687 1079 3741 de
1106 3701 1263 3741 cruce
1292 3685 1527 3755 loquitur
1555 3695 1607 3739 et
1634 3685 1701 3739 de
1746 3687 2175 3753 resurrectione,

610 3789 665 3834 ct
689 3780 829 3849 quod
858 3779 1046 3846 dogma
1082 3778 1275 3846 ubique
1304 3786 1564 3831 terrarum
1610 3778 1923 3847 pervaserit.
1969 3778 2174 3845 Credis,

612 3871 817 3939 inquit,
848 3886 939 3923 res:
965 3869 1212 3938 Agrippa.
1241 3865 1355 3921 Non
1398 3866 1567 3932 dixit,
1606 3866 1998 3923 Resurrectioni
2024 3908 2039 3933 ,
2085 3868 2203 3929 sed.

615 3958 903 4028 Prophetis.
934 3956 1133 4011 Deinde
1162 3964 1491 4026 praeoccupat
1516 3955 1661 4009 illum
1684 3996 1698 4019 ,
1728 3964 1780 4009 et
1816 3956 1945 4011 dicit
1974 3975 1985 4010 :
2017 3956 2137 4012 Scio
2160 4000 2174 4024 ,

612 4050 748 4117 quod
772 4050 952 4102 credis.
981 4047 1074 4103 Cui
1104 4048 1333 4118 Agrippa
1363 4065 1376 4100 :
1408 4045 1472 4101 In
1498 4048 1692 4101 modico
1719 4048 1843 4101 mihi
1867 4051 2047 4104 suades
2066 4051 2179 4118 ﬁeri

608 4138 969 4193 Christianum.
1020 4138 1133 4195 Non
1183 4138 1444 4193 intellexit
1492 4138 1725 4205 Paulus,
1772 4139 2062 4209 quidsit,
2110 4140 2174 4196 In

610 4230 842 4295 modico;
888 4229 981 4283 sed
1031 4228 1232 4298 putavit
1272 4227 1373 4283 hoc
1414 4228 1750 4298 signiﬁcem,
1798 4228 1878 4283 Ex
1919 4231 2170 4285 modico:

610 4319 732 4373 ideo
763 4318 839 4372 sic
869 4318 1191 4387 respondet;
1233 4319 1301 4371 ita
1346 4318 1504 4372 idiota
1552 4326 1684 4372 erat.
1735 4318 1799 4372 Et
1846 4333 1951 4373 non
2000 4319 2171 4386 dixit,

613 4408 839 4471 Vellem,
872 4406 964 4462 sed
984 4449 999 4472 ,
1030 4404 1289 4476 Optarent,
1318 4423 1417 4460 non
1443 4408 1605 4461 solum
1632 4416 1698 4474 te,
1723 4408 1812 4461 sed
1832 4410 1978 4462 etiam
2006 4426 2176 4465 omnes

614 4500 892 4552 audientes.
925 4497 1055 4553 Vide
1080 4497 1395 4552 adulationis
1426 4508 1696 4567 expertem
1723 4513 2044 4555 sermonem.
2064 4500 2173 4570 Ορ-

611 4599 768 4644 tarem
789 4630 806 4655 ,
834 4588 1033 4658 inquit,
1068 4588 1216 4641 hodie
1243 4604 1410 4641 omnes
1440 4589 1549 4655 fieri
1578 4590 1702 4643 tales
1722 4631 1736 4654 ,
1768 4592 1932 4658 qualis
1954 4608 2043 4662 ego
2064 4608 2174 4645 sum

610 4680 827 4749 exceptis
847 4678 1061 4732 uinculis
1088 4679 1184 4732 his.
1215 4678 1344 4733 Vide
1377 4698 1387 4732 :
1419 4679 1508 4748 qui
1537 4679 1794 4748 gloriatur
1823 4682 1874 4734 in
1908 4682 2131 4736 vinculis
2154 4725 2169 4748 ,

611 4772 700 4839 qui
730 4769 932 4839 profert.
956 4770 1041 4823 illa
1065 4770 1201 4824 sicut
1224 4779 1463 4824 catenam
1511 4784 1723 4823 auream
1751 4811 1765 4833 ,
1795 4771 1880 4825 illa
1909 4788 2047 4827 nunc
2076 4774 2171 4827 de-

612 4870 878 4931 precatur.
931 4860 997 4913 Et
1049 4874 1114 4913 ne
1155 4860 1605 4915 mireris:adhuc
1657 4862 1797 4915 enim
1854 4862 2172 4919 infirmiores

614 4959 789 5017 erant,
811 4960 864 5003 et
890 4950 961 5003 illi
984 4959 1364 5018 attemperatus
1384 4966 1559 5006 sermo
1585 4961 1718 5006 erat.
1741 4952 1870 5008 Nam
1897 4955 2036 5024 qttod
2062 4956 2171 5009 vin-

611 5044 729 5095 cula
753 5042 929 5109 magni
965 5040 1195 5105 faceret,
1226 5042 1343 5095 vide
1388 5043 1653 5111 quomodo
1690 5045 1739 5097 in
1796 5046 2047 5115 Epistolis
2087 5051 2173 5105 illa

614 5149 827 5203 semper
858 5142 1127 5203 praeponat
1150 5134 1298 5200 aliis,
1330 5134 1513 5190 dicens
1544 5154 1557 5189 :
1602 5135 1794 5190 Paulus
1824 5142 2013 5195 vinetus
2052 5145 2172 5197 Jesu

613 5224 1050 5293 Christi(Ephes.
1078 5225 1131 5278 5.
1170 5225 1263 5293 l);
1296 5236 1347 5278 et
1388 5236 1617 5291 rursum,
1662 5226 1786 5282 Ideo
1825 5230 2181 5299 circumposita

613 5326 685 5369 est
704 5316 824 5367 mihi
850 5325 1045 5379 catena,
1076 5314 1164 5368 sed
1189 5316 1388 5367 verbum
1424 5315 1512 5369 Dei
1534 5332 1633 5369 non
1665 5326 1735 5370 est
1761 5319 2061 5387 alligatum;
2100 5335 2174 5386 et,

620 5405 786 5474 Usque
809 5408 875 5458 ad
902 5408 1095 5459 vincula
1115 5407 1254 5474 quasi
1275 5405 1565 5476 malefoclor
1592 5407 1815 5477 (Coloss.
1848 5410 1900 5461 4.
1945 5411 1996 5471 5,
2032 5422 2077 5463 et
2120 5412 2174 5477 2,

617 5495 751 5549 Tim.
773 5496 827 5549 2.
854 5498 928 5564 9).
955 5496 1104 5559 Vide,
1134 5511 1232 5549 non
1257 5496 1412 5548 modo
1438 5497 1641 5551 vincula
1673 5502 1817 5566 ponit
1840 5516 1853 5561 ;
1902 5499 1992 5552 sed
2021 5502 2174 5554 etiam

622 5586 779 5649 Quasi
809 5588 1099 5654 molefoctor
1127 5586 1347 5650 addidit,
1371 5601 1567 5655 augens
1588 5586 1913 5642 vinculorum
1936 5589 2173 5659 gloriam.

621 5678 824 5743 Duplex
852 5677 1186 5745 supplicium,
1208 5678 1348 5746 quod
1377 5679 1568 5747 ligatus
1615 5690 1755 5733 esset
1782 5722 1795 5744 ,
1848 5690 1901 5735 et
1942 5682 2083 5750 quod
2122 5695 2178 5738 ut

621 5769 944 5825 tnalelactor.
978 5768 1107 5825 Nam
1138 5772 1179 5823 si
1221 5773 1288 5825 ita
1326 5772 1566 5843 alligatus
1616 5772 1832 5841 fuisset,
1886 5782 2035 5849 quasi
2086 5800 2178 5851 pro

2326 683 2524 737 hensns
2557 699 2571 735 :
2598 692 2653 738 et
2683 693 2857 740 tamen
2886 687 3019 741 nihil
3049 690 3163 742 hzrc
3190 687 3428 743 curabat.
3456 687 3600 743 Talis
3620 698 3702 745 est
3724 689 3909 744 anima

2321 772 2520 826 caelesti
2546 787 2730 829 amore
2765 775 3010 830 sublimis
3038 777 3246 831 eﬂ‘ecta.
3282 776 3413 831 Nam
3460 778 3504 831 si
3550 778 3615 845 ii,
3658 780 3749 849 qui
3798 779 3911 834 hoc

2324 860 2462 929 turpi
2484 876 2667 916 amore
2688 862 2933 933 ﬂagrant,
2966 864 3096 919 nihil
3127 875 3314 935 putant
3344 867 3425 921 vel
3468 867 3758 937 gloriosum
3808 867 3897 922 vel

2321 953 2609 1023 pretiosum
2629 995 2645 1020 ,
2676 955 2773 1010 sed
2798 970 2859 1010 ea
2888 956 3096 1023 solum,
3128 973 3248 1027 qua!
3294 960 3736 1029 concupiscentia:
3779 974 3901 1014 sua

2320 1045 2578 1101 inservire
2607 1056 2860 1118 possunt,
2892 1048 3125 1118 gloriosa
3159 1057 3213 1103 et
3243 1051 3475 1119 pretiosa
3508 1050 3749 1120 judicant
3772 1089 3790 1116 ,
3841 1061 3901 1103 ct

2317 1139 2516 1193 amasia
2546 1137 2603 1193 lit
2628 1140 2706 1194 eis
2734 1142 2911 1194 omnia
2944 1157 2957 1193 :
2984 1140 3151 1195 multo
3180 1142 3350 1211 tnagis
3372 1142 3405 1195 ii
3427 1184 3443 1207 ,
3470 1144 3559 1212 qui
3586 1142 3687 1197 hoc
3709 1157 3902 1197 amore

2314 1233 2455 1301 capti
2478 1241 2634 1297 sunt,
2664 1231 2815 1286 nihili
2840 1232 3039 1288 iaciunt
3062 1234 3314 1302 pretiosa.
3341 1232 3491 1300 Quod
3517 1234 3560 1287 si
3600 1234 3741 1290 dicta
3782 1249 3900 1289 non

2316 1322 2697 1392 intelligamus,
2722 1323 2852 1376 nihil
2879 1323 3070 1377 mirum
3098 1340 3112 1378 :
3140 1324 3192 1377 in
3220 1322 3321 1377 hac
3342 1324 3895 1394 quippephilos0pltia

2312 1411 2540 1482 imperiti
2569 1427 2773 1467 sumus.
2800 1412 2852 1468 Si
2876 1414 2995 1481 quis
3018 1414 3159 1468 enim
3203 1415 3323 1485 igne
3361 1413 3561 1470 Christi
3606 1416 3854 1485 copiatur
3884 1457 3901 1481 ,

2310 1506 2429 1560 talis
2454 1505 2682 1561 efﬁcitur
2700 1547 2716 1573 ,
2741 1504 2913 1575 qualis
2944 1504 3104 1560 fuerit
3124 1505 3287 1562 homo
3305 1506 3453 1562 solus
3476 1507 3527 1561 in
3569 1516 3706 1563 terra
3729 1506 3900 1562 habi-

2310 1609 2426 1655 tans
2456 1618 2470 1653 :
2496 1600 2574 1655 sic
2598 1600 2730 1655 nihil
2758 1610 2927 1661 curat.
2951 1615 3059 1655 non
3085 1600 3333 1670 gloriam,
3365 1615 3470 1654 non
3499 1600 3848 1669 ignominiam
3874 1616 3890 1665 ;

2306 1692 2400 1748 sed
2430 1693 2568 1748 sicut
2593 1694 2636 1747 is
2656 1735 2671 1759 ,
2700 1693 2789 1762 qui
2840 1692 2986 1747 solus
3008 1694 3271 1747 habitaret
3293 1733 3308 1757 ,
3340 1692 3607 1747 neminem
3636 1702 3856 1747 curaret
3878 1734 3895 1756 ,

2305 1782 2382 1839 sic
2405 1783 2671 1839 neminem
2702 1784 2791 1838 ille
2815 1793 2987 1837 curat.
3014 1783 3363 1839 Tentationes
3389 1792 3598 1848 autem,
3634 1783 3845 1853 ﬂagella
3875 1823 3897 1850 ,

2302 1890 2548 1930 carceres
2579 1876 2649 1929 ita
2681 1875 3013 1939 contemnit,
3043 1890 3105 1931 ac
3132 1875 3176 1930 si
3216 1876 3270 1930 in
3298 1875 3474 1929 alieno
3511 1890 3735 1946 corpore
3771 1876 3899 1932 bmc

2303 1974 2605 2034 pateretur,
2632 1974 2685 2019 et
2716 1980 2778 2019 ac
2803 1964 2848 2020 si
2878 1965 3224 2021 adamantino
3259 1975 3405 2022 esset
3424 1981 3681 2036 corpore;
3705 1981 3769 2023 ea
3790 1982 3895 2022 au-

2302 2062 2430 2117 tem,
2462 2070 2582 2124 qua:
2609 2054 2790 2109 suavia
2819 2053 2870 2107 in
2904 2053 3005 2107 hac
3029 2053 3135 2108 vita
3156 2063 3302 2120 sunt,
3323 2054 3394 2109 ita
3422 2054 3649 2121 deridet,
3680 2064 3729 2111 et
3755 2070 3890 2127 erga

2300 2144 2389 2198 illa
2421 2145 2745 2200 insensibilis
2775 2154 2858 2200 est
2878 2186 2892 2211 ,
2926 2153 2985 2199 ut
3010 2158 3108 2199 nos
3135 2159 3258 2215 erga
3285 2154 3491 2200 mortua
3520 2159 3767 2215 corpora,
3800 2146 3890 2201 vel

2300 2249 2362 2289 ac
2382 2240 2424 2289 st
2440 2235 2536 2305 ipsi
2562 2236 2753 2290 mortui
2782 2235 2969 2289 simus.
2990 2234 3218 2289 Tantum
3245 2248 3404 2305 porro
3428 2234 3600 2301 abest,
3620 2242 3679 2288 ut
3701 2234 3890 2305 aliquo

2298 2326 2487 2381 aliectu
2517 2327 2778 2395 capiatur,
2812 2334 3067 2396 quantum
3098 2340 3288 2379 aurum
3334 2327 3456 2396 igne
3501 2326 3786 2395 probatum
3829 2336 3889 2381 et

2300 2435 2487 2489 purum
2515 2434 2543 2472 a
2570 2418 2817 2473 sordibus
2853 2418 3080 2472 liberum
3110 2427 3212 2473 est.
3244 2417 3394 2473 Sicut
3422 2418 3564 2472 enim
3592 2433 3789 2473 musca
3827 2420 3884 2473 in

2296 2509 2523 2565 mediam
2555 2508 2820 2562 ﬂammam
2865 2522 2972 2561 non
3016 2507 3341 2574 inciderint,
3379 2506 3473 2561 sed
3520 2507 3766 2577 fugiunt:
3801 2507 3886 2563 sic

2293 2614 2394 2653 nec
2412 2598 2577 2652 animi
2600 2597 2822 2651 aﬂ‘ectus
2851 2597 2919 2651 ad
2962 2596 3103 2652 hunc
3130 2597 3305 2667 ignem
3348 2595 3607 2652 accedere
3647 2597 3878 2653 audent.

2295 2691 2363 2745 Et
2386 2690 2576 2745 borum
2601 2688 2795 2744 vellem
2825 2689 3069 2758 exempla
3112 2703 3176 2742 ex
3220 2688 3375 2742 nobis
3412 2688 3539 2757 ipsis
3586 2688 3831 2757 proferre
3861 2706 3880 2755 ;

2292 2779 2415 2850 quia
2437 2793 2566 2834 vero
2589 2778 2776 2848 inopes
2797 2792 3003 2845 sumus,
3035 2792 3254 2833 necesse
3275 2786 3359 2833 est
3381 2818 3397 2842 ,
3430 2790 3487 2832 ut
3507 2778 3572 2832 ad
3598 2779 3745 2832 illum
3795 2779 3881 2848 ip-

2292 2886 2408 2925 sum
2427 2870 2811 2940 confugiamus.
2839 2869 2971 2925 Vide
2990 2880 3190 2934 autem,
3211 2870 3483 2940 quomodo
3505 2870 3593 2927 ille
3616 2871 3727 2941 ipse
3748 2887 3881 2942 erga

2292 2969 2460 3016 totum
2485 2960 2741 3015 mundum
2762 2959 2985 3015 affectus
2997 2969 3161 3015 esset.
3195 2958 3326 3013 Mihi
3352 2962 3573 3015 mundus
3598 2962 3881 3030 cruciﬁxus

2290 3064 2391 3118 est,
2421 3054 2612 3125 inquit,
2645 3063 2692 3108 et
2720 3070 2809 3124 ego
2836 3055 3025 3108 mundo
3060 3052 3215 3124 (Gal.
3245 3054 3299 3109 6.
3334 3055 3472 3126 l4);
3500 3057 3549 3109 id
3573 3066 3685 3121 est,
3717 3057 3870 3113 Mor-

2290 3154 2412 3201 tuus
2432 3162 2548 3201 sum
2575 3146 2792 3211 mundo,
2813 3156 2867 3200 et
2887 3146 2976 3200 ille
2996 3145 3124 3200 mihi
3149 3154 3391 3200 mortuus
3408 3154 3507 3200 est.
3532 3146 3594 3201 Et
3611 3164 3826 3202 rursum
3854 3165 3872 3202 :

2303 3234 2422 3289 Viuo
2447 3246 2613 3289 autent
2630 3237 2745 3303 jam
2774 3250 2874 3287 non
2906 3250 3017 3305 ego,
3041 3234 3159 3287 uiuit
3179 3250 3292 3287 uero
3308 3235 3360 3287 in
3381 3251 3459 3288 me
3494 3234 3724 3290 Christus
3750 3235 3870 3306 (Id.

2287 3325 2339 3380 2.
2374 3325 2508 3397 20).
2542 3325 2668 3379 llaec
2687 3325 2867 3380 dicere
2886 3325 3054 3380 solius
3079 3335 3161 3379 est
3186 3324 3354 3379 Pauli.
3400 3325 3505 3380 Nos
3553 3340 3731 3381 autem
3778 3331 3876 3398 qui

2290 3426 2492 3471 tantum
2514 3416 2582 3471 ab
2612 3416 2705 3470 illo
2736 3415 3012 3481 absumus,
3045 3424 3298 3486 quantum
3321 3417 3506 3471 caelum
3530 3432 3557 3470 a
3582 3427 3745 3483 terra,
3770 3434 3877 3476 nos

2286 3507 2679 3563 abscondamus
2717 3522 2782 3562 ac
2821 3522 2994 3577 neque
3032 3521 3094 3564 os
3129 3508 3340 3577 aperire
3371 3508 3683 3563 audeamus.
3712 3510 3875 3578 Quod

2285 3609 2461 3653 autem
2490 3600 2636 3669 quasi
2661 3599 2712 3653 in
2743 3598 3031 3653 solitudine
3070 3608 3241 3665 esset,
3277 3608 3329 3653 et
3371 3600 3447 3653 sic
3479 3600 3761 3667 praesentia
3792 3617 3876 3656 re.

2284 3690 2515 3758 spiceret
2538 3730 2553 3753 ,
2581 3689 2701 3742 audi
2734 3688 2881 3742 illum
2918 3688 3183 3743 dicentem
3214 3704 3229 3742 :
3263 3688 3382 3743 Non
3425 3690 3870 3747 considerantibus

2284 3780 2425 3833 nobis
2454 3794 2565 3846 qua:
2593 3779 2843 3844 uidentur,
2874 3778 2964 3830 sed
2987 3794 3100 3847 qua
3130 3794 3230 3831 non
3257 3779 3492 3832 uidentur
3529 3780 3618 3849 (2.
3653 3779 3772 3834 Cor.
3806 3785 3867 3837 4.

2286 3870 2396 3939 i8).
2420 3869 2554 3937 Quid
2572 3868 2743 3923 dicis?
2770 3868 2927 3937 Atqui
2960 3876 3145 3923 contra
3176 3884 3336 3939 quam
3366 3870 3500 3924 dicis
3522 3912 3537 3935 ,
3568 3884 3654 3924 res
3681 3887 3740 3927 se
3769 3872 3873 3929 ba-

2284 3960 2373 4016 bet
2401 3979 2415 4014 :
2447 3976 2570 4015 nam
2600 3959 2881 4013 invisibilia
2910 3975 3017 4014 non
3048 3958 3291 4014 videmus
3312 4000 3328 4024 ,
3356 3970 3408 4014 et
3443 3961 3669 4018 visibilis
3713 3965 3871 4022 vide-

2283 4064 2419 4104 mus.
2479 4048 2675 4117 Quales
2727 4048 2962 4103 habebas
3013 4050 3232 4115 oculos,
3291 4050 3428 4106 tales
3480 4064 3635 4118 sunt,
3681 4056 3772 4124 qui
3834 4074 3868 4113 a

2280 4139 2495 4195 Christo
2526 4139 2634 4194 dati
2668 4141 2847 4195 :sicut
2870 4140 3014 4193 enim
3040 4139 3092 4194 hi
3116 4140 3342 4195 visibilia
3382 4141 3594 4211 quidem
3637 4144 3864 4215 vident,

2281 4230 2561 4285 invisibilia
2606 4244 2736 4285 vero
2784 4245 2889 4283 non
2932 4228 3118 4283 vident
3147 4248 3161 4283 :
3190 4230 3268 4284 sic
3314 4231 3387 4285 illi
3432 4240 3619 4287 contra
3652 4252 3666 4289 :
3697 4252 3869 4293 nemo

2280 4320 2369 4387 qui
2396 4318 2676 4374 invisibilia
2710 4319 2906 4384 videat,
2941 4319 3167 4373 visibilia
3195 4318 3373 4385 videt;
3404 4337 3560 4376 nemo
3587 4324 3676 4393 qui
3722 4327 3864 4383 visi-

2281 4410 2406 4465 bilia
2426 4411 2623 4477 videat,
2648 4410 2933 4465 invisibilia
2962 4410 3125 4466 videt.
3157 4412 3350 4467 Annon
3383 4415 3542 4468 etiam
3575 4414 3714 4484 apud
3759 4434 3869 4475 nos

2281 4501 2384 4556 hoc
2412 4500 2512 4555 tit?
2539 4500 2764 4568 Quando
2790 4502 2932 4557 enim
2966 4517 3224 4559 conversa
3254 4513 3435 4559 mente
3464 4521 3529 4559 ex
3575 4507 3865 4565 invisibili-

2280 4593 2378 4647 bus
2402 4592 2597 4662 aliquid
2623 4594 2938 4661 cogitamus,
2968 4595 3226 4649 sublimes
3253 4596 3405 4651 nobis
3433 4608 3560 4652 sunt
3586 4603 3865 4669 operatio-

2278 4697 2403 4736 num
2444 4682 2604 4737 oculi.
2653 4682 3071 4741 Contemnamus
3125 4684 3381 4756 gloriam;
3427 4687 3591 4743 rideri
3635 4692 3853 4760 magis,

2278 4789 2437 4843 quam
2469 4773 2671 4827 laudari
2707 4774 2952 4828 velimus.
2982 4774 3114 4829 Nam
3147 4776 3237 4845 qui
3268 4775 3553 4843 irridetur,
3587 4779 3719 4833 nihil
3756 4780 3860 4838 la:-

2278 4865 2452 4929 ditur;
2484 4864 2569 4933 qui
2601 4863 2871 4931 laudatur,
2898 4866 3143 4920 multum.
3170 4866 3247 4921 Ne
3278 4875 3451 4939 magni
3480 4869 3737 4926 faciamus
3770 4888 3861 4936 ea,

2279 4972 2397 5026 qua:
2428 4955 2672 5011 homines
2702 4964 2933 5019 terrent;
2968 4952 3059 5006 sed
3078 4954 3225 5007 deiis
3246 4956 3718 5028 utdepuerililusu
3752 4974 3861 5018 tm-

2279 5058 2515 5101 clemus:
2548 5061 2720 5115 neque
2748 5046 2912 5109 enim,
2932 5046 2973 5099 si
3000 5062 3155 5115 quem
3181 5047 3454 5103 videamus
3484 5051 3733 5120 puerulos
3763 5069 3859 5109 ex.

2282 5146 2507 5192 terrenti
2552 5152 2569 5188 ι
2597 5178 2613 5202 ,
2645 5137 2818 5205 ipsum
2849 5136 3173 5191 admiramur
3203 5155 3215 5191 :
3248 5155 3369 5193 nam
3398 5143 3637 5211 quisquis
3667 5151 3857 5217 terret,

2286 5228 2533 5286 puerulos
2564 5236 2771 5291 terret;
2802 5226 2971 5281 virum
3003 5245 3231 5299 namque
3276 5240 3477 5285 terrere
3515 5248 3619 5287 non
3662 5239 3853 5304 possit.

2283 5320 2348 5373 Et
2377 5317 2824 5387 quemadmodum
2851 5320 2937 5386 qui
2966 5328 3186 5383 terrent,
3218 5320 3302 5375 vel
3348 5324 3632 5391 supercilia
3681 5332 3853 5383 surri-

2281 5420 2441 5479 gttnt,
2472 5409 2553 5462 vel
2585 5408 2738 5462 aliter
2768 5410 2967 5462 vultum
2992 5409 3365 5478 distorquent;
3396 5422 3449 5465 at
3479 5413 3521 5465 si
3571 5429 3760 5469 sanum
3806 5432 3862 5473 et

2285 5511 2615 5554 mansuetum
2638 5499 2847 5553 oculum
2868 5500 3114 5564 habeant,
3144 5500 3243 5553 hoc
3272 5502 3445 5556 facere
3473 5518 3576 5556 non
3611 5506 3817 5573 pOSsint
3846 5531 3857 5562 :

2286 5592 2361 5644 sic
2388 5599 2441 5644 et
2473 5590 3014 5658 hi,pcrspieacitatem
3044 5592 3237 5645 mentis
3266 5591 3664 5661 dislorquentes
3688 5637 3701 5659 ,
3756 5598 3859 5654 hoc

2286 5684 2506 5739 faciunt.
2533 5683 2710 5751 itaque
2741 5692 3070 5737 mansuetum
3100 5674 3369 5739 hominem
3401 5696 3454 5739 et
3482 5686 3636 5740 bona:
3664 5688 3857 5746 anima:

2294 5802 2448 5839 ιιρηιο
2474 5795 2705 5842 οιιθιτ,ςι
2729 5828 2742 5853 ,
2772 5777 2862 5831 sed
2897 5778 3039 5830 illum
3068 5793 3380 5831 veneramur
3426 5793 3641 5846 omnes,
3690 5780 3853 5836 hono-
