4072 6438
406 510 509 565 36ἲ

401 628 613 680 ὂύναιτο
654 624 855 692 φοϐεῖν.
907 621 1015 675 Καὶ
1072 618 1321 685 καθάπερ
1375 616 1423 667 οί
1476 610 1904 680 ἐκφοϐοῦντεςῆ
1960 608 2058 671 τὰς

404 710 725 781 βλεφαρίδας
753 708 1003 769 ἕλκοντες
1030 704 1158 766 ἄνω,
1184 702 1214 771 ἢ
1238 701 1408 762 ἄλλως
1429 697 1491 750 τὸ
1512 696 1801 767 πρόσωπον
1823 694 2060 765 διαστρέ-

403 814 591 866 φοντες
617 793 777 846 τοῦτο
799 792 1043 845 ποιοῦσιν
1064 833 1077 853 ,
1114 787 1342 855 ὑγιεινὸν
1384 785 1441 838 δέ
1485 784 1700 853 ἔχοντες
1737 782 1827 834 καὶ
1855 781 2060 850 ἥμερον

398 886 459 937 10
495 884 665 952 ὃμμα,
697 882 795 933 οὐκ
840 878 903 931 ἂν
946 877 1192 931 δύναιντο
1220 875 1375 929 τοῦτο
1407 870 1651 940 ποιῆσαν
1685 866 1828 920 οὕτω
1857 867 1920 937 δὴ
1966 868 2059 920 καὶ

399 966 566 1028 οὗτοι,
601 968 661 1020 τὸ
686 964 991 1037 διορατικδν
1024 962 1119 1031 τῆς
1152 958 1390 1020 διανοίας
1430 955 1868 1026 διαστρέφοντες,
1904 952 2064 1004 τοῦτο

399 1054 660 1107 ποιοῦσιν.
688 1052 850 1104 Ὥστε
876 1048 1083 1119 ἥμερόν
1105 1062 1168 1114 γε
1190 1043 1475 1112 ἄνθρωπον
1502 1042 1596 1095 καὶ
1630 1039 1790 1092 καλὸν
1820 1041 1888 1109 τῇ
1915 1038 2059 1107 ψυχῇ

399 1142 575 1203 οὐδεὶς
606 1139 671 1193 ἂν
719 1136 999 1206 φοϐηθείη,
1035 1133 1150 1187 ἀλλ’
1178 1129 1477 1200 αἰδούμεθα
1510 1128 1728 1190 πάντες,
1777 1124 2058 1195 τιμῶμεν,

401 1225 785 1298 ἐντρεπόμεθα.
821 1223 932 1291 Οὐχ
972 1221 1155 1290 ὁρᾶτε,
1200 1217 1315 1281 πῶς
1358 1219 1387 1269 0
1426 1214 1655 1285 φοϐερὸς
1698 1212 1792 1265 καὶ
1835 1211 2061 1283 μισητάς

400 1315 515 1366 ἐστι
549 1313 638 1365 καὶ
665 1312 827 1363 πᾶσιν
853 1310 986 1377 ήμῖν
1013 1305 1284 1367 άπευκτός
1309 1322 1323 1371 ;
1353 1302 1417 1355 Τί
1446 1302 1550 1374 γὰρ
1584 1299 1733 1372 [595]
1772 1299 1879 1352 τῶν
1899 1298 2059 1351 δυνα-

403 1400 575 1469 μένων
616 1396 799 1466 φοϐεῖν
838 1395 994 1464 μόνον
1029 1394 1127 1445 οὐκ
1171 1389 1652 1461 ἀποστρεφόμεθα;
1702 1388 1824 1457 οὐχὶ
1865 1385 2058 1469 θηρία,

400 1466 519 1555 οὐχὶ
555 1484 756 1553 φωνάς,
782 1482 901 1551 οὐχὶ
931 1482 1100 1547 ὄψεις,
1130 1480 1250 1549 οὐχὶ
1278 1478 1495 1541 τόπους,
1528 1475 1648 1544 οὐχὶ
1669 1473 1829 1543 ἀέρα,
1866 1466 1976 1523 οἷον
2003 1471 2062 1522 τὸ

406 1575 593 1635 σκότος
620 1588 633 1635 ;

471 1680 532 1727 ε’.
554 1672 643 1741 Μὴ
660 1672 721 1740 δὴ
739 1670 878 1740 μέγα
895 1666 1219 1737 νομίζωμεν,
1236 1665 1283 1717 εί
1302 1663 1395 1717 ἄνθ
1404 1679 1574 1735 ρωποι
1591 1662 1876 1731 φοϐοῦνται
1893 1660 2058 1730 ἡμᾶς.

402 1763 622 1833 Πρῶτον
668 1761 765 1830 μέν
799 1759 907 1827 γὰρ
940 1757 1111 1818 οὐδεὶς
1150 1755 1295 1823 ἡμᾶς
1324 1753 1609 1823 ἄνθρωπος
1650 1747 2063 1833 πτοεῖταιοῃδεύ-

400 1830 573 1918 τερον,
604 1847 663 1899 τὸ
690 1847 781 1899 καὶ
812 1843 1174 1912 πτοουμένους
1208 1841 1355 1910 ἡμᾶς
1407 1840 1481 1908 μὴ
1527 1839 1670 1907 μέγα
1711 1834 1869 1889 τοῦτο
1902 1830 2058 1887 εἶναι.

402 1935 557 2002 Μέγα
604 1934 804 2001 ἀγαθὸν
847 1933 879 1999 ἠ
914 1930 1101 1999 ἀρετή·
1150 1928 1244 1981 καὶ
1289 1928 1387 1999 ὅρα
1440 1926 1554 1988 πῶς
1590 1924 1749 1994 μέγα.
1780 1922 1974 1975 Ἀθλια
1998 1920 2065 1972 τὰ

405 2025 705 2092 πράγματα
750 2020 1061 2089 νομίζοντες
1084 2057 1098 2079 ,
1134 2017 1199 2070 δι’
1233 2010 1305 2069 ὦν
1355 2016 1703 2082 συνέστηκεν,
1732 2011 1899 2081 αὐτὴν
1940 2009 2066 2061 θαυ-

364 2149 369 2153 .
407 2107 649 2176 μάζομεν
684 2106 777 2157 καὶ
818 2103 1213 2174 μακαρίζομεν.
1255 2103 1348 2165 Τίς
1374 2104 1482 2171 γάρ
1513 2102 1611 2152 οὐκ
1645 2100 1710 2150 ἂν
1743 2097 2064 2167 μακαρίσειε

400 2194 490 2244 τὴν
525 2192 843 2259 φιλόσοφον,
900 2189 1079 2243 καίτοι
1130 2189 1308 2250 πενία,
1346 2189 1440 2239 καὶ
1484 2188 1584 2239 ὅσα
1629 2182 1870 2247 τοιαῦτα,
1907 2180 2064 2235 ἄθλια

400 2274 535 2331 εἶναι
581 2278 759 2341 δοκεῖ;
795 2277 962 2328 Ὅταν
989 2271 1079 2328 οῦν
1113 2275 1203 2329 διὰ
1233 2275 1338 2327 τῶν
1369 2272 1569 2326 ἀθλίων
1596 2267 1737 2324 εἶναι
1767 2269 2065 2324 δοκούντων

400 2364 611 2434 λάμπῃ,
635 2364 736 2433 ὅρα
752 2362 848 2432 τὴν
869 2362 1193 2433 ὑπερϐολήν.
1222 2362 1380 2429 Μέγα
1401 2361 1616 2430 φρονεῖς
1645 2358 1738 2412 ἐπὶ
1758 2355 2063 2426 δυναστείᾳ,

404 2452 655 2521 ἄνθρωπε
681 2470 694 2517 ;
729 2451 838 2503 Καὶ
869 2451 995 2503 ποία
1021 2449 1329 2511 δυναστεία,
1364 2448 1483 2500 εἰπέ
1508 2462 1620 2515 μοι,
1646 2443 2024 2515 ἐχειροτονήθη
2048 2459 2061 2506 ;

402 2539 557 2607 Παρὰ
584 2537 886 2608 ἀνθρώπων
923 2537 1105 2603 ἐγένου
1137 2534 1361 2596 δυνατός
1386 2551 1399 2565 ’
1435 2532 1646 2584 ἔνδοθεν
1693 2529 2063 2600 χειροτόνησον

402 2628 645 2678 σεαυτόν.
698 2625 913 2695 Ἄρχων
947 2624 1059 2693 γὰρ
1092 2624 1190 2693 οὐχ
1220 2626 1248 2673 ὁ
1295 2621 1625 2691 καλούμενός
1677 2622 1845 2683 ἐστιν,
1888 2618 2004 2672 ἀλλ’
2036 2617 2064 2669 0

399 2708 495 2763 ὢν.
524 2711 733 2779 Ὥσπερ
763 2710 871 2780 γὰρ
912 2709 1091 2778 ἰατρὸν
1120 2709 1219 2759 οὐκ
1267 2707 1332 2759 ἂν
1363 2708 1607 2775 ποιήσειε
1651 2704 1901 2775 βασιλεὺς
1945 2702 2063 2755 ούδέ

403 2796 623 2866 ῥήτορα,
653 2793 829 2855 οὕτως
852 2793 970 2845 οὺδέ
999 2795 1250 2863 ἄρχονταο
1282 2792 1343 2843 ού
1366 2791 1474 2862 γὰρ
1495 2790 1561 2844 τὰ
1588 2790 1891 2861 γράμματα
1925 2789 2067 2840 ποιεῖ

400 2884 630 2952 ἄρχοντα
653 2923 667 2947 ,
702 2882 821 2934 οὐδὲ
851 2883 910 2934 τὸ
938 2882 1126 2949 δνομα.
1174 2880 1346 2945 Ἐπεὶ,
1382 2880 1432 2932 εί
1462 2878 1671 2948 βούλει,
1719 2874 2065 2944 οίκοδομείτω

398 2986 479 3030 τις
518 2972 769 3039 ἰατρεῖον,
804 2968 978 3037 ἐχέτω
1025 2967 1118 3019 καὶ
1171 2966 1441 3037 μαθητὰς,
1496 2966 1667 3034 ἐχέτω
1717 2964 1810 3016 καὶ
1858 2962 2063 3034 ὄργανα

400 3056 490 3107 καὶ
520 3056 805 3126 φάρμακα,
839 3053 930 3106 καὶ
979 3053 1162 3104 εἰσίτω
1209 3051 1344 3121 πρὸς
1394 3052 1519 3113 τοὺς
1574 3049 1880 3121 κάμνοντας
1905 3065 1918 3078 ·
1953 3043 2063 3117 ἆρα

399 3148 553 3216 ἀρκεῖ
588 3143 757 3195 ταῦτα
791 3142 1010 3212 ποιῆσαι
1058 3140 1276 3209 ίατρόν;
1323 3138 1586 3207 Οὐδαμῶς
1612 3155 1625 3168 ·
1665 3137 1799 3190 ἀλλά
1830 3136 1910 3189 δεῖ
1963 3128 2063 3207 τῆς

399 3232 613 3299 τέχνης.
648 3229 743 3280 καὶ
769 3227 968 3295 ταύτης
995 3226 1146 3289 ἄνευ,
1181 3226 1241 3277 06
1278 3225 1434 3294 μόνον
1463 3223 1635 3276 ταῦτα
1659 3223 1811 3275 οὐδὲν
1842 3222 2059 3289 ὠφελεῖ,

401 3319 537 3370 ἀλλὰ
590 3316 684 3368 καὶ
739 3314 995 3384 βλάπτει·
1027 3313 1116 3365 τὸν
1153 3312 1260 3382 γάρ
1302 3311 1403 3363 οὐκ
1454 3311 1635 3382 ίατρὸν
1678 3310 1884 3380 βέλτιον
1930 3310 2064 3379 μηδὲ

395 3404 538 3473 ἐχειν
569 3403 853 3471 φάρμακα.
900 3402 958 3453 Ὃ
1000 3400 1098 3470 μὲν
1136 3394 1226 3451 οὖν
1262 3398 1335 3468 μὴ
1369 3397 1505 3467 ἔχων
1559 3396 1683 3449 οὔτε
1736 3397 1897 3461 σώζει
1940 3397 2064 3450 οὒτε

397 3490 708 3543 ἀπόλλυσιν·
741 3492 769 3541 0
814 3488 870 3540 δὲ
916 3486 1051 3557 ἔχων
1074 3525 1087 3550 ,
1125 3486 1416 3538 ἀπόλλυσιν
1442 3497 1491 3548 δ,
1537 3486 1638 3537 οὐκ
1678 3483 1832 3548 εἰδὼς
1856 3523 1871 3549 ,
1917 3486 2064 3547 ὅπως

398 3579 686 3648 χρήσηται·
720 3576 906 3641 ἐπειδὴ
930 3577 1029 3627 οὐκ
1055 3576 1111 3626 ἐν
1142 3577 1206 3644 τῇ
1239 3573 1393 3641 φύσει
1417 3573 1523 3624 τῶν
1567 3574 1874 3643 φαρμάκων
1918 3575 2064 3626 ἐστὶν

398 3667 431 3735 ἡ
464 3665 704 3732 σωτηρία
740 3664 918 3733 μόνον,
952 3662 1087 3715 ἀλλά
1121 3663 1214 3715 καὶ
1245 3662 1303 3713 ἐν
1334 3663 1398 3731 τῇ
1446 3661 1607 3733 τέχνῃ
1642 3660 1734 3712 τοῦ
1766 3661 2065 3730 προσάγονο

397 3764 504 3809 τος·
532 3747 716 3799 τούτου
746 3745 854 3817 γὰρ
890 3745 964 3816 μὴ
1004 3745 1172 3809 ὄντος,
1203 3745 1382 3797 πάντα
1419 3743 1760 3812 διέφθαρται.
1809 3742 2063 3813 T010610;

398 3836 491 3887 καὶ
523 3836 550 3885 ὁ
574 3833 754 3903 ἄρχων
788 3834 955 3886 ἐστίν’
990 3832 1101 3902 ἔχει
1133 3832 1361 3903 ὄργανα,
1391 3833 1491 3901 τὴν
1520 3830 1729 3901 φωνὴν,
1752 3832 1841 3884 τὸν
1870 3832 2059 3901 θυμὸν,

397 3924 522 3984 τοὺς
552 3922 795 3991 δημίους,
836 3922 933 3983 τὰς
975 3920 1291 3991 ὑπερορίας,
1326 3919 1423 3982 τὰς
1452 3920 1617 3989 τιμὰς
1641 3960 1656 3984 ,
1705 3920 1803 3983 τὰς
1832 3920 2059 3989 δωρεὰς,

397 4014 524 4075 τοὺς
548 4013 818 4073 ἐπαίνους⁸
856 4010 971 4080 ἔχει
1003 4012 1095 4062 καὶ⁵
1116 4011 1404 4079 φάρμακα,
1434 4009 1558 4071 τοὺς
1588 4010 1803 4079 νόμους·
1828 4008 1939 4078 ἔχει
1968 4009 2063 4061 καὶ

399 4102 721 4170 κάμνοντας,
768 4098 891 4160 τοὺς
926 4094 1243 4165 ἀνθρώπους
1269 4113 1284 4127 ·
1317 4095 1427 4166 ἔχει
1462 4096 1843 4167 ἐργαστήριον,
1887 4095 1950 4147 τὸ
1986 4095 2061 4148 δι-

398 4184 709 4253 καστήριον
742 4181 852 4251 ἔχει
888 4181 1155 4251 μαθητὰς,
1190 4182 1316 4245 τοὺς
1363 4180 1722 4250 στρατιώτας
1761 4180 1827 4233 ἂν
1858 4175 1951 4232 οῦν
1982 4179 2056 4250 μὴ

400 4269 511 4338 εἱδῇ
539 4270 637 4338 τὴν
667 4269 975 4338 ἐπιστήμην
996 4268 1093 4337 τὴν
1132 4266 1407 4339 ἰατρικὴν,
1440 4266 1592 4320 οὐδὲν
1618 4265 1819 4319 τούτων
1848 4266 2057 4334 ὄφελος.

412 4356 469 4408 '0
500 4352 754 4424 δικαστὴς
789 4354 969 4424 ἰατρὸς
1006 4355 1193 4424 ψυχῶν
1236 4358 1407 4417 ἐστιν,
1444 4354 1566 4423 οὐχὶ
1600 4354 1891 4423 σωμάτων·
1921 4356 1969 4405 εί
2004 4352 2059 4405 δὲ

399 4439 535 4510 αὕτη
573 4442 606 4510 ή
651 4440 916 4509 σωμάτων
948 4441 1212 4510 τοσαύτης
1260 4441 1430 4494 δεῖται
1486 4440 1836 4510 ἐπιμελείας,
1882 4439 2062 4509 πολλῷ

402 4528 599 4597 μᾶλλον
626 4527 771 4598 ήτῆς
812 4527 1009 4596 ψυχῆς,
1039 4528 1226 4597 ἐπειδὴ
1256 4528 1348 4581 καί¹
1376 4525 1573 4596 μείζων
1594 4526 1738 4597 ψυχὴ
1774 4527 2058 4598 σωμάτων.

397 4616 512 4669 υὺκ
537 4614 644 4685 ἄρα
672 4613 732 4666 τὸ
760 4613 928 4684 δρομα
957 4613 1099 4683 ἔχειν
1136 4615 1391 4683 ἄρχοντος
1424 4613 1659 4683 ἄρχοντά
1702 4617 1851 4667 ἐστιν
1889 4607 2055 4667 εἶναι·

397 4701 517 4754 ἐπεὶ
542 4702 633 4753 καὶ
658 4700 804 4754 ἄλλοι
836 4700 1127 4754 καλοῦνται
1160 4701 1371 4770 μεγάλα
1395 4700 1652 4771 ὀνόματαο
1685 4695 1794 4753 οἷον
1828 4699 2056 4766 Παῦλος,

396 4788 623 4856 Πέτρος,
660 4786 936 4851 Ἰάκωϐος,
982 4786 1233 4855 Ἰωάννης
1258 4804 1271 4815 ·
1299 4786 1415 4839 ἀλλ’
1450 4787 1547 4838 οὐκ
1592 4786 1699 4838 ἀπὸ
1736 4786 1842 4839 τῶν
1872 4788 2060 4857 ὀνομά-

395 4888 502 4922 των
556 4870 690 4922 elo-1v
744 4871 887 4939 ἆπερ
939 4870 1269 4934 καλοῦνται,
1319 4871 1569 4941 καθάπερ
1608 4871 1728 4924 οὐδὲ
1776 4871 1905 4940 ἐγώ·
1942 4871 2055 4926 ἀλλ’

397 4956 514 5025 εἰμὶ
539 4956 631 5008 τοῦ
665 4956 934 5025 μακαρίου
973 4958 1067 5026 μὲν
1097 4958 1306 5011 ἐκείνου
1338 4959 1656 5029 ὁμώνυμος,
1691 4960 1751 5011 ού
1800 4959 1906 5030 μὴν
1933 4976 2056 5012 συν-

395 5041 625 5112 ώνυμος·
663 5043 759 5094 οὐκ
804 5045 919 5113 είμί
956 5043 1227 5114 Ἰωάννης,
1260 5044 1393 5099 ἀλλά
1430 5045 1720 5115 καλοῦμαι.
1758 5046 1914 5099 Οὕτω
1957 5046 2057 5097 κά-

394 5133 564 5183 κεῖνοι
599 5131 698 5183 οὐκ
751 5131 888 5184 εἰσὶν
936 5130 1234 5202 ἄρχοντες,
1296 5132 1439 5185 ἀλλά
1473 5132 1784 5186 καλοῦνται.
1837 5134 1957 5186 Εἰσὶ
2001 5133 2055 5185 δὲ

394 5217 586 5269 ἐκεῖνοι
613 5219 869 5287 ἄρχοντες
898 5218 989 5270 καὶ
1015 5222 1179 5288 χωρὶς
1201 5221 1426 5281 τούτων,
1447 5219 1635 5289 ὥσπερ
1668 5220 1761 5273 καὶ
1789 5220 1969 5289 ἰατρὸς
2004 5218 2051 5284 δ,

396 5300 494 5353 κᾶν
529 5304 599 5371 μὴ
633 5304 827 5375 χρῆται
857 5306 919 5373 τῇ
948 5306 1240 5376 ἐπιστήμῃ,
1271 5306 1371 5377 ἔχῃ
1399 5305 1454 5358 δὲ
1489 5306 1659 5374 αὐτὴν
1686 5306 1743 5357 ἐν
1774 5307 1841 5376 τῇ
1870 5304 2015 5374 ψυχῇ
2036 5347 2050 5370 ,

399 5388 573 5456 ἱατρός
608 5391 772 5444 ἐστιν.
808 5390 957 5444 Εἰσὶν
1004 5391 1256 5461 ἄρχοντες
1312 5392 1519 5446 ἐαυτῶν
1578 5393 1856 5463 ἄρχοντες·
1917 5392 2054 5463 Τρία

395 5474 501 5543 Υὶῑρ
528 5475 696 5529 ταῦτά
719 5480 834 5530 ἐστι
866 5478 1030 5549 ψυχῇ,
1070 5480 1236 5544 οἰκία,
1272 5481 1443 5545 πόλις,
1478 5481 1793 5552 οἰκουμένηο
1829 5481 1921 5534 καὶ
1951 5480 2052 5550 ὁδῷ

454 5623 643 5702 "Hice:
672 5628 799 5702 ἔχων,
836 5632 1111 5696 ἀπόλλυσιν,
1157 5632 1335 5683 desunt
1379 5636 1435 5683 in
1456 5650 1568 5684 uno.
1622 5635 1650 5676 ιι
1683 5636 1801 5696 Alii,
1846 5638 2045 5686 τούτων.

396 5686 491 5735 Καὶ
511 5689 599 5751 γὰρ
622 5690 649 5739 0
672 5686 842 5753 ἰατρός.

1184 503 1240 559 S.
1277 497 1562 556 JOANNIS
1600 490 2096 552 CIIRYSOSTQMI
2121 490 2443 550 ABCIIIEP.
2480 488 3032 546 CONSTANTINOP.

3727 479 3840 539 366

2167 608 2233 660 τά
2256 606 2552 678 πράγματα
2584 605 2884 678 προϐαίνει.
2932 606 3024 658 Δεῖ
3061 601 3237 656 τοίνυν
3281 600 3372 655 τὸν
3417 598 3680 671 μέλλοντα
3708 598 3841 651 ἐπι-

2168 693 2451 764 στήσεσθαι
2476 694 2672 759 οἰκίας,
2724 695 2819 747 καὶ
2847 691 3027 755 καλῶς
3066 690 3237 759 αὐτὴν
3281 688 3676 757 οίκοδομήσειν,
3706 686 3844 755 πρό-

2163 798 2315 853 τερον
2340 780 2436 851 τὴν
2466 782 2646 851 ψυχὴν
2670 782 2769 852 τὴν
2802 780 2995 835 ἐαυτοῦ
3029 778 3330 850 ῥυθμίζειν·
3356 776 3503 831 οἰκία
3533 774 3641 846 γὰρ
3664 773 3839 829 αὑτοῦ

2165 871 2330 921 ἐστιν’
2355 868 2404 921 εί
2430 868 2485 921 δέ
2509 867 2607 939 τὴν
2634 869 2829 922 ἐαυτοῦ
2861 869 2935 939 μὴ
2964 867 3197 931 δύναιτο,
3230 865 3356 919 ἔνθα
3388 864 3486 935 μία
3507 862 3676 933 ψυχή,
3702 861 3842 917 ἔνθα

2166 954 2349 1025 κύριος
2375 955 2560 1019 αὐτὸς,
2591 954 2719 1008 ἔνθα
2748 956 2835 1007 ἀεὶ
2870 954 3117 1007 σύνεστιν
3155 953 3355 1024 ἐαυτῷ,
3404 951 3519 1016 πῶς
3562 952 3689 1014 τοὺς
3734 949 3841 1003 άλ-

2165 1041 2285 1106 λους
2333 1043 2711 1113 οἰκοδομήσας
2773 1041 2923 1114 [596]
2984 1043 3045 1094 Ὀ
3103 1040 3201 1111 τὴν
3252 1040 3430 1111 ψυχὴν
3485 1039 3584 1110 τήν
3636 1034 3843 1091 ἐαυτοῦ

2168 1128 2429 1198 ρυθμίσαι
2468 1130 2795 1201 δυνάμενος,
2835 1128 2929 1182 καὶ
2968 1127 3029 1181 τὸ
3083 1128 3183 1198 μὲν
3237 1126 3404 1179 ποιῶν
3431 1124 3647 1195 ἄρχειν,
3680 1121 3741 1175 τὸ
3777 1121 3842 1174 δὲ

2166 1214 2446 1284 ἄρχεσθαι,
2481 1209 2636 1280 οὗτος
2669 1217 2763 1269 καὶ
2790 1216 2965 1269 οἰκίαν
2991 1214 3295 1285 δυνήσεται’
3330 1213 3358 1265 0
3388 1211 3446 1263 δέ
3490 1208 3688 1271 οἰκίαν,
3735 1209 3843 1262 καί⁵

2166 1301 2343 1355 πόλιν·
2372 1305 2400 1357 0
2431 1304 2486 1357 δὲ
2515 1303 2688 1367 πόλιν,
2733 1303 2827 1357 καὶ
2858 1302 3203 1371 οἰκουμένην.
3239 1300 3299 1353 El
3341 1299 3399 1351 δέ
3427 1297 3603 1367 ψυχὴν
3631 1294 3733 1349 οὐκ
3770 1293 3842 1348 ἂν

2166 1389 2401 1454 δύναιτο,
2452 1391 2567 1454 πῶς
2595 1390 2920 1459 οἰκουμένην
2953 1388 3281 1459 δυνήσεταις
3326 1384 3512 1439 Ταῦτά
3552 1399 3641 1453 μοι
3682 1382 3844 1452 εἴρη-

2166 1494 2274 1540 ται,
2314 1478 2399 1530 ἵνα
2428 1477 2503 1548 μή
2531 1472 2678 1548 ὦμεν
2713 1477 3045 1546 ἐπτοημένοι
3080 1475 3215 1544 πρὸς
3242 1473 3439 1545 ἀρχὰς,
3469 1473 3556 1527 ἵνα
3578 1470 3841 1541 εἰδῶμεν,

2167 1565 2219 1618 τί
2258 1565 2387 1618 ποτέ
2428 1566 2575 1618 ἐστιν
2617 1565 2781 1635 ἀρχήο
2827 1562 2988 1619 τοῦτο
3027 1563 3138 1632 γὰρ
3170 1564 3271 1615 οὐκ
3298 1560 3460 1632 ἀρχή,
3497 1559 3633 1613 ἀλλά
3665 1556 3847 1611 κατά-

2168 1652 2340 1721 γελως
2384 1652 2478 1705 καὶ
2516 1651 2751 1716 δουλεία,
2787 1650 2881 1704 καὶ
2914 1651 3084 1721 μυρία
3114 1650 3277 1721 ἐτερα
3308 1650 3381 1703 ἄν·
3413 1665 3501 1711 τις
3530 1646 3842 1699 καλέσειεν.

2168 1741 2302 1793 Εἰπέ
2342 1758 2453 1811 μοι,
2480 1740 2532 1793 τί
2560 1742 2704 1792 ἐστιν
2727 1738 2983 1809 ἄρχοντος
3010 1737 3167 1803 ῐδιον;
3201 1733 3309 1806 ἆρα
3338 1736 3459 1805 οὐχ).
3486 1734 3547 1786 τὸ
3564 1745 3586 1773 ο
3606 1732 3845 1802 ὠφελεῖν

2167 1831 2290 1891 τοὺς
2341 1828 2672 1900 ἀρχομένους
2720 1828 2813 1879 καὶ
2844 1827 3187 1896 εὐεργετεῖν;
3236 1824 3300 1877 Τί
3326 1819 3441 1887 οὖν,
3469 1822 3534 1877 ἂν
3562 1822 3718 1875 τοῦτο
3762 1818 3845 1893 μὴ

2170 1915 2429 1985 γένηται;
2462 1914 2580 1975 πῶς
2612 1913 2833 1984 ἐτέρους
2851 1912 3121 1983 ὠφελήσει
3149 1913 3176 1965 0
3206 1911 3395 1973 ἐαυτὸν
3417 1911 3492 1981 μὴ
3518 1909 3842 1979 ώφελήσαςς

2169 2005 2197 2055 0
2229 2003 2426 2073 μυρίας
2452 2001 2591 2072 έχων
2619 2000 2939 2073 τυραννίδας
2970 2002 3026 2052 ἐν
3056 2003 3120 2071 τῇ
3149 1998 3295 2069 ψυχῇ
3323 2000 3432 2051 τῶν
3480 1997 3687 2061 παθῶν,
3718 1998 3846 2061 πῶς

2168 2094 2266 2156 τάς
2298 2094 2498 2164 ἐτέρων
2540 2092 2801 2161 ἐκκόψει;
2848 2091 3005 2145 Οὕτω
3038 2092 3134 2143 καὶ
3174 2090 3386 2161 τρυφή’
3432 2089 3529 2158 οὐχ
3554 2087 3694 2157 αῦτη
3719 2088 3846 2140 ἐστὶ

2170 2181 2370 2252 τρυφὴ,
2406 2179 2522 2235 ἀλλ’
2554 2180 2736 2250 ἐτέρα.
2770 2180 2983 2248 Ὠσπερ
3021 2176 3130 2247 γὰρ
3162 2176 3344 2247 ἄρχων
3372 2175 3581 2246 ἐδείχθη
3621 2175 3718 2245 οὐχ
3744 2170 3843 2229 οὗ·

2170 2285 2282 2331 τος,
2308 2268 2420 2322 ἀλλ’
2449 2268 2651 2339 ἐτερος·
2688 2266 2830 2320 οὓτω
2866 2267 2959 2319 καὶ
2995 2267 3023 2318 0
3053 2264 3269 2335 τρυφῶν
3296 2263 3481 2335 ἕτερός
3513 2264 3649 2315 ἐςτι.
3679 2264 3847 2315 Δοκεῖ

2175 2355 2271 2424 μὲν
2328 2356 2431 2425 γὰρ
2484 2351 2620 2408 εἶναι
2671 2353 2874 2425 τρυφὴ,
2928 2351 2988 2404 τὸ
3038 2352 3134 2421 τῆς
3181 2350 3374 2421 ήδονῆς
3418 2348 3709 2403 ἀπολαύειν
3742 2350 3845 2401 καὶ

2171 2435 2578 2511 γαστρίζεσθαι·
2619 2443 2719 2494 οὐκ
2770 2439 2886 2493 ἐστι
2934 2438 2989 2490 δὲ
3022 2436 3196 2502 τοῦτο,
3232 2437 3367 2491 ἀλλά
3410 2436 3742 2502 τούναντίον,
3780 2436 3847 2489 τὸ

2168 2527 2344 2598 ψυχὴν
2374 2527 2518 2597 ἔχειν
2546 2528 2869 2600 θαυμαστὴν
2902 2522 2995 2580 καὶ
3027 2532 3083 2582 ἐν
3116 2530 3275 2599 ήδονῇ
3320 2523 3479 2580 εἶναι.
3517 2525 3698 2577 Ἔστω
3726 2525 3843 2595 γάρ

2166 2631 2249 2677 τις
2278 2615 2493 2677 ἐσθίων,
2545 2618 2737 2680 πίνων,
2775 2620 3060 2672 σπαταλῶν
3082 2659 3097 2686 ,
3139 2618 3328 2671 ἔπειτα
3378 2612 3707 2685 φροντιξέτω
3741 2612 3843 2665 καὶ

2169 2701 2463 2773 ἀθυμείτωδ
2503 2704 2577 2774 μὴ
2612 2705 2833 2758 δύναται
2862 2701 3013 2768 0610;
3044 2701 3186 2759 εἶναι
3213 2706 3270 2758 ἐν
3301 2704 3481 2774 τρυφῇ
3508 2719 3521 2767 ;
3573 2701 3689 2753 Οὐκ
3729 2698 3844 2770 ἄρα

2169 2793 2229 2845 τὸ
2252 2792 2448 2848 ἐσθίειν
2486 2796 2579 2849 καὶ
2609 2796 2784 2849 πίνειν
2833 2794 3032 2866 τρυφή,
3078 2793 3214 2848 ἀλλά
3254 2792 3316 2846 τὸ
3363 2794 3419 2845 ἐν
3473 2790 3633 2861 ήδονῇ
3674 2784 3839 2842 εἶναι.

2174 2882 2354 2934 Ἔστω
2386 2899 2469 2945 τις
2522 2882 2684 2952 ξηρὸν
2736 2882 3027 2953 λαμϐάνων
3084 2882 3267 2953 ἄρτον,
3324 2880 3420 2933 καὶ
3472 2875 3846 2948 ἐμπιπλᾶσοω

2173 2969 2289 3036 μετ’
2314 2968 2669 3038 εὐφροσύνης·
2707 2964 2816 3039 ἆρα
2848 2969 3005 3045 τοῦτο
3038 2970 3232 3039 ήδονής
3276 2965 3483 3021 Οὐκοῦν
3510 2966 3603 3019 καὶ
3630 2966 3841 3035 τρυφή.

2173 3054 2399 3124 Ἰδωμεν
2443 3050 2554 3118 οὖν,
2582 3056 2688 3108 τίνι
2720 3056 3079 3125 παραγίνεται
3114 3054 3275 3123 αὕτη,
3302 3058 3413 3117 τοῖς
3442 3052 3764 3106 πλουτοῦσιν
3803 3050 3840 3123 ἢ

2167 3142 2280 3202 τοῖς
2305 3140 2378 3211 μὴ
2414 3140 2730 3195 πλουτοῦσιν
2752 3158 2766 3207 ;
2792 3140 2929 3197 Οῦτε
2958 3142 3169 3203 τούτοις
3201 3139 3407 3203 ἁπλῶς,
3432 3137 3555 3191 οὒτε
3585 3138 3843 3203 ἐκείνοις,

2171 3225 2305 3278 ἀλλά
2332 3228 2442 3288 τοὶς
2474 3225 2616 3279 οὕτω
2648 3225 3116 3288 κατασκευάζουσι
3144 3225 3241 3295 τὴν
3269 3223 3446 3295 ψυχὴν
3473 3224 3573 3293 τὴν
3604 3223 3843 3291 ἑαυτῶν,

2170 3313 2310 3367 ὥστε
2343 3312 2417 3384 μὴ
2458 3312 2657 3377 πολλάς
2714 3313 2859 3384 ἔχειν
2908 3312 3154 3382 ἁθυμιῶν
3185 3312 3491 3375 ὑποθέσεις.
3528 3312 3639 3365 Καὶ
3686 3310 3846 3376 ποῖός

2171 3401 2317 3453 ἐστιν
2342 3395 2496 3464 0610;
2529 3400 2557 3452 0
2592 3399 2732 3470 βίος;
2770 3402 2901 3462 ἴσως
2933 3400 3048 3471 ἐρεῖ
3078 3416 3162 3462 τις
3189 3396 3236 3437 ἀο
3268 3398 3379 3469 6ρῶ
3407 3396 3517 3469 γὰρ
3540 3397 3848 3467 κεχηνότας

2171 3489 2417 3550 ἅπαντας
2444 3488 2537 3541 καὶ
2567 3486 2920 3558 βουλομένους
2968 3485 3217 3550 ἀκοῦσαι,
3253 3486 3337 3548 τίς
3368 3486 3518 3539 ἐστιν
3549 3486 3577 3537 0
3610 3486 3725 3555 βίος
3746 3478 3847 3539 06-

2169 3591 2259 3638 10;
2281 3578 2309 3628 0
2337 3574 2411 3644 μὴ
2438 3574 2576 3645 ἔχων
2602 3573 2862 3644 ἀθυμίας.
2889 3573 3099 3626 Οὐκοῦν
3131 3573 3498 3643 ὁμολογείσθω
3526 3576 3651 3643 παρ’
3682 3573 3851 3642 ὑμῶν

2170 3662 2402 3733 πρῶτον,
2433 3663 2515 3716 δτι
2544 3659 2700 3714 τοῦτο
2738 3661 2920 3733 ήδονὴ,
2955 3660 3110 3714 τοῦτο
3133 3660 3333 3731 τρυφὴ,
3366 3661 3491 3714 ὅταν
3519 3661 3724 3729 ἀθυμία
3764 3661 3848 3732 μὴ

2170 3748 2380 3820 ἐνοχλῇ,
2413 3749 2506 3803 καὶ
2539 3749 2612 3819 μὴ
2656 3749 2860 3820 ἀπαιτῇ
2898 3749 3025 3819 παρ’
3058 3747 3193 3818 ἐμοῦ
3242 3748 3380 3818 κρέα
3427 3750 3521 3801 καὶ
3555 3743 3695 3800 οἶνον
3744 3749 3848 3801 καὶ

2169 3835 2566 3907 καρυκεύματα
2597 3836 2693 3888 καὶ
2729 3837 2920 3905 ἱμάτια
2950 3834 3150 3905 σηρικὰ
3180 3834 3275 3887 καὶ
3304 3834 3506 3907 πλῆθος
3536 3832 3845 3905 τραπέζης.

2166 3923 2291 3977 Αλλ’
2350 3923 2415 3977 ἂν
2468 3922 2630 3987 δείξω
2678 3923 2887 3976 τούτων
2936 3923 3108 3994 χωρὶς
3159 3924 3403 3994 παρόντα
3442 3923 3534 3974 τὸν
3582 3921 3693 3991 βίον
3741 3921 3846 3977 τὸν

2168 4009 2428 4075 τοιοῦτον,
2456 4010 2660 4081 ταύτην
2688 4011 2785 4082 τὴν
2815 4009 3007 4081 ήδονὴν
3032 4010 3340 4079 ἀγάπησον,
3363 4009 3549 4062 τοῦτον
3581 4008 3671 4062 τὸν
3699 4007 3842 4078 βίον·

2169 4098 2237 4151 τά
2267 4098 2376 4168 γὰρ
2412 4098 2581 4151 πολλὰ
2618 4100 2681 4150 ἐκ
2711 4097 2801 4151 106
2843 4098 2916 4168 μὴ
2952 4096 3261 4165 λογίζεσθαι
3290 4095 3517 4159 δεόντως
3546 4096 3850 4165 παραγίνε-

2168 4202 2257 4237 ται
2283 4187 2413 4254 ήμῖν
2446 4185 2552 4237 τῶν
2576 4184 2854 4255 λυπηρῶν.
2883 4183 2977 4247 Τίς
3018 4180 3112 4237 οὖν
3142 4183 3363 4237 πλείονα
3386 4183 3783 4254 λυπηθήσεται,
3814 4184 3848 4237 0

2172 4272 2397 4344 μηδενὸς
2430 4271 2607 4325 αὐτῶν
2638 4270 2962 4342 φροντίζων,
2993 4270 3025 4339 ἢ
3058 4274 3085 4325 0
3120 4270 3459 4342 φροντίζων;
3512 4274 3541 4323 0
3571 4271 3849 4343 φοϐούμε-

2167 4374 2257 4422 νος
2286 4358 2383 4421 τὰς
2419 4356 2737 4428 μεταϐολὰς,
2764 4356 2797 4427 ἢ
2830 4360 2858 4410 0
2889 4358 2963 4426 μὴ
3006 4356 3398 4427 φοϐούμενος;,
3422 4359 3450 4410 0
3514 4356 3851 4427 βασκανίαν,

2167 4447 2195 4499 0
2227 4444 2436 4514 φθόνον,
2467 4446 2494 4497 0
2535 4444 2917 4512 συκοφαντίας,
2963 4445 2991 4495 0
3025 4443 3335 4509 ἐπιϐουλὰς,
3381 4443 3410 4497 0
3447 4445 3721 4499 ἀπώλειαν
3749 4445 3848 4500 δε-

2166 4532 2380 4598 δοικὼς,
2408 4533 2441 4604 ἢ
2469 4534 2495 4586 0
2526 4531 2730 4586 τούτων
2758 4531 2946 4598 ἐκτὸς;
2972 4531 3001 4583 0
3032 4532 3289 4586 πλειόνων
3317 4531 3587 4603 δεόμενος,
3616 4533 3650 4605 ἢ
3677 4535 3706 4587 0
3729 4551 3845 4608 μη-

2166 4621 2341 4685 δενός;
2370 4622 2398 4673 0
2428 4618 2947 4693 μυρίοιςδουλεύων,
2979 4618 3011 4689 ἢ
3044 4622 3073 4672 0
3103 4619 3327 4691 μηδενί;
3357 4621 3386 4673 0
3416 4619 3624 4690 μυρίων
3643 4620 3847 4691 χρείαν

2166 4706 2323 4778 ἔχων,
2356 4708 2389 4778 ἢ
2424 4710 2452 4761 0
2479 4706 2792 4779 ἐλεύθερος;
2830 4708 2859 4760 0
2896 4707 2990 4760 ἕνα
3014 4708 3278 4777 δεσπότην
3313 4706 3699 4777 δεδοικὼς,ἢὸ
3731 4727 3845 4781 μυ-

2166 4796 2346 4867 ρίους;
2379 4793 2587 4848 Οὐκοῦν
2618 4795 2819 4865 μείζων
2853 4796 2886 4864 ή
2922 4793 3082 4864 ήδονὴ
3112 4792 3360 4846 ἐνταῦθα.
3410 4793 3626 4863 Ταύτην
3653 4796 3842 4851 τοίνυν

2164 4881 2467 4950 διώκωμεν,
2500 4883 2593 4934 καὶ
2634 4881 2710 4951 μὴ
2748 4881 2876 4951 περὶ
2904 4878 2973 4933 τά
3004 4880 3245 4950 παρόντα
3289 4873 3439 4949 ὦμεν
3476 4882 3837 4953 ἐπτοημένου

2164 4964 2298 5017 ἁλλά
2330 4964 2723 5035 καταγελῶμεν
2756 4965 2935 5033 πάσης
2966 4963 3066 5032 τῆς
3108 4962 3200 5015 τοῦ
3237 4962 3353 5034 βίου
3383 4964 3702 5032 φαντασίας,
3735 4968 3838 5021 καὶ

2164 5051 2437 5121 πανταχοῦ
2467 5052 2567 5119 τῆς
2598 5051 2939 5124 συμμετρίας
2963 5044 3134 5120 ὦμεν,
3161 5051 3247 5103 ἵνα
3284 5050 3597 5121 δυνηθῶμεν
3623 5051 3837 5109 ἄλυπον

2161 5141 2251 5193 τὸν
2305 5139 2419 5209 βίον
2470 5137 2657 5190 τοῦτον
2716 5137 3026 5205 διαγαγεῖν,
3098 5139 3190 5190 καὶ
3236 5137 3345 5191 τῶν
3403 5138 3837 5209 ἐπηγγελμένων

2163 5226 2378 5295 ἀγαθῶν
2411 5227 2709 5293 ἐπιτυχεῖν,
2740 5224 2921 5295 χάριτι
2952 5224 3046 5277 καὶ¹
3080 5223 3456 5295 φιλανθρωπίᾳ
3486 5224 3582 5278 τοῦ
3619 5227 3834 5297 Κυρίου

2159 5313 2317 5383 ἡμῶν
2358 5312 2532 5383 Ἰησοῦ
2575 5310 2842 5383 Χριστοῦ,
2880 5311 2996 5381 μεθ’
3037 5304 3097 5364 o6
3125 5312 3201 5382 τῷ
3231 5312 3405 5379 Ᾰατρὶ
3439 5312 3554 5382 ἅμα
3580 5312 3657 5383 τῷ
3686 5313 3839 5386 ἁγίῳ

2162 5399 2438 5469 Πνεύματι
2470 5397 2616 5461 δόξα,
2651 5397 2870 5467 κράτος,
2899 5397 3055 5467 τιμὴ,
3082 5396 3177 5450 νῦν
3211 5397 3306 5451 καὶ
3338 5397 3445 5463 ἀεὶ,
3476 5397 3571 5453 καὶ
3596 5399 3674 5463 είς
3699 5400 3833 5465 τοὺς

2160 5486 2357 5550 αἰῶνας
2386 5484 2495 5537 τῶν
2531 5483 2760 5537 αἰώνων.
2810 5484 3004 5555 Ἀμήν.

2222 5640 2414 5705 ογιιιιιᾶ,
2458 5641 2561 5705 ἆρα,
2588 5640 2983 5705 οὐχὶᾼτόηόοεει
3017 5642 3063 5690 in
3091 5640 3398 5703 quibusdam.
3466 5641 3495 5681 ἁ
3529 5640 3677 5705 Illud,
3704 5642 3835 5705 ἴσως

2158 5704 2252 5751 έοίῖ
2274 5720 2361 5762 τις,
2385 5700 2533 5751 ἀθεεὶ
2552 5703 2600 5749 in
2625 5700 2933 5764 quibusdam.
