4072 6406
214 469 323 525 505

212 595 397 636 ranms
424 621 437 640 .
469 592 796 633 reveremur.
830 575 1018 629 Annon
1042 570 1233 626 videtis
1253 610 1268 636 ,
1295 566 1568 638 quomodo
1597 567 1642 620 is
1664 607 1677 631 ,
1711 564 1802 634 qui

212 670 476 724 terribilis
504 677 607 734 est,
641 668 892 722 omnibus
923 665 993 717 sit
1022 663 1223 715 invisus
1266 669 1321 714 et
1367 656 1759 714 abominandus
1783 659 1807 708 ἲ

210 761 352 828 Quid
386 760 526 815 enim
554 776 617 814 ex
649 759 746 822 iis,
785 771 904 826 qna‘.
938 764 1140 807 terrere
1168 759 1421 821 possunt,
1445 764 1553 804 non
1583 761 1803 802 aversa-

211 853 380 904 mur?
412 866 588 904 nonne
621 847 779 910 feras,
815 859 990 900 nonne
1025 844 1221 908 vultus,
1250 856 1427 897 nonne
1458 841 1595 903 loca,
1627 851 1806 891 nonne

207 960 419 1007 aerem,
444 943 629 1012 quales
658 938 935 994 tenebrat?

288 1036 345 1088 5.
379 1034 499 1087 Non
518 1034 578 1086 ab
597 1033 886 1085 hominibus
913 1031 1077 1083 timeri
1102 1029 1398 1098 aptandum.
1433 1027 1693 1093 Quantum
1720 1024 1806 1082 be-

211 1143 339 1178 num
373 1128 441 1180 sit
468 1125 643 1179 virtus.
666 1124 827 1179 —Ne
849 1125 1006 1192 igitur
1033 1136 1281 1190 magnum
1317 1129 1561 1187 putemus
1590 1131 1732 1182 esse,
1761 1115 1806 1170 si

209 1218 241 1270 h
271 1216 466 1284 nmines
485 1231 578 1271 nos
606 1216 846 1268 timeant.
871 1214 1103 1267 Primum
1131 1211 1275 1264 enim
1300 1210 1477 1306 nullus
1499 1224 1621 1262 vere
1644 1207 1806 1262 homo

208 1325 310 1362 nos
343 1309 501 1362 timet
534 1324 546 1360 :
579 1306 893 1369 secundum,
925 1320 1028 1358 non
1057 1318 1306 1373 magnum
1335 1299 1416 1356 cs't
1456 1301 1650 1355 timeri.
1692 1299 1803 1355 Ma-

206 1417 373 1468 gnum
406 1399 605 1454 bonum
639 1401 808 1452 virtus
835 1407 953 1450 cst:
988 1407 1041 1450 et
1068 1395 1186 1449 vide
1219 1394 1490 1464 quomodo
1531 1408 1800 1461 magnum.

209 1491 328 1545 Etsi
358 1506 446 1544 res
475 1491 616 1556 illas,
636 1490 828 1559 quibus
857 1496 1100 1554 conStat,
1134 1488 1359 1540 miseras
1398 1485 1764 1540 exisumemus
1787 1525 1802 1551 ,

210 1577 354 1633 il'am
388 1588 571 1635 tamen
610 1579 911 1632 mirabilem
929 1577 1243 1645 beatamque
1267 1573 1640 1646 przedicatnus.
1672 1574 1806 1641 Quis

208 1674 355 1726 enim
389 1689 495 1726 non
528 1672 740 1726 beatum
773 1670 1026 1740 praedicet
1056 1669 1435 1740 philosophum
1461 1709 1476 1734 ,
1527 1669 1625 1721 etsi
1672 1682 1803 1736 pan-

208 1774 394 1830 pertas
423 1771 473 1814 et
501 1761 697 1815 similia
725 1761 922 1814 misera
963 1772 1083 1814 esse
1127 1757 1453 1812 videantur?
1498 1755 1628 1812 Cum
1678 1772 1806 1826 ergo

212 1869 307 1920 [er
336 1868 423 1919 ea,
449 1868 568 1922 quae
601 1854 793 1906 misera
821 1866 940 1906 esse
963 1851 1240 1918 videntur,
1279 1852 1371 1906 ille
1403 1851 1598 1920 fulgeat
1623 1893 1637 1916 ,
1687 1850 1807 1903 vide

209 1943 610 1996 excellentiam.
645 1943 828 1996 Altum
855 1944 1000 2012 sapis
1025 1943 1092 1997 de
1122 1943 1356 2012 potentia
1384 1983 1398 2007 ,
1429 1958 1462 1996 ο
1496 1941 1699 1994 homo?
1743 1940 1809 1993 Et

206 2048 332 2101 quae
363 2034 598 2100 potentia
627 2074 641 2099 ,
671 2047 886 2103 quzeso,
921 2033 1166 2088 ordinata
1206 2035 1326 2087 est?
1376 2034 1456 2088 Ab
1501 2032 1806 2086 hominibus

211 2134 406 2190 potens
450 2123 618 2177 factus
665 2138 725 2178 es
762 2136 776 2175 :
814 2125 955 2178 intus
1000 2124 1188 2177 ordina
1243 2125 1494 2193 tcipsum.
1551 2124 1808 2191 Princeps

208 2216 356 2267 enim
389 2226 492 2279 est,
524 2230 630 2269 non
658 2215 749 2285 qui
780 2225 1018 2279 vocatur,
1050 2214 1143 2269 sed
1193 2216 1283 2284 qui
1333 2231 1460 2269 vere
1506 2225 1608 2269 est.
1661 2214 1808 2268 Sicut

210 2304 357 2357 eam
394 2320 484 2358 rex
521 2321 692 2374 neque
724 2304 987 2358 medicum
1013 2319 1184 2374 neque
1210 2304 1480 2358 rhetorem
1517 2303 1697 2369 faciet,
1731 2303 1808 2357 sic

213 2412 391 2463 neque
418 2396 713 2465 principem
741 2411 756 2459 ;
790 2411 962 2463 neque
985 2397 1127 2450 enim
1152 2396 1233 2449 vel
1273 2396 1442 2450 litcrte
1483 2396 1563 2449 vel
1614 2411 1808 2449 nomen

217 2487 513 2555 principem
547 2487 769 2541 faciunt.
801 2487 952 2550 Nam,
985 2488 1028 2542 si
1062 2488 1160 2551 vis,
1189 2497 1430 2542 exstruat
1471 2489 1589 2558 quis
1637 2487 1809 2542 medi-

214 2580 354 2630 cina!
391 2578 660 2632 officinam
683 2620 695 2641 ,
732 2579 924 2634 habeat
951 2579 1112 2636 etiam
1145 2580 1457 2649 discipulos,
1492 2580 1685 2634 habeat
1727 2581 1807 2634 in-

215 2687 241 2724 s
271 2681 512 2725 rumenta
542 2683 594 2727 et
624 2674 907 2742 pharmaca
928 2714 942 2738 ,
974 2683 1028 2728 et
1062 2674 1255 2728 invisat
1285 2683 1516 2743 mgrotos
1550 2693 1561 2727 ε
1591 2689 1658 2727 an
1697 2674 1810 2728 haec

218 2772 444 2830 possunt
479 2762 696 2818 efficere
743 2765 1050 2819 medicum?
1095 2764 1341 2830 Minime;
1386 2765 1481 2820 scd
1526 2774 1642 2819 arte
1677 2780 1811 2835 opus

217 2861 304 2905 est
330 2895 342 2916 ,
374 2863 429 2907 et
453 2855 568 2908 sine
597 2854 684 2908 illa
713 2870 820 2910 non
861 2855 1021 2910 modo
1050 2856 1181 2910 nihil
1235 2855 1349 2910 haec
1401 2867 1623 2924 prosunt
1652 2897 1666 2921 ,
1717 2856 1810 2911 sed

219 2945 380 2997 etiam
407 2953 603 2999 nocent
636 2962 652 2999 :
685 2960 806 3001 eum
837 2949 1001 3012 enim,
1035 2948 1124 3016 qui
1156 2946 1393 3002 medicus
1427 2962 1530 3001 non
1560 2956 1665 3014 Cal,
1697 2962 1812 3001 me-

223 3035 324 3088 hus
346 3046 426 3089 est
455 3037 746 3105 pharmaca
776 3054 880 3092 non
908 3039 1131 3094 habere.
1160 3039 1258 3108 Qui
1293 3056 1397 3095 non
1428 3040 1610 3106 habet,
1641 3056 1813 3110 neque

219 3137 401 3180 Servat
440 3144 612 3197 neque
641 3129 813 3199 perdit
841 3148 856 3195 ;
889 3132 977 3200 qui
1011 3142 1188 3186 autem
1219 3133 1416 3197 habet,
1467 3133 1810 3202 pessumdat,

221 3219 467 3270 nesciens
503 3219 605 3272 illis
667 3221 792 3273 uti:
841 3223 1102 3291 siquidem
1148 3238 1250 3277 non
1300 3225 1350 3277 in
1404 3225 1813 3292 pharmaeorum

219 3316 408 3358 natura
441 3316 644 3361 tantum
671 3310 814 3364 salus
837 3322 918 3366 est
945 3353 960 3379 ,
992 3313 1086 3367 sed
1111 3313 1272 3367 etiam
1304 3314 1354 3367 in
1403 3323 1517 3368 arte
1562 3316 1762 3368 utentis
1797 3332 1808 3368 :

216 3413 337 3466 (μω
363 3399 406 3451 si
438 3415 542 3452 non
575 3401 751 3466 adsit,
776 3404 959 3456 onmia
992 3412 1238 3473 pereunt.
1271 3404 1418 3459 Talis
1467 3415 1521 3458 et
1565 3406 1814 3474 princeps

215 3499 303 3541 est
334 3506 346 3541 :
381 3488 539 3544 habet
569 3490 947 3558 instrumenta,
981 3508 1190 3559 vocem,
1225 3495 1376 3559 iram,
1412 3496 1644 3560 lictores,
1668 3496 1812 3549 exsi-

219 3579 326 3641 lia,
377 3579 646 3650 honores,
691 3583 870 3650 dona,
920 3585 1138 3652 laudes;
1184 3586 1346 3640 habet
1382 3596 1435 3642 et
1487 3587 1810 3656 phermaca,

219 3672 396 3741 leges;
432 3674 591 3728 habet
620 3691 794 3744 a'gros
814 3719 828 3742 ,
862 3677 1142 3742 homines;
1193 3678 1352 3732 habet
1383 3680 1685 3744 officinam,
1717 3682 1813 3733 tri-

217 3762 422 3826 bunal;
458 3763 619 3818 habet
647 3765 958 3835 discipulos,
993 3767 1194 3823 milites
1225 3787 1237 3822 :
1266 3780 1319 3822 at
1342 3769 1384 3821 si
1429 3785 1530 3822 non
1554 3770 1692 3824 adsit
1726 3785 1815 3826 ars

224 3853 438 3907 medica
460 3896 474 3918 ,
503 3855 618 3910 haec
642 3857 774 3910 nihil
818 3858 896 3911 illi
928 3858 1240 3928 proderunt.
1270 3859 1442 3914 Judex
1471 3861 1710 3915 medicus
1732 3871 1814 3916 est

216 3948 546 4013 animarum,
578 3965 683 4003 non
710 3965 996 4019 corporum
1033 3969 1043 4003 :
1075 3953 1118 4006 si
1141 3964 1319 4007 autem
1349 3967 1633 4022 corporum
1662 3954 1812 4009 vale-

217 4038 350 4092 tudo
376 4048 520 4091 tanta
544 4048 663 4108 eget
684 4055 846 4105 cura,
892 4043 1060 4097 multo
1098 4044 1265 4112 magis
1306 4045 1636 4113 animarum,
1687 4047 1809 4116 quia

219 4126 395 4196 major
433 4129 607 4181 anima
639 4144 884 4198 corpore.
915 4131 1029 4185 Non
1060 4148 1187 4202 ergo
1211 4149 1405 4188 nomen
1439 4135 1637 4191 habere
1661 4137 1813 4207 prin-

216 4219 375 4287 cipis,
409 4229 492 4273 cst
523 4235 642 4276 esse
690 4222 982 4293 principem
1021 4243 1034 4279 :
1068 4227 1500 4296 quandoquidem
1554 4240 1812 4285 vocantur

217 4319 272 4361 ct
299 4308 388 4363 alii
423 4312 628 4380 magnis
657 4313 988 4381 nominibus,
1021 4316 1170 4371 verbi
1210 4319 1380 4387 gratia
1421 4320 1654 4387 Paulus,
1705 4322 1808 4377 Pe-

215 4408 357 4463 trus,
382 4399 636 4470 Jacobus,
664 4402 930 4471 Joannes;
963 4406 1060 4461 sed
1089 4424 1194 4462 non
1217 4423 1280 4462 ex
1301 4410 1608 4466 nominibus
1633 4414 1664 4465 ii
1687 4423 1811 4468 sunt

216 4491 310 4558 qui
343 4502 604 4547 vocantur
638 4512 651 4547 :
686 4503 743 4548 ut
773 4505 827 4550 et
856 4512 954 4566 ego
983 4514 1101 4552 sum
1126 4499 1341 4569 quidem
1369 4500 1509 4555 beati
1535 4503 1675 4556 illius
1715 4505 1812 4559 ho-

219 4597 510 4652 monymus
536 4584 647 4639 sive
677 4587 1010 4655 cognominis
1030 4630 1044 4655 ,
1078 4604 1183 4643 non
1213 4603 1389 4644 autem
1434 4609 1762 4664 synonymns
1795 4614 1807 4649 :

216 4687 324 4726 non
355 4687 473 4727 sum
500 4674 755 4742 Joannes,
787 4675 877 4732 sed
903 4693 1081 4734 vocor.
1111 4681 1197 4736 Sic
1224 4693 1276 4736 et
1306 4684 1375 4736 illi
1401 4699 1506 4737 non
1527 4695 1650 4739 sunt
1669 4688 1811 4755 prin-

217 4766 402 4833 cipes,
430 4768 525 4821 sed
559 4778 838 4823 vocantur.
871 4770 1006 4826 Sunt
1034 4783 1210 4827 autem
1244 4775 1318 4828 illi
1351 4777 1620 4846 principes
1647 4779 1809 4833 etiam

215 4857 333 4910 sine
365 4857 451 4911 his
481 4875 496 4913 :
526 4861 664 4915 sicut
693 4871 746 4916 et
776 4863 1015 4918 medicus
1041 4865 1165 4919 licet
1190 4875 1303 4920 arte
1334 4882 1427 4921 sua
1458 4885 1563 4924 non
1594 4881 1772 4926 utatur
1792 4914 1807 4938 ,

215 4947 260 5000 si
290 4946 436 5000 illam
470 4949 521 5001 in
551 4951 726 5005 anima
761 4951 984 5021 habeat,
1018 4955 1258 5011 medicus
1285 4967 1386 5011 est.
1433 4959 1568 5014 Sunt
1613 4964 1813 5031 princi-

218 5052 314 5106 pes
341 5039 424 5092 sui
451 5040 687 5109 ipsorum
717 5044 1003 5113 principes.
1036 5046 1157 5100 Tria
1185 5049 1328 5102 enim
1364 5050 1476 5105 h'cc
1523 5063 1643 5106 sunt
1691 5056 1809 5108 ani-

218 5142 345 5192 mae,
376 5128 592 5194 domus,
622 5132 828 5197 civitas,
860 5135 1005 5189 orbis
1033 5153 1046 5201 ;
1080 5149 1134 5191 et
1160 5138 1242 5191 via
1275 5142 1504 5208 quadam
1551 5158 1638 5196 res
1689 5160 1811 5213 pro-

216 5219 433 5274 t'edunl.
466 5222 690 5290 Oportet
721 5224 880 5293 igitur
903 5242 1025 5280 eum
1054 5231 1142 5296 qui
1171 5229 1351 5284 domui
1397 5233 1768 5301 prmficicndus
1792 5277 1807 5302 ,

213 5323 266 5362 ct
296 5313 467 5381 ipsam
502 5322 646 5368 recte
677 5315 1034 5372 :cdificatnrus
1063 5329 1163 5385 est,
1201 5323 1372 5388 primo
1400 5324 1632 5377 animam
1658 5340 1809 5382 suam

215 5419 545 5474 componere
576 5425 587 5461 :
623 5420 744 5460 nam
772 5406 965 5464 donms
996 5425 1091 5464 sua
1124 5420 1219 5464 est.
1252 5412 1304 5467 Si
1328 5429 1457 5469 vero
1486 5431 1635 5470 suam
1661 5433 1809 5486 rege-

1208 454 1272 510 lt\'
1313 451 1492 508 ACTA
1535 447 2055 507 APOSTOLORUM.
2100 452 2330 509 IlOMlL.
2376 440 2517 508 LII.-

3404 453 3508 508 366

1917 582 1975 621 re
2009 585 2114 623 non
2140 571 2329 637 possit,
2361 570 2448 625 ubi
2479 585 2583 624 una
2613 569 2788 623 anima
2816 611 2831 635 ,
2861 567 2948 623 ubi
3003 568 3165 625 herus
3211 571 3324 638 ipse
3348 611 3364 638 ,
3419 572 3509 626 ubi

1914 674 2127 730 semper
2151 677 2333 717 secum
2359 672 2478 728 est,
2519 661 2790 731 quomodo
2845 661 2980 715 alios
3025 661 3357 716 a-dificabit?
3410 664 3511 728 Qui

1915 761 2092 819 potest
2121 753 2356 806 animam
2385 767 2711 822 componere
2750 767 2901 806 suam
2928 798 2940 816 .,
2976 752 3067 822 qui
3097 753 3240 806 aliud
3279 767 3470 824 regere
3497 795 3511 814 ,

1912 843 2054 898 aliud
2089 845 2198 914 regi
2230 854 2415 908 curat,
2448 845 2536 900 hic
2560 854 2614 900 et
2639 830 2858 900 domum
2907 860 3096 915 regere
3142 845 3375 914 poterit;
3426 848 3513 915 qui

1912 935 2152 999 domum,
2183 937 2344 991 etiam
2377 937 2682 1003 civitatem;
2716 938 2806 1008 qui
2845 937 3117 992 civitatem
3140 977 3159 1003 ,
3208 939 3367 992 etiam
3429 951 3552 990 ονε.

1913 1027 2054 1082 bem.
2087 1029 2140 1082 Si
2168 1029 2400 1082 animam
2428 1044 2616 1098 regere
2645 1045 2751 1084 non
2780 1031 2969 1099 possit,
2997 1030 3268 1099 quomodo
3312 1031 3502 1085 orbem

1914 1119 2153 1189 poterit?
2182 1119 2305 1174 llaec
2335 1119 2471 1186 dixi,
2502 1131 2557 1175 ut
2589 1135 2657 1176 ne
2686 1121 2751 1175 ad
2781 1122 3114 1191 principatus
3147 1121 3436 1185 inhiemus,
3459 1130 3516 1173 ut

1914 1210 2223 1275 videamus,
2254 1211 2381 1282 quid
2428 1213 2498 1266 sit
2537 1213 2868 1282 principatus
2897 1231 2908 1265 :
2937 1214 3041 1267 hoc
3082 1213 3227 1267 enim
3272 1229 3377 1269 non
3432 1221 3518 1266 est

1914 1303 2264 1373 principatus,
2301 1304 2394 1359 sed
2426 1304 2666 1370 derisio,
2716 1305 2980 1372 servitus,
3027 1315 3081 1360 ct
3123 1307 3270 1360 mille
3317 1305 3512 1360 similia

1913 1397 2033 1464 quis
2057 1396 2281 1452 dixerit.
2317 1397 2410 1452 Dic
2437 1397 2600 1463 mihi,
2633 1397 2760 1466 quid
2795 1406 2878 1452 est
2924 1398 3150 1467 principi
3191 1397 3512 1468 preprium?

1914 1501 2091 1541 nonne
2117 1486 2344 1542 subditis
2376 1488 2635 1557 prodesse
2662 1498 2718 1544 et
2744 1489 2881 1544 bene
2927 1488 3147 1544 facere?
3187 1489 3326 1554 Quid
3352 1504 3517 1559 ergo,

1912 1580 1957 1634 si
1987 1580 2089 1635 hoc
2120 1596 2225 1635 non
2253 1579 2385 1634 fiat?
2413 1579 2686 1649 quomodo
2715 1580 2837 1635 aliis
2863 1580 3128 1650 proderit,
3158 1581 3246 1650 qui
3279 1579 3380 1634 sibi
3409 1594 3512 1633 non

1915 1672 2173 1741 prodest?
2204 1670 2293 1740 qui
2322 1671 2593 1728 sexcentis
2631 1672 2796 1726 animi
2827 1671 3062 1726 motibus
3091 1672 3341 1742 agitatur,
3381 1685 3514 1739 quo-

1914 1761 2072 1816 modo
2116 1762 2345 1816 aliormn
2398 1769 2575 1817 motus
2619 1762 2871 1817 sedabit?
2901 1764 2992 1818 Sic
3035 1764 3196 1817 etiam
3258 1761 3512 1816 deliciae:

1914 1869 2021 1907 non
2051 1851 2167 1907 hare
2195 1861 2318 1906 sunt
2357 1853 2568 1908 deliciae
2589 1894 2604 1920 ,
2635 1853 2729 1908 sed
2755 1853 2880 1907 alia.
2914 1853 3066 1909 Sicut
3107 1857 3249 1907 enim
3292 1852 3516 1905 demon-

1913 1951 2138 1998 stratum
2169 1953 2251 1998 est
2275 1944 2576 2013 principem
2608 1958 2728 1998 esse
2757 1958 2862 1997 non
2895 1943 3040 1998 hunc
3062 1941 3156 1998 scd
3185 1942 3350 1996 alium
3388 1958 3401 1994 :
3436 1939 3516 1993 sic

1914 2036 2004 2106 qui
2032 2036 2240 2091 deliciis
2272 2035 2471 2106 gaudet
2495 2076 2510 2100 ,
2539 2035 2676 2090 alius
2704 2045 2807 2091 est.
2840 2034 3108 2090 Videntur
3128 2034 3274 2089 enim
3302 2031 3513 2086 deliciae

1914 2127 2319 2196 esse,voluptati
2346 2135 2401 2181 et
2426 2127 2565 2197 gulae
2591 2127 2842 2205 servire;
2869 2127 2964 2182 sed
2989 2126 3090 2181 hoc
3115 2139 3221 2179 non
3251 2132 3334 2178 est
3358 2163 3370 2188 ,
3407 2125 3516 2176 imo

1915 2220 2264 2283 contrarium,
2299 2233 2496 2288 nempe
2516 2220 2750 2273 animam
2780 2218 2981 2273 habere
3009 2217 3335 2281 mirabilem,
3365 2215 3516 2269 etsic

1917 2312 1968 2366 in
1997 2312 2272 2380 voluptate
2300 2311 2526 2365 versari.
2567 2311 2698 2366 Esto
2724 2310 2893 2376 enim,
2927 2308 3175 2366 comedat
3200 2308 3339 2377 quis,
3370 2306 3518 2361 bibat

1916 2403 2248 2468 etlasciviat,
2279 2401 2474 2456 deinde
2502 2417 2684 2456 curam
2708 2402 2907 2456 habeat
2927 2416 2990 2456 ac
3016 2409 3240 2455 mmreat
3269 2415 3281 2452 :
3319 2415 3384 2452 an
3423 2412 3520 2467 p0-

1918 2500 2021 2546 test
2044 2489 2130 2545 hic
2159 2493 2210 2545 in
2242 2491 2450 2547 deliciis
2475 2493 2638 2547 esse?
2662 2490 2780 2547 Non
2807 2506 2938 2562 ergo
2958 2491 3245 2546 comedere
3263 2500 3314 2544 ct
3335 2490 3519 2544 bibere

1916 2593 2040 2636 sunt
2064 2583 2271 2638 delicize
2289 2625 2302 2648 ,
2327 2583 2421 2638 sed
2446 2585 2498 2638 in
2522 2585 2797 2654 voluptate
2819 2599 2960 2638 esse.
2986 2584 3135 2648 Esto,
3161 2583 3282 2653 quis
3307 2580 3516 2636 aridum

1917 2675 2204 2730 manducet
2253 2691 2445 2745 panem
2476 2719 2489 2740 ,
2523 2686 2724 2731 etcum
2753 2675 2940 2729 laetitia
2973 2675 3259 2745 impleatur
3290 2693 3301 2728 :
3335 2687 3515 2727 annon

1917 2767 2020 2822 hoc
2047 2769 2289 2837 voluptas
2319 2769 2438 2824 est?
2465 2770 2610 2840 Ergo
2641 2779 2694 2824 et
2724 2768 2838 2824 hzec
2867 2769 3111 2825 ciborum
3155 2767 3382 2822 delicim.
3429 2766 3520 2818 Vi-

1918 2861 2140 2915 dtamns
2173 2875 2303 2930 ergo
2331 2901 2342 2924 ,
2374 2861 2564 2931 quibus
2588 2861 2703 2915 haec
2727 2861 2974 2930 voluptas
3001 2859 3215 2914 accidat
3242 2901 3253 2923 ,
3285 2875 3350 2912 an
3381 2857 3520 2912 divi-

1921 2954 2081 3018 tibus,
2110 2969 2177 3007 an
2206 2969 2312 3008 non
2339 2952 2612 3008 divitibus.
2641 2952 2824 3023 Neque
2857 2953 2939 3006 his
2962 2994 2975 3018 ,
3019 2966 3193 3023 neque
3239 2951 3346 3005 illis
3367 2993 3380 3016 ,
3424 2949 3519 3004 sed

1921 3046 1984 3099 iis
2005 3085 2020 3110 ,
2048 3046 2138 3114 qui
2173 3045 2242 3099 ita
2273 3053 2601 3113 componunt
2631 3047 2866 3098 animam
2889 3059 3078 3109 suanr,
3107 3053 3166 3097 ut
3209 3058 3276 3096 ne
3321 3041 3519 3095 multas

1921 3137 2150 3191 habeant
2181 3151 2477 3192 masrorum
2501 3150 2712 3191 causas.
2753 3136 2819 3190 Et
2865 3136 3038 3206 qualis
3076 3143 3161 3189 est
3206 3134 3322 3188 hazc
3369 3132 3521 3186 vita?

1919 3230 2061 3285 dicet
2089 3228 2227 3284 forte
2256 3229 2491 3299 aliquis;
2525 3229 2682 3284 video
2708 3231 2851 3284 enim
2891 3245 2986 3283 vos
3033 3243 3222 3282 omnes
3267 3225 3520 3280 audiendi

1921 3323 2098 3377 Studio
2130 3321 2441 3391 flagrantes,
2474 3337 2591 3390 qua:
2620 3323 2689 3375 sit
2713 3321 2827 3375 hzec
2855 3323 2962 3374 vita
2983 3363 2996 3386 ,
3031 3336 3150 3390 qua:
3179 3320 3381 3373 nullum
3426 3317 3523 3371 ha-

1921 3413 2044 3467 beat
2072 3426 2380 3466 mmrorcm.
2413 3408 2576 3480 Igitur
2599 3412 2650 3465 in
2678 3411 2926 3465 confesso
2948 3412 3017 3464 sit
3038 3409 3177 3479 apud
3218 3424 3313 3464 vos
3347 3408 3524 3478 primo

1921 3503 2060 3556 hanc
2087 3517 2209 3557 esse
2236 3501 2589 3571 voluptatem,
2624 3502 2721 3555 has
2748 3501 2970 3556 delicias
2997 3545 3010 3568 ,
3056 3501 3272 3572 quando
3321 3515 3523 3555 niteret

1923 3611 2028 3648 non
2059 3594 2279 3658 turbat,
2314 3609 2414 3650 nec
2448 3596 2632 3664 petita
2662 3610 2750 3650 me
2792 3611 2985 3651 carnes
3012 3639 3026 3662 ,
3059 3597 3281 3659 vinum,
3334 3593 3526 3648 condi-

1922 3697 2121 3751 menta,
2150 3689 2350 3743 sericas
2372 3696 2551 3743 vestes
2576 3729 2592 3754 ,
2624 3689 2821 3742 lautam
2860 3704 3124 3743 mensam.
3159 3691 3228 3742 At
3255 3688 3299 3741 si
3329 3697 3518 3742 osten—

1920 3781 2051 3836 dero
2078 3782 2281 3850 absque
2310 3782 2393 3835 his
2426 3783 2588 3836 talem
2613 3781 2799 3836 haberi
2834 3782 2994 3835 vitam
3023 3825 3036 3844 ,
3089 3782 3227 3835 hanc
3272 3780 3520 3849 volupta-

1923 3883 2028 3926 tem
2058 3912 2072 3937 ,
2125 3872 2266 3926 hanc
2317 3872 2478 3926 vitam
2529 3874 2924 3943 dilige:multa
2972 3876 3112 3929 enim
3167 3874 3319 3929 nobis
3348 3873 3519 3926 tristia

1919 3962 2193 4028 accidunt,
2225 3977 2292 4017 eo
2323 3963 2465 4032 quod
2495 3979 2600 4019 non
2629 4007 2642 4031 ,
2677 3972 2737 4018 ut
2763 3981 2857 4034 par
2879 3975 2992 4030 est,
3020 3980 3083 4020 ea
3115 3965 3394 4018 nobiscum
3433 3979 3516 4017 rc-

1922 4067 2195 4125 pntemus.
2227 4057 2358 4124 Quis
2408 4058 2570 4126 igitur
2613 4060 2784 4129 magis
2837 4059 3083 4126 dolebit,
3128 4060 3244 4114 isne
3294 4059 3383 4128 qui
3434 4058 3521 4112 illa

1920 4146 2053 4201 nihil
2081 4156 2273 4212 curat,
2317 4163 2384 4201 an
2415 4149 2459 4202 is
2487 4149 2574 4217 qui
2615 4149 2812 4203 curat?
2840 4150 2928 4218 qui
2959 4150 3358 4205 vicissitudines
3405 4166 3518 4203 me-

1922 4238 2020 4291 tuit
2046 4280 2059 4303 ,
2084 4252 2150 4291 an
2179 4238 2269 4308 qui
2301 4253 2404 4293 non
2430 4240 2653 4294 metuit?
2683 4241 2772 4310 qui
2807 4241 3032 4296 liVurem
3060 4283 3073 4306 ,
3107 4241 3360 4294 invidiam
3390 4281 3402 4303 ,
3435 4255 3516 4309 sy-

1919 4328 2236 4396 cophantias
2259 4369 2273 4393 ,
2307 4329 2528 4383 insidias
2554 4373 2568 4395 ,
2604 4331 2896 4400 perniciem
2931 4333 3121 4397 timet,
3167 4347 3234 4385 an
3277 4331 3367 4400 qui
3419 4347 3524 4384 non

1922 4419 2116 4473 timet?
2146 4420 2234 4489 qui
2263 4419 2470 4484 multis,
2503 4437 2568 4473 an
2599 4421 2688 4491 qui
2723 4423 2867 4478 nullo
2898 4424 3140 4493 indiget?
3160 4423 3249 4492 qui
3277 4422 3523 4477 innume-

1919 4513 2025 4576 ris,
2059 4527 2126 4565 an
2156 4512 2245 4582 qui
2275 4512 2406 4566 nulli
2435 4514 2643 4568 servit?
2673 4516 2763 4584 qui
2793 4516 2970 4570 multis
3017 4530 3154 4585 opus
3202 4515 3404 4579 habet,
3454 4528 3521 4567 an

1919 4605 2009 4672 qui
2042 4604 2180 4656 liber
2208 4604 2334 4658 est?
2361 4605 2450 4674 qui
2482 4621 2646 4659 unum
2680 4607 2832 4660 timet
2861 4606 3161 4670 dominum,
3192 4621 3258 4658 an
3283 4604 3374 4674 qui
3401 4620 3526 4659 sex-

1921 4693 2322 4764 ccntos?Ergo
2351 4695 2522 4764 major
2551 4695 2638 4750 hic
2683 4696 2929 4766 voluptas
2979 4705 3080 4749 est.
3136 4695 3288 4750 Hanc
3342 4695 3526 4764 itaque

1919 4794 2208 4852 sectemur,
2238 4801 2413 4855 neque
2443 4788 2795 4855 praesentibus
2818 4787 3123 4852 iuhiemus;
3153 4786 3247 4842 sed
3280 4785 3537 4841 deridea:

1920 4891 2040 4930 mus
2059 4892 2274 4930 omnem
2301 4879 2418 4930 vita:
2443 4876 2659 4940 fastum,
2687 4889 2740 4932 et
2765 4878 2960 4947 ubique
2975 4881 3190 4934 modum
3214 4893 3519 4943 servemus,

1921 4975 1977 5020 ut
2006 4969 2270 5036 possimus
2302 4969 2440 5022 hanc
2467 4971 2628 5022 vitam
2656 4970 2773 5024 sine
2801 4985 3036 5026 maerore
3070 4972 3368 5040 transigere
3395 5013 3408 5034 ,
3467 4980 3521 5024 et

1923 5057 2182 5123 promissa
2209 5060 2467 5128 consequi
2485 5060 2646 5125 bona,
2672 5061 2844 5130 gratia
2869 5071 2922 5114 et
2945 5060 3276 5128 benignitate
3302 5061 3512 5115 Domini

1921 5150 2092 5203 nostri
2122 5149 2248 5204 Jcsu
2281 5150 2499 5216 Christi,
2533 5153 2746 5221 quicum
2777 5152 2922 5207 Patri
2966 5161 3020 5205 et
3060 5152 3284 5222 Spiritui
3333 5165 3518 5206 sancto

1919 5244 2109 5314 gloria,
2142 5246 2451 5314 imperium,
2484 5246 2681 5314 honor,
2717 5262 2859 5302 nunc
2885 5256 2939 5302 et
2967 5261 3183 5315 semper
3203 5285 3219 5309 ,
3253 5253 3307 5300 ct
3332 5244 3382 5298 in
3413 5259 3518 5299 sa:-

1918 5337 2038 5392 eula
2065 5339 2409 5393 saeculorum.
2439 5339 2631 5394 Amen.
