4072 6434
597 474 699 532 287

1295 469 1354 525 S.
1393 463 1671 524 JOANNIS
1706 455 2177 520 (ιιιιιῑεοετωιι
2215 422 2524 511 AfttifitEP.
2567 453 3096 519 CONSTANTINOP.

3738 466 3855 525 368

3489 583 3781 603 1*

1920 638 2256 705 HOMILIA
2299 640 2457 703 Llll.

603 795 732 851 Cu.
774 793 866 850 26.
911 809 965 850 v.
1006 793 1094 850 '50.
1138 793 1202 847 Et
1241 790 1519 847 munexit
1556 804 1667 854 res,
1717 802 1905 856 preces
1942 793 1987 837 et
2033 779 2158 835 Bar-

665 888 793 951 nice,
822 894 871 941 et
902 888 989 957 qui
1014 886 1300 941 «sidebant
1334 884 1404 938 eis
1422 896 1442 935 :
1478 881 1569 935 5i.
1603 890 1648 933 et
1677 895 1795 932 cum
1826 876 2162 934 secessissent,

666 978 997 1047 loquebantur
1032 976 1103 1029 ad
1136 976 1364 1039 invicem,
1405 972 1625 1026 dicentes
1655 986 1673 1024 :
1707 968 1855 1023 Nihil
1891 975 2051 1019 morte
2078 973 2165 1017 aut

665 1070 879 1124 vinculis
912 1070 1120 1138 dignam
1149 1068 1267 1136 fecit
1296 1066 1377 1119 hic
1398 1065 1574 1119 homo.
1616 1062 1705 1118 '52.
1736 1060 1961 1132 Agrippa
1998 1065 2165 1109 autem

671 1160 821 1216 Festo
848 1162 975 1215 dixit
1001 1176 1025 1214 :
1049 1159 1245 1213 Dimitti
1271 1165 1464 1228 poterat
1494 1156 1641 1210 homo
1667 1153 1767 1218 hic,
1796 1151 1838 1204 si
1864 1164 1963 1203 non
1989 1146 2167 1217 appel-

667 1254 817 1307 lasset
840 1250 1107 1306 Umorem.

668 1344 721 1396 t.
766 1341 896 1396 Vide
920 1338 1186 1411 quomodo
1208 1353 1418 1394 rursum
1442 1351 1537 1407 pro
1558 1336 1649 1391 illo
1677 1331 1938 1389 calculum
1958 1328 2163 1383 ferunt:

596 1433 755 1489 etiam
794 1439 1069 1501 postquam
1114 1429 1304 1485 Festus
1344 1428 1573 1491 dixerat,
1615 1423 1840 1489 Insanis,
1886 1419 2167 1474 absolvunt

597 1525 767 1590 illum,
806 1538 912 1577 non
939 1523 1113 1577 solum
1139 1536 1170 1576 a
1201 1527 1393 1591 morte,
1438 1517 1532 1573 sed
1559 1517 1717 1572 etiam
1761 1527 1789 1566 a
1818 1509 2074 1573 vinculis;
2102 1521 2167 1562 ac

596 1615 807 1670 demum
833 1605 1158 1668 dimisissent
1187 1611 1285 1665 nisi
1316 1609 1580 1664 Caesarem
1611 1603 1944 1675 appellasset.
1969 1598 2165 1653 Verum

598 1707 701 1761 hoc
728 1721 792 1760 ex
818 1704 1146 1774 providentia
1169 1701 1362 1756 factum
1384 1708 1458 1754 est
1481 1715 1498 1763 ;
1525 1710 1631 1751 non
1651 1695 1822 1749 solum
1845 1702 2021 1746 autem
2042 1690 2163 1757 hoc,

596 1798 687 1852 sed
723 1799 881 1852 etiam
932 1795 1071 1865 quod
1118 1808 1237 1849 cum
1272 1790 1494 1846 vinculis
1534 1789 1723 1843 abiret.
1762 1784 1887 1840 ideo
1925 1782 2162 1848 dicebat,

599 1887 767 1957 Usque
793 1886 866 1939 ad
898 1884 1099 1939 vincula
1127 1883 1270 1952 quasi
1305 1882 1435 1935 male
1477 1895 1692 1949 operam
1730 1875 1806 1948 (2.
1843 1875 1976 1929 Tim.
2004 1873 2059 1926 2.
2083 1872 2142 1941 9)

594 1981 649 2034 Si
700 1980 841 2033 enim
904 1977 1157 2031 Dominus
1204 1974 1320 2044 ejus
1363 1988 1483 2028 cum
1537 1972 1730 2042 iniquis
1774 1976 2045 2038 reputatus
2085 1974 2167 2020 est

600 2069 790 2134 (Marc.
822 2068 911 2123 i5.
937 2068 1053 2134 28),
1096 2066 1266 2119 multo
1294 2064 1460 2132 magis
1492 2063 1604 2126 hic;
1639 2060 1730 2115 sed
1760 2061 1896 2113 sicut
1936 2057 2024 2110 ille
2049 2057 2164 2125 glo-

598 2160 728 2213 riam
761 2173 864 2212 non
905 2157 1145 2221 curavit,
1178 2156 1246 2209 ita
1295 2168 1467 2223 neque
1509 2152 1617 2209 hic.
1657 2147 1981 2203 Admirabile
2021 2144 2163 2200 enim

596 2258 675 2303 cst
728 2247 871 2317 quod
895 2247 1033 2301 inter
1056 2245 1173 2300 illos
1200 2245 1415 2310 mixtus,
1441 2242 1569 2297 nihil
1593 2240 1715 2295 inde
1744 2238 1923 2295 damni
1944 2251 2166 2305 accepe-

596 2351 682 2395 l'll.
716 2339 883 2410 (Cap.
908 2330 1029 2401 27.)
1052 2356 1071 2390 ι
1102 2339 1152 2393 l.
1180 2336 1249 2392 Ut
1279 2345 1455 2391 autem
1505 2334 1777 2388 decretum
1816 2330 1947 2393 fuit,
1979 2337 2035 2384 ut
2070 2340 2168 2381 nos

598 2432 965 2501 navigaremus
994 2429 1047 2483 in
1076 2427 1299 2493 Italiam,
1334 2425 1663 2480 tradiderunt
1690 2423 1909 2477 Paulum
1936 2429 1991 2475 et
2009 2433 2168 2489 quos-

600 2525 719 2576 dam
750 2522 885 2576 alios
913 2523 1117 2574 vinctos
1143 2518 1461 2581 centurioni,
1500 2516 1715 2569 nomine
1740 2513 1902 2579 Julio,
1931 2511 2167 2565 cohortis

596 2617 868 2685 Augustze.
905 2614 959 2667 2.
994 2613 1297 2666 Couscensa
1329 2609 1449 2663 navi
1476 2606 1844 2671 Adrumetina,
1875 2604 2166 2673 navigaturi

599 2707 740 2761 circa
784 2704 926 2759 Asire
967 2703 1083 2757 loca
1144 2701 1426 2765 solvimus,
1472 2704 1847 2768 perseverante
1892 2696 2167 2750 nobiscum

603 2793 913 2851 Aristarcho
956 2791 1244 2847 Macedone
1282 2790 1765 2847 Thcssalonicensi.
1817 2789 1870 2842 ὅ.
1912 2785 2169 2856 Sequenti

598 2898 773 2942 autem
801 2887 888 2941 die
913 2885 1213 2955 appulimus
1241 2883 1513 2939 Sidonem.
1544 2899 1565 2933 ι
1602 2881 1733 2935 Vide
1759 2893 2035 2950 quousque
2073 2892 2169 2932 co-

599 2980 817 3034 mitatur
842 2977 1062 3031 Paulum
1108 2972 1465 3030 Aristarchus.
1500 2972 1645 3027 Bene
1686 2973 1847 3026 etiam
1888 2979 1941 3025 et
1972 2968 2171 3025 utiliter

600 3071 750 3125 adest
791 3067 1153 3133 Aristarchus,
1185 3067 1364 3121 omnia
1395 3066 1447 3121 in
1477 3064 1785 3120 Macedonia
1833 3071 2166 3117 narraturus.

606 3179 628 3213 ι
657 3160 966 3214 llutnaniter
992 3166 1169 3213 autem
1202 3165 1438 3210 tractans
1466 3154 1640 3209 Julius
1662 3153 1907 3219 Paulum,
1933 3152 2174 3221 permisit

601 3250 670 3304 ad
697 3250 895 3303 amicos
922 3248 1019 3315 ire,
1052 3254 1106 3303 et
1128 3261 1308 3302 curam
1339 3245 1421 3300 sui
1448 3258 1632 3315 agere.
1675 3244 1729 3298 4.
1778 3244 1847 3298 Et
1892 3242 2015 3299 inde
2052 3257 2170 3298 cum

602 3342 967 3404 solvissemus,
986 3338 1449 3408 subnavigavimus
1465 3334 1718 3407 Cyprum,
1741 3350 1807 3391 eo
1830 3336 1972 3405 quod
1993 3344 2172 3390 essent

600 3431 745 3486 venti
786 3429 1059 3485 contrarii.
1092 3446 1111 3480 ι
1156 3427 1413 3490 Permisit,
1470 3426 1658 3495 inquit,
1711 3423 1905 3489 Julius,
1946 3423 2171 3478 Paulum

604 3520 884 3573 humaniter
936 3527 1176 3571 tractans.
1225 3516 1368 3571 Bene
1411 3515 1514 3570 hoc
1554 3516 1810 3584 permisit,
1839 3522 1898 3569 ut
1924 3515 1989 3568 ad
2018 3525 2173 3569 notos

602 3608 871 3679 profectus
910 3615 1185 3663 curaretur
1211 3622 1225 3661 :
1252 3606 1543 3661 verisimile
1570 3607 1713 3660 enim
1740 3614 1842 3670 est,
1883 3621 2003 3661 eum
2035 3606 2173 3661 male

606 3699 849 3753 habuisse
893 3712 921 3750 a
950 3697 1196 3762 vinculis,
1241 3710 1272 3751 ι
1311 3705 1455 3751 metu
1477 3737 1491 3761 ,
1540 3711 1568 3748 a
1601 3697 2007 3766 raptationibus.
2040 3697 2173 3752 Vide

601 3790 869 3859 quomodo
897 3789 997 3843 hoc
1023 3803 1128 3843 non
1150 3787 1402 3853 occultet,
1427 3786 1568 3857 quod
1591 3802 1773 3841 curam
1800 3788 1880 3840 sui
1907 3786 2171 3842 habuerit.

602 3883 810 3936 Rursus
836 3881 1176 3946 tentationes,
1217 3892 1408 3933 rursus
1434 3878 1577 3933 venti
1603 3879 1876 3933 contrarii.
1918 3879 2049 3934 Vide
2080 3895 2175 3949 per

605 3972 781 4026 omnia
807 3970 968 4024 vitam
995 3978 1297 4024 sanctorum
1319 3969 1396 4023 sic
1418 3968 1626 4023 contexi
1653 3988 1666 4023 :
1696 3968 1991 4039 eﬂ'ugerant
2011 3970 2174 4023 tribu-

604 4061 711 4125 nal,
746 4072 799 4115 et
827 4060 1066 4115 incidunt
1085 4062 1134 4113 in
1165 4059 1493 4129 naufragium
1521 4068 1575 4113 et
1604 4069 2004 4129 tempestatem;
2033 4061 2173 4130 quod

610 4151 848 4205 iudicans
893 4151 1107 4221 pergit:
1144 4168 1164 4201 ι
1189 4150 1243 4205 5.
1280 4150 1350 4205 Et
1392 4150 1607 4219 pelagus
1656 4151 1795 4204 inter
1838 4150 2073 4205 Ciliciam
2121 4159 2175 4205 et

605 4238 968 4312 Pamphyliam
996 4239 1219 4305 emensi,
1252 4240 1591 4310 pervenimus
1614 4240 1835 4310 Myram,
1865 4256 1983 4310 qua:
2009 4251 2089 4295 est
2120 4242 2172 4295 in

607 4330 788 4402 Lycia.
815 4330 867 4385 6.
897 4331 964 4385 Et
983 4331 1053 4385 ibi
1082 4332 1319 4385 centurio
1340 4340 1523 4385 nactus
1556 4345 1740 4395 navem
1764 4330 2173 4385 Alexandrinam

614 4424 947 4491 navigantem
1001 4422 1055 4475 in
1110 4422 1336 4488 Italiam,
1393 4422 1656 4476 transtulit
1706 4436 1803 4477 nos
1849 4423 1901 4476 in
1957 4422 2171 4476 illam.)

611 4513 847 4580 Nactus,
890 4514 1077 4583 inquit,
1119 4528 1293 4566 navem
1344 4512 1758 4565 Alexandrinam.
1804 4512 2061 4582 Apposite
2092 4514 2176 4567 in-

608 4607 839 4673 venitur,
895 4617 951 4661 ut
998 4606 1072 4661 illi
1118 4622 1235 4675 qua:
1301 4607 1522 4662 Paulum
1587 4608 1899 4675 Spectabunt
1956 4607 2006 4659 in
2055 4606 2178 4659 Asia

611 4700 942 4763 nuntiarent,
975 4708 1028 4754 et
1065 4697 1119 4751 hi
1169 4700 1219 4752 in
1250 4698 1431 4770 Lycia.
1464 4698 1596 4753 Vide
1638 4697 1805 4752 Deum
1851 4698 1983 4751 nihil
2028 4699 2181 4751 inno-

615 4801 761 4852 vare,
802 4789 933 4842 nihil
976 4797 1202 4851 mutare,
1248 4789 1341 4844 sed
1387 4788 1697 4859 permittere
1737 4804 1857 4842 eum
1896 4788 2179 4842 contrariis

616 4875 799 4939 ventis,
826 4877 1091 4945 navigare.
1132 4877 1235 4931 Sed
1261 4878 1420 4932 etiam
1460 4878 1537 4932 sic
1566 4879 1878 4933 miraculum
1907 4887 2175 4946 operatur.

617 4964 687 5021 Ut
715 4974 829 5019 tuto
858 4967 1127 5037 navigent,
1155 4984 1258 5022 non
1293 4969 1416 5021 sinit
1444 4984 1535 5024 eos
1565 4970 1617 5023 in
1644 4970 1858 5040 pelagus
1902 4984 1961 5025 se
1986 4971 2181 5024 immit-

616 5066 751 5119 tere,
786 5057 877 5111 sed
908 5072 1117 5125 semper
1134 5058 1287 5126 juxta
1314 5069 1508 5113 terram
1550 5059 1882 5129 navigabant.
1918 5078 1937 5110 ι
1970 5061 2177 5113 Etcum

619 5147 799 5201 multis
824 5147 1011 5201 diebus
1040 5148 1187 5201 tarde
1208 5149 1577 5218 navigaremus
1593 5158 1647 5203 et
1670 5150 1755 5202 vix
1781 5149 2178 5203 devenissemus

617 5246 799 5289 contra
834 5235 1082 5302 Cnidum,
1122 5238 1435 5305 prohibente
1473 5254 1571 5293 nos
1597 5248 1774 5305 vento,
1814 5240 2184 5308 subnavigavi-

617 5340 737 5381 ntus
762 5325 933 5381 Creta:
954 5327 1102 5395 juxta
1129 5328 1447 5395 Salmonen;
1480 5330 1534 5384 8.
1560 5338 1615 5383 et
1630 5332 1715 5383 vix
1752 5331 2183 5399 prreterlcgentcs

618 5418 791 5484 illam,
810 5422 1147 5487 pervenimus
1177 5423 1228 5475 in
1256 5423 1426 5476 locum
1451 5422 1732 5488 quemdam
1757 5434 2023 5488 vocatum,
2048 5425 2181 5479 Boni

620 5521 825 5577 portus,
863 5511 1007 5579 juxta
1052 5526 1208 5582 quem
1254 5528 1416 5583 prope
1457 5515 1641 5569 civitas
1672 5515 1873 5571 Laxea.
1921 5516 1973 5570 9.
2019 5516 2183 5571 Multo

621 5610 795 5655 autem
830 5612 1063 5671 tempore
1090 5614 1327 5673 peracto,
1372 5615 1423 5658 et
1451 5620 1571 5658 cum
1599 5606 1705 5673 jam
1754 5624 1859 5661 non
1902 5616 2045 5661 esset
2073 5616 2182 5661 tuta

622 5690 903 5761 navigatio.
930 5706 995 5747 eo
1019 5694 1155 5762 quod
1182 5695 1440 5763 jejunium
1463 5696 1573 5763 jam
1604 5698 1961 5763 prieteriisset,
1995 5699 2182 5753 admo-

626 5784 783 5838 nebat
807 5799 901 5837 eos
926 5782 1137 5849 Paulus,
1164 5785 1247 5838 l0.
1275 5786 1455 5840 dicens
1481 5806 1491 5841 :
1522 5786 1709 5853 Video,
1742 5788 1859 5853 viri,
1895 5788 2034 5858 quod
2064 5805 2183 5841 cum

626 5874 812 5945 injuria
842 5885 893 5932 et
928 5877 1093 5933 multo
1116 5876 1309 5933 damno
1348 5894 1450 5934 non
1496 5879 1671 5937 solum
1716 5882 1891 5939 oneris
1932 5891 1985 5937 et
2012 5885 2180 5952 navis,

2270 781 2361 874 sed
2386 782 2548 839 etiam
2579 786 2877 844 animarum
2920 802 3221 849 nostrarum
3256 797 3441 868 incipit
3471 815 3592 858 esse
3629 806 3854 874 naviga-

2271 872 2348 925 tio
2396 874 2765 932 tLCenturio
2800 890 2976 936 autem
3006 883 3349 952 gubernatori
3371 898 3425 944 et
3449 892 3701 949 nauclero
3722 872 3848 949 ma-

2269 961 2349 1031 gis
2393 963 2664 1031 credebat,
2694 983 2853 1036 quam
2898 972 2961 1026 iis
2987 1014 3001 1037 ,
3032 989 3151 1038 quae
3178 976 3491 1035 dicebantur
3531 997 3562 1036 a
3602 983 3789 1041 Paulo.
3823 1004 3847 1040 ι

2270 1050 2533 1120 Jejunium
2564 1054 2664 1111 hoc
2688 1059 2879 1127 opinor
2908 1062 3014 1117 dici
3036 1062 3357 1121 Judzeorum.
3389 1070 3521 1126 Nam
3553 1086 3669 1143 post
3704 1077 3854 1134 Pen-

2271 1148 2510 1233 tecosten
2552 1147 2795 1204 exierant
2840 1151 2986 1207 illinc
3016 1164 3133 1223 post
3160 1158 3384 1213 multum
3424 1171 3650 1233 tempus,
3692 1176 3753 1222 ut
3794 1171 3853 1224 in

2269 1232 2383 1301 ipsa
2426 1234 2540 1291 fere
2584 1237 2756 1307 hieme
2794 1245 3038 1297 venerint
3085 1246 3137 1299 in
3178 1259 3355 1316 partes
3397 1250 3585 1310 Cretze.
3638 1257 3703 1312 Et
3742 1258 3856 1317 hoc

2270 1336 2483 1393 quoque
2531 1342 2652 1422 non
2684 1345 2914 1422 parvum
2952 1335 3285 1405 miraculum,
3328 1345 3468 1411 quod
3513 1346 3586 1401 illi
3629 1360 3858 1422 propter

2270 1424 2413 1507 nunc
2459 1417 2654 1471 servati
2695 1419 2821 1473 sint.
2879 1419 3003 1488 Viri,
3045 1426 3186 1480 video
3236 1432 3373 1498 quod
3406 1449 3521 1486 cum
3560 1417 3749 1507 injuria
3803 1453 3857 1495 et

2270 1506 2427 1558 multo
2463 1508 2669 1575 damno,
2706 1510 2895 1580 inquit,
2935 1530 3035 1567 non
3080 1518 3243 1571 solum
3269 1526 3435 1577 oneris
3462 1534 3509 1577 et
3551 1530 3709 1596 naris,
3757 1532 3854 1585 sed

2270 1597 2422 1651 etiam
2450 1602 2731 1654 animarum
2762 1612 3046 1659 nostrarum
3081 1608 3261 1675 incipit
3296 1628 3402 1667 esse
3439 1617 3706 1687 nauigatio.
3742 1619 3856 1673 Ita-

2270 1704 2373 1757 que
2415 1690 2607 1746 Paulus
2630 1693 2789 1763 jussit
2836 1710 3085 1766 mauere,
3137 1710 3190 1755 et
3231 1700 3404 1759 futura
3438 1708 3715 1775 praedixit;
3770 1712 3855 1767 illi

2272 1794 2398 1832 vero
2431 1782 2757 1849 festinantes,
2780 1800 2901 1840 cum
2933 1803 2962 1841 a
2986 1789 3103 1845 loco
3133 1791 3564 1867 prohiberentur,
3597 1801 3858 1860 volebant

2271 1867 2321 1920 in
2352 1868 2599 1924 thnice
2628 1873 2942 1941 hybernare.
3154 1930 3157 1933 .

2339 1957 2392 2012 2.
2440 1960 2597 2026 Vide,
2644 1979 2855 2031 qua-so,
2900 1967 3390 2039 dispensationem:
3415 1978 3590 2047 primo
3629 1982 3852 2052 quidem

2271 2053 2442 2105 navim
2474 2054 2766 2124 solverunt,
2797 2059 3181 2132 abieruntque;
3208 2064 3399 2124 deinde
3425 2079 3483 2123 ut
3504 2072 3685 2127 incidit
3712 2090 3857 2129 ven-

2272 2150 2375 2207 tus,
2407 2142 2670 2199 dederunt
2691 2162 2750 2202 se
2781 2147 2996 2219 ferenti,
3022 2164 3077 2208 et
3098 2154 3182 2209 vix
3207 2160 3575 2216 servabantur.
3610 2164 3697 2218 12.
3732 2182 3752 2216 ι
3785 2167 3858 2221 Et

2270 2248 2390 2327 cum
2421 2246 2575 2305 aptus
2604 2248 2789 2307 portus
2825 2257 2929 2297 non
2972 2256 3116 2301 esset
3159 2247 3226 2301 ad
3256 2248 3681 2321 hybernandum,
3727 2259 3857 2327 plu-

2274 2326 2391 2379 rimi
2420 2336 2719 2384 statuerunt
2745 2333 3023 2388 consilium
3057 2337 3305 2407 navigare
3331 2342 3476 2411 inde,
3505 2346 3548 2399 si
3578 2326 3859 2416 quomodo

2274 2428 2509 2507 possent,
2539 2424 2777 2488 pervecti
2803 2423 3113 2491 thnicen,
3146 2428 3255 2483 illic
3285 2430 3602 2502 hybernare,
3634 2449 3854 2507 portum

2270 2503 2443 2560 Creta:
2464 2509 2833 2578 respicientem
2864 2516 2929 2568 ad
2956 2515 3181 2572 africum
3214 2529 3269 2574 et
3295 2521 3550 2579 Chorum.
3578 2503 3659 2581 ίῖξ.
3692 2531 3859 2599 ASpi-

2270 2604 2422 2650 rante
2446 2607 2621 2691 autem
2667 2613 2871 2670 austro,
2904 2616 3151 2674 putantes
3180 2614 3506 2680 propositum
3536 2632 3595 2673 se
3640 2628 3856 2691 tenere,

2272 2698 2390 2737 cum
2421 2688 2702 2744 solvissent
2722 2694 2879 2758 Asse,
2903 2698 3343 2770 praeterlegebant
3364 2702 3597 2763 Cretam.
3633 2711 3717 2765 Η.
3748 2688 3857 2767 Ve;

2274 2791 2392 2830 rum
2416 2777 2555 2833 haud
2581 2782 2748 2837 multo
2776 2794 2894 2854 post
2914 2800 3129 2844 coortus
3154 2801 3235 2847 est
3259 2804 3444 2850 contra
3465 2798 3635 2866 ipsam
3657 2817 3859 2862 ventus

2275 2868 2623 2938 typhonicus,
2677 2874 2765 2942 qui
2810 2886 3029 2932 vocatur
3079 2879 3437 2953 Euroaquilo;
3484 2890 3571 2944 15.
3621 2905 3860 2962 cumque

2273 2969 2519 3027 correpta
2546 2971 2693 3017 esset
2716 2966 2885 3031 navis,
2915 2983 3014 3022 nec
3035 2982 3215 3038 posset
3244 2984 3402 3030 vento
3428 2980 3697 3049 resistere,
3727 2981 3859 3040 data

2273 3049 2392 3143 navi
2424 3049 2636 3143 flatibus
2660 3054 2977 3111 ferebamur.
3005 3060 3089 3114 16.
3119 3060 3174 3116 ln
3203 3063 3430 3121 insulam
3460 3080 3639 3126 autem
3660 3089 3861 3143 quam-

2274 3138 2397 3193 dam
2424 3140 2630 3197 devecti
2660 3148 2874 3202 nomine
2894 3148 3168 3220 Claudam,
3196 3156 3283 3210 vix
3314 3160 3579 3226 potuimus
3604 3138 3861 3225 obiinere

2276 3230 2546 3299 scapham.
2580 3234 2666 3288 l7.
2698 3236 2809 3303 Qua
2841 3240 3067 3308 sublata,
3099 3244 3375 3313 adjutoriis
3402 3253 3687 3308 utebantur
3716 3258 3858 3313 sub-

2274 3321 2549 3419 cingeiites
2578 3341 2793 3419 navem,
2826 3330 3074 3389 timentes
3103 3349 3170 3389 ne
3197 3336 3248 3390 in
3292 3337 3493 3409 Syrtim
3534 3344 3862 3419 inciderent,

2274 3411 2521 3469 demissis
2552 3417 2683 3471 velis
2727 3420 2795 3472 ita
2828 3420 3146 3481 ferebantur.
3183 3429 3266 3483 l8.
3311 3430 3441 3486 Cum
3471 3444 3649 3490 autem
3680 3411 3850 3497 velte;

2275 3506 2440 3599 menti
2491 3515 2806 3577 tempestate
2840 3512 3187 3585 jactaremur,
3232 3524 3605 3591 sequenti‘die
3654 3530 3860 3599 jactum

2275 3595 2514 3653 fecerunt
2538 3617 2550 3652 :
2577 3600 2658 3657 l9.
2714 3618 2777 3659 ac
2820 3607 2976 3660 tertio
3016 3608 3102 3663 die
3142 3615 3338 3667 nostris
3385 3618 3630 3673 manibus
3655 3595 3862 3678 arma-

2275 3700 2453 3783 menta
2476 3691 2625 3745 navis
2652 3694 2994 3763 projecimus.
3020 3698 3104 3753 20.
3140 3700 3322 3772 Neque
3341 3713 3520 3761 autem
3544 3710 3657 3765 sole
3679 3728 3865 3783 neque

2276 3780 2538 3835 sideribus
2563 3787 2938 3852 apparentibus
2964 3805 3057 3858 per
3087 3793 3263 3860 plures
3285 3796 3420 3863 dies,
3453 3812 3505 3854 et
3537 3780 3865 3874 tempestate

2279 3884 2384 3967 non
2414 3876 2600 3967 exigua
2642 3876 2973 3944 imminente,
3001 3882 3113 3949 jam
3153 3885 3328 3941 ablata
3372 3900 3490 3945 erat
3527 3898 3703 3950 Omnis
3732 3914 3868 3967 spes

2278 3963 2460 4017 salutis
2499 3976 2718 4022 nostrae.
2747 3968 2835 4023 21.
2865 3969 3015 4026 Tunc
3044 3984 3193 4030 stans
3220 3978 3416 4034 Paulus
3441 3981 3493 4035 in
3526 3985 3703 4039 medio
3730 3963 3864 4043 illo-

2277 4069 2393 4108 rum
2411 4055 2563 4111 dixit.
2608 4075 2629 4109 ι
2662 4058 2822 4114 Vide:
2856 4073 2973 4130 post
2994 4073 3191 4132 tantam
3220 4078 3589 4139 tempestatem
3616 4094 3721 4133 non
3751 4082 3866 4139 illis

2278 4146 2535 4202 insultans
2578 4148 2694 4204 inec
2721 4152 2971 4221 loquitur,
3022 4157 3115 4209 sed
3151 4167 3205 4211 ut
3238 4162 3319 4215 vel
3350 4164 3401 4216 in
3432 4175 3701 4233 posterqu
3751 4172 3865 4228 sibi

2277 4238 2520 4291 credant.
2552 4237 2706 4293 Unde
2746 4250 2801 4295 et
2825 4257 2942 4309 qua:
2972 4257 3262 4302 evenerant
3292 4250 3344 4304 in
3375 4255 3734 4312 testimonium
3763 4276 3863 4314 as-

2279 4329 2441 4380 sumit
2485 4330 2723 4383 veritatis
2764 4345 2969 4398 eorum,
3015 4350 3132 4403 quae
3175 4338 3413 4396 dicturus
3456 4354 3588 4398 emt.
3636 4347 3704 4402 Et
3748 4350 3867 4407 duo

2283 4418 2633 4485 praedicit:et
2673 4422 2813 4491 quod
2855 4422 2906 4477 in
2946 4426 3168 4481 insulam
3207 4437 3515 4489 exscensuri
3554 4450 3755 4507 essent,
3805 4454 3868 4500 et

2280 4508 2419 4577 quod
2454 4510 2604 4565 navis
2635 4513 2891 4580 peritura,
2918 4527 3163 4573 vectores
3189 4531 3365 4577 autem
3397 4529 3641 4583 servandi
3673 4545 3867 4591 essent

2282 4599 2576 4693 (quodnon
2605 4602 2904 4672 conjectura
2935 4620 3074 4675 erat,
3136 4612 3227 4665 sed
3253 4615 3549 4687 prophetia)
3568 4633 3585 4684 ;
3607 4622 3869 4693 quodque

2273 4690 2396 4783 ipse
2421 4689 2617 4747 Czesari
2646 4695 2914 4751 sistendus
2940 4710 3102 4754 esset.
3140 4701 3270 4757 Illud
3312 4714 3490 4760 autem
3520 4713 3659 4778 quod
3697 4689 3865 4783 dixit,

2283 4782 2503 4837 Donavit
2548 4786 2637 4839 tibi
2675 4788 2812 4843 Deus
2854 4809 3047 4855 omnes,
3082 4810 3185 4847 non
3224 4801 3543 4866 arrogantia:
3582 4816 3718 4869 erat,
3762 4811 3865 4863 sed

2282 4876 2505 4931 vulentis
2531 4889 2771 4935 vectores
2798 4882 2864 4935 ad
2890 4883 3044 4937 fidem
3064 4885 3327 4943 adducere
3352 4909 3363 4941 :
3391 4906 3511 4945 nam
3537 4909 3643 4949 non
3676 4905 3735 4951 ut
3756 4899 3865 4956 sibi

2283 4971 2503 5038 gratiam
2538 4970 2815 5036 haberent,
2855 4975 2947 5029 sed
2989 4987 3044 5030 ut
3082 4976 3239 5033 dictis
3280 4981 3391 5036 suis
3429 4984 3731 5052 crederent,
3779 4992 3867 5045 sic

2286 5061 2531 5131 loquutus
2580 5073 2675 5119 est.
2728 5064 2859 5119 Illud
2902 5084 3050 5134 vero,
3095 5068 3311 5127 Donavit
3353 5075 3444 5129 tibi
3489 5076 3643 5143 Deus,
3692 5056 3865 5139 Paulo

2286 5150 2481 5206 dictum
2513 5164 2627 5220 est;
2658 5170 2720 5209 ac
2743 5158 2786 5210 si
2808 5155 3025 5212 dixisset
3056 5160 3241 5231 :Digni
3264 5164 3476 5233 quidem
3508 5180 3680 5224 morte
3708 5184 3862 5240 sunt,

2286 5246 2405 5314 quia
2450 5262 2552 5301 non
2581 5248 2931 5316 obedierunt;
2966 5268 3147 5308 verum
3190 5254 3240 5309 in
3277 5258 3349 5310 tui
3392 5260 3614 5327 gratiam
3645 5262 3745 5317 hoc
3775 5266 3860 5321 lit.

2294 5338 2423 5390 «21.
2468 5338 2528 5391 Et
2576 5355 2693 5393 cum
2745 5341 2905 5395 multa
2946 5343 3117 5398 inedia
3164 5355 3324 5412 esset,
3353 5367 3371 5398 ι
3422 5349 3610 5419 inquit,
3664 5372 3682 5403 ί
3710 5364 3866 5412 stans

2290 5428 2482 5482 Paulus
2512 5430 2564 5483 in
2597 5430 2773 5484 medio
2816 5447 2997 5487 eorum
3029 5435 3198 5490 dixit:
3223 5437 3512 5506 Oportebat
3548 5444 3785 5511 quidem.
3827 5462 3866 5503 ο

2290 5518 2408 5583 viri,
2436 5521 2619 5575 audire
2646 5537 2749 5585 me,
2786 5538 2884 5576 nec
2914 5526 3122 5580 solvere
3157 5542 3187 5581 a
3228 5526 3403 5594 Creta,
3436 5545 3497 5585 ac
3524 5536 3691 5589 vitare
3723 5535 3866 5593 hanc

2291 5610 2532 5678 injuriam
2576 5622 2627 5666 et
2648 5612 2930 5681 iacturam.
2981 5617 3069 5670 22.
3119 5616 3187 5671 Et
3232 5634 3373 5675 nunc
3401 5621 3587 5677 hortor
3628 5640 3760 5689 vos,
3805 5636 3867 5683 ut

2290 5701 2428 5755 bono
2466 5703 2649 5756 animo
2678 5704 2791 5759 sitis
2819 5708 3056 5776 :jactura
3098 5710 3237 5763 enim
3270 5712 3461 5766 anima:
3488 5715 3631 5768 nulla
3663 5718 3765 5770 erit
3795 5733 3864 5773 ex

2288 5795 2456 5858 vobis,
2488 5795 2581 5848 sed
2612 5805 2811 5851 tantum
2844 5800 3013 5854 navis.
3053 5799 3143 5853 25.
3176 5802 3391 5856 AdStitit
3418 5804 3559 5857 enim
3602 5806 3727 5859 mihi
3762 5808 3865 5864 hac

2295 5895 2446 5945 nocte
2472 5886 2691 5959 angelus
2719 5888 2832 5957 Dei,
2864 5893 3013 5964 cujus
3042 5906 3182 5960 sum,
3220 5904 3274 5951 et
3309 5910 3464 5967 quem
3489 5898 3627 5962 cole,
3658 5899 3748 5959 26.
3782 5900 3865 5959 ὤ-
