4072 6400
1293 497 1364 552 IN
1397 494 1577 554 ACTA
1615 493 2156 553 Αροετοιοιιωι.
2198 493 2434 556 HOMIL.
2475 497 2608 554 LIII.

3549 500 3659 556 διε

1585 712 1737 788 [397]
1765 714 2016 767 OMIAIA
2064 713 2194 770 Nl".

207 810 469 880 Ἀνέστη
497 810 565 864 δέ
583 814 617 866 ό
643 808 944 876 ,βασιλεὺς
973 807 1070 880 καὶ
1094 807 1408 880 ό-ήτεμὼν,
1444 807 1483 880 ᾔ
1505 823 1569 861 τε
1590 806 1867 880 Βερνίκη,

269 882 375 935 καὶ
412 875 467 935 οἱ
497 875 944 951 συγκαθήμενοι
973 875 1210 951 αὐτοῖς
1291 877 1390 951 καί
1427 875 1869 951 ἀναχωρήᾳιξη-

867 931 1204 1018 ἀλλήλρυς,
1230 947 1537 1018 λέγοντες,
1549 931 1650 1018 ’δτῖ
1683 931 1878 998 ὸῡδὲν

275 969 375 1015 τες
401 969 672 1004 uuovr
694 969 810 1018 προ
867 969 1204 1012 (ιιι-ιηλους,
1230 969 1537 1016 “mag,
1560 969 1650 998 οτι
1683 969 1877 998 uua"

269 1019 541 1094 θανάτου
571 1019 747 1094 ἀξιον
802 969 873 1094 ἦ-
1192 1016 1485 1094 πρρσσει,
1503 1019 1536 1069 ό
1563 1015 1877 1094 ἀνθέκυπῄυς

268 1085 475 1155 οὗτος.
493 1088 819 1158 Ἀγρίππας
832 1084 908 1139 δέ
927 1084 1008 1148 τῷ
1029 1084 1246 1158 σξήστφ
1261 1086 1376 1154 ἔφη
1400 1103 1414 1117 ·
1432 1084 1877 1158 Α’Δπολελύσθαι

269 1150 532 1282 grta
563 1150 611 1212 ’ὃ
657 1150 968 1226 ἄνθρωπος
1008 1150 1208 1220 οὗτος,
1268 1150 1320 1208 εὶ
1364 1150 1459 1226 μὴ
1505 1153 1876 1220 ἐπεκέκλητο

389 1242 568 1294 σαρα.

271 1312 347 1366 α’.
381 1312 521 1384 Ὅρα
553 1311 674 1374 πῶς
700 1311 797 1364 καὶ
828 1310 990 1365 πάλιν
1022 1311 1163 1385 ὑπὲρ
1190 1311 1355 1365 αὐτοῦ
1383 1307 1712 1379 ψηφίζονται
1737 1323 1751 1338 ·
1779 1308 1876 1361 καὶ

199 1399 347 1470 μετά
374 1398 438 1452 τὺ
469 1401 664 1462 εἰπεῖν,
689 1398 910 1466 Μαίνῃ,
943 1398 1168 1467 ἀφιᾶσιν
1195 1398 1378 1461 αὑτὸν,
1403 1398 1464 1450 ού
1486 1396 1580 1449 τοῦ
1617 1395 1873 1459 θανάτου,

197 1485 343 1540 ἀλλά
374 1485 600 1539 καὶτῶν
654 1484 872 1556 δεσμῶν
907 1501 920 1514 ·
960 1485 1054 1538 καὶ
1097 1484 1280 1538 τέλεον
1325 1483 1391 1538 ἂν
1439 1483 1682 1553 ἀφῆκαν,
1715 1484 1764 1536 εί
1799 1482 1875 1555 μὴ

196 1572 462 1643 Καίσαρα
487 1573 845 1643 ἐπεκέκλητο.
881 1571 1042 1626 ’Δλλά
1064 1571 1219 1626 τοῦτο
1241 1571 1604 1642 οἰκονομικῶς
1628 1571 1872 1640 γέγονεν·

195 1655 258 1708 ού
293 1655 537 1725 μόνονδέ
563 1654 742 1720 τοῦτο,
776 1654 912 1709 ἀλλά
954 1655 1050 1709 καὶ⁸
1100 1654 1161 1708 τὸ
1193 1653 1331 1724 μετά
1357 1655 1572 1724 δεσμῶν
1595 1654 1873 1708 ἀπελθεῖν.

197 1740 302 1794 Διά
327 1739 488 1794 τοῦτο
514 1741 667 1810 ἔλεγε
691 1751 711 1772 ⁸
743 1757 758 1772 ο
789 1740 979 1809 Μέχρι
1029 1737 1272 1808 δεσμῶν
1299 1740 1381 1806 ὡς
1416 1740 1774 1810 κακοῦργος.
1813 1741 1876 1794 Εἰ

195 1829 307 1900 γάρ
332 1830 362 1882 ό
396 1830 603 1900 Κύριος
621 1827 788 1883 αὑτοῦ
813 1831 950 1899 μετά
973 1828 1192 1898 ἀνόμων
1219 1827 1496 1898 ἐλογίσθη,
1529 1827 1710 1897 πολλῷ
1736 1828 1875 1897 μᾶλ-

195 1913 290 1969 λον
330 1909 490 1980 οὗτος
521 1933 536 1947 ·
572 1915 687 1970 ἀλλ’
747 1915 939 1986 ὥσπερ
999 1916 1205 1979 ἐκεῖνος
1265 1915 1368 1968 οὐκ
1415 1914 1740 1985 ἐκοινώνησε
1775 1914 1876 1981 τῆς

195 1999 380 2072 δόξης,
409 2001 582 2067 οὕτως
609 2003 732 2056 οὐδὲ
758 1998 932 2065 οὗτος.
963 2002 1039 2054 Τὸ
1062 2001 1170 2072 γάρ
1205 2000 1516 2070 θαυμαστὸν
1544 2001 1665 2054 τότε
1691 1999 1876 2067 φαίνε-

193 2103 310 2154 ται,
334 2090 397 2142 τὸ
425 2089 870 2160 ἀναμεμιγμένον
905 2087 1112 2152 τούτοις
1168 2087 1337 2158 μηδὲν
1373 2087 1515 2156 παρ’
1542 2086 1720 2140 αὐτῶν
1743 2086 1874 2157 βλά-

195 2174 455 2229 πτεσθαι.
496 2176 596 2242 Ὠς
618 2174 689 2229 δέ
733 2175 940 2242 ἐκρίθη
966 2173 1074 2229 τοῦ
1119 2171 1422 2227 ἀποπλεῖν
1451 2171 1608 2241 ἡμᾶς
1643 2176 1732 2238 είς
1760 2173 1878 2240 τὴν

206 2258 497 2326 ⁹ιταλίαν,
528 2261 896 2329 παρεδίδουν
918 2260 1026 2314 τόν
1049 2275 1116 2314 τε
1139 2259 1389 2314 Παῦλον
1413 2259 1514 2313 καί
1549 2275 1717 2325 τινας
1749 2260 1876 2314 ἐτέ-

185 2369 345 2422 ρους
391 2351 703 2420 δεσμώτας
769 2348 1179 2418 ἑκατοντάρχῃ
1204 2388 1219 2414 ,
1283 2349 1530 2418 ὀνόματι
1599 2349 1833 2414 Ἰουλίῳ
1857 2391 1874 2417 ,

193 2440 456 2509 σπείρας
485 2435 812 2506 Σεϐαστῆς.
864 2436 1206 2501 ἐπιϐἀντες
1251 2435 1320 2489 δέ
1357 2437 1550 2503 πλοίῳ
1589 2435 1877 2506 Ἁδραμυ-

193 2524 380 2594 τηνῷ,
414 2523 754 2594 μέλλοντες
786 2523 964 2578 πλεῖν
1009 2522 1156 2589 τοὺς
1206 2523 1358 2576 κατά
1393 2522 1509 2591 τὴν
1539 2523 1752 2578 Ἀσίαν
1777 2525 1877 2577 τό-

193 2625 374 2678 πους,
425 2610 800 2680 ἀνήχθημεν,
839 2609 1014 2674 ὄντος
1079 2609 1204 2663 σὺν
1271 2608 1418 2678 ἡμῖν
1479 2610 1876 2680 Ἀριστάρχου

192 2699 546 2767 Μακεδόνος
603 2696 1114 2764 Θεσσαλονικέως.
1156 2697 1236 2767 Τῇ
1271 2697 1341 2752 δέ
1375 2697 1547 2767 έτέρᾳ
1571 2698 1876 2769 κατήχθη-

187 2802 309 2856 μεν
326 2789 415 2852 τις
452 2783 702 2839 Σιδῶνα.
731 2785 874 2855 Ὅρα
915 2783 1075 2855 μέχρι
1099 2783 1203 2837 ποῦ
1229 2784 1548 2856 συνέρχεται
1576 2785 1653 2855 τῷ
1676 2786 1876 2856 Παύλῳ

193 2877 291 2928 καὶ
322 2872 700 2944 Ἀρίσταρχος.
722 2871 917 2935 Καλῶς
942 2871 1038 2924 καὶ⁸
1059 2872 1352 2942 χρησίμως
1383 2872 1648 2943 πάρεστιν
1669 2875 1697 2926 ό
1729 2873 1877 2942 Ἀρί-

194 2977 456 3032 σταρχος,
490 2960 703 3031 μέλλων
750 2959 969 3013 ἅπαντα
996 2959 1365 3028 ἀπαγγέλλειν
1411 2963 1491 3023 είς
1511 2959 1872 3014 Μακεδονίαν.

193 3044 630 3114 Φιλανθρώπως
651 3061 719 3099 τε
739 3047 773 3099 ό
816 3046 1070 3116 Ἰούλιος
1105 3043 1186 3110 τῷ
1225 3047 1445 3110 Παύλῳ
1468 3045 1874 3114 χρησάμενος,

191 3132 488 3203 ἐπέτρεψε
508 3132 664 3202 πρὸς
691 3131 836 3198 τοὺς
877 3131 1101 3202 φίλους
1129 3130 1499 3199 πορευθέντα
1531 3133 1877 3201 ἐπιμελείας

190 3221 424 3290 τυχεῖν.
467 3219 759 3274 Κάκεῖθεν
809 3217 1175 3288 ἀναχθέντες
1236 3222 1713 3287 ὑπεπλεύσαμεν
1758 3221 1876 3286 τὴν

191 3309 438 3376 Κύπρον
459 3306 560 3361 διὰ
585 3305 655 3360 τὸ
693 3305 836 3372 τοὺς
873 3306 1136 3374 ἀνέμους
1178 3305 1332 3359 εἶναι
1364 3307 1700 3373 ἐναντίους.
1730 3307 1872 3360 Ἐπ-

188 3392 440 3462 έτρεψε,
497 3393 650 3464 φησὶ,
704 3391 979 3457 Ἰούλιος,
1035 3391 1470 3460 φιλανθρώπως
1517 3391 1596 3456 τῷ
1655 3394 1875 3460 Παύλῳ

189 3479 598 3550 χρησάμενος.
618 3477 814 3541 Καλῶς
847 3477 1022 3530 ποιῶν
1053 3475 1214 3530 τοῦτο
1235 3478 1545 3548 ἐπιτρέπει,
1576 3478 1717 3531 ὥστε
1753 3480 1874 3532 ἐπι-

192 3568 417 3640 μελείας
453 3569 638 3638 τυχεῖν
663 3565 968 3621 ἀπελθόντα
1007 3565 1161 3637 παρά
1181 3566 1308 3628 τοὺς
1334 3566 1650 3636 γνωρίμους
1681 3585 1694 3598 ·
1725 3567 1874 3630 εῑκὸς

187 3657 300 3729 γάρ
323 3652 393 3728 ἦν
425 3655 587 3710 αὑτὸν
624 3654 734 3708 ἀπὸ
754 3653 955 3724 πολλῆς
991 3651 1290 3714 κακώσεως
1315 3649 1458 3706 εἶναι
1485 3653 1595 3706 τῶν
1630 3653 1868 3722 δεσμῶν,

186 3743 285 3798 τοῦ
313 3742 504 3812 φόϐου,
542 3740 639 3794 τοῦ
661 3739 890 3809 ἄγεσθαι
933 3739 1028 3793 καὶ
1066 3739 1352 3811 φέρεσθαι.
1391 3739 1533 3810 Ὅρα
1584 3739 1702 3804 πῶς
1751 3741 1871 3794 οὐδὲ

187 3830 349 3885 τοῦτο
379 3829 636 3902 κρύπτει,
675 3829 758 3882 ὅτι
801 3827 1053 3880 ἐϐούλετο
1097 3826 1416 3897 ἐπιμελείας
1460 3832 1664 3896 τυχεῖν.
1703 3829 1872 3881 Πάλιν

188 3917 514 3988 πειρασμοὶ,
574 3914 740 3968 πάλιν
789 3913 980 3984 ἄνεμοι
1037 3912 1292 3967 ἐναντίοι.
1328 3913 1473 3984 Ὅρα
1514 3913 1602 3966 διά
1653 3914 1871 3967 πάντων

187 4004 335 4059 οὕτω
362 4003 456 4057 τὸν
496 4002 611 4072 βίον
654 4002 764 4056 τῶν
800 4001 970 4069 ἁγίων
1017 3999 1378 4069 ὑφαινόμενον
1414 4017 1428 4031 ’
1471 4000 1730 4068 ἐξέφυγον
1757 4001 1785 4041 ιδ
1809 4001 1872 4055 τὸ

186 4093 564 4164 δικαστήριον,
616 4091 713 4144 καὶ
750 4089 1144 4160 περιπίπτουσι
1178 4086 1423 4158 ναυαγίῳ
1457 4088 1553 4141 καὶ
1589 4088 1820 4159 χειμῶνι
1852 4105 1867 4120 ⁸

186 4181 216 4234 ὃ
241 4181 336 4233 καὶ
357 4177 556 4250 δηλῶν,
619 4177 814 4246 ἐπάγει
847 4190 862 4206 °
917 4176 990 4230 Τό
1048 4191 1113 4228 τε
1167 4173 1433 4244 πέλαγος
1459 4175 1524 4228 τὸ
1559 4176 1712 4229 κατὰ
1755 4175 1871 4243 thr

187 4266 471 4330 Κιλικίαν
499 4263 598 4318 καὶ
632 4262 998 4331 Παμφυλίαν
1040 4261 1545 4326 διαπλεύσαντες,
1577 4260 1844 4326 κατήλθο

181 4370 301 4424 μεν
334 4356 424 4418 εις
452 4353 624 4420 Μύρα
655 4349 767 4418 τῆς
806 4351 1052 4416 Λυκίας.
1081 4347 1269 4403 Κάκεῖ
1291 4347 1484 4416 εὑρὼν
1521 4351 1552 4402 ὁ
1595 4349 1871 4402 ἑκατόντ-

186 4456 374 4510 αρχος
400 4438 616 4492 πλοῖον
643 4435 1104 4503 Ἀλεξανδρῖνον
1126 4433 1318 4489 πλέον
1331 4437 1418 4500 είς
1441 4435 1556 4502 τὴν
1583 4436 1866 4500 Ἰταλίαν,

186 4528 550 4584 ἀνεϐίϐασεν
577 4523 736 4594 ἡμᾶς
775 4527 861 4591 εις
915 4524 1088 4578 αὑτό.
1125 4523 1336 4592 Εῠρὼν
1388 4524 1626 4587 πλοῖον,
1681 4524 1867 4594 φησὶν,

199 4612 688 4680 ’Δλεξανδρῖνον.
731 4612 972 4674 Εἰκότως
1002 4610 1348 4681 εὑρίσκεται,
1405 4610 1546 4663 ὥστε
1580 4611 1870 4675 κάκείνους

187 4703 526 4774 ἀπαγγεῖλαι
551 4704 632 4765 είς
659 4701 757 4775 τῂν
775 4701 964 4755 ’Δσίαν
997 4701 1066 4754 τά
1097 4703 1239 4754 κατά
1270 4701 1360 4754 τὸν
1384 4701 1593 4755 Παῦλον
1622 4704 1715 4756 καὶ
1741 4702 1868 4755 τού-

185 4809 314 4856 τους
337 4793 420 4854 είς
460 4793 560 4861 τὴν
618 4790 1015 4860 Λυκίαν.”υρα
1040 4789 1131 4842 τὸν
1177 4788 1310 4841 Θεὸν
1361 4789 1512 4843 οὐδὲν
1561 4789 1870 4854 καινίζοντά

187 4880 310 4934 οὑδὶ
334 4878 758 4948 μεταϐάλλοντα,
787 4877 921 4930 ἀλλά
947 4876 1176 4946 ἀφιέντα
1199 4876 1360 4930 αὑτὸν
1383 4878 1461 4939 είς
1481 4879 1606 4940 τοὺς
1633 4879 1868 4948 ἀνέμους

187 4969 316 5030 τοὺς
350 4965 756 5035 ἀνεπιτηδείους
800 4965 976 5018 πλεῖν.
1023 4962 1185 5017 Ἀλλά
1241 4963 1337 5017 καὶ
1386 4963 1530 5018 οῦτω
1572 4964 1757 5034 θαῦμα
1784 4966 1871 5036 ἐρ-

189 5055 439 5123 γάζεται.
473 5053 640 5105 Ὠστε
663 5052 771 5119 γὰρ
798 5051 1058 5120 ἀσφαλῶς
1087 5051 1263 5118 πλεῖν,
1292 5053 1394 5105 οῦκ
1421 5051 1638 5122 ἀφῆκεν
1667 5053 1867 5119 αὐτοὺς

193 5138 346 5216 [598]
363 5143 443 5204 εἰς
466 5139 723 5206 πέλαγος,
746 5138 861 5191 ἀλλ’
881 5140 967 5192 ἀεὶ
985 5139 1136 5210 παρά
1152 5140 1255 5210 γῆν
1283 5138 1497 5194 ἔπλεον.
1516 5141 1611 5193 Ἑν
1634 5142 1870 5209 ἱκαναῖς

192 5229 262 5283 δέ
303 5227 554 5298 ἡμέραις
586 5225 1135 5294 βραδυπλοοῦντες
1159 5266 1174 5289 ,
1216 5227 1316 5280 καί
1340 5229 1522 5297 μόλις
1561 5230 1870 5298 γενόμενοι

191 5317 343 5370 κατά
372 5315 486 5381 τὴν
509 5314 749 5374 Κνίδον,
779 5312 864 5381 μὴ
891 5312 1272 5379 προσεῶντος
1295 5315 1452 5383 ἡμᾶς
1491 5317 1596 5370 τοῦ
1619 5317 1866 5387 ἀνέμου,

191 5403 663 5470 ὑπεπλεύσαμεν
690 5399 802 5467 τὴν
819 5401 1060 5470 Κρήτην
1074 5402 1223 5456 κατά
1237 5403 1590 5471 Σαλμώνην·
1611 5407 1786 5472 μόλις
1806 5423 1870 5460 τε

191 5492 668 5561 παραλεγόμενοι
705 5487 922 5555 αὐτὴν,
947 5487 1212 5556 ἤλθομεν
1249 5493 1339 5555 εὶς
1381 5491 1571 5544 τόπον
1599 5492 1733 5544 τινὰ
1765 5512 1870 5548 κα-

191 5581 490 5648 λούμενον
507 5575 744 5640 Καλοὺς
760 5573 1029 5644 λιμένας,
1046 5568 1094 5639 ᾧ
1108 5575 1287 5645 ἐγγὺς
1314 5576 1393 5645 ἦν
1412 5578 1588 5643 πόλις
1610 5581 1867 5635 Λασαία.

203 5664 439 5723 Ἱκανοῦ
470 5663 561 5716 ,δὲ
608 5665 832 5731 χρόνον
877 5662 1342 5732 διαγενομένου,
1395 5663 1497 5716 καὶ
1541 5663 1707 5731 ὄντος
1749 5667 1867 5734 ἤδη

195 5755 298 5808 τοῦ
319 5751 510 5817 πλοὸς
530 5749 910 5817 ἐπισφαλοῦς
947 5749 1045 5803 διὰ
1070 5749 1131 5802 τὸ
1158 5748 1257 5801 καὶ
1286 5749 1402 5817 τὴν
1433 5753 1725 5818 νηστείαν
1751 5753 1867 5821 ἤδη

196 5837 704 5911 παρεληλυθέναι,
746 5837 1000 5904 παρῄνει
1023 5838 1054 5890 ό
1097 5837 1357 5903 Παῦλος,
1387 5840 1594 5903 αὐτοῖς
1617 5840 1810 5910 λέγων
1856 5857 1867 5867 ·

199 5929 456 5996 Ἀνδρες,
488 5923 702 5994 θεωρῶ,
733 5921 822 5976 ὅτι
842 5924 993 5991 μετά
1018 5924 1238 5992 ὕϐρεως
1276 5925 1374 5979 καὶ
1394 5927 1634 5995 πολλῆς
1662 5929 1868 5999 ζημίας

258 6077 284 6108 ⁸
301 6079 393 6133 Διά
416 6075 554 6126 τοῦτο
583 6075 714 6137 ελεγι
735 6074 878 6125 deest
903 6073 953 6122 in
978 6085 1091 6121 uno.
1159 6070 1186 6112 δ’
1215 6070 1351 6122 Unus
1376 6074 1579 6136 ἐξέφυγε.

1982 808 2056 860 οὐ
2078 808 2274 874 μόνον
2318 807 2426 862 τοῦ
2469 807 2718 877 φορτίου
2766 805 2866 860 καί
2913 806 3024 862 τοῦ
3081 808 3321 874 πλοίου,
3369 808 3532 864 ἀλλά
3561 814 3659 866 καί

1981 889 2102 943 τῶν
2123 889 2345 959 ψυχῶν
2363 890 2534 960 ἡμῶν
2580 890 2836 960 μέλλειν
2897 890 3150 945 ἔσεσθαι
3190 890 3298 945 τὸν
3327 891 3550 948 πλοῦν.
3606 897 3661 948 ’0

1978 976 2048 1030 δέ
2083 976 2524 1048 ἑκατόνταρχος
2577 975 2657 1042 τῷ
2702 977 3047 1046 κυϐερνήτῃ
3085 977 3184 1032 καί
3221 977 3302 1044 τῷ
3337 981 3664 1051 ναυκλήρῳ

1977 1065 2247 1121 ἐπείθετο
2281 1065 2546 1136 μᾶλλον,
2575 1065 2614 1134 ἢ
2667 1065 2789 1132 τοῖς
2827 1064 2949 1119 ὑπὸ
2998 1063 3108 1118 τοῦ
3150 1067 3396 1120 Παύλου
3423 1068 3666 1139 λεγομέ-

1976 1167 2128 1217 νοις.
2160 1152 2279 1222 Τὴν
2299 1151 2559 1222 νηστείαν
2592 1150 2830 1205 ἐνταῦθα
2883 1151 2984 1222 τὴν
3028 1150 3139 1204 τῶν
3184 1151 3453 1207 Ἰουδαίων
3481 1152 3665 1222 λέγειν

1977 1235 2243 1307 ἠγοῦμαι.
2267 1237 2422 1290 Μετά
2447 1237 2559 1309 γάρ
2601 1236 2704 1307 τὴν
2749 1236 3130 1308 Πεντηκοστὴν
3171 1237 3394 1309 ἐξῆλθον
3449 1239 3663 1297 ἐκεῖθεν

1980 1324 2118 1393 μετά
2145 1324 2314 1378 πολὺν
2365 1325 2580 1396 χρόνον,
2633 1325 2710 1388 ὡς
2749 1324 2808 1378 ἐν
2861 1325 3012 1393 αύτῷ
3062 1325 3248 1396 σχεδὸν
3298 1326 3378 1398 τῷ
3431 1329 3661 1399 χειμῶνι

1978 1411 2382 1479 παραγενέσθαι
2417 1413 2500 1475 είς
2531 1413 2599 1466 τά
2639 1412 2780 1484 μέρη
2808 1411 2910 1483 τῆς
2933 1413 3180 1485 Κρήτης.
3206 1413 3317 1468 Καὶ
3339 1414 3566 1470 τοῦτοδὲ
3595 1417 3660 1471 οὐ

1980 1497 2176 1568 μικρὸν
2209 1496 2394 1566 θαῦμα
2415 1539 2429 1562 ,
2467 1499 2527 1552 τὸ
2579 1499 2911 1571 διασωθῆναι
2960 1500 3027 1554 δι’
3067 1501 3232 1554 αὑτὸν
3272 1501 3368 1556 καὶ
3395 1502 3658 1567 ἐκείνους.

1981 1582 2256 1651 Ἄνδρες,
2283 1583 2496 1653 θεωρῶ,
2531 1585 2620 1639 ὅτι
2654 1589 2807 1655 μετὰ
2871 1587 3096 1656 ὕϐρεως
3151 1586 3250 1641 καὶ
3278 1586 3519 1658 πολλῆς
3565 1587 3663 1658 ζη-

1972 1675 2138 1739 μίας,
2167 1672 2352 1740 φησὶν,
2385 1675 2457 1726 οὐ
2486 1673 2680 1742 μόνον
2706 1671 2814 1728 τοῦ
2851 1674 3100 1744 φορτίου
3133 1674 3234 1728 καί
3281 1675 3390 1729 τοῦ
3415 1677 3659 1740 πλοίου,

1977 1757 2140 1812 ἀλλὰ
2158 1758 2257 1812 καὶ
2302 1757 2424 1813 τῶν
2475 1759 2696 1830 ψυχῶν
2744 1761 2914 1830 ἡμῶν
2958 1763 3216 1831 μέλλειν
3270 1762 3521 1817 ἔσεσθαι
3555 1762 3666 1817 τὸν

1976 1848 2199 1903 πλοῦν.
2237 1850 2296 1904 ’0
2333 1849 2430 1920 μὲν
2483 1846 2579 1905 οὖν
2624 1850 2839 1915 Παῦλος
2887 1852 3142 1906 ἐκέλευσε
3194 1851 3402 1922 μένειν,
3462 1853 3559 1907 καὶ
3593 1853 3662 1908 ti

1981 1937 2243 2006 μέλλοντα
2292 1937 2551 2008 προλέγει
2588 1955 2602 1970 ·
2638 1939 2840 1992 ἐκεῖνοι
2902 1941 2962 1994 δὲ
3007 1941 3377 2011 ἐπειγόμενοι,
3437 1941 3533 1994 καὶ
3555 1940 3662 1994 ὑπὸ

1976 2022 2070 2077 τοῦ
2133 2024 2300 2078 τόπου
2344 2024 2700 2096 κωλυόμενοι,
2761 2025 2953 2097 ἧθελον
3005 2029 3085 2092 εἰς
3119 2027 3339 2081 Φοίνικα
3390 2041 3661 2099 παραχει-

1980 2111 2175 2182 μάσαι.

2049 2197 2116 2268 β’.
2145 2199 2256 2252 Καὶ
2285 2200 2478 2254 σκόπει
2505 2201 2606 2274 τὴν
2640 2202 2955 2273 οἰκονομίαν
2974 2217 2988 2232 ’
3027 2200 3246 2272 πρῶτον
3290 2201 3390 2273 μὲν
3419 2198 3565 2274 ἦραν
3599 2203 3663 2257 τδ

1979 2286 2190 2354 σκάφος
2217 2288 2312 2340 καὶ
2340 2289 2657 2360 ἐξήρχοντο,
2682 2290 2872 2343 ἔπειτα
2901 2289 2976 2352 ὠς
2999 2290 3260 2342 ἐνέπεσεν
3284 2290 3507 2360 ἄνεμος,
3552 2290 3662 2344 ἐδί-

1974 2370 2100 2424 δουν
2129 2373 2207 2443 τῲ
2235 2373 2476 2442 φέροντι,
2535 2377 2632 2429 καὶ
2684 2375 2837 2446 μόλις
2874 2374 3160 2440 ἐσώζοντο.
3199 2376 3553 2432 Ἀνευθέτου
3591 2377 3663 2431 δέ

1976 2458 2086 2512 τοῦ
2120 2460 2372 2529 λιμένος
2417 2461 2805 2530 ὑπάρχοντος
2851 2463 3003 2530 πρὸς
3055 2464 3573 2533 παραχειμασίαν,
3605 2465 3662 2518 οι

1977 2547 2231 2614 πλείους
2251 2547 2459 2602 έθεντο
2507 2549 2759 2616 ,βουλὴν
2812 2548 3153 2618 ἀναχθῆναι
3179 2549 3429 2614 ἐκεῖθεν,
3455 2550 3514 2603 ει
3536 2565 3662 2618 πως
3708 2620 3712 2622 Π

1975 2633 2259 2690 δύναιντο
2281 2636 2775 2706 καταντήσαντες
2801 2639 2889 2703 είς
2913 2638 3162 2692 Φοίνικα
3189 2637 3658 2707 παραχειμάσαι,

1974 2719 2192 2788 λιμένα
2219 2721 2328 2790 τῆς
2364 2721 2602 2790 Κρήτης
2628 2723 2948 2787 ,βλέποντα
3002 2725 3154 2778 κατά
3189 2726 3333 2779 λίϐα
3379 2723 3476 2777 καὶ
3506 2725 3662 2778 κατὰ

1976 2805 2201 2873 Χῶρον.
2252 2806 2782 2875 Ὑποπνεύσαντος
2830 2809 2899 2862 δέ
2947 2810 3150 2875 νότου,
3203 2809 3496 2876 δόξαντες
3548 2809 3660 2879 τῆς

1977 2893 2318 2962 προθέσεως
2342 2895 2797 2964 κεκρατηκέναι,
2827 2896 3085 2964 ἀραντες
3123 2898 3373 2962 Ἄσσον,
3405 2898 3662 2965 παρελέ-

1976 2998 2154 3051 γοντο
2178 2982 2296 3049 thr
2320 2983 2586 3051 Κρήτην.
2614 2987 2733 3038 Mat
2750 2985 2765 3006 ’
2791 2986 2862 3038 οὑ
2895 2984 3056 3039 πολὺ
3079 2984 3148 3038 δὲ
3177 2985 3358 3040 ἔϐαλε
3386 2988 3526 3040 κατ’
3549 2989 3660 3042 αὐ-

1975 3069 2091 3138 τὴν
2126 3069 2349 3139 ἀνεμος
2377 3072 2729 3140 τυφωνικὸς,
2761 3076 2796 3126 ό
2829 3075 3204 3143 καλούμενος
3235 3075 3655 3143 Εὺροκλύδωνο

1975 3158 2518 3227 συναρπασθέντος
2565 3158 2635 3214 δὲ
2671 3159 2778 3214 τοῦ
2817 3163 3035 3216 πλοίου
3060 3147 3161 3215 καί
3193 3163 3280 3233 μὴ
3311 3163 3658 3233 δυναμένου

1972 3247 2422 3317 ἀντοφθαλμεῖν
2451 3249 2532 3315 τῷ
2555 3250 2771 3319 ἀνέμῳ,
2812 3250 3127 3318 ἐπιδόντες
3152 3253 3507 3323 ἐφερόμεθα.
3533 3256 3657 3322 Νη-

1974 3337 2116 3388 σίον
2171 3335 2238 3389 δέ
2290 3354 2346 3391 τι
2397 3337 2850 3406 ὑποδραμόντες
2900 3327 3282 3408 καλούμενον
3345 3341 3656 3410 Κλαύδην,

1967 3423 2151 3490 μόλις
2174 3425 2520 3494 ίσχύσαμεν
2539 3426 2912 3493 περικρατεῖς
2936 3416 3216 3496 γενέσθαι
3247 3427 3357 3496 τῆς
3386 3429 3656 3497 σκάφηςο

1973 3509 2055 3576 ἢν
2082 3512 2356 3579 ἄραντες,
2413 3513 2728 3580 βοηθείαις
2791 3513 3056 3582 ἐχρῶντο
3111 3513 3565 3582 ὑποζωννύντες
3589 3516 3660 3571 τὸ

1972 3599 2192 3653 πλοῖον
2220 3617 2234 3632 ο
2257 3601 2620 3668 φοϐούμενοί
2641 3618 2706 3654 τε
2723 3600 2810 3670 μὴ
2837 3605 2923 3667 εἰς
2947 3601 3062 3668 τὴν
3091 3603 3304 3670 Σύρτιν
3329 3603 3656 3676 έκπέσωσι,

1972 3687 2357 3757 χαλάσαντες
2409 3688 2482 3742 τὰ
2521 3689 2685 3742 ἱστία
2720 3689 2910 3755 οὕτως
2931 3689 3237 3758 ἐφέροντο.
3279 3690 3562 3759 Σφοδρῶς
3589 3691 3659 3745 δέ

1972 3774 2407 3844 χειμαζομένων
2447 3774 2634 3844 ἡμῶν,
2679 3775 2752 3844 τῇ
2804 3775 2954 3843 ἑξῆς
3005 3776 3271 3843 ἐκϐολὴν
3297 3778 3615 3832 ἐποιοῦντο
3640 3795 3656 3810 ο

1972 3865 2072 3916 καὶ
2098 3861 2174 3930 τῇ
2203 3865 2370 3932 τρίτῃ
2400 3864 2748 3932 αὐτόχειρες
2781 3862 2894 3930 τὴν
2925 3864 3163 3931 σκευὴν
3183 3864 3296 3919 τοῦ
3327 3866 3548 3919 πλοίου
3570 3866 3660 3935 έρ-

1961 3950 2255 4020 ρίψαμεν.
2284 3951 2450 4016 Μήτε
2481 3949 2550 4004 δέ
2581 3951 2760 4019 ἡλίου
2798 3950 2953 4020 μήτε
3000 3952 3242 4018 ἄστρων
3281 3951 3658 4021 ἐπιφαινομέο

1971 4055 2098 4091 νων
2126 4038 2226 4090 ἐπι
2255 4039 2545 4104 πλείονας
2569 4037 2817 4106 ἡμέρας,
2871 4037 3166 4106 χειμῶνός
3215 4056 3280 4092 τε
3305 4042 3418 4094 οὐκ
3445 4042 3656 4110 ὀλίγου

1970 4127 2378 4196 ἐπικειμένου,
2419 4113 2640 4180 λοιπὸν
2664 4125 2998 4193 περιῃρεῖτο
3023 4124 3192 4180 πᾶσα
3215 4127 3394 4193 ἐλπὶς
3413 4128 3522 4182 τοῦ
3549 4127 3659 4182 σώο

1973 4215 2171 4276 ζεσθαι
2195 4213 2374 4283 ἡμᾶς.
2411 4213 2661 4282 Πολλῆς
2683 4211 2752 4265 δέ
2781 4213 3023 4279 ἀσιτίας
3058 4216 3480 4283 ὑπαρχούσης,
3522 4219 3659 4270 τότε

1971 4302 2216 4369 σταθεὶς
2243 4305 2276 4356 ό
2297 4302 2542 4367 Παῦλος
2578 4301 2649 4354 έν
2669 4300 2834 4370 μέσῳ
2861 4301 3081 4364 αὐτῶν,
3107 4298 3296 4356 εἶπεν.
3330 4303 3491 4372 Ὅρα·
3517 4304 3657 4374 μετά

1970 4390 2061 4443 τὸν
2093 4387 2347 4443 τοσοῦτον
2375 4388 2622 4459 χειμῶνα
2660 4389 2762 4440 οῦκ
2799 4389 3147 4458 ἐπεμόαίνων
3189 4390 3374 4453 αὐτοῖς
3409 4389 3654 4460 διαλέγει

1970 4495 2081 4540 ται,
2112 4477 2250 4532 ἀλλά
2283 4476 2605 4548 βουλόμενος
2660 4475 2763 4529 κᾶν
2826 4478 2905 4539 είς
2961 4475 3023 4528 τὺ
3055 4476 3248 4546 μέλλον
3275 4477 3654 4546 πιστευθῆναι.

1973 4566 2138 4619 Ὅθεν
2165 4565 2262 4620 καὶ
2287 4567 2355 4618 τά
2381 4564 2731 4635 γεγενημένα
2774 4563 3197 4634 παραλαμϐάνει
3233 4565 3313 4627 εἰς
3346 4564 3656 4635 μαρτυρίαν

1969 4653 2069 4723 τῆς
2093 4653 2203 4705 τῶν
2234 4651 2625 4724 ῥηθησομένων
2671 4651 2949 4722 ἀληθείας.
3001 4651 3109 4703 Καὶ
3131 4651 3223 4703 δύο
3255 4651 3532 4720 προλέγει,
3572 4652 3655 4704 ὅτι

1970 4755 2032 4792 τε
2056 4739 2137 4802 εἰς
2164 4737 2328 4807 νῆσον
2361 4739 2616 4792 ἐκπεσεῖν
2650 4738 2750 4801 δεῖ,
2802 4738 2897 4790 καὶ
2937 4737 3018 4790 ὅτι
3067 4737 3127 4790 τὸ
3164 4738 3261 4808 μὲν
3299 4736 3482 4789 πλοῖον
3519 4737 3658 4790 ἀπο-

1971 4827 2164 4894 λεῖται,
2197 4827 2326 4880 οιδέ
2376 4827 2588 4890 ἐνόντες
2642 4826 2976 4896 σωθήσονται
3028 4829 3187 4896 (ὅπερ
3218 4828 3319 4881 οὐκ
3365 4823 3433 4897 ἦν
3469 4845 3659 4899 στοχα-

1975 4914 2136 4986 σμοῦ,
2173 4914 2310 4968 ἀλλά
2349 4913 2736 4984 προφητείας),
2788 4916 2884 4967 καὶ
2943 4915 3025 4967 ὅτι
3084 4915 3248 4968 αὑτὸν
3291 4915 3530 4985 Καίσαρι
3579 4916 3660 4969 δεῖ

1975 5004 2341 5074 παραστῆναι.
2365 5003 2438 5055 Τὸ
2462 5003 2540 5066 δὲ,
2565 5002 2931 5070 Κεχάρισταί
2976 5018 3076 5056 σοι
3116 5005 3149 5054 ό
3187 5003 3330 5068 Θεὸς
3359 5002 3656 5067 ἅπαντας,

1972 5091 2110 5160 ὅπερ
2141 5084 2315 5152 εἷπεν,
2359 5091 2460 5142 οὐκ
2487 5087 2636 5161 [399]
2664 5089 2981 5152 ἀλαζονείας
3017 5090 3189 5152 ἐστὶν,
3222 5088 3358 5142 ἀλλά
3403 5089 3661 5159 βουλομέ-

1973 5194 2065 5230 νου
2101 5177 2555 5246 προσαγαγέσθαι
2587 5177 2710 5239 τοῦς
2734 5175 3072 5246 ἐμπλέοντας
3100 5193 3113 5206 ·
3142 5176 3240 5246 οὐχ
3261 5176 3350 5230 ἵνα
3375 5176 3482 5246 γάρ
3511 5175 3661 5246 αὐτῷ

1973 5266 2136 5337 χάριν
2159 5266 2376 5336 ἔχωσιν,
2423 5265 2535 5319 ἀλλ’
2577 5265 2666 5318 ἵνα
2701 5265 3000 5318 πείθωνται
3033 5268 3143 5328 τοῖς
3188 5266 3282 5317 ὑπ’
3313 5265 3480 5319 αὑτοῦ
3512 5266 3661 5332 λεγο-

1978 5356 2188 5425 μένοις,
2213 5355 2387 5417 οῦτως
2414 5351 2557 5407 εἷπε.
2595 5355 2671 5407 Τὸ
2704 5354 2783 5416 δὲ,
2813 5353 3177 5424 Κεχάρισταί
3209 5369 3308 5407 σοι
3331 5357 3364 5407 ό
3394 5354 3561 5418 Θεὸς,
3582 5352 3660 5423 τῷ

1976 5445 2176 5514 Παύλῳ
2196 5446 2436 5514 εἴρηται.
2485 5442 2656 5496 Τοῦτο
2700 5442 2985 5512 μονονουχὶ
3021 5441 3198 5510 λέγων
3248 5439 3398 5510 αὐτῷ
3429 5455 3443 5470 ⁸
3482 5439 3659 5504 Ἀξιοι

1978 5532 2077 5600 μὲν
2102 5531 2238 5583 εἰσὶν
2269 5528 2587 5594 ἀποθανεῖν,
2623 5529 2813 5599 ἐπειδὴ
2840 5530 3200 5599 παρήκουσαν
3232 5542 3247 5556 ·
3290 5526 3428 5597 πλὴν
3452 5527 3531 5588 είς
3560 5526 3660 5597 τὴν

1974 5619 2136 5688 χάριν
2165 5617 2262 5688 τὴν
2295 5618 2395 5688 σὴν
2446 5618 2604 5670 τοῦτο
2647 5617 2877 5684 γίνεται.
2919 5613 3160 5681 Πολλῆς
3196 5613 3285 5675 δὲ,
3319 5613 3504 5684 φησὶν,
3528 5614 3660 5666 ἀσι..

1975 5707 2031 5758 τί
2039 5726 2114 5772 ας
2137 5705 2560 5774 ὑπαρχούσης,
2593 5705 2727 5757 τότε
2756 5702 3002 5767 σταθεὶς
3032 5704 3064 5755 ό
3100 5701 3347 5765 Παῦλος
3382 5701 3452 5754 έν
3489 5699 3660 5767 μέσῳ

1974 5797 2175 5850 αὐτῶν
2195 5794 2366 5852 εἶπεν
2387 5813 2401 5826 ·
2433 5796 2592 5848 Ἔδει
2610 5795 2748 5862 μὲν,
2776 5785 2824 5844 ὦ
2875 5792 3112 5859 ἄνδρες,
3130 5787 3659 5856 πειθαρχήσαντάς

1970 5904 2091 5954 μοι,
2117 5885 2206 5955 μὴ
2240 5885 2570 5955 ἀνάγεσθαι
2602 5885 2723 5939 ἀπὸ
2772 5882 2882 5950 τῆς
2927 5880 3184 5949 Κρήτης,
3245 5874 3542 5943 κερδῆσαί
3597 5893 3659 5929 τε

1978 5975 2092 6041 thr
2122 5975 2296 6042 ὕϐριν
2327 5975 2555 6038 ταύτην
2595 5972 2692 6026 καὶ
2725 5970 2839 6036 thr
2879 5969 3112 6037 ζημίαν.
3153 5965 3258 6020 Καὶ
3290 5963 3481 6017 τανῦν
3511 5979 3657 6030 παίδ-

1984 6061 2129 6117 αινῶ
2159 6059 2311 6132 ὑμᾶς
2350 6061 2632 6130 εὐθυμεῖν
2668 6078 2678 6090 ·
2729 6057 3003 6125 ἀποϐολὴ
3034 6055 3143 6126 γὰρ
3174 6049 3380 6123 ψυχῆς
3415 6049 3662 6122 οὐδεμία
