4072 6424
463 523 568 578 309

465 637 634 691 ἔσται
670 633 738 697 ἐξ
768 629 949 700 ὑμῶν,
984 625 1149 695 πλὴν
1170 625 1272 680 τοῦ
1312 625 1545 678 πλοίου.
1581 620 1855 687 Παρέστη
1886 613 1996 700 γάρ
2018 628 2117 700 μοι

465 722 650 787 ταύτῃ
688 695 762 787 τῇ
800 695 976 771 νυκτὶ
1029 715 1280 782 ἄγγελος
1322 711 1427 764 τοῦ
1459 708 1627 771 Θεοῦ,
1657 703 1727 760 οὗ
1760 708 1897 773 ειμι,
1939 695 1986 766 ᾦ
2020 697 2117 752 καὶ

464 783 960 874 λατρεύωξλέῃων
988 818 1002 832 ⁸
1031 801 1124 866 Μὴ
1149 798 1364 867 φοϐοῦ,
1394 794 1591 848 Παῦλε
1611 808 1624 821 ⁸
1661 789 1912 858 Καίσαρί
1936 805 2007 841 σε
2028 783 2119 838 δεῖ

462 891 840 961 παραστῆναι
863 905 874 917 ·
897 888 993 941 καὶ
1023 886 1149 940 ἰδοὺ
1177 882 1519 952 κεχάρισταί
1544 895 1640 933 σοι
1666 883 1697 931 o’
1721 878 1857 940 Θεὸς
1891 875 2121 936 πάντας

464 960 604 1046 τοὺς
634 978 930 1041 πλέοντας
952 973 1100 1043 μετὰ
1122 971 1256 1025 σοῦ.
1304 968 1400 1022 Διό
1448 965 1786 1035 εὐθυμεῖτε,
1834 960 2048 1027 ἄνδρες
2111 974 2120 988 ·

463 1044 723 1120 πιστεύω
779 1064 888 1134 γὰρ
931 1060 1011 1126 τῷ
1067 1058 1206 1123 Θεῷ,
1266 1057 1351 1109 ὅτι
1407 1055 1593 1119 οὕτως
1645 1052 1812 1104 ἔσται
1868 1046 1995 1100 καθ’
2050 1044 2116 1097 ὃν

462 1155 685 1222 τρόπον
714 1129 1041 1213 λελάληταί
1056 1163 1176 1215 μοι.
1221 1145 1322 1208 Είς
1359 1141 1550 1209 νῆσον
1573 1139 1638 1191 δέ
1667 1154 1796 1190 τινα
1825 1132 1913 1187 δεῖ
1963 1129 2123 1201 ημᾶς

460 1219 754 1294 ἐκπεσεῖν.
817 1239 910 1300 Ὠς
945 1234 1012 1286 δὲ
1054 1225 1667 1298 τεσσαρεσκαιδεκάτη
1695 1222 1808 1286 νὺξ
1860 1219 2115 1289 ἐγένετο,

461 1325 896 1397 διαφερομένων
963 1319 1130 1389 ἡμῶν
1207 1320 1276 1370 ἐν
1328 1315 1407 1381 τῷ
1475 1314 1670 1381 Ἀδρίςι
1729 1307 1876 1363 κατὰ
1926 1306 2120 1376 μέσον

460 1415 570 1480 τῆς
620 1411 852 1475 νυκτὸς,
913 1408 1212 1462 ὑπενόουν
1258 1406 1312 1458 οί
1375 1401 1584 1455 ναῦται
1629 1398 1955 1466 ,προσάγειν
1991 1391 2120 1445 τινὰ

460 1501 660 1562 αὑτοῖς
702 1497 898 1565 χώραν
940 1511 954 1526 ·
1000 1493 1093 1547 καὶ
1142 1487 1524 1556 βολίσαντες,
1569 1483 1746 1554 εὗρον
1773 1481 2011 1551 ὀργυιὰς
2037 1485 2113 1531 κ’·

454 1586 654 1655 ,βραχὺ
710 1585 777 1636 δὲ
834 1580 1268 1645 διαστήσαντες
1316 1574 1411 1627 καί
1471 1572 1653 1625 πάλιν
1700 1569 2067 1633 βολίσαντες
2102 1603 2116 1627 ,

457 1653 636 1740 εὗρον
690 1670 928 1738 ὀργυιὰς
997 1672 1060 1719 ιε’
1116 1681 1126 1692 ·
1181 1659 1535 1730 φοϐούμενοί
1595 1673 1656 1710 τε
1725 1654 1807 1724 μή
1862 1670 1986 1717 πως
2034 1653 2119 1714 είς

458 1758 691 1828 τραχεῖς
747 1759 966 1818 τόπους
1017 1751 1394 1818 ἐκπέσωμεν,
1451 1747 1519 1798 ἐκ
1571 1745 1841 1812 πρύμνης
1902 1741 2118 1808 ῥίψαν-

458 1827 557 1909 τες
605 1845 866 1911 ἀγκύρας
898 1839 1217 1906 τέσσαρας,
1254 1837 1504 1903 εὔχοντο
1547 1830 1770 1901 ἡμέραν
1822 1827 2114 1896 γενέσθαι.

465 1930 590 1986 Τῶν
619 1931 686 1983 δέ
706 1925 942 1982 ναυτῶν
984 1925 1313 1992 ζητούντων
1354 1918 1565 1989 φυγεῖν
1608 1917 1676 1968 ἐκ
1730 1914 1834 1968 τοῦ
1880 1913 2115 1973 πλοίου,

459 2019 554 2073 καὶ
615 2013 1011 2086 χαλασάντων
1049 2011 1162 2078 τὴν
1208 2008 1453 2075 σκάφην
1495 2007 1582 2070 εὶς
1632 2003 1746 2069 τὴν
1777 2000 2114 2057 θάλασσαν,

460 2082 751 2172 προφάσει
774 2102 853 2166 ὡς
879 2100 945 2151 ἐκ
981 2095 1216 2163 πρώρας
1243 2093 1590 2162 μελλόντων
1625 2089 1888 2156 ἀγκύρας
1934 2082 2117 2135 ἐκτεί-

458 2169 606 2254 νειν,
671 2185 837 2242 εἶπεν
887 2190 918 2240 ό
962 2185 1199 2247 Παῦλος
1255 2179 1332 2244 τῷ
1385 2175 1792 2243 ἑκατοντάρχῃ
1853 2173 1946 2224 καὶ
1992 2169 2117 2234 τοῖς

457 2275 842 2345 στρατιώταις
870 2287 884 2302 ·
934 2272 1073 2324 Ἐὰν
1094 2268 1176 2338 μὴ
1211 2263 1674 2334 οὖτοιμείνωσιν
1701 2261 1770 2314 ἐν
1807 2259 1884 2323 τῷ
1905 2257 2113 2319 πλοίῳ,

457 2365 625 2433 ὑμεῖς
672 2358 940 2427 σωθῆναι
994 2360 1063 2410 οὺ
1124 2355 1409 2407 δύνασθε.
1465 2351 1598 2402 τότε
1663 2349 1716 2400 οί
1772 2342 2114 2412 στρατιῶται

457 2430 775 2517 ἀπέκοψαν
808 2445 877 2499 τὰ
907 2442 1146 2512 σχοινία
1175 2439 1282 2506 τῆς
1330 2435 1590 2504 σκάφης,
1645 2433 1742 2485 καὶ
1770 2433 1984 2485 εἴασαν
2011 2430 2115 2480 αὺ-

459 2539 572 2604 τὴν
595 2533 901 2588 ἐκπεσεῖν.
953 2527 1212 2582 Ἐνταῦθα
1247 2525 1533 2584 δείκνυσιν,
1558 2523 1638 2573 ὅτι
1667 2518 1887 2587 ἔμελλον
1917 2517 1962 2567 οἱ
1987 2512 2116 2565 ναῦ-

456 2642 544 2679 ται
582 2624 798 2692 φεύγειν
832 2614 1199 2674 ἀπιστοῦντες⁵
1230 2611 1308 2681 τῷ
1347 2608 1621 2678 λεγομένῳ
1653 2622 1666 2635 ·
1716 2606 1742 2656 0
1776 2604 1832 2656 δὲ
1863 2601 2115 2655 ἑκατόντ-

459 2728 622 2781 αρχος
666 2704 906 2760 πιστεύει
943 2703 1038 2756 σὺν
1086 2702 1196 2761 τοῖς
1231 2695 1588 2768 στρατιώταις
1615 2706 1663 2744 ιι.
1696 2692 1785 2743 Διὸ
1808 2691 1901 2742 καί
1929 2704 2112 2758 φησιν’

471 2799 609 2850 Ἐὰν
653 2790 815 2848 οὗτοι
850 2792 1142 2859 φύγωσιν,
1189 2783 1356 2853 ὑμεῖς
1395 2779 1658 2847 σωθῆναι
1701 2781 1772 2831 οὐ
1803 2776 2066 2830 δύνασθε
2101 2792 2113 2806 ’

456 2884 516 2937 οὺ
547 2881 633 2936 διὰ
661 2880 817 2933 τοῦτο
872 2874 1061 2941 εἰπὼν,
1110 2873 1222 2927 ἀλλ’
1281 2871 1365 2923 ἵνα
1418 2869 1662 2936 κατάσχῃ
1721 2866 1937 2925 αὐτοὺς,
1967 2864 2115 2931 καὶὴ

459 2968 763 3041 προφητεία
800 2965 874 3035 μὴ
898 2957 1148 3030 διαπέσῃ.
1170 2959 1310 3028 Ὅρα
1336 2955 1585 3023 καθάπερ
1609 2954 1665 3004 ἐν
1707 2949 1970 3020 ἐκκλησίᾳ
1994 2967 2118 3002 παι-

457 3057 773 3129 δευομένους
801 3053 995 3114 αὑτοὺς
1027 3047 1120 3101 τοῦ
1153 3045 1363 3098 Παύλου
1397 3042 1494 3112 τὴν
1532 3040 1867 3110 φιλοσοφίαν,
1908 3036 2000 3100 οὓς
2025 3037 2116 3088 καὶ

457 3148 519 3197 ἐκ
555 3144 732 3214 μέσων
761 3138 936 3194 αὐτῶν
969 3135 1129 3199 σώζει
1161 3133 1266 3185 τῶν
1295 3130 1572 3183 κινδύνων.
1609 3129 1720 3181 Kal
1759 3124 2115 3194 οἰκονομικῶς

455 3210 762 3284 ἀπιστεῖται
791 3226 819 3276 0
850 3223 1078 3285 Παῦλος,
1123 3221 1208 3272 ἵνα
1258 3216 1396 3288 μετὰ
1438 3215 1536 3286 τὴν
1579 3215 1774 3282 πεῖραν
1802 3210 1908 3263 τῶν
1939 3226 2117 3281 πραγ-

461 3318 644 3387 μάτων
679 3311 985 3380 πιστευθῇ(
1017 3310 1152 3377 ὅπερ
1199 3301 1290 3359 οὖν
1346 3304 1441 3357 καὶ
1487 3302 1696 3371 γέγονε.
1723 3297 1832 3352 Kal
1868 3297 2119 3367 παραινεῖ

459 3403 556 3455 τά)
574 3419 619 3453 ιν
666 3397 983 3470 μεταλαϐεῖν
1031 3393 1256 3464 τροφῆς,
1300 3391 1393 3444 καὶ
1434 3389 1754 3441 πείθονται·
1813 3385 1908 3436 καὶ
1957 3382 2118 3444 αὐτὸς

458 3491 668 3550 πρῶτος
705 3483 1122 3555 μεταλαμϐάνει,
1154 3483 1213 3532 οὐ
1241 3481 1405 3548 λόγῳ,
1430 3477 1566 3530 ἀλλὰ
1594 3475 1686 3528 καὶ
1724 3474 1869 3544 ἔργῳ
1913 3470 2114 3524 πείθων

455 3576 530 3634 ὡς
559 3575 707 3627 οὐδὲν
769 3571 998 3639 ἔϐλαψεν
1046 3571 1073 3622 ό
1133 3565 1362 3638 χειμὼν,
1411 3564 1545 3617 ἀλλὰ
1587 3561 1782 3632 μᾶλλον
1819 3559 1996 3611 αὐτῶν
2020 3558 2117 3620 τὰς

457 3661 630 3731 ψυχὰς
676 3659 766 3712 καὶ
828 3656 1126 3726 ὠφέλησεν.
1163 3656 1332 3720 Ἀχρι
1379 3650 1446 3702 δὲ
1490 3645 1560 3703 οὗ
1613 3650 1865 3715 ἔμελλεν
1892 3644 2119 3713 ἡμέραν

459 3751 743 3819 γίνεσθαι,
769 3743 1091 3812 παρεκάλει
1127 3744 1170 3794 ,ό
1206 3739 1445 3801 Παῦλος
1478 3735 1745 3798 ἅπαντας
1762 3729 2119 3801 μεταλαϐεῖν

460 3834 704 3904 τροφῆς,
769 3832 966 3900 ’λέγων
1033 3846 1046 3859 ·
1119 3819 1789 3891 Τεσσαρεσκαιδεκάτην
1851 3821 2118 3886 σήμερον

459 3925 686 3990 ’ἡμέραν
739 3915 1184 3986 προσδοκῶντες
1213 3953 1226 3978 ,
1292 3913 1485 3963 άσιτοι
1541 3907 1863 3960 διατελεῖτε
1921 3903 2117 3972 μηδὲν

461 3988 952 4078 προσλαϐόμενοι.
1014 4001 1108 4054 Διὸ
1167 3993 1495 4065 παρακαλῶ
1558 3993 1713 4062 ὑμᾶς
1761 3988 2118 4060 μεταλαϐεῖν

459 4077 720 4163 τροφῆς·
754 4091 928 4144 τοῦτο
969 4089 1076 4158 γὰρ
1127 4085 1274 4152 πρὸς
1321 4080 1428 4148 τῆς
1485 4081 1772 4149 ὑμετέρας
1822 4077 2116 4143 σωτηρίας

459 4161 707 4247 ὑπάρχει
737 4195 750 4208 ο
787 4174 1034 4237 οὐδενὸς
1068 4173 1176 4242 γὰρ
1205 4168 1368 4238 ὑμῶν
1409 4166 1542 4234 θρίξ
1570 4164 1676 4230 τῆς
1701 4161 1969 4230 κεφαλῆς
2016 4177 2117 4212 πε-

459 4267 668 4320 σεῖται.
708 4262 906 4316 Εἰπὼν
937 4259 1004 4312 δὲ
1048 4259 1248 4320 ταῦτα,
1287 4253 1385 4308 καὶ
1416 4253 1617 4306 λαϐὼν
1637 4249 1836 4318 ἄρτον,
1879 4247 2116 4314 εὐχαρί-

457 4366 651 4417 στησε
689 4347 766 4412 τῷ
794 4345 913 4410 Θεῷ
943 4343 1195 4398 ἐνώπιον
1216 4340 1475 4401 πάντων,
1507 4337 1606 4389 καὶ
1635 4333 1873 4399 κλάσας
1893 4331 2116 4400 ἤρξατο

456 4435 612 4509 μου]
642 4435 882 4487 ἐσθίειν.
921 4432 1176 4497 Εὑθυμοι
1203 4427 1268 4480 δὲ
1288 4427 1594 4494 γενόμενοι
1621 4421 1863 4485 πάντες,
1896 4418 1992 4471 καὶ
2014 4419 2118 4472 αὐ-

463 4505 548 4577 τοὶ
573 4505 1015 4589 προσελάϐοντο
1054 4513 1296 4582 τροφῆς.
1328 4509 1521 4579 τΗμεν
1547 4509 1616 4562 δέ
1639 4509 1708 4562 ἐν
1735 4507 1814 4571 τῷ
1840 4505 2032 4571 πλοίῳ
2055 4505 2119 4555 al

463 4610 648 4663 πᾶσαι
665 4607 856 4675 ψυχαὶ
879 4604 1177 4656 διακόσιαι
1203 4596 1691 4675 ἐϐδομηκονταέξ.
1718 4591 2117 4661 Κορεσθέντες

456 4693 527 4745 δὲ
562 4673 943 4758 τῆς-τροφῆς,
972 4673 1286 4752 ἐκούφιζον
1317 4681 1384 4734 τὸ
1425 4681 1658 4741 πλοῖον,
1685 4678 2115 4742 ἐκϐαλλόμενοι

465 4780 568 4832 τὸν
605 4777 774 4830 σῖτον
805 4778 889 4839 είς
918 4773 1031 4841 τὴν
1054 4769 1537 4826 θάλασσαν.”οτε
1564 4765 1629 4817 δὲ
1652 4763 1838 4831 ἡμέρα
1859 4763 2114 4829 ἐγένετο,

467 4862 706 4933 τὴνγῆν
731 4865 839 4915 οὑκ
887 4860 1291 4929 ἐπεγίνωσκον
1324 4871 1338 4884 ⁸
1398 4855 1630 4906 κόλπον
1686 4849 1756 4902 δέ
1807 4864 1941 4902 τινα
1983 4863 2120 4899 κατ-

463 4954 680 5006 ενόουν
701 4950 913 5015 ἔχοντα
929 4947 1216 5015 αἰγιαλὸν,
1250 4945 1332 5008 είς
1356 4942 1424 4995 ὃν
1449 4940 1916 4999 ἐϐουλεύσαντο,
1940 4939 1992 4988 εὶ
2014 4935 2118 4988 δυ-

467 5031 907 5099 ι·(ιτόν,ἐξῶσαι
963 5031 1026 5082 τὸ
1069 5029 1300 5081 πλοῖον.
1348 5027 1454 5080 Καὶ
1501 5027 1606 5088 τὰς
1648 5023 1909 5092 ἀγκύρας
1958 5036 2119 5089 περι-

466 5127 709 5186 ελόντες
751 5121 889 5173 εἴων
928 5121 1011 5181 είς
1034 5115 1147 5182 τὴν
1200 5113 1538 5174 θάλασσαν,
1559 5111 1677 5180 ἅμα
1718 5111 1963 5175 ἀνέντες
2014 5109 2118 5173 τὰς

463 5210 804 5277 ζευκτηρίας
871 5204 988 5258 τῶν
1044 5203 1348 5270 πηδαλίων
1403 5217 1416 5229 °
1475 5199 1570 5251 καὶ
1639 5199 1964 5266 ἐπάραντες
2016 5196 2121 5248 τὸν

466 5299 794 5366 ἁρτέμονα,
840 5292 911 5359 τῇ
970 5292 1237 5358 πνεούσῃ
1298 5288 1573 5356 κατεῖχον
1621 5291 1704 5350 εἰς
1759 5286 1868 5338 τὸν
1923 5287 2124 5353 αἰγια-

466 5379 1047 5448 ⁹τοιαηεριπεσόντες
1076 5377 1142 5429 δὲ
1189 5379 1273 5442 είς
1324 5377 1508 5428 τόπον
1561 5371 1960 5433 διθάλασσον,
2019 5372 2122 5423 ἑπ-

465 5472 718 5524 ώκειλαν
763 5468 877 5536 τὴν
932 5466 1122 5519 ναῦνσ
1166 5465 1262 5527 καὶ
1300 5464 1336 5530 ἡ
1370 5463 1485 5532 μὲν
1538 5460 1737 5529 πρῶρα
1795 5459 2081 5527 ἐρείσασα
2107 5500 2119 5522 ,

464 5561 695 5625 ἔμεινεν
731 5555 1086 5617 ἀσάλευτος,
1126 5551 1163 5619 τ)
1219 5551 1285 5603 δὲ
1325 5550 1560 5617 πρύμνα
1597 5549 1804 5600 ἐλύετο
1852 5545 1970 5598 ὑπὸ
2018 5544 2122 5612 τῆς

456 5644 602 5718 ⁹ϐίας
630 5643 744 5696 τῶν
766 5641 1056 5709 κυμάτων.

538 5743 604 5802 γ’.
639 5733 804 5785 Πάλιν
825 5733 1077 5798 πειρᾶται
1096 5729 1122 5780 ὁ
1142 5727 1383 5790 διάϐολος
1402 5726 1685 5796 ἐμποδίσαι
1712 5727 1777 5794 τῇ
1797 5724 2122 5796 προφητεία·

469 5826 558 5874 καὶ
588 5819 928 5874 ἐϐουλεύοντό
955 5833 1104 5876 τινας
1157 5815 1385 5875 ἀνελεῖν,
1422 5813 1534 5865 ἀλλ’
1586 5814 1685 5865 οὑκ
1723 5812 1902 5864 εἴασεν
1932 5815 1959 5864 0
1997 5813 2126 5863 Exa-

467 5915 777 5978 τόπαρχος,
811 5908 895 5958 ἵνα
933 5905 1019 5955 τὸν
1062 5902 1266 5954 Παῦλον
1293 5900 1474 5972 σώσῃ·
1515 5900 1685 5964 οὕτως
1711 5900 1809 5969 ἤδη
1841 5899 2123 5970 ᾠκειωμέ-

533 6086 555 6112 ⁸
582 6082 734 6143 L'nus,
759 6084 961 6131 παστεύει
998 6083 1080 6131 σὺν
1109 6080 1169 6144 τῷ
1197 6079 1385 6141 Παῦῳ.

1302 511 1358 566 S.
1401 505 1683 565 JOANNIS
1721 493 2210 558 CHIKYSOSTOMI
2251 495 2568 553 ARCHIEP.
2612 497 3154 554 CONSTANTINOP.

3781 499 3894 555 37'}

2224 628 2311 674 νος
2339 608 2405 682 ἦν
2434 612 2602 684 αὐτῷ.
2633 613 2754 668 Τῶν
2776 614 2843 667 δὲ
2872 613 3245 682 στρατιωτῶν
3266 615 3471 682 βουλὴ
3497 614 3758 685 ἐγένετο,
3785 615 3896 668 ἵνα

2223 699 2362 764 τοὺς
2399 699 2702 768 δεσμώτας
2730 703 3145 762 ἀποκτείνωσι,
3182 701 3266 770 μή
3300 720 3389 767 τις
3421 701 3896 770 ἐκκολυμϐήσας

2223 784 2498 853 διαφύγῃ.
2535 788 2598 838 '0
2626 787 2693 838 δὲ
2714 789 3146 856 ἑκατόνταρχος
3177 790 3560 857 ,ϐουλόμενος
3587 787 3894 841 διασῶσαι

2219 872 2322 922 τὸν
2368 871 2628 936 Παῦλον,
2688 874 2994 926 ἐκώλυσεν
3041 876 3260 939 αὐτοὺς
3317 875 3422 927 τοῦ
3467 875 3890 941 βουλήματος,

2214 956 2499 1011 ἐκέλευσέ
2523 975 2586 1011 τε
2615 959 2756 1025 τοὺς
2774 959 3148 1028 δυναμένους
3175 959 3479 1029 κολυμϐᾷν
3512 961 3897 1028 άπορῤίψανι

2217 1058 2322 1108 τας
2359 1043 2624 1110 πρώτους
2653 1046 2750 1097 ἐπὶ
2779 1045 2893 1113 τὴν
2913 1045 3028 1116 γῆν
3046 1046 3287 1110 ἐξιέναι,
3327 1048 3424 1099 καὶ
3464 1047 3605 1111 τοὺς
3627 1045 3893 1111 λοιποὺς

2216 1130 2322 1196 οὒς
2341 1131 2453 1198 μὲν
2477 1132 2572 1185 ἐπὶ
2605 1135 2876 1195 σανίσιν,
2903 1134 3007 1199 οὓς
3042 1133 3109 1185 δέ
3138 1135 3238 1187 ἐπί
3277 1152 3454 1188 τινων
3481 1134 3598 1188 τῶν
3622 1135 3739 1188 ἀπὸ
3774 1133 3895 1185 τοῦ

2217 1219 2453 1271 πλοίου.
2481 1218 2587 1272 Καὶ
2616 1219 2801 1285 οὕτως
2830 1220 3066 1287 ἐγένετο
3117 1219 3348 1286 πάντας
3382 1220 3748 1289 διασωθῆναι
3782 1221 3892 1272 ἐπὶ

2216 1304 2330 1370 τὴν
2356 1303 2491 1371 τῆν.
2546 1305 2653 1359 Καὶ
2706 1306 3117 1371 διασωθέντες,
3170 1309 3303 1360 τότε
3350 1308 3719 1376 ἐπέγνωσαν,
3795 1306 3896 1358 ὅτι

2215 1394 2442 1457 Μελίτη
2464 1392 2500 1456 η
2533 1393 2727 1459 νῆσος
2756 1394 3041 1448 καλεῖται.
3087 1396 3249 1464 Ὀρᾷς
3280 1396 3400 1448 ὅσον
3430 1395 3649 1463 γέγονεν
3677 1394 3896 1462 ἀγαθὸν

2215 1479 2322 1531 ἀπὸ
2354 1477 2445 1530 τοῦ
2492 1480 2788 1549 χειμῶνος;
2827 1483 2945 1551 Οὐκ
2992 1481 3099 1552 ἄρα
3155 1482 3591 1551 ἐγκαταλείψεως
3617 1484 3683 1559 ἦν
3712 1485 3740 1533 0
3772 1498 3897 1550 χει-

2220 1564 2354 1633 μών.
2385 1565 2494 1617 Καὶ
2520 1564 2658 1631 πῶς,
2701 1567 2884 1637 φησὶν,
2914 1567 3110 1639 ἔφερον
3137 1571 3312 1624 ἄσιτοι
3336 1570 3485 1634 ὄντες
3525 1573 3619 1625 καὶ
3655 1569 3896 1641 μηδενὸς

2219 1654 2681 1724 μεταλαϐόμενοι;
2725 1658 2783 1709 Ὀ
2815 1656 2978 1725 φόϐος
3009 1661 3258 1727 κατεῖχεν
3303 1659 3498 1722 αὐτοὺς
3536 1661 3628 1714 καὶ¹
3666 1662 3766 1712 οὐκ
3799 1659 3898 1710 εἴα

2217 1745 2295 1805 εἰς
2325 1742 2620 1813 ἐπιθυμίαν
2664 1745 2869 1815 τροφῆς
2920 1747 3198 1814 ἐμπεσεῖν,
3258 1746 3548 1815 μέλλοντας
3600 1747 3739 1817 ὑπὲρ
3775 1748 3898 1799 τῶν

2215 1833 2460 1900 ἐσχάτων
2508 1831 2857 1884 κινδυνεύειν.
2918 1832 2991 1884 Τὸ
3044 1833 3143 1902 μὲν
3198 1830 3289 1886 οὖν
3329 1834 3618 1903 γενόμενον
3648 1834 3756 1887 ἀπὸ
3790 1832 3896 1885 τοῦ

2216 1917 2408 1988 καιροῦ
2463 1919 2679 1986 ἐγένετο
2729 1935 2742 1948 ο
2792 1918 2850 1970 τὸ
2894 1918 2949 1971 δὲ
3007 1918 3191 1989 θαῦμα
3252 1919 3563 1990 μεῖζον,ὃτι
3601 1924 3658 1974 ἐν
3702 1921 3898 1992 καιρῷ

2215 2005 2439 2076 τοιούτῳ
2468 2009 2532 2059 ἐκ
2560 2006 2738 2070 μέσων
2801 2005 3082 2078 ἐσώθησαν
3142 2008 3250 2061 τῶν
3309 2010 3589 2075 κινδύνων,
3623 2012 3786 2073 αὑτός
3825 2027 3900 2063 τε

2215 2094 2308 2144 καὶ
2342 2093 2420 2145 δι’
2448 2093 2610 2146 αὐτὸν
2636 2096 2685 2145 οί
2717 2093 2911 2148 λοιποί.
2959 2095 3066 2147 Καὶ
3124 2095 3456 2163 ἐπάραντες
3502 2100 3607 2151 τὸν
3634 2100 3896 2168 ἀρτέμο-

2213 2199 2310 2246 να,
2352 2181 2427 2251 τῇ
2462 2184 2735 2252 πνεούσῃ
2781 2183 3058 2252 κατεῖχον
3098 2187 3183 2249 είς
3227 2186 3334 2238 τὸν
3384 2189 3677 2254 αἰγιαλόν.
3713 2189 3902 2240 Τοῦτο

2216 2267 2355 2336 εἶπε,
2387 2269 2484 2341 τὴν
2515 2270 2636 2340 βίαν
2657 2270 2822 2337 δεῖξαι
2878 2271 3218 2340 βουλόμενος,
3282 2274 3346 2343 ἢν
3396 2274 3662 2343 ὑπέμενον
3686 2293 3899 2347 χειμα-

2217 2357 2432 2427 ζόμενοι
2465 2374 2479 2388 ο
2516 2358 2779 2422 πολλάκις
2809 2360 2916 2428 γὰρ
2944 2359 3042 2429 οὐχ
3076 2359 3219 2412 οὕτω
3245 2360 3477 2414 ποιοῦσι.
3510 2362 3599 2414 Διὸ
3619 2364 3713 2415 καὶ
3752 2379 3900 2414 κατ-

2214 2449 2418 2515 ήγαγον
2443 2448 2543 2519 τὴν
2566 2447 2776 2518 ὀθόνην,
2805 2450 3051 2502 τουτέστι
3078 2450 3144 2502 τά
3183 2450 3324 2503 ἱστία
3352 2451 3498 2520 (ὅταν
3524 2452 3632 2522 γὰρ
3656 2453 3900 2521 σφοδρὸς

2213 2533 2500 2609 ἄνεμοςῇ,
2540 2536 2698 2590 τοῦτο
2748 2537 3001 2606 γίνεται),
3045 2537 3401 2604 ἐγκόπτοντες
3449 2538 3544 2591 τοῦ
3574 2540 3901 2609 πνεύματος

2213 2621 2311 2690 τὴν
2344 2622 2546 2693 ῥύμην.
2575 2623 2760 2676 Ταῦτα
2787 2625 2844 2676 δὲ
2885 2626 3183 2694 πάσχουσιν
3221 2628 3277 2677 ἐν
3320 2625 3398 2695 τῷ
3437 2627 3640 2697 Ἀδρία,
3675 2627 3804 2680 ἔνθα
3828 2629 3900 2681 τὸ

2217 2709 2482 2772 σώζεσθαι
2521 2710 2776 2779 χαλεπόν.
2817 2706 3003 2779 Ἦμεν
3045 2710 3112 2763 δὲ
3144 2711 3212 2762 ἐν
3265 2710 3342 2776 τῷ
3391 2715 3582 2776 πλοίῳ
3605 2717 3663 2766 al
3694 2713 3898 2768 πᾶσαι

2215 2797 2404 2864 ψυχαὶ
2427 2797 2723 2852 διακόσιαι
2755 2797 3248 2867 ἐϐδομηκονταέξ.
3279 2801 3392 2852 Kal
3409 2800 3570 2853 πόθεν
3594 2801 3772 2872 δῆλον,
3803 2804 3898 2856 ὅτι

2214 2885 2459 2937 τοσοῦτοι
2488 2882 2627 2956 ἦσαν
2647 2888 2695 2939 οί
2726 2887 3128 2958 συμπλέοντες;
3162 2888 3320 2952 Εἰκὸς
3345 2884 3413 2958 ἦν
3442 2891 3638 2954 αὐτοὺς
3672 2893 3899 2962 ἐρωτᾷν

2217 2973 2312 3040 τὴν
2335 2975 2531 3039 αἰτίαν,
2574 2977 2653 3030 δι’
2693 2979 2757 3046 ἢν
2797 2977 3037 3040 πλέουσι,
3090 2976 3186 3028 καὶ
3232 2975 3437 3046 μαθεῖν·
3475 2979 3672 3032 πάντα.
3707 2947 3771 3032 bl

2214 3061 2422 3124 οὐδενὸς
2456 3063 2769 3132 μετέλαϐον,
2807 3064 2888 3115 ὅτι
2941 3064 3041 3115 οὐκ
3092 3059 3160 3134 ἦν
3191 3065 3375 3128 αὐτοῖς
3406 3066 3624 3134 φροντὶς
3652 3068 3893 3137 τροφῆς,

2216 3149 2312 3201 ἅτε
2344 3151 2403 3201 οὑ
2441 3149 2699 3220 περὶτῶν
2722 3151 2991 3220 τυχόντων
3024 3151 3173 3214 ὄντος
3206 3152 3299 3204 τοῦ
3334 3153 3603 3207 κινδύνου.
3644 3156 3749 3208 Καὶ
3783 3155 3898 3224 ὅρα

2219 3237 2335 3298 πῶς
2367 3237 2464 3305 οὐχ
2504 3237 2688 3300 ἁπλῶς
2713 3241 2833 3291 οὐδὲ
2880 3242 2911 3309 η
2958 3239 3203 3310 παρολκὴ
3253 3241 3343 3292 τοῦ
3378 3242 3538 3304 πλοὸς
3588 3245 3780 3311 γέγονε
3810 3244 3898 3316 τῷ

2218 3324 2437 3400 Παύλῳ,
2470 3324 2589 3377 οὐδὲ
2630 3325 2856 3394 ἄκαιρος
2899 3329 2926 3378 0
2970 3327 3153 3390 πλοῦς,
3191 3328 3326 3380 ἀλλὰ
3358 3333 3589 3383 ποιεῖται
3617 3331 3780 3386 αὑτὸν
3806 3334 3898 3386 δι-

2216 3413 2514 3476 δασκαλίας
2545 3414 2753 3483 καιρόν.
2788 3415 2860 3465 υὺ
2900 3414 3094 3484 μικρὸν
3134 3414 3190 3465 δέ
3236 3414 3414 3475 τοῦτο,
3465 3417 3516 3468 εί
3570 3433 3632 3484 γε
3685 3418 3898 3482 πάντες

2214 3494 2359 3552 οὗτοι
2391 3499 2738 3554 ἐπίστευσαν.
2809 3500 2958 3551 Ἀλλ’
3014 3500 3210 3570 ἴδωμεν
3256 3501 3459 3554 ἀνωθεν
3496 3502 3565 3554 τὰ
3597 3505 3895 3574 εἰρημένα.

2228 3585 2463 3640 Ἱκανοῦ
2484 3584 2551 3636 δέ
2573 3586 2794 3653 χρόνου
2816 3585 3259 3654 διαγενομένου,
3297 3587 3393 3639 καί
3420 3587 3594 3653 ὄντος
3619 3588 3735 3657 ἤδη
3759 3591 3901 3644 ἑπι-

2216 3673 2494 3741 σφαλοῦς
2531 3673 2635 3725 τοῦ
2683 3675 2892 3738 πλοὸς,
2937 3677 3188 3743 παρῄνει
3221 3679 3252 3728 ό
3285 3675 3527 3740 Παῦλος
3550 3677 3744 3745 λέγων
3781 3683 3899 3733 αὑ-

2215 3761 2372 3825 τοῖς*
2413 3761 2671 3828 ¹Ἀνδρες,
2707 3761 2920 3829 θεωρῶ,
2966 3762 3054 3814 ὅτι
3095 3764 3244 3830 μετὰ
3285 3763 3505 3829 ῦϐρεως
3542 3764 3641 3816 καὶ
3677 3762 3898 3832 ζημίας

2209 3849 2461 3916 μέλλειν
2495 3849 2741 3901 ἔσεσθαι
2772 3849 2877 3899 τὸν
2907 3849 3124 3901 πλοῦν.
3161 3849 3305 3917 Ὅρα
3332 3850 3392 3900 τὸ
3419 3849 3623 3916 ἄτυφον
3653 3865 3664 3876 ·
3702 3851 3790 3904 ἵνα
3814 3853 3898 3922 μὴ

2214 3935 2339 4006 δόξῃ
2369 3934 2751 4005 προφητεύειν,
2785 3934 2909 3986 ἀλλ’
2934 3935 3009 3997 ὡς
3031 3936 3137 3987 ἀπὸ
3172 3935 3476 4005 στοχασμοῦ
3507 3936 3654 4009 [401]
3685 3937 3894 4006 λέγειν,

2219 4021 2442 4088 Θεωρῶ,
2474 4021 2640 4092 φησίν
2681 4039 2693 4050 ·
2730 4021 2789 4073 οὐ
2830 4021 2938 4091 γὰρ
2984 4021 3049 4073 ἂν
3100 4021 3367 4085 ἐδέξαντο,
3420 4024 3620 4088 εὐθέως
3652 4027 3699 4078 εί
3729 4027 3899 4080 τοῦτο

2217 4107 2358 4162 εἷπε.
2394 4111 2664 4180 Πρότερον
2695 4108 2826 4176 γοῦν
2856 4110 3209 4179 προφητεύει,
3265 4113 3358 4163 καὶ
3389 4111 3541 4179 λέγει
3573 4130 3586 4143 ο
3636 4114 3686 4166 Ὀ
3715 4115 3894 4180 Θεὸς,

2215 4191 2262 4263 ᾦ
2290 4199 2575 4265 λατρεύω,
2618 4199 2828 4265 ἐνάγων
2859 4196 3076 4258 αὐτούς.
3105 4197 3228 4259 Πῶς
3259 4193 3351 4250 οὖν
3380 4199 3479 4251 οὐκ
3509 4199 3724 4267 ἐγένετο
3747 4202 3898 4269 μετὰ

2218 4287 2417 4356 ζημίας
2444 4286 2664 4356 ψυχῶν;
2711 4286 2956 4351 Ἐγένετο
3009 4285 3093 4346 ἂν,
3120 4286 3165 4336 εἰ
3198 4286 3271 4355 μὴ
3319 4285 3493 4348 όΘεὺς
3552 4287 3580 4325 b
3608 4286 3891 4342 διέσωσεν.

2219 4377 2381 4427 Ὅσον
2408 4374 2513 4445 γὰρ
2565 4374 2705 4426 κατὰ
2723 4373 2819 4442 τὴν
2880 4371 3038 4440 φύσιν
3095 4371 3187 4423 τοῦ
3239 4372 3582 4443 πράγματος,
3611 4375 3898 4430 ἀπώλοντο

2218 4464 2281 4517 ἄν
2319 4479 2332 4492 -
2370 4462 2496 4515 ἀλλ’
2541 4464 2567 4513 ὁ
2625 4461 2755 4520 Θεὸς
2819 4460 3110 4513 ἐκώλυσεν.
3165 4461 3226 4513 '0
3286 4460 3355 4512 δέ
3416 4461 3891 4532 ἑκατοντάρχης,

2219 4548 2509 4646 φησὶᾷτιῖῗ
2556 4549 2892 4616 κυϐερνήτῃ
2939 4548 3176 4618 μᾶλλον
3221 4551 3490 4603 ἐπείθετο
3534 4550 3571 4619 ἢ
3620 4551 3742 4616 τοῖς
3765 4555 3896 4608 ὑπὸ

2217 4638 2322 4690 τοῦ
2361 4636 2607 4690 Παύλου
2657 4636 3026 4704 λεγομένοις.
3062 4637 3180 4690 Ἵνα
3223 4639 3428 4709 δειχθῇ,
3493 4641 3572 4692 ὅτι
3619 4640 3718 4692 οὐκ
3777 4641 3897 4694 ἀπὸ

2220 4725 2526 4795 στοχασμοῦ
2581 4723 2750 4778 ταῦτα
2807 4725 3010 4793 ἔλεγεν,
3064 4729 3091 4778 0
3153 4726 3494 4798 κυϐερνήτης
3542 4727 3609 4779 τὰ
3668 4729 3897 4783 ἐναντία

2217 4815 2386 4882 λέγει,
2436 4815 2528 4866 καὶ
2557 4813 2727 4866 ταῦτα
2755 4811 3016 4883 ἔμπειρος
3067 4813 3141 4867 ὧν
3176 4829 3189 4843 ⁸
3221 4813 3392 4875 οὓτως
3429 4814 3527 4865 οὐκ
3554 4815 3660 4865 ἀπὸ
3694 4831 3898 4884 στοχα-

2220 4903 2357 4972 σμοῦ
2407 4897 2474 4972 ἦν
2521 4901 2590 4954 τὰ
2635 4900 2923 4968 λεγόμενα.
2969 4899 3310 4953 Ἀνευθέτου
3359 4898 3426 4952 δέ
3475 4900 3580 4954 τοῦ
3620 4900 3893 4968 λιμένος,

2220 4993 2404 5063 φησὶν,
2439 4991 2836 5059 ὑπάρχοντος.
2864 4990 3007 5059 Ὅρα
3031 4991 3124 5042 καὶ
3145 4991 3171 5042 ὁ
3207 4991 3366 5051 τόπος
3390 4989 3629 5041 διδάσκει
3667 4991 3742 5061 μὴ
3779 4991 3896 5043 ἀπὸ

2224 5081 2533 5150 στοχασμοῦ
2571 5076 2731 5141 εἶναι,
2783 5078 3066 5140 ἀνεύθετος
3121 5076 3194 5128 ὧν
3231 5094 3243 5108 ο
3302 5077 3499 5145 μᾶλλον
3537 5076 3594 5128 δὲ
3631 5076 3738 5127 ἀπὸ
3769 5093 3898 5129 στο-

2222 5169 2430 5239 χασμοῦ
2457 5168 2737 5236 φαίνονται
2774 5163 3020 5232 λέγοντες
3071 5165 3291 5217 ἐκείνων
3341 5165 3386 5215 οἱ
3433 5163 3670 5226 πλείους,
3703 5161 3753 5213 οἳ
3796 5168 3896 5220 καὶ

2226 5259 2562 5328 βουλεύονται
2621 5256 2918 5326 ἀναχθῆναι
2976 5254 3182 5307 ἐκεῖθεν
3242 5270 3256 5283 ο
3323 5249 3453 5305 ἀλλ’
3500 5250 3649 5302 οὐδὲν
3702 5250 3892 5315 αὐτοῖς

2225 5349 2382 5402 πλέον
2410 5349 2472 5397 ἐκ
2519 5345 2706 5397 τούτου
2757 5344 2964 5410 γίνεται
2991 5361 3003 5372 ·
3038 5341 3431 5413 περιπίπτουσι
3483 5337 3590 5406 γὰρ
3634 5338 3892 5404 κλύδωνι,

2224 5439 2316 5490 καὶ
2371 5434 2597 5504 ἐκϐολὴν
2651 5426 2724 5487 ὧν
2785 5432 3114 5502 ἐπεφέροντο
3159 5429 3454 5481 ποιοῦνται.
3491 5427 3579 5480 Διὸ
3610 5427 3896 5480 καὶτοῦτο

2223 5525 2418 5595 δηλῶν,
2447 5524 2694 5592 ἐπήγαγε
2731 5537 2744 5549 ·
2783 5518 3062 5589 Σφοδρῶς
3113 5515 3180 5569 δὲ
3221 5514 3654 5585 χειμαζομένων
3692 5512 3893 5581 ἡμῶν.

2225 5615 2564 5680 (αὐτόχειρες
2588 5608 2702 5675 τὴν
2739 5608 2972 5674 σκευὴν
3001 5607 3104 5660 τοῦ
3145 5605 3362 5658 πλοίου
3386 5603 3738 5671 ἐρῤίψαμεν.
3773 5599 3894 5651 Ἵνα

2230 5701 2300 5771 μὴ
2325 5701 2487 5769 ἔχωσι
2521 5699 2657 5767 μετὰ
2691 5698 2859 5750 ταῦτα
2886 5695 3150 5759 ἀπειθεῖν,
3178 5693 3347 5747 ταῦτα
3371 5693 3748 5760 συγχωρεῖται.
3781 5688 3896 5740 Kal

2231 5790 2462 5857 χαλεπδς
2485 5787 2694 5856 χειμὼν
2727 5786 3014 5854 ἐγείρεται,
3048 5785 3140 5837 καὶ
3169 5784 3302 5837 πολὺ
3343 5782 3403 5834 τὸ
3441 5779 3628 5840 σκότος
3659 5776 3892 5843 γίνεται.

2232 5878 2357 5929 ῐνῖἷτα
2390 5880 2473 5930 ἵνα
2497 5878 2568 5947 μὴ
2597 5876 2923 5937 ἀπόλωνται,
2950 5875 3038 5926 καὶ
3071 5876 3098 5927 0
3133 5876 3275 5935 σῖτος
3296 5871 3542 5942 ῥίπτεται
3572 5866 3660 5917 καὶ
3680 5863 3858 5916 πάντα
3882 5880 3891 5892 ·

2296 6021 2317 6056 1⁵
2345 6019 2521 6068 Verba.
2551 6022 2588 6075 ᾧ
2623 6018 2891 6078 λατρεύω...
2921 6019 2954 6063 ;ἱ
2983 6021 3042 6072 μή
3068 6019 3091 6062 ὀ
3118 6015 3254 6068 (θεὸς,
3298 6013 3357 6059 (ιιι
3383 6013 3538 6068 ὁμοιοῖ
3558 6009 3730 6052 ’δειιῖτκ
3763 6015 3890 6066 [διἰὶο

2241 6080 2478 6142 termissu,
2511 6096 2534 6128 ρ
2564 6063 2757 6130 dab-luis
2794 6080 2930 6128 codd.
2963 6063 3190 6126 ιὲέιιιυιλ
3227 6063 3364 6124 Sum.
3409 6063 3540 6120 [οη.
