4072 6400
178 515 283 571 569

174 638 306 680 cens
331 641 343 676 :
373 619 451 676 Ne
481 619 688 683 timeas,
713 614 908 681 Paule;
937 612 1135 668 εἶπαι-ἰ
1183 618 1236 664 te
1281 614 1497 678 Oportet
1529 603 1642 658 sisti
1676 620 1687 655 :
1715 608 1768 654 et

171 729 303 770 ecce
334 711 556 767 donavit
584 709 674 764 tibi
708 708 849 762 Deus
897 716 1113 767 omnes,
1161 701 1250 770 qui
1277 699 1528 768 navigant
1566 705 1764 750 tecum.

172 806 258 860 25.
297 804 425 857 ldeo
456 802 597 855 bono
638 800 818 852 animo
858 804 1051 859 esmte,
1084 793 1180 846 viri
1209 790 1409 846 :crcdo
1450 788 1590 843 enim
1635 787 1765 840 Deo.

172 895 317 966 quod
341 896 420 948 sic
448 894 552 949 erit
581 887 1030 962 quemadmodum
1058 886 1259 940 dictum
1289 893 1371 938 est
1397 881 1548 935 mihi.
1588 878 1679 932 26.
1713 876 1766 930 ln

173 965 404 1040 insulani
432 993 606 1036 autem
635 977 924 1050 quamdam
946 984 1156 1047 oportet
1185 989 1283 1028 nos
1310 972 1562 1026 incidere.
1586 968 1674 1022 27.
1696 965 1766 1021 Ut

171 1089 354 1132 autem
405 1072 802 1144 quartadecima
850 1085 954 1123 nox
1005 1065 1349 1137 supervenit,
1395 1060 1770 1130 navigantibus

173 1168 332 1220 nobis
373 1165 425 1218 in
456 1163 616 1217 Adria
649 1163 788 1215 circa
841 1160 1076 1215 medium
1109 1157 1277 1211 noctis
1298 1196 1311 1218 ,
1359 1151 1770 1221 suspicabantur

173 1266 355 1309 nauta;
384 1268 647 1324 apparere
678 1253 907 1320 aliquam
953 1249 1260 1318 regionem;
1286 1246 1380 1300 28.
1413 1244 1502 1314 qui
1533 1243 1767 1297 demissa

173 1347 356 1402 bolide
399 1351 721 1415 repererunt
750 1341 963 1412 orgyias
987 1339 1171 1409 viginti
1206 1353 1306 1392 :ac
1350 1337 1602 1407 pusillum
1645 1332 1768 1385 inde

173 1437 440 1507 digressi,
488 1449 698 1488 rursum
741 1433 883 1501 jacta
924 1430 1138 1494 bolide,
1191 1437 1510 1497 repererunt
1555 1424 1770 1492 orgyias

171 1527 516 1599 quindecim;
557 1523 648 1580 29.
681 1523 1039 1591 timentesque
1085 1536 1150 1574 ne
1185 1521 1234 1572 in
1275 1533 1465 1587 aSpera
1495 1517 1610 1569 loca
1641 1513 1770 1566 inei-

171 1621 451 1683 deremus,
484 1616 550 1670 de
575 1616 735 1684 puppi
759 1613 918 1683 jactis
947 1611 1198 1666 anchoris
1232 1618 1483 1677 quatuor,
1514 1605 1778 1675 optabant

172 1709 320 1765 diem
360 1708 511 1763 oriri.
555 1707 645 1760 50.
697 1704 882 1759 Nautis
914 1717 1042 1757 vero
1074 1699 1438 1770 quaerentibus
1485 1698 1665 1766 fugere
1705 1710 1768 1747 ex

173 1801 321 1863 navi,
368 1813 490 1853 cum
521 1796 869 1849 demisissent
914 1792 1166 1862 scapham
1195 1793 1249 1844 in
1290 1804 1462 1853 mare,
1506 1787 1605 1840 sub
1636 1800 1770 1856 pra:-

174 1901 322 1945 textu
371 1903 435 1942 ac
485 1887 531 1940 si
577 1902 642 1940 ex
703 1900 859 1954 prora
909 1883 1173 1936 anchoras
1222 1879 1498 1935 extensuri
1554 1885 1767 1940 essent,

174 1982 258 2038 5|.
297 1979 432 2033 dixit
474 1976 670 2031 Paulus
709 1975 1009 2030 centurioni
1051 1981 1105 2027 et
1152 1973 1450 2026 militibus:
1483 1969 1591 2024 Nisi
1637 1969 1685 2021 hi
1719 1969 1770 2020 in

175 2073 297 2127 navi
326 2071 641 2132 manserint,
671 2082 770 2120 vos
797 2065 927 2119 salvi
956 2079 1075 2118 esse
1101 2079 1205 2117 non
1234 2062 1482 2133 potestis.
1512 2060 1601 2114 52.
1623 2059 1772 2112 Tunc

175 2167 372 2220 milites
401 2163 748 2219 absciderunt
776 2159 928 2213 funes
967 2157 1200 2227 scaplue,
1237 2166 1289 2211 et
1318 2156 1460 2226 passi
1496 2163 1622 2208 sunt
1651 2167 1769 2205 eam

174 2258 445 2311 decidere.
482 2273 500 2306 ι
539 2255 636 2308 llic
676 2251 914 2305 ostendit
941 2251 1117 2320 fugam
1157 2247 1393 2302 facturos
1426 2262 1545 2301 esse
1579 2255 1768 2299 nautas

174 2349 319 2402 dicto
345 2363 451 2400 non
481 2346 796 2407 credentes;
831 2343 1074 2396 centurio
1111 2349 1289 2394 autem
1321 2337 1492 2392 credit
1523 2353 1642 2392 cum
1675 2337 1773 2418 mi-

175 2441 378 2494 litibus.
428 2438 552 2491 [deo
591 2437 708 2489 ait:
744 2435 804 2490 Si
846 2435 900 2487 iii
941 2435 1180 2506 fugerint,
1230 2448 1315 2485 vos
1361 2431 1488 2485 salvi
1527 2446 1634 2484 esse
1671 2445 1774 2482 non

176 2535 406 2602 potestis.
441 2531 555 2584 Non
585 2545 645 2583 ea
679 2529 746 2582 de
775 2542 934 2581 causa
966 2527 1119 2589 dixit,
1150 2525 1242 2579 sed
1269 2535 1323 2578 ut
1366 2524 1625 2577 retineret
1656 2536 1770 2586 eos,

176 2640 242 2678 ne
276 2623 554 2692 prophetia
602 2619 897 2674 excideret.
935 2618 1065 2670 Vide
1105 2616 1224 2669 illos
1252 2615 1402 2685 quasi
1448 2614 1498 2666 in
1544 2612 1772 2667 ecclesia

176 2715 359 2769 doceri
392 2711 785 2791 philqsnphiam
813 2725 841 2762 a
873 2708 1060 2775 Paulo,
1088 2722 1223 2777 quos
1252 2722 1319 2761 ex
1343 2705 1534 2759 mediis
1557 2704 1772 2774 pericu-

175 2807 242 2860 lis
273 2806 452 2872 eripit.
505 2803 569 2857 Et
601 2818 698 2872 per
727 2800 1116 2871 providentiam
1149 2815 1252 2852 non
1287 2797 1528 2853 creditur
1572 2795 1770 2860 Paulo,

177 2909 232 2953 ut
265 2908 386 2967 post
418 2913 596 2952 rerum
628 2894 1015 2963 experientiam
1046 2891 1145 2960 ipsi
1173 2890 1447 2953 credatur,
1480 2899 1537 2941 ut
1575 2888 1771 2940 factum

176 3001 281 3045 est.
314 2991 390 3041 Ac
430 3002 640 3053 rursum
690 2985 953 3049 hortatur,
1001 2993 1058 3036 ut
1093 2991 1306 3035 sumant
1335 2982 1533 3043 cibum,
1581 2988 1634 3033 et
1672 2977 1774 3031 ob-

178 3089 511 3149 temperant;
545 3080 768 3146 ipseque
800 3076 1003 3144 primus
1031 3075 1212 3138 sumit,
1248 3087 1354 3125 non
1383 3071 1572 3136 verbo,
1606 3069 1699 3123 sed
1723 3080 1776 3123 ct

177 3189 347 3244 opere
385 3171 618 3226 suadens
659 3168 791 3224 nihil
842 3168 1138 3223 nocituram
1190 3180 1310 3220 esse
1361 3172 1771 3231 tempestatem,

179 3268 290 3320 imo
315 3263 527 3317 illorum
558 3259 839 3314 animabus
861 3257 1212 3328 profuturam.
1254 3273 1272 3306 ι
1299 3255 1388 3310 55.
1420 3255 1486 3308 Ει
1513 3269 1634 3307 cum
1659 3254 1774 3308 dies

180 3355 441 3421 inciperet
469 3350 624 3414 oriri,
655 3349 967 3403 hortabatur
993 3346 1190 3401 Paulus
1226 3360 1414 3399 omnes
1458 3360 1674 3398 sumere
1701 3344 1776 3396 ci-

177 3446 328 3508 bum,
361 3443 546 3498 dicens
573 3461 582 3492 :
608 3441 730 3494 Dies
771 3439 1011 3495 decimus
1037 3447 1261 3508 quartus
1301 3447 1384 3492 est
1410 3437 1551 3506 quod
1583 3451 1776 3507 exSpe.

177 3546 392 3592 ctantes
416 3535 582 3604 jejuni
614 3532 960 3602 permanetis,
991 3531 1122 3584 nihil
1154 3531 1500 3600 accipientes.
1531 3531 1619 3585 54.
1647 3531 1776 3584 Pro-

179 3639 300 3699 pter
330 3627 473 3697 quod
500 3625 687 3680 hortor
712 3638 806 3678 vos
836 3633 892 3678 ut
917 3624 1138 3678 sumatis
1165 3623 1342 3677 cibum
1369 3641 1381 3676 :
1414 3623 1514 3678 hoc
1541 3625 1682 3678 enim
1708 3623 1775 3678 ad

177 3721 409 3776 salutem
467 3727 698 3772 vestram
753 3717 984 3786 pertinet
1025 3734 1037 3768 :
1085 3716 1282 3769 nullius
1334 3717 1479 3771 enim
1539 3727 1772 3770 vestrum

177 3813 410 3882 capillus
435 3811 502 3866 de
541 3811 715 3879 capite
761 3808 931 3862 cadet.
969 3808 1060 3862 55.
1103 3808 1169 3861 Et
1200 3823 1322 3861 cum
1364 3807 1478 3861 haec
1511 3807 1772 3874 dixisset,

176 3914 396 3972 siimpto
424 3917 559 3970 pane
587 3901 785 3970 gratias
819 3899 926 3970 egit
954 3899 1062 3953 Deo
1090 3899 1140 3952 in
1171 3907 1463 3968 conspectu
1493 3900 1728 3953 omnium
1758 3917 1771 3953 :

176 4006 230 4049 et
263 4008 392 4048 cum
434 3991 716 4059 fregisset,
761 3991 924 4058 C(Bpil.
951 3988 1133 4044 edere.
1173 3989 1259 4044 56.
1292 3990 1424 4057 Cum
1469 4005 1629 4058 porro
1661 3990 1773 4060 jam

177 4099 370 4140 omnes
399 4084 538 4137 bono
566 4081 746 4136 animo
767 4091 968 4144 essent,
989 4088 1337 4150 sumpserunt
1365 4090 1418 4136 et
1447 4081 1545 4151 ipsi
1572 4083 1770 4137 cibum.

177 4177 268 4230 57.
308 4174 535 4228 Eramus
568 4187 694 4227 vero
737 4172 789 4224 in
823 4171 943 4224 navi
979 4185 1170 4225 omnes
1195 4171 1388 4224 anima:
1415 4172 1663 4226 ducenta:
1691 4187 1775 4226 se-

179 4269 462 4338 ptuaginta
507 4280 620 4321 sex.
664 4267 753 4320 58.
798 4263 987 4320 Satiati
1033 4277 1213 4319 autem
1260 4265 1402 4328 cibo,
1453 4265 1776 4320 alleviabaut

177 4376 396 4424 navem,
437 4360 713 4429 ejicicntes
745 4359 977 4413 triticum
1020 4358 1073 4411 in
1103 4372 1273 4412 mare.
1307 4357 1396 4412 59.
1432 4357 1564 4412 Cum
1594 4368 1771 4412 autem

176 4454 296 4507 dies
320 4452 439 4516 fuit,
473 4458 670 4504 terram
696 4463 799 4503 non
826 4447 1214 4520 agnoscebant:
1234 4447 1408 4502 sinum
1428 4463 1558 4502 vero
1584 4463 1773 4517 quem-

177 4543 304 4598 dam
333 4539 828 4596 animadverterunt
859 4541 1006 4594 littus
1035 4538 1342 4606 habentem,
1376 4541 1430 4593 in
1462 4541 1602 4610 quod
1630 4541 1775 4610 cogi-

178 4637 390 4699 tabant,
438 4633 484 4686 si
525 4641 763 4701 possent,
808 4632 1102 4702 impingere
1146 4648 1357 4688 navem.
1404 4634 1494 4689 40.
1546 4634 1612 4688 Et
1652 4650 1772 4690 cum

175 4728 448 4786 anchoras
479 4725 842 4789 sustulissent,
874 4727 1284 4780 committebant
1324 4742 1381 4781 se
1421 4728 1577 4792 mari,
1612 4728 1772 4782 simul

178 4819 377 4874 laxatis
402 4817 669 4886 juncturis
713 4818 1230 4887 gubernaculorum;
1278 4828 1331 4872 et
1370 4820 1581 4873 sublato
1625 4830 1770 4874 arte~

178 4927 344 4969 mone
371 4912 602 4966 ad'auraz
627 4910 807 4965 ﬂatum
836 4911 1125 4966 tendebant
1153 4911 1218 4965 ad
1245 4912 1411 4966 littus.
1443 4914 1534 4967 41.
1563 4913 1626 4966 Et
1650 4928 1770 4967 cum

179 5008 597 5065 incidissent'in
629 5009 806 5061 locum
836 5006 1120 5072 bimarem,
1165 5006 1504 5075 impegerunt
1535 5021 1724 5060 navem
1755 5024 1768 5060 :

179 5114 232 5158 et
259 5117 420 5173 prora
457 5100 675 5170 quidem
707 5101 888 5166 infixa,
939 5099 1189 5153 manebat
1227 5098 1538 5166 immobilis,
1583 5098 1773 5169 puppis

181 5211 312 5251 vero
335 5192 642 5249 solvebatur
663 5206 689 5242 a
713 5191 761 5243 vi
791 5189 1068 5245 ﬂuctuum.
1109 5209 1128 5242 ι

253 5286 308 5340 5.
353 5283 559 5338 Rursus
591 5289 762 5338 tentat
783 5280 1026 5335 diabolus
1056 5280 1354 5350 prophetia:
1385 5292 1634 5334 eventum
1669 5282 1773 5336 im-

180 5373 683 5447 pedire:volebant
706 5372 966 5442 quosdam
1009 5373 1333 5438 interﬁcere,
1365 5373 1458 5427 sed
1499 5389 1603 5428 non
1647 5391 1766 5444 per-

182 5468 328 5521 misit
370 5465 645 5528 centurio,
693 5473 748 5515 ut
787 5463 1010 5518 Paulum
1056 5466 1428 5518 servaretzita
1463 5464 1615 5518 illum
1659 5465 1769 5536 jam

180 5559 456 5629 diligebat.
508 5575 527 5607 ι
559 5556 648 5609 42.
687 5554 912 5608 Militum
959 5564 1135 5608 autem
1182 5555 1465 5609 concilium
1515 5565 1660 5620 erat,
1717 5567 1774 5610 ut

182 5653 390 5705 vinctos
419 5649 751 5712 occiderent,
782 5661 847 5700 ne
875 5646 994 5715 quis
1020 5656 1242 5701 cnatans
1271 5647 1548 5717 eﬂugcret.
1577 5649 1669 5702 45.
1704 5650 1772 5702 At

182 5744 424 5796 centurio
475 5741 660 5795 volens
700 5755 914 5794 scrvare
960 5739 1214 5805 Paulum,
1257 5755 1441 5796 eorum
1487 5743 1770 5797 consilium

181 5836 482 5904 impedivit,
508 5833 779 5904 jussitque
804 5849 989 5887 ontnes
1027 5833 1116 5902 qui
1145 5843 1327 5889 natare
1360 5844 1600 5904 possent,
1633 5836 1772 5904 abji-

185 5941 304 5982 cerc
332 5941 392 5983 se
423 5925 630 5997 primos
656 5967 670 5991 ,
703 5933 756 5980 et
795 5924 846 5979 in
877 5933 1072 5980 terram
1113 5927 1362 5990 evadere,
1412 5933 1501 5986 4L
1545 5939 1772 5987 ca‘terns

1157 498 1223 554 IN
1262 495 1438 551 ACTA
1484 483 2008 546 :iPOSTOLOllUM.
2052 481 2283 538 llO.\llL.
2327 481 2459 537 ΠΗ.

3373 475 3478 530 570

1878 607 2056 651 autem
2102 595 2294 665 partim
2343 595 2394 646 in
2439 590 2664 657 tabulis,
2717 590 2913 661 partim
2965 587 3288 659 quibusdam
3326 591 3479 642 navis

1876 687 2209 758 fragmentis.
2248 685 2314 740 Et
2349 684 2428 740 sic
2456 683 2658 737 factum
2701 691 2804 746 est,
2847 691 2904 737 ut
2942 696 3133 736 omnes
3176 680 3475 733 incolumes

1876 779 2166 834 evaderent
2205 778 2257 831 in
2291 787 2509 854 terram.
2537 775 2690 844 (Cap.
2717 772 2838 846 28.)
2878 775 2931 828 1.
2983 774 3050 828 Et
3095 787 3216 826 cum
3263 772 3471 826 evasis-

1877 880 2016 932 sent,
2060 878 2182 923 tunc
2221 878 2613 938 cognoverunt,
2657 866 2803 937 quod
2831 866 3011 921 Melite
3050 865 3222 918 insula
3253 877 3474 916 vocare.

1877 971 1981 1016 tur.
2015 980 2032 1012 ι
2073 961 2260 1015 Viden‘
2282 969 2539 1030 quantum
2581 960 2778 1014 bonum
2823 974 2888 1012 ex
2920 965 3238 1026 tempestate
3267 969 3468 1009 evene-

1876 1051 1986 1105 rit?
2031 1038 2143 1105 Non
2204 1052 2384 1121 igitur,
2435 1050 2577 1120 quod
2629 1049 2869 1104 derelicti
2922 1058 3141 1114 essent,
3183 1054 3478 1115 tempestas

1877 1142 2091 1195 accidit.
2136 1143 2202 1196 Et
2247 1142 2541 1210 quomodo,
2577 1142 2806 1209 inquies,
2849 1139 3094 1194 ferebant
3127 1138 3320 1206 jejuni,
3355 1151 3476 1189 cum

1879 1233 2078 1285 nullum
2124 1233 2304 1286 cibum
2350 1233 2664 1286 sumerent?
2697 1231 2883 1285 Timor
2929 1231 3146 1284 tenebat
3187 1227 3328 1291 illos,
3377 1239 3479 1279 nec

1877 1322 2083 1376 sinebat
2117 1323 2166 1375 in
2208 1324 2504 1392 appetitum
2548 1323 2650 1376 cibi
2682 1320 2919 1375 incidere
2947 1320 3015 1374 de
3046 1318 3303 1373 extremis
3334 1315 3475 1386 peri-

1876 1412 2174 1465 clitaturos.
2225 1413 2388 1481 Igitur
2417 1412 2558 1481 quod
2592 1410 2787 1465 factum
2837 1420 2940 1476 est,
2985 1425 3014 1462 a
3061 1417 3305 1478 tempore
3334 1405 3475 1460 fuit:

1879 1504 2049 1571 majus
2075 1511 2255 1558 autem
2292 1504 2628 1565 miracalum,
2663 1501 2802 1572 quod
2837 1502 2923 1555 tali
2964 1511 3205 1568 tempore
3241 1515 3303 1552 ex
3339 1497 3480 1566 peri-

1877 1595 2009 1648 culis
2031 1597 2199 1665 erepti
2230 1597 2357 1660 siut,
2390 1607 2498 1649 tum
2529 1596 2641 1664 ipse
2671 1606 2779 1649 tum
2808 1604 3027 1663 propter
3058 1595 3233 1662 ipsum
3263 1589 3474 1659 reliqui.

1877 1683 1945 1737 Et
1975 1685 2173 1740 sublato
2215 1696 2504 1751 artentone,
2553 1686 2621 1738 ad
2654 1687 2786 1739 venti
2814 1687 2996 1755 ﬂatum
3042 1683 3371 1737 contendebat
3411 1681 3480 1733 ad

1879 1778 2038 1831 littus.
2082 1777 2194 1833 lloc
2237 1777 2392 1842 dixit,
2423 1778 2733 1831 violentiam
2762 1776 3048 1830 ostendere
3075 1775 3281 1839 volens,
3317 1788 3477 1842 quam

1874 1870 2056 1937 jactati
2107 1871 2490 1926 sustinebant:
2525 1885 2667 1939 smpe
2712 1883 2945 1938 namque
2991 1882 3097 1921 non
3146 1866 3214 1919 ita
3257 1865 3477 1919 faciunt.

1881 1960 2004 2014 ldeo
2037 1961 2378 2018 deduxerunt
2427 1961 2678 2024 carbasa,
2727 1958 2776 2013 id
2809 1968 2927 2029 est,
2971 1958 3089 2012 vela
3137 1957 3291 2026 (cum
3333 1957 3475 2009 enim

1876 2050 2171 2105 vehemens
2201 2061 2390 2106 ventus
2419 2061 2521 2114 est,
2572 2051 2672 2104 hoc
2702 2050 2814 2103 fieri
2848 2047 3043 2118 solet),
3093 2057 3150 2101 ut
3196 2047 3337 2101 venti
3368 2046 3479 2098 vio-

1878 2139 2035 2193 lentia
2083 2142 2427 2209 reprimatur.
2504 2141 2628 2194 Haec
2684 2154 2812 2194 vero
2874 2138 3150 2209 patiuntur
3175 2137 3244 2190 ‘in
3291 2136 3478 2200 Adria,

1881 2231 1968 2284 tibi
1997 2232 2196 2285 servari
2227 2230 2445 2285 difﬁcile
2467 2239 2602 2285 erat.
2633 2229 2857 2282 Eramus
2879 2230 3126 2282 autem'in
3153 2229 3268 2281 navi
3295 2232 3485 2282 animi:

1880 2339 2051 2375 omnes
2081 2323 2310 2397 ducenta;
2351 2323 2676 2392 septuaginta
2718 2337 2827 2374 sex.
2860 2319 2928 2373 Et
2970 2319 3113 2373 unde
3157 2319 3332 2389 palam
3371 2334 3403 2373 e
3438 2328 3478 2384 ι,

1879 2412 2020 2478 quod
2051 2421 2124 2465 tot
2157 2423 2336 2467 essent
2365 2413 2454 2482 qui
2483 2411 2644 2465 simul
2672 2411 3032 2480 navigabant?
3069 2411 3372 2466 Verisimile
3399 2423 3483 2467 est

1882 2505 2000 2557 illos
2029 2504 2394 2574 interrogasse
2414 2519 2510 2558 cur
2537 2504 2869 2574 navigarent,
2904 2512 2959 2557 et
2992 2503 3246 2558 didicisse
3274 2504 3477 2559 omnia.

1880 2595 2023 2649 Nihil
2052 2596 2155 2650 cibi
2207 2596 2508 2662 sumebant,
2545 2597 2667 2666 quia
2707 2596 2811 2650 cibi
2842 2595 2990 2648 nulla
3019 2609 3145 2648 cura
3193 2603 3308 2649 erat
3353 2609 3482 2648 cum

1883 2703 1985 2743 n0n
2014 2689 2133 2744 leve
2174 2690 2393 2745 instaret
2439 2689 2758 2758 periculum.
2801 2689 2868 2742 Et
2900 2688 3021 2742 vide
3060 2688 3332 2758 quomodo
3377 2703 3484 2741 non

1882 2781 2212 2835 infructuosa
2265 2781 2625 2851 navigationis
2676 2779 2901 2834 tarditas
2941 2789 2995 2834 et
3036 2779 3487 2847 intempestivitas

1881 2873 2048 2927 Paulo
2079 2873 2258 2937 fuerit,
2289 2873 2383 2928 sed
2421 2874 2566 2928 illam
2609 2873 2662 2927 in
2692 2873 2955 2926 doctrinae
2987 2882 3198 2941 tempus
3236 2871 3482 2927 verterit.

1880 2966 1996 3020 Non
2028 2982 2212 3036 parum
2249 2967 2377 3022 illud
2414 2977 2554 3034 erat,
2604 2968 2646 3022 si
2673 2967 2888 3038 quidem
2918 2968 2970 3020 hi
3000 2982 3190 3020 omnes
3219 2967 3484 3021 credidis-

1880 3067 2021 3113 sent.
2048 3057 2152 3113 Sed
2188 3059 2467 3128 superiora
2497 3067 2822 3127 repetamus.
2856 3057 3024 3111 Multo
3054 3068 3222 3112 autem
3235 3059 3350 3127 jam
3375 3058 3487 3112 eta-

1882 3165 1972 3218 pso
2001 3158 2245 3218 tempore,
2269 3165 2383 3202 cum
2412 3160 2539 3203 esset
2551 3150 2666 3219 jam
2693 3150 2979 3218 periculosa
3007 3151 3282 3219 navigatio,
3307 3151 3488 3204 admo-

1882 3240 2029 3293 nebat
2059 3257 2140 3294 eos
2173 3239 2384 3306 Paulus,
2414 3242 2587 3295 dicens
2610 3258 2630 3295 :
2660 3240 2792 3307 Viri,
2825 3242 2970 3295 video
2989 3243 3127 3312 quod
3147 3258 3261 3294 cum
3292 3242 3487 3312 injuria

1883 3341 1925 3384 et
1952 3331 2140 3386 damno
2169 3336 2346 3404 futura
2375 3335 2438 3388 sit
2461 3334 2736 3401 navigatio.
2769 3333 2906 3389 Vide
2931 3349 3089 3403 quam
3123 3335 3193 3388 sit
3222 3336 3429 3391 alienus
3456 3351 3487 3391 a

1884 3422 2160 3478 fastusne
2199 3425 2521 3494 prophetare
2546 3427 2809 3492 videatur,
2857 3427 2950 3482 sed
2997 3428 3150 3498 quasi
3197 3444 3266 3482 ex
3300 3429 3486 3497 conje-

1881 3523 2030 3567 ctura
2058 3514 2238 3568 dicere
2269 3534 2278 3567 :
2313 3515 2493 3580 Video,
2527 3517 2695 3586 inquit
2724 3535 2736 3571 :
2764 3533 2870 3571 non
2909 3519 3054 3573 enim
3095 3523 3484 3589 suscepissent,

1882 3607 2060 3660 statim
2109 3607 2156 3662 si
2205 3607 2320 3662 hcce
2372 3608 2616 3662 dixisset.
2666 3608 2823 3662 Prius
2879 3610 3040 3679 igitur
3094 3612 3383 3679 pr0phetat
3433 3621 3488 3666 et

1880 3701 2013 3756 dicit
2040 3721 2051 3755 :
2078 3700 2305 3775 ‘[Deus,
2350 3704 2433 3756 cui
2475 3704 2657 3770 servio,
2706 3703 2967 3759 inducens
3021 3705 3160 3758 illos.
3205 3705 3488 3771 Quomodo

1883 3792 2045 3862 igitur
2074 3793 2190 3848 sine
2208 3794 2415 3862 jactura
2459 3795 2764 3848 animarum
2796 3809 2885 3849 res
2925 3805 3076 3865 gesta
3115 3796 3238 3850 est?
3268 3796 3487 3850 Jactura

1882 3883 2018 3937 facta
2059 3893 2205 3939 esset
2248 3885 2348 3938 nisi
2395 3893 2664 3939 servasset
2707 3883 2893 3958 Deus.]
2921 3887 3190 3952 Quantum
3236 3888 3378 3941 enim
3419 3887 3487 3942 ad

1883 3984 2125 4028 naturam
2162 3975 2262 4040 rei,
2291 3990 2478 4028 omnes
2506 3976 2814 4046 periissent,
2856 3976 2952 4032 sed
2996 3978 3138 4032 Deus
3177 3978 3476 4047 impedivit.

1881 4065 2121 4121 Centurio
2175 4078 2364 4130 autem,
2409 4068 2601 4136 inquit,
2651 4068 2981 4138 gubernatori
3023 4070 3186 4140 magis
3241 4069 3483 4137 credidit,

1880 4177 2033 4231 quam
2056 4161 2119 4214 iis
2143 4177 2255 4228 qua:
2273 4177 2302 4212 a
2333 4159 2502 4215 Paulo
2524 4161 2840 4216 dicebantur.
2867 4162 2935 4217 Ut
2961 4162 3338 4217 ostenderetur
3361 4179 3484 4216 eum

1883 4271 1987 4308 nou
2017 4270 2082 4309 ex
2120 4255 2428 4324 conjectura
2458 4254 2573 4309 hmo
2600 4255 2822 4322 dixisse,
2853 4256 3184 4326 gubernator
3211 4257 3485 4311 contraria

1881 4348 2029 4413 dicit,
2077 4361 2197 4400 cum
2244 4348 2322 4400 rei
2366 4348 2570 4415 peritus
2611 4348 2899 4402 essetzsic
2943 4363 3047 4402 non
3079 4365 3144 4403 ex
3176 4348 3485 4417 conjectura

1882 4439 1997 4493 hac
2023 4438 2358 4493 dicebantur.
2388 4437 2456 4490 Et
2488 4455 2606 4491 cum
2632 4447 2805 4509 aptus,
2840 4439 3033 4508 inqttit,
3066 4457 3169 4492 non
3207 4449 3334 4492 esset
3362 4455 3493 4507 pon-

1883 4542 1983 4584 tus.
2027 4530 2184 4596 Vide,
2215 4529 2364 4585 locus
2414 4529 2529 4598 ipse
2576 4528 2735 4583 docet
2780 4529 2870 4583 illa
2919 4544 3025 4583 non
3065 4545 3129 4584 ex
3172 4531 3486 4598 conjectura

1882 4623 2021 4677 dicta
2056 4622 2239 4686 fuisse,
2289 4636 2410 4676 cum
2458 4628 2615 4689 aptus
2661 4607 2775 4673 non.
2811 4628 2994 4675 esset:
3021 4621 3129 4674 imo
3169 4620 3383 4688 plurimi
3416 4635 3484 4675 ex

1884 4715 1988 4767 illis
2018 4728 2081 4768 ex
2111 4713 2420 4782 conjectura
2454 4711 2658 4782 loquuti
2688 4711 2957 4778 videntur,
2984 4711 3075 4781 qui
3112 4711 3235 4765 inde
3266 4712 3482 4766 solven-

1881 4805 2009 4860 dum
2051 4805 2383 4860 suadebant:
2418 4803 2513 4858 sed
2547 4803 2678 4856 nihil
2727 4803 2856 4872 ipsis
2899 4803 3136 4873 profuit;
3181 4805 3486 4859 inciderunt

1881 4899 2024 4951 enim
2055 4897 2106 4950 in
2136 4905 2532 4964 tempestatem,
2562 4904 2614 4949 et
2641 4895 2904 4964 jacturam
2946 4910 3133 4949 eorum
3171 4911 3290 4964 qtae
3321 4896 3487 4951 vehe-

1881 4986 2010 5041 bant
2039 4988 2254 5040 faciunt.
2291 4985 2414 5039 Ideo
2447 4985 2562 5038 haec
2590 4986 2657 5038 ita
2680 4985 2920 5039 declarat
2951 4985 3113 5039 :Cum
3141 4997 3307 5038 autem
3337 4987 3485 5039 velte-

1882 5079 2036 5133 menti
2072 5089 2364 5149 tempestate
2391 5080 2720 5146 iactarentur,
2764 5079 2987 5147 propriis
3036 5078 3269 5131 manibus
3309 5096 3483 5131 arma-

1881 5184 2048 5228 menta
2079 5174 2219 5226 navis
2258 5172 2584 5241 projecimtts.
2617 5170 2694 5224 Nc
2721 5171 2945 5240 posthac
2987 5179 3168 5224 essent
3196 5171 3480 5238 increduli,

1885 5269 1998 5322 haec
2027 5267 2138 5321 lieri
2170 5267 2572 5334 permittuntur.
2615 5264 2914 5333 Gravisqne
2959 5272 3248 5334 tempestas
3281 5266 3484 5319 excita-

1883 5369 1989 5425 tur,
2029 5360 2319 5427 multazqne
2371 5359 2606 5412 tenebrat
2655 5358 2804 5410 liunt.
2852 5357 3055 5411 Deinde
3106 5374 3172 5412 ne
3217 5362 3476 5427 perirent,

1880 5453 2038 5505 etiam
2082 5451 2315 5504 triticum
2361 5458 2415 5503 et
2455 5448 2633 5501 Omnia
2681 5447 3010 5517 ejiciuntur:
3044 5448 3146 5502 hoc
3192 5449 3336 5502 enim
3375 5449 3484 5507 sibi

1880 5547 1993 5599 vult
2052 5541 2213 5606 illud,
2272 5541 2601 5594 Armamenta
2647 5540 2788 5591 navis
2828 5540 3087 5607 ejeciutus.
3130 5538 3257 5594 Cum
3308 5552 3478 5594 autem

1879 5632 2040 5686 multa
2091 5634 2262 5687 inedia
2307 5642 2451 5698 esset,
2495 5632 2624 5686 dixit
2679 5629 2930 5685 Paulus:
2962 5631 3242 5701 Oportebat
3288 5649 3478 5691 morem

2614 5820 2654 5855 te
2687 5809 2881 5857 uncinis
2912 5807 3207 5857 clauduntur
3221 5821 3317 5855 non
3344 5808 3477 5862 aliud

1882 5876 2093 5923 elTerunt
2118 5872 2413 5921 Benedtctiui
2438 5871 2527 5918 nisi
2554 5870 2687 5931 illud,
2706 5879 2832 5921 Deus
2856 5872 3077 5923 servavit.
3095 5879 3269 5921 Locum
3287 5873 3479 5924 Distant

1881 5943 2090 5988 iuvimus
2113 5949 2140 5984 c
2166 5935 2358 5986 duobus
2391 5936 2535 5989 Codd.

1935 5816 1950 5845 ¹
1963 5821 1973 5860 l
1985 5824 2080 5858 .oco
2106 5823 2274 5859 eorum
2294 5821 2506 5856 omnium
