4072 6428
627 540 722 596 371

626 658 849 716 aereum
887 643 1008 698 mihi
1052 643 1207 696 vitare
1227 639 1504 710 facturam.
1540 632 1720 697 Vides,
1763 627 2031 698 quomodo
2079 640 2184 678 non

628 754 810 811 parum
835 735 901 790 ad
940 730 1259 787 audiendum
1300 727 1600 782 conferrent
1630 728 1916 790 tempestas
1943 726 2014 811 et
2038 724 2186 811 tene-

627 806 774 887 brat?
801 827 866 881 Et
889 824 1028 888 vide,
1057 819 1325 893 quomodo
1354 831 1553 872 morem
1577 823 1724 883 gerat
1751 808 2012 872 centurio,
2042 806 2111 859 ita
2137 815 2192 857 ut

627 917 876 988 scapham
916 917 1126 968 amittat
1167 920 1222 967 et
1253 907 1456 980 perdat.
1485 904 1637 971 Quod
1667 904 1711 957 si
1740 909 1913 956 natus:
1955 895 2190 952 nondqu

627 1007 988 1070 crediderunt,
1017 1003 1110 1059 sed
1137 1011 1339 1073 postea,
1370 1013 1436 1052 ne
1461 994 1705 1056 mireris;
1735 992 1835 1045 hoc
1863 989 2004 1045 enim
2028 999 2194 1058 genus

629 1097 904 1151 hominum
933 1095 1171 1164 petulans
1195 1098 1277 1146 est
1304 1097 1357 1143 et
1386 1087 1575 1141 durum
1607 1083 1671 1138 ad
1697 1079 2040 1136 credendum.

702 1182 858 1238 Pauli
887 1183 1172 1254 prudentia.
1200 1208 1272 1220 -—
1293 1177 1372 1232 Tu
1402 1190 1527 1230 vero
1568 1173 1728 1228 etiam
1759 1171 1882 1224 hinc
1913 1167 2041 1222 mihi
2083 1180 2198 1235 per-

631 1275 803 1343 pende
841 1274 988 1329 Pauli
1025 1270 1380 1342 prudcntiam.
1427 1266 1608 1334 Neque
1653 1263 1795 1317 enim
1839 1262 2072 1328 increpat
2112 1255 2196 1311 vel

629 1373 994 1435 exasperatur,
1026 1362 1119 1417 sed
1143 1367 1417 1416 mansuete
1444 1358 1538 1424 ait,
1564 1355 1653 1411 Sic
1673 1355 1951 1425 Oportebat.
1984 1349 2199 1405 Sciebat

629 1460 771 1515 enim
800 1457 852 1512 in
879 1455 1182 1512 calamitate
1210 1455 1568 1520 increpantem
1611 1462 1715 1501 non
1744 1460 1862 1501 esse
1891 1452 2194 1512 acceptum;

630 1550 725 1605 sed
744 1560 1022 1619 postquam
1050 1545 1278 1600 maxima
1298 1541 1610 1598 calamitatis
1633 1553 1755 1609 pars
1776 1535 2048 1607 prteteriit,
2076 1543 2201 1587 tunc

630 1656 751 1696 esse
777 1649 1072 1709 acceptum.
1102 1636 1249 1692 Tunc
1280 1649 1406 1704 ergo
1437 1634 1616 1697 instat,
1658 1645 1776 1684 cum
1805 1628 1980 1681 omnis
2016 1625 2201 1679 salutis

632 1744 755 1798 spes
785 1729 990 1784 sublata
1035 1737 1116 1782 est
1142 1743 1156 1779 :
1182 1735 1304 1780 tunc
1347 1722 1491 1776 utilia
1521 1719 1775 1790 praedicit.
1817 1716 1884 1772 Ut
1921 1726 2086 1769 autem
2115 1714 2202 1767 de-

631 1822 763 1874 cima
805 1830 984 1890 quarta
1023 1834 1125 1872 nox
1169 1816 1402 1880 advenit,
1448 1813 1651 1882 inquit,
1694 1812 1918 1864 timentes
1961 1805 2202 1877 optabant

633 1910 869 1964 advenire
911 1909 1064 1962 diem.
1111 1907 1187 1962 Ne
1214 1906 1336 1975 quis
1363 1903 1567 1958 diceret
1607 1900 1738 1955 nihil
1786 1899 2062 1961 evenisse,
2103 1896 2202 1949 hoc

633 2000 782 2062 dicit,
818 1998 1108 2052 ostendens
1134 1995 1309 2049 omnia
1350 1994 1484 2047 facta
1520 2006 1660 2048 esse.
1688 1989 1838 2056 Quod
1865 1997 2040 2042 autem
2065 1986 2202 2040 facta

635 2089 762 2153 sint,
791 2087 950 2141 timor
970 2085 1200 2140 ostendit
1229 2103 1241 2137 :
1277 2081 1530 2151 Optabaut
1555 2082 1706 2143 enim,
1733 2079 1918 2147 inquit,
1952 2079 2083 2130 diem
2111 2076 2203 2128 ad-

635 2178 800 2231 venire
837 2178 1079 2230 timetues.
1125 2175 1192 2229 Et
1230 2175 1377 2228 locus
1417 2171 1649 2227 difﬁcilis
1697 2167 2068 2225 eratzetenim
2111 2183 2205 2236 per

639 2269 851 2323 Adriam
885 2267 998 2322 haec
1041 2265 1354 2336 contingunt
1383 2284 1395 2318 :
1425 2273 1479 2319 et
1505 2272 1620 2319 erat
1645 2275 1830 2330 magna
1861 2259 2071 2313 inedia:
2107 2256 2205 2310 llic

637 2360 856 2413 decimus
879 2360 1084 2428 qtlltrtus
1107 2358 1213 2411 dies
1239 2367 1332 2423 est,
1361 2355 1494 2422 quod
1538 2361 1875 2421 exspectantes
1894 2351 2063 2421 jejuni
2095 2366 2198 2418 per-

638 2452 870 2505 manetis.
901 2451 1040 2520 Ergo
1070 2449 1302 2518 undique
1349 2452 1402 2502 in
1446 2448 1614 2502 media
1659 2457 1830 2502 morte
1871 2455 2056 2499 erant:
2083 2442 2201 2497 ideo

638 2542 836 2607 subdit,
873 2542 1088 2596 Obsecro
1120 2557 1224 2606 vos,
1259 2550 1312 2593 ut
1357 2540 1564 2593 sumatis
1591 2540 1787 2600 cibum;
1817 2537 1918 2590 hoc
1951 2536 2090 2589 enim
2137 2533 2204 2587 ad

639 2645 871 2690 vestram
901 2635 1122 2689 salutem
1151 2633 1336 2696 fuerit;
1371 2631 1472 2685 hoc
1511 2639 1617 2694 est,
1648 2628 1723 2684 Ne
1751 2627 1886 2683 forte
1920 2627 2058 2682 fame
2083 2642 2207 2696 per-

636 2726 800 2792 eatis,
841 2724 1018 2778 cibum
1065 2723 1280 2778 sumite.
1328 2722 1545 2790 Sumpta
1588 2729 1754 2774 autem
1797 2735 1961 2789 pane,
2004 2717 2204 2786 inquit,

638 2817 826 2885 gratias
844 2815 944 2885 egit
969 2813 1095 2868 Deo.

711 2906 764 2959 ι.
794 2903 928 2960 Vide
970 2904 1107 2974 quod
1155 2905 1242 2959 ille
1283 2903 1480 2974 gratias
1517 2903 1624 2973 agit
1653 2901 1720 2958 de
1765 2901 1830 2956 iis
1853 2916 1972 2971 quas
2000 2900 2210 2954 accide-

641 3005 779 3059 rant,
812 2993 912 3050 hoc
936 3011 1040 3048 non
1072 2994 1229 3048 modo
1255 2995 1375 3048 illos
1403 2993 1766 3057 confirmavit,
1794 2992 1888 3046 sed
1913 2992 2070 3045 etiam
2093 2989 2210 3042 ani-

641 3097 758 3138 mos
781 3083 989 3138 indidit.
1025 3082 1259 3148 Eramus,
1291 3083 1476 3152 inquit,
1510 3098 1679 3136 ontnes
1698 3083 1882 3135 anima.-
1903 3082 1954 3134 in
1975 3080 2090 3133 navi
2109 3079 2208 3130 du-

640 3181 797 3228 tanta:
825 3172 1141 3242 septuaginta
1169 3188 1274 3225 seat.
1313 3172 1384 3224 De
1412 3171 1494 3225 his
1527 3170 1754 3235 diccbat,
1795 3168 1826 3223 J
1834 3179 2008 3222 actura
2030 3169 2212 3220 animi:

642 3263 834 3318 nullius
861 3265 953 3317 erit
979 3265 1030 3316 in
1057 3262 1210 3318 vobis.
1241 3262 1351 3317 Hoc
1378 3273 1526 3317 certo
1553 3261 1769 3317 scientia
1795 3269 1878 3315 est
1897 3261 2110 3318 animae.
2138 3258 2212 3312 di-

642 3371 766 3410 cere
800 3356 973 3410 salvos
1023 3355 1227 3409 futuros
1267 3369 1404 3410 esse.
1451 3354 1635 3409 Satiati
1679 3362 1843 3406 autent
1872 3353 1980 3404 cibo
2004 3350 2214 3404 allevia-

644 3447 760 3500 bant
789 3448 974 3512 navim,
1007 3447 1254 3517 ejicientes
1282 3446 1520 3498 triticum.
1555 3443 1778 3498 Vidcn'?
1803 3443 1867 3496 ad
1895 3442 2212 3495 sumendum

644 3539 819 3592 cibum
844 3539 1229 3607 persuadentur
1262 3546 1467 3590 tantum
1494 3556 1508 3591 :
1537 3537 1631 3591 sed
1661 3537 1737 3590 sic
1760 3538 1869 3604 jam
1900 3545 2065 3589 totum
2089 3535 2214 3603 reji-

644 3630 856 3685 ciebant
879 3631 929 3684 in
962 3630 1204 3694 Paulum,
1234 3629 1302 3682 ita
1346 3639 1404 3683 ut
1428 3639 1481 3683 et
1524 3629 1752 3682 triticum
1783 3628 2055 3696 ejicerent.
2085 3628 2215 3682 Vide

647 3721 768 3775 illos
812 3721 1038 3774 humana
1091 3721 1364 3784 facientes,
1417 3734 1513 3774 nec
1557 3718 1921 3788 prohibentem
1971 3718 2210 3772 Paulum.

651 3812 865 3878 Quando
887 3822 1053 3865 autem
1079 3811 1185 3864 dies
1211 3813 1333 3880 fuit,
1379 3811 1566 3879 inquit,
1598 3811 1890 3863 laxaverunt
1919 3810 2210 3875 iuncturas.

647 3901 880 3955 Solvitur
908 3901 1054 3956 navis
1098 3901 1150 3954 in
1181 3901 1286 3964 die,
1333 3916 1397 3953 ne
1437 3901 1511 3953 illi
1552 3908 1694 3953 metu
1733 3899 2129 3954 dissolvantur:
2159 3908 2218 3952 ut

649 3990 830 4045 videas
860 3990 1192 4060 prophetiam
1231 4005 1392 4059 opere
1421 3989 1757 4058 completam.
1803 3988 2026 4042 Militum
2052 3998 2218 4041 autem

648 4081 915 4134 concilium
939 4083 1053 4150 fuit,
1087 4092 1139 4133 ut
1163 4081 1350 4134 vinctos
1370 4081 1664 4134 occiderent.
1697 4080 1872 4146 Vides,
1896 4081 2034 4150 quod
2060 4081 2217 4134 etiam

655 4173 706 4226 in
738 4172 837 4225 hoc
863 4171 1026 4226 Paulo
1051 4173 1272 4242 gratiam
1301 4171 1620 4226 habuerint?
1651 4182 1867 4242 propter
1897 4173 2044 4226 illum
2074 4173 2216 4227 enim

652 4264 894 4317 centurio
929 4279 1032 4317 non
1078 4265 1316 4333 permisit
1346 4274 1402 4318 ut
1440 4263 1826 4318 occiderentur.
1865 4263 1937 4317 Ita
1984 4263 2110 4317 mihi
2144 4264 2222 4317 vi-

653 4355 846 4408 dentur
873 4355 949 4407 illi
980 4371 1042 4408 ex
1072 4356 1318 4410 confesso
1360 4356 1570 4410 seelesti
1600 4356 1782 4421 fuisse,
1829 4358 1899 4411 ita
1945 4367 1999 4410 ut
2026 4357 2224 4410 vellent

655 4445 800 4513 ipsos
819 4445 1103 4500 occidere:
1135 4446 1226 4500 sed
1262 4446 1531 4514 prohibiti,
1564 4459 1666 4500 non
1698 4447 1933 4502 fecerunt
1962 4462 1977 4510 ;
2018 4446 2109 4500 sed
2136 4446 2223 4499 alii

655 4535 868 4603 quidem
895 4543 1161 4602 natarunt,
1192 4537 1278 4589 alii
1313 4537 1360 4590 in
1394 4537 1582 4591 tabulis
1614 4535 1933 4600 ferebantur,
1960 4546 2014 4592 et
2039 4553 2225 4592 omnes

658 4626 727 4681 ita
760 4627 980 4681 salutem
1012 4629 1150 4681 nacti
1181 4637 1339 4694 sunt,
1383 4643 1445 4682 ac
1493 4629 1767 4697 prophetia
1813 4628 1970 4682 tinem
2002 4630 2222 4695 accepit,

659 4718 870 4772 etiamsi
900 4735 1001 4771 non
1031 4733 1059 4771 a
1097 4730 1334 4789 tempore
1365 4720 1505 4772 clara
1535 4730 1677 4773 esset
1708 4739 1720 4772 :
1750 4734 1922 4789 neque
1943 4721 2081 4774 enim
2105 4729 2228 4773 ante

662 4808 856 4861 multos
876 4824 1044 4862 annos
1073 4810 1213 4863 illam
1239 4811 1636 4879 prtenuntiarat,
1667 4808 1757 4864 sed
1784 4825 1960 4864 rerum
1986 4819 2226 4863 naturam

663 4914 892 4968 sequens
927 4917 938 4950 :
970 4902 1233 4967 insperata
1278 4902 1419 4954 enim
1463 4912 1614 4955 erant
1642 4902 1839 4966 omnia,
1886 4911 1939 4954 et
1983 4917 2078 4970 per
2109 4917 2230 4970 pro-

661 4991 832 5059 priam
864 4989 1090 5044 salutem
1117 4990 1395 5044 discebant
1423 4991 1543 5058 quis
1577 5002 1718 5046 esset
1759 4992 1971 5046 Paulus.
2019 4990 2121 5045 Sed
2150 4991 2232 5045 di-

664 5084 802 5138 xerit
829 5083 1109 5152 quispiam,
1153 5081 1258 5136 Cur
1305 5097 1408 5135 non
1449 5081 1607 5136 etiam
1648 5083 1820 5134 navim
1861 5084 2128 5137 servavit?
2161 5083 2232 5138 Ut

665 5173 934 5226 discerent
974 5179 1224 5241 quantum
1263 5171 1553 5241 periculum
1587 5173 1853 5226 evaserint
1890 5189 1902 5224 :
1941 5173 2080 5241 quod
2126 5189 2230 5227 non

667 5263 880 5314 humani
905 5261 1084 5315 auxilii
1118 5270 1281 5314 totum
1309 5269 1469 5324 esset,
1499 5261 1592 5316 sed
1627 5262 1718 5315 Dei
1747 5278 1931 5315 manus
1958 5263 2071 5316 sine
2101 5279 2235 5319 nave

668 5351 948 5404 servantis.
978 5352 1159 5420 itaque
1175 5351 1300 5418 justi
1336 5351 1434 5405 etsi
1466 5352 1516 5404 in
1554 5360 1866 5420 tempestate
1892 5353 2018 5416 sint.
2050 5355 2150 5408 etsi
2182 5356 2232 5408 in

671 5440 802 5493 mari
830 5440 908 5494 vel
937 5442 986 5494 in
1015 5441 1221 5510 pelago,
1243 5440 1369 5493 nihil
1393 5456 1556 5510 grave
1583 5442 1868 5509 patiuntur,
1894 5443 1998 5497 imo
2029 5454 2081 5498 et
2103 5446 2238 5502 alios

670 5545 850 5584 secum
891 5541 1120 5584 servant.
1171 5532 1226 5585 Si
1271 5531 1388 5584 navi
1432 5532 1762 5599 periclitante
1809 5542 1862 5588 et
1903 5535 2232 5605 naufragiuzu

670 5635 826 5690 passa
869 5622 1025 5674 vincti
1068 5637 1096 5674 a
1128 5622 1288 5676 Paulo
1335 5623 1531 5676 servati
1579 5631 1700 5676 sunt
1733 5641 1744 5674 :
1775 5625 1966 5692 cogita,
2008 5627 2132 5695 quid
2171 5629 2239 5679 sit

673 5715 839 5766 virum
887 5721 1126 5767 sanctum
1159 5713 1354 5767 habere
1397 5714 1537 5767 domi
1575 5731 1585 5766 :
1622 5717 1798 5768 multm
1843 5733 2066 5787 namque
2107 5729 2239 5772 tem-

676 5813 908 5871 pestates
936 5819 1030 5857 nos
1052 5804 1250 5872 jactant
1272 5845 1284 5869 ,
1314 5814 1367 5857 et
1396 5804 1476 5859 his
1505 5807 1657 5874 longe
1690 5808 1991 5874 graviores;
2019 5811 2110 5865 sed
2145 5828 2239 5880 po-

675 5906 781 5949 test
806 5896 939 5951 Deus
960 5905 1010 5950 et
1036 5909 1131 5950 nos
1158 5910 1389 5962 servare,
1412 5896 1568 5952 modo
1586 5898 1865 5954 credamus
1887 5903 2082 5957 sanctis
2103 5905 2240 5962 sicut

1302 523 1359 581 S.
1397 516 1670 579 JOANNIS
1703 507 2164 571 CIIBYSOSTOMI
2205 502 2518 562 ARCIIIEP.
2561 501 3091 559 CONSTANTINOP.

3775 493 3889 549 ετξ

2289 644 2388 710 Illi,
2436 639 2479 696 si
2525 639 2780 695 faciamus
2823 653 2943 706 quae
2988 637 3060 690 illi
3104 633 3436 704 praecipiunt.
3471 627 3669 700 Neque
3718 637 3875 684 enim

2290 733 2602 804 simpliciter
2624 737 2922 793 servantur,
2953 727 3045 782 sed
3068 727 3228 781 etiam
3256 725 3353 795 ipsi
3377 722 3532 778 tidem
3553 722 3875 777 attulerunt.

2294 822 2514 878 Etiamsi
2546 823 2752 876 vinctus
2791 820 2862 874 sit
2901 827 3139 881 sanctus,
3169 817 3368 886 majora
3407 823 3677 884 operatur,
3709 825 3884 882 quam

2295 915 2328 968 ii
2360 914 2447 981 qui
2474 912 2632 968 soluti
2659 919 2801 964 sunt.
2838 908 2902 962 Et
2925 909 3026 962 hoc
3054 907 3335 962 considera
3366 906 3451 960 hic
3477 903 3670 958 factum
3698 906 3739 956 ⁸.
3774 902 3890 958 So-

2294 1006 2434 1060 lutus
2462 1004 2704 1059 centurio
2734 1003 2911 1055 vincto
2950 1000 3041 1054 illo
3067 999 3295 1054 habebat
3333 1013 3508 1067 opus:
3543 995 3889 1066 gubernator

2297 1096 2497 1166 peritus
2539 1109 2626 1158 eo,
2673 1092 2762 1162 qui
2808 1107 2912 1146 non
2957 1089 3278 1162 gubernator
3325 1097 3462 1156 erat,
3505 1087 3726 1157 egebat;
3769 1086 3890 1140 imo

2296 1201 2425 1241 vero
2446 1185 2821 1256 gubernatore.
2854 1182 2968 1237 Non
3015 1182 3156 1236 enim
3186 1180 3342 1234 talem
3382 1179 3636 1249 scapham
3675 1178 3889 1250 guber-

2299 1277 2476 1340 nabat,
2522 1274 2618 1329 sed
2662 1274 2810 1330 orbis
2853 1273 3166 1337 Ecclesiam,
3215 1271 3284 1325 ab
3326 1271 3418 1326 illo
3456 1271 3678 1326 eductus
3705 1271 3894 1340 quiet

2298 1368 2462 1422 maris
2489 1365 2736 1422 dominus
2775 1373 2878 1426 est,
2910 1380 3015 1418 non
3044 1363 3274 1416 humana
3314 1370 3447 1426 arte,
3491 1361 3583 1416 sed
3630 1370 3685 1416 et
3721 1361 3894 1429 spiri-

2301 1459 2427 1514 tuali
2453 1457 2729 1528 sapientia.
2763 1456 2818 1510 lu
2846 1454 2944 1509 hac
2971 1455 3165 1524 scapha
3195 1454 3359 1507 multa
3405 1451 3701 1523 naufragia,
3729 1451 3894 1506 multi

2299 1549 2512 1613 ﬂuctus,
2542 1547 2761 1616 spiritus
2803 1547 3073 1615 nequitiae,
3103 1543 3255 1598 lutus
3293 1559 3494 1614 pugnte,
3525 1543 3651 1614 foris
3678 1543 3895 1596 timores

2302 1641 2375 1710 (2.
2406 1639 2524 1694 Cor.
2547 1639 2600 1693 7.
2628 1637 2707 1706 5).
2737 1636 2921 1706 Itaque
2947 1651 3072 1690 vere
3096 1634 3425 1705 gubernator
3453 1633 3542 1688 ille
3575 1641 3712 1687 erat.
3749 1631 3896 1688 Vide

2300 1741 2478 1784 autem
2506 1738 2670 1782 totam
2710 1728 2872 1782 vitam
2901 1735 3164 1792 nostram,
3192 1725 3461 1796 quomodo
3487 1724 3608 1780 talis
3636 1725 3727 1779 sit.
3763 1724 3893 1778 Ali-

2301 1820 2514 1890 quando
2540 1820 2682 1874 enim
2727 1817 3009 1872 clementia
3058 1816 3301 1882 fruimur,
3345 1815 3631 1885 aliquando
3670 1825 3891 1884 tempe-

2303 1909 2758 1978 statejactamur;
2802 1905 2963 1962 modo
3005 1906 3074 1960 ob
3115 1905 3613 1960 inconsiderantiam
3651 1913 3706 1960 et
3735 1906 3898 1975 igna-

2304 2001 2440 2053 viam
2482 1999 2533 2052 in
2577 1998 2724 2052 mille
2770 1997 2906 2052 mala
2948 1995 3270 2050 incidimus:
3301 1996 3408 2050 imo
3456 1995 3558 2050 hoc
3585 1996 3754 2064 magis
3803 1995 3889 2061 lit,

2302 2093 2426 2159 quia
2458 2091 2675 2144 Paulum
2703 2106 2808 2144 non
2833 2088 3098 2154 audimus,
3126 2087 3215 2142 ubi
3241 2085 3553 2142 festinamus
3577 2087 3755 2156 aliquo
3784 2087 3892 2152 ire,

2304 2197 2407 2251 quo
2438 2181 2529 2236 ille
2557 2197 2664 2236 non
2689 2181 2862 2252 jubet.
2894 2179 3179 2234 Nobiscum
3204 2180 3346 2234 enim
3373 2178 3533 2233 etiam
3562 2192 3702 2232 nunc
3728 2178 3897 2231 navi-

2304 2280 2412 2340 gat,
2445 2270 2541 2326 sed
2585 2286 2692 2325 non
2739 2280 2797 2324 ut
2841 2280 2964 2324 tunc
2990 2269 3236 2324 vinctus:
3268 2268 3511 2322 hortatur
3548 2267 3707 2323 etiam
3740 2281 3901 2322 nunc

2307 2379 2420 2426 eos,
2451 2363 2541 2432 qui
2580 2364 2632 2416 in
2683 2361 2785 2416 hoc
2833 2362 2965 2415 mari
3011 2361 3289 2430 navigant,
3321 2360 3597 2430 dicitque:
3632 2359 3902 2414 Attendite

2307 2453 2444 2506 vobis
2471 2453 2596 2521 ipsis
2623 2467 2642 2506 :
2688 2452 3033 2520 ingrediantur
3077 2453 3209 2504 enim
3251 2459 3363 2520 post
3401 2452 3672 2504 discessum
3718 2466 3901 2505 meum

2307 2543 2416 2609 lupi
2439 2558 2611 2613 graves
2639 2543 2689 2596 in
2714 2543 2848 2597 vobis
2869 2542 3003 2611 (Act.
3042 2540 3134 2596 20.
3171 2540 3260 2596 28.
3288 2540 3405 2610 29);
3434 2550 3487 2595 et
3530 2555 3740 2594 rursum
3772 2557 3786 2593 :
3821 2538 3899 2594 In

2307 2635 2587 2689 novissimis
2634 2636 2938 2704 temporibus
2996 2635 3248 2688 instabunt
3304 2642 3529 2702 tempore
3578 2632 3751 2702 gravia
3773 2672 3788 2694 ,
3842 2643 3900 2686 es

2309 2732 2452 2777 erunt
2485 2723 2710 2778 homines
2748 2723 2824 2777 sui
2853 2731 3106 2788 amantes,
3140 2721 3316 2786 avari,
3345 2731 3642 2791 arrogantes
3664 2719 3722 2792 (Ξ
3750 2719 3894 2773 Tim.

2309 2813 2364 2868 3.
2398 2815 2448 2868 l-.
2478 2812 2556 2883 2).
2588 2813 2682 2868 llic
2705 2813 2847 2868 enim
2873 2813 3108 2867 omnium
3133 2812 3476 2882 gravissimus
3501 2811 3719 2882 spiritus
3744 2820 3850 2866 est.

2379 2905 2434 2960 5.
2466 2904 2621 2958 Fides
2645 2914 2780 2957 tutus
2805 2903 3384 2974 portus.—Maneamus
3401 2904 3556 2973 igitur
3579 2902 3666 2957 ubi
3696 2903 3784 2958 ille
3799 2905 3898 2971 ju-

2311 2995 2420 3056 bet.
2454 2997 2507 3050 in
2537 2995 2660 3062 fide,
2708 2996 2760 3049 in
2795 3003 2908 3050 tuto
2937 3006 3091 3065 portu
3121 3013 3134 3047 :
3165 2995 3339 3065 ipsum
3370 2995 3540 3066 magis
3580 2995 3897 3060 audiamus,

2309 3101 2467 3156 quam
2507 3085 2914 3155 gubernatorem
2953 3087 3041 3155 qui
3083 3095 3165 3141 est
3195 3087 3247 3140 in
3291 3085 3466 3152 nobis,
3517 3088 3776 3142 rationem
3811 3087 3902 3141 in-

2312 3192 2488 3246 quam.
2520 3175 2597 3230 Ne
2642 3175 2896 3231 faciamus
2936 3190 3000 3231 ea
3042 3191 3158 3245 qua:
3199 3175 3288 3231 hic
3328 3175 3585 3247 suggerit,
3631 3191 3729 3232 nec
3769 3191 3900 3246 quze

2313 3267 2612 3331 nauclerus,
2659 3265 2753 3320 sed
2805 3280 2923 3334 qua:
2963 3265 3157 3320 Paulus
3188 3283 3201 3316 :
3233 3266 3428 3321 multas
3479 3266 3680 3322 similes
3727 3267 3902 3323 subiit

2315 3367 2678 3426 tempestates.
2727 3357 2804 3411 Ne
2852 3356 3178 3428 experientia
3246 3358 3556 3424 discamus;
3611 3359 3705 3414 sed
3765 3370 3901 3416 ante

2312 3449 2699 3517 experientiam
2731 3449 2956 3503 vitemus
2975 3459 3029 3503 et
3073 3448 3320 3516 injuriam
3349 3459 3402 3503 et
3426 3450 3716 3518 jacturam.
3748 3451 3901 3506 Audi

2314 3539 2438 3607 quid
2465 3537 2608 3592 dicat
2641 3555 2653 3590 :
2687 3538 2787 3603 Qui
2816 3537 2991 3591 volunt
3016 3539 3191 3591 divites
3217 3539 3348 3606 ﬁeri,
3377 3537 3606 3592 incidunt
3638 3539 3692 3592 in
3724 3549 3901 3593 tenta-

2315 3632 2499 3684 tionem
2528 3629 2604 3701 (ι.
2639 3629 2767 3684 Tim.
2804 3631 2854 3684 6.
2889 3630 2969 3700 9).
3006 3629 3302 3684 Credamus
3345 3645 3473 3700 ergo
3501 3631 3550 3684 ei
3583 3649 3594 3684 :
3625 3645 3744 3684 nam
3770 3629 3904 3687 vide

2315 3722 2440 3791 quid
2480 3721 2732 3776 acciderit
2776 3723 2858 3785 iis,
2904 3721 2992 3792 qui
3032 3737 3137 3775 non
3168 3720 3528 3777 crediderunt.
3574 3721 3636 3776 Et
3678 3705 3902 3776 rursum

2316 3814 2442 3867 alibi
2479 3813 2624 3879 dicit,
2667 3813 2794 3884 quid
2840 3813 3110 3882 naufragia
3152 3814 3378 3881 pariant.
3415 3813 3514 3880 Qui
3553 3815 3902 3883 naufragavc-

2317 3913 2434 3957 runt
2459 3905 2592 3958 circa
2619 3904 2768 3970 [idem
2799 3904 2816 3974 (
2852 3902 2937 3956 Id.
2990 3904 3041 3958 Ι.
3094 3901 3159 3957 l9
3186 3903 3230 3972 ),
3259 3903 3450 3972 inquit.
3473 3903 3551 3957 Tu
3581 3919 3707 3958 vero
3736 3919 3904 3960 mane

2320 3997 2372 4051 in
2405 3997 2488 4059 iis,
2521 4012 2640 4066 qua:
2684 3994 2912 4049 didicisti
2944 4001 2998 4048 et
3036 3993 3326 4048 credidisti.
3358 3992 3648 4050 Credamus
3688 3995 3860 4050 Paulo
3887 4016 3901 4050 :

2321 4089 2445 4142 licet
2476 4089 2526 4141 in
2557 4086 2728 4141 media
2759 4094 3073 4156 tempestate
3111 4085 3297 4150 simus,
3341 4101 3560 4139 omnmo
3585 4102 3615 4140 a
3642 4087 3906 4156 periculis

2322 4178 2700 4239 liberabimur;
2747 4177 2952 4232 etiamsi
3012 4175 3413 4246 quatuordecim
3478 4175 3664 4231 diebus
3725 4176 3906 4246 jejuni

2323 4269 2697 4335 manserimus,
2726 4270 2826 4323 etsi
2855 4283 2976 4337 spes
3009 4267 3196 4321 salutis
3222 4266 3504 4333 exciderit,
3539 4269 3636 4321 etsi
3667 4267 3720 4322 in
3749 4278 3908 4326 tene-

2325 4361 2434 4413 bris
2457 4369 2510 4414 et
2553 4359 2777 4428 caligine
2808 4373 3104 4422 versemur,
3152 4357 3432 4412 credentes
3478 4358 3525 4413 ei
3571 4373 3598 4411 a
3648 4359 3908 4426 periculis

2327 4449 2692 4504 liberabimur.
2719 4448 2903 4503 Navim
2932 4462 3050 4502 esse
3077 4457 3320 4517 putemus
3347 4458 3514 4503 totum
3539 4449 3743 4514 orbem,
3770 4458 3828 4505 et
3851 4453 3906 4506 in

2329 4541 2414 4595 illa
2446 4539 2718 4610 improbos
2752 4549 2806 4594 et
2831 4540 3095 4594 sexcentis
3129 4538 3338 4609 ﬂagitiis
3366 4541 3656 4606 obnoxios;
3683 4549 3737 4597 et
3766 4543 3912 4600 alios

2329 4633 2540 4702 quidem
2571 4632 2854 4701 principes.
2888 4633 3022 4688 alios
3061 4646 3187 4686 vero
3212 4632 3482 4695 custodes,
3529 4634 3662 4688 alios
3701 4634 3907 4704 justus,

2331 4732 2387 4776 ut
2419 4722 2632 4787 Paulus,
2661 4723 2792 4776 alios
2819 4722 3023 4778 vinctos
3049 4731 3104 4778 et
3147 4725 3377 4792 peccatis
3407 4725 3726 4779 constrictos
3755 4743 3768 4780 :
3798 4727 3909 4780 ita-

2331 4829 2432 4883 que
2476 4814 2519 4867 si
2564 4813 2727 4868 Paulo
2769 4813 3069 4877 credamus,
3112 4827 3218 4868 non
3263 4815 3421 4868 vincti
3455 4816 3761 4883 peribimus,
3809 4819 3911 4873 sed

2332 4905 2642 4960 solvemur:
2689 4919 2785 4958 nos
2826 4919 3036 4974 quoque
3068 4904 3140 4957 illi
3184 4903 3404 4958 donabit
3446 4905 3603 4960 Dens.
3633 4907 3714 4960 An
3742 4923 3914 4978 negas

2335 5005 2548 5068 peccata
2580 5005 2632 5051 et
2672 4995 2892 5050 allectus
2936 5010 3097 5066 grave
3145 4995 3413 5050 vinculum
3441 4999 3602 5052 esse?
3628 5013 3731 5052 non
3762 5003 3912 5056 enim

2335 5088 2464 5142 solae
2502 5102 2689 5142 manus
2720 5087 2910 5140 vincta:
2938 5094 3082 5148 sunt,
3129 5088 3220 5141 sed
3255 5097 3397 5142 totus
3431 5087 3608 5144 homo.
3645 5090 3735 5143 Dic
3761 5092 3910 5146 enim

2338 5179 2487 5243 mihi,
2518 5179 2559 5231 si
2589 5179 2707 5248 quis
2750 5179 2941 5231 multas
2987 5179 3238 5248 pecunias
3269 5180 3557 5248 possidens
3591 5196 3695 5234 non
3725 5196 3917 5252 eroget

2339 5271 2420 5323 vel
2471 5270 2754 5338 expendat,
2813 5269 2907 5324 sed
2959 5270 3230 5324 retineat:
3265 5287 3441 5327 nonne
3494 5273 3707 5343 gravius
3752 5289 3915 5344 quam

2339 5361 2544 5416 vinctus
2573 5363 2747 5430 quivis
2779 5361 3102 5428 parcimonia
3143 5362 3409 5417 insolubili
3439 5364 3650 5418 vinculo
3679 5365 3873 5434 ligatur
3893 5369 3918 5420 ἲ

2340 5454 2497 5522 Quid,
2530 5455 2571 5506 si
2601 5454 2719 5523 quis
2743 5452 2848 5505 fato
2889 5468 2947 5506 se
2972 5453 3233 5521 subjiciat,
3265 5469 3441 5508 nonne
3473 5455 3557 5508 hic
3584 5456 3699 5511 aliis
3721 5456 3920 5528 ligatus

2341 5555 2422 5599 est
2449 5545 2714 5599 vinculis?
2737 5543 2883 5613 quid,
2913 5545 2956 5597 si
2997 5544 3496 5599 observationibus?
3524 5547 3668 5616 quid,
3699 5549 3742 5601 si
3773 5563 3919 5620 sym-

2343 5637 2508 5689 bolis?
2537 5650 2710 5689 nonne
2740 5635 2852 5687 haec
2891 5635 3035 5688 omni
3063 5634 3278 5688 vinculo
3307 5646 3429 5689 sunt
3457 5638 3737 5706 graviora?
3763 5641 3916 5708 quid,

2341 5729 2385 5781 si
2417 5727 2658 5781 absurda:
2690 5727 2898 5780 cuidam
2939 5728 3383 5795 concupiscentia
3430 5727 3511 5782 vel
3553 5731 3760 5783 amori?
3787 5731 3921 5800 Quis

2408 5912 2422 5942 ¹
2451 5909 2590 5967 illud,
2617 5914 2659 5957 ct
2682 5907 2768 5957 hoc
2793 5906 3040 5959 considera
3061 5905 3138 5958 hic
3161 5907 3359 5971 factum,
3377 5907 3520 5959 deest
3544 5909 3587 5957 in
3613 5908 3919 5971 quibusdam.
