4072 6398
174 391 276 446 5'3

170 517 285 563 haec
321 505 470 558 rubis
502 501 710 557 vincula
757 499 1097 569 disrumpct?
1129 499 1237 552 Deo
1283 511 1418 566 opus
1449 506 1532 552 est
1563 507 1621 551 ut
1649 498 1758 550 sol-

168 571 384 654 vantur.
417 598 477 651 Et
508 611 670 650 unum
699 595 913 664 quidem
944 592 1130 644 horum
1153 589 1350 643 sufficit
1373 587 1439 643 ad
1470 589 1762 656 periculum

167 691 460 749 creandum
492 708 504 743 :
533 704 657 744 cum
703 695 884 740 autem
915 683 1120 736 vincula
1165 693 1218 736 et
1251 690 1560 750 tempestas,
1590 682 1762 751 cogita

165 795 368 855 quanta
401 785 506 838 sint
536 780 796 852 pericula.
829 776 965 844 Quid
998 776 1138 830 enim
1185 790 1290 830 non
1324 776 1516 830 sufficit
1543 776 1609 830 ad
1640 792 1752 844 per-

166 876 443 931 dendum?
496 888 675 928 nonne
727 869 920 924 sufficit
967 869 1178 922 fan‘ies?
1217 884 1396 922 nonne
1429 867 1763 937 tempestas?

167 983 354 1022 nonne
384 973 657 1020 vectorum
689 960 964 1030 nequitia?
996 974 1173 1014 nonne
1205 969 1415 1028 tempus
1448 960 1761 1026 in0pportu-

166 1057 337 1110 nuni?
364 1054 563 1110 Verum
587 1051 653 1105 ad
685 1054 799 1106 hac
828 1050 1004 1104 omnia
1027 1048 1172 1104 stetit
1193 1049 1521 1102 clarissimus
1544 1048 1759 1102 Paulus.

163 1149 237 1203 Ita
283 1159 338 1203 et
367 1159 510 1202 nunc
543 1164 555 1199 :
591 1144 920 1199 retineamus
969 1141 1246 1196 uobiscum
1289 1148 1526 1206 sanctos,
1559 1151 1613 1194 et
1655 1156 1758 1195 non

161 1243 267 1294 erit
301 1245 626 1306 tempestas;
652 1235 760 1288 imo
786 1235 944 1289 etiam
974 1232 1020 1287 si
1044 1232 1113 1287 sit
1143 1239 1453 1300 tempestas,
1487 1232 1587 1287 erit
1617 1246 1760 1286 sere-

163 1333 306 1385 nitas
329 1342 383 1384 et
409 1325 763 1397 tranquillitas
791 1337 1001 1392 magna,
1032 1337 1094 1377 ac
1123 1321 1367 1405 liber-alio
1413 1336 1439 1374 a
1483 1322 1755 1392 periculis.

165 1420 379 1474 Etenim
413 1415 568 1471 vidua
599 1415 686 1470 illa
717 1421 959 1467 sanctum
1002 1411 1230 1467 habebat
1255 1411 1508 1476 amicum,
1538 1420 1592 1465 et
1616 1426 1761 1466 mors

161 1509 256 1563 lilii
305 1509 481 1563 soluta
525 1514 629 1572 est,
679 1517 1007 1573 puerumque
1033 1503 1330 1558 redivivum
1382 1505 1608 1571 accepit.
1655 1501 1759 1557 Ubi

162 1599 328 1667 pedes
357 1606 668 1653 sanctorum
698 1602 998 1659 versantur,
1043 1593 1175 1646 nihil
1217 1593 1411 1648 accidit
1456 1594 1645 1647 triste:
1676 1594 1758 1647 sin

160 1689 391 1752 accidat,
426 1687 492 1742 ad
523 1687 890 1755 probationem
921 1696 976 1740 et
1017 1684 1083 1738 ad
1115 1684 1375 1753 majorem
1410 1684 1504 1739 Dei
1534 1686 1756 1755 gloriam

160 1783 376 1847 accidit.
425 1781 534 1835 Fac
588 1790 642 1834 ut
687 1778 879 1833 domus
927 1778 1286 1847 pavimentum
1338 1779 1645 1849 frequenter
1690 1779 1759 1833 ab

162 1874 468 1946 hujusmodi
502 1873 742 1927 calcetur
771 1870 1013 1940 pedibus,
1049 1886 1146 1926 nec
1173 1871 1242 1924 ibi
1273 1871 1492 1926 calcabit
1522 1871 1754 1937 dmmon;

161 1978 213 2021 et
243 1966 440 2020 merito
467 1964 706 2034 quidem.
737 1963 883 2017 Sicut
911 1962 1053 2015 enim
1087 1961 1174 2016 tibi
1207 1961 1516 2032 fragrantia,
1553 1961 1622 2015 ibi
1653 1961 1756 2015 fue-

162 2068 242 2112 tor
271 2059 447 2112 locum
489 2070 596 2109 non
643 2053 840 2108 habet:
873 2055 948 2107 sic
994 2053 1080 2107 ubi
1128 2063 1457 2122 unguentum
1488 2062 1753 2119 sanctum,

159 2149 230 2203 ibi
262 2147 557 2203 suffocatur
584 2144 815 2209 damion,
841 2144 999 2199 simul
1023 2153 1242 2214 agentes
1273 2145 1525 2208 laetificat,
1551 2154 1758 2199 recreat

159 2239 417 2292 animam.
451 2235 555 2292 Ubi
601 2235 792 2305 spina',
835 2234 903 2288 ibi
942 2237 1068 2289 fera:
1101 2254 1113 2288 :
1147 2234 1235 2288 ubi
1290 2235 1642 2304 hospitalitas,
1686 2234 1756 2289 ibi

159 2331 328 2398 spinae
354 2343 462 2382 non
495 2335 621 2381 sunt
649 2345 660 2378 .
693 2341 814 2380 nam
846 2325 1082 2394 ingressa
1106 2326 1447 2396 eleemosyna
1481 2324 1613 2379 falce
1631 2339 1756 2378 acn-

161 2421 266 2474 tior
294 2419 477 2488 spinas
513 2415 763 2479 succidit,
796 2425 848 2468 et
882 2415 999 2485 igne
1032 2416 1402 2470 vehementius
1433 2416 1609 2470 exurit
1639 2431 1752 2469 eas.

1145 384 1207 438 IN
1247 382 1427 439 ACTA
1503 379 2027 437 APOSTOLORUM.
2075 381 2299 436 llUMlL
2346 379 2476 440 ων.

3367 391 3470 444 δτι

1871 497 1946 550 Ne
1973 496 2163 551 timeas
2190 515 2201 548 :
2231 501 2420 551 timent
2462 504 2768 552 sanctorum
2804 501 3027 570 vestigia
3069 503 3205 558 sicut
3251 505 3463 560 leonem

1873 589 2074 657 vulpes.
2117 588 2295 643 Jusms
2325 596 2478 656 enim,
2511 591 2698 658 inquit,
2744 602 2795 644 ut
2825 591 2902 646 leo
2927 596 3134 662 conﬁdit
3158 595 3336 665 (Prov.
3372 599 3465 654 28.

1873 681 1947 751 1).
1983 680 2090 736 llos
2123 682 2526 736 introducamus
2553 683 2734 737 leones
2768 685 2817 737 in
2850 685 3089 751 donium,
3117 698 3170 742 et
3198 687 3324 743 fera:
3349 705 3462 744 om-

1872 787 1966 825 nes
2013 771 2353 841 fugaboutur,
2390 789 2494 826 non
2533 773 2638 828 illis
2663 776 3086 832 occlamantibus
3117 779 3212 834 sed
3262 783 3470 852 simpli~

1869 863 2004 916 citer
2033 863 2250 932 loquent
2276 864 2394 918 bus.
2427 864 2540 918 Non
2567 866 2709 919 enim
2737 867 2940 937 rugitus
2968 869 3134 924 leonis
3162 871 3360 926 bestias
3391 874 3470 929 sic

1871 950 2036 1022 fugat,
2080 963 2138 1006 ut
2173 953 2304 1022 justi
2351 956 2587 1023 precatio
2631 955 2906 1011 dazmonas
2945 975 2956 1011 :
2991 959 3034 1013 si
3067 960 3315 1030 loquatur
3345 972 3467 1017 tan-

1872 1053 2006 1112 tum,
2041 1046 2328 1101 formidant
2365 1047 2461 1100 illi.
2497 1049 2562 1102 Et
2608 1048 2846 1116 ubinam,
2890 1051 3118 1118 inquies,
3159 1070 3301 1109 nunc
3333 1058 3468 1110 tales

1871 1135 2114 1191 homines
2151 1139 2311 1191 sunt?
2343 1137 2571 1208 Ubique,
2615 1139 2657 1193 si
2712 1154 2809 1194 nos
2840 1141 3144 1209 credamus,
3186 1146 3228 1199 si
3260 1162 3468 1216 quaera-

1869 1242 2012 1293 mus,
2043 1229 2086 1280 si
2121 1229 2332 1282 curiose
2361 1231 2808 1301 pervestigemus.
2847 1231 2946 1287 Ubi
2978 1235 3294 1303 qumsivisti,
3322 1255 3471 1307 quae-

1869 1319 1965 1372 so?
1994 1319 2334 1388 quandonam
2372 1320 2473 1375 hoc
2499 1323 2736 1377 curasti?
2766 1323 2821 1379 Si
2865 1341 2971 1380 non
3001 1343 3232 1396 qumras,
3269 1345 3338 1384 ne
3367 1331 3469 1385 mi-

1868 1413 2026 1477 reris,
2046 1413 2090 1466 si
2119 1429 2224 1468 non
2251 1415 2522 1483 reperias:
2549 1431 2670 1470 nam
2697 1415 2795 1482 Qui
2811 1419 3012 1489 qutzt'it,
3037 1421 3225 1475 invenit
3248 1421 3463 1492 (Matth.

1868 1503 1920 1557 7.
1955 1503 2031 1572 7),
2066 1519 2172 1559 non
2203 1505 2292 1573 qui
2328 1519 2433 1558 non
2465 1507 2678 1574 quaerit.
2711 1508 2848 1562 Audi
2882 1525 2977 1564 eos
3003 1513 3092 1580 qui
3129 1513 3180 1566 in
3212 1513 3466 1568 solitudi-

1869 1595 2022 1649 nibus
2074 1604 2197 1650 sunt
2243 1613 2256 1649 :
2303 1596 2475 1666 abjice
2533 1613 2723 1654 aurum
2776 1609 2829 1654 et
2890 1613 3207 1672 argentum;
3270 1606 3468 1673 ubique

1868 1696 2132 1742 terrarum
2162 1698 2305 1742 sunt.
2338 1689 2392 1744 Si
2425 1703 2535 1744 non
2561 1690 2702 1744 domi
2737 1693 2987 1762 recipias,
3021 1696 3168 1748 illum
3199 1696 3305 1761 adi,
3341 1713 3464 1752 cum

1868 1778 1956 1832 illo
1985 1794 2230 1844 versare,
2278 1779 2344 1833 ad
2374 1780 2491 1850 ejus
2530 1781 2750 1837 domum
2797 1786 3032 1851 accede,
3069 1798 3126 1841 ut
3169 1790 3342 1857 possis
3376 1791 3468 1844 illo

1867 1868 1968 1923 frui
1999 1870 2220 1940 ejusque
2252 1872 2646 1929 benedictione.
2695 1875 2882 1946 Magna
2913 1879 3110 1948 quippe
3141 1890 3222 1934 est
3252 1891 3469 1937 sancto-

1865 1974 1983 2015 rum
2033 1962 2355 2031 benedietio,
2399 1980 2558 2034 quam
2614 1969 2827 2036 assequi
2875 1984 3146 2035 curemus,
3180 1981 3237 2026 ut
3279 1989 3465 2029 eorum

1868 2052 2113 2120 precibus
2159 2053 2346 2123 adjuti,
2395 2055 2484 2108 Dei
2518 2054 2628 2128 [qui
2663 2057 2782 2111 illos
2814 2058 3051 2131 roborat]
3099 2063 3466 2120 misericordia

1866 2141 2124 2206 fruamur,
2184 2145 2356 2212 gratia
2406 2154 2461 2198 et
2516 2147 2842 2216 benignitate
2893 2149 3161 2220 Unigcniti
3206 2156 3323 2222 ejus
3352 2154 3467 2226 [FF

1866 2231 1967 2303 lii},
2010 2234 2223 2302 quicum
2271 2234 2412 2288 Patri
2465 2245 2518 2290 ct
2568 2237 2788 2306 Spiritui
2835 2249 3020 2295 Sancto
3059 2243 3261 2312 gloria,
3294 2247 3466 2316 impe-

1864 2323 2023 2386 rium,
2046 2323 2239 2391 honor,
2261 2340 2402 2380 nunc
2419 2335 2472 2381 et
2488 2342 2722 2397 semper,
2748 2340 2799 2384 et
2825 2331 2875 2384 in
2899 2333 3096 2386 saecula
3120 2336 3462 2395 smculornm.

1865 2416 2060 2470 Amen.

161 2547 3036 2572 Μ

1567 2621 1908 2683 HOMILIA
1945 2623 2104 2684 LIV.

161 2778 289 2835 Car.
315 2778 406 2833 28.
437 2793 488 2831 v.
529 2778 579 2830 1.
619 2773 840 2829 Barbari
873 2787 986 2826 vero
1029 2770 1333 2840 prcestabant
1375 2784 1473 2821 non
1503 2767 1754 2820 modicam

231 2871 598 2924 humanitatem
645 2867 805 2920 nobis.
851 2865 905 2920 2.
959 2865 1180 2917 Accensa
1205 2863 1338 2915 enim
1383 2877 1530 2930 pyra,
1562 2859 1758 2924 reﬁcie-

231 2966 349 3018 bant
377 2980 466 3017 nos
494 2977 686 3025 omnes,
712 2969 912 3029 prapter
934 2959 1139 3011 imbrem
1157 2957 1241 3026 qui
1265 2955 1574 3020 inminebat,
1596 2963 1641 3006 et
1663 2954 1755 3021 fri-

229 3072 344 3126 gus.
378 3057 428 3108 5.
456 3053 582 3107 Cum
607 3061 955 3123 congregasset
979 3060 1143 3104 autem
1172 3048 1364 3102 Paulus
1387 3056 1756 3102 sarmentorum

231 3145 608 3198 multitudinem
649 3153 694 3195 et
725 3143 1042 3210 imposuisset
1072 3141 1122 3193 in
1166 3140 1351 3208 ignem,
1389 3139 1560 3207 vipera
1608 3152 1639 3188 a
1672 3152 1756 3188 ca-

233 3239 342 3291 lore
366 3253 479 3290 cum
504 3235 845 3305 processisset,
874 3233 1147 3286 momordit
1175 3247 1381 3284 manum
1412 3231 1542 3297 ejus.

232 3331 286 3384 1.
321 3326 603 3395 Quomodo
644 3325 1026 3380 humanitatem
1060 3329 1375 3392 prmstarent
1401 3320 1633 3384 barbari,
1669 3318 1753 3372 iu-

163 3428 492 3488 terprctatnr
521 3435 534 3470 ε
566 3418 804 3476 Accensa,
837 3415 1026 3484 inquit,
1057 3429 1184 3483 pyra
1205 3412 1493 3480 reﬁciebant
1516 3427 1604 3464 nos
1625 3408 1755 3482 [om-

162 3507 294 3580 nes].
323 3509 453 3576 Quia
479 3508 621 3563 enim
653 3505 792 3559 nulla
815 3520 878 3560 ex
909 3503 1160 3558 evasione
1182 3503 1379 3555 utilitas
1401 3501 1610 3567 fuisset,
1634 3515 1753 3554 cum

165 3600 330 3670 frigus
377 3599 496 3652 illos
523 3598 968 3666 interempturum
996 3602 1161 3659 8358',
1210 3592 1513 3651 accendunt
1546 3607 1749 3662 pyram.

166 3693 301 3747 Hinc
331 3691 529 3744 Paulus
573 3698 792 3757 3CCPpia
832 3693 1102 3742 sarmenta
1150 3686 1200 3738 in
1249 3699 1436 3753 rogum
1477 3683 1657 3746 infert,
1700 3691 1759 3737 ut

165 3783 255 3837 ille
284 3781 560 3850 subjunglt
584 3796 597 3831 :
624 3778 750 3832 Cum
799 3785 1153 3848 congregasset
1193 3785 1360 3828 autem
1409 3773 1605 3828 Paulus
1645 3791 1758 3827 sar-

165 3884 448 3928 mentorum
471 3869 866 3924 multitudinem.
886 3868 1018 3922 Vide
1042 3866 1187 3920 illtttn
1207 3874 1539 3935 operantem;
1559 3875 1610 3920 et
1634 3880 1760 3920 nus-

165 3986 324 4039 quam
341 3968 538 4022 frustra
557 3966 818 4021 mirabilia
832 3973 1151 4036 patrantem,
1168 3963 1262 4019 sed
1277 3964 1346 4017 ob
1363 3963 1757 4016 necessitatem:

169 4077 289 4115 nam
311 4061 364 4114 in
392 4065 705 4127 tempestate
726 4071 934 4126 quoque
961 4069 1068 4111 non
1087 4055 1204 4109 sine
1217 4068 1375 4108 causa
1398 4052 1754 4123 prophetarit,

166 4163 220 4209 et
244 4154 332 4207 hic
353 4167 562 4207 rursum
589 4159 856 4206 sarmenta
878 4149 1079 4220 colligit
1103 4159 1156 4204 et
1185 4148 1428 4218 imponit.
1455 4147 1586 4202 Vide
1611 4147 1758 4201 illum

168 4260 274 4300 non
293 4244 360 4298 ad
386 4242 578 4298 fastum
599 4242 681 4298 vel
707 4242 975 4312 superflue
991 4249 1259 4310 agentem,
1285 4238 1376 4294 sed
1402 4247 1460 4292 ut
1483 4239 1555 4292 illi
1573 4252 1759 4293 serva-

169 4345 355 4392 rentur
367 4334 545 4390 calore
562 4336 793 4405 quodam
813 4332 1067 4387 fruentes.
1084 4331 1286 4386 Deinde
1303 4331 1484 4400 vipera
1503 4345 1567 4384 ex
1581 4329 1761 4385 calore

168 4441 387 4497 egressa
410 4441 623 4480 manum
647 4426 764 4494 ejus
786 4425 978 4478 invasit
1004 4444 1014 4477 :
1041 4433 1091 4479 et
1117 4423 1258 4493 quod
1284 4424 1559 4490 invaserit,
1585 4422 1760 4493 palam

173 4526 346 4572 estex
389 4515 758 4585 sequentibus.
789 4516 843 4570 4.
881 4515 947 4570 Ut
993 4531 1108 4569 vero
1146 4516 1375 4569 viderunt
1413 4515 1615 4568 barbari
1643 4532 1763 4584 pen-

173 4607 373 4661 dentem
401 4606 610 4660 bestiam
631 4607 694 4659 de
720 4622 871 4659 manu
895 4609 1022 4678 ejus,
1041 4607 1170 4660 inter
1190 4623 1242 4659 se
1271 4606 1502 4660 dicebant
1527 4623 1544 4659 :
1571 4606 1758 4676 Utique

173 4697 428 4751 homicida
457 4708 530 4751 est
575 4698 726 4750 homo
757 4699 834 4751 hic
859 4739 872 4761 ,
915 4714 1060 4767 quem
1091 4709 1340 4752 servatum
1384 4699 1444 4751 de
1472 4700 1600 4752 mari
1639 4699 1764 4752 ultio

175 4805 274 4842 non
297 4789 419 4842 sinit
449 4789 627 4842 vivere.
660 4788 802 4844 Bene
827 4789 928 4844 hoc
953 4790 1269 4858 permissum
1303 4798 1402 4854 est,
1431 4801 1483 4844 ut
1515 4791 1638 4844 talia
1689 4791 1764 4845 illi

174 4880 418 4936 viderent
438 4889 492 4934 et
514 4880 874 4950 loquerentur,
907 4892 962 4936 ut
985 4882 1162 4936 futuro
1189 4885 1446 4938 miraculo
1476 4882 1631 4939 fidem
1659 4902 1763 4940 non

174 4981 455 5042 negarent.
490 4971 620 5026 Vide
665 4974 905 5028 naturale
948 4975 1206 5044 judicium
1240 4993 1267 5028 a
1302 4977 1541 5031 barbaris
1584 4975 1766 5048 prola-

176 5073 284 5117 tum
309 5106 322 5128 ,
362 5064 614 5132 ipsosque
656 5065 876 5120 honeste
903 5068 1040 5121 inter
1069 5083 1126 5122 se
1169 5069 1482 5138 loquentes,
1516 5087 1611 5126 nec
1639 5073 1766 5126 sim-

178 5155 385 5223 pliciter
427 5154 762 5210 damnantes.
808 5157 882 5211 ita
925 5158 1010 5212 hic
1053 5162 1200 5228 prius
1239 5161 1439 5227 vident,
1491 5173 1546 5217 ut
1600 5167 1767 5234 magis

177 5246 456 5300 mirentur.
490 5247 540 5302 5.
580 5265 599 5298 ‹
649 5247 715 5300 At
746 5247 833 5302 ille
859 5265 1076 5304 excussa
1106 5253 1269 5307 bestia
1300 5255 1351 5309 in
1392 5255 1566 5325 ignem
1592 5300 1606 5323 ,
1639 5258 1766 5312 nihil

179 5338 298 5389 mali
333 5353 521 5407 passus
551 5347 633 5392 est
660 5357 670 5392 :
697 5340 748 5393 6.
779 5340 850 5394 illi
873 5355 1001 5395 vero
1033 5344 1411 5398 existimabant
1441 5361 1562 5400 eum
1597 5347 1647 5401 in
1681 5359 1764 5402 tu-

179 5442 381 5480 morem
433 5430 855 5484 convertendum
884 5442 937 5486 et
975 5433 1151 5488 subito
1180 5451 1428 5489 casurum
1473 5451 1762 5494 mortuum.

185 5519 276 5571 Diti
303 5532 484 5574 autem
510 5520 611 5573 illis
641 5525 1062 5589 expectantibus,
1094 5536 1145 5580 et
1180 5527 1481 5582 \idcntibus
1529 5531 1658 5586 nihil
1688 5533 1766 5587 illi

184 5611 300 5662 inali
327 5609 594 5675 accidere,
630 5624 829 5667 mutata
860 5617 1145 5682 sententia,
1174 5617 1423 5673 dicebant
1457 5620 1625 5689 ipsum
1649 5639 1768 5678 esse

183 5699 354 5754 deum.
399 5721 415 5752 ι
451 5701 550 5766 Qui
596 5703 968 5760 existimabant
999 5707 1144 5761 illum
1178 5707 1242 5760 In
1280 5719 1527 5765 tumorem
1562 5729 1768 5767 convcr-

186 5793 403 5858 lJndum,
437 5793 485 5845 id
515 5802 616 5856 est,
647 5794 1056 5864 dirumpcndum
1085 5817 1096 5852 ε
1129 5800 1363 5854 ridentes
1392 5801 1457 5853 hi.
1488 5816 1609 5856 cum
1635 5805 1766 5857 nihil

1872 2767 1996 2820 mali
2021 2783 2256 2838 passum,
2281 2771 2464 2826 dicunt
2489 2789 2608 2830 esse
2629 2775 2809 2830 deum.
2831 2779 3037 2835 Rursus
3063 2797 3223 2852 supra
3249 2785 3464 2840 modum

1867 2860 2012 2914 illum
2048 2862 2330 2928 honorant,
2359 2880 2414 2920 ut
2440 2871 2607 2923 turba:
2639 2872 2743 2926 ilhc
2768 2875 2818 2926 in
2845 2875 3130 2946 Lycaonia.
3163 2881 3214 2933 7.
3250 2879 3315 2935 In
3339 2882 3464 2936 locis

1865 2962 2034 3006 autem
2080 2957 2254 3010 vicinis
2299 2971 2440 3012 erant
2496 2963 2690 3030 praedia
2736 2967 2981 3038 principis
3029 2970 3213 3024 insula:
3265 2975 3468 3027 nomine

1867 3045 2076 3111 Publii;
2109 3053 2194 3118 qui
2225 3069 2314 3105 nos
2340 3056 2640 3124 suscipiens,
2674 3060 2842 3112 triduo
2871 3078 2962 3114 nos
3011 3065 3222 3132 benigne
3245 3067 3466 3135 hospitio

1865 3142 2073 3209 recepit.
2121 3143 2258 3198 Ecce
2289 3147 2477 3200 iterum
2507 3149 2645 3202 alius
2671 3152 2948 3220 Ιιοερίιιιιίε
2980 3155 3199 3210 Publius
3231 3159 3383 3212 dives
3412 3170 3467 3214 et

1865 3232 2153 3300 opulentus
2181 3251 2193 3287 :
2225 3236 2313 3304 qui
2347 3253 2466 3290 cum
2501 3239 2630 3292 nihil
2658 3241 2876 3296 vidisset
2907 3285 2921 3309 ,
2955 3247 3046 3299 sed
3082 3247 3151 3301 ob
3173 3248 3341 3303 solam
3371 3265 3465 3303 ca-

1867 3323 2159 3379 lamitatem
2189 3327 2441 3382 misertus
2471 3330 2704 3396 illorum,
2734 3332 2966 3402 hospitio
2989 3340 3200 3408 excepit
3226 3350 3279 3393 et
3309 3339 3460 3396 fovit.

1865 3413 1918 3468 8.
1941 3415 2161 3487 Contigit
2190 3427 2375 3482 autem,
2398 3431 2592 3488 putrem
2622 3421 2797 3477 Publii
2819 3426 3037 3496 febribus
3064 3447 3125 3482 ac
3173 3431 3464 3502 dysenteria

1866 3519 2101 3560 vexatum
2129 3509 2426 3565 decumbere
2457 3528 2476 3566 .°
2501 3515 2569 3566 ad
2595 3531 2740 3584 quem
2776 3515 2969 3573 Paulus
2992 3522 3249 3590 ingressus
3278 3527 3462 3590 oravit,

1866 3600 2216 3667 impositisque
2241 3604 2321 3656 illi
2341 3605 2572 3659 manibus
2596 3610 2787 3662 curavit
2810 3626 2943 3662 eum.
2975 3612 3104 3676 Quia
3134 3613 3324 3683 dignus
3349 3627 3467 3671 erat

1869 3689 2151 3756 beneficio,
2190 3693 2357 3747 \‘icem
2390 3695 2463 3748 illi
2492 3695 2871 3763 hospitalitatis
2895 3702 3218 3769 rependens,
3253 3708 3464 3761 curavit

1868 3789 2100 3849 patrem.
2129 3784 2182 3839 9.
2226 3785 2339 3851 Quo
2389 3787 2545 3854 facta,
2591 3805 2762 3843 omnes
2799 3791 2964 3860 quiin
3004 3794 3175 3847 insula
3215 3795 3466 3851 habebant

1867 3873 2186 3938 inﬁrmitates
2209 3916 2222 3939 ,
2259 3878 2556 3932 accedebant
2606 3891 2650 3934 et
2696 3886 3006 3938 curabuntur
3036 3903 3054 3938 :
3087 3887 3169 3941 10.
3202 3889 3288 3958 qui
3313 3891 3464 3944 etiam

1868 3965 2039 4018 multis
2068 3967 2343 4021 honoribus
2371 3985 2460 4023 nos
2482 3971 2858 4026 honoraverunt
2884 4014 2898 4040 ,
2945 3985 2989 4028 et
3025 3977 3333 4032 solventibus
3369 3981 3466 4034 im-

1869 4067 2143 4123 posuerunt
2170 4075 2284 4128 qua:
2312 4063 2595 4114 necessaria
2626 4075 2768 4116 erant
2801 4080 2823 4117 :'
2847 4066 2895 4118 id
2936 4076 3019 4120 est
3045 4108 3057 4131 ,
3085 4076 3141 4122 et
3170 4071 3321 4124 nobis
3351 4072 3464 4125 solo

1869 4148 2114 4203 ventibus
2165 4154 2467 4207 necessaria
2505 4154 2772 4211 dederunt
2822 4167 2876 4212 ct
2917 4159 3055 4214 aliis.
3110 4161 3240 4217 Vide
3273 4163 3393 4219 illos
3433 4181 3466 4220 a

1871 4246 2187 4309 tempestate
2209 4244 2482 4311 liberatos,
2514 4263 2619 4301 non
2651 4249 2814 4303 fuisse
2838 4252 3111 4321 neglectos
3139 4270 3152 4318 ;
3184 4254 3277 4309 sed
3301 4257 3463 4311 etiam

1871 4341 2090 4400 propter
2120 4334 2340 4389 Paulum
2366 4337 2574 4392 liberali
2615 4339 2848 4410 hospitio
2879 4356 3158 4412 susceptos
3192 4367 3203 4400 :
3235 4361 3328 4415 per
3358 4357 3470 4403 tres

1868 4424 2012 4477 enim
2033 4441 2245 4481 menses
2260 4428 2513 4484 alimenta
2530 4433 2778 4487 omnibus
2795 4437 3132 4504 suppeditata
3149 4450 3290 4493 sunt.
3312 4441 3467 4508 Quod

1870 4516 2013 4570 enim
2061 4526 2261 4572 tantum
2296 4523 2549 4589 temporis
2579 4524 2649 4578 ibi
2681 4527 3015 4594 manserint,
3044 4529 3164 4583 audi
3197 4533 3471 4600 quomodo

1871 4619 2052 4677 postea
2085 4623 2266 4665 narret
2294 4628 2310 4666 :
2343 4614 2431 4668 11.
2471 4632 2488 4665 ι
2528 4615 2656 4669 Post
2687 4633 2902 4672 menses
2931 4630 3109 4674 autem
3152 4631 3293 4681 tres.
3320 4625 3468 4678 nmi-

1871 4700 2110 4768 gavimus
2141 4703 2191 4755 in
2226 4704 2348 4756 uari
2378 4705 2738 4761 Alexandrina
2765 4751 2780 4775 ,
2810 4726 2929 4779 qua:
2958 4711 3009 4764 in
3054 4712 3225 4767 insula
3258 4714 3464 4770 hiema-

1873 4802 2042 4858 verat,
2074 4793 2157 4846 cui
2189 4804 2302 4848 erat
2344 4795 2550 4866 insigne
2573 4799 2761 4853 Castor
2793 4811 2842 4856 et
2875 4802 3083 4856 Pollux.
3116 4805 3203 4859 lit.
3243 4807 3308 4860 Et
3336 4823 3462 4863 cum

1873 4885 2208 4940 venissemus
2233 4886 2547 4957 Syracusas,
2569 4893 2865 4947 mansimus
2894 4895 2962 4949 ibi
2994 4897 3188 4953 triduo.
3223 4900 3307 4954 l5.
3340 4901 3475 4956 lude

1873 4976 2321 5046 circumlegcntes
2365 4979 2679 5037 devenimus
2723 4983 2985 5054 Rhegium
3021 5003 3034 5036 :
3067 4999 3118 5040 ct
3153 4999 3273 5057 post
3303 5007 3475 5046 unum

1875 5068 2013 5122 diem
2044 5069 2205 5124 flante
2233 5083 2416 5125 austro
2445 5116 2457 5138 ,
2489 5076 2723 5128 secunda
2753 5077 2841 5130 die
2885 5081 3128 5133 ieiunius
3170 5083 3420 5137 Puteolos
3454 5103 3466 5137 :

1876 5162 1961 5214 H.
1999 5163 2083 5215 ubi
2115 5163 2344 5217 inventis
2375 5166 2638 5229 fratribus,
2673 5169 2838 5236 rogati
2867 5184 3052 5223 sumus
3082 5188 3299 5228 manere
3323 5178 3468 5244 apud

1874 5270 1966 5307 eos
2000 5264 2203 5323 septem
2232 5256 2376 5318 dies;
2403 5268 2456 5311 et
2487 5259 2561 5311 sic
2587 5261 2824 5314 venimus
2858 5262 3102 5317 Romam.
3141 5267 3226 5320 15.
3256 5266 3316 5319 Ει
3347 5267 3471 5322 inde

1875 5360 1993 5398 cum
2028 5347 2301 5401 audissent
2347 5347 2538 5402 fratres
2564 5390 2576 5410 ,
2612 5361 2968 5406 occurrerunt
3009 5355 3163 5408 nobis
3195 5372 3365 5426 usque
3401 5358 3474 5410 ad

1879 5439 2032 5507 Appii
2084 5439 2254 5492 forum
2302 5451 2354 5494 et
2396 5442 2531 5495 Tres
2581 5443 2853 5498 tabernas.
2888 5446 3033 5510 Quos
3080 5463 3200 5501 cum
3251 5451 3473 5504 vidisset

1876 5529 2092 5594 Paulus,
2121 5545 2282 5598 agens
2313 5532 2511 5599 gratias
2538 5533 2646 5586 Deo
2669 5577 2681 5597 ,
2729 5538 2933 5604 accepit
2967 5537 3236 5593 fiduciam.
3281 5559 3298 5591 ι
3335 5539 3472 5595 Vide

1875 5622 2144 5692 quomodo
2167 5633 2387 5692 propter
2412 5624 2633 5679 Paulum
2668 5627 2781 5681 hmc
2803 5628 2980 5682 omnia
3015 5630 3163 5696 liant,
3199 5641 3254 5684 ut
3279 5633 3472 5686 crede-

1875 5725 1992 5768 rent
2026 5715 2209 5780 vincti,
2255 5718 2486 5784 milites,
2520 5722 2783 5775 centurio.
2817 5721 2945 5775 Nam
2976 5726 3073 5776 etsi
3108 5725 3297 5793 lapidci
3342 5727 3470 5779 luis.

1875 5818 1991 5860 sent
2020 5851 2033 5875 ,
2068 5819 2118 5860 ct
2167 5825 2258 5877 per
2291 5826 2349 5863 ea
2379 5827 2495 5879 qua:
2533 5815 2906 5868 consulentem
2937 5816 3213 5870 audierant
3245 5860 3255 5883 ,
3290 5828 3339 5872 ct
3377 5837 3469 5886 μιν
