4072 6406
652 393 718 447 ’ἱδ
1307 383 1365 443 S.
1406 379 1677 438 JOANNlS
1713 366 2185 434 CllllYSOSTUMl
2228 367 2542 427 ARCUIEP.
2581 370 3109 430 CONSTANTINOP.

608 518 671 559 ea
698 521 804 573 qua
843 499 1157 572 prmdixerat
1182 538 1197 563 ,
1227 511 1428 567 perque
1469 490 1723 548 miracula
1751 504 1868 560 qua:
1899 496 2133 559 patrarat
2153 524 2171 551 ,

607 607 663 649 et
689 612 755 651 ex
780 592 1043 648 alimentis
1067 590 1170 645 sibi
1198 584 1563 658 suppeditatis,
1594 598 1785 652 magna
1822 581 1889 635 de
1922 579 2014 634 illo
2034 592 2168 633 con-

609 687 894 754 cepissent.
948 680 1079 736 Vide
1133 678 1345 749 quando
1392 684 1592 730 rectum
1627 672 1885 743 judicium
1932 680 2034 733 est.
2076 682 2179 723 nes

610 774 803 830 al'l‘ectu
856 780 1297 843 praeoccupatum,
1346 765 1611 838 quomodo
1661 764 1839 819 statim
1894 772 2063 818 rectas
2119 773 2176 815 et

611 865 863 936 probatas
887 864 1179 919 sententias
1206 859 1446 929 accipiat.
1492 855 1609 911 Jam
1642 857 1693 910 in
1732 852 1962 911 Siciliam
1991 866 2176 920 perve-

614 966 765 1012 nerat
783 953 1088 1025 praedicatio
1110 969 1126 1017 ;
1152 950 1260 1020 jam
1283 962 1449 1017 usque
1473 946 1724 1001 Puteolos
1755 945 2052 1013 pertigerat,
2087 940 2174 994 ubi

612 1047 839 1116 repertis
884 1042 1193 1114 quibusdam
1250 1039 1500 1093 fratribus
1553 1036 1690 1106 apud
1761 1033 1876 1087 illos
1937 1041 2173 1086 manent.

613 1134 814 1191 Deinde
844 1133 955 1197 alii,
976 1132 1110 1185 fama
1140 1128 1389 1201 permoti,
1420 1126 1550 1195 ipsis
1582 1129 1926 1179 occurrerunt
1956 1138 1968 1175 :
2000 1129 2177 1175 tantus

612 1234 726 1279 erat
770 1222 988 1278 fratrum
1036 1218 1275 1283 aﬂectus,
1323 1216 1415 1287 qui
1456 1230 1560 1271 non
1610 1212 1804 1269 turbati
1850 1220 1995 1277 sunt,
2035 1210 2176 1279 quod

611 1314 805 1367 Paulus
830 1321 974 1366 esset
998 1311 1053 1366 in
1077 1309 1327 1373 vinculis,
1359 1306 1453 1361 sed
1495 1305 1703 1361 obviam
1725 1309 2007 1357 venerunt.
2042 1300 2173 1354 Vide

615 1410 792 1456 autent
825 1401 970 1455 illum
1001 1400 1289 1454 humanum
1313 1396 1579 1469 quidpiam
1609 1408 1820 1463 passum
1846 1406 1985 1447 esse.
2010 1390 2177 1443 Fidu-

608 1492 759 1557 ciam,
787 1490 978 1561 inquit,
1007 1489 1196 1559 accepit
1216 1490 1386 1541 uidens
1406 1489 1602 1555 fratres.
1626 1482 1879 1550 Quamvis
1926 1489 2004 1535 tot
2027 1481 2174 1549 signa

615 1583 848 1646 fecisset,
877 1581 1079 1651 accepit
1120 1588 1297 1633 tamen
1328 1593 1391 1632 ex
1446 1585 1665 1645 aspeCtu
1696 1573 1902 1629 fiducia:
1928 1587 2179 1644 augmen.

613 1685 745 1729 tum.
781 1673 912 1727 Hinc
935 1672 1185 1727 discimus
1214 1670 1359 1724 illum
1381 1669 1611 1722 humano
1631 1667 1790 1721 etiam
1820 1680 1968 1720 more
1984 1678 2177 1720 conso-

612 1766 865 1820 lationem
890 1764 1159 1833 accepisse
1182 1803 1197 1827 ,
1228 1770 1283 1816 et
1311 1769 1519 1815 contra.
1546 1759 1634 1813 l6.
1672 1759 1800 1813 Cum
1828 1768 1991 1810 autem
2016 1757 2180 1810 vertis-

610 1874 775 1912 semus
804 1857 1016 1910 Romam
1043 1893 1061 1920 ,
1090 1854 1388 1921 permissum
1415 1860 1485 1904 est
1516 1848 1684 1903 Paulo
1724 1864 1925 1902 manere
1956 1863 2176 1901 seorsum

615 1964 727 2001 cum
754 1948 909 2000 milite
946 1962 997 1999 se
1023 1943 1347 1998 custodiente.
1376 1940 1605 1996 Viden’?
1633 1940 1947 2008 permissum
1969 1947 2051 1993 est
2078 1938 2176 2005 illi,

615 2045 672 2092 ut
691 2038 911 2091 seorsim
935 2044 1191 2090 maneret.
1220 2034 1335 2088 Non
1365 2047 1581 2102 parvum
1607 2040 1690 2085 est
1709 2038 1763 2084 et
1784 2031 1884 2084 hoc
1904 2044 2178 2100 argumeno

612 2140 720 2184 tum
746 2129 891 2182 illum
912 2130 962 2181 in
983 2142 1166 2195 magna
1182 2126 1531 2180 admiratione
1548 2122 1709 2178 fuisse
1730 2141 1754 2177 ι
1770 2138 1873 2176 non
1895 2123 2035 2177 enim
2055 2136 2176 2176 cum

612 2220 731 2273 aliis
758 2220 927 2284 ipsum
955 2216 1395 2271 annumerabant.
1441 2213 1567 2267 Post
1608 2221 1705 2266 tres
1729 2219 1895 2265 autem
1924 2210 2029 2265 dies
2053 2227 2177 2264 con-

609 2309 797 2362 vocavit
825 2306 1340 2376 primosJudazorum.
1371 2304 1497 2357 Post
1517 2302 1746 2356 triduum
1773 2301 2177 2370 accivitprimos

611 2399 912 2454 Judceorum
938 2439 953 2462 ,
988 2412 1053 2451 ne
1079 2411 1237 2451 aures
1282 2395 1494 2450 illorum
1539 2401 2058 2462 prmoecuparentur.
2110 2391 2175 2445 Et

611 2490 735 2559 quid
776 2504 1053 2545 commune
1083 2503 1200 2543 cum
1233 2486 1338 2540 illis
1361 2485 1582 2539 habuit?
1611 2499 1715 2537 non
1744 2485 1884 2538 enim
1914 2484 1988 2537 illi
2016 2498 2173 2538 accu-

610 2580 771 2633 saturi
806 2580 973 2650 ipsum
1002 2586 1171 2633 erant.
1206 2579 1274 2631 At
1300 2576 1389 2631 ille
1416 2591 1520 2629 non
1548 2575 1649 2630 hoc
1674 2575 1892 2629 curabat
1911 2616 1926 2638 ,
1950 2574 2043 2629 sed
2074 2575 2177 2631 hoc

609 2670 801 2725 docere
831 2671 1060 2735 volebat,
1092 2678 1147 2722 ut
1173 2684 1239 2723 ne
1268 2683 1331 2722 ex
1362 2666 1520 2721 dictis
1548 2666 1960 2722 offenderentur.

679 2762 735 2813 2.
768 2759 933 2813 Juda-i
963 2774 1090 2828 ergo
1122 2768 1195 2811 tot
1221 2756 1460 2812 videntes
1489 2756 1762 2819 miracula,
1793 2755 2179 2825 persequeban-

614 2860 718 2914 tur,
751 2850 1056 2918 pellebant;
1089 2846 1297 2901 barhat'i
1328 2860 1487 2909 vero,
1516 2846 1605 2914 qui
1637 2844 1766 2897 nihil
1796 2844 2072 2909 viderant,
2110 2861 2177 2899 ex

613 2940 724 2993 sola
756 2939 1053 2993 calamitate
1090 2935 1461 2991 misericordes
1490 2942 1662 2988 erant.
1700 2933 1939 3000 Omnino,
1968 2933 2173 3002 inquie-

614 3031 761 3093 bant,
780 3028 1028 3082 homicida
1052 3037 1125 3080 est
1157 3027 1237 3079 hic
1264 3027 1430 3079 homo.
1460 3023 1572 3078 Νοιι
1600 3023 1913 3092 simpliciter
1944 3038 2176 3091 pronun-

610 3119 743 3172 tiant
765 3161 781 3182 ,
813 3120 904 3172 sed
931 3160 947 3184 ,
978 3119 1219 3184 Omnino,
1250 3117 1471 3181 dicunt;
1500 3114 1554 3169 id
1582 3122 1663 3168 est
1686 3152 1703 3179 ,
1733 3122 1792 3166 ut
1821 3113 2001 3168 videre
2030 3114 2173 3167 licet.

618 3210 681 3263 Et
710 3212 833 3263 ultio
852 3252 865 3277 ,
899 3210 1174 3279 inquiunt,
1204 3210 1367 3276 ipsum
1395 3208 1555 3261 vivere
1578 3223 1679 3259 non
1706 3205 1843 3259 sinit.
1885 3204 2023 3274 Ergo
2053 3220 2180 3274 pro-

614 3300 862 3354 videntis.-
906 3301 1163 3353 rationem
1212 3299 1513 3363 habebant,
1561 3307 1614 3351 et
1658 3296 1824 3366 magis
1881 3294 2179 3365 philosophi

614 3397 760 3442 erant
781 3428 799 3452 ,
834 3403 991 3456 quam
1036 3388 1131 3455 ipsi
1176 3386 1494 3456 philoSOphi.
1540 3386 1601 3440 lli
1629 3387 1771 3441 enim
1796 3400 1859 3440 ea
1886 3427 1900 3450 ,
1932 3402 2051 3454 quae
2080 3385 2180 3439 sub

614 3477 734 3530 luna
768 3476 920 3539 ﬁunt,
946 3475 1271 3545 providentia
1300 3477 1396 3529 frui
1428 3491 1531 3530 non
1557 3481 1738 3530 sinunt
1762 3494 1776 3530 :
1808 3476 1880 3531 illi
1910 3490 2039 3531 vero
2066 3475 2181 3529 ubi-

611 3581 712 3634 que
743 3566 995 3634 putabant
1024 3566 1188 3620 Deum
1229 3581 1348 3620 esse
1378 3574 1692 3634 praesentem
1717 3606 1734 3633 ,
1780 3574 1833 3621 et
1875 3565 2015 3635 quod
2057 3565 2180 3621 licet

614 3655 777 3708 multa
808 3656 925 3723 quis
951 3654 1217 3725 effugerit,
1249 3670 1353 3709 non
1384 3670 1549 3725 usque
1576 3656 1627 3710 in
1656 3655 1813 3710 linem
1845 3664 2019 3709 tamen
2048 3654 2180 3711 effu-

614 3747 741 3813 giet.
778 3743 846 3798 Et
875 3744 1016 3810 vide,
1045 3743 1312 3813 quomodo
1332 3759 1436 3798 non
1466 3744 1741 3814 insurgant
1768 3744 1818 3798 in
1847 3743 1993 3797 illum
2020 3744 2184 3797 omni-

618 3851 725 3899 no,
772 3834 863 3888 sed
909 3843 1123 3903 propter
1152 3836 1506 3891 calamitatem
1550 3834 1760 3889 interim
1807 3842 2181 3899 revereantur;

620 3941 792 3994 neque
821 3926 910 3979 illa
948 3926 1253 3994 divulgant,
1285 3926 1374 3979 sed
1410 3926 1545 3979 inter
1570 3940 1629 3979 se
1664 3925 1879 3979 dicunt:
1914 3940 2033 3979 nam
2068 3926 2183 3979 vin-

615 4016 733 4069 cula
758 4015 891 4069 hanc
915 4015 1217 4083 iujiciebaut
1243 4015 1596 4084 suSpieionem
1624 4030 1637 4065 :
1664 4013 1821 4068 vincti
1848 4014 1988 4069 enim
2011 4023 2181 4069 erant.

618 4105 947 4159 Erubescant
975 4106 1008 4159 ii
1039 4106 1127 4174 qui
1155 4105 1363 4169 dicunt,
1396 4103 1471 4158 Ne
1516 4103 1815 4158 benefacias
1850 4103 1926 4158 eis
1950 4144 1965 4169 ,
2012 4104 2099 4173 qui
2132 4104 2182 4156 in

618 4198 922 4251 carceribus
965 4206 1120 4261 sunt;
1172 4196 1429 4266 pudorem
1474 4195 1629 4250 nobis
1666 4194 1887 4250 afferant
1930 4196 2182 4250 barbari:

625 4301 729 4340 non
758 4289 897 4340 enim
925 4287 1159 4342 sciebant
1186 4288 1398 4355 quinam
1424 4286 1499 4339 illi
1527 4297 1726 4351 essent,
1756 4286 1849 4341 sed
1878 4302 1943 4341 ex
1973 4288 2188 4341 calami-

621 4384 730 4429 tate
760 4376 898 4443 ipsos
920 4389 1038 4429 esse
1064 4375 1306 4429 homines
1336 4374 1667 4441 didicerunt;
1697 4376 1919 4445 ideoque
1945 4391 2060 4430 cum
2084 4377 2185 4431 lin-

624 4466 875 4539 manitate
902 4466 1021 4519 illos
1049 4473 1392 4534 exceperunt.
1430 4464 1651 4519 Multum
1690 4476 1854 4518 autem
1881 4466 1982 4519 illis
2008 4483 2185 4538 exspe-

618 4558 869 4611 ctantibus
897 4598 909 4621 ,
960 4558 1171 4627 inquit;
1226 4556 1276 4611 id
1324 4566 1447 4625 est,
1498 4557 1589 4611 diu
1639 4558 2017 4628 exspectabant
2065 4575 2184 4614 eum

626 4649 962 4701 moriturum.
1010 4647 1103 4702 llle
1131 4661 1253 4701 vero
1281 4648 1506 4702 bestiam
1535 4649 1767 4702 excussit
1797 4649 1847 4702 in
1880 4648 2051 4718 ignem
2076 4691 2091 4715 ,
2135 4659 2189 4705 et

624 4752 835 4789 manuni
867 4736 993 4790 nihil
1024 4752 1230 4806 passam
1261 4738 1591 4791 monstravit.
1644 4739 1755 4792 lloc
1796 4738 2032 4793 videntes
2075 4749 2186 4795 stu-

630 4824 819 4892 pefacti
845 4836 900 4879 et
923 4826 1093 4880 mirati
1122 4837 1262 4880 sunt.
1288 4826 1466 4897 Neque
1491 4829 1666 4881 statim
1692 4827 2082 4897 deprehensum
2110 4841 2190 4885 est

624 4914 832 4981 signum
858 4956 873 4978 ,
919 4916 1010 4969 sed
1038 4917 1359 4985 aliquamdiu
1390 4927 1769 4987 exspectarunt
1797 4919 2037 4975 homines
2061 4963 2077 4989 ,
2124 4938 2190 4976 ne

626 5000 897 5056 videretur
926 5003 1199 5072 phantasia
1227 5021 1345 5060 esse
1374 5023 1385 5057 ε
1420 5008 1497 5060 sic
1528 5022 1630 5060 non
1664 5016 1777 5062 erat
1806 5009 2007 5063 fallacia
2034 5052 2047 5074 ,
2081 5027 2188 5065 non

625 5093 787 5149 fraus.
830 5092 898 5147 In
928 5096 1098 5148 vicinis
1126 5105 1289 5149 autem
1320 5097 1443 5150 locis
1472 5108 1611 5150 erant
1637 5099 1829 5166 prtedia
1860 5101 2009 5167 primi
2050 5102 2191 5155 insu-

626 5184 708 5245 lw,
748 5186 949 5238 nomine
980 5184 1187 5238 Publii:
1213 5191 1296 5255 qui
1337 5204 1426 5241 nos
1464 5190 1763 5257 suscipiens,
1795 5190 2001 5259 benigne
2020 5194 2191 5260 [iaspi-

625 5274 694 5325 tio
738 5280 947 5343 excepit.
984 5276 1125 5329 Bene
1165 5278 1240 5330 sic
1287 5278 1515 5347 loquitur
1552 5297 1565 5332 :
1616 5280 1953 5350 benignitatis
1997 5284 2189 5353 quippe

630 5381 833 5435 magnae
874 5377 951 5419 est
978 5368 1230 5422 ducentas
1253 5372 1582 5439 septuaginta
1608 5374 1810 5426 animas
1837 5372 2064 5441 hospitio
2094 5390 2185 5428 ex-

626 5456 821 5521 cipere.
841 5455 1022 5524 Cogita
1048 5469 1295 5525 quantum
1322 5461 1391 5512 sit
1421 5460 1795 5529 hospitalitatis
1825 5463 2048 5515 lucrum.
2074 5462 2186 5516 Non

628 5544 765 5612 quod
797 5559 898 5599 nec
930 5550 1214 5603 necessitas
1243 5560 1401 5615 esset,
1436 5566 1607 5619 neque
1633 5552 1773 5620 quod
1804 5554 1995 5606 imitus
2030 5565 2185 5621 agat,

629 5635 722 5687 sed
748 5636 887 5701 quod
922 5638 1123 5690 lucrum
1155 5649 1298 5706 putet
1322 5682 1335 5704 ,
1380 5656 1472 5709 per
1502 5652 1609 5695 tres
1650 5642 1764 5696 dies
1803 5642 2031 5712 hospitio
2072 5645 2189 5698 illos

632 5728 853 5793 excepit.
903 5727 1129 5799 ldeoque
1176 5731 1289 5784 talis
1330 5731 1701 5802 hospitalitatis
1733 5737 2029 5791 mercedem
2069 5737 2189 5807 jure

3759 364 3875 422 316

2278 487 2504 553 seciplt,
2535 483 2643 540 imo
2666 485 2824 555 longe
2847 485 2993 539 dono
3017 483 3275 554 majorem
3302 501 3317 539 :
3358 499 3483 539 nam
3513 492 3717 555 patrem
3744 487 3872 553 ejus

2276 582 2425 629 curat
2446 588 2477 627 a
2497 574 2801 646 dysenteria
2825 576 2965 632 male
2988 575 3271 645 patientem
3295 589 3314 639 ;
3350 588 3451 629 nee
3472 574 3633 629 modo
3662 575 3871 644 ipsum,

2281 665 2374 721 sed
2405 665 2602 720 multos
2625 668 2785 721 etiam
2815 667 2949 722 alios
2968 668 3207 723 inﬁmos
3226 674 3407 732 curat,
3436 668 3527 737 qui
3557 667 3728 723 vicem
3772 682 3871 723 re-

2280 752 2516 824 pendunt
2537 754 2851 821 honoribus,
2872 766 3215 814 commeatu:
3242 756 3381 827 quod
3411 757 3496 811 hic
3520 756 3864 811 declaratur:

2282 843 2380 907 Qui
2408 844 2577 898 multis
2604 845 2877 900 honoribus
2901 862 2993 901 nos
3030 848 3324 916 prosequuti
3347 857 3463 901 sunt
3481 888 3495 911 ,
3542 856 3590 901 et
3622 846 3871 901 solventi-

2280 936 2369 989 bus
2394 936 2736 1006 imposuerunt
2760 953 2875 1007 qua!
2896 940 3178 994 necessaria
3201 947 3365 993 erant.
3400 938 3517 994 Non
3555 938 3868 994 mercedem

2280 1028 2514 1097 recepit,
2560 1028 2737 1094 absit;
2769 1028 2865 1084 sed
2896 1029 3148 1099 impletur
3176 1028 3227 1082 id
3258 1029 3399 1098 quod
3438 1030 3696 1099 scriptum
3736 1040 3821 1085 est
3848 1048 3865 1082 :

2280 1116 2481 1187 Dignus
2505 1128 2578 1172 est
2604 1120 2869 1188 cperarius
2892 1120 3003 1174 cibo
3026 1135 3117 1175 suo
3147 1117 3359 1190 (Matth.
3401 1119 3489 1174 ll).
3528 1119 3643 1189 {0).
3671 1120 3866 1175 Palam

2278 1218 2455 1264 autem
2496 1219 2578 1266 est
2607 1225 2701 1265 eos
2725 1251 2741 1277 ,
2788 1212 2877 1281 qui
2914 1212 2994 1267 sic
3035 1211 3183 1266 illum
3222 1219 3588 1280 exceperunt,
3630 1210 3865 1266 verbum

2280 1300 2669 1367 prtedicationis
2712 1302 2984 1370 accepisse
3011 1318 3027 1357 :
3054 1315 3226 1371 neque
3262 1302 3404 1355 enim
3438 1301 3695 1355 trimestri
3723 1311 3869 1355 tem-

2279 1403 2409 1457 pore
2439 1389 2810 1453 disseruisset,
2853 1391 2955 1444 nisi
2994 1390 3069 1445 illi
3098 1406 3221 1445 vere
3246 1389 3603 1445 credidissent
3646 1401 3698 1447 et
3745 1390 3869 1444 fru-

2277 1490 2419 1534 ctum
2444 1480 2832 1535 exhibuissent.
2854 1481 3030 1551 Itaque
3053 1480 3176 1534 hinc
3199 1480 3451 1535 indicium
3477 1491 3579 1544 est,
3604 1478 3868 1550 magnum

2281 1569 2445 1624 fuisse
2472 1570 2805 1630 credentium
2832 1586 3133 1627 numerum.
3166 1570 3231 1624 Et
3256 1571 3529 1634 solvimus,
3564 1573 3727 1639 inquit
3748 1610 3767 1635 ,
3804 1571 3866 1624 in

2280 1661 2396 1715 navi
2434 1660 2820 1728 Alexandrina,
2862 1678 2976 1733 qua
3017 1662 3319 1715 hiemaverat
3362 1661 3416 1714 in
3454 1661 3656 1725 insula,
3706 1661 3868 1729 cujus

2279 1752 2473 1822 insigne
2501 1751 2783 1805 Castorum.
2816 1751 2870 1805 ld
2900 1751 3124 1805 fortasse
3155 1751 3209 1805 in
3238 1751 3326 1805 illa
3356 1751 3556 1820 pictum
3596 1758 3751 1813 erat;
3785 1750 3865 1802 ita

2280 1849 2435 1896 erant
2468 1841 2625 1895 idolis
2662 1840 2850 1895 dediti.
2896 1839 3030 1895 Vitle
3068 1840 3189 1894 illos
3225 1855 3404 1894 moras
3444 1840 3752 1903 trahentes,
3803 1847 3867 1893 et

2279 1947 2487 1988 rursum
2519 1930 2852 1988 festinantes.
2885 1931 3052 1986 Paulo
3077 1940 3243 1985 autem
3271 1931 3567 2001 permissum
3593 1930 3689 1999 fuit
3716 1945 3866 1984 seor-

2277 2042 2388 2079 sum
2428 2040 2652 2079 manere.
2682 2025 2906 2080 Demum
2939 2023 3009 2077 ita
3039 2022 3360 2077 venerabilis
3388 2030 3503 2077 erat
3532 2022 3724 2077 Paulus
3748 2063 3765 2086 ,
3800 2031 3867 2078 ut

2278 2130 2520 2171 seorsum
2549 2130 2768 2171 manere
2798 2114 3215 2185 permitteretur.
3233 2112 3414 2182 Neque
3444 2112 3493 2167 id
3519 2114 3709 2167 mirum
3734 2121 3820 2167 est
3842 2128 3863 2166 :

2279 2220 2400 2259 nam
2428 2206 2471 2259 si
2498 2206 2723 2259 antehac
2756 2204 2981 2274 benigne
3007 2204 3151 2257 illum
3178 2208 3522 2271 exceperunt,
3550 2202 3717 2256 multo
3736 2216 3867 2256 ma-

2276 2294 2357 2364 gis
2384 2310 2546 2349 nunc.
2588 2293 2657 2347 Et
2693 2296 2849 2365 ﬂante
2876 2303 3047 2348 austro
3070 2332 3087 2358 ,
3120 2292 3329 2362 inquit,
3361 2292 3604 2359 postridie
3628 2294 3865 2348 venimus

2282 2387 2553 2451 Puteolos,
2600 2387 2684 2439 ubi
2724 2385 2936 2439 inventis
2979 2384 3256 2455 fratribus,
3297 2385 3463 2455 rogati
3500 2400 3672 2438 summ
3711 2385 3868 2452 apud

2275 2478 2390 2531 illos
2418 2493 2619 2530 manere
2643 2487 2827 2545 septem
2856 2477 3028 2530 diebus
3052 2491 3071 2529 :
3098 2486 3143 2528 et
3172 2476 3243 2529 sic
3271 2473 3489 2528 Romam
3514 2475 3757 2529 venimus.
3793 2473 3865 2527 Et

2275 2569 2392 2621 inde
2416 2578 2469 2620 ut
2496 2573 2676 2639 fratres
2700 2568 2969 2621 audierunt
2999 2569 3062 2622 de
3076 2567 3238 2631 nobis,
3260 2566 3486 2619 exierunt
3509 2566 3561 2620 in
3588 2582 3863 2620 occursum

2277 2659 2418 2712 nobis
2445 2675 2600 2728 usque
2625 2658 2693 2710 ad
2716 2658 2871 2728 Appii
2897 2663 3063 2729 forum
3088 2669 3132 2712 et
3157 2656 3281 2711 Tres
3310 2657 3558 2711 tabernas.
3586 2655 3738 2722 Quod
3765 2672 3866 2724 pe—

2278 2750 2501 2827 riculum
2546 2757 2843 2804 metuentes
2888 2749 3151 2813 exierint,
3196 2748 3279 2802 vel
3314 2747 3416 2803 hoc
3451 2748 3581 2802 satis
3622 2762 3718 2817 pro
3746 2749 3864 2801 illis

2276 2838 2524 2907 spondet.
2560 2838 2691 2893 Vide
2716 2839 2984 2909 quomodo
3011 2839 3061 2893 in
3094 2847 3237 2892 tanta
3270 2839 3603 2908 navigatione
3636 2838 3701 2892 ad
3731 2840 3863 2893 nul-

2276 2930 2380 2987 lam
2412 2931 2688 3001 appellunt
2715 2933 3005 2997 civitatem,
3038 2932 3131 2988 sed
3160 2931 3227 2986 ad
3256 2933 3515 2997 insulam;
3540 2941 3594 2987 et
3621 2932 3862 2989 hiemem

2277 3029 2441 3075 totam
2467 3023 2765 3093 transigunt
2791 3023 2843 3077 in
2868 3023 3204 3094 navigatione
3228 3039 3241 3075 :
3276 3022 3359 3076 bis
3385 3024 3454 3078 ita
3478 3023 3773 3094 dispositis,
3800 3033 3863 3079 ut

2278 3115 2366 3181 qui
2398 3112 2555 3164 simul
2584 3114 2940 3182 navigabant,
2972 3112 3037 3168 ad
3071 3112 3230 3168 fidem
3258 3113 3668 3169 deducerentur.
3718 3113 3859 3169 Per-

2279 3203 2485 3256 missum
2513 3211 2581 3255 est
2611 3203 2687 3268 ei,
2721 3204 2927 3273 inquit,
2967 3215 3019 3257 ut
3047 3214 3358 3275 permaneret
3387 3206 3523 3259 solus
3550 3222 3665 3260 cum
3695 3207 3864 3261 milite

2279 3293 2445 3361 ipsum
2468 3293 2796 3349 custodiente.
2838 3295 2904 3348 Et
2932 3304 3231 3363 opportune
3259 3306 3435 3360 certe,
3464 3305 3519 3349 ut
3548 3297 3743 3350 nemini
3792 3297 3863 3350 li-

2278 3392 2421 3437 ceret
2447 3384 2619 3451 ipsum
2643 3383 2847 3439 insidiis
2867 3393 3159 3453 appetere:
3190 3400 3361 3455 neque
3387 3386 3528 3440 enim
3556 3387 3709 3440 isthic
3732 3388 3867 3442 lice-

2279 3472 2369 3527 bat
2396 3466 2689 3527 seditiones
2719 3488 2957 3529 movere.
2987 3474 3170 3544 itaque
3194 3491 3300 3529 non
3330 3476 3474 3530 illum
3500 3476 3864 3545 custodiebat,

2280 3562 2372 3617 sed
2399 3563 2641 3629 curabat,
2675 3578 2742 3619 ne
2774 3564 2849 3618 illi
2880 3564 3077 3633 aliquid
3106 3566 3386 3619 molestum
3415 3565 3681 3621 accideret
3709 3583 3723 3620 :
3750 3583 3867 3622 non

2280 3654 2422 3708 enim
2463 3654 2657 3709 licebat
2702 3655 2752 3709 in
2798 3664 2941 3709 tanta
2970 3656 3215 3722 civitate,
3248 3656 3335 3711 ubi
3379 3656 3671 3726 Imperator
3706 3666 3867 3726 erat,

2282 3758 2437 3811 quem
2483 3745 2844 3814 appellaverat
2883 3744 3116 3811 Paulus,
3162 3746 3359 3815 aliquid
3396 3756 3588 3815 praeter
3613 3746 3867 3801 ordinem

2285 3833 2416 3887 fieri.
2466 3834 2541 3888 lta
2587 3849 2802 3904 semper
2845 3850 2939 3904 per
2965 3850 3063 3899 ea,
3105 3850 3223 3904 qum
3265 3836 3509 3891 videntur
3535 3846 3720 3891 contra
3762 3852 3872 3893 nos

2284 3938 2423 3991 esse,
2452 3939 2547 3993 pro
2571 3925 2725 3978 nobis
2756 3925 2934 3979 omnia
2964 3925 3097 3980 fiunt
3122 3942 3136 3978 :
3161 3936 3341 3981 custos
3371 3927 3511 3981 enim
3539 3928 3702 3983 Paulo
3722 3939 3869 3984 erat.

2285 4014 2350 4067 Et
2379 4014 2687 4069 convocatis
2721 4015 2903 4083 primis
2933 4013 3239 4070 Iudaeorum
3264 4058 3279 4082 ,
3306 4030 3427 4070 cum
3459 4017 3563 4071 illis
3600 4018 3821 4073 disserit
3852 4037 3870 4075 :

2284 4104 2371 4174 qui
2404 4114 2458 4159 et
2483 4104 2848 4172 contradicere
2873 4115 3146 4171 verentur,
3176 4115 3335 4176 atque
3363 4107 3429 4161 ab
3459 4107 3550 4162 illo
3579 4108 3873 4178 increpan-

2297 4204 2381 4248 tur
2409 4205 2463 4249 et
2510 4195 2641 4249 nihil
2670 4196 2867 4251 audent
2908 4195 3120 4261 dicere;
3154 4197 3283 4250 nihil
3334 4197 3477 4251 enim
3525 4196 3635 4266 jam
3675 4208 3874 4255 contra

2288 4282 2434 4336 illum
2468 4294 2671 4339 tentare
2723 4285 2916 4338 licebat
2946 4285 3067 4338 illis.
3116 4285 3228 4340 lloc
3262 4286 3405 4340 enim
3454 4286 3693 4341 mirabile
3743 4296 3869 4355 est,

2287 4374 2427 4443 quod
2480 4390 2582 4428 non
2643 4390 2737 4442 per
2798 4390 2894 4440 ea,
2935 4390 3052 4443 qua:
3106 4375 3353 4429 videntur
3396 4375 3461 4429 ad
3525 4378 3873 4434 securitatem

2286 4465 2553 4530 conferre,
2594 4465 2686 4520 sed
2737 4480 2831 4535 per
2875 4468 3138 4521 contraria
3184 4484 3279 4537 pro
3319 4467 3473 4523 nobis
3508 4470 3683 4523 omnia
3716 4470 3872 4526 fiant.

2288 4556 2437 4622 Quod
2493 4568 2551 4610 ut
2606 4557 2807 4622 discas,
2881 4557 3003 4612 hinc
3054 4559 3349 4628 perpende.
3418 4561 3587 4615 Jussit
3658 4561 3877 4619 Pharao

2290 4664 2485 4717 pueros
2518 4650 2569 4701 in
2600 4647 2795 4702 ﬂumen
2822 4648 3037 4717 conjici.
3059 4648 3167 4703 Nisi
3194 4650 3414 4718 projecti
3442 4651 3664 4706 fuissent
3692 4654 3875 4722 pueri,

2288 4740 2388 4793 nisi
2421 4739 2471 4792 id
2496 4739 2743 4807 jussisset
2767 4740 2995 4803 Pharao,
3024 4753 3127 4794 non
3156 4749 3398 4795 servatus
3426 4741 3612 4796 fuisset
3636 4742 3875 4813 Moyses,

2289 4846 2393 4885 non
2418 4832 2470 4884 in
2494 4832 2636 4900 regia
2650 4830 2925 4886 educatus.
2956 4830 3090 4886 Cum
3107 4832 3441 4900 servabatur,
3474 4834 3641 4889 nonin
3666 4834 3880 4892 honore

2290 4928 2435 4985 erat;
2466 4936 2584 4974 cum
2616 4921 2888 4989 expositus
2920 4922 3051 4986 fuit,
3092 4931 3202 4976 tum
3245 4923 3294 4975 in
3340 4922 3547 4979 honore
3591 4923 3709 4978 fuit.
3758 4926 3880 4982 Hoc

2291 5025 2421 5065 vero
2469 5011 2698 5064 faciebat
2742 5011 2883 5065 Deus
2908 5053 2922 5076 ,
2970 5023 3025 5065 ut
3056 5024 3108 5078 et
3142 5015 3429 5082 potentiam
3460 5024 3515 5069 et
3555 5016 3876 5084 sapientiam

2293 5114 2439 5155 suam
2482 5102 2808 5156 ostenderet.
2834 5102 3057 5157 Minatus
3084 5114 3164 5157 est
3192 5103 3409 5159 Iudaeus
3428 5146 3442 5171 ,
3473 5105 3655 5160 dicens
3684 5121 3697 5157 :
3731 5107 3878 5163 Nam

2292 5192 2515 5245 occidere
2543 5210 2619 5244 me
2645 5192 2716 5244 vis
2748 5191 2937 5261 (Exod.
2968 5194 3021 5246 2.
3053 5194 3138 5263 l4)
3159 5194 3181 5247 ?
3206 5207 3260 5249 et
3288 5195 3391 5250 hoc
3419 5196 3490 5249 illi
3521 5196 3736 5266 profuit.
3772 5200 3880 5253 Ita-

2291 5302 2392 5355 que
2438 5302 2504 5341 ex
2553 5284 2887 5356 providentia
2936 5287 3128 5341 factum
3176 5297 3298 5352 est,
3342 5297 3399 5341 ut
3434 5288 3693 5346 visionem
3726 5291 3873 5347 illam

2294 5376 2493 5430 videret
2534 5376 2585 5429 in
2627 5375 2871 5441 deserto,
2915 5386 2971 5429 ut
3013 5387 3221 5447 tempus
3262 5393 3562 5448 congruens
3618 5382 3877 5450 implere-

2292 5476 2397 5531 tur,
2433 5476 2487 5520 ιιι
2516 5466 2981 5535 philosopharetur
3012 5470 3064 5522 in
3095 5470 3403 5533 solitudine,
3434 5480 3487 5523 et
3511 5484 3701 5525 secure
3729 5474 3877 5528 vive-

2292 5568 2392 5612 ret.
2416 5556 2482 5612 Et
2509 5558 2559 5610 in
2584 5557 2832 5610 omnibus
2853 5572 2970 5627 quae
2997 5574 3025 5612 a
3051 5558 3249 5613 Judaeis
3268 5561 3365 5629 ipsi
3390 5571 3642 5631 parantur
3668 5563 3887 5623 insidiis

2294 5648 2521 5717 idipsum
2555 5648 2648 5701 lit:
2702 5656 2826 5701 tunc
2856 5648 3052 5703 clarior
3076 5649 3343 5705 eflicitur:
3378 5662 3434 5706 ut
3474 5656 3632 5707 edam
3675 5660 3876 5709 Aaron‘t

2293 5739 2535 5810 contigit.
2569 5737 2982 5796 insurrexerunt
3016 5742 3065 5797 in
3102 5742 3271 5811 illum,
3301 5753 3354 5799 et
3378 5744 3659 5801 clariorem
3691 5746 3878 5801 reddi-
