4072 6400
186 360 293 415 375

172 477 377 546 έδραμε
408 475 505 528 καὶ
547 476 605 528 ἐν
633 474 937 540 Ποτιόλοις,
960 473 1090 528 ἔνθα
1115 474 1210 527 καὶ
1231 474 1498 543 ἀδελφούς
1527 477 1882 547 τιναςεῦρόν·

171 577 264 623 τες
294 561 619 629 ἐπιμένουσι
653 559 785 630 παρ’
815 560 1021 623 αὐτοῖς.
1050 555 1183 612 Εἶτα
1206 561 1302 612 καὶ
1335 559 1485 613 ἄλλοι
1509 562 1650 614 κατά
1688 562 1878 632 φήμην

170 645 360 705 αὐτοῖς
397 642 706 696 ἀπαντῶσι·
731 642 971 714 τοσαύτη
994 640 1064 714 ῆν
1089 645 1123 714 ὴ
1153 645 1434 714 προθυμία
1465 644 1575 697 τῶν
1604 645 1874 713 ἀδελφῶν,

169 727 252 779 ὅτι
284 729 388 780 οὑκ
420 726 764 798 ἐθορύϐησεν
789 729 987 790 αὐτοὺς
1006 728 1067 778 τὸ
1098 729 1157 780 ἐν
1181 727 1405 798 δεσμοῖς
1430 723 1572 780 εἶναι
1602 729 1694 780 τὸν
1724 728 1880 782 Παῦο

168 809 260 864 λον
285 822 336 874 ι,
382 810 498 863 ἀλλ’
531 810 760 882 ἐξῆλθον
794 813 873 874 εἰς
918 811 1248 880 ἀπάντησιν.
1300 811 1446 880 Ὅρα
1485 809 1541 862 δέ
1576 827 1668 881 μοι
1713 809 1877 862 αὑτὸν

169 895 265 946 καὶ
290 893 638 964 ἀνθρώπινόν
659 911 712 946 τι
739 893 1002 948 παθόντα.
1035 892 1274 961 Θάρσος
1291 893 1422 962 7&9,
1447 893 1635 962 φησὶν,
1658 892 1880 946 ἐλαϐεν

171 975 318 1030 ιδὼν
366 977 512 1042 τοὺς
556 975 886 1045 ἀδελφούς.
927 975 1119 1028 Καίτοι
1164 975 1407 1029 τοσαῦτα
1457 977 1660 1044 σημεῖα
1707 975 1878 1044 ἐργα-

170 1061 433 1130 σάμενος,
481 1060 597 1114 ἀλλ’
626 1062 781 1131 ὅμως
823 1059 981 1113 ἔλαϐε
1014 1059 1110 1112 καὶ
1148 1059 1258 1112 ἀπὸ
1284 1060 1387 1128 τῆς
1415 1058 1592 1126 ὅψεως
1628 1057 1877 1129 προσθή-

169 1159 296 1214 κην.
367 1143 504 1196 Ἀπὸ
556 1144 753 1196 τούτου
805 1141 1184 1213 μανθάνομεν,
1233 1140 1316 1193 ὅτι
1363 1139 1727 1210 ἀνθρωπίνως
1782 1141 1878 1193 καὶ

167 1225 564 1294 παρεκαλεῖτο,
589 1225 685 1278 καὶ
711 1226 1044 1279 τούναντίον.
1073 1225 1214 1277 Ὅτε
1234 1224 1304 1277 δὲ
1329 1223 1600 1292 ἤλθομεν
1620 1226 1710 1289 είς
1744 1221 1878 1277 Ῥώο

161 1326 314 1378 μην,
368 1309 680 1377 ἐπετράπη
725 1308 807 1375 τῷ
847 1309 1066 1374 Παύλῳ
1094 1307 1307 1376 μένειν
1340 1306 1471 1362 καθ’
1501 1307 1725 1361 ἑαυτὸν
1753 1307 1878 1361 σὺν

166 1391 251 1457 τῷ
270 1393 666 1461 φυλάσσοντι
687 1392 876 1446 αὑτὸν
895 1391 1249 1460 στρατιώτῃ.
1288 1393 1489 1463 Ὀρᾷςς
1516 1391 1875 1463 συνεχωρήθη

167 1474 322 1544 αὐτῷ
344 1475 470 1527 καθ’
494 1475 688 1529 ἐαυτὸν
719 1475 922 1546 μένειν.
947 1476 1020 1529 Οὐ
1043 1475 1243 1546 μικρὸν
1273 1475 1369 1528 καὶ
1391 1476 1554 1529 τοῦτο
1574 1479 1878 1548 τεκμήριον

166 1557 264 1610 τοῦ
299 1557 446 1610 πάνυ
484 1556 871 1630 θαυμασθῆναι
905 1557 1089 1611 αὐτόν·
1134 1559 1197 1612 οὐ
1231 1557 1342 1629 7&9
1371 1558 1437 1629 δὴ
1469 1559 1610 1629 μετά
1643 1559 1751 1612 τῶν
1780 1560 1878 1614 άλ-

167 1639 280 1694 λων
317 1641 594 1711 ήρίθμουν
632 1641 818 1694 αὐτόν.
869 1640 1143 1710 Ἐγένετο
1173 1640 1242 1693 δὲ
1274 1641 1428 1710 μετὰ
1460 1640 1619 1708 τρεῖς
1652 1641 1880 1710 ἡμέρας

168 1721 680 1792 συγ-καλέσασθαι
730 1722 920 1776 αὑτὸν
957 1722 1103 1786 τοὺς
1148 1722 1331 1787 ὄντας
1381 1720 1502 1776 τῶν
1571 1722 1882 1778 Ἰουδαίων

170 1807 468 1876 πρώτους.
511 1806 671 1859 Μετά
709 1808 860 1877 τρεῖς
902 1805 1123 1875 ἡμέρας
1164 1805 1396 1858 ἐκάλεσε
1447 1806 1577 1868 τοὺς
1627 1806 1880 1876 πρώτους

168 1891 282 1945 τῶν
325 1890 623 1952 Ἰουδαίων,
656 1889 800 1944 ὥστε
836 1889 910 1960 μὴ
938 1889 1321 1960 προληφθῆναι
1350 1888 1530 1942 αὐτῶν
1559 1887 1660 1951 τὰς
1685 1887 1876 1951 ἀκοάς.

170 1974 284 2026 Καὶ
329 1974 382 2026 τί
431 1973 613 2025 κοινὸν
648 1973 790 2044 πρὸς
837 1973 1079 2036 ἐκείνους
1123 1968 1307 2041 εἶχενς
1340 1970 1402 2024 ού
1453 1970 1562 2041 γάρ
1600 1971 1666 2024 ἀν
1720 1970 1880 2022 αὐτοὶ

171 2057 400 2127 ἔμελλον
455 2057 865 2126 κατηγορήσειν
916 2056 1105 2110 αὑτοῦ.
1175 2056 1317 2109 Ἀλλ’
1376 2057 1528 2126 ὅμως
1575 2057 1637 2108 οὐ
1686 2054 1878 2108 τούτου

172 2139 517 2211 ἐφρόντιζεν,
541 2138 680 2192 ἀλλά
713 2139 874 2193 τοῦτο
901 2139 1110 2204 διδάξαι
1136 2139 1234 2193 καὶ
1259 2139 1335 2210 μὴ
1367 2138 1673 2210 προστῆναι
1695 2138 1880 2194 αὐτοῖς

171 2223 242 2276 τὰ
269 2223 564 2292 λεγόμενα.

246 2310 311 2380 β’.
351 2312 417 2363 Οί
461 2311 564 2379 μὲν
599 2306 695 2362 οὖν
745 2309 994 2364 Ἰουδαῖοι
1030 2312 1270 2364 τοσαῦτα
1315 2311 1554 2382 δρῶντες
1594 2309 1875 2378 θαύματα,

172 2399 423 2463 ἐδίωκον,
455 2398 692 2468 ἤλαυνον
714 2415 726 2426 ·
753 2399 802 2450 οἰ
832 2398 887 2451 δὲ
912 2398 1183 2470 βάρϐαροι
1203 2400 1358 2452 οὐδὲν
1383 2397 1739 2468 θεασάμενοι,
1772 2397 1881 2450 ἀπὸ

175 2482 347 2552 μόνης
376 2481 474 2550 τῆς
507 2483 798 2552 συμφορᾶς
830 2482 1206 2553 φιλάνθρωποι
1227 2478 1392 2554 ἦσαν.
1423 2480 1695 2546 Πάντως,
1722 2481 1877 2550 φησί,

170 2571 400 2638 φονεύς
441 2571 616 2622 ἐστιν
663 2572 697 2624 ό
737 2569 1052 2638 ἅνθρωπος
1102 2565 1303 2636 οὗτος.
1349 2571 1464 2639 Ούχ
1499 2568 1690 2631 ἁπλῶς
1741 2569 1880 2621 ἀπο-

175 2659 489 2727 φαίνονται,
528 2657 687 2721 ἀλλὰ,
717 2657 983 2724 πάντως,
1009 2659 1176 2726 φασί·
1209 2658 1517 2721 τουτέστιν,
1560 2657 1636 2719 ὡς
1668 2656 1881 2709 ἔνεστιν

176 2746 326 2797 ἰδεῖν.
360 2743 472 2797 Καὶ
505 2745 542 2811 ἡ
578 2743 742 2810 δίκη,
777 2745 932 2813 φησί,
971 2743 1080 2812 ζῇν
1116 2745 1229 2799 οὐκ
1262 2744 1439 2798 alam:
1469 2743 1679 2797 αὐτόν.
1734 2744 1882 2813 ’Ἄρα

171 2831 384 2884 καὶτὸν
411 2832 540 2900 περί
578 2831 840 2900 προνοίας
867 2832 1022 2900 λόγον
1059 2828 1228 2902 εἰχον,
1259 2833 1355 2886 καὶ
1379 2831 1562 2901 πολλῷ
1591 2831 1700 2883 τῶν
1731 2831 1882 2900 φιλο-

175 2921 362 2990 σόφων
393 2917 537 2976 οῦτοι
571 2923 620 2974 οἰ
652 2921 919 2992 βάρϐαροι
958 2922 1390 2992 φιλοσοφώτεροι
1419 2919 1740 2990 ἐτύγχανον.
1770 2919 1880 2972 Αύ-

173 3012 260 3064 τοὶ
289 3011 393 3081 μὲν
421 3011 531 3081 7&9
559 3011 662 3064 οὐκ
692 3013 889 3079 ἀφιᾶσι
927 3011 1190 3082 προνοίας
1231 3011 1534 3064 ἀπολαύειν
1561 3010 1631 3062 τὰ
1652 3009 1760 3061 ὑπὸ
1793 3025 1883 3061 σε-

174 3097 370 3169 λήνην·
405 3100 455 3151 oi
484 3099 542 3152 δὲ
572 3099 855 3169 πανταχοῦ
888 3100 1170 3170 νομίζουσι
1204 3103 1464 3171 παρεῖναι
1488 3099 1579 3152 τὸν
1611 3097 1766 3161 Θεὸν,
1790 3098 1886 3149 καί.

172 3189 282 3250 ὅτι,
315 3187 420 3240 κᾶν
456 3186 628 3240 πολλά
655 3204 742 3250 τις
772 3186 1012 3258 διαφύγῃ
1040 3229 1055 3252 ,
1091 3187 1150 3240 οὐ
1194 3185 1551 3254 διαφεύξεται
1587 3187 1668 3247 εἰς
1703 3185 1879 3248 τέλος.

175 3278 292 3332 Καὶ
335 3276 459 3346 δρα,
501 3277 622 3340 πῶς
673 3277 774 3328 οὐκ
812 3276 1150 3330 ἐπιτίθενται
1200 3275 1396 3337 διόλου,
1443 3275 1560 3328 ἀλλ’
1608 3273 1884 3328 αἰδοῦνται

173 3363 318 3426 τέως
348 3363 436 3416 διὰ
459 3363 559 3433 τὴν
585 3363 879 3433 συμφοράν
897 3377 909 3389 '
937 3364 1059 3416 ούδέ
1083 3364 1555 3434 ἐκπομπεύουσιν,
1584 3363 1720 3416 ἀλλά
1746 3363 1885 3431 πρὸς

175 3450 448 3519 ἀλλήλους
478 3451 735 3520 λέγουσι·
772 3451 840 3504 τά
885 3453 994 3524 γάρ
1032 3452 1210 3522 δεσμά
1228 3451 1398 3504 ττοῦτο
1429 3451 1716 3504 ἐδίδασκεν
1753 3451 1887 3502 ὑπο-

178 3540 437 3593 πτεύειν·
472 3540 654 3593 καίτοι
694 3539 977 3609 δεσμῶται
1014 3535 1176 3609 ἦσαν.
1223 3538 1683 3608 Αἰσχυνέσθωσαν
1716 3537 1766 3589 οἰ
1799 3536 1886 3589 λέ-

177 3645 398 3697 γοντες,
427 3629 520 3698 Μὴ
540 3624 600 3681 εὖ
625 3627 770 3680 ποίει
799 3628 926 3690 τοὺς
950 3629 1010 3680 ἐν
1033 3629 1156 3690 ταῖς
1181 3627 1474 3694 φυλακαῖς·
1503 3623 1887 3695 αἰσχυνθῶμεν

177 3717 309 3780 τοὺς
343 3716 680 3788 βαρϐάρους·
712 3715 772 3767 οὐ
797 3713 907 3786 7&9
937 3714 1137 3785 ήδεσαν
1166 3714 1312 3777 τίνες
1341 3709 1482 3784 ἦσαν
1513 3715 1736 3776 ἐκεῖνοι,
1770 3711 1886 3765 ἀλλ’

178 3805 292 3858 ἀπὸ
317 3804 418 3873 τῆς
452 3805 745 3875 συμφορᾶς
767 3803 925 3867 τέως,
952 3803 1034 3855 ὅτι
1058 3802 1337 3872 ἄνθρωποι
1359 3797 1523 3872 ἦσαν,
1555 3799 1885 3870 ἐμάνθανον·

178 3892 264 3946 διὸ
295 3893 394 3946 καὶ
425 3891 841 3962 φιλανθρωπίας
870 3890 1114 3961 ἠξίωσαν
1158 3890 1377 3953 αὐτούς.
1434 3891 1562 3944 Ἐπὶ
1598 3890 1759 3943 πολὺ
1795 3889 1884 3952 δὲ,

182 3980 343 4051 φησὶ,
379 3978 860 4050 προσδοκώντων
884 3979 1106 4042 αὐτῶν,
1134 3980 1439 4041 τουτέστιν,
1465 3978 1542 4042 ὡς
1566 3976 1734 4030 πολὺν
1755 3978 1888 4047 χρό-

180 4087 275 4124 νον
305 4069 578 4141 ἀνέμενον
612 4069 1027 4124 ἀποθανεῖσθαι.
1068 4071 1125 4124 Ὀ
1150 4070 1206 4121 δὲ
1242 4070 1304 4122 τό
1334 4086 1391 4122 τε
1426 4068 1616 4140 θηρίον
1648 4069 1890 4133 ἐξετίνα-

183 4158 278 4224 ξεν
313 4157 483 4222 είς’τδ
519 4157 656 4228 πῦρ,
705 4159 800 4211 καὶ
839 4159 939 4230 τὴν
970 4161 1128 4230 χεῖρα
1168 4158 1339 4222 ἔδειξε
1374 4158 1654 4211 παθοῦσαν
1698 4157 1884 4228 μηδέν.

183 4245 362 4304 Τοῦτο
416 4245 620 4309 ἰδόντες
659 4247 757 4299 καὶ
806 4245 1195 4316 ἐξεπλάγησαν
1243 4247 1339 4298 καὶ
1379 4244 1724 4315 ἐθαύμασαν.
1774 4245 1892 4298 Οὐκ

183 4335 411 4404 ἐγένετο
443 4335 502 4388 δέ
530 4335 592 4388 τὺ
627 4338 858 4406 σημεῖον
914 4334 1101 4398 εὐθὺς,
1133 4334 1271 4388 άλλά
1304 4333 1382 4404 τῷ
1413 4333 1592 4404 χρόνῳ
1626 4333 1890 4403 ἐνδιέτρι-

181 4423 295 4494 ψαν
316 4425 369 4476 οί
400 4421 703 4493 ἄνθρωποι,
733 4419 876 4476 ὥστε
917 4423 992 4492 μὴ
1024 4421 1173 4486 δόξαι
1205 4420 1512 4491 φαντασίας
1543 4419 1695 4491 [4071
1727 4416 1888 4472 εἶναι·

181 4509 364 4577 οὓτως
396 4509 499 4564 οὐκ
536 4505 605 4582 ἦν
636 4511 844 4580 ἀπάτη,
892 4511 994 4562 οὐκ
1022 4505 1090 4580 ἦν
1128 4511 1479 4578 συναρπαγή.
1528 4509 1631 4562 Ἐν
1663 4508 1731 4560 δὲ
1766 4508 1892 4571 τοῖς

182 4600 320 4667 περὶ
348 4597 459 4652 τὸν
490 4600 680 4652 τόπον
705 4598 942 4652 ἐκεῖνον
965 4596 1204 4666 ὑπῆρχε
1231 4597 1414 4666 χωρία
1443 4596 1523 4661 τῷ
1545 4597 1754 4664 πρώτῳ
1781 4594 1890 4663 τῆς

183 4688 412 4758 νήσου,
463 4687 712 4756 ὀνόματι
770 4686 1046 4749 Ποπλίῳ·
1097 4686 1167 4752 ὃς
1228 4684 1683 4754 ἀναδεξάμενος
1728 4684 1891 4754 ἡμᾶς

184 4776 574 4844 φιλοφρόνως
593 4774 853 4838 ἐξένισε.
881 4772 1078 4837 Καλῶς
1105 4772 1279 4836 οὕτως
1306 4769 1451 4825 εἷπε·
1483 4772 1889 4844 φιλοφροσύνης

185 4863 296 4934 γάρ
329 4863 600 4934 μεγάλης,
634 4863 918 4926 διακοσίας
947 4862 1328 4932 ἐϐδομήκοντα
1358 4861 1421 4913 τὸ
1449 4862 1656 4924 ξενίσαι
1686 4862 1886 4932 ψυχάς.

197 4952 490 5022 Ἐννόησον
511 4952 610 5018 τῆς
632 4949 937 5019 φιλοξενίας
959 4952 1086 5003 ὅσον
1109 4951 1169 5002 τὸ
1189 4950 1400 5019 κέρδος·
1426 4951 1526 5019 οὐχ
1544 4949 1620 5012 ὡς
1642 4951 1891 5020 ἀνάγκης

186 5038 356 5108 οὔσης
388 5038 512 5091 οὐδὲ
540 5038 616 5102 ὼς
655 5038 827 5102 άκων,
860 5039 973 5090 ἀλλ’
1022 5039 1098 5101 ὡς
1135 5039 1328 5108 κέρδος
1373 5038 1694 5108 τιθέμενος,
1740 5042 1891 5109 τρεῖς

187 5128 405 5198 ἡμέρας
441 5125 683 5189 ἐξένισεν
713 5126 928 5189 αὐτούς.
978 5127 1070 5180 Διὸ
1108 5127 1203 5179 καὶ
1233 5127 1471 5198 ἀμοιϐὴν
1497 5129 1597 5198 τῆς
1633 5127 1892 5197 τοιαύτης

188 5209 501 5279 φιλοξενίας
521 5210 750 5272 εἰκότως
772 5209 1060 5278 λαμϐάνει,
1077 5211 1170 5264 καὶ
1193 5210 1374 5281 πολλῷ
1394 5210 1619 5282 μείζονα
1639 5210 1670 5281 ἢ
1697 5211 1887 5262 έδωκε·

188 5299 279 5352 τὸν
307 5298 420 5370 7&9
444 5299 662 5370 πατέρα
683 5295 850 5350 αὐτοῦ
872 5296 1168 5366 θεραπεύει
1190 5299 1295 5352 ὑπὸ
1317 5299 1672 5369 δυσεντερίας
1701 5299 1890 5360 κακῶς

191 5387 496 5456 πάσχοντα·
527 5387 589 5438 ού
625 5385 788 5455 μόνον
815 5385 873 5438 δέ
908 5386 1091 5447 αὑτὸν,
1113 5387 1251 5441 άλλά
1276 5387 1373 5440 καὶ
1404 5387 1637 5449 πολλοὺς
1666 5387 1891 5456 ἔχοντας

189 5474 480 5537 ἀσθενείας
510 5475 622 5528 τῶν
653 5474 834 5527 αὐτῶν
863 5475 1032 5541 ἀξιοῖ·
1064 5475 1125 5528 ὃν
1154 5476 1250 5528 καὶ
1288 5476 1672 5548 ἀμειϐόμενοι,
1705 5477 1892 5544 τιμαῖς

190 5564 352 5618 αὐτὸν
398 5563 496 5617 καὶ
527 5563 822 5633 χορηγίαις
851 5562 1176 5633 δωροῦνται.
1228 5565 1401 5618 Τοῦτο
1438 5566 1495 5618 δὲ
1529 5565 1689 5636 δῆλον
1720 5567 1892 5619 ποιῶν

194 5653 426 5722 ἐπάγει·
465 5651 535 5705 ΟΖ
569 5651 670 5704 καὶ
711 5651 975 5717 πολλαῖς
1001 5653 1196 5722 τιμαῖς
1234 5654 1534 5723 ἐτίμησαν
1563 5654 1724 5724 ἡμᾶς
1745 5694 1759 5718 ,
1790 5653 1892 5707 καί

194 5738 597 5810 ἀναγομένοις
644 5738 931 5794 ἐπέθεντο
977 5738 1050 5794 τὰ
1105 5741 1256 5811 πρὸς
1296 5741 1412 5810 τὴν
1457 5743 1690 5812 χρείαν.
1748 5741 1885 5811 Οὐχὶ

255 6012 280 6040 ⁸
305 6007 504 6068 Verbis,
547 6004 779 6062 αὐτοὺς...
809 6006 1021 6069 Παῦλον,
1043 6007 1247 6060 carebat
1271 6007 1445 6059 Morel.

531 6098 806 6158 PATROL.
856 6096 971 6157 Gn.
1021 6097 1147 6158 LX.

1227 355 1520 412 IN'ACTA
1585 353 2144 433 Αῐδοετοιοβωι,
2201 357 2442 415 HOMIL.
2487 357 2616 414 LIV.

3597 358 3701 413 376

1999 474 2196 543 μισθὸν
2211 474 2396 538 ἔλαϐε,
2424 477 2501 546 μὴ
2525 474 2740 542 γένοιτο
2761 493 2772 506 ·
2797 475 2936 528 άλλά
2959 474 3020 528 τὸ
3039 471 3433 546 γεγραμμένον
3458 473 3701 544 πληροῦ-

1990 574 2114 610 ται·
2153 559 2349 625 Ἄξιος
2375 562 2407 612 ό
2433 557 2690 628 ἐργάτης
2716 559 2827 626 τῆς
2867 558 3098 628 τροφῆς
3119 558 3311 612 αὐτοῦ
3333 557 3526 610 ἐστιν.
3556 559 3618 609 Οἱ
3646 557 3702 609 δὲ

1985 639 2165 708 οὕτως
2201 643 2404 706 αὐτοὺς
2434 642 2856 713 ὑποδεξάμενοι,
2900 640 3127 712 εθδηλον
3154 642 3237 694 ὅτι
3277 641 3372 693 καὶ
3413 640 3503 693 τὸν
3542 640 3704 707 λόγον

1981 725 2233 788 ἐδέξαντο
2259 725 2353 779 τοῦ
2380 725 2763 797 κηρύγματος·
2783 726 2848 778 ού
2869 725 2982 796 γὰρ
3006 725 3074 779 ἂν
3096 726 3154 776 ἐν
3176 725 3432 794 τριμήνῳ
3457 721 3702 775 τοσαῦτα

1977 808 2262 879 διελέχθη,
2297 808 2373 879 μὴ
2417 809 2628 878 σφόδρα
2655 805 2837 862 αὐτῶν
2869 810 3289 862 πιστευσάντων
3317 808 3414 860 καὶ
3447 803 3698 877 καρποὺς

1976 891 2413 962 ἐπιδειξαμένων
2436 908 2451 921 ·
2504 893 2647 946 ὥστε
2697 893 2813 946 ἀπὸ
2850 892 3045 946 τούτου
3072 894 3378 962 τεκμήριον
3414 889 3560 960 μέγα
3602 887 3698 940 τοῦ

1977 973 2218 1044 πλήθους
2239 973 2350 1026 τῶν
2375 975 2788 1030 πιστευσάντων
2814 975 2963 1029 ἐστιν
2996 975 3148 1029 ἰδεῖν.
3174 974 3285 1028 Καὶ
3313 973 3694 1042 ἀνήχθημεν.

1979 1058 2134 1126 φησί,
2178 1057 2250 1110 ἐν
2277 1059 2471 1122 πλοίῳ
2510 1059 2951 1128 Ἀλεεαηδρίνῳ
2967 1059 3514 1128 παρακεχειμακότι
3533 1057 3602 1109 ἐν
3624 1054 3699 1124 τῇ

1978 1140 2173 1208 νήσῳ,
2200 1141 2544 1211 παρασήμῳ
2563 1144 3150 1210 Διοσκούροις.”1σως
3169 1141 3334 1194 τοῦτο
3356 1137 3423 1210 ἦν
3449 1156 3697 1212 γεγραμ-

1981 1225 2148 1295 μένον
2183 1226 2240 1279 ἐν
2268 1225 2440 1296 αὐτῷ·
2482 1225 2661 1286 οὔτως
2687 1222 2830 1297 ἦσαν
2863 1225 3206 1282 κατείδωλοι.
3241 1225 3389 1295 Ὀρα
3423 1221 3698 1294 ἐνδιατρί-

1979 1307 2195 1373 ϐοντας,
2220 1309 2314 1360 καὶ
2332 1308 2497 1361 πάλιν
2522 1307 2856 1373 σπεύδοντας
2877 1309 2927 1361 δ.
2956 1307 3040 1372 Τῷ
3051 1307 3121 1361 δὲ
3146 1309 3368 1372 Παύλῳ
3383 1306 3695 1374 ἐπετράπη

1980 1390 2186 1456 μένειν
2216 1393 2347 1445 καθ’
2377 1392 2622 1446 ἑαυτόν.
2649 1393 2853 1445 Λοιπὸν
2880 1392 3162 1464 αἰδέσιμος
3196 1390 3370 1455 οὔτως
3391 1385 3462 1462 ἦν
3488 1391 3516 1442 ό
3545 1388 3696 1444 Παῦ-

1979 1473 2092 1536 λος,
2124 1474 2200 1539 ὠς
2233 1476 2330 1528 καὶ
2363 1476 2781 1546 συγχωρεῖσθαι
2816 1476 2941 1530 καθ’
2976 1477 3172 1529 ἐαυτὸν
3200 1470 3363 1529 εἶναι.
3401 1476 3513 1529 Καὶ.
3545 1473 3695 1538 ξένον

1978 1557 2169 1610 οὐδέν·
2207 1559 2256 1612 εἰ
2284 1559 2396 1629 7&9
2431 1559 2528 1613 καὶ
2570 1559 2679 1632 πρὸ
2711 1559 2905 1612 τούτου
2946 1557 3350 1630 φιλανθρώπως
3386 1558 3696 1628 ἐχρήσαντο

1980 1639 2152 1710 αὐτῷ,
2209 1641 2395 1712 πολλῷ
2441 1642 2649 1712 μᾶλλον
2696 1642 2814 1696 νῦν.
2872 1642 2984 1696 Καὶ
3018 1643 3490 1711 ἐπιγενομένου,
3534 1642 3696 1712 φησι,

1979 1725 2193 1788 νότου,
2249 1726 2582 1794 δευτεραῖοι
2625 1726 2896 1796 ἤλθομεν
2945 1729 3034 1792 είς
3079 1728 3437 1792 Ποτιόλους,
3471 1722 3543 1781 οὗ
3591 1728 3695 1781 εὑ-

1977 1808 2192 1877 ρόντες
2238 1809 2581 1879 ἀδελφοὺς,
2635 1810 3114 1880 παρεκλήθημεν
3164 1810 3259 1863 ἐπ’
3305 1810 3514 1876 αὐτοῖς
3562 1809 3697 1863 ἐπι·

1975 1892 2177 1960 μεῖναι
2234 1893 2462 1962 ἡμέρας
2516 1893 2697 1946 ὲπτιί·
2746 1894 2845 1947 καὶ
2899 1894 3091 1960 οὕτως
3134 1895 3225 1959 εἰς
3270 1893 3388 1961 τὴν
3461 1893 3696 1962 Ῥώμην

1982 1981 2273 2051 ἤλθομεν.
2311 1982 2602 2036 Κάκεῖθεν
2641 1985 2696 2036 οί
2735 1982 2992 2051 ἀδελφοὶ
3026 1983 3418 2049 ἀκούσαντες
3449 1983 3522 2035 τὰ
3555 1983 3693 2050 περὶ

1981 2069 2183 2138 ἡμῶν,
2211 2069 2482 2138 ἐξῆλθον
2507 2074 2597 2138 εὶς
2628 2070 2982 2139 ἀπάντησιν
3022 2070 3173 2140 ἡμῖν
3199 2070 3379 2141 ἄχρις
3435 2071 3695 2124 Ἀππίου

1980 2159 2174 2226 φόρου
2232 2158 2332 2211 καί
2399 2157 2582 2225 Τριῶν
2637 2157 2964 2226 ταϐερνῶν.
3031 2159 3156 2210 Ὀτι
3214 2157 3552 2228 φοϐηθέντες
3603 2158 3695 2209 τὸν

1981 2245 2228 2297 κίνδυνον
2246 2245 2493 2313 ἐξῆλθον,
2516 2247 2607 2298 καὶ
2630 2246 2805 2299 ταῦτα
2831 2247 2994 2300 ἱκανά
3014 2246 3261 2309 ἐκείνους
3286 2245 3694 2299 πιστώσασθαι.

1982 2333 2129 2404 Ὅρα
2177 2334 2295 2395 πῶς
2328 2335 2570 2405 οὐδαμοῦ
2619 2336 2772 2389 πόλει
2814 2336 3129 2407 παρέϐαλον
3167 2337 3224 2388 ἐν
3271 2334 3518 2406 τοσούτῳ
3555 2334 3692 2405 πλῷ,

1981 2422 2118 2476 ἀλλά
2149 2425 2318 2493 νήσῳ,
2351 2424 2448 2476 καί
2472 2424 2563 2476 τὸν
2590 2425 2840 2496 χειμῶνα
2875 2425 3172 2496 ὀλόκληρον
3202 2423 3470 2495 διήγαγον
3505 2424 3698 2478 πλέον·

1981 2527 2096 2574 τες,
2150 2513 2382 2564 ἐκείνων
2422 2512 2848 2582 ῥυθμιζομένων
2900 2515 2983 2576 εἰς
3021 2514 3124 2582 τήν
3160 2511 3346 2564 πίστιν
3393 2512 3505 2565 τῶν
3558 2529 3701 2583 συμ-

1983 2597 2362 2663 πλευσάντων,
2394 2598 2562 2668 λέγω.
2607 2601 2953 2672 Ἐπετράπη,
2992 2601 3148 2670 φησὶ,
3184 2601 3371 2670 μένειν
3402 2600 3526 2654 καθ’
3564 2601 3696 2653 ἐαυ-

1980 2687 2072 2738 τὸν
2099 2687 2197 2740 σὺν
2229 2686 2306 2756 τῷ
2337 2687 2673 2755 φυλάσσοντι
2703 2689 2869 2740 αὑτὸν
2894 2687 3228 2758 στρατιώτῃ.
3256 2688 3420 2742 Μάλα
3441 2689 3692 2755 εἰκότως,

1981 2773 2124 2826 ὥστε
2165 2775 2239 2844 μὴ
2277 2775 2477 2838 ἐξεῖναι
2517 2776 2654 2846 μηδέ
2703 2778 2823 2828 ἐκεῖ
2853 2777 3153 2846 ἐπιϐουλήν
3181 2793 3306 2828 τινα
3352 2777 3515 2829 αὐτὸν
3553 2777 3688 2829 ὐπο-

1984 2865 2198 2931 στῆναι·
2231 2862 2292 2914 οὐ
2319 2861 2430 2932 7&9
2460 2864 2588 2932 ἐνῆν
2609 2864 2902 2917 στασιάσαι
2933 2863 3144 2918 λοιπόν.
3167 2864 3333 2916 Ὥστε
3359 2865 3460 2917 ούκ
3487 2866 3698 2918 ἐκεῖνον

1982 2949 2329 3018 ἐφύλασσεν,
2363 2950 2480 3003 ἀλλ’
2517 2951 2661 3004 ὥστε
2701 2953 2775 3021 μὴ
2827 2952 3088 3018 γενέσθαι
3137 2969 3190 3005 τι
3223 2953 3334 3006 τῶν
3365 2953 3583 3022 ἀηδῶν·
3633 2955 3696 3007 ού

1981 3041 2092 3108 γάρ
2118 3037 2245 3108 ἐξῆν
2273 3037 2460 3092 λοιπὸν
2486 3039 2581 3092 καὶ
2618 3039 2828 3102 πόλεως
2868 3039 3036 3110 οῦσης
3069 3044 3365 3112 τοσαύτης,
3399 3042 3499 3093 καῖ·
3535 3041 3695 3112 βασι*-

1982 3127 2120 3189 λέως
2150 3128 2305 3190 δντος
2329 3169 2342 3190 ,
2379 3127 2476 3180 καὶ
2516 3128 2760 3196 ἐφέσεως
2792 3127 2963 3199 ούσης
2984 3169 2998 3189 ,
3034 3115 3378 3196 γενέσθαιτι
3410 3129 3564 3200 παρά
3596 3130 3697 3201 τὴν

1985 3209 2328 3263 ἀκολουθίαν.
2383 3209 2573 3273 Οὕτως
2614 3211 2702 3263 ἀεὶ
2751 3211 2839 3264 διὰ
2884 3212 2994 3263 τῶν
3033 3211 3336 3264 δοκούντων
3381 3208 3521 3266 εἶναι
3570 3214 3696 3267 καθ’

1983 3297 2180 3367 ἡμῶν,
2212 3298 2356 3368 ὑπὲρ
2404 3297 2563 3367 ήμῶν
2613 3297 2793 3350 πάντα
2832 3299 3064 3366 γίνεται·
3110 3299 3290 3367 φύλαξ
3326 3300 3436 3370 γάρ
3481 3296 3551 3372 ῆν
3598 3301 3696 3354 τοῦ

1987 3385 2226 3438 Παύλου.
2263 3386 2376 3438 Kal
2407 3385 2757 3453 συγκαλέσας
2790 3386 2919 3449 τοὺς
2951 3386 3204 3457 πρώτους
3235 3387 3348 3440 τῶν
3391 3388 3695 3451 Ἰουδαίων,

1985 3471 2298 3540 διαλέγεται
2342 3473 2567 3536 αὐτοῖς·
2610 3472 2660 3526 οῖ
2705 3474 2799 3526 καὶ
2841 3473 3223 3541 ἀντιλέγοντες
3248 3485 3269 3512 ε
3312 3475 3694 3545 ἀναχωροῦσι,

1987 3560 2084 3614 καὶ
2114 3559 2433 3630 ὑϐρίζονται
2465 3561 2595 3629 παρ’
2635 3558 2826 3622 αὑτοῦ,
2866 3561 2961 3613 καὶ
2994 3560 3148 3614 οὐδὲν
3178 3561 3459 3632 τολμῶσιν
3495 3565 3695 3616 εἰπεῖν·

1986 3655 2048 3706 οὑ
2082 3653 2191 3724 7&9
2224 3651 2379 3724 [408]
2408 3655 2476 3723 τῇ
2513 3651 2738 3724 ἐξουσίᾳ
2783 3651 2968 3705 αὐτῶν
3022 3652 3366 3722 ἐπετρέπετο
3410 3653 3600 3706 λοιπὸν
3631 3654 3702 3707 τα

1988 3742 2111 3796 κατ’
2141 3741 2328 3794 αὐτόν.
2368 3739 2442 3793 Τὸ
2484 3739 2595 3812 7&9
2627 3740 2944 3810 θαυμαστὸν
2975 3740 3136 3792 τοῦτό
3170 3742 3344 3804 ἐστιν,
3377 3741 3460 3794 ὅτι
3505 3741 3567 3794 ού
3611 3741 3701 3796 διὰ

1988 3828 2098 3882 τῶν
2125 3828 2432 3882 δοκούντων
2463 3824 2606 3880 εἶναι
2637 3828 2778 3898 πρὸς
2808 3829 3136 3897 ἀσφάλειαν,
3168 3828 3306 3884 ἀλλά
3343 3830 3435 3883 καί
3467 3830 3557 3883 διὰ
3589 3831 3700 3884 τῶν

1988 3915 2252 3969 ἐναντίων
2308 3917 2489 3969 πάντα
2534 3917 2678 3986 ὑπὲρ
2719 3914 2877 3986 ἡμῶν
2923 3917 3158 3984 γίνεται.
3204 3919 3318 3972 Καὶ
3363 3918 3453 3972 ἵνα
3497 3920 3700 3991 μάθῃς,

1991 4003 2187 4058 σκόπει
2222 4003 2500 4057 ἐντεῦθεν.
2542 4004 2865 4057 Ἐκέλευσεν
2892 4005 2920 4054 ὁ
2947 4003 3152 4076 Φαραὼ
3185 4005 3478 4076 ῥίπτεσθαι
3507 4008 3586 4069 εἰς
3610 4009 3702 4062 τὸν

1991 4093 2240 4164 ποταμὸν
2281 4093 2351 4145 τὰ
2379 4092 2579 4163 βρέφη·
2626 4093 2689 4144 Εἰ
2727 4093 2805 4162 μὴ
2847 4093 3050 4163 ἐρρίφη
3097 4093 3166 4145 τὰ
3207 4093 3420 4166 βρέφηι
3458 4097 3506 4148 εἰ
3550 4095 3626 4165 μὴ
3665 4098 3702 4167 ἡ

1996 4183 2298 4254 πρόσταξις
2326 4182 2420 4236 τοῦ
2447 4182 2648 4250 Φαραὼ
2677 4184 2899 4251 ἐγένετο
2924 4182 2973 4249 ³,
3001 4184 3105 4237 οὐκ
3131 4184 3196 4238 ἂν
3220 4183 3403 4254 ἐσώθη
3431 4185 3700 4255 Μωῦσῆς,

1991 4272 2093 4324 οὐκ
2126 4273 2191 4325 ἂν
2223 4275 2278 4323 ἐν
2313 4270 2610 4340 βασιλείοις
2645 4271 2881 4342 ἐτράφη.
2929 4272 3063 4326 Ὅτε
3103 4271 3362 4336 ἐσώζετο,
3398 4275 3500 4326 οὐκ
3534 4269 3602 4344 ἦν
3643 4276 3702 4326 ἐν

1989 4362 2147 4430 τιμῇ·
2183 4359 2272 4411 ὅτε
2295 4359 2546 4428 ἐξετέθη,
2569 4358 2694 4412 τότε
2716 4359 2938 4427 ἐγένετο
2967 4362 3024 4413 ἐν
3052 4363 3213 4432 τιμῇ.
3244 4361 3417 4415 Τοῦτο
3439 4363 3495 4415 δέ
3523 4363 3703 4418 ἐποίει

1989 4451 2019 4502 ὁ
2040 4448 2194 4512 Θεὸς,
2221 4447 2283 4501 τὸ
2308 4447 2544 4519 εύπορον
2575 4448 2743 4502 αὐτοῦ
2772 4448 2992 4513 δεικνὺς
3019 4452 3114 4504 καὶ
3140 4451 3473 4522 εὐμήχανον.
3515 4453 3704 4506 Ἠπεί-

1989 4536 2156 4607 λησεν
2208 4535 2360 4607 αὑτῷ
2408 4539 2437 4590 ὁ
2493 4537 2752 4600 Ἰουδαῖος
2797 4537 3009 4605 λέγων·
3063 4538 3159 4608 Μὴ
3204 4539 3454 4593 ἀνελεῖν
3497 4557 3575 4610 με
3617 4543 3702 4596 σὺ

1992 4625 2227 4691 θέλεις;
2256 4625 2353 4679 καί⁸
2383 4624 2542 4678 τοῦτο
2575 4625 2741 4679 αὑτὸν
2767 4624 3000 4696 ὤνησεν.
3039 4628 3187 4698 Ἀρά
3216 4627 3581 4699 οἰκονομικῶς
3606 4631 3702 4698 γέ-

1991 4731 2171 4783 γονεν,
2223 4712 2368 4766 ὥστε
2412 4713 2512 4781 τὴν
2559 4714 2684 4784 ϐψιν
2730 4714 2896 4767 αὑτὸν
2941 4716 3162 4786 ἐκείνην
3208 4716 3338 4769 ἰδεῖν
3377 4716 3476 4788 τὴν
3527 4720 3585 4770 ἐν
3633 4721 3699 4790 τῇ

1992 4803 2210 4873 ἐρήμῳ,
2237 4801 2381 4854 ὥστε
2408 4801 2500 4855 τὸν
2530 4803 2884 4873 προσήκοντα
2909 4804 3104 4874 χρόνον
3133 4803 3522 4874 πληρωθῆναι,
3554 4804 3702 4858 ὥστε

1992 4891 2158 4944 αὑτὸν
2203 4889 2644 4961 ἐμφιλοσοφῆσαι
2675 4894 2742 4962 τῇ
2779 4893 2993 4963 ἐρήμῳ,
3032 4892 3128 4945 καὶ
3166 4893 3224 4945 ἐν
3257 4893 3534 4966 ἀσφαλείᾳ,
3578 4895 3700 4966 ζῇν.

1995 4979 2106 5032 Καὶ
2134 4980 2191 5030 ἐν
2221 4978 2426 5042 πάσαις
2448 4981 2566 5041 ταῖς
2592 4979 2714 5031 κατ’
2746 4978 2912 5032 αὑτοῦ
2941 4978 3052 5032 τῶν
3087 4978 3361 5034 Ἰουδαίων
3382 4981 3703 5046 ἐπιϐουλαῖς

1992 5067 2190 5120 ταυτὸν
2222 5068 2458 5136 γίνεται·
2501 5067 2624 5120 τότε
2661 5067 3051 5138 λαμπρότερος
3080 5068 3432 5135 καθίσταται,
3465 5064 3578 5124 οἷον
3602 5072 3700 5124 καὶ

1991 5157 2088 5208 ἐπὶ
2115 5155 2211 5208 τοῦ
2259 5155 2474 5225 ’Δαρών
2501 5169 2513 5182 °
2550 5156 2934 5226 ἐπανέστησαν
2960 5154 3112 5225 αὐτῷ
3132 5196 3147 5220 ,
3178 5156 3276 5209 καὶ
3309 5156 3700 5228 λαμπρότερον

1991 5241 2156 5295 αὑτὸν
2197 5241 2495 5310 ἐποίησαν·
2538 5239 2792 5292 ἐντεῦθεν
2832 5241 2942 5312 γὰρ
2975 5239 3126 5311 αὐτῷ
3174 5240 3271 5293 καὶ
3322 5241 3384 5293 τὸ
3423 5242 3703 5313 ἱερατικὸν

1994 5327 2334 5382 ποικίλλεται
2373 5327 2602 5397 ἔνδυμα,
2644 5329 2740 5380 καὶ
2783 5329 2816 5398 ή
2859 5327 3076 5399 κίδαρις
3108 5327 3491 5400 περιτίθεται,
3540 5329 3636 5383 καὶ
3673 5333 3704 5383 ό

1992 5416 2179 5480 λοιπὸς
2213 5417 2309 5486 τῆς
2338 5416 2534 5487 στολῆς
2563 5417 2791 5486 κόσμος,
2822 5415 2964 5469 ὥστε
2988 5416 3483 5488 ἀναμφισϐήτητον
3508 5429 3531 5455 ο
3557 5413 3700 5471 εἶναι

1992 5507 2095 5577 τὴν
2126 5506 2492 5578 χειροτονίαν,
2515 5504 2660 5558 ῶστε
2687 5506 2783 5558 καί⁵
2805 5506 2886 5569 είς
2916 5504 2978 5558 τὸ
3010 5505 3135 5576 ἑξῆς
3169 5505 3558 5576 θαυμάζεσθαι
3589 5506 3703 5560 ἀπὸ

1992 5595 2102 5647 τῶν
2133 5593 2386 5649 πετάλων
2411 5593 2506 5647 τοῦ
2535 5593 2761 5664 χαλκοῦ.
2789 5595 2934 5647 Ἰστε
2958 5596 3177 5658 πάντως
3197 5594 3298 5665 τήν
3325 5595 3590 5666 ἱστορίαν·
3619 5594 3704 5650 διὸ

1993 5685 2090 5738 καὶ
2138 5685 2473 5757 παρατρέχω
2519 5684 2582 5736 τὸ
2617 5683 2886 5754 διήγημα.
2950 5685 3061 5739 Καὶ
3109 5685 3160 5738 εί
3209 5682 3488 5754 βούλεσθε,
3532 5684 3702 5740 πάλιν

2063 5849 2077 5884 )
2114 5827 2296 5885 Verba,
2323 5830 2405 5875 καὶ
2433 5828 2590 5877 πάλιν,
2619 5827 2931 5884 σπεύδοντας.
2982 5829 3127 5880 nobis
3169 5830 3424 5880 dederunt
3464 5831 3621 5881 Savil.
3647 5827 3704 5885 0!-

2000 5882 2106 5939 trés
2154 5882 2440 5940 mssﬁEm-r.
2513 5893 2534 5919 ο
2562 5889 2862 5953 Μοΐθὶηκαί
2903 5882 3142 5953 λέγοντες.
3213 5892 3239 5932 d
3268 5893 3410 5943 Mum
3448 5894 3632 5951 verbis,
3658 5882 3701 5932 ιι

2001 5956 2148 6022 μῆ
2167 5954 2392 6022 ἐγένετο..
2418 5959 2608 6022 ρενοιιι.
2685 5965 2707 5990 e
2747 5952 2884 6022 Upus
2910 5952 3056 6003 αὐτὸν
3076 5955 3329 6018 ἐποίησαν,
3353 5957 3482 6006 ὥστε
3501 5957 3701 6017 happi-

2006 6017 2268 6074 σϐήτητον,
2295 6016 2492 6063 omissis
2518 6016 2852 6064 intermediis.

3081 6101 3162 6161 ΞΕ
