4056 6432
477 401 584 456 επ

473 509 676 564 ἄνωθεν
699 508 766 562 τά
786 508 922 562 αὐτὰ
941 507 1275 578 ἐπέλθωμεν.
1308 509 1366 563 Ὀ
1385 507 1522 563 Κατν
1547 508 1636 561 τὸν
1657 507 1884 577 ἀδελφὸν
1903 507 2129 568 ἀνεῖλεν,

472 605 608 660 ἀλλά
658 592 826 675 ταύτῃ
881 605 1078 675 μᾶλλον
1116 605 1415 672 ὠφέλησεν·
1461 604 1690 658 ἄκουσον
1721 602 1832 673 γὰρ
1868 603 1920 655 τί
1963 616 2130 667 φησν·

473 703 643 769 Φωνὴ
677 704 918 771 αἵματος
951 703 1056 756 τοῦ
1093 700 1359 772 ἀδελφοῦ
1402 717 1519 756 σου
1551 699 1674 768 βοᾷ
1714 705 1858 768 πρός
1896 711 2005 768 με’
2043 699 2134 751 καὶ⁸

473 801 633 855 πάλιν
655 800 912 870 ἀλλαχοῦ,
941 801 1169 870 Aulam,
1193 801 1345 869 φησὶ,
1378 799 1649 866 κρεῖττον
1665 797 1956 854 λαλοῦντι
1977 797 2137 862 παρὰ

473 893 580 947 τὸν
611 895 811 948 Ἅϐελ.
855 893 1186 963 Ἀπήλλαξεν
1214 894 1376 948 αὑτὸν
1401 894 1500 964 τῆς
1529 892 1750 964 ἀδηλίας
1780 889 1875 944 τοῦ
1911 890 2134 962 μέλλον-

469 1004 582 1052 τος,
609 989 702 1042 τὸν
732 990 926 1061 μισθὸν
951 989 1153 1060 ηὔξησε
1177 1006 1192 1020 ·
1227 989 1326 1059 τὴν
1353 987 1577 1058 ἀγάπην
1608 988 1882 1059 ἐμάθομεν
1910 985 2132 1049 πάντες,

466 1080 536 1151 ἦν
564 1083 592 1136 6
615 1082 742 1146 Θεὸς
775 1093 899 1154 εσχε
929 1083 1064 1153 πρὸς
1087 1084 1270 1138 αὐτόν.
1304 1085 1371 1137 Τί
1399 1085 1510 1155 γὰρ
1538 1084 1812 1155 ἠδίκηται,
1841 1081 2136 1152 δεξάμενος

465 1175 655 1248 τάχιον
675 1177 773 1248 τὴν
793 1179 1077 1250 τελευτήνς
1101 1179 1266 1232 Οὐδέν
1286 1197 1299 1209 ·
1333 1179 1388 1232 τί
1411 1179 1541 1251 γὰρ,
1564 1179 1684 1232 είπέ
1709 1195 1817 1249 μοι,
1845 1181 1892 1230 οί
1919 1177 2134 1248 βράδιον

465 1271 821 1336 τελευτῶντες
853 1273 1261 1344 κερδαίνουσινς
1306 1273 1473 1328 Οὐδέν
1499 1290 1512 1304 ·
1555 1274 1675 1328 οὐδὲ
1720 1273 1828 1344 γὰρ
1877 1271 2028 1342 παρὰ
2071 1270 2134 1322 τὸ

466 1365 634 1419 πολλά
675 1365 773 1437 ζῇν
819 1368 912 1438 ἔτη
942 1367 974 1438 ἢ
1015 1367 1171 1435 ὀλίγα
1204 1371 1238 1440 ὴ
1275 1368 1565 1439 εύημερία,
1597 1367 1736 1421 ἀλλά
1777 1366 1928 1438 παρά
1963 1366 2023 1420 τὸ
2053 1368 2132 1430 είς

463 1458 579 1512 δέον
624 1460 924 1530 κεχρῆσθαι
955 1464 1020 1533 τῇ
1054 1461 1190 1533 ζωῇ.
1233 1464 1298 1515 Οἱ
1342 1465 1491 1533 τρεῐς
1528 1463 1720 1524 παῖδες
1765 1459 2132 1532 ἐνεϐλήθησαν

465 1555 546 1616 είς
580 1554 838 1622 κάμινον,
874 1559 966 1610 καὶ
997 1557 1086 1610 διὰ
1130 1557 1320 1611 τούτου
1367 1558 1625 1625 γεγόνασι
1667 1557 2069 1627 λαμπρότεροι·
2102 1557 2130 1608 6

464 1647 659 1716 Δανιὴλ
729 1651 810 1710 είς
881 1649 1121 1714 λάκκον,
1185 1652 1279 1705 καὶ
1339 1651 1589 1704 ἐντεῦθεν
1670 1653 2128 1721 περιφανέστερος

467 1741 724 1810 κατέστη.

532 1881 603 1941 γ’.
633 1875 796 1946 Ὀρᾷς
815 1877 1089 1947 πανταχοῦ
1109 1879 1234 1942 τοὺς
1256 1881 1592 1951 πειρασμοὺς
1615 1881 1826 1950 μεγάλα
1846 1880 2128 1942 τίκτοντας

461 1968 639 2038 ἀγαθά
685 1973 779 2025 καὶ
807 1973 1072 2038 ἐνταῦθα,
1109 1976 1238 2045 μήτι
1270 1991 1334 2043 γε
1370 1976 1515 2029 ἐκεῖ·
1561 1977 1654 2029 ἐπὶ
1691 1976 1750 2030 δέ
1786 1979 1885 2048 τῆς
1931 1977 2127 2040 κακίας

458 2065 655 2118 ταυτὸν
681 2066 920 2132 γίνεται,
951 2061 1062 2122 οἷον
1089 2069 1158 2121 ἂν
1185 2070 1240 2122 εί
1264 2086 1348 2131 τις
1383 2070 1629 2139 κάλαμον
1663 2069 1800 2141 ἔχων
1841 2072 2122 2142 παρατάτ-

456 2173 602 2211 τοιτο
630 2159 765 2230 πρὸς
797 2161 928 2231 πῦρ·
963 2164 992 2215 6
1032 2163 1142 2232 γὰρ
1177 2163 1416 2227 τοιοῦτος
1447 2165 1592 2217 δοκεῖ
1630 2165 1727 2234 μὲν
1764 2164 2022 2242 πλήττειν
2064 2165 2126 2220 τὸ

457 2250 589 2324 πῦρ,
617 2255 746 2309 αὐτὸ
771 2256 829 2308 δὲ
856 2257 1236 2330 λαμπρότερον
1265 2264 1428 2323 ποιεί,
1467 2260 1560 2314 καί
1595 2261 1785 2315 ἑαυτὸν
1817 2261 2121 2317 ἀναλίσκει.

459 2347 470 2356 ’
495 2347 642 2417 ’ροφὴ
674 2350 782 2419 γὰρ
811 2351 1018 2418 γίνεται
1044 2356 1076 2422 ἡ
1112 2354 1279 2407 κακία
1347 2356 1437 2408 καὶ
1465 2354 1720 2420 ὑπόθεσις
1743 2355 2125 2428 λαμπρότητος

455 2443 523 2510 τῇ
554 2441 742 2513 ἀρετῇ·
768 2447 832 2514 τῇ
856 2445 966 2515 γάρ
995 2447 1177 2517 ἀδικίᾳ
1202 2450 1280 2510 εἰς
1298 2448 1415 2500 δέον
1439 2449 1528 2501 τοῦ
1559 2450 1695 2503 Θεοῦ
1716 2452 2020 2521 χρωμένου,
2053 2452 2122 2504 τά

477 2533 698 2604 ⁸μέτερα
727 2535 928 2606 λάμπει
962 2539 1182 2608 μᾶλλον.
1210 2541 1375 2594 Πάλιν
1402 2545 1429 2596 6
1456 2543 1702 2606 διάϐολος
1727 2545 1855 2598 ὅταν
1884 2546 2122 2616 ἐργάζη-

452 2629 542 2680 ταί
572 2647 622 2681 τι
651 2631 919 2698 τοιοῦτον,
953 2635 1366 2707 λαμπροτέρους
1402 2643 1546 2693 ποιεί
1571 2641 1698 2704 τοὺς
1727 2642 2118 2713 ὑπομένοντας.

454 2721 518 2774 Τί
561 2721 686 2790 οὖν,
728 2728 927 2796 φησὶν,
957 2731 1049 2782 ἐπὶ
1083 2730 1179 2783 τοῦ
1237 2732 1409 2803 Ἀδάμ
1447 2734 1507 2786 οὐ
1545 2734 1738 2802 γέγονε
1778 2737 1954 2802 τοῦτο,
2004 2737 2120 2790 ἀλλ’

451 2816 774 2888 ἀτιμότερος
813 2821 1043 2891 γέγονε;
1082 2826 1332 2880 Μάλιστα
1373 2828 1472 2898 μὲν
1507 2832 1743 2901 κάκείνῳ
1789 2834 1818 2884 6
1865 2833 1996 2898 Θεὸς
2040 2836 2121 2903 εἰς

448 2913 569 2968 δέον
601 2919 875 2990 ἐχρήσατο
895 2939 907 2950 ·
945 2923 992 2974 εί
1017 2923 1072 2977 δέ
1102 2924 1202 2977 πού
1235 2943 1287 2978 τι
1325 2927 1548 2991 ἔπαθεν,
1584 2930 1749 2994 αὐτὸς
1777 2932 1968 2986 ἑαυτὸν
2000 2933 2116 3002 ἠδί-

449 3024 618 3079 κησε·
666 3013 734 3067 τὰ
789 3017 887 3084 μὲν
937 3017 1046 3091 γὰρ
1105 3019 1235 3092 παρ’
1290 3023 1494 3094 ἐτέρων
1539 3025 1619 3088 είς
1666 3027 1816 3096 ἡμᾶς
1857 3029 2116 3098 γινόμενα

449 3106 701 3175 μεγάλων
728 3111 859 3179 ἡμῖν
891 3112 1110 3180 ἀγαθῶν
1137 3117 1285 3168 αῑτια
1324 3118 1530 3184 γίνεται
1550 3160 1564 3185 ,
1593 3121 1662 3174 τά
1692 3122 1750 3174 δὲ
1791 3125 1920 3194 παρ’
1955 3127 2116 3196 ήμῶν

451 3200 634 3254 αὐτῶν
656 3203 859 3257 οὐκέτι.
899 3207 1116 3278 Ἐπειδὴ
1137 3210 1244 3281 γάρ
1271 3211 1613 3282 ἀδικούμενοι
1647 3216 1743 3284 μέν
1765 3218 1858 3288 ὑφ’
1888 3219 2113 3292 ἐτέρων,

446 3291 737 3365 ἀλγοῦμεν,
778 3297 881 3351 61:6
907 3299 964 3352 δὲ
989 3301 1144 3370 ἡμῶν
1170 3304 1350 3357 αὐτῶν
1379 3307 1581 3371 οὐκέτι,
1607 3309 1877 3364 δείκνυσιν
1910 3314 1939 3366 6
1960 3291 2112 3381 Θεὸς,

447 3383 526 3435 ὅτι
568 3385 596 3436 6
629 3387 726 3456 μὲν
756 3389 886 3459 παρ’
930 3391 1116 3462 ἐτέρου
1161 3394 1355 3460 ἀδίκως
1389 3399 1634 3470 πάσχων,
1669 3403 1966 3474 εὐδοκιμεῖ,
2000 3409 2028 3460 6
2056 3408 2113 3462 δὲ

450 3474 600 3549 [409]
645 3479 834 3534 ἐαυτὸν
871 3484 1091 3551 ἀδικῶν,
1142 3488 1456 3556 βλάπτεται·
1486 3495 1578 3546 καὶ
1623 3496 1767 3564 μάλα
1811 3500 2033 3562 εἰκότως
2060 3514 2111 3568 ι,

449 3572 534 3624 ἵνα
580 3575 754 3628 ἐκεῖνο
805 3579 904 3647 μὲν
946 3582 1206 3646 γενναίως
1249 3585 1526 3658 φέρωμεν,
1575 3589 1733 3643 τοῦτο
1779 3592 1834 3645 δὲ
1880 3596 2108 3666 μηκέτι·

444 3664 618 3731 ἄλλως
646 3686 705 3721 τε
737 3671 796 3724 τὸ
830 3675 938 3726 πᾶν
982 3675 1096 3727 ἐκεῖ
1126 3676 1218 3729 τοῦ
1281 3681 1453 3751 Ἀδὰμ
1498 3683 1713 3751 γέγονε.
1765 3688 1863 3740 Διά
1901 3664 1953 3741 τί
2001 3690 2110 3762 γάρ

445 3762 662 3816 ἐπείθου
693 3769 756 3836 τῇ
783 3769 1002 3834 γυναικί
1023 3788 1035 3835 ;
1057 3771 1157 3832 διὰ,
1173 3773 1224 3824 τί
1253 3773 1358 3845 γάρ
1373 3777 1606 3832 ’ἐναντία
1632 3782 2108 3851 συμϐουλεύουσαν

441 3859 542 3910 οὐκ
568 3861 920 3951 ἀπεκρούσω;
961 3866 1032 3918 Σὺ
1064 3866 1276 3931 πάντως
1308 3872 1536 3939 γέγονας
1564 3877 1754 3940 αἴτιος,
1788 3881 1974 3951 ἐπειδὴ
2005 3885 2052 3936 εί
2079 3883 2106 3934 6

441 3950 681 4016 διάϐολος
722 3950 820 4024 ἦν,
849 3957 953 4009 ἔδει
994 3961 1132 4012 κατά
1160 3963 1315 4015 τοῦτο
1353 3968 1474 4030 τοὺς
1507 3970 1934 4041 πειραζομένους
1970 3976 2103 4029 πάνυ

439 4066 538 4112 τας
563 4051 912 4107 ἀπόλλυσθαι·
933 4057 980 4107 εί
999 4056 1052 4108 δὲ
1079 4060 1153 4127 μὴ
1175 4060 1524 4127 ἀπόλλυνται,
1557 4068 1687 4138 παρ’
1710 4070 1908 4142 ἡμᾶςή
1933 4075 2099 4128 αίτία.

451 4145 587 4196 Ἀλλ’
609 4146 736 4208 ἔδει,
756 4151 906 4219 φησὶ,
931 4152 1139 4214 πάντας
1166 4157 1290 4218 τοὺς
1323 4161 1751 4232 πειραζομένους
1777 4169 2098 4241 κατορθοῦν,

438 4239 471 4306 ἢ
500 4240 546 4290 εί
565 4244 690 4310 παρ’
710 4243 852 4310 ἡμᾶς
875 4248 907 4314 ἡ
931 4248 1097 4307 αίτία,
1121 4249 1226 4302 ἔδει
1253 4253 1346 4305 καὶ
1370 4257 1537 4324 χωρὶς
1556 4257 1649 4309 τοῦ
1674 4239 1922 4314 διαϐόλου
1943 4265 2101 4319 ἀπόλι

436 4337 628 4389 λυσθαι
649 4355 661 4402 ;
691 4338 859 4392 Τοῦτο
875 4343 1193 4410 καὶγίνεται
1214 4363 1224 4374 ·
1248 4351 1342 4400 καὶ
1366 4351 1472 4420 γὰρ
1496 4353 1680 4407 πολλοὶ
1703 4359 1794 4410 καὶ
1817 4361 1983 4430 χωρὶς
2007 4363 2097 4416 τοῦ

434 4429 676 4483 διαϐόλου
692 4433 1034 4489 ἀπόλλυνται·
1049 4438 1108 4488 οὐ
1122 4439 1229 4509 γὰρ
1242 4441 1305 4510 δὴ
1317 4443 1492 4498 πάντα
1506 4447 1666 4511 αὐτὸς
1679 4429 2094 4521 κατασκευάζει,

433 4523 566 4576 ἀλλὰ
594 4525 757 4579 πολλὰ
785 4531 874 4581 καί
896 4531 1002 4583 ἀπὸ
1037 4534 1204 4603 μόνης
1230 4536 1434 4618 γίνεται
1461 4541 1557 4611 τῆς
1596 4544 1822 4610 νωθείας
1846 4549 1942 4619 τῆς
1969 4553 2096 4622 ἡμε-

432 4615 609 4686 τέρας·
625 4621 672 4671 εἰ
693 4621 748 4672 δέ
767 4639 867 4674 που
893 4626 1140 4690 κάκεῖνος
1159 4630 1348 4695 αἴτιος,
1542 4637 1638 4706 τὴν
1656 4640 1828 4710 ἀρχὴν
1841 4615 2097 4715 πάρεχον.

432 4726 557 4766 των.
575 4713 706 4765 Εἰπέ
721 4717 826 4786 γάρ
841 4735 950 4786 μοι.
969 4721 1098 4773 πότε
1116 4725 1142 4775 6
1159 4723 1402 4791 διάϐολος
1419 4727 1637 4796 ἴσχυσεν
1660 4735 1750 4786 ἐπί
1767 4737 1859 4788 τοῦ
1891 4713 2056 4793 Ἰούδα
2075 4760 2088 4808 ;

435 4803 562 4854 Ὅτε
589 4809 826 4876 εἰσῆλθε,
866 4815 1048 4881 φησὶν,
1075 4818 1154 4880 είς
1185 4821 1345 4874 αὑτὸν
1380 4825 1407 4876 6
1431 4824 1691 4889 Σατανᾶς.
1743 4831 1879 4884 Ἀλλ’
1927 4803 2090 4890 άκουζ

433 4911 524 4946 σον
578 4897 675 4968 τὴν
719 4902 917 4955 αἰτίαν·
978 4907 1056 4958 ὅτι
1109 4912 1347 4983 κλέπτης
1399 4913 1486 4986 ἦν,
1531 4924 1622 4974 καὶ
1665 4924 1732 4976 τὰ
1783 4927 2089 4998 βαλλόμενα

430 4990 747 5054 ἐϐάσταζεν.
797 5000 964 5063 Αὐτὸς
1009 5004 1206 5058 ἔδωκεν
1245 5011 1391 5080 αὐτῷ
1441 5015 1780 5090 εὐρυχωρίαν
1830 5027 1927 5095 τῆς
1973 5032 2082 5081 εἱσ-

427 5084 577 5189 ύὸουῌ·
610 5088 747 5189 ὦετε
794 5095 889 5164 οὐχ
927 5099 954 5148 6
998 5101 1240 5166 διάϐολος
1271 5105 1369 5175 τὴν
1402 5084 1923 5189 ἀρχὴν-ἐντίθησιν,-
1971 5126 2086 5179 ἀλλ’

427 5181 585 5247 ἡμεῖς
616 5185 775 5288 αῦτὸν
789 5189 1067 5288 ’δεχόμεθα
1099 5199 1191 5251 καὶ
1228 5202 1520 5274 καλοῦμεν.
1571 5210 1708 5262 Ἀλλ’
1743 5181 1803 5267 εί.
1835 5181 1910 5288 μη
1941 5223 2085 5274 ἐκεί-

425 5291 533 5369 νας,
564 5280 744 5346 φησὶν,
786 5279 871 5353 ἦν,
910 5287 1006 5340 ούκ
1041 5290 1104 5342 ἂν
1136 5296 1343 5361 μεγάλα
1373 5301 1588 5367 ἐγένετο
1629 5306 1695 5358 τά
1730 5279 1908 5366 δεινά..
1946 5315 2084 5369 Ἀλλ’

425 5368 794 5480 ἀπαραίτητος
825 5382 952 5450 ἡμῖν
972 5384 1192 5454 ἔμελλεν
1213 5387 1349 5444 εἶναι
1374 5398 1404 5464 ἡ
1434 5397 1676 5462 κόλασις·
1705 5403 1799 5457 νῦν
1825 5408 1923 5474 μὲν
1949 5411 2078 5480 γάρ,

435 5463 447 5475 ο
1397 5463 1403 5464 7
1825 5463 1836 5474 '
1960 5463 1970 5476 '
2027 5463 2037 5480 .
2067 5463 2078 5472 ν

423 5467 694 5537 αγαπητέ,
727 5475 789 5523 τὰ
827 5475 926 5545 τῆς
970 5481 1242 5548 κολάσεως
1274 5490 1403 5558 ἡμῖν
1439 5495 1795 5568 ήμερώτερα,
1842 5506 1888 5556 εἰ
1918 5505 1972 5558 δὲ
2014 5508 2081 5560 δι’

421 5557 640 5672 ἑαυτῶν,
666 5565 1026 5672 είργαζόμεθα
1054 5579 1120 5629 τά
1150 5557 1321 5647 δεινὰ,
1348 5557 1618 5658 ἀφόρητος
1649 5557 1716 5662 ἦν
1750 5557 1793 5666 ἦ
1813 5557 2073 5672 τιμωρία.

422 5651 684 5765 gift-7&9
710 5675 818 5728 μοι,
844 5665 890 5715 εί
915 5667 1102 5734 ταῦτα,
1127 5672 1159 5724 ἀ
1188 5651 1430 5748 ἥμαρτεν
1513 5651 1708 5757 ζΑδὰρί,
1739 5651 1909 5762 χωρίς

517 5750 572 5764 ἢ-
1311 5745 1319 5748 γ
1650 5745 1659 5757 Ι
1698 5745 1707 5751 1
1739 5745 1769 5759 Α
1823 5745 1833 5762 ⁸
1891 5745 1906 5756 ’
1948 5745 1962 5747 -
1982 5745 2047 5765 v’"

421 5745 610 5822 ϐουΑης
657 5756 888 5827 ἦμαρτε,
924 5765 1002 5827 τίς
1039 5769 1196 5822 αὐτὸν
1231 5773 1294 5825 ἂν
1326 5777 1597 5847 ἐξήρπασε
1634 5785 1738 5838 τῶν
1780 5791 2073 5855 κινδύνων;

486 5932 508 5958 η
539 5933 667 5990 “ac.
689 5941 764 5987 καὶ
789 5943 909 6003 poi):
931 5949 1122 6007 εἰκότως
1148 5961 1196 6002 cl
1223 5969 1327 6006 mox
1359 5961 1470 6018 ἐκεῖ,
1496 5965 1671 6018 desunt
1715 5985 1758 6018 ιη
1797 5986 1895 6023 nuo

1185 396 1241 450 S.
1277 395 1561 451 JOANNIS
1598 391 2077 451 CIIRYSOSTOMI
2114 392 2434 454 ARCIIIEP.
2474 395 3018 456 CONS‘I‘ANTINOP.

3809 389 3934 446 578

2252 508 2390 563 Ἀλλ’
2421 512 2521 563 οὐκ
2556 511 2620 564 ἂν
2647 514 2887 582 ἥμαρτε,
2915 512 3066 583 φησί.
3094 509 3261 564 Πόθεν
3293 525 3383 580 μοι
3409 509 3568 563 τοῦτο
3593 507 3813 579 λέγειςς
3859 510 3935 563 ὐ

2237 605 2349 674 γὰρ
2372 606 2513 661 οὕτω
2540 606 2738 676 χαῦνος
2767 608 2862 660 καὶ
2888 607 3132 679 ῥᾴθυμος
3155 605 3251 660 καὶ
3280 606 3415 677 πρὸς
3439 607 3626 660 ἄνοιαν
3654 607 3929 677 ἕτοιμος,

2235 701 2375 754 ὥστε
2405 700 2658 766 δέξασθαι
2688 703 2948 772 τοιαύτην
2977 702 3283 774 συμϐουλὴν
3307 739 3323 763 ,
3350 700 3534 771 πο).λῷ
3565 701 3768 770 μᾶλλον
3819 711 3933 755 και

2233 796 2401 866 χωρὶς
2435 796 2623 850 τούτου
2649 797 2809 850 τοῦτο
2836 797 3059 864 γέγονεν
3086 797 3174 852 ἀν.
3203 797 3362 859 Ποῖος
3383 795 3629 857 διάϐολος
3658 797 3790 860 τοὺς
3816 797 3928 852 τοῦ

2244 892 2441 962 Ἰωσὴφ
2476 892 2738 962 ἀδελφοὺς
2789 893 2871 954 είς
2919 891 3116 960 φθόνον
3164 890 3450 956 ἐνέϐαλενς
3493 893 3592 944 Ἂν
3642 895 3929 964 νήφωμεν

2230 987 2432 1055 τοίνυν,
2463 988 2760 1058 ἀγαπητοὶ,
2794 988 2888 1041 καὶ
2929 987 3333 1057 εὐδοκιμήσεως
3361 989 3493 1057 ἡμῖν
3523 988 3695 1052 αἴτιος
3727 991 3757 1041 6
3791 989 3925 1042 διά-

2231 1079 2388 1143 ϐολος
2411 1081 2645 1148 γίνεται.
2672 1080 2739 1132 Τί
2766 1080 2879 1150 γάρ
2901 1078 3098 1148 ἔϐλαψε
3125 1079 3216 1132 τὸν
3259 1080 3380 1132 Ἰὼϐ
3409 1083 3440 1150 ἡ
3466 1080 3701 1151 τοσαύτη
3733 1083 3924 1135 αὑτοῦ

2232 1176 2447 1246 μηχανή
2473 1175 2534 1238 b;
2563 1175 2655 1245 Μὴ
2687 1177 2867 1246 εἴπῃς,
2899 1175 3054 1244 φησὶ,
3086 1174 3264 1239 τοῦτο,
3293 1175 3407 1227 ἀλλ’
3440 1178 3468 1227 ὀ
3503 1175 3734 1247 ἀσθενὴς
3773 1176 3920 1245 βλά-

2231 1289 2446 1326 πτεται.
2489 1272 2627 1326 Ἀλλ’
2658 1273 2686 1324 6
2705 1271 2956 1342 ἀσθενὴς,
2985 1270 3089 1325 κᾶν
3120 1269 3197 1342 μὴ
3221 1267 3546 1342 διάϐολοςῇ,
3576 1271 3922 1342 βλάπτεται.

2243 1364 2402 1420 Ἀλλά
2457 1367 2756 1438 μειζόνως,
2794 1367 2962 1438 φησὶ,
3010 1367 3148 1438 μετά
3195 1367 3292 1436 τῆς
3340 1367 3550 1420 ἐκείνου
3597 1367 3920 1439 ἐνεργείας.

2239 1462 2379 1516 Ἀλλ’
2405 1461 2644 1525 ἔλαττον,
2673 1463 2801 1516 ὅταν
2832 1463 2970 1533 μετὰ
2995 1463 3094 1534 τῆς
3119 1461 3325 1516 ἐκείνω
3345 1461 3627 1533 ἐνεργείας
3652 1464 3918 1536 ἁμάρτῃ,

2225 1557 2533 1621 κολάζεται·
2567 1559 2627 1610 ού
2666 1557 2774 1628 γὰρ
2807 1559 3023 1611 πάντων
3051 1559 3160 1610 τῶν
3195 1557 3609 1628 ἁμαρτημάτων
3639 1559 3698 1610 αί
3734 1560 3921 1612 αὑταὶ

2221 1653 2505 1724 τιμωρίαι.
2536 1652 2622 1724 Μὴ
2647 1652 2943 1722 ἀπαιτῶμεν
2966 1651 3192 1716 ἐαυτούς
3211 1670 3224 1683 ·
3261 1653 3359 1705 οὐκ
3389 1653 3537 1706 ἐστιν
3562 1655 3693 1723 ἡμίν
3727 1653 3756 1706 ὁ
3784 1653 3917 1709 διά-

2223 1749 2377 1814 ϐολος
2413 1750 2605 1814 αίτιος,
2635 1749 2743 1802 ἐὰν
2783 1751 3074 1820 νήφωμεν·
3111 1750 3317 1812 ἐκεῖνος
3367 1749 3514 1819 ἡμᾶς
3550 1749 3754 1819 μᾶλλον
3794 1750 3918 1820 ἀφ-

2225 1845 2462 1910 υπνίζει,
2500 1849 2708 1910 ἐκεῖνος
2755 1848 2901 1919 ἡμᾶς
2948 1847 3222 1917 διεγείρει.
3259 1845 3396 1900 Εἰπὲ
3436 1847 3546 1917 γάρ
3597 1865 3688 1916 μοι
3720 1846 3918 1918 (τέως

2221 1943 2398 1995 ταῦτα
2428 1941 2821 2014 ἐξετάσωμεν),
2854 1943 2929 2015 μὴ
2963 1942 3102 1996 ἔστω
3131 1941 3315 2014 θηρία,
3347 1941 3422 2014 μὴ
3444 1942 3582 1996 ἔστω
3609 1943 3914 2014 ἀνωμαλία

2221 2038 2422 2108 ἀέρων,
2459 2039 2535 2108 μὴ
2565 2038 2739 2102 νόσος,
2785 2038 2859 2109 μὴ
2893 2038 3085 2102 λῦπαι,
3122 2038 3197 2110 μὴ
3230 2038 3482 2109 ἀθυμίαι,
3515 2038 3592 2111 μὴ
3627 2038 3823 2110 ἕτερόν
3851 2057 3912 2093 τι

2219 2132 2328 2186 τῶν
2375 2133 2651 2186 τοιούτων·
2690 2134 2745 2186 τί
2775 2134 2875 2186 οὐκ
2911 2133 2978 2188 ἀν
3018 2135 3240 2202 ἐγένετο
3277 2134 3308 2187 δ
3340 2133 3664 2206 ἀνθρωποςς
3700 2135 3915 2206 Χοῖρος

2223 2229 2424 2301 μᾶλλον
2463 2232 2496 2301 ἢ
2541 2229 2846 2301 ἄνθρωπος,
2876 2229 3018 2285 δοκῶ
3053 2247 3167 2301 μοι,
3200 2231 3423 2299 γέγονεν
3461 2231 3529 2285 ἂν
3551 2271 3566 2296 ,
3598 2230 3912 2302 γαστριζό-

2224 2343 2382 2396 μενος
2421 2328 2514 2379 καὶ
2555 2325 2792 2394 μεθύων,
2823 2327 2918 2381 καὶ
2948 2326 3054 2380 61:6
3085 2326 3314 2397 μηδενὸς
3339 2326 3544 2380 τούτων
3570 2326 3910 2397 ἐνοχλούμε-

2218 2437 2326 2484 νος.
2357 2421 2470 2474 Νῦν
2503 2421 2559 2476 δὲ
2587 2423 2645 2477 αί
2670 2423 2950 2494 φροντίδες
2970 2423 3067 2476 καὶ.
3086 2424 3142 2478 αί
3172 2423 3436 2494 μέριμναι
3458 2422 3763 2492 γυμνάσιόν
3793 2423 3910 2477 είσι

2218 2517 2535 2587 φιλοσοφίας
2599 2521 2694 2572 καὶ
2759 2520 3166 2583 διδασκάλειον,
3226 2521 3324 2574 καὶ
3379 2519 3571 2590 ἀγωγὴ
3643 2518 3909 2584 παιδείας

2217 2619 2466 2687 ἀρίστης.
2509 2618 2711 2671 Σκόπει
2742 2618 2798 2671 δέ
2827 2618 2924 2671 καὶ
2951 2617 3127 2682 άλλως
3151 2632 3166 2646 ·
3201 2617 3487 2688 τρεφέσθω
3516 2633 3602 2679 τις
3644 2617 3705 2668 ἐν
3740 2615 3911 2687 βασι-

2215 2710 2380 2774 λείοις
2406 2713 2543 2782 μήτε
2568 2712 2907 2782 λυπούμενος
2928 2713 3065 2782 μήτε
3088 2712 3391 2782 φροντίζων
3423 2714 3559 2784 μήτε
3585 2711 3906 2783 μεριμνῶν,

2217 2806 2311 2859 καὶ
2347 2809 2484 2876 μήτε
2514 2806 2686 2876 ὀργῆς
2721 2807 2859 2876 ἔχων
2906 2807 3177 2878 πρόφασιν
3211 2808 3348 2878 μήτε
3389 2805 3722 2877 ἀποτυχίας,
3755 2805 3906 2860 ἀλλὰ

2215 2903 2414 2965 πάντα,
2447 2903 2592 2972 ἅπερ
2616 2903 2683 2956 ἂν
2706 2903 3041 2973 ἐπιθυμήσῃ,
3067 2903 3310 2967 ποιείτω,
3336 2903 3429 2956 καὶ
3457 2902 3900 2973 ἐπιτυγχανέτω,

2212 2998 2309 3052 καὶ
2339 2999 2547 3062 πάντας
2579 2999 2753 3070 ἐχέτω
2786 3000 3197 3063 ὑπακούοντας·
3232 3000 3298 3054 ἂν
3341 3001 3416 3072 μὴ
3459 3000 3661 3064 παντὸς
3694 2999 3900 3073 θηρίου

2212 3095 2547 3167 ἀλογώτερος
2573 3099 2793 3167 γένηται
2835 3100 2863 3152 6
2892 3097 3129 3162 τοιοῦτος
3151 3105 3173 3131 ⁸
3195 3115 3212 3164 ς

2284 3209 2436 3285 [ΗΟ]
2471 3212 2585 3265 Νῦν
2615 3214 2668 3266 δὲ
2695 3213 2884 3284 ὥσπερ
2914 3214 3082 3285 ἀκόνη
3111 3213 3261 3267 ἐστὶν
3285 3212 3612 3286 ὲκτρίϐουσα
3643 3214 3796 3285 ἡμᾶς
3821 3214 3898 3268 τά

2211 3308 2319 3361 τῶν
2351 3310 2745 3379 περιστάσεων,
2775 3311 2844 3364 τά
2863 3310 2973 3363 τῶν
2993 3309 3246 3379 θλίψεων.
3277 3310 3378 3364 Διά
3403 3309 3557 3363 τοῦτο
3588 3311 3699 3363 τῶν
3723 3311 3898 3364 πλου-

2209 3404 2446 3460 τούντων
2473 3408 2522 3460 οί
2551 3407 2782 3477 πένητες
2807 3407 2882 3470 ὡς
2902 3408 2994 3460 ἐπὶ
3017 3407 3078 3461 τδ
3101 3408 3351 3461 πλεῖστόν
3373 3410 3480 3462 εἱσι
3503 3409 3891 3481 συνετώτεροι,

2209 3503 2466 3575 καθάπερ
2515 3502 2734 3565 πολλοῖς
2772 3503 3228 3574 περικρουόμενοι
3268 3504 3364 3557 κα)⁵
3400 3505 3892 3577 περιαντλούμενοι

2208 3597 2438 3668 κύμασι.
2479 3599 2588 3652 Καὶ
2640 3597 2750 3667 γὰρ
2789 3600 2958 3669 ,σῶμα
2988 3599 3049 3653 τὸ
3107 3601 3206 3669 μὲν
3255 3599 3426 3670 ἀργὸν
3483 3601 3578 3655 καὶ
3625 3601 3891 3675 ἀκίνητον

2205 3692 2433 3753 νοσῶδες
2467 3693 2562 3745 καὶ
2611 3692 2807 3763 ἀηδὲς,
2841 3693 2904 3747 τὸ
2939 3693 2994 3746 δὲ
3030 3693 3353 3764 κινούμενον
3396 3696 3492 3749 καὶ
3535 3696 3742 3766 κάμνον
3787 3699 3890 3753 καὶ

2202 3786 2721 3858 ταλαιπωρούμενον
2762 3787 3094 3860 ὼραιότερον
3141 3790 3237 3844 καὶ
3270 3790 3635 3863 ὑγιεινότερον
3663 3809 3678 3824 ·
3719 3793 3886 3850 τοῦτο

2203 3884 2259 3937 δὲ
2292 3884 2383 3936 ἐπὶ
2418 3883 2597 3953 ψυχῆς
2648 3882 2798 3953 εὖροι
2827 3899 2914 3946 τις
2951 3883 3037 3938 ἀν.
3073 3884 3187 3936 Καὶ
3225 3885 3440 3956 σίδηρος
3481 3887 3731 3956 κείμενος
3779 3889 3882 3959 μὲν

2201 3978 2595 4048 διαφθείρεται,
2613 3978 2983 4047 ἐργαζόμενος
3004 3979 3062 4032 δὲ
3081 3979 3308 4049 λάμπει·
3335 3981 3426 4033 καὶ
3448 3982 3592 4052 ψυχὴ
3614 3982 3883 4050 ὡσαύτως

2201 4073 2490 4142 κινουμένη
2514 4088 2525 4100 ·
2551 4072 2763 4142 κίνησις
2791 4073 2847 4125 δέ
2871 4073 3051 4144 ψυχῆς
3083 4075 3137 4127 αί
3177 4077 3528 4144 περιστάσεις
3557 4069 3736 4133 αὗται.
3763 4081 3878 4134 Καὶ

2197 4167 2383 4237 τέχναι
2417 4166 2743 4221 ἀπόλλυνται
2763 4209 2778 4232 ,
2810 4167 2884 4237 μὴ
2928 4169 3258 4238 κινουμένης
3289 4169 3468 4240 ψυχῆς
3490 4187 3504 4202 ·
3546 4176 3779 4228 κινεῖται
3815 4174 3876 4229 δέ

2195 4263 2324 4315 ὅταν
2357 4262 2431 4332 μὴ
2459 4263 2634 4315 πάντα
2661 4263 2824 4316 εὐθέα
2899 4279 2913 4294 ο
2948 4267 3179 4321 κινεῖται
3201 4265 3312 4335 γάρ
3332 4266 3436 4320 ὑπὸ
3460 4267 3566 4321 τῶν
3587 4271 3869 4326 ἐναντίων.

2196 4357 2258 4409 El
2284 4357 2356 4426 μὴ
2384 4358 2467 4426 είη
2493 4358 2726 4420 ἐναντία,
2754 4358 2906 4412 οὐδὲν
2933 4358 2999 4412 ἂν
3029 4360 3112 4430 είη
3136 4359 3196 4413 τὸ
3218 4361 3420 4415 κινοῦν·
3453 4358 3586 4430 οἷον,
3619 4365 3666 4416 εί
3691 4365 3872 4423 πάντα

2193 4446 2262 4520 ἦν
2300 4453 2638 4522 είργασμένα
2667 4453 2848 4517 καλῶς
2868 4494 2881 4516 ,
2905 4453 3006 4506 οὐκ
3037 4454 3103 4509 ἂν
3129 4449 3288 4528 εὗρεν
3318 4459 3350 4527 ἡ
3380 4458 3542 4531 τέχνη
3575 4461 3865 4519 κινεῖσθαι.

2195 4543 2350 4599 οὕτω
2371 4547 2484 4607 καὶ,
2512 4546 2582 4617 [εί
2615 4547 2792 4601 πάντα
2817 4543 2884 4618 ἦν
2914 4549 3051 4602 κατὰ
3080 4549 3206 4603 νοῦν
3229 4553 3378 4622 ἡμῖν,
3408 4555 3510 4608 οὐκ
3539 4555 3605 4609 ἂν
3643 4551 3800 4626 εὗρεν
3825 4561 3862 4631 ή

2191 4640 2336 4710 ψυχὴ
2378 4640 2644 4693 κινεῖσθαι
2666 4640 2706 4711 ο]
2748 4644 2794 4695 εί
2824 4642 3104 4712 πανταχοῦ
3138 4645 3539 4718 διεϐαστάζετο,
3573 4650 3744 4720 ἀηδὴς
3770 4646 3859 4721 ἦν.

2191 4738 2300 4806 Ούχ
2332 4737 2480 4806 ὁρᾷς,
2511 4738 2592 4790 ὅτι
2621 4739 2715 4790 καὶ
2744 4742 2963 4806 τροφοῖς
2989 4741 3503 4810 παρακελευόμεθα,
3541 4745 3615 4814 μὴ
3638 4745 3862 4800 διαπαν-

2187 4835 2278 4896 τὸς
2315 4833 2600 4902 βαστάζειν
2632 4834 2700 4886 τὰ
2732 4834 2920 4886 παιδία
2942 4874 2955 4895 ,
2994 4834 3133 4887 ὥστε
3165 4835 3238 4906 μὴ
3277 4838 3356 4900 εἰς
3402 4837 3523 4902 ἐθος
3555 4840 3691 4894 αύτά
3727 4843 3859 4896 καθ-

2191 4929 2360 4997 ιστᾷν,
2414 4929 2548 4996 μήτε
2599 4927 2818 4996 ἐξίτηλα
2873 4927 3011 4981 αύτά
3065 4933 3273 4997 ποιείνς
3305 4933 3402 4986 Διά
3447 4933 3606 4987 τοῦτο
3651 4935 3717 4988 τά
3765 4939 3855 4992 ἐπ’

2187 5023 2366 5089 ὕψεσιν
2388 5023 2796 5092 ἀνατρεφόμενα
2829 5024 2934 5076 τῶν
2963 5024 3189 5091 γονέων,
3229 5027 3597 5102 ἀσθενέστερα
3623 5033 3848 5100 γίνεται,

2188 5118 2281 5185 τῆς
2311 5117 2522 5184 φειδοῦς
2553 5117 2649 5186 τῆς
2690 5117 2918 5187 ἀκαίρου
2961 5136 3018 5171 τε
3061 5121 3154 5173 καὶ
3179 5107 3850 5198 ἀμέτρου-λυμαινομένης

2183 5209 2361 5262 αὐτῶν
2387 5212 2482 5280 τὴν
2515 5211 2745 5279 ὑγίειαν.
2784 5213 2960 5266 Καλὸν
3001 5215 3096 5268 καὶ
3128 5215 3272 5288 λύπη
3307 5218 3620 5289 σύμμετρος
3642 5260 3657 5282 ,
3689 5222 3849 5278 καλὸν

2182 5308 2275 5358 καὶ
2304 5308 2542 5376 φροντὶς,
2578 5306 2742 5359 καλὸν
2771 5309 2861 5361 καὶ
2883 5309 3078 5364 ἔνδεια·
3118 5315 3373 5385 ἰσχυροὺς
3400 5317 3508 5387 γάρ
3535 5319 3679 5388 ἡμᾶς
3707 5325 3849 5375 ποιεῖ

2183 5402 2318 5454 καλὰ
2355 5403 2446 5454 καὶ
2475 5403 2787 5456 τρὶ-ἐναντία
2808 5422 2819 5432 ·
2860 5407 3088 5461 ἕκαστον
3122 5412 3231 5480 γάρ
3262 5413 3439 5465 αὐτῶν
3481 5414 3712 5485 ἄμετρον
3755 5433 3845 5484 γε-

2180 5499 2400 5566 νόμενον
2427 5498 2709 5562 ἀπόλλυσι,
2733 5500 2822 5552 καὶ
2846 5501 2904 5553 τὸ
2929 5502 3028 5571 μὲν
3055 5508 3259 5572 χαυνοῖ,
3278 5508 3336 5559 τὸ
3359 5508 3414 5560 δὲ
3438 5509 3520 5561 δια
3529 5511 3839 5579 ρῤήγνυσιν.

2178 5596 2289 5664 Οὐχ
2317 5597 2465 5666 ἐρᾷς,
2501 5597 2581 5647 ὅτι
2608 5595 2846 5660 καὶτοὺς
2872 5598 3036 5652 αὑτοῦ
3073 5601 3318 5670 μαθητάς
3353 5605 3381 5656 ὁ
3412 5606 3643 5674 Χριστὸς
3674 5605 3840 5674 οὕτως

2177 5691 2392 5759 ἐνάγει;
2437 5690 2499 5741 Εἰ
2545 5691 2742 5742 ἐκεῖνοι
2783 5691 2839 5745 δὲ
2882 5694 3086 5748 τούτων
3137 5698 3379 5766 ἐδέοντο,
3423 5702 3601 5771 πολλῷ
3647 5705 3836 5770 μᾶλλον

2173 5790 2353 5856 ἡμεῖς.
2382 5789 2439 5839 Εἰ
2469 5787 2522 5838 δὲ
2547 5785 2796 5857 δεόμεθα,
2825 5791 2899 5860 μὴ
2925 5792 3338 5867 ἀγανακτῶμεν,
3369 5800 3498 5852 ἀλλᾶ
3524 5801 3618 5854 καὶ
3644 5803 3832 5875 χαίρω-

2233 5925 2424 5995 Plinius
2464 5923 2605 5971 αὐτου
2661 5925 2915 5986 ἀμηχανία.
3004 5932 3025 5962 ε
3066 5929 3124 5980 Ὃ
3173 5936 3382 5992 τοιοῦτος
3429 5939 3525 5988 duo
3560 5939 3696 5989 codd.
3735 5955 3823 5995 non

2173 5987 2367 6036 habem-
