4056 6432
166 474 223 530 -η
1121 452 1188 508 IN
1227 447 1401 506 acra
1445 438 1719 500 APOSTOI

1826 437 1965 496 ιυιι.
2006 436 2234 495 ιιοιιιι.
2276 432 2410 494 LIV.

132 594 313 644 tierunt
340 601 357 649 ;
407 583 534 638 hinc
570 577 717 633 enim
749 574 826 629 illi
857 567 1190 628 sacerdotale
1220 561 1594 620 indumentum
1622 569 1719 627 pa-

132 691 292 741 ratur,
325 677 462 729 tiara
491 667 810 740 imponitur,
839 675 893 720 et
922 661 1165 730 reliquus
1193 654 1422 709 vestium
1459 657 1719 741 ornatus,

135 783 180 825 ιι
215 736 488 822 ordinatio
515 736 634 832 ejus
659 759 778 814 sine
807 753 968 809 dubio
992 748 1063 804 sit
1083 749 1101 781 ¹
1126 762 1144 815 ;
1185 753 1245 801 ut
1271 743 1526 811 deinceps
1549 736 1722 832 admio

133 859 319 916 rationi
355 830 620 911 habeatur
649 865 679 903 a
713 847 912 903 lamina
938 857 1098 899 aerea.
1146 838 1312 895 Scitis
1341 835 1509 906 probe
1546 830 1720 885 histo-

132 953 251 1005 tiam
282 967 298 1003 :
322 947 552 1014 ideoque
578 949 962 1012 praetercurro.
989 932 1053 987 Et
1077 931 1122 987 si
1152 928 1335 994 vultis,
1366 925 1539 997 prisca
1568 936 1632 978 ea
1652 920 1722 1014 de

132 1061 182 1099 re
206 1011 489 1096 adeamus.
515 1034 649 1090 Cain
679 1032 899 1085 fratrem
929 1023 1156 1087 occidit;
1197 1019 1292 1077 sed
1330 1019 1410 1074 sic
1449 1016 1523 1072 illi
1553 1011 1722 1084 magis

129 1130 323 1200 profttit
350 1147 366 1182 :
409 1125 532 1180 audi
563 1122 707 1177 cnim
747 1117 874 1189 qutid
903 1116 1082 1172 dicat:
1119 1110 1232 1167 Vos
1254 1106 1515 1200 saiuguuinis
1542 1101 1721 1200 [renis

128 1192 196 1275 lui
226 1221 420 1275 clamat
445 1215 515 1269 ad
544 1229 622 1267 me
656 1209 808 1283 (Gen.
837 1209 891 1263 ὅ.
922 1205 1048 1274 l0);
1075 1211 1129 1258 ct
1159 1214 1347 1256 ruursuus
1375 1196 1532 1251 alibi:
1578 1192 1718 1283 sen-

127 1315 273 1382 guine
301 1308 489 1363 melius
515 1280 748 1366 loquente
773 1313 924 1369 quam
949 1295 1071 1349 Abel
1097 1290 1299 1363 (Hebr.
1340 1286 1428 1382 te.
1462 1283 1588 1353 at).
1632 1280 1722 1382 ιιι-

126 1374 332 1456 beravit
385 1398 530 1451 illum
574 1393 644 1447 ab
688 1393 894 1444 incerto
934 1384 1090 1439 fuutuuri
1119 1424 1132 1445 ,
1175 1377 1478 1435 mercedem
1523 1374 1715 1427 auxit:

128 1491 378 1544 novimus
401 1499 590 1541 omnes
613 1481 958 1536 dilectionem
983 1516 998 1540 ,
1038 1487 1199 1543 quaun
1246 1471 1385 1524 Deus
1411 1479 1534 1534 erga
1569 1464 1718 1516 illum

127 1568 327 1636 habuit.
381 1578 435 1632 In
467 1589 573 1644 quo
601 1572 764 1627 lmsus
788 1577 904 1634 εει,
937 1565 1094 1621 citius
1119 1573 1295 1616 morte
1328 1555 1569 1613 Sttblaltts
1589 1553 1625 1644 3r
1665 1552 1718 1605 in

130 1671 317 1725 nullo:
362 1643 495 1736 quid
528 1663 708 1725 enim,
746 1672 951 1728 quaeso,
993 1654 1267 1708 iucrantur
1308 1649 1342 1703 ii
1389 1646 1479 1714 qui
1520 1643 1722 1736 tardius

127 1734 476 1816 moriuntur?
516 1752 703 1808 Nihil:
738 1762 911 1817 neque
938 1745 1080 1800 enim
1111 1741 1339 1796 felicitas
1380 1753 1447 1793 ex
1487 1743 1594 1792 vita
1633 1734 1716 1788 vel

128 1855 283 1922 longa
315 1848 401 1904 vel
440 1842 596 1901 brevi
625 1839 852 1912 pendet,
881 1837 974 1891 sed
1009 1851 1077 1890 ex
1117 1848 1219 1899 eo,
1246 1828 1389 1901 quod
1427 1827 1534 1883 vita
1580 1827 1717 1922 bene

127 1918 362 1997 utamur.
388 1937 524 1992 Tres
552 1933 702 2004 puueri
735 1930 912 1998 injecti
943 1935 1072 1983 sunt
1098 1928 1152 1980 in
1179 1926 1451 1978 fornacem
1475 1961 1490 1982 .
1514 1927 1571 1974 ct
1596 1918 1723 1972 hinc

123 2033 383 2089 clariores
408 2025 586 2082 effecti
613 2032 778 2079 sunt:
810 2018 991 2074 Daniel
1014 2018 1066 2070 iuu
1089 2015 1283 2080 lacum,
1313 2021 1370 2068 et
1393 2011 1517 2067 inde
1543 2009 1721 2080 splen-

124 2124 299 2179 didior
325 2117 595 2175 ascendit.

189 2213 244 2269 5.
290 2209 619 2266 Teutaliones
639 2220 824 2275 magna
845 2201 1047 2274 pariunt
1067 2196 1218 2252 betta.
1247 2224 1317 2236 —
1338 2192 1499 2249 Vides
1523 2190 1721 2261 ubique

126 2303 455 2359 tentationes
495 2310 686 2366 magna
719 2307 908 2363 parere
939 2291 1109 2352 bona,
1147 2287 1307 2342 etiam
1353 2285 1478 2349 hie,
1523 2290 1721 2352 quauuto

124 2393 291 2463 magis
321 2390 472 2445 iliicl
508 2387 565 2441 In
598 2383 797 2439 malitia
825 2391 1004 2436 autem
1032 2379 1172 2433 idem
1202 2375 1412 2440 evenit,
1440 2388 1503 2428 ac
1530 2374 1573 2426 si
1600 2372 1721 2441 quis

122 2469 386 2539 rﬂamum
427 2478 673 2540 habens,
705 2474 979 2546 prazlietur
1020 2481 1208 2526 contra
1247 2469 1466 2537 ignem:
1508 2464 1720 2518 videtur

123 2577 263 2632 enim
297 2576 478 2646 ignem
511 2579 818 2642 percutere,
847 2576 900 2623 et
928 2567 1100 2627 ipsum
1127 2563 1470 2634 fulgidiorem
1498 2559 1642 2625 facit,
1665 2567 1720 2613 et

121 2668 357 2738 seipsuum
388 2662 680 2718 consumit.
705 2658 902 2714 Malitia
935 2669 1166 2726 namque
1194 2653 1374 2709 virtuti
1405 2652 1717 2706 alimentum

122 2771 174 2813 et
205 2755 514 2828 splendoris
532 2752 747 2808 occasio
773 2760 854 2806 est
881 2767 896 2803 :
932 2764 1054 2803 nam
1081 2748 1192 2802 Deo
1218 2745 1474 2815 injustitia
1504 2753 1561 2798 ut
1581 2757 1719 2812 epos

121 2858 201 2904 est
237 2855 456 2910 utentc,
502 2860 590 2900 res
619 2851 819 2898 uestra:
860 2841 1027 2911 magis
1060 2840 1281 2909 fulgent.
1329 2837 1561 2892 Rursum
1603 2835 1716 2890 dia-

124 2939 275 2994 belus
305 2952 432 2991 cum
463 2936 571 2989 tale
597 2932 871 3004 quidpiam
901 2938 1176 3001 operatur,
1202 2943 1298 2982 eos
1327 2927 1417 2997 qui
1447 2926 1720 2996 patiuntur

119 3026 521 3100 splendidiores
549 3022 746 3079 reddit.
779 3021 890 3077 Cur
913 3036 1042 3092 ergo
1062 3059 1078 3085 ,
1123 3018 1335 3089 inquies
1360 3058 1376 3084 ,
1418 3016 1472 3071 in
1512 3015 1718 3070 Adamo

123 3134 226 3173 non
261 3118 372 3172 tale
399 3115 677 3186 quidpiam
703 3114 898 3167 factum
935 3119 1040 3178 est,
1071 3109 1166 3166 sed
1196 3108 1289 3164 ille
1313 3106 1719 3178 iguominiosior

117 3220 199 3264 est
228 3208 518 3265 redditus?
541 3208 714 3263 Etiam
747 3206 837 3259 illo
866 3212 1038 3275 utpar
1057 3209 1175 3257 erat
1204 3215 1334 3256 usus
1357 3208 1441 3255 est
1466 3198 1610 3253 Deus
1633 3213 1648 3263 ;
1672 3199 1716 3252 si

116 3315 245 3354 vero
273 3299 404 3370 quid
429 3311 619 3369 passus
640 3297 732 3358 sit,
757 3296 870 3365 ipse
889 3295 1126 3364 seipsum
1167 3291 1307 3347 laesit
1333 3308 1346 3344 :
1373 3305 1494 3344 nam
1515 3305 1633 3360 qua:
1649 3288 1718 3342 ab

115 3392 233 3446 aliis
276 3391 440 3445 nobis
497 3389 838 3454 inferuntur,
884 3399 1199 3454 magnorum
1249 3381 1404 3436 nobis
1454 3381 1715 3435 bonorum

112 3498 296 3537 causa
338 3490 502 3543 suunt;
544 3495 666 3550 quae
705 3489 884 3534 autem
924 3493 954 3531 a
983 3475 1139 3530 nobis
1181 3474 1311 3546 ipsis
1339 3514 1355 3538 ,
1408 3488 1513 3527 non
1565 3473 1713 3527 item.

112 3573 249 3641 Quia
292 3574 441 3628 enim
485 3571 554 3626 ab
593 3570 716 3624 aliis
755 3569 868 3625 laesi
912 3567 1200 3632 dolemus,
1255 3581 1286 3620 a
1334 3566 1488 3621 nobis
1535 3576 1714 3620 auteun

114 3663 247 3732 ipsis
275 3678 384 3718 non
417 3663 570 3726 item,
598 3658 833 3715 ostendit
864 3660 1000 3714 Deus
1016 3656 1268 3727 eum,quui
1296 3657 1364 3710 ab
1387 3657 1495 3710 alio
1523 3655 1717 3724 injuste

116 3754 318 3822 patitur
337 3792 355 3818 ,
385 3752 590 3808 clarum
618 3763 741 3805 esse
762 3790 778 3815 ,
806 3764 928 3804 eum
960 3763 1119 3813 vero,
1148 3748 1237 3817 qui
1268 3747 1501 3816 seipwm
1532 3746 1676 3800 laedit
1697 3786 1713 3809 ,

111 3845 375 3899 damnum
404 3841 547 3896 ferre
572 3860 585 3896 :
613 3850 670 3896 et
688 3841 813 3910 jure
836 3838 1076 3910 quidem,
1102 3847 1163 3892 ut
1188 3837 1318 3892 illud
1348 3837 1555 3891 fortiter
1581 3836 1717 3890 fera-

115 3952 257 4002 mus,
285 3945 344 3992 ct
377 3949 484 3987 non
513 3933 614 3988 hoc
637 3950 651 3986 :
677 3931 915 4000 alioquin
940 3945 1070 3986 vero
1091 3938 1260 3984 totum
1284 3930 1354 3983 ibi
1378 3927 1478 3983 fuit
1503 3928 1713 3982 Adasni.

113 4027 224 4081 Cur
251 4027 403 4081 enim
428 4023 693 4078 credebas
720 4021 974 4075 mulieri?
1000 4035 1095 4074 cur
1110 4019 1332 4074 adversa
1349 4020 1714 4074 consulentem

117 4131 222 4169 non
257 4112 554 4184 repulistil
597 4111 678 4166 Tu
723 4110 944 4165 omnino
976 4109 1028 4164 in
1069 4123 1228 4163 causa
1273 4108 1457 4163 fuisti:
1505 4123 1627 4162 nam
1671 4108 1716 4162 si

114 4204 376 4259 diabolus
409 4202 462 4255 iuu
494 4215 658 4255 causa
688 4209 855 4267 esset,
883 4206 1160 4268 oporteret
1182 4213 1374 4252 omnes
1398 4197 1484 4267 qui
1511 4205 1720 4251 tentan-

119 4307 202 4350 tur
231 4296 416 4364 perire
445 4311 459 4348 :
489 4290 632 4363 quod
660 4291 704 4346 si
738 4305 842 4345 non
871 4298 1133 4362 pereunt,
1169 4290 1221 4344 in
1249 4289 1404 4345 nobis
1428 4303 1587 4344 causa
1613 4299 1716 4344 est.

117 4391 181 4441 At
201 4392 505 4455 oporteret.
526 4382 755 4453 inquies,
771 4395 961 4436 omnes
976 4381 1063 4450 qui
1085 4389 1359 4436 tentantur
1375 4387 1519 4435 recte
1536 4395 1716 4451 agerc;

116 4476 220 4541 vel,
251 4475 299 4529 si
327 4489 429 4527 nos
453 4473 508 4527 in
537 4487 699 4528 causa
725 4485 935 4537 sumuus,
968 4471 1129 4526 etiam
1161 4472 1364 4540 absque
1388 4471 1603 4527 diabolo
1629 4489 1722 4542 pe-

117 4566 224 4619 rire
251 4566 277 4617 2
327 4563 442 4618 lloc
482 4561 645 4617 etiam
690 4563 903 4627 evenit;
950 4577 1073 4616 nam
1117 4561 1270 4616 multi
1314 4563 1474 4617 etiam
1519 4563 1721 4633 absque

117 4655 340 4711 diabolo
381 4667 649 4725 pereunt:
694 4670 866 4725 neque
906 4655 1048 4709 enim
1077 4653 1170 4709 ille
1195 4655 1374 4709 omnia
1401 4655 1562 4710 efficit
1581 4695 1599 4719 .
1626 4656 1720 4712 sed

117 4747 284 4802 etiam
328 4747 498 4801 muulta
530 4744 664 4799 fiunt
698 4760 765 4799 ex
802 4745 1007 4815 ignavia
1036 4751 1220 4799 nostra
1249 4763 1262 4799 :
1290 4745 1432 4815 quod
1459 4746 1502 4799 si
1536 4746 1626 4801 ille
1666 4745 1721 4801 in

118 4853 284 4892 causa
313 4839 408 4897 sit.
439 4836 596 4890 nobis
622 4835 807 4905 utique
833 4841 1019 4890 ansam
1048 4835 1429 4905 praebentibus.
1460 4835 1554 4890 Dic
1578 4837 1722 4891 enim

123 4928 635 4998 uuibi,quuandonaun
665 4926 916 4982 diabolus
944 4936 1150 4982 tantem
1189 4928 1358 4983 valuit
1396 4929 1447 4983 in
1489 4929 1724 4984 Judam?

121 5022 352 5089 Quando
381 5023 655 5090 ingressus
681 5031 764 5076 est
783 5060 796 5084 ,
830 5021 1069 5094 inquies,
1100 5021 1154 5076 in
1181 5037 1305 5077 eum
1333 5031 1571 5078 satanas.
1617 5023 1722 5078 Sed

126 5114 248 5168 audi
276 5127 498 5169 causam
529 5131 542 5167 :
573 5113 697 5182 quia
729 5112 812 5166 fur
837 5122 996 5179 erat,
1043 5121 1101 5169 et
1141 5107 1262 5184 qua:
1302 5115 1725 5170 immittebantur

128 5211 398 5279 portabat.
429 5206 549 5277 Ipse
588 5205 738 5260 dedit
777 5207 850 5261 illi
893 5207 1057 5263 latum
1090 5207 1422 5278 ingrediendi
1450 5209 1678 5279 spatium
1708 5225 1722 5261 :

128 5312 179 5353 et
208 5301 281 5354 ita
307 5315 415 5354 non
443 5296 696 5353 diabolus
722 5297 929 5353 initiuun
961 5299 1082 5362 dat,
1111 5298 1206 5353 sed
1234 5314 1331 5353 nos
1359 5299 1506 5353 illum
1535 5300 1730 5368 recipi-

131 5405 250 5444 mus
291 5401 346 5445 et
387 5402 667 5446 vocamus.
715 5389 948 5456 Verum,
980 5389 1208 5458 inquies,
1243 5390 1288 5443 si
1317 5391 1402 5445 ille
1426 5405 1531 5446 non
1559 5399 1725 5456 esset,

133 5475 234 5534 non
263 5480 443 5549 gravia
472 5489 658 5536 essent
684 5479 843 5533 unala.
887 5480 992 5535 Sed
1036 5468 1344 5536 inevitabile
1379 5495 1478 5534 nos
1521 5482 1726 5550 suppli-

131 5572 268 5624 cium
299 5580 540 5624 mancret
566 5587 580 5623 :
608 5585 751 5623 nunc
776 5568 940 5634 cuiun,
967 5569 1184 5633 dilecte,
1204 5584 1360 5638 pcena
1384 5569 1539 5625 nobis
1564 5570 1730 5625 levior

134 5677 213 5714 est
237 5679 252 5725 ;
296 5661 340 5716 si
384 5675 517 5716 vero
542 5676 610 5714 ex
645 5661 798 5714 nobis
825 5660 954 5730 ipsis
979 5659 1160 5730 gravia
1191 5670 1523 5732 patraremus
1546 5702 1562 5728 ,
1591 5662 1731 5716 into-

199 5816 217 5850 ι
253 5821 376 5878 t‘nus
395 5815 652 5878 habet"...
679 5813 1024 5878 reddiderunt,
1048 5818 1098 5865 ut
1115 5815 1361 5865 ordinatio
1373 5810 1479 5878 ejus
1505 5827 1606 5868 stne
1633 5819 1724 5868 du-

146 5874 204 5924 bii
232 5875 308 5934 sit.
327 5879 524 5927 omissis
549 5875 882 5924 internis-iliis.

3325 429 3423 485 3:3

1824 550 2053 607 lembulo
2076 560 2220 607 esset
2245 548 2591 620 supplicium.
2627 552 2720 602 llic
2751 546 2895 602 eniun
2915 586 2932 612 ,
2963 560 3079 609 oro,
3107 547 3152 600 si
3179 559 3242 602 ea
3262 587 3277 610 ,
3305 559 3428 614 qua:

1826 645 2069 713 peccavit
2093 641 2286 708 Adam,
2316 642 2519 712 absque
2545 641 2774 696 consilio
2801 650 3098 710 peccasset,
3127 639 3251 710 quis
3276 637 3425 694 illum

1823 752 1889 792 ex
1918 737 2172 808 periculis
2191 734 2529 805 eripuisset?
2555 733 2950 804 Sed.'ituquics,
2981 749 3087 787 non
3115 739 3415 803 peccasset.

1827 827 2105 884 Undenam
2142 827 2246 884 luoc
2276 828 2408 882 milui
2436 826 2618 882 dicis?
2644 825 2746 894 Qui
2785 826 2932 879 enim
2974 824 3047 879 ita
3086 823 3268 879 mollis
3309 832 3427 878 erat

1820 927 1875 974 et
1920 918 2176 990 ignavus,
2220 929 2384 988 atque
2419 917 2488 972 ad
2531 903 2892 988 insipientiam
2938 929 3135 986 pronus
3163 955 3178 974 .
3223 923 3280 968 ut
3321 915 3426 968 talo

1821 1009 2105 1066 wnsilium
2133 1009 2422 1079 acciperet,
2453 1009 2624 1064 muulto
2649 1009 2820 1080 magis
2849 1009 3010 1064 etiaun
3051 1022 3120 1063 ex
3168 1018 3229 1060 se
3269 1002 3425 1060 frcis-

1821 1109 1922 1156 set.
1967 1101 2100 1168 Quis
2127 1099 2377 1156 diabolus
2401 1100 2624 1171 Josephi
2650 1099 2845 1156 fratres
2882 1101 2936 1154 in
2966 1099 3218 1154 invidiam
3244 1097 3428 1169 conje-

1822 1192 1935 1248 cit?
1959 1191 2014 1249 Si
2043 1193 2324 1263 vigilemus
2347 1207 2479 1264 ergo
2496 1233 2512 1257 ,
2539 1192 2760 1258 dilecti,
2791 1191 2945 1246 nobis
2969 1190 3217 1244 diabolus
3240 1190 3426 1260 gloria:

1822 1290 2011 1338 auctor
2053 1286 2179 1338 erit.
2221 1282 2361 1352 Quid
2391 1283 2537 1339 euiun
2563 1281 2701 1338 Job‘o
2729 1283 2915 1337 nocuit
2940 1293 3144 1335 tantum
3173 1281 3314 1335 illius
3340 1296 3425 1334 ar-

1824 1371 2092 1428 tificium?
2125 1373 2201 1428 Νε
2233 1374 2354 1438 hoc,
2386 1375 2617 1444 inquies,
2645 1374 2884 1438 dixeris;
2929 1373 3023 1428 sed
3062 1372 3151 1442 qui
3183 1373 3426 1426 infirmus

1823 1475 1902 1520 est
1930 1464 2167 1519 beditur.
2197 1467 2268 1520 Λι
2299 1466 2566 1530 infirmus,
2595 1467 2805 1522 etiamsi
2835 1466 3083 1520 diabolus
3113 1479 3216 1518 non
3243 1474 3383 1519 esset
3411 1506 3423 1523 .

1824 1557 2047 1628 perinde
2078 1558 2312 1613 lzuulitur.
2345 1558 2545 1615 Vemm
2596 1575 2864 1629 repones,
2906 1559 3078 1629 magis
3116 1573 3240 1613 eum
3283 1557 3428 1611 illiuus

1822 1649 2139 1718 operatione
2166 1648 2399 1703 l.rditur.
2444 1649 2551 1705 Sed
2579 1651 2624 1704 si
2651 1664 2774 1704 cum
2799 1649 2942 1704 illius
2965 1648 3278 1720 operatione
3305 1663 3424 1717 pec-

1822 1742 2058 1805 caverit,
2086 1741 2266 1795 minus
2293 1742 2552 1810 punitur:
2595 1756 2768 1810 neque
2794 1741 2940 1797 enim
2966 1740 3208 1796 omnium
3239 1753 3428 1810 pecca-

1825 1843 1999 1887 torum
2030 1847 2187 1900 parcs
2213 1844 2337 1888 sunt
2363 1848 2558 1905 preme.
2605 1832 2682 1888 Ne
2727 1849 2826 1888 nos
2866 1834 3012 1904 ipsos
3051 1833 3423 1903 decipiannus:

1824 1933 2041 1980 nonest
2081 1925 2317 1981 nobisin
2356 1940 2519 1981 causa
2556 1925 2840 1990 diabolus,
2877 1925 2922 1980 si
2963 1925 3290 1996 vigilemus:
3337 1923 3428 1979 ille

1825 2031 1922 2069 nos
1947 2015 2116 2086 magis
2139 2016 2513 2073 somnoleutos
2540 2019 2762 2074 excitat.
2793 2017 2888 2072 Dic
2912 2017 3055 2072 cnim
3084 2017 3215 2072 mihi
3243 2017 3428 2087 (inte-

1825 2106 1925 2160 rim
1971 2107 2086 2161 haec
2111 2108 2525 2176 cxamincmus)
2551 2125 2564 2161 :
2595 2123 2702 2163 non
2732 2109 2838 2162 sint
2865 2106 3024 2174 ferm,
3054 2122 3162 2162 non
3192 2108 3263 2162 sit
3285 2107 3429 2164 aeris

1824 2195 2168 2265 intemperies
2191 2236 2208 2262 ,
2241 2213 2348 2251 non
2373 2196 2595 2253 morbus
2620 2237 2635 2259 ,
2667 2212 2771 2251 non
2798 2197 3018 2253 dolores
3044 2238 3061 2258 ,
3090 2213 3196 2252 non
3224 2211 3428 2250 lllt‘Pl'O-

1823 2301 1948 2349 res,
1977 2300 2078 2341 nec
2106 2287 2234 2356 quid
2276 2288 2494 2343 simile:
2545 2289 2637 2357 qui
2681 2303 2786 2344 non
2821 2288 2991 2344 factus
3035 2298 3180 2344 esset
3219 2287 3430 2344 homo?

1825 2377 2028 2433 Porcus
2054 2379 2227 2450 magis
2249 2394 2411 2450 quam
2440 2381 2604 2436 homo
2622 2423 2637 2447 ,
2668 2392 2728 2434 ut
2755 2381 2967 2436 videtur
2994 2383 3122 2435 milui
3143 2421 3160 2448 ,
3205 2381 3426 2449 fuisset,

1820 2469 1959 2538 gula:
1989 2478 2043 2524 et
2083 2469 2333 2524 ebrietati
2372 2485 2434 2526 se
2474 2471 2682 2527 dedens
2707 2515 2720 2534 ,
2763 2481 2817 2526 et
2857 2488 2885 2525 a
2932 2473 3081 2527 nullo
3121 2488 3309 2528 eoruuuuu
3348 2470 3429 2528 in-

1824 2561 2233 2617 terturbaretur.
2259 2561 2413 2617 Nunc
2453 2577 2584 2618 vero
2625 2578 2769 2618 cure
2795 2573 2852 2619 et
2892 2565 3304 2631 sollicitudines,
3325 2579 3424 2637 gy-

1822 2651 2089 2707 mnasium
2130 2660 2186 2706 et
2225 2652 2409 2707 scluola
2436 2653 2792 2724 philosophiae
2821 2665 2949 2710 suunt
2979 2655 3052 2710 illi
3079 2698 3094 2722 ,
3135 2665 3297 2726 atque
3337 2654 3426 2711 ln-

1820 2741 2032 2794 stitutio
2055 2741 2278 2811 optima.
2299 2741 2413 2797 Hoc
2443 2743 2567 2798 item
2597 2745 2873 2812 perpende
2896 2763 2909 2798 :
2938 2745 3201 2800 cducetuur
3223 2745 3346 2816 quis
3371 2743 3424 2802 in

1819 2833 1966 2903 regia
1994 2832 2112 2888 siuue
2147 2832 2336 2890 dolore
2372 2849 2473 2890 nec
2509 2850 2638 2890 cura
2678 2836 2760 2891 vel
2808 2836 3208 2904 sollicitudine,
3251 2852 3426 2906 neque

1821 2922 1915 2976 ira:
1959 2924 2044 2977 vel
2090 2924 2368 2980 infortunii
2411 2927 2758 2981 occasionem
2803 2924 2997 2982 habeat
3024 2969 3040 2994 ,
3091 2927 3188 2983 sed
3243 2928 3421 2982 omnia

1819 3029 1937 3084 qua:
1957 3015 2328 3081 concupiverit
2349 3014 2508 3070 faciat
2546 3026 2601 3071 et
2639 3027 2981 3087 assequuntur,
3004 3033 3302 3088 omnesque
3328 3019 3424 3074 ha-

1825 3107 1949 3161 beat
1974 3107 2077 3162 sibi
2105 3108 2510 3177 obsequentes:
2559 3125 2737 3164 annon
2764 3111 2893 3166 talis
2932 3109 3098 3166 homo
3124 3113 3269 3166 omni
3309 3110 3420 3167 fera

1821 3199 2244 3255 irrationabilior
2271 3201 2362 3256 flet
2384 3201 2409 3254 ἲ

1892 3296 2256 3350 Calamilatum
2283 3297 2496 3352 utilitas.
2515 3296 2755 3354 —Nuunc
2781 3313 2914 3353 vero
2936 3297 3073 3354 sicut
3101 3313 3196 3354 cos
3223 3312 3423 3355 acuens

1820 3398 1920 3440 nos
1949 3395 2077 3439 sunt
2115 3387 2490 3440 calamitates:
2539 3387 2662 3440 ideo
2693 3402 2957 3457 pauperes
2994 3389 3253 3444 divitibus
3295 3398 3423 3445 sunt

1819 3486 1876 3530 ut
1925 3477 2215 3547 plurinuum
2265 3478 2662 3546 sapientiores.
2715 3489 2901 3550 utpote
2945 3480 3126 3535 multis
3172 3481 3422 3537 fluctibus

1818 3569 1994 3624 vexati
2024 3579 2077 3624 et
2117 3571 2418 3626 exercitati.
2462 3569 2596 3625 Nam
2636 3585 2834 3641 corpus
2863 3572 3098 3627 otiosum
3127 3584 3183 3628 ct
3222 3575 3419 3628 immo-

1819 3670 1931 3714 tum
1956 3702 1973 3728 ,
2003 3662 2207 3716 morbis
2234 3661 2527 3717 obnoxium
2554 3671 2640 3717 est
2668 3673 2722 3716 et
2750 3662 2992 3719 deforme
3017 3680 3032 3729 ;
3065 3665 3208 3734 quod
3239 3675 3418 3721 autem

1819 3760 2072 3807 movetur
2115 3761 2170 3806 et
2213 3750 2425 3806 laborat
2465 3751 2825 3822 affligiturquue
2850 3795 2866 3819 ,
2909 3754 3195 3811 formosius
3240 3765 3324 3811 est
3365 3767 3424 3813 et

1818 3845 2042 3899 sanius:
2080 3843 2181 3899 hoc
2207 3844 2368 3899 etiam
2402 3845 2456 3899 iuu
2492 3846 2671 3900 anima
2705 3847 2944 3915 reperire
2973 3858 3076 3904 cst.
3123 3849 3188 3902 Et
3221 3848 3418 3904 ferruun

1819 3937 1863 3991 si
1890 3935 2093 4005 jaceat,
2123 3935 2426 4005 rubiginem
2455 3937 2726 3991 contrahit
2753 3953 2768 3997 ;
2800 3938 2844 3992 si
2873 3949 3191 3993 exerceatur
3219 3949 3418 4003 autem.

1819 4027 2110 4097 splendet:
2159 4027 2516 4098 similiterque
2544 4028 2725 4082 anima
2766 4045 2887 4099 qua:
2929 4039 3208 4096 movetur;
3255 4033 3424 4086 motio

1819 4126 1996 4173 auutem
2036 4119 2230 4173 anima:
2270 4128 2396 4174 sunt
2437 4119 2773 4175 calamitates
2805 4138 2817 4174 :
2855 4130 3109 4191 artesque
3154 4131 3418 4193 pereunt,

1821 4211 1865 4265 si
1909 4225 2016 4266 non
2049 4219 2336 4265 moveatur
2378 4210 2592 4276 anima;
2624 4223 2876 4267 movetur
2905 4220 3086 4268 autem
3113 4255 3129 4279 ,
3161 4228 3282 4268 cum
3314 4230 3420 4269 non

1820 4301 2000 4355 omnia
2032 4301 2189 4370 plana
2231 4311 2394 4356 sunt:
2429 4309 2675 4356 movetur
2704 4303 2848 4356 euuiun
2893 4316 2924 4356 a
2963 4304 3270 4359 contrariis.
3311 4304 3421 4360 Nisi

1821 4393 2089 4447 contraria
2110 4393 2240 4455 sint.
2269 4392 2402 4448 nihil
2421 4401 2508 4447 est
2530 4393 2674 4463 quod
2699 4403 2949 4448 moveat:
2978 4395 3210 4464 exempli
3236 4411 3421 4458 causa,

1823 4487 1868 4542 si
1898 4487 2081 4540 omnia
2121 4496 2307 4541 essent
2334 4485 2557 4555 pulchre
2587 4484 2723 4542 facta
2749 4527 2763 4546 .
2794 4502 2901 4541 non
2933 4487 3327 4550 inveniretars
3372 4492 3424 4544 in

1822 4594 1930 4649 qtuo
1959 4587 2286 4633 moveretur.
2317 4576 2408 4633 Sic
2439 4578 2522 4648 (α)
2552 4576 2621 4650 [si
2657 4579 2836 4632 omnia
2863 4588 3044 4633 essent
3075 4569 3234 4633 nobis
3271 4579 3423 4650 juxta

1825 4671 2154 4724 voluntatem
2185 4678 2447 4734 nostranu,
2478 4684 2584 4723 uuon
2615 4668 2884 4724 inveniret
2911 4670 3111 4736 anima,
3136 4670 3280 4727 unde
3310 4687 3426 4727 mo-

1826 4772 2043 4818 veretur
2072 4761 2133 4835 :]
2160 4762 2206 4817 si
2239 4762 2435 4833 ubique
2465 4771 2791 4832 gestaretur.
2839 4762 3045 4833 ingrata
3087 4773 3254 4821 esset.
3306 4765 3424 4821 Non

1828 4854 1978 4910 vides
2003 4867 2102 4908 nos
2131 4852 2369 4908 nutrices
2393 4851 2585 4923 jubere
2614 4869 2720 4907 non
2749 4868 2964 4923 semper
2990 4853 3222 4910 infantes
3249 4867 3430 4926 gesta-

1828 4961 1907 5011 re,
1940 4961 2009 5000 ne
2040 4945 2091 4998 in
2126 4945 2265 4999 luanc
2307 4944 2754 5000 consuetudinem
2803 4943 3102 5006 deducauut,
3146 4961 3283 5002 neve
3327 4947 3422 5000 imo

1831 5035 2053 5090 bcciiles
2085 5035 2256 5088 fiant?
2285 5033 2411 5089 Ideo
2435 5033 2528 5102 qui
2568 5034 2623 5088 in
2662 5044 2954 5103 conspectu
2984 5046 3263 5104 parentum
3291 5036 3416 5092 edu-

1829 5134 2052 5192 cantur,
2095 5124 2422 5180 infirmiores
2448 5132 2614 5188 sunt,
2662 5140 2729 5180 eo
2769 5124 2913 5194 quod
2961 5125 3334 5194 intempestiva
3373 5138 3433 5184 et

1833 5216 2185 5272 immoderata
2232 5231 2362 5271 cura
2411 5216 2624 5270 illoruum
2672 5215 3037 5271 valetudinem
3090 5219 3422 5288 pessumdet.

1831 5309 2013 5364 Bonus
2041 5318 2122 5364 est
2151 5308 2308 5364 dolor
2349 5308 2663 5364 moderatus
2687 5349 2704 5374 ,
2747 5307 2886 5363 bona
2912 5323 3038 5364 cura
3065 5349 3081 5375 ,
3123 5311 3259 5364 bona
3307 5312 3431 5365 talis

1832 5408 2083 5470 egestas:
2131 5399 2298 5455 fortes
2324 5400 2468 5454 enim
2501 5413 2600 5453 nes
2624 5398 2855 5454 reddunt
2885 5415 3007 5470 quze
3043 5400 3179 5454 bona
3211 5411 3267 5456 ct
3303 5417 3432 5457 con-

1836 5491 1999 5546 traria
2029 5499 2194 5556 sunt;
2228 5489 2324 5545 sed
2361 5505 2548 5546 coruum
2582 5491 2790 5561 singula
2821 5491 2866 5546 si
2894 5492 3243 5548 immoderata
3283 5493 3392 5549 sint
3416 5535 3432 5557 .

1838 5582 2105 5651 perdunt,
2152 5581 2403 5652 aliudque
2446 5583 2691 5648 emollit,
2734 5583 2880 5638 aliud
2925 5583 3201 5652 dirumpit.
3243 5584 3433 5641 Nonne

1837 5675 1986 5731 vides
2013 5674 2288 5730 Christum
2318 5675 2615 5747 discipulos
2639 5690 2766 5732 suos
2794 5676 2874 5732 sic
2902 5677 3182 5733 instituere
3208 5678 3231 5727 7
3274 5677 3330 5731 Si
3363 5679 3432 5731 illi

1903 5818 1975 5877 (α)
1995 5825 2107 5875 Qua:
2133 5818 2262 5882 inter
2285 5815 2820 5882 uncinosclauuduntur,
2835 5815 3237 5882 nonicgunturin
3252 5806 3436 5877 stanti,

1837 5888 2048 5938 suntque
2073 5892 2180 5941 sum
2200 5878 2296 5927 lcla
2323 5894 2351 5927 ι)
2375 5878 2521 5928 Codd.
2550 5887 2598 5928 el
2619 5877 2761 5928 Silvii.
