4056 6398
183 496 252 534 ne
286 476 520 545 cuipiam
554 476 740 531 liceret
782 489 870 530 me
906 486 1178 534 accusare,
1209 480 1264 524 et
1297 484 1414 539 quae
1442 467 1495 522 in
1533 473 1768 520 mentem

180 569 432 625 venerint
461 568 646 623 dicere
675 583 690 620 :
717 567 842 636 quia
869 579 1056 619 manus
1077 577 1264 617 eorum
1283 560 1465 630 effugi,
1499 568 1550 613 et
1576 557 1641 611 ad
1669 556 1771 610 hoc

180 659 324 715 veni.
381 657 497 714 Non
550 666 607 710 ιιι
644 655 767 709 aliis
803 654 940 707 mala
977 653 1250 717 inferrem,
1281 649 1376 705 sed
1407 659 1464 703 ut
1491 649 1604 718 ipse
1633 645 1769 699 tnala

175 751 499 820 cffugerem,
535 749 677 803 veni.
722 745 802 800 illi
851 761 978 800 vero
1021 755 1291 814 reponunt
1323 759 1337 796 :
1372 742 1631 811 Rogamus
1665 755 1696 790 a
1727 747 1773 791 te

178 843 360 895 audire
399 856 515 910 quo:
551 840 726 893 sentis.
763 836 894 892 Vide
937 837 1058 891 illos
1102 835 1435 891 mansuetius
1466 835 1770 903 loquentes.

185 930 469 1000 Rogamus,
499 929 762 997 inquiunt.
793 937 847 982 et
871 929 1052 982 volunt
1076 927 1235 981 etiam
1262 941 1358 994 pro
1384 925 1488 977 illis
1510 923 1770 976 rationem

191 1023 411 1078 uidere
453 1040 468 1076 :
513 1021 634 1076 ideo
679 1020 966 1074 constituta
1011 1019 1098 1073 die
1141 1025 1426 1071 venerunt.
1487 1015 1601 1069 lloc
1643 1027 1772 1067 vero

175 1127 434 1182 magnum
480 1121 598 1166 erat
631 1111 1026 1179 argumentum,
1075 1107 1218 1177 quod
1242 1121 1301 1162 se
1331 1107 1430 1176 ipsi
1459 1105 1775 1160 damnarent

174 1217 355 1271 neque
404 1201 506 1255 sibi
559 1201 806 1258 fiderent.
834 1198 965 1253 Nam
1010 1198 1056 1253 si
1097 1198 1373 1262 fidissent,
1424 1197 1615 1251 saltem
1643 1211 1773 1249 con-

175 1295 482 1352 venissent.
513 1300 570 1344 ut
595 1292 769 1358 ipsum
802 1304 983 1344 secum
1019 1289 1392 1352 attralterent;
1423 1302 1564 1342 nunc
1593 1297 1772 1342 autem

171 1398 295 1438 cum
340 1397 450 1436 non
504 1379 770 1445 fiderent,
835 1379 967 1450 pigri
1023 1379 1238 1433 fuerunt
1286 1377 1353 1433 ad
1408 1377 1770 1432 veniendum:

171 1474 416 1545 alioquin
445 1489 576 1527 vero
603 1472 788 1535 etiam,
831 1470 974 1540 quod
1018 1484 1166 1538 stepe
1198 1469 1541 1534 tentaverint,
1587 1477 1771 1523 osten-

171 1565 373 1621 derunt
406 1579 468 1618 se
495 1563 744 1618 fiduciam
779 1575 885 1615 neu
918 1560 1134 1615 habere.
1169 1558 1236 1613 Et
1273 1559 1365 1613 alii
1397 1559 1599 1628 quidem
1624 1557 1773 1612 dictis

171 1657 470 1720 credebant,
503 1653 697 1723 inquit,
724 1652 816 1705 alii
845 1667 945 1704 non
972 1650 1262 1716 credebant,
1299 1660 1347 1705 et
1384 1665 1498 1704 cum
1525 1666 1627 1703 non
1653 1665 1774 1703 con-

171 1747 352 1801 mdes
393 1754 587 1808 essem,
616 1742 980 1806 discedebant;
1026 1740 1078 1795 id
1103 1749 1208 1808 est,
1239 1757 1347 1795 non
1378 1739 1662 1795 credentes
1689 1756 1773 1795 re-

173 1837 463 1892 cedebant.
498 1833 634 1889 Vide
659 1831 931 1903 quomodo
976 1847 1119 1886 nunc
1161 1847 1268 1886 non
1301 1832 1354 1886 in
1383 1831 1531 1886 illum
1565 1841 1773 1886 struant

173 1928 432 1992 insidias;
467 1925 562 1981 sed
593 1925 646 1980 in
671 1923 878 1988 Iudaea,
906 1923 996 1978 ubi
1019 1923 1173 1993 quasi
1198 1922 1250 1977 in
1284 1922 1566 1993 tyrannide
1595 1932 1769 1976 erant.

173 2021 280 2076 Cur
308 2035 442 2089 ergo
465 2017 605 2072 Deus
632 2015 869 2087 providit
936 2023 996 2069 ut
1049 2014 1142 2067 illo
1192 2014 1466 2084 migraret,
1484 2013 1722 2083 dixitque
1753 2031 1768 2067 :

176 2111 414 2175 Festina,
443 2111 523 2163 exi
560 2126 625 2163 e1:
660 2107 947 2162 Jerusalem
1001 2107 1139 2176 (Act.
1166 2105 1255 2160 9.2.
1302 2107 1434 2176 18)?
1477 2106 1541 2163 Ut
1583 2122 1770 2160 eorum

176 2207 414 2273 nequitia
464 2205 878 2266 ostenderetur,
933 2217 1143 2256 necnon
1214 2201 1411 2255 veritas
1473 2200 1772 2270 prophetia:

176 2295 397 2360 Christi,
426 2296 569 2366 quod
601 2310 706 2351 non
758 2293 1142 2349 sustinebunt:
1173 2302 1336 2363 utque
1369 2307 1558 2347 omnes
1598 2291 1769 2346 disce-

178 2398 320 2452 rent,
365 2389 538 2458 ipsum
587 2386 654 2442 ad
706 2385 1014 2456 patiendum
1060 2399 1183 2440 esse
1217 2392 1484 2454 paratum.
1516 2383 1674 2453 idque
1703 2381 1770 2436 ad

173 2483 596 2539 consolationem
625 2488 871 2549 vergeret
895 2493 1082 2532 eorum
1103 2519 1116 2539 ,
1147 2477 1235 2545 qui
1267 2484 1425 2530 erant
1453 2477 1504 2529 in
1531 2475 1716 2530 Judtea
1753 2492 1767 2530 :

175 2591 296 2630 nam
318 2584 376 2630 et
412 2574 484 2627 ibi
531 2573 695 2627 multa
723 2571 861 2624 mala
902 2585 1092 2640 passus
1141 2577 1244 2623 est.
1288 2568 1342 2620 Si
1376 2584 1504 2622 veto
1547 2568 1770 2625 Judaica

175 2666 500 2736 praedicans,
545 2672 691 2717 tanta
722 2677 913 2731 passus
946 2664 1048 2721 sit,
1093 2661 1138 2713 si
1181 2659 1526 2729 prmdicassct
1572 2661 1769 2715 Christi

175 2757 432 2827 gloriam,
478 2755 749 2823 quomodo
782 2753 832 2808 id
868 2752 1149 2806 tulissent?
1191 2752 1327 2805 Cum
1355 2765 1416 2806 se
1440 2752 1768 2821 puriiicarct,

176 2865 281 2903 non
304 2857 422 2903 erat
449 2844 768 2908 tolerabilis,
797 2843 1068 2914 quomodo
1087 2854 1265 2898 autem
1296 2842 1593 2911 praedicans
1635 2844 1770 2898 tole-

178 2939 365 2996 rabilis
384 2937 606 2992 fuisset?
633 2938 741 2992 Cur
766 2936 1030 2991 accusatis
1058 2934 1199 2989 nos?
1236 2934 1362 3005 quid
1389 2933 1652 2989 audistis?
1679 2934 1771 2989 Ni-

175 3031 250 3087 hil
287 3031 395 3099 tale
419 3029 574 3085 di'xit.
613 3029 900 3095 ViSttsest,
931 3037 986 3084 et
1012 3043 1201 3083 omnes
1230 3027 1593 3098 exasperavit.
1641 3027 1770 3082 Jure

173 3137 300 3194 ergo
321 3122 571 3192 gentibus
613 3121 760 3176 salus
789 3135 1047 3176 concessa
1075 3131 1177 3184 est,
1207 3120 1331 3190 jure
1357 3120 1544 3191 procul
1572 3121 1768 3175 missus

171 3223 288 3278 est,
339 3212 451 3268 illic
490 3212 740 3282 gentibus
785 3210 1191 3282 przedicaturns.
1246 3210 1526 3281 Perpende
1560 3222 1763 3278 autem,

173 3304 377 3375 primos
404 3301 623 3358 Judaeos
656 3301 916 3366 advocat;
962 3311 1180 3371 postea,
1231 3309 1288 3354 ut
1336 3315 1422 3356 res
1466 3300 1571 3356 illis
1616 3316 1771 3356 mou-

173 3393 388 3459 stravit,
430 3401 558 3446 tunc
600 3391 669 3445 ad
720 3400 910 3462 gentes
967 3391 1132 3445 venit.
1179 3391 1333 3458 Quod
1375 3406 1507 3446 vero
1547 3390 1768 3457 dixerit,

177 3483 319 3538 Dixit
351 3483 599 3553 Spiritus,
629 3481 762 3537 nihil
795 3483 990 3538 mirum
1023 3498 1036 3534 :
1073 3498 1194 3536 nam
1233 3482 1457 3552 angelus
1483 3482 1678 3537 dicitur
1706 3498 1770 3539 ea

171 3574 376 3636 dicere.
424 3588 546 3642 quae
597 3571 859 3628 Dominus
910 3572 1166 3643 loquitur.
1209 3570 1346 3627 Bene
1384 3573 1534 3635 dixit,
1579 3574 1768 3644 inquit,

175 3664 406 3734 Spiritus
469 3673 695 3716 sanctus.
733 3662 838 3718 Sed
883 3663 1111 3728 hie,sic,
1147 3664 1256 3718 illic
1291 3679 1398 3718 non
1436 3665 1584 3720 item.
1619 3665 1771 3720 Alio-

172 3757 300 3823 quin
335 3770 464 3810 vero
487 3770 609 3809 cum
629 3757 700 3810 de
729 3755 1047 3826 quibusdam
1077 3756 1148 3809 ab
1175 3758 1369 3826 angelo
1401 3757 1562 3813 dictis
1595 3759 1770 3829 loqui-

175 3864 317 3911 mur,
343 3862 450 3901 non
479 3847 724 3908 dicimus.
754 3847 897 3901 Bene
925 3847 1058 3902 dixit
1101 3849 1360 3916 angelus;
1391 3849 1486 3904 sed
1518 3849 1662 3904 Bene
1691 3850 1774 3906 di-

176 3942 252 3994 xit
273 3941 553 4002 Dominus,
587 3939 732 3994 Bene
759 3938 891 3994 dixit
918 3939 1181 4009 Spiritus;
1210 3955 1274 3994 ac
1301 3941 1344 3994 si
1376 3939 1623 3997 diceret:
1653 3940 1771 3996 Non

175 4032 307 4084 mihi
361 4029 517 4084 fidem
562 4029 786 4099 negatis,
836 4030 930 4084 sed
974 4029 1216 4098 Spiritui.
1267 4030 1451 4100 Itaque
1491 4032 1598 4086 hoe
1643 4031 1773 4088 olim

177 4124 320 4178 Deus
349 4121 686 4191 praeviderat.
723 4121 823 4187 Qui
848 4137 962 4174 cum
989 4122 1388 4184 nominassent,
1419 4123 1610 4192 inquit,
1640 4124 1750 4178 vale

176 4215 297 4270 baut
321 4230 404 4266 nte
428 4213 715 4276 dimittere;
764 4212 816 4268 id
857 4224 960 4273 est.
993 4212 1126 4267 nihil
1165 4213 1514 4270 damnatione
1553 4216 1774 4287 dignum

178 4306 516 4361 invenientes
559 4307 608 4358 in
661 4319 767 4370 me,
809 4304 1093 4360 absolvere
1121 4304 1390 4360 volebant.
1436 4306 1651 4361 Etcum
1681 4307 1774 4363 de-

178 4399 421 4452 buissent
451 4397 596 4450 illum
630 4397 859 4466 eripere,
890 4396 1226 4452 tradiderunt
1257 4397 1308 4449 in
1341 4412 1534 4452 manus
1571 4398 1774 4453 Roma-

177 4504 373 4543 norum
399 4504 415 4551 ;
447 4498 501 4541 et
533 4496 675 4539 tanta
705 4497 821 4541 erat
853 4487 1112 4542 libertatis
1141 4487 1490 4555 abundantia,
1524 4499 1581 4543 nt
1612 4492 1774 4545 etiam

180 4580 276 4647 ipsi
306 4577 672 4633 condemnare
701 4592 804 4630 non
836 4585 1077 4646 possent,
1129 4578 1223 4631 sed
1257 4580 1490 4632 vinetum
1537 4579 1774 4635 tradide-

181 4678 324 4722 runt.
375 4667 589 4723 Coactus
630 4684 764 4734 sum,
817 4668 1008 4738 inquit,
1057 4670 1319 4738 appellare
1349 4672 1636 4736 (.‘azsarent;
1675 4689 1776 4727 non

177 4763 324 4832 quasi
359 4761 570 4815 habeam
614 4761 678 4813 de
715 4777 811 4825 quo
859 4772 1056 4831 gentem
1091 4778 1253 4815 nteant
1294 4779 1560 4827 accusem;
1593 4764 1642 4818 id
1670 4775 1772 4831 est,

183 4873 286 4908 nun
317 4862 373 4906 ut
405 4855 543 4906 mala
571 4853 692 4906 aliis
714 4852 964 4918 inferam,
989 4852 1084 4907 sed
1110 4863 1165 4906 nt
1187 4869 1274 4908 me
1302 4871 1330 4907 a
1355 4856 1508 4908 malis
1528 4857 1772 4922 liberem,

186 4948 286 4998 hoc
317 4943 440 5005 feci,
467 4959 565 4998 nec
594 4943 805 5005 lubens,
837 4944 928 4996 sed
959 4955 1198 4996 coactus.
1236 4943 1367 4998 Vide
1392 4955 1674 5000 verborum
1701 4960 1778 4999 ta-

184 5037 546 5089 ntiliaritatetn
573 5051 585 5084 τ
615 5049 719 5086 non
748 5051 806 5086 se
834 5034 1089 5098 alit-num,
1121 5034 1212 5087 St'tl
1259 5037 1532 5103 proprium
1569 5037 1674 5090 tllis
1703 5035 1779 5090 fa-

181 5129 273 5188 cit,
299 5142 422 5180 cum
453 5125 602 5185 dicit,
638 5123 812 5176 Gentis
843 5141 980 5178 tltt’w.
1012 5127 1214 5179 linrsus
1242 5136 1418 5179 :|ttlt'.ttl
1449 5128 1637 5196 dogma
1671 5130 1780 5184 dis-

187 5220 432 5274 seminat.
459 5217 567 5272 Nec
597 5218 751 5281 dixit,
782 5233 885 5269 non
914 5234 1141 5282 accuso;
1174 5220 1288 5281 sed,
1322 5219 1442 5274 Non
1467 5221 1622 5275 habco
1643 5223 1780 5289 quod

189 5325 438 5373 accusem,
485 5309 587 5363 etsi
639 5318 743 5360 tam
790 5309 970 5376 gravia
1016 5325 1226 5378 passus.
1261 5310 1398 5364 Nihil
1427 5328 1556 5383 ergo
1589 5316 1778 5367 borum

190 5404 332 5468 dicit,
364 5418 434 5457 ne
458 5417 724 5456 onerosus
748 5413 890 5456 esset
922 5421 932 5454 :
965 5420 1137 5472 neque
1164 5404 1227 5456 ad
1257 5407 1482 5474 gratiam
1531 5409 1659 5476 ipsis
1695 5415 1776 5464 lo.

190 5498 275 5566 qui
302 5495 536 5551 videtur.
572 5495 697 5549 Ideo
721 5510 825 5549 non
857 5507 1042 5562 aperte
1072 5496 1326 5564 loquitur,
1358 5499 1448 5552 sed
1481 5501 1780 5555 subindiCat

193 5598 391 5643 tantum
435 5598 490 5642 et
537 5590 901 5654 prmtercurrit
931 5605 942 5638 :
977 5587 1076 5640 hoc
1115 5589 1258 5640 enim
1295 5590 1505 5643 interim
1539 5595 1778 5648 sttltlcitat

192 5681 495 5745 ostendere,
519 5678 664 5747 quod
695 5677 948 5732 Romanis
974 5679 1118 5731 illunt
1150 5681 1380 5733 \‘ltlt'llllll
1415 5692 1489 5735 tia
1515 5684 1772 5737 litlissent.

197 5771 266 5829 illi
297 5788 426 5828 vero
457 5787 579 5824 cum
624 5771 742 5823 illos
771 5770 1023 5824 damnare
1055 5781 1108 5825 et
1137 5789 1390 5827 :tL‘tfusatc
1434 5776 1778 5842 oportuisset,

1131 353 1196 412 ΙΝ
1237 351 1414 411 ACTA
1455 341 1977 406 APOSTOLORUM.
2019 344 2250 405 ιιοιιιι.
2291 347 2401 405 LV.

3370 349 3480 407 38!

1876 462 2053 530 potius
2082 463 2378 518 defendunt
2406 477 2501 519 eos
2527 481 2541 529 ;
2583 462 2678 518 sed
2714 478 2809 534 per
2837 477 2920 529 ea,
2949 464 3145 534 quibus
3174 465 3477 536 apologiant

1875 562 2187 617 centexunt,
2214 555 2358 622 ipsos
2384 564 2659 609 accusant.
2687 552 2884 608 Notum
2911 564 2983 607 est
3007 557 3172 617 nobis.
3206 556 3475 625 inquiunt,

1874 642 2011 711 quod
2035 643 2217 714 ubique
2242 646 2634 700 contradicitur.
2665 645 2771 701 Sed
2800 647 3010 701 etiamsi
3046 648 3148 701 hoc
3176 649 3395 720 conting
3416 662 3475 715 νι,

1875 745 2110 788 attamen
2139 735 2338 806 ubique
2360 737 2603 793 creditis.
2638 738 2835 805 Quibus
2862 740 3165 806 exponebat,
3215 741 3406 812 inquit,
3451 759 3482 793 a

1877 823 1985 894 lege
2009 833 2057 878 et
2084 826 2363 894 prapltetis.
2399 827 2531 882 Vide
2558 843 2746 882 rursus
2769 828 2922 882 illum
2949 846 3054 884 nun
3089 846 3118 883 a
3160 832 3349 901 signis,
3385 833 3480 887 sed

1876 929 1905 967 a
1934 915 2049 985 h-ge
2097 928 2150 970 et
2192 918 2467 987 prophetis
2511 933 2574 974 os
2619 919 2730 974 illis
2767 919 3040 985 ohturare,
3071 931 3124 976 et
3149 923 3347 993 ubique
3375 924 3478 976 hoc

1876 1018 2057 1074 agere,
2100 1007 2200 1061 etsi
2233 1008 2420 1063 liceret
2459 1009 2610 1078 signa
2660 1007 2875 1073 facere;
2926 1010 3022 1065 sed
3068 1010 3328 1081 deinceps
3373 1029 3478 1066 non

1879 1099 2001 1152 lidei
2045 1115 2133 1154 res
2173 1100 2361 1155 fuisset
2394 1118 2406 1154 :
2441 1116 2693 1172 magnum
2734 1104 2877 1156 enim
2911 1114 3028 1157 erat
3067 1103 3279 1175 signum
3307 1122 3334 1159 a
3365 1107 3481 1175 lege

1877 1198 1928 1242 et
1955 1189 2232 1259 prophetis
2263 1191 2554 1247 disserere.
2588 1192 2822 1259 Deinde,
2866 1210 2934 1249 ne
2963 1205 3114 1263 putes
3143 1210 3254 1250 rem
3284 1212 3477 1250 novant

1877 1296 2019 1349 esse,
2066 1283 2207 1352 quod
2248 1283 2325 1339 illi
2365 1285 2628 1340 increduli
2657 1298 2960 1350 manerent,
2999 1289 3210 1344 inducit
3240 1292 3476 1362 prephc-

1879 1371 2006 1425 t'ram
2036 1372 2304 1429 dicentem
2337 1393 2350 1430 :
2382 1377 2522 1430 Aure
2544 1377 2784 1444 audietis,
2809 1388 2861 1433 et
2883 1396 2984 1433 non
3010 1381 3303 1452 intelligetis
3322 1402 3341 1448 ;
3360 1399 3476 1437 ma-

1876 1464 1957 1534 gis
1982 1480 2143 1529 nune,
2176 1467 2371 1536 inquit,
2401 1482 2561 1538 quam
2597 1477 2724 1525 tunc
2752 1487 2766 1524 :
2796 1479 2843 1524 et
2874 1471 3125 1537 ridebitis,
3157 1484 3203 1526 et
3230 1491 3333 1529 nou
3364 1492 3478 1543 per-

1875 1553 2116 1624 ripietis;
2149 1558 2318 1626 magis
2351 1573 2493 1613 nunc
2528 1574 2687 1629 quam
2739 1571 2888 1616 tunc.
2931 1560 3133 1618 Contra
3170 1563 3482 1622 incredulos

1877 1644 2000 1699 illos
2023 1645 2139 1701 haec
2174 1647 2313 1702 dicta
2349 1647 2584 1716 fuerant,
2628 1666 2748 1721 quas
2775 1668 2881 1707 non
2905 1654 3264 1710 conviciantis
3299 1669 3474 1718 erant.

1876 1737 1971 1792 sed
1997 1737 2382 1794 offendiculum
2414 1743 2672 1798 tollentis.
2718 1743 2915 1800 Nolunt
2943 1763 3064 1818 ergo
3088 1749 3156 1802 sit
3193 1749 3354 1816 vobis,
3393 1751 3476 1805 in-

1874 1831 2010 1901 quit,
2037 1832 2174 1898 quod
2203 1834 2256 1886 in
2291 1844 2464 1904 gentes
2507 1852 2720 1890 nnssunt
2759 1847 2834 1891 est
2873 1839 3102 1894 salutare
3135 1839 3232 1894 Dei
3259 1857 3279 1895 :
3304 1844 3392 1912 qui
3433 1853 3481 1896 et

1873 1924 2103 1979 audient.
2131 1923 2239 1979 Cur
2265 1941 2394 1997 ergo
2424 1928 2579 1982 nobis
2606 1928 2887 1999 loqueris?
2917 1945 2986 1984 an
3019 1931 3134 1986 btec
3162 1934 3482 1989 nesciebas?

1879 2015 2072 2080 Etiam,
2101 2016 2195 2071 sed
2223 2026 2280 2071 ut
2302 2017 2535 2072 credatis
2566 2020 2833 2074 rationem
2864 2021 3031 2076 reddo
3050 2063 3065 2089 ,
3109 2031 3164 2077 et
3193 2031 3250 2077 ut
3280 2026 3479 2080 nemini

1875 2105 1996 2160 dem
2023 2121 2232 2160 ansam.
2281 2108 2493 2176 Mansit,
2538 2110 2732 2181 inquit,
2769 2111 2972 2167 Paulus
3003 2123 3106 2167 toto
3133 2115 3356 2183 biennio,
3388 2120 3479 2171 do-

1873 2212 1990 2251 cens
2010 2213 2126 2251 cum
2156 2200 2295 2252 omni
2318 2201 2543 2267 ﬁducia,
2591 2203 2794 2256 nemine
2830 2205 3146 2274 prohibente.
3191 2208 3336 2264 Bene
3379 2211 3482 2264 hoc

1873 2288 2122 2344 addidit:
2155 2294 2420 2363 contingit
2447 2294 2592 2348 enim
2633 2295 2923 2364 aliquando
2959 2299 3130 2355 libere
3169 2286 3477 2372 loquentem

1874 2380 2169 2450 prohiberi.
2214 2381 2484 2438 Fiduciam
2513 2399 2642 2454 ergo
2670 2385 2819 2440 Pauli
2850 2388 2983 2442 nihil
3017 2391 3331 2458 prohibuit,
3383 2393 3478 2449 sed

1873 2472 2034 2525 etiam
2063 2472 2278 2528 nemine
2307 2473 2626 2542 prohibente
2653 2476 2808 2531 dixit.
2844 2478 3033 2534 Mansit
3055 2492 3223 2536 autent
3251 2483 3476 2550 Paulus,

1873 2562 2066 2632 inquit,
2106 2562 2306 2618 biennio
2345 2574 2451 2619 toto
2491 2566 2544 2620 in
2586 2570 2798 2637 proprio
2827 2571 3116 2639 conducto;
3149 2575 3218 2629 ita
3252 2588 3364 2630 erat
3392 2593 3481 2634 se-

1871 2653 2068 2719 dulus;
2110 2653 2219 2708 imo
2247 2656 2316 2709 ita
2351 2657 2664 2726 magistrum
2693 2675 2850 2715 suum
2889 2662 3202 2720 imitabatur
3225 2667 3276 2721 in
3304 2670 3483 2726 omni-

1873 2745 1994 2812 bus,
2025 2755 2082 2800 ut
2107 2746 2268 2801 etiam
2295 2748 2627 2805 domicilium
2655 2749 2878 2809 haberet
2906 2770 3010 2810 non
3031 2772 3098 2812 ex
3120 2760 3312 2815 alienis
3340 2763 3481 2818 inbo-

1873 2838 2054 2904 ribus,
2104 2839 2199 2895 scd
2244 2857 2312 2896 ex
2355 2842 2467 2898 suis
2497 2858 2512 2895 :
2545 2843 2650 2900 hoc
2689 2845 2832 2901 enim
2881 2848 3148 2919 signiﬁcat
3194 2853 3358 2920 illud,
3411 2854 3478 2911 In

1872 2931 2084 3001 proprio
2125 2934 2397 2989 conducto.
2431 2933 2586 3002 Quod
2611 2943 2790 2992 autem
2830 2938 3088 2997 Dominus
3114 2959 3329 3015 quoque
3356 2948 3479 3001 nul-

1873 3020 1977 3074 iam
2021 3021 2241 3078 haberet
2275 3024 2494 3080 dommn
2517 3067 2534 3093 ,
2565 3028 2692 3082 audi
2726 3030 2874 3084 iliutn
2910 3042 3054 3088 recte
3081 3035 3352 3093 dicentem
3387 3041 3436 3094 ei
3459 3083 3476 3107 ,

1871 3116 1963 3184 qui
1993 3116 2094 3171 sibi
2121 3117 2338 3173 dixerat
2371 3136 2383 3173 :
2409 3120 2612 3189 Sequar
2642 3129 2709 3186 te,
2741 3139 3059 3195 quocumque
3086 3128 3205 3183 ieris
3233 3147 3253 3183 :
3288 3129 3480 3202 Vulpes

1873 3211 2043 3277 faueas
2073 3210 2281 3273 habent,
2311 3220 2358 3264 ct
2390 3214 2617 3267 volucres
2643 3212 2757 3267 cali
2780 3215 2965 3280 nidos;
2999 3216 3168 3273 Filius
3197 3232 3366 3275 autent
3395 3224 3482 3278 Ιιο·

1872 3303 2024 3356 minis
2062 3318 2166 3355 non
2203 3303 2375 3369 habet,
2419 3303 2505 3358 ubi
2537 3315 2693 3370 caput
2732 3323 2883 3360 suum
2925 3311 3132 3365 reclinet
3180 3313 3392 3384 (Matth.
3423 3318 3478 3373 8.

1871 3392 1988 3465 20).
2020 3394 2111 3449 Sic
2143 3409 2239 3464 per
2264 3410 2324 3450 se
2350 3395 2535 3452 docuit
2563 3397 2694 3453 nihil
2725 3414 2847 3455 esse
2876 3402 3284 3473 possidendum,
3308 3423 3482 3480 neque

1873 3484 2032 3540 rebus
2059 3487 2290 3542 terrenis
2318 3487 2630 3544 bairendnm
2662 3505 2803 3546 esse.
2839 3489 2908 3545 Et
2932 3495 3239 3565 excipiebat,
3273 3499 3480 3570 inquit,

1875 3574 2125 3629 venientes
2152 3576 2219 3629 ad
2245 3592 2320 3640 se,
2350 3578 2637 3648 praedicans
2658 3596 2871 3650 regnum
2896 3580 3013 3636 Dei.
3064 3583 3196 3641 Vide
3223 3589 3370 3643 illum
3401 3593 3484 3646 ni—

1876 3665 1948 3718 hil
1972 3666 2040 3720 de
2068 3667 2451 3735 praesentibus.
2501 3670 2596 3725 sed
2637 3671 2814 3724 omnia
2839 3671 2908 3729 de
2937 3689 3104 3744 regno
3134 3676 3227 3732 Dei
3253 3678 3480 3750 loquen-

1877 3765 2005 3810 tem.
2048 3756 2236 3811 Viden‘
2268 3757 2359 3813 Dei
2386 3759 2817 3828 providentiam?
2860 3764 2957 3820 llic
3000 3781 3311 3825 sermonem
3340 3772 3482 3830 sistit

1876 3857 2062 3901 auctor
2093 3847 2247 3914 libri,
2276 3863 2341 3903 ac
2369 3850 2626 3921 relinquit
2671 3853 2972 3910 auditorem
3007 3859 3302 3928 sitientem,
3334 3873 3390 3919 ut
3413 3881 3480 3923 ex

1879 3941 2060 4009 seipse
2089 3941 2347 4012 deinceps
2377 3944 2746 4001 ratiociuetur.
2796 3948 2908 4004 Hoc
2937 3960 2992 4005 et
3023 3955 3201 4008 exteri
3234 3955 3435 4012 faciunt
3464 3979 3481 4018 :

1878 4048 2001 4086 nam
2052 4035 2234 4088 omnia
2280 4035 2445 4102 scire,
2496 4037 2744 4108 ignavum
2784 4051 2840 4095 et
2883 4044 3243 4114 negligentem
3284 4050 3480 4104 reddit.

1877 4122 1991 4177 Hoc
2025 4134 2203 4178 autem
2247 4124 2393 4191 facit,
2445 4138 2499 4182 et
2541 4145 2661 4199 qua:
2706 4141 2930 4201 sequuta
2958 4145 3103 4199 sunt,
3138 4152 3242 4191 non
3279 4151 3482 4208 narrat,

1877 4216 2205 4284 superlhutm
2252 4217 2302 4272 id
2354 4228 2548 4288 putans
2594 4221 2693 4283 iis.
2731 4225 2820 4290 qui
2847 4239 2909 4279 ea
2951 4241 3072 4296 qua:
3103 4231 3301 4299 scripta
3329 4244 3485 4287 erant

1878 4307 2137 4376 legerent,
2164 4319 2218 4363 et
2245 4309 2368 4363 hinc
2399 4311 2704 4366 ediscerent
2733 4328 2852 4383 qua:
2875 4313 2956 4370 his
2978 4317 3242 4374 adderent
3277 4339 3289 4374 :
3327 4323 3484 4392 plane

1877 4398 2018 4450 enim
2041 4400 2216 4468 qualia
2236 4401 2436 4469 priora,
2474 4403 2598 4455 talia
2626 4419 2746 4472 qua:
2770 4417 2890 4474 post
2911 4419 3136 4477 sequuta
3169 4423 3313 4466 sunt.
3345 4416 3482 4469 Audi

1878 4505 2007 4544 vero
2033 4491 2206 4561 qualia
2232 4502 2416 4560 postca
2446 4493 2688 4548 scribens
2720 4497 2786 4550 ad
2818 4498 3108 4562 Romanos.
3140 4503 3282 4558 dicat
3315 4525 3328 4560 :
3357 4506 3484 4562 Cum

1879 4583 2175 4652 proﬁciscar
2195 4585 2246 4638 in
2269 4583 2607 4656 Hispaniam,
2632 4589 2828 4643 ueniam
2856 4591 2923 4643 ad
2945 4609 3030 4647 vos
3058 4592 3232 4665 (Rom.
3268 4599 3480 4668 1531).

1951 4675 2002 4728 5.
2037 4673 2225 4729 Viden’
2257 4677 2526 4744 quomodo
2547 4680 2729 4734 omnia
2760 4683 3059 4750 prccvideat
3095 4701 3308 4743 sacrum
3351 4692 3482 4747 illud

1879 4774 1932 4818 et
1960 4765 2198 4819 divinum
2250 4777 2412 4835 caput
2438 4809 2451 4830 ,
2505 4768 2594 4822 ille
2626 4772 2714 4840 qui
2737 4772 2970 4826 animam
3006 4774 3167 4832 habet
3196 4783 3372 4835 munia
3405 4783 3481 4836 si-

1881 4859 1988 4911 Itttll
2018 4861 2488 4927 contpleCtetttem,
2519 4861 2607 4931 qui
2640 4865 2840 4932 primas
2865 4879 3044 4934 partes
3067 4881 3314 4938 occupat,
3349 4871 3484 4928 Pau-

1883 4951 2003 5002 lus?
2025 4949 2178 5019 cujus
2206 4951 2380 5005 solum
2406 4967 2600 5006 nomen
2630 4956 2926 5010 scientibus
2948 4958 3147 5013 sufficit
3166 4963 3229 5015 ad
3248 4965 3482 5020 animam

1881 5040 2237 5104 excitandam,
2259 5041 2323 5093 ad
2353 5041 2702 5111 vigilantiam,
2735 5046 2801 5098 ad
2819 5061 3069 5101 stunnum
3101 5053 3481 5111 excutiendum

1883 5151 2120 5189 omnem.
2156 5135 2378 5204 Excepit
2403 5135 2553 5189 illutn
2585 5136 2753 5192 Roma
2784 5140 3040 5206 vinctum,
3075 5158 3140 5197 ex
3164 5146 3372 5199 marino
3403 5149 3491 5202 itt-

1888 5243 2017 5280 nere
2045 5228 2192 5279 littus
2221 5235 2565 5294 tangentem,
2597 5243 2626 5280 a
2657 5227 2935 5300 naufragio
2963 5242 3267 5300 servatura,
3316 5248 3369 5288 et
3420 5240 3486 5292 l;-

1885 5319 2066 5371 bcrata
2113 5327 2197 5370 est
2231 5333 2261 5371 a
2299 5317 2577 5388 naufragio
2613 5319 2833 5372 erroris.
2883 5321 3035 5377 Sient
3067 5326 3210 5377 enim
3247 5343 3338 5381 rex
3371 5339 3485 5396 post

1887 5412 2128 5464 navalem
2174 5426 2404 5480 pugnam
2446 5422 2501 5465 et
2535 5412 2813 5466 victoriam
2838 5454 2852 5478 ,
2888 5415 2938 5468 in
2968 5417 3303 5484 splendidam
3345 5421 3482 5476 illam

1889 5503 2192 5570 regiatnqae
2226 5502 2411 5556 urbem
2445 5502 2718 5572 ingressus
2750 5515 2848 5559 est.
2886 5506 2957 5558 De
2983 5507 3065 5560 his
3085 5508 3364 5572 scribens,
3404 5513 3485 5565 tli-

1889 5594 2044 5645 crbat
2073 5612 2082 5644 :
2121 5593 2327 5646 i'cniam
2348 5637 2362 5655 ,
2394 5603 2443 5649 et
2478 5595 2750 5650 vobiscum
2781 5597 3052 5664 quiescam
3086 5601 3136 5651 in
3171 5601 3490 5669 plenitudine

1893 5687 2248 5739 brut'tltt'timtis
2278 5679 2538 5755 Evangelii
2587 5687 2784 5758 (liam.
2839 5690 2919 5741 15.
2964 5689 3034 5744 29
3061 5691 3111 5758 );
3157 5703 3209 5745 (ιι
3267 5710 3484 5760 rursus,

1898 5779 1970 5831 1·ιό
2003 5779 2378 5831 ιιιίηἱειιαιιιηιδ
2411 5779 2460 5830 iu
2489 5778 2774 5831 Jerusalem
2813 5778 2939 5850 (Id.
2977 5797 3024 5833 ι’.
3065 5777 3186 5835 25).
3237 5782 3342 5835 ιιυρ
3379 5800 3486 5848 est,
