4056 6432
613 384 716 441 383

598 489 740 558 quod
761 486 968 542 dicebat
994 502 1009 538 :
1042 480 1400 549 Eleentosynas
1429 482 1653 548 facturus
1680 471 1816 542 genti
1847 484 1992 533 meat,
2014 471 2167 520 adve-

601 582 653 634 tu'
678 580 699 651 (
721 583 832 632 Act.
864 577 954 631 24.
981 576 1047 630 17
1074 574 1115 644 ).
1138 572 1255 628 Jam
1284 584 1446 641 prope
1464 576 1578 623 erat
1598 574 1657 620 ut
1682 578 1935 620 coronam
1964 560 2172 628 accipe-

602 682 685 727 ret
709 690 721 724 :
754 668 961 734 excepit
980 667 1124 720 illum
1142 664 1309 719 Roma
1334 662 1589 724 vinctum,
1607 657 1843 725 viditque
1858 660 2169 708 coronatum

601 775 652 819 et
683 762 1089 833 proclamatum.
1136 756 1247 812 lllic
1282 752 1546 807 Vobiscum
1590 750 1839 817 quiescam
1862 744 2047 815 (Rom.
2080 741 2168 795 15.

600 854 669 907 32
694 857 737 922 ),
755 852 944 921 inquit.
969 848 1147 903 Isthuc
1174 845 1331 909 vado,
1356 840 1751 895 ministraturus
1777 838 1828 891 in
1850 834 2164 890 Jerusalem.

601 944 711 997 lloc
734 952 911 996 autem
941 939 1144 994 initium
1164 948 1353 989 cursus
1381 933 1732 993 iterumerat,
1756 938 1810 981 et
1834 937 2033 995 tropaea
2062 931 2172 975 tro-

600 1033 727 1101 pmis
774 1030 1029 1092 addebat,
1076 1022 1497 1093 inexpugnabilis
1544 1034 1665 1075 cum
1695 1026 1857 1072 esset.
1884 1012 2171 1068 Corinthus

602 1125 748 1177 illum
779 1119 998 1175 detinuit
1024 1116 1232 1171 duobus
1258 1114 1438 1178 ~annis,
1468 1112 1591 1166 Asia
1625 1110 1813 1174 tribus,
1839 1106 2003 1161 Roma
2034 1103 2170 1159 duo-

601 1214 698 1266 bus
720 1252 739 1277 ,
781 1223 885 1279 quo
930 1206 1166 1262 secundo
1196 1205 1375 1268 venit,
1401 1201 1617 1272 quando
1645 1203 2042 1253 consummatos
2067 1204 2168 1248 est.

600 1301 665 1356 In
693 1302 859 1369 prima
898 1315 1007 1352 mea
1044 1297 1334 1364 defensione
1356 1335 1370 1358 ,
1402 1294 1609 1363 inquit,
1642 1292 1813 1346 nullus
1842 1288 1964 1341 mihi
2000 1286 2173 1340 aderat

596 1391 687 1457 (2.
736 1388 868 1443 Tim.
917 1390 971 1442 4.
1016 1388 1081 1442 l6
1105 1388 1152 1457 ).
1194 1385 1284 1440 Sic
1324 1398 1463 1438 nunc
1508 1381 1719 1452 effugit,
1753 1389 1807 1434 et
1843 1394 1965 1433 cum
2004 1386 2170 1431 totum

603 1481 876 1551 implesset
904 1479 1119 1541 orbem,
1148 1477 1225 1531 sic
1250 1475 1409 1529 vitam
1459 1471 1649 1525 finivit.
1686 1467 1825 1537 Quid
1850 1467 2065 1521 volebas
2092 1466 2173 1520 di-

602 1588 751 1627 scere
803 1587 920 1641 qua:
972 1567 1305 1638 sequuntur?
1343 1564 1489 1619 Talia
1530 1572 1686 1627 sunt,
1734 1560 1905 1630 qualia
1956 1558 2169 1627 priora:

602 1663 832 1727 vincula,
864 1670 1147 1724 tormenta,
1178 1672 1367 1727 pugnas
1389 1696 1403 1719 ,
1434 1669 1678 1709 carceres
1699 1693 1713 1718 ,
1744 1651 1948 1704 insidia:
1971 1689 1987 1715 ,
2012 1663 2172 1718 syco-

603 1753 865 1821 phantiae,
909 1750 1230 1820 quotidiana:
1280 1756 1500 1801 mortes.
1538 1744 1722 1798 Vidisti
1774 1743 1913 1795 illius
1959 1754 2172 1809 parvam

605 1843 851 1912 partem?
879 1841 967 1896 Sic
995 1840 1197 1909 cogites
1224 1838 1426 1905 reliqua
1455 1851 1513 1889 se
1542 1835 1757 1888 habere.
1783 1831 1934 1887 Sicut
1962 1831 2015 1885 in
2043 1831 2174 1884 caelo

606 1946 993 2005 quamcumque
1014 1929 1212 1984 videris
1242 1936 1468 1997 partem,
1499 1926 1629 1979 tales
1656 1934 1779 1978 sunt
1804 1922 1922 1975 alite
1950 1932 2127 1988 partes
2153 1935 2169 1983 ;

602 2027 646 2078 si
693 2024 833 2077 enim
874 2021 989 2075 caeli
1018 2034 1174 2073 uuam
1227 2025 1425 2086 partem
1477 2014 1675 2079 videas,
1709 2025 2041 2081 quocumque
2098 2010 2172 2063 ie-

606 2114 699 2178 ris,
743 2110 1065 2166 tantumdem
1110 2106 1351 2161 videbis:
1398 2104 1485 2159 vel
1513 2104 1651 2158 sicut
1679 2103 1805 2157 solis
1834 2101 2012 2156 radios
2038 2100 2082 2152 si
2108 2114 2174 2152 ex

600 2214 750 2273 parte
776 2203 994 2267 videris,
1026 2202 1149 2254 hinc
1173 2198 1393 2267 conjieis
1420 2196 1593 2266 qualis
1620 2195 1699 2249 sol
1720 2196 1789 2248 sit
1814 2212 1826 2247 :
1850 2193 1927 2247 sic
1945 2192 2013 2245 de
2036 2191 2173 2245 Pau-

602 2300 655 2352 lo
696 2295 1004 2351 dicendum.
1054 2293 1183 2362 Ejus
1229 2300 1345 2344 acta
1377 2288 1571 2359 partim
1609 2287 1785 2341 vidisti
1818 2302 1833 2340 ε
1866 2286 2042 2340 omnia
2074 2284 2177 2336 alia

602 2386 795 2440 similia
821 2393 982 2449 sunt,
1009 2381 1258 2453 periculis
1297 2381 1473 2449 plena.
1511 2379 1601 2432 Ille
1623 2378 1808 2431 caelum
1848 2385 1963 2430 erat
2007 2375 2173 2428 solem

603 2476 820 2545 iustitia:
846 2474 1068 2538 habens,
1092 2486 1198 2526 non
1224 2470 1495 2539 vulgarem
1521 2469 1668 2523 illum
1690 2484 1704 2533 ;
1732 2478 1891 2533 atque
1916 2468 2047 2521 adeo
2067 2482 2173 2521 ca:-

601 2568 656 2622 lo
681 2566 869 2621 melior
897 2564 976 2617 vir
1006 2564 1095 2619 ille
1116 2570 1248 2617 erat.
1278 2565 1360 2615 An
1385 2560 1487 2615 hoc
1510 2575 1695 2630 parum
1712 2573 1834 2613 esse
1855 2557 2041 2621 putas?
2064 2558 2177 2627 Ego

603 2656 813 2727 quidem
845 2670 950 2708 non
968 2653 1236 2708 existimo.
1257 2651 1389 2706 Cum
1408 2650 1720 2719 Apostolum
1747 2649 1969 2713 dixeris,
1997 2650 2176 2701 statim

604 2751 750 2805 illum
778 2762 966 2803 omnes
985 2745 1323 2816 cogitabunt;
1359 2752 1414 2797 ut
1434 2759 1556 2797 cum
1584 2742 1871 2810 Baptistam
1891 2740 2044 2803 dicis,
2069 2750 2177 2795 sta-

607 2842 699 2896 tim
728 2840 961 2895 Joannes
985 2838 1261 2905 cogitatur.
1296 2833 1392 2888 Cui
1411 2834 1492 2887 rei
1520 2833 1640 2902 quis
1666 2832 1809 2885 illius
1836 2831 2000 2884 verba
2029 2844 2178 2884 com-

606 2930 903 3000 paraverit?
929 2927 1099 2994 mari,
1130 2941 1196 2980 an
1227 2924 1473 2980 Oceano?
1499 2923 1605 2979 Sed
1646 2923 1775 2977 nihil
1818 2937 1912 2991 par
1941 2920 2044 2975 illis
2062 2930 2175 2977 est.

608 3021 772 3089 llujus
795 3019 965 3072 fluxus
988 3017 1143 3087 longe
1166 3025 1289 3071 sunt
1311 3015 1531 3070 marinis
1561 3013 1968 3083 frequentiores,
1995 3012 2177 3081 purio-

604 3124 693 3165 res
716 3151 731 3175 ,
759 3107 1163 3178 profundiores;
1209 3116 1267 3175 ut
1295 3121 1399 3159 non
1434 3105 1763 3158 aberraverit
1790 3104 1879 3172 qui
1905 3118 1998 3157 cor
2028 3102 2177 3157 Pauli

609 3216 753 3256 mare
797 3211 850 3255 et
883 3200 1071 3255 caelum
1107 3212 1227 3253 esse
1270 3198 1461 3252 dixerit
1492 3215 1505 3250 :
1535 3198 1725 3251 caelum
1761 3199 1830 3251 ob
1857 3197 2138 3265 puritatem
2160 3236 2175 3259 ,

610 3306 756 3345 mare
782 3292 850 3346 ob
875 3288 1308 3359 profunditatem.
1341 3287 1485 3343 Mare
1505 3297 1607 3350 est,
1634 3303 1738 3341 non
1762 3287 1903 3356 quod
1928 3287 2173 3356 navigan-

611 3391 687 3435 tes
712 3382 777 3435 ab
805 3380 934 3433 urbe
962 3379 1013 3431 in
1044 3376 1227 3432 urbem
1256 3376 1435 3443 ducat,
1464 3377 1557 3431 sed
1579 3392 1606 3429 a
1639 3387 1777 3431 terra
1802 3378 1855 3431 in
1878 3378 2098 3432 caelum:
2133 3378 2179 3431 si

608 3471 724 3540 quis
765 3469 865 3524 hoc
911 3483 1059 3523 mare
1093 3469 1339 3537 naviget,
1372 3466 1601 3521 secunda
1644 3481 1773 3521 aura
1802 3468 2091 3537 navigabit.
2120 3469 2177 3522 In

612 3562 711 3617 hoc
737 3562 869 3616 mari
898 3576 1004 3615 non
1032 3560 1177 3615 venti
1203 3570 1344 3623 sunt,
1373 3559 1465 3613 sed
1508 3560 1622 3613 vice
1667 3560 1809 3614 venti
1837 3559 2067 3629 Spiritus
2094 3560 2178 3615 di-

614 3653 767 3707 vinus
791 3663 845 3707 et
889 3660 1106 3707 sanctus
1134 3652 1439 3721 navigantes
1468 3651 1674 3705 animas
1698 3650 1841 3706 vehit
1871 3668 1887 3703 :
1924 3666 2029 3706 non
2056 3660 2181 3707 sunt

615 3745 701 3798 hic
745 3744 954 3806 fluctus.
1003 3759 1106 3797 non
1148 3752 1229 3798 est
1269 3743 1549 3812 scopulus,
1590 3759 1695 3797 non
1733 3743 1962 3799 bellum:
2002 3745 2178 3799 omnia

612 3836 892 3904 tranquilla
920 3843 1063 3890 sunt.
1093 3834 1234 3888 Mare
1264 3843 1346 3888 est
1377 3842 1529 3901 portu
1554 3835 1891 3904 tranquillius
1913 3845 1967 3888 ct
1993 3836 2178 3904 tutius,

616 3926 747 3981 nihil
773 3926 971 3981 salsum
1003 3925 1226 3992 habens,
1256 3924 1348 3980 sed
1373 3924 1572 3979 fontem
1599 3940 1810 3994 purum,
1843 3925 2180 3982 dulcissimos

614 4019 795 4075 latices
845 4019 1197 4083 emittentem,
1245 4016 1356 4072 sole
1383 4016 1713 4087 splendidius
1741 4026 1795 4074 et
1825 4016 2175 4089 pellucidiuS'

1300 373 1358 431 S.
1396 367 1680 439 JOANNIS
1714 358 2209 422 CHRYSOSTOMI
2243 362 2561 416 AliLlill‘Jl’.
2599 352 3146 414 CUNS'IANTINOP.

3720 350 3829 407 381

2272 484 2416 525 mare
2442 475 2555 529 est,
2594 481 2697 520 non
2727 464 2928 533 lapides
2958 463 3161 515 habens
3190 458 3483 529 pretiosos,
3514 473 3614 515 nec
3640 473 3849 529 purpu-

2270 566 2381 604 ram
2412 594 2426 615 ,
2455 553 2547 607 sed
2579 553 2736 623 longe
2767 553 2847 606 his
2873 552 3116 606 meliora.
3150 549 3247 617 Qui
3275 549 3390 603 vult
3415 550 3468 603 in
3491 547 3593 603 hoc
3624 550 3849 617 pelagus

2268 640 2610 705 descendere,
2658 659 2763 695 non
2786 658 2918 711 Opus
2956 642 3117 696 habet
3152 640 3509 695 urinatorihus
3556 639 3639 693 vel
3686 638 3849 705 oleo,

2268 735 2359 789 sed
2384 734 2714 803 philosophia
2746 736 2908 789 multa
2941 751 2954 787 :
2988 734 3222 787 inveniet
3250 733 3300 785 in
3326 732 3439 800 ipso
3466 732 3645 785 omnia
3680 730 3848 791 bona,

2266 840 2383 894 qua;
2404 833 2525 878 sunt
2555 825 2604 877 in
2636 839 2799 893 regno
2826 824 3101 879 cmlorum.
3130 823 3230 889 Qui
3254 823 3370 877 talis
3399 832 3502 888 est,
3527 821 3723 890 poterit
3751 834 3850 873 rex

2266 932 2386 973 esse
2406 959 2420 978 .
2443 928 2496 973 et
2528 929 2693 971 totum
2720 917 2977 971 mundum
2998 916 3241 983 accipere
3260 956 3273 977 ,
3305 929 3530 984 esquue
3560 914 3609 967 in
3640 913 3851 966 honore

2268 1009 2499 1061 maximo
2544 1008 2659 1078 (a):
2707 1008 2797 1077 qui
2845 1007 2895 1060 in
2942 1006 3043 1061 hoc
3083 1005 3216 1059 mari
3266 1006 3509 1073 navigat,
3556 1018 3849 1071 numquam

2268 1099 2594 1169 naufragium
2644 1099 2796 1153 faciet
2821 1138 2836 1163 ,
2869 1097 2963 1151 sed
2992 1095 3169 1150 omnia
3198 1095 3332 1149 bene
3352 1096 3507 1149 sciet.
3544 1095 3739 1149 Verum
3769 1096 3850 1150 si-

2267 1202 2352 1245 cut
2380 1192 2435 1255 ii,
2467 1191 2554 1260 qui
2587 1191 2636 1242 in
2668 1188 2767 1243 hoc
2798 1188 2930 1241 mari
2960 1189 3228 1255 navigant,
3254 1185 3299 1239 si
3332 1183 3562 1254 imperiti
3584 1183 3711 1249 sint,
3736 1183 3851 1239 sui.

2269 1283 2509 1338 fneantur
2534 1301 2547 1334 :
2597 1283 2674 1336 sic
2704 1290 2757 1335 ct
2784 1280 2835 1333 in
2860 1280 2949 1333 illo
2980 1279 3111 1331 mari
3145 1294 3159 1331 :
3202 1275 3255 1330 id
3276 1276 3416 1346 quod
3444 1275 3638 1329 accidit
3668 1276 3849 1329 hmre—

2269 1376 2387 1428 ticis
2410 1415 2424 1439 ,
2458 1374 2544 1442 qui
2579 1373 2692 1441 plus
2713 1386 2870 1441 quam
2899 1370 3071 1424 ferant
3094 1369 3236 1422 vires
3260 1408 3276 1434 ,
3309 1376 3591 1422 attentant.
3623 1367 3850 1436 Oportet

2267 1482 2392 1535 ergo
2410 1465 2819 1534 profunditatem
2851 1463 2967 1531 ejus
2991 1462 3151 1525 scire,
3182 1461 3265 1515 vel
3291 1475 3397 1515 non
3428 1469 3716 1513 attentare.
3746 1458 3850 1513 Na-

2270 1558 2490 1628 vigaturi
2517 1572 2644 1627 ergo
2672 1556 2773 1610 hoc
2804 1554 3053 1624 pelagus,
3083 1553 3220 1607 bene
3244 1552 3468 1606 accincti
3497 1551 3683 1603 simus.
3724 1547 3850 1603 Non

2270 1653 2427 1720 potui,
2460 1651 2649 1719 inquit,
2678 1650 2815 1702 vobis
2840 1647 2976 1717 loqui
3003 1656 3057 1699 ut
3078 1644 3445 1713 spirituafibus,
3478 1644 3564 1697 sed
3588 1654 3642 1696 ut
3673 1657 3853 1696 cam-

2270 1742 2398 1794 libus
2428 1741 2446 1808 (
2479 1743 2527 1794 1.
2559 1741 2674 1793 Cor.
2710 1740 2813 1793 3.1
2847 1741 2887 1805 ).
2920 1738 3105 1791 Nullus
3138 1737 3420 1804 impatiens
3447 1736 3496 1788 in
3528 1734 3627 1788 hoc
3658 1734 3852 1803 pelago

2269 1832 2497 1901 nmiget.
2530 1832 2783 1886 Paremus
2808 1830 2964 1885 nobis
2995 1844 3191 1893 naves;
3224 1828 3275 1882 id
3298 1837 3399 1894 est,
3432 1827 3666 1880 studium
3688 1866 3703 1887 ,
3734 1827 3851 1879 ala-

2267 1924 2528 1986 critatem,
2560 1936 2763 1990 preces,
2784 1932 2839 1975 ut
2866 1937 2985 1975 cum
3013 1920 3191 1990 quiete
3212 1919 3337 1974 illud
3361 1919 3685 1987 trajiciatnus
3706 1934 3719 1969 :
3744 1926 3853 1971 cte-

2268 2013 2503 2067 nimhmc
2524 2028 2655 2083 aqua
2676 2015 2862 2067 vivens
2891 2020 2991 2066 est.
3021 2013 3097 2065 Ac
3116 2011 3157 2065 si
3186 2010 3302 2079 quis
3326 2010 3602 2079 chalybem
3634 2010 3851 2077 igneum

2267 2106 2459 2174 capiat,
2490 2105 2567 2159 sic
2592 2105 2681 2174 qui
2717 2104 2935 2158 Paulum
2962 2103 3110 2156 novit
3134 2143 3149 2166 ,
3176 2110 3234 2155 ut
3262 2101 3485 2170 chalybs
3513 2100 3805 2153 roboratur
3835 2115 3851 2152 :

2268 2213 2331 2251 ac
2350 2198 2394 2251 si
2423 2198 2541 2266 quis
2562 2196 2793 2266 gladium
2817 2204 3030 2249 acutum
3056 2193 3268 2257 habeat,
3296 2194 3375 2247 sic
3400 2192 3520 2245 talis
3545 2192 3705 2245 homo
3730 2192 3853 2259 capi

2270 2306 2373 2344 non
2405 2291 2617 2357 poterit.
2658 2290 2829 2343 Etiam
2876 2290 2941 2344 ad
2979 2288 3320 2359 intelligenda
3354 2287 3500 2341 Pauli
3545 2302 3701 2341 sensa
3743 2288 3854 2341 vita

2266 2396 2395 2450 pura
2420 2391 2503 2435 est
2529 2396 2676 2451 opus.
2714 2380 2837 2435 Ideo
2858 2382 3071 2435 dicebat
3096 2399 3108 2433 :
3139 2379 3199 2432 In
3222 2380 3366 2432 lactis
3392 2379 3685 2432 necessitate
3705 2379 3851 2441 estis,

2250 2474 2386 2541 quia
2423 2473 2692 2526 imbecilles
2734 2471 2937 2525 auribus
2966 2454 3097 2543 'facti
3130 2470 3245 2524 estis
3281 2470 3300 2541 (
3328 2469 3482 2523 Hebr.
3508 2470 3562 2524 5.
3602 2470 3695 2540 121
3730 2471 3851 2538 il).

2270 2563 2364 2617 Est
2390 2564 2551 2627 enim,
2583 2572 2685 2627 est,
2708 2564 2942 2633 inquam,
2969 2562 3248 2617 inﬁrmitas
3273 2562 3503 2615 auditus.
3528 2560 3678 2615 Sicut
3702 2564 3851 2615 enim

2268 2653 2576 2707 stomachus
2604 2668 2763 2707 sanos
2793 2664 2848 2707 et
2876 2652 3108 2706 difficilis
3134 2651 3395 2706 coctionis
3416 2652 3564 2705 cibos
3588 2666 3693 2704 non
3725 2666 3852 2705 sus-

2268 2746 2418 2815 cipit,
2444 2746 2488 2799 si
2516 2747 2585 2799 sit
2611 2747 2854 2799 infirmus
2888 2763 2900 2797 :
2936 2746 3015 2799 sic
3040 2754 3093 2799 et
3118 2744 3293 2797 anima
3326 2753 3534 2798 tumens
3561 2753 3612 2797 et
3644 2742 3850 2810 inflata,

2268 2838 2476 2891 enervis
2507 2837 2640 2891 facta
2672 2846 2725 2891 et
2745 2837 3021 2901 dissoluta,
3050 2852 3155 2890 non
3189 2845 3364 2906 potest
3384 2836 3711 2903 Spiritualem
3735 2851 3857 2891 ser-

2268 2943 2479 2981 monem
2499 2928 2758 2996 accipere.
2784 2928 2918 2982 Audi
2948 2927 3239 2995 discipulos
3266 2927 3507 2981 dicentes
3536 2944 3547 2979 :
3579 2925 3757 2980 Durus
3778 2939 3856 2982 est

2270 3020 2350 3072 hic
2378 3036 2576 3081 sermo;
2617 3022 2728 3089 quis
2755 3022 2935 3089 poterit
2974 3037 3088 3074 eum
3115 3021 3293 3073 audire
3323 3020 3342 3091 (
3365 3018 3520 3073 Joan.
3548 3019 3600 3073 6.
3629 3020 3691 3073 61
3725 3016 3853 3089 )?Si

2271 3125 2397 3163 vero
2448 3110 2597 3163 fortis
2642 3119 2695 3163 et
2740 3125 2864 3162 sana
2911 3111 3015 3173 sit,
3056 3111 3233 3162 omnia
3265 3110 3397 3163 levia
3422 3150 3436 3173 ,
3466 3110 3643 3163 omnia
3677 3109 3853 3164 facilia

2270 3212 2427 3267 sunt;
2456 3202 2719 3256 excelsior
2747 3202 2830 3254 illa
2860 3211 2913 3255 et
2944 3200 3111 3255 levior
3132 3203 3299 3270 magis
3324 3201 3566 3255 sublimis
3595 3200 3853 3266 efficitur,

2270 3302 2323 3347 et
2360 3294 2410 3346 in
2459 3293 2622 3346 altum
2662 3293 2880 3345 tollitur.
2920 3291 3045 3345 llaec
3090 3306 3219 3359 ergo
3239 3305 3356 3345 cum
3388 3290 3638 3353 sciamus,
3665 3304 3857 3344 sanam

2270 3387 2653 3439 constituamus
2683 3385 2917 3437 animam
2948 3392 3185 3437 nostram
3218 3401 3233 3436 :
3264 3384 3575 3437 aunulemur
3601 3382 3857 3450 Paulum,

2273 3476 2543 3531 imitemur
2582 3474 2769 3527 fortem
2802 3474 2942 3527 illam
2971 3484 3023 3528 et
3066 3473 3459 3526 adamantinam
3488 3474 3719 3526 animam
3747 3491 3762 3539 ;
3798 3482 3861 3529 ut

2272 3566 2387 3635 ejus
2414 3565 2535 3618 vita:
2565 3564 2782 3633 vestigia
2804 3574 3110 3633 sequentes,
3140 3563 3405 3633 possimus
3427 3564 3708 3633 praesentis
3730 3567 3860 3620 vita

2272 3659 2494 3728 pelagus
2525 3658 2789 3725 trajicere,
2822 3667 2875 3711 et
2903 3656 2970 3711 ad
3004 3656 3345 3726 tranquillum
3376 3664 3583 3724 portum
3611 3656 3860 3725 appelle-

2274 3763 2371 3811 re,
2414 3763 2475 3801 ac
2518 3746 2775 3817 promissa
2822 3746 3159 3815 diligentibus
3204 3746 3368 3800 Deum
3397 3744 3530 3799 bona
3557 3748 3858 3814 consequi,

2274 3837 2441 3906 gratia
2481 3846 2534 3891 et
2576 3837 2904 3906 benignitate
2936 3835 3144 3889 Domini
3183 3834 3349 3889 nostri
3370 3834 3496 3889 Jesu
3522 3834 3739 3901 Christi,
3770 3838 3862 3894 cui

2274 3925 2440 3994 gloria
2469 3935 2524 3979 et
2549 3925 2854 3995 imperium,
2873 3940 3013 3980 nunc
3029 3935 3081 3980 et
3109 3939 3341 3994 semper,
3366 3934 3420 3980 et
3444 3924 3496 3980 in
3530 3926 3721 3981 saecula
3751 3940 3865 3981 sa:-

2274 4014 2535 4070 culorum.
2564 4017 2752 4072 Amen.
