4056 6396
193 465 254 538 ἦν
281 468 470 522 λοιπδν
496 467 590 521 τοῦ
639 467 929 537 στεφάνουο
970 466 1184 535 ἐδέξατο
1215 470 1380 524 αὐτὸν
1410 473 1443 542 ἡ
1496 470 1683 542 Ῥώμη
1718 471 1862 524 δεδε-

194 557 375 625 μένον,
405 555 501 608 καὶ
523 549 630 607 εἶδε
653 553 1064 623 στεφανωθέντα
1087 556 1178 608 καὶ
1199 551 1672 627 άνακηρυχθέντα.
1722 560 1866 610 Ἐκεῖ

191 641 744 708 Συναναπαύσομαι
791 639 954 708 ὑμῖν,
1014 639 1138 709 ἐφη.
1205 641 1470 696 Ἐνταῦθα
1527 643 1861 713 πορεύομαι,

189 727 527 798 διακονήσων
570 730 652 789 εἰς
702 726 1073 797 Ἰερουσαλήμ.
1106 717 1180 781 T6
1223 729 1278 782 δὲ
1326 731 1468 802 ἁρχὴ
1517 731 1612 783 τοῦ
1663 731 1864 801 δρόμου

192 818 353 870 πάλιν
377 814 470 888 ἦν,
505 819 600 870 καὶ
639 819 880 887 τρόπαια
905 819 1186 888 τροπαίοις
1216 820 1512 890 συνῆπτεν,
1549 821 1864 889 ἀκατάπλη-

194 923 316 968 κτος
349 905 448 959 ῶν.
489 904 751 975 Κόρινθος
785 904 947 957 αὑτὸν
994 906 1231 976 κατέσχε
1263 907 1356 959 δύο
1388 907 1507 976 έτη,
1561 909 1655 959 καὶ
1711 908 1865 960 Ἀσία

200 993 336 1062 τρία,
369 994 464 1045 καὶ
493 990 631 1060 αὕτη
666 990 759 1044 δύο
793 991 947 1056 τέως,
976 992 1115 1045 ὥστε
1143 993 1393 1063 δεύτερον
1427 994 1620 1063 ἐπέϐη,
1655 995 1743 1045 ὅτε
1775 995 1866 1046 καὶ

189 1080 502 1148 ἐτελειώθη.
550 1079 656 1132 Ἐν
685 1079 759 1147 τῇ
793 1079 992 1148 πρώτῃ
1027 1098 1147 1146 μου
1178 1081 1493 1148 ἀπολογίᾳ,
1537 1082 1726 1151 φησιν,
1763 1082 1864 1134 οὐ·

188 1167 311 1231 δεῖς
341 1184 447 1234 μοι
480 1165 983 1235 συμπαρεγένετο.
1016 1165 1173 1218 Οῦτω
1202 1165 1422 1234 διέςρυγε
1451 1167 1602 1232 τότε,
1633 1168 1726 1220 καὶ
1757 1168 1864 1220 πᾶ-

189 1270 288 1306 σαν
319 1252 609 1323 ἐμπλήσας
635 1253 732 1321 τὴν
757 1251 1078 1322 οἰκουμένην
1103 1251 1198 1305 τοῦ
1234 1252 1609 1323 κηρύγματος,
1639 1252 1867 1304 κατέλυ-

191 1357 282 1392 σεν
305 1339 450 1391 οῦτω
476 1340 564 1390 τὸν
609 1338 744 1407 βίον.
797 1338 862 1390 Τί
897 1337 1116 1391 ἐϐούλου
1152 1339 1343 1409 μαθεῖν
1373 1341 1442 1392 τὰ
1479 1340 1618 1410 μετὰ
1653 1340 1861 1404 ταῦτα;

189 1424 430 1478 Τοιαῦτά
456 1427 569 1476 ἐστι
595 1426 846 1476 κάκεῖναο
873 1423 1069 1494 δεσμά,
1099 1425 1346 1494 βάσανοι,
1383 1427 1575 1496 μάχαι,
1603 1427 1863 1494 φυλακαὶ,

190 1512 498 1574 ἐπιϐουλαὶ,
530 1512 909 1579 συκοφαντίαι,
944 1512 1163 1565 θάνατοι
1188 1513 1565 1584 καθημερινοί.
1596 1511 1747 1576 Εἶδες
1769 1515 1867 1566 αύο

189 1599 282 1650 τοῦ
324 1599 520 1667 μικρὸν
563 1598 765 1667 μέροςς
793 1598 1045 1651 Τοιοῦτον
1076 1599 1184 1650 νόει
1210 1600 1304 1652 καὶ
1331 1599 1389 1652 τὸ
1415 1600 1621 1652 λοιπόν.
1655 1601 1866 1670 Ὥσπερ

189 1688 281 1738 ἐπὶ
309 1685 406 1737 τοῦ
439 1685 693 1754 ούρανοῦ,
722 1685 848 1737 ὅσον
872 1684 936 1738 ἂν
969 1685 1083 1758 ῐδῃς
1115 1685 1303 1751 αὑτοῦ,
1341 1686 1592 1739 τοσοῦτόν
1622 1687 1738 1738 ἐστι
1774 1687 1867 1738 καὶ

189 1772 249 1825 τὸ
297 1772 464 1826 ἄλλο·
509 1769 742 1842 ούρανοῦ
797 1771 906 1842 γὰρ
953 1771 1018 1824 ἂν
1071 1771 1235 1843 μέρος
1273 1771 1444 1843 θεάσῃ
1488 1771 1568 1836 ἓν,
1620 1773 1753 1824 ὅπου
1803 1771 1869 1824 ἂν

189 1856 452 1926 ἀπέλθῃς,
491 1856 731 1908 τοιοῦτον
755 1857 874 1925 ὄψει
907 1857 1000 1910 καὶ
1028 1857 1090 1910 τὸ
1115 1857 1300 1910 λοιπόν
1323 1875 1337 1888 ο
1368 1857 1401 1928 ἢ
1431 1857 1682 1928 καθάπερ
1715 1857 1868 1926 ἡλίου

188 1945 288 2008 τάς
336 1946 566 2006 ἀκτῖνας
611 1943 716 1996 κᾶν
765 1945 829 1997 ἐκ
861 1945 1062 2014 μέρους
1100 1945 1249 2014 ἴδῃς,
1283 1943 1520 2014 στοχάζῃ
1567 1945 1631 1997 ἐκ
1664 1943 1869 1996 τούτων

189 2026 298 2093 οἷος
339 2031 369 2083 6
401 2030 584 2098 ἥλιος,
614 2028 759 2082 οὕτω
789 2031 882 2082 καὶ
915 2031 1006 2083 ἐπὶ
1050 2031 1282 2083 Παύλου.
1321 2031 1432 2092 Τάς
1470 2030 1697 2101 πράξεις
1728 2027 1869 2093 εἶδες

189 2121 252 2171 ὲκ
281 2119 488 2188 μέρους
517 2115 705 2178 αὑτοῦ,
742 2119 914 2169 πᾶσαι
939 2117 1186 2171 τοιαῦται
1213 2117 1576 2186 τυγχάνουσι,
1610 2117 1869 2170 κινδύνων

188 2207 482 2276 γέμουσαι.
514 2202 758 2273 Οὐρανὸς
789 2200 857 2274 ἦν
889 2205 1092 2266 ἐκεῖνος
1131 2205 1283 2274 ἥλιον
1314 2203 1661 2275 δικαιοσύνης
1704 2204 1864 2274 έχων,

189 2294 248 2345 ού
279 2290 548 2354 τοιοῦτον,
580 2290 720 2344 ὥστε
753 2290 846 2342 καὶ
872 2290 1102 2362 ούρανοῦ
1136 2290 1360 2360 βελτίων
1392 2292 1420 2344 6
1450 2291 1610 2360 άνήρ.
1657 2292 1867 2360 Μικρὸν

189 2379 290 2431 οῖει
315 2375 478 2431 τοῦτο
505 2376 642 2430 εἶναι
666 2396 680 2444 ;
713 2379 827 2431 Ούκ
855 2377 1029 2445 ἔγωγε
1059 2375 1231 2448 οἶμαι.
1265 2378 1432 2431 Ὅταν
1465 2379 1760 2430 ἀπόστολον
1786 2381 1865 2432 ετ-

189 2483 320 2535 πῃς,
346 2463 550 2526 εύθέως
588 2465 792 2526 πάντες
829 2463 990 2515 αὐτὸν
1029 2463 1319 2516 ἐννοοῦσινο
1354 2463 1482 2516 ὃταν
1517 2462 1862 2534 Βαπτιστὴν,

189 2552 390 2614 εὐθέως
467 2551 561 2602 τὸν
637 2549 910 2620 Ἰωάννην.
984 2550 1104 2602 Τίνι
1175 2551 1236 2603 ἄν
1301 2565 1383 2613 τις
1454 2551 1745 2621 παραϐάλῃ
1800 2552 1869 2605 τά

190 2640 404 2693 ἐκείνου
453 2638 708 2709 ρήματας
738 2637 1001 2708 θαλάσσῃ,
1047 2636 1080 2708 ἢ
1113 2637 1208 2690 καὶ
1237 2636 1498 2707 ὠκεανῷ;
1543 2637 1684 2690 Ἀλλ’
1713 2639 1867 2691 οὐδὲν

192 2727 327 2780 ῖσον.
355 2723 542 2794 Πολλῷ
578 2724 785 2794 ταύτης
821 2723 1178 2795 δαψιλέστερα
1211 2724 1280 2776 τά
1319 2725 1567 2795 ῥεύματα
1589 2737 1615 2765 ε
1649 2726 1718 2778 τά
1747 2727 1869 2779 τού-

187 2832 303 2877 του,
338 2812 703 2883 καθαρώτερα
724 2811 818 2863 καὶ
851 2811 1141 2881 βαθύτερα,
1170 2811 1310 2864 ὥστε
1347 2813 1442 2864 καὶ
1470 2811 1748 2865 θάλασσαν
1773 2815 1867 2867 καὶ

187 2902 422 2972 οὐρανὸν
450 2901 552 2953 οὑκ
576 2900 641 2953 άν
670 2916 752 2961 τις
781 2899 1014 2968 ἁμάρτοι
1047 2898 1145 2968 τὴν
1179 2897 1392 2950 Παύλου
1419 2898 1646 2968 καρδίαν
1670 2899 1862 2966 εἰπὼν,

187 2991 249 3042 τὸ
294 2989 397 3058 μέν
437 2989 525 3041 διά
568 2988 630 3039 τὸ
674 2985 934 3057 καθαρὸν,
973 2986 1032 3038 τὸ
1073 2986 1129 3038 δὲ
1169 2985 1255 3038 διὰ
1297 2986 1356 3038 τὸ
1408 2985 1564 3054 βαθύ.
1608 2986 1865 3042 Θάλασσά

189 3080 369 3142 ἐστιν,
427 3077 528 3128 ούκ
583 3075 690 3127 ἀπὸ
749 3073 952 3136 πόλεως
992 3076 1071 3136 είς
1111 3073 1264 3126 πόλιν
1318 3074 1526 3141 ἄγουσα
1581 3074 1709 3136 τοὺς
1764 3077 1865 3143 ἐμ-

191 3164 479 3226 πλέοντας,
511 3161 627 3215 άλλ⁹
652 3161 760 3214 ἀπὸ
791 3162 893 3230 γῆς
916 3163 996 3224 είς
1021 3161 1268 3231 οὐρανόν·
1299 3160 1353 3213 εἴ
1373 3179 1456 3224 τις
1483 3160 1686 3231 ταύτην
1714 3161 1864 3214 πλέοι

189 3252 288 3323 τὴν
343 3249 643 3313 θάλασσαν,
695 3249 754 3314 ἐξ
803 3249 990 3318 οὐρίας
1050 3247 1366 3301 πλεύσεται.
1434 3249 1522 3301 Ἐν
1571 3248 1741 3320 ταύτῃ
1796 3251 1862 3320 τῇ

191 3339 442 3410 θαλάσσῃ
487 3336 588 3389 ούκ
632 3336 844 3404 ἄνεμοι,
885 3335 999 3388 ἀλλ’
1045 3336 1164 3388 ἀντὶ
1204 3335 1422 3406 ἀνέμων
1469 3334 1693 3405 Πνεῦμα
1721 3335 1864 3389 θεῖον

191 3427 348 3494 ἆγιον
382 3424 480 3485 τὰς
528 3421 872 3492 ἐμπλεούσας
918 3423 1278 3493 παραπέμπει
1323 3422 1525 3492 ψυχάςο
1570 3423 1671 3475 οὐκ
1717 3422 1865 3476 ἔστιν

192 3511 430 3567 ἐνταῦθα
469 3509 717 3579 κύματα,
764 3509 863 3562 οὐκ
897 3508 1012 3561 ἔστι
1057 3510 1341 3574 σκόπελος,
1386 3510 1487 3562 οὐκ
1527 3509 1642 3561 ἐστι
1677 3508 1860 3580 θηρία·

193 3600 374 3653 πάντα
404 3596 636 3665 γαληνά.
685 3596 941 3650 Θάλασσά
980 3597 1096 3649 ἐστι
1136 3597 1354 3668 λιμένος
1385 3597 1725 3668 γαληνοτέρα
1769 3598 1867 3652 καὶ

194 3684 595 3755 ἀσφαλεστέρα,
625 3682 776 3735 οὐδὲν
799 3683 1042 3754 άλμυρδν
1076 3683 1273 3754 ἔχουσα
1295 3725 1310 3749 ,
1345 3684 1482 3738 ἀλλὰ
1511 3686 1695 3755 πηγὴν
1734 3683 1863 3756 [κα.

195 3775 370 3844 θαραν
399 3770 516 3842 καὶ]
545 3771 738 3842 ἥδιστα
768 3771 1000 3840 ῥέουσαν
1028 3771 1244 3841 νάματα
1263 3812 1278 3835 ,
1301 3772 1452 3842 ηλίου
1478 3772 1864 3843 λαμπροτέραν

196 3866 289 3918 καὶ
308 3859 693 3928 διειδεστέραν·
714 3857 962 3911 θάλασσά
976 3859 1112 3921 ἐστι,
1129 3860 1189 3911 οὐ
1206 3859 1387 3921 λίθους
1413 3859 1611 3928 ἔχουσα
1629 3858 1865 3928 τιμίους,

194 3951 312 4005 οὐδὲ
344 3945 640 4016 ἁλουργίδα
667 3944 953 4014 τοιαύτην,
987 3943 1122 3997 ἀλλὰ
1157 3945 1258 4015 κτή
1268 3961 1416 4014 ματα
1447 3944 1628 4015 πολλῷ
1660 3945 1866 4000 τούτων

196 4036 412 4109 βελτίω.
472 4033 527 4086 ’0
571 4029 892 4101 βουλόμενος
930 4031 1012 4094 είς
1043 4029 1200 4084 τοῦτο
1243 4028 1489 4085 καθεῖναι
1528 4029 1592 4084 τό
1631 4031 1867 4100 πέλαγος

256 4138 283 4166 ⁸
312 4135 399 4184 Sic
420 4129 572 4182 Savil.
599 4136 756 4180 recte.
793 4129 964 4180 Morel.
991 4129 1052 4178 τὰ
1076 4130 1284 4194 ῥήματα.

1299 351 1370 410 IN
1409 353 1595 408 ALTA
1625 350 2174 412 APOSTGLOBUM.
2214 349 2451 409 Πωὶἶῐ..
2481 349 2590 408 ιν.

3530 343 3637 396 ὃὶςδ

1968 473 2182 537 ἑαυτὸν,
2213 472 2276 525 ού
2304 466 2663 540 κολυμϐητῶν
2691 467 2880 526 δεῖται,
2910 463 3010 518 οὐκ
3035 463 3236 528 ἐλαίου,
3268 462 3405 517 ἀλλὰ
3429 464 3648 532 φιλοσο-

1968 561 2094 628 φίας
2125 559 2341 629 πολλῆς·
2369 557 2592 626 εὑρήσει
2623 555 2680 606 ἐν
2709 551 2860 621 αύτῷ
2884 553 3058 604 πάντα
3084 550 3153 601 τά
3181 549 3361 617 ἀγαθὰ
3389 550 3460 602 τὰ
3488 553 3544 603 ἐν
3577 553 3644 620 τῇ

1969 647 2218 717 βασιλεία
2247 646 2354 698 τῶν
2386 643 2651 714 οὐρανῶν.
2698 641 2755 694 '0
2791 639 3034 701 τοιοῦτος
3060 636 3208 708 [416]
3241 639 3332 690 καὶ
3360 637 3651 708 δυνήσεται

1966 734 2220 802 γενέσθαι
2250 733 2525 803 βασιλεὺς,
2558 729 2652 782 καὶ
2681 727 2863 780 πάντα
2886 727 2976 779 τὸν
3003 726 3207 795 κόσμον
3236 726 3441 790 λαϐεῖν,
3473 726 3564 778 καὶ
3589 727 3650 777 ἐν

1964 824 2098 892 τιμῇ
2127 817 2262 873 εἶναι
2307 819 2535 889 μεγίστῃ
2554 834 2567 846 ’
2600 816 2628 867 6
2666 815 2871 884 ταύτην
2909 813 3093 866 πλέων
3120 812 3220 882 τὴν
3251 811 3527 865 θάλασσαν
3553 811 3646 862 ού-

1965 908 2156 961 δέποτε
2173 911 2431 972 ναυάγιον
2453 905 2841 970 ὑποστήσεται,
2861 900 2995 953 ἀλλὰ
3015 899 3190 952 πάντα
3208 897 3415 950 είσεται
3439 897 3644 959 καλῶς.

1980 994 2119 1048 Ἀλλ’
2141 994 2327 1062 ὥσπερ
2350 993 2399 1043 οἱ
2421 989 2624 1057 ταύτης
2646 989 2865 1056 άπειροι
2889 988 2986 1055 τῆς
3014 985 3291 1054 θαλάσσης
3316 984 3646 1051 ἀποπνίγον-

1965 1098 2077 1144 ται,
2103 1079 2246 1132 οῦτω
2273 1078 2335 1147 δὴ
2363 1078 2456 1130 καὶ
2481 1075 2734 1128 ἐνταῦθα·
2759 1075 2897 1142 ὅπερ
2926 1072 2990 1141 δὴ
3021 1073 3291 1140 πάσχουσι
3317 1071 3412 1122 καὶ
3439 1071 3648 1139 αἱρετι-

1968 1169 2054 1222 κοὶ
2075 1170 2184 1228 τοῖς
2207 1165 2347 1235 ὑπὲρ
2371 1164 2601 1233 δύναμιν
2630 1160 3027 1232 ἐγχειροῦντες.
3050 1162 3143 1211 Δεῖ
3172 1159 3236 1225 δὴ
3262 1159 3323 1210 τὸ
3349 1157 3510 1228 βάθος
3533 1155 3647 1208 τοί-

1966 1272 2060 1308 νυν
2084 1255 2303 1310 εἰδέναι.
2343 1252 2376 1322 ἢ
2413 1251 2487 1321 μὴ
2517 1249 2886 1318 κατατολμᾷν.
2937 1248 3034 1300 ’Ἂν
3073 1247 3360 1317 μέλλωμεν
3394 1245 3548 1296 πλεῖν
3587 1240 3651 1296 τὸ

1968 1342 2203 1408 πέλαγος
2226 1339 2402 1402 τοῦτο,
2429 1335 2654 1400 εὔζωνοι
2672 1334 2981 1404 γενώμεθα.
3009 1338 3130 1388 Οὐκ
3147 1333 3465 1401 ἠδυνήθην
3483 1330 3652 1400 ὑμῖν,

1967 1429 2121 1498 φησὶ,
2151 1425 2420 1492 λαλῆσαι
2445 1425 2526 1490 ὡς
2556 1421 3002 1490 πνευματικοῖς,
3035 1421 3173 1474 ἀλλ’
3207 1420 3288 1484 ὠς
3312 1416 3649 1485 σαρκικοῖς.

1967 1514 2169 1584 Μηδεὶς
2195 1512 2570 1582 ἁκαρτέρητος
2606 1508 2766 1561 τοῦτο
2807 1507 3013 1560 πλείτω
3041 1507 3101 1559 τὸ
3164 1506 3421 1572 πέλαγος.
3467 1506 3653 1556 Κατα-

1971 1601 2336 1668 σκευάσωμεν
2370 1599 2585 1658 ἑαυτοῖς
2615 1597 2800 1656 πλοῖα,
2829 1594 3109 1647 τουτέστιν
3128 1593 3366 1663 σπουδὴν
3384 1631 3399 1654 ,
3450 1591 3654 1662 προθυο

1974 1689 2123 1759 μίαν,
2153 1686 2338 1756 εὐχὰς,
2367 1685 2508 1737 ὥστε
2542 1682 2791 1736 διανύσαι
2816 1681 2876 1734 τὸ
2918 1681 3156 1749 πέλαγος
3196 1682 3254 1732 ἐν
3285 1679 3509 1749 ἡσυχίᾳκ
3557 1679 3652 1732 καὶ

1968 1776 2077 1846 γάρ
2104 1776 2165 1827 τὸ
2192 1773 2338 1844 ὕδωρ
2359 1771 2517 1824 τοῦτο
2541 1770 2647 1835 ζῶν
2671 1772 2806 1822 ἐστι.
2831 1767 3099 1839 Καθάπερ
3125 1767 3177 1819 εί
3194 1784 3280 1829 τις
3302 1767 3474 1838 πυρὸς
3493 1766 3651 1818 λάὸοι

1971 1863 2166 1933 στόμα,
2199 1860 2370 1924 οὔτως
2403 1861 2430 1911 6
2471 1858 2680 1914 Παῦλον
2713 1856 2868 1920 εἰδὼς
2909 1855 3205 1921 στομοῦται
3233 1853 3283 1891 δ’
3318 1853 3570 1924 καθάπερ
3602 1850 3658 1904 el

1968 1967 2050 2012 τις
2083 1949 2356 2018 μάχαιραν
2373 1947 2551 2012 ὀξεῖαν
2583 1945 2719 2016 ἔχοι,
2746 1945 2920 2006 οὕτως
2950 1946 2978 1997 6
3014 1943 3254 2005 τοιοῦτος
3281 1941 3444 1996 πάλιν
3471 1939 3648 1993 ἀκάθ-

1970 2056 2129 2100 εκτος
2184 2038 2416 2105 γίνεται.
2454 2036 2566 2089 Καὶ
2599 2035 2736 2104 πρὸς
2770 2034 2833 2086 τὸ
2861 2033 3051 2102 νοῆσαι
3089 2032 3144 2084 δέ
3183 2032 3251 2084 τά
3281 2029 3494 2083 Παύλου
3533 2028 3648 2097 βίου

1970 2125 2214 2196 καθαροῦ
2264 2124 2454 2177 δεῖται.
2506 2123 2605 2175 Διὰ
2650 2121 2808 2175 τοῦτο
2859 2122 2955 2174 καὶ
2998 2121 3176 2187 ἔλεγε·
3224 2121 3274 2171 Γ
3277 2117 3540 2180 diu.ch
3582 2116 3652 2168 ἐν

1969 2215 2142 2283 χρείᾳ
2179 2212 2531 2276 κατέστητε,
2561 2211 2690 2262 ἐπεὶ
2726 2207 2937 2276 νωθροὶ
2965 2208 3243 2276 γεγόνατε
3266 2204 3392 2269 ταῖς
3421 2201 3648 2268 ἀκοαῖς.

1973 2302 2128 2353 Ἐστι
2173 2300 2303 2369 γάρ,
2355 2299 2505 2351 ἔστιν
2543 2297 2798 2350 ἀσθένεια
2848 2297 2947 2365 τῆς
2991 2295 3180 2364 ἀκοῆς.
3232 2293 3501 2360 Καθάπερ
3543 2289 3650 2360 γὰρ

1971 2389 2243 2458 στόμαχος
2289 2386 2390 2440 ούκ
2425 2386 2491 2439 ἂν
2527 2384 2741 2448 δέξαιτο
2792 2381 3007 2450 ὑγιεινά
3046 2381 3191 2433 σιτία
3232 2380 3327 2432 καὶ
3351 2375 3653 2446 δυσκατέρ-

1969 2494 2145 2545 γαστα
2167 2517 2180 2538 ,
2215 2475 2447 2544 ἀσθενὴς
2487 2470 2584 2535 ῶν,
2632 2471 2775 2524 οὕτω
2807 2471 2899 2522 καὶ
2937 2469 3082 2538 ψυχὴ
3117 2465 3452 2535 ὀγκωθεῖσα,
3479 2463 3650 2532 φλεγ-

1972 2565 2256 2634 μαίνουσα,
2289 2563 2475 2624 ἄτονος
2509 2559 2779 2627 γενομένη
2817 2559 2910 2609 καὶ
2953 2555 3198 2616 ἔκλυτος,
3257 2554 3358 2605 ούκ
3392 2551 3457 2604 ἂν
3486 2550 3648 2620 δυνη-

1969 2653 2087 2721 θείη
2121 2649 2378 2713 δέξασθαι
2423 2648 2515 2699 τὸν
2549 2644 2922 2714 πνευματικὸν
2954 2643 3133 2710 λόγον.
3183 2642 3381 2693 ’Ἄκουε
3412 2639 3520 2690 τῶν
3556 2655 3655 2706 μα-

1969 2739 2146 2808 θητῶν
2174 2736 2473 2804 λεγόντων·
2510 2733 2783 2800 Σκληρός
2823 2733 2994 2783 ἐστιν
3032 2733 3064 2782 ό
3112 2731 3295 2796 λόγος
3338 2723 3533 2790 οὗτοςο
3563 2725 3654 2791 τίς

1967 2825 2213 2878 δύναται
2239 2822 2423 2876 ὰύτοῦ
2459 2822 2735 2882 άκούειν;
2768 2821 2864 2870 Ἂν
2898 2819 2954 2871 δὲ
2997 2818 3192 2886 ἰσχυρά
3289 2815 3384 2866 καὶ
3414 2812 3648 2881 ὑγιεινὴ,

1970 2913 2147 2965 πάντα
2185 2913 2391 2980 ῥᾷστα,
2438 2909 2614 2961 πάντα
2659 2905 2890 2966 εῦκολα,
2941 2903 3251 2972 ὑψηλοτέρα
3299 2901 3506 2968 γίνεται
3557 2898 3653 2950 καὶ

1971 2997 2298 3066 κουφοτέρα,
2334 2996 2535 3066 μᾶλλον
2572 2993 2964 3063 μετεωρίζεται
3001 2992 3094 3044 καὶ
3127 2991 3203 3052 είς
3238 2987 3368 3055 ὕψος
3415 2986 3649 3054 αἴρεται.

1971 3085 2157 3139 Ταῦτα
2199 3079 2291 3137 οῦν
2327 3083 2524 3145 εἰδότες
2557 3079 2796 3150 ὑγιεινὴν
2828 3079 2983 3148 ἡμῶν
3019 3075 3523 3142 κατασκευάσωμεν
3553 3071 3654 3141 τὴν

1969 3170 2169 3241 ψυχὴν,
2212 3170 2304 3222 καὶ
2349 3168 2684 3238 ζηλὼσωμεν
2727 3167 2820 3218 τὸν
2867 3163 3102 3226 Παῦλον,
3140 3161 3233 3215 καὶ
3279 3158 3652 3230 μιμησώμεθα

1971 3259 2072 3328 τὴν
2098 3258 2356 3325 γενναίαν
2393 3257 2611 3325 ἐκείνην
2641 3255 2737 3307 καὶ
2767 3251 3136 3323 ἀδαμαντίνην
3165 3249 3365 3318 ψυχήνο
3405 3247 3493 3298 ἵνα
3529 3245 3651 3297 κατ’

1976 3345 2249 3416 ῐχνος’τῶν
2277 3344 2468 3410 ἐκείνῳ
2486 3343 2832 3414 βεϐιωμένων
2857 3339 3233 3410 πορευόμενοι,
3254 3334 3570 3405 δυνηθῶμεν
3592 3332 3655 3382 τὸ

1973 3432 2210 3499 πέλαγος
2261 3431 2356 3484 τοῦ
2405 3431 2672 3501 παρόντος
2721 3429 2838 3499 βίου
2891 3425 3254 3486 διαπλεῦσαι,
3300 3423 3396 3476 καὶ
3441 3422 3519 3482 εἰς
3560 3420 3654 3472 τὸν

1972 3519 2285 3589 ἀκύμαντον
2318 3518 2517 3587 λιμένα
2549 3517 2918 3585 καταντῆσαι,
2955 3514 3051 3566 καὶ
3081 3513 3191 3564 τῶν
3223 3508 3654 3580 ἐπηγγελμένων

1972 3605 2195 3674 ἀγαθῶν
2215 3609 2327 3669 τοῖς
2348 3605 2516 3669 άξίως
2536 3604 2630 3657 τοῦ
2655 3599 2894 3673 Χριστοῦ
2915 3600 3120 3673 βιοῦσιν
3142 3601 3443 3669 ἐπιτυχεῖν,
3467 3597 3653 3666 χάριτι

1972 3693 2065 3745 καὶ
2106 3691 2490 3762 φιλανθρωπίᾳ
2547 3687 2642 3742 τοῦ
2687 3689 2897 3760 Κυρίου
2942 3686 3104 3758 ἡμῶν
3155 3686 3331 3755 Ἰησοῦ
3378 3681 3650 3754 Χριστοῦ,

1975 3779 2094 3852 μεθ’
2127 3774 2188 3833 οὗ
2213 3778 2291 3847 τῷ
2325 3780 2505 3848 Πατρὶ
2531 3777 2648 3848 ἆμα
2674 3776 2751 3846 τῷ
2774 3777 2916 3847 άγίῳ
2943 3774 3222 3845 Πνεύματι
3245 3773 3396 3836 δόξα,
3424 3770 3648 3840 κράτος,

1967 3870 2126 3940 τιμὴ,
2157 3868 2253 3924 νῦν
2299 3869 2395 3922 καὶ
2436 3868 2558 3934 ἀεὶ,
2594 3867 2688 3921 καὶ
2726 3868 2805 3929 είς
2847 3869 2976 3930 τοὺς
3027 3863 3232 3927 αἰῶνας
3267 3862 3376 3916 των
3413 3858 3646 3915 αίώνων.

1981 3959 2177 4029 Ἀμήν.

2032 4060 2062 4101 δ
2097 4059 2282 4109 Omnes
2307 4057 2416 4107 fere
2437 4032 2575 4113 l\nss..
2599 4060 2751 4114 οὕτως
2787 4060 2814 4106 6
2836 4055 3032 4107 Παῦλον
3056 4055 3192 4112 εἰδὼς
3210 4048 3494 4115 στομοῦται.
3518 4044 3647 4098 Ed“?

1971 4124 1999 4172 6
2023 4119 2218 4176 Παῦλος
2241 4120 2365 4176 εἶδος
2386 4120 2672 4184 στομοῦται,
2697 4120 2902 4171 obscura
2923 4119 3092 4168 dictio.
