4056 6476
549 383 661 441 s35
1967 364 2342 425 RRA-ZFATIO
3692 360 3808 414 580

561 502 3795 566 Wa

1614 739 2718 896 PIUEFATIO

1912 1035 2021 1098 AD
2077 1035 2441 1098 HOMILIAS

1009 1251 1162 1363 IN
1250 1245 2138 1360 EPISTOLAM
2247 1246 2446 1357 AD
2556 1240 3330 1357 ROMANOS.

1848 1504 2370 1538 ----ενο-ο‹--

625 1728 770 1784 lnter
788 1728 1144 1800 elegantiores
1164 1738 1220 1784 et
1243 1725 1716 1799 praestantissima
1741 1722 2112 1796 Cbrysostomi
2142 1722 2433 1777 conciones
2462 1718 2707 1774 llomillze
2747 1719 2801 1773 in
2835 1718 3128 1788 Epistolam
3157 1718 3225 1774 ad
3251 1718 3530 1774 Romanos
3561 1733 3816 1775 censen-

555 1832 666 1878 tur.
720 1821 813 1879 llis
856 1823 1002 1878 enim
1053 1822 1360 1878 accuratius
1414 1819 1806 1877 concinnandis
1853 1833 2072 1889 operam
2130 1816 2285 1873 Dedit
2321 1815 2512 1870 doctor
2563 1821 2769 1873 noster,
2805 1811 2933 1881 quia
2974 1810 3028 1865 in
3064 1811 3168 1867 hac
3201 1812 3429 1882 epistola
3467 1827 3564 1867 sua
3608 1812 3821 1867 Paulus

551 1916 784 1971 obscura
843 1916 1246 1982 humanumque
1296 1915 1635 1970 ratiocinium
1687 1911 2068 1982 essuperantia
2109 1911 2278 1965 multa
2317 1907 2704 1970 admiscuerat,
2735 1920 2856 1975 qua:
2905 1905 3189 1977 ingenioso
3231 1921 3295 1960 ac
3351 1915 3578 1961 strenuo
3633 1905 3817 1960 inter—

556 2014 710 2075 prete
734 2022 870 2076 opus
895 2008 1114 2061 habent.
1147 2003 1492 2075 Explicandis
1519 2001 1731 2058 arcanis
1760 2001 1864 2055 illis
1894 2001 2185 2071 mysteriis,
2209 2014 2330 2070 quae
2357 2001 2556 2070 passim
2584 2001 2638 2056 in
2671 2002 2771 2057 hac
2799 2002 2948 2058 Pauli
2979 2003 3205 2072 epistola
3244 2011 3563 2066 occurrunt,
3600 2007 3822 2089 tantam

553 2093 792 2151 Joannes
845 2106 1030 2153 noster
1073 2097 1324 2151 adhibuit
1373 2109 1617 2164 Operam,
1673 2101 1729 2147 ut
1781 2091 1867 2146 vix
1917 2107 2102 2161 parem
2159 2092 2213 2145 in
2263 2092 2480 2160 scriptis
2530 2093 2650 2162 ejus
2699 2092 3098 2162 deprehendas.
3143 2092 3212 2146 Et
3244 2100 3394 2148 certe
3428 2090 3596 2146 multa
3631 2091 3686 2144 in
3723 2090 3820 2145 illa

556 2191 826 2248 habentur
855 2189 998 2245 circa
1027 2190 1251 2259 gratiam
1308 2196 1364 2241 et
1405 2183 1954 2254 pnedcstinationem,
1991 2200 2112 2254 quae
2153 2183 2606 2254 peritissimorum
2653 2183 2868 2256 ingenia
2912 2193 3221 2247 exerceant,
3253 2195 3484 2253 quaeque
3533 2199 3645 2237 non
3689 2183 3824 2238 sine

555 2282 778 2338 errandi
811 2281 1055 2352 periculo
1082 2278 1301 2333 tractari
1333 2284 1583 2348 possunt,
1605 2276 1710 2330 nisi
1736 2291 1930 2347 magna
1961 2276 2142 2330 cautio
2169 2276 2511 2331 adhibeatur.
2537 2275 2730 2330 Mirum
2771 2285 3036 2346 quantum
3070 2276 3320 2331 bomilias
3359 2277 3520 2331 hasce
3572 2274 3828 2332 lsidorus

557 2377 827 2433 Pelusiota
861 2374 1233 2435 celebraverit,
1263 2375 1354 2442 qui
1387 2371 1466 2426 sic
1495 2372 1658 2426 habet
1679 2371 1772 2425 lib.
1805 2371 1838 2425 5
1860 2374 1912 2423 in
1938 2369 2159 2438 Epistolz

2224 2370 2274 2423 ιε
2299 2369 2364 2424 ad
2397 2368 2663 2424 lsidorum
2699 2369 2987 2425 diaconum
3018 2389 3032 2425 :
3064 2371 3150 2423 Ἑν
3180 2374 3244 2441 τῇ
3275 2371 3543 2442 ἑρμηνείᾳ
3570 2373 3639 2440 τῇ
3673 2387 3826 2440 προς

566 2466 869 2538 Ῥωμαίους
912 2466 1143 2534 μάλιστα
1173 2466 1204 2534 ἡ
1241 2463 1486 2517 Ἰωάννου
1515 2461 1606 2515 τοῦ
1643 2460 1918 2530 πινσόςρου
1956 2460 2117 2530 σοφία
2151 2459 2598 2532 τεθησαύρισταιο
2643 2457 2796 2531 οἶμαι
2822 2462 2952 2532 γὰρ.
2981 2463 3076 2516 καὶ
3110 2463 3185 2532 μή
3225 2479 3308 2523 τις
3339 2461 3478 2532 πρὸς
3526 2462 3690 2531 χάριν
3722 2462 3824 2514 λε-

555 2575 677 2629 γειν
725 2555 1010 2629 νομιζέτω,
1045 2557 1125 2609 ὅτι
1172 2558 1220 2609 εί
1261 2554 1291 2606 ό
1348 2551 1558 2615 Παῦλος
1620 2554 1648 2604 ὁ
1699 2550 1983 2611 θεσπέσιος
2033 2550 2286 2619 Ἀττικὴν
2335 2549 2524 2619 εἴληφε
2569 2551 2838 2619 γλῶτταν,
2884 2551 3025 2604 ὥστε
3071 2552 3262 2604 ἑαυτὸν
3300 2550 3659 2622 ἑρμηνεῦσαι.
3712 2553 3829 2607 οὐκ

559 2653 627 2707 ἂν
656 2650 828 2714 ἄλλως
857 2650 1223 2721 ήρμήνευσεν,
1259 2646 1293 2716 ἢ
1323 2645 1398 2708 ὡς
1429 2648 1456 2698 ὁ
1487 2643 1882 2714 προειρημένος
1905 2642 2150 2713 ἀοίδιμος
2189 2643 2359 2713 ἀνὴρ·
2387 2642 2531 2696 οὕτω
2564 2643 2658 2696 καὶ
2692 2644 3060 2714 ὲνθῡμήμασι,
3099 2645 3190 2698 καὶ
3227 2644 3412 2698 κάλλει
3435 2646 3528 2697 καὶ
3563 2645 3830 2712 mpm:—

562 2721 651 2814 είᾳ
681 2741 1015 2811 κεκόσμηται
1038 2741 1071 2809 ἡ
1101 2737 1385 2809 ἑρμηνεία.
1417 2736 1470 2790 Id
1499 2746 1582 2790 cst
1609 2755 1620 2787 :
1662 2735 1725 2789 In
1755 2737 2131 2788 commentario
2162 2759 2164 2785 ς

2226 2738 2391 2790 nime
2426 2737 2481 2788 in
2513 2735 2808 2805 Epistolam
2836 2738 2906 2789 ad
2937 2735 3201 2790 Romanos
3229 2737 3561 2806 sagacissimi
3587 2735 3828 2791 Joannis

559 2833 834 2901 sapientia:
884 2829 1113 2884 thesauri
1165 2827 1640 2906 deprehendantur.
1703 2824 1837 2878 Puto
1891 2826 2072 2890 enim;
2121 2843 2184 2878 ac
2229 2842 2291 2879 ne
2347 2827 2464 2896 quis
2518 2843 2598 2879 me
2653 2830 2724 2880 ad
2778 2829 3012 2897 gratiam
3071 2827 3213 2897 loqui
3271 2828 3530 2884 existimet
3572 2845 3592 2883 :
3627 2847 3674 2883 st
3733 2830 3829 2883 di-

559 2928 710 2980 rinus
761 2922 956 2977 Paulus
1011 2921 1186 2974 Attica
1243 2936 1366 2973 usus
1409 2919 1588 2990 lingua
1641 2919 1975 2986 semetipsum
2034 2918 2408 2988 interpretatus
2461 2919 2665 2986 luisset,
2721 2935 2823 2972 non
2868 2919 2977 2972 alio
3025 2922 3179 2973 modo
3224 2921 3584 2988 expositurum
3632 2923 3826 2992 fuisse,

562 3031 724 3088 quam
767 3020 1084 3066 memoratus
1126 3010 1430 3079 conspicuus
1452 3009 1530 3062 vir
1558 3024 1577 3062 :
1600 3009 1680 3064 ita
1715 3025 1897 3074 nempe
1928 3025 2101 3072 sensu,
2132 3009 2394 3078 elegantia
2425 3018 2473 3062 et
2508 3009 2783 3064 verborum
2811 3011 3132 3080 proprietate
3159 3012 3272 3081 ejus
3303 3013 3673 3089 interpretatio
3722 3035 3825 3071 or-

565 3118 750 3166 natur.

635 3196 735 3253 Alii
767 3209 982 3265 quoque
1005 3193 1146 3249 docti
1168 3192 1268 3248 viri
1299 3193 1543 3248 eamdem
1585 3193 1653 3248 de
1690 3192 1839 3247 hisce
1861 3192 2222 3248 conciunibus
2249 3192 2576 3247 sententiam
2609 3194 2912 3264 proferunt.
2949 3196 3154 3253 Omnes
3181 3199 3416 3270 denique
3443 3201 3533 3258 hic
3563 3218 3830 3276 magnam

567 3294 768 3370 ingenii
799 3290 1173 3365 subtilitatem,
1207 3291 1398 3345 orandi
1431 3291 1539 3345 vim
1569 3299 1625 3345 ct
1652 3289 1972 3360 elegantiam
2001 3287 2442 3357 deprehendunt,
2473 3295 2636 3357 atque
2665 3289 2904 3345 nativam
2938 3291 3058 3361 ejus
3093 3292 3479 3362 eloquentiam,
3505 3295 3826 3368 stylumquo

564 3386 778 3444 caeteris
803 3383 1174 3452 Chrysostomi
1210 3383 1464 3452 operibus
1485 3383 1564 3436 sic
1593 3381 1831 3444 allinem,
1861 3389 1918 3433 ut
1939 3396 2048 3434 non
2076 3379 2145 3434 sit
2170 3395 2332 3434 ovum
2359 3395 2464 3435 ovo
2496 3381 2727 3437 similius
2766 3396 2781 3437 :
2813 3383 2884 3437 ita
2914 3394 2971 3438 ut
2999 3400 3069 3439 ne
3095 3400 3241 3440 unus
3273 3387 3493 3456 quidem
3525 3389 3830 3450 dubitave.

567 3479 659 3542 rit,
695 3475 826 3546 quin
855 3472 958 3525 hoc
979 3469 1049 3523 sit
1077 3485 1264 3524 verum
1288 3479 1344 3526 et
1365 3486 1682 3542 germanum
1706 3469 2080 3540 Chrysostomi
2112 3483 2272 3537 opus.

637 3569 752 3624 Non
780 3587 878 3641 par
903 3581 1206 3625 consensus
1237 3564 1562 3634 scriptorum
1592 3571 1673 3616 est
1705 3563 1847 3616 circa
1879 3561 2080 3628 locum,
2112 3561 2202 3614 ubi
2233 3556 2395 3616 hasce
2427 3563 2717 3618 conciones
2748 3565 2935 3620 habuit
2962 3565 3401 3638 Chrysostomus.
3436 3567 3589 3644 [418]
3607 3571 3828 3638 Queri-

566 3667 657 3714 tur
686 3661 850 3723 enim,
879 3659 1251 3715 Antiochitene
1277 3673 1345 3711 an
1381 3655 1846 3735 Constantinopoli
1882 3655 1997 3708 hzec
2022 3654 2412 3723 przedicaverit.
2449 3655 2683 3712 Savilius
2713 3659 3015 3714 Antiochia:
3041 3660 3213 3716 dictas
3240 3662 3500 3718 Homilias
3528 3665 3594 3719 ad
3619 3666 3828 3723 Roma.

567 3764 668 3804 nos
698 3749 865 3804 fuisse
891 3750 1168 3819 opinatur,
1201 3746 1525 3802 auctoritate
1551 3746 1747 3802 ductus
1775 3743 1974 3808 Photii,
1999 3744 2089 3813 qui
2125 3744 2200 3800 ait
2227 3745 2596 3802 Antiochenas
2631 3748 3004 3820 Cbrysostomi
3034 3751 3284 3806 bomilias
3309 3755 3824 3841 ConsualinOpoli-

568 3841 712 3898 tanis
733 3841 974 3912 ejusdem
1014 3854 1134 3894 esse
1160 3838 1541 3910 elegantiores.
1567 3837 1705 3892 Cum
1736 3836 1945 3890 videret
1973 3851 2102 3908 ergo
2125 3835 2358 3891 Savilius
2389 3838 2487 3892 has
2515 3840 2809 3894 conciones
2839 3850 3099 3910 praestare
3121 3842 3345 3908 salibus,
3379 3847 3561 3901 nervis
3602 3857 3661 3904 et
3702 3835 3827 3907 elo-

565 3933 807 4004 quentia,
843 3930 1144 3985 Antiochia:
1173 3928 1526 3983 concinnatas
1570 3936 1626 3982 et
1657 3925 1872 3981 habitas
1903 3925 2071 3980 fuisse
2103 3926 2497 3994 pronuntiavit.
2524 3926 2724 3982 Verum
2762 3929 2876 3984 haec
2907 3927 3086 3984 Photii
3122 3939 3250 3985 nota
3277 3933 3487 3997 critica,
3521 3952 3643 4007 qua
3671 3954 3828 4013 saepe

567 4041 693 4082 vera
721 4040 842 4080 esse
888 4025 1290 4093 comprobatur,
1326 4021 1616 4076 nonnullas
1656 4019 1820 4073 habet
1847 4019 2214 4088 exceptiones.
2257 4020 2560 4088 Aliquando
2598 4023 2742 4076 enim
2787 4021 3407 4095 Constantinopolitanae
3439 4028 3824 4104 Cbrysostomi

566 4119 856 4174 conciones
883 4116 1128 4186 qumdam
1161 4112 1399 4169 bomiliis
1423 4113 1628 4182 aliquot
1657 4111 2014 4165 Antiocheitis
2036 4111 2300 4182 elegantia
2338 4123 2466 4166 sunt
2487 4106 2907 4182 antepoucndze.

639 4206 1014 4262 Tillemontius
1034 4221 1181 4271 vero,
1199 4206 1289 4276 qui
1316 4204 1503 4274 maiori
1535 4205 1882 4258 accuratione
1912 4213 1967 4258 et
1989 4204 2282 4270 sagacitate
2311 4222 2397 4259 res
2422 4216 2653 4260 tractare
2682 4207 2838 4268 solet,
2862 4207 3038 4261 allatis
3063 4208 3188 4264 hinc
3213 4220 3269 4265 et
3293 4211 3422 4268 inde
3442 4213 3826 4287 Chrysostomi

570 4293 722 4356 locis,
749 4302 804 4347 et
831 4291 1071 4347 excussis
1095 4294 1346 4360 utrinque
1373 4289 1693 4355 rationibus,
1722 4306 2018 4360 suspensus
2049 4293 2240 4356 hzcrct,
2266 4309 2369 4348 nec
2393 4293 2661 4349 allirmare
2691 4296 2873 4360 audet,
2913 4303 3032 4350 utra
3062 4301 3114 4352 in
3143 4299 3363 4358 civitate
3409 4305 3494 4362 hae
3520 4311 3826 4372 conciones

567 4387 727 4442 dicta:
750 4385 970 4441 fuerint.
1003 4383 1200 4436 Verum
1229 4382 1650 4452 Chrysostomus
1685 4390 1873 4450 aperte
1920 4381 2052 4436 dicit
2080 4391 2136 4436 et
2169 4397 2227 4436 se
2253 4392 2305 4436 ct
2341 4383 2618 4438 auditores
2662 4399 2789 4439 suos
2830 4394 3103 4454 pastorem
3135 4388 3358 4457 habere,
3391 4395 3578 4466 utique
3607 4399 3828 4460 Flavia-

567 4494 722 4544 num,
755 4477 909 4548 queis
940 4475 1206 4543 signillcat
1235 4488 1292 4528 se
1331 4473 1705 4543 presbyterum
1735 4474 2038 4529 Antiochiae
2063 4474 2411 4529 concionare.
2441 4475 2523 4528 En
2557 4475 2677 4544 ejus
2709 4477 2869 4530 verba
2901 4477 3118 4532 homilia
3161 4491 3349 4538 octava
3388 4487 3513 4556 (col.
3543 4492 3669 4563 464)
3702 4513 3714 4550 :
3754 4499 3825 4554 Tt

566 4572 776 4638 λέγειςς
827 4571 959 4640 ὁρᾷς
1006 4567 1214 4630 πάντας
1267 4568 1414 4636 ἡμᾶς
1465 4567 1570 4620 ὑπὸ
1618 4569 1728 4628 τοῖς
1763 4568 1946 4632 αὐτοῖς
1981 4570 2216 4639 τείχεσιν
2257 4571 2435 4632 ὄντας,
2474 4570 2579 4623 ὑπὸ
2625 4571 2716 4622 τὸν
2760 4571 2924 4624 αὐτὸν
2967 4575 3066 4643 τῆς
3114 4576 3414 4646 ἐκκλησίας
3467 4589 3656 4655 σηκὸν,
3712 4591 3825 4649 ὑπὸ

566 4664 667 4733 τὴν
697 4663 866 4733 αὐτὴν
899 4661 1137 4731 μάνδραν
1175 4659 1296 4730 μεθ’
1314 4661 1566 4730 ὁμονοίας
1600 4661 1864 4724 ἑστῶτας,
1896 4662 2084 4715 οὐδένα
2115 4663 2442 4733 μαχόμενον,
2474 4663 2577 4716 ὑπὸ
2607 4663 2685 4733 τῷ
2720 4664 2870 4732 αὐτῷ
2905 4665 3145 4733 ποιμένι,
3175 4673 3328 4740 κοινῇ
3367 4671 3629 4740 βοῶντας.
3665 4688 3823 4757 κοινῆ

567 4755 676 4808 τῶν
716 4755 1028 4824 λεγομένων
1070 4754 1474 4824 ἀκροιοιμένους,
1511 4758 1663 4845 κοινῇ
1698 4755 1797 4818 τὰς
1823 4756 1987 4823 εὐχὰς
2019 4756 2463 4826 ἀναπέμποντας,
2497 4757 2592 4810 καὶ
2622 4757 2806 4845 μάχης
2849 4757 3124 4828 μέμνησαι
3167 4762 3262 4814 καὶ
3296 4765 3574 4833 στάσεωςς
3622 4754 3824 4845 Malm;

573 4845 877 4916 μέμνημαι,
913 4846 1007 4897 καὶ
1049 4844 1109 4896 οὐ
1154 4844 1414 4912 μαίνομαι
1457 4844 1575 4896 οὐδὲ
1613 4845 1900 4915 ἐξέστηκα.
1952 4847 2093 4913 ’0ρῶ
2135 4847 2234 4915 μὲν
2270 4847 2374 4915 γὰρ
2404 4847 2440 4901 ἃ
2469 4849 2599 4918 ὁρῶ,
2640 4850 2733 4900 καὶ
2763 4842 2900 4912 οἶδα,
2939 4848 3020 4900 ὅτι
3063 4850 3166 4902 ὑπὸ
3198 4851 3290 4904 τὸν
3320 4856 3485 4924 σηκὸν
3531 4858 3623 4911 τὸν

567 4939 734 5008 ἐσμεν
764 4937 856 4990 καὶ
884 4938 974 4990 τὸν
1004 4936 1251 5006 ποιμένα.
1285 4936 1341 4989 ld
1373 4947 1455 4990 est
1487 4955 1497 4987 :
1529 4935 1664 5001 Quid
1695 4939 1820 4990 ais?
1855 4957 1944 4992 nos
1969 4956 2146 4992 omnes

2218 4939 2314 4992 ides
2344 4939 2482 4992 intra
2513 4941 2715 4993 eosdem
2747 4941 2993 5006 parietes,
3024 4942 3079 4994 in
3124 4959 3227 4995 uno
3275 4947 3557 5017 eodemque
3587 4953 3820 5012 ecclesia:

567 5041 735 5098 septo,
762 5032 817 5083 in
855 5031 1027 5083 eodem
1057 5031 1180 5083 ovili
1215 5031 1615 5085 concordissime
1639 5042 1924 5094 versantes,
1952 5035 2207 5086 neminem
2242 5045 2581 5103 pugnantem,
2618 5033 2710 5086 sub
2735 5036 2912 5087 eodem
2943 5045 3172 5102 pastore,
3212 5038 3375 5090 simul
3403 5040 3710 5107 clamantes,
3743 5050 3821 5101 si-

569 5121 680 5175 mul
705 5123 846 5175 dicta
879 5125 1167 5187 umlientes,
1199 5124 1357 5177 simul
1386 5141 1560 5193 preces
1595 5126 1904 5184 eminentes,
1939 5136 1986 5178 et
2019 5144 2247 5196 pugnam
2277 5128 2684 5195 seditionemque
2720 5128 3020 5180 memoras?
3052 5125 3296 5198 Pugnant
3324 5149 3575 5195 memoro,
3613 5151 3703 5187 nec
3728 5137 3818 5190 in-

566 5215 736 5275 sanio,
774 5232 863 5267 nec
895 5225 1062 5268 mente
1102 5225 1281 5282 captus
1320 5233 1457 5271 sum.
1493 5217 1646 5270 Video
1673 5219 1810 5271 enim
1846 5219 1936 5269 illa
1973 5233 2087 5285 qua:
2126 5219 2288 5281 video,
2312 5219 2518 5287 scioque
2549 5235 2638 5269 nos
2665 5218 2756 5270 sub
2791 5220 2967 5272 eodem
3003 5231 3147 5288 septo
3175 5239 3282 5275 esse
3319 5233 3366 5276 et
3405 5233 3633 5292 pastore.
3669 5228 3816 5292 Quid

567 5305 808 5359 clarius?
833 5307 1197 5360 (.‘oncionalor
1225 5307 1338 5376 ipse
1377 5306 1797 5378 Chrysostomus
1824 5311 2048 5379 perinde
2079 5320 2239 5378 atque
2270 5312 2501 5380 populus
2537 5311 2637 5364 sub
2666 5321 2881 5380 pastore
2907 5322 3009 5375 est,
3040 5328 3238 5383 nempe
3279 5316 3380 5369 sub
3411 5314 3669 5372 Flaviano
3695 5323 3817 5390 epi-

566 5408 756 5460 scopo,
789 5395 1122 5463 proindeque
1156 5396 1526 5451 Antiochenos
1551 5399 1857 5467 alloquitur,
1885 5416 1992 5452 non
2024 5408 2205 5454 autent
2235 5401 2889 5471 Conslantinopolitanos,
2919 5419 3148 5472 quorum
3184 5404 3320 5476 ipse,
3348 5406 3476 5459 dum
3499 5407 3817 5466 Constanti-

565 5484 746 5553 nopoli
781 5496 946 5549 esset,
975 5498 1156 5556 pastor
1181 5490 1485 5560 praecipuus
1520 5500 1574 5545 et
1597 5494 1881 5562 cpisc0pu<
1911 5511 2126 5563 semper
2151 5494 2265 5548 fuit.
2300 5495 2355 5548 lu
2394 5496 2579 5548 nndtis
2609 5497 2843 5550 antehac
2880 5498 3132 5561 homiliis,
3171 5499 3259 5552 ubi
3299 5507 3572 5566 pastorem
3620 5517 3815 5570 supre-

568 5591 716 5629 mum
749 5577 1033 5630 memorari
1065 5578 1565 5642 animadvertimus,
1591 5582 1770 5635 statim
1805 5583 2121 5638 concionem
2152 5585 2450 5640 Antiochia:
2478 5586 2714 5641 habitam
2751 5585 2914 5644 fuisse
2941 5605 3063 5642 cum
3097 5588 3447 5644 Tillemontio
3487 5593 3813 5658 pronuntia-

569 5682 767 5721 νιιιιιιέ.

637 5757 795 5828 Quid,
835 5758 975 5828 quod
1038 5759 1196 5813 etiam
1255 5775 1312 5814 sc
1366 5761 1663 5819 Antiochia:
1720 5766 2130 5822 concionantcm
2189 5784 2306 5824 CSsc
2355 5786 2452 5824 nec
2501 5770 2729 5826 obscure
2782 5770 2886 5826 alio
2933 5771 2982 5826 in
3031 5773 3148 5832 loco
3193 5771 3504 5842 signiﬁcat?
3562 5774 3617 5829 ld
3660 5785 3809 5833 certe
