4056 6406
2361 151 2386 186 ιε

226 344 328 398 587
1306 334 1399 391 AD
1438 331 1675 390 HOMIL.
1723 331 1791 387 IN
1833 331 2055 390 EPIST.
2095 335 2184 387 ΔΙ)
2224 334 2390 401 ROM,
3403 323 3512 379 588

215 457 334 525 ipso
363 451 715 506 Tillcmontio
752 452 892 506 duce
937 446 1446 510 animadvertimus,
1481 444 1699 500 homilia
1732 457 1931 514 nempe
1963 442 2235 513 trigesima
2257 440 2396 510 (col.
2430 440 2580 510 666),
2616 439 2707 493 ubi
2751 439 2833 494 sic
2862 438 3124 509 populum
3171 437 3511 508 alloquitur:

214 552 261 602 εί
304 549 414 618 γὰρ
457 547 600 616 μετὰ
641 544 898 597 τοσοῦτον
933 543 1124 614 χρόνον
1159 541 1444 603 εἰσιόντες,
1478 538 1606 591 ἔνθα
1637 537 1821 606 ἔμεινε
1860 533 2096 601 Παῦλος,
2140 534 2270 588 ἔνθα
2316 533 2498 604 ιδέθη,
2545 532 2676 586 ἔνθα
2717 532 3041 586 συνεκάθισε
3089 532 3186 585 καὶ
3239 529 3512 606 διελέχθη,

214 637 591 708 πτερούμεθα,
643 637 738 690 καὶ
791 635 930 706 πρὸς
975 633 1074 704 τὴν
1131 633 1354 702 μνήμην
1402 630 1503 700 τῆς
1543 629 1763 698 ἡμέρας
1819 625 1929 680 ἀπὸ
1977 627 2087 680 τῶν
2130 626 2314 678 τόπων
2359 623 2874 695 παραπεμπόμεθα·
2932 623 3014 676 ἔτι
3063 623 3347 694 νεωτέρων
3401 625 3515 678 τῶν

213 733 565 802 πραγμάτων
602 733 796 794 ὄντων,
817 730 871 782 τί
898 729 1130 799 πάσχειν
1163 728 1310 792 εἰκὸς
1349 727 1476 790 τοὺς
1510 725 1628 796 μετ’
1661 725 1815 778 εὐλαί

1908 741 1951 787 ις
1978 722 2423 792 ξενοδοκοῦνταςς
2465 721 2522 777 ld
2553 731 2681 776 est:
2725 722 2868 775 Nam
2915 722 2962 775 si
2993 737 3085 775 nos
3127 730 3247 790 post
3297 730 3510 775 tantum

212 827 466 894 temporis
492 826 728 894 spatium
754 823 846 877 illo
872 821 1113 893 ingressi,
1144 821 1231 874 ubi
1257 818 1467 873 Paulus
1496 818 1766 878 manebat.
1801 815 2114 886 ubi'ligatus
2149 825 2247 879 est,
2276 815 2369 869 ubi
2389 815 2526 868 sedit
2549 823 2601 868 et
2642 811 2911 877 disseruit,
2949 815 3103 884 quasi
3133 814 3236 867 alis
3264 814 3508 868 assumtis

211 922 494 990 erigimur,
526 929 574 974 et
599 921 670 972 ad
701 919 808 972 diei
847 915 990 970 illius
1029 914 1444 968 recordationem
1479 928 1544 965 ea:
1578 912 1706 964 locis
1737 913 1869 980 ipsis
1898 911 2220 964 remittimur
2253 925 2270 961 :
2297 925 2417 960 cum
2449 923 2530 961 res
2560 907 2689 975 ipsa
2721 906 2987 970 adessent,
3021 923 3124 975 quo
3162 922 3267 959 non
3324 907 3517 976 affecti;

213 1012 563 1067 movebantur
582 1010 684 1072 illi,
715 1009 806 1079 qui
833 1025 950 1061 cum
980 1008 1178 1075 pietate
1208 1004 1364 1058 illum
1390 1003 1770 1059 excipiebant.”-
1793 1001 1852 1056 ln
1887 1001 1974 1054 illa
2008 1000 2173 1072 igitur
2201 999 2421 1054 civitate
2458 997 2809 1068 pradicabat,
2851 997 2942 1053 ubi
2977 998 3180 1052 Paulus
3208 1009 3516 1063 manserat,

213 1110 303 1164 ubi
357 1123 420 1163 se
469 1109 738 1163 adeuntes
784 1104 1183 1174 alloquebatur,
1223 1100 1370 1156 unde
1417 1099 1577 1155 facile
1627 1099 1921 1154 adibantur
1958 1097 2096 1162 loca,
2131 1097 2222 1152 ubi
2266 1096 2468 1150 Paulus
2517 1095 2716 1167 ligatus
2757 1093 2969 1155 fuerat;
3017 1094 3068 1147 in
3106 1092 3255 1165 [H9]
3301 1095 3517 1149 duabus

209 1210 402 1256 autem
467 1205 677 1254 tantum
727 1196 1041 1253 civitatibus
1094 1193 1414 1264 praedicavit
1461 1192 1703 1248 Joannes
1757 1191 2215 1262 Chrysostomus,
2262 1189 2570 1245 Antiochia:
2624 1199 2681 1245 et
2731 1189 3210 1259 Constantinopoli
3265 1207 3282 1243 :
3331 1203 3517 1244 annon

216 1291 585 1361 conspicuum
613 1289 843 1344 omnino
870 1296 954 1344 est
989 1325 1005 1351 ,
1042 1286 1133 1343 hic
1158 1286 1228 1343 de
1258 1284 1557 1342 Antiochia
1587 1298 1902 1339 sermonem
1938 1284 2173 1339 haberi?
2199 1283 2334 1338 Nam
2369 1283 2612 1355 Byzantii
2645 1297 2929 1354 nunquam
2960 1284 3122 1339 sedes
3147 1282 3341 1338 habuit
3367 1281 3520 1354 Apo-

211 1381 468 1528 smilisret
502 1482 686 1529 tamen
732 1471 913 1527 adhuc
959 1468 1347 1526 Tillemontius
1394 1479 1452 1525 et
1484 1483 1706 1525 causam
1757 1469 2001 1524 harendi
2040 1468 2250 1538 profert
2300 1483 2366 1522 ex
2411 1466 2517 1522 line
2570 1467 2812 1523 homilia:
2851 1467 3128 1539 vigesima:
3174 1483 3357 1534 nona,
3425 1465 3516 1522 ubi

208 1566 641 1637 Chrysostomus
707 1580 768 1619 se
819 1571 1094 1634 pastorem
1150 1562 1303 1628 dicit,
1349 1571 1405 1618 et
1458 1563 1696 1634 pastoris
1746 1562 1923 1618 ofﬁcia
1969 1577 2411 1618 commemorans
2454 1561 2527 1617 ita
2582 1561 2787 1616 claudit
2831 1579 2843 1616 :
2889 1561 3075 1615 Ταῦτα
3125 1561 3184 1614 δέ
3242 1577 3333 1632 μοι
3387 1561 3520 1632 περὶ

207 1662 457 1732 ἀρίστων
483 1660 704 1732 εἴρηται
727 1657 1023 1730 ποιμένων,
1051 1657 1115 1712 οὐ
1148 1657 1280 1728 περὶ
1302 1656 1545 1729 ἐμαυτοῦ
1571 1657 1666 1712 καὶ
1695 1657 1807 1711 τῶν
1831 1657 1955 1712 καθ’
1974 1659 2148 1728 ἡμᾶς.
2177 1655 2295 1710 ἀλλ’
2327 1657 2381 1709 ετ
2411 1672 2494 1719 τις
2517 1655 2780 1719 τοιοῦτος,
2805 1651 2919 1719 οἷος
2950 1659 2978 1709 ὀ
3018 1653 3230 1718 Παῦλος
3268 1649 3359 1726 ἦν,
3406 1649 3519 1718 οἶος

207 1757 240 1811 6
297 1757 529 1830 ῌέτρος,
596 1749 710 1817 οἷος
761 1753 791 1807 δ
831 1752 1096 1824 Μωῦσῆς.
1149 1752 1390 1817 Τούτους
1440 1748 1536 1808 οὖν
1582 1753 1961 1825 μιμησώμεθα
2013 1753 2108 1806 καὶ
2151 1752 2415 1824 ἄρχοντες
2448 1749 2548 1804 καὶ⁹
2587 1751 2907 1821 ἀρχόμενοι.
2951 1750 3010 1806 ld
3040 1761 3125 1806 est
3155 1769 3169 1806 :
3194 1753 3324 1806 Ha'c
3363 1767 3523 1822 porro

212 1866 248 1902 α
286 1865 370 1901 me
401 1847 547 1900 dicta
578 1855 700 1900 sunt
736 1847 802 1900 de
829 1847 1043 1914 optimis
1078 1846 1399 1916 pastoribus.
1436 1863 1540 1901 non
1563 1848 1630 1902 de
1661 1864 1744 1902 me
1765 1848 1925 1917 ipso;
1958 1847 2051 1902 sed
2080 1847 2129 1900 si
2170 1846 2289 1916 quis
2316 1845 2443 1899 talis
2477 1845 2545 1899 sit
2579 1846 2756 1916 qualis
2797 1843 3001 1899 Paulus
3038 1855 3172 1908 erat,
3210 1846 3387 1915 qualis
3419 1845 3524 1900 Pe-

211 1955 347 2001 trus.
375 1940 554 2010 qualis
577 1940 796 2010 Moyses.
831 1940 937 1994 Hos
983 1941 1166 2011 itaque
1221 1941 1496 1994 imitemur
1538 1952 1587 1995 et
1626 1942 1864 2013 pra'fecti
1913 1951 1961 1994 et
2001 1940 2216 1994 subditi.
2254 1937 2366 1993 Hoc
2406 1954 2516 1993 uno
2554 1939 2824 1996 abductus
2871 1938 3190 1993 testimonio
3219 1937 3523 1993 Tillemon-

214 2036 324 2092 tius
356 2051 386 2089 a
423 2034 636 2107 judicio
658 2033 885 2090 ferendo
910 2035 1197 2104 abstinuit,
1235 2052 1340 2092 nec
1369 2037 1670 2091 decernere
1709 2037 1883 2092 voluit
1911 2036 2292 2090 Antiochiame
2320 2050 2389 2088 an
2424 2023 2906 2103 Constantinopoli
2950 2033 3049 2088 has
3080 2033 3380 2089 conciones
3418 2031 3522 2107 lia-

423 2101 440 2107 '
1182 2101 1191 2104 ⁷
2798 2101 2810 2103 ⁷
3418 2101 3444 2120 ἢ

215 2130 374 2185 bucri
385 2139 424 2183 ι.
1929 2139 1931 2141 ‘

291 2227 485 2281 Laudo
508 2225 762 2296 equidem
791 2226 926 2279 tanti
954 2224 1054 2278 viri
1091 2224 1492 2280 consideratam
1526 2223 1580 2277 in
1604 2221 1814 2293 judicio
1841 2221 2069 2278 ferendo
2102 2225 2436 2288 tarditatem,
2459 2240 2583 2293 qua:
2617 2223 2670 2276 in
2697 2223 2919 2293 scriptis
2957 2223 3072 2278 suis
3104 2221 3156 2275 in
3188 2221 3323 2277 orbe
3361 2220 3524 2276 Chri-

215 2320 399 2374 stiano
433 2328 544 2373 tam
573 2316 861 2372 celebratis
889 2317 1096 2387 passim
1124 2316 1598 2386 deprehenditur;
1632 2326 1687 2370 at
1725 2315 1813 2370 hic
1833 2325 1984 2371 certe
2007 2315 2224 2370 videtur
2249 2317 2383 2371 mihi
2418 2317 2642 2374 nimiam
2677 2317 2944 2374 adhibere
2992 2317 3328 2373 cautionem.
3384 2316 3525 2372 Dicit

217 2413 649 2482 tibrysostomus
678 2426 738 2466 se
765 2411 868 2464 sub
900 2419 1119 2480 pastore
1153 2424 1298 2474 esse,
1322 2409 1530 2465 scilicet
1551 2411 1653 2464 sub
1682 2409 1940 2464 Flaviano
1968 2410 2278 2465 Antiochiae
2300 2412 2597 2481 episcopo;
2633 2429 2742 2468 non
2773 2412 2881 2466 alio
2917 2412 3123 2482 quippe
3167 2410 3331 2465 modo
3359 2409 3525 2466 intel-

215 2503 307 2574 ligi
342 2510 529 2572 potest
560 2517 573 2554 :
605 2515 664 2555 se
717 2501 772 2552 in
816 2499 948 2554 urbe
987 2499 1074 2554 illa
1104 2514 1248 2564 esse,
1282 2500 1373 2554 ubi
1401 2500 1778 2554 venerabundi
1815 2500 1963 2555 cives
2003 2501 2121 2554 loca
2151 2516 2248 2556 seu
2272 2502 2441 2567 aedes,
2477 2503 2528 2556 in
2563 2503 2721 2573 queis
2743 2503 2945 2560 Paulus
2978 2513 3282 2572 manserat,
3313 2505 3523 2559 invise-

218 2597 372 2652 bant.
395 2597 593 2648 Annon
623 2594 860 2663 idipsum
893 2602 1030 2656 erat,
1069 2607 1133 2646 ac
1161 2593 1206 2647 si
1228 2593 1457 2648 dixisset
1479 2609 1538 2647 se
1571 2593 1878 2649 Antiochia:
1903 2595 2258 2650 concionari?
2288 2596 2358 2650 At
2397 2611 2520 2650 sese
2562 2597 2680 2660 ille,
2712 2597 2948 2668 inquies,
2983 2599 3037 2654 in
3066 2599 3168 2653 alia
3202 2599 3258 2654 in
3291 2597 3518 2669 Episto-
3558 2639 3561 2660 λ

217 2691 325 2744 lam
357 2689 424 2743 ad
451 2686 728 2740 Romanos
753 2685 1020 2741 concione
1051 2694 1325 2755 pastorem
1352 2693 1529 2739 vocat.
1567 2682 1711 2738 Sane
1738 2695 1922 2738 utrum
1955 2685 2010 2741 in
2042 2703 2209 2756 supra
2247 2699 2553 2743 memorato
2591 2689 2712 2744 loco
2756 2705 2879 2746 sese
2916 2698 3193 2761 pastorem
3218 2692 3522 2754 vocaverit,

217 2791 411 2856 posset
447 2783 679 2836 fortasse
711 2780 765 2833 in
797 2778 1231 2834 controversiam
1264 2777 1480 2843 vocari;
1513 2779 1606 2831 sed
1630 2777 1847 2832 etiamsi
1887 2792 1946 2832 se
1987 2779 2147 2832 talem
2179 2779 2400 2843 dixerit,
2435 2779 2567 2849 quid
2603 2788 2720 2834 tum
2756 2791 2945 2851 postea
2973 2782 2996 2835 ?
3037 2798 3223 2838 annon
3259 2785 3523 2841 sacerdo-

219 2883 302 2928 tes
323 2873 438 2936 alii,
473 2888 582 2926 non
618 2868 882 2940 episcopi,
918 2869 1008 2939 qui
1037 2870 1222 2923 ovium
1248 2867 1450 2922 Christi
1484 2885 1671 2922 curam
1709 2869 1932 2933 habent,
1964 2879 2214 2939 pastores
2247 2879 2376 2924 sunt
2405 2881 2461 2926 et
2494 2874 2810 2927 vocantur?
2834 2873 3077 2930 Joannes
3106 2891 3237 2930 vero
3285 2876 3527 2948 Chryso-

217 2975 431 3018 stomus
463 2961 693 3016 llomilia
726 2960 780 3014 in
807 2960 990 3015 Terra:
1017 2969 1225 3015 motum
1258 2970 1314 3016 et
1343 2959 1606 3015 Lazarum
1638 2973 1769 3016 tom.
1804 2962 1824 3016 l
1851 2962 1977 3022 (col.
2006 2964 2194 3030 i029),
2241 2978 2364 3031 quae
2413 2963 2558 3018 haud
2605 2966 2771 3021 dubie
2821 2966 3133 3024 Antiochia:
3179 2969 3366 3025 habita
3400 2971 3524 3039 l'uit,

217 3071 339 3111 sese
368 3071 480 3109 non
507 3055 742 3115 obscure
765 3061 1039 3122 pastorem
1071 3061 1127 3106 et
1156 3052 1303 3106 clare
1333 3061 1590 3118 satorem,
1620 3054 1923 3118 doctorem,
1959 3055 2232 3110 medicum
2270 3067 2326 3110 et
2365 3059 2766 3126 speculatorem
2803 3070 2984 3116 vocat.
3287 3125 3294 3130 _

290 3149 373 3204 Eu
399 3148 545 3202 illius
573 3147 778 3201 verba:
821 3145 960 3198 Ἀλλ’
991 3147 1136 3216 ἐρεῖς
1174 3137 1284 3215 μοι,
1327 3147 1421 3198 καὶ
1466 3146 1519 3199 τί
1557 3146 1789 3214 ὠφελεῖς
1831 3147 2036 3215 λέγων;
2086 3149 2317 3218 Ὠφελῶ,
2351 3151 2446 3203 ἐάν
2482 3151 2566 3215 τίς
2613 3169 2716 3222 μου
2751 3152 2948 3225 ἀκούῃ.
2996 3153 3138 3223 Ἐγὼ
3174 3155 3238 3209 τὸ
3281 3155 3525 3228 ιμαυτοῦ

223 3241 385 3296 ποιῶ·
415 3243 444 3294 ὁ
473 3241 718 3312 σπείρων
753 3240 990 3307 σπείρει.
1030 3239 1285 3310 Ἐξῆλθεν
1313 3238 1341 3289 ὁ
1376 3241 1618 3309 σπείρων
1647 3241 1740 3294 τοῦ
1770 3244 2015 3312 σπεῖραιο
2045 3245 2138 3295 καὶ
2171 3243 2240 3297 τὰ
2273 3245 2373 3312 μὲν
2408 3248 2570 3299 ἔπεσε
2617 3248 2771 3320 παρὰ
2807 3250 2908 3322 τὴν
2937 3251 3080 3314 ὁδὸν,
3115 3251 3182 3304 τὰ
3207 3251 3264 3304 δὲ
3296 3253 3389 3305 ἐπὶ
3416 3252 3519 3323 τὴν

223 3336 461 3406 πέτραν,
500 3333 570 3386 τὰ
608 3333 667 3386 δὲ
708 3333 804 3385 ἐπὶ
847 3332 945 3395 τὰς
975 3331 1239 3396 ἀκάνθας,
1278 3331 1344 3384 τὰ
1371 3332 1428 3384 δὲ
1459 3332 1555 3384 ἐπὶ
1579 3332 1679 3401 τὴν
1701 3333 1806 3403 γῆν
1836 3332 1936 3404 τὴν
1972 3333 2168 3404 καλήν·
2196 3336 2323 3408 τρία
2356 3339 2500 3409 μέρη
2536 3339 2810 3408 ἀπώλετο,
2845 3343 2941 3394 καὶ
2965 3342 3024 3395 ἓν
3056 3343 3263 3414 ἐσώθη·
3294 3345 3388 3397 καὶ⁵
3423 3346 3526 3399 οὐκ

217 3435 436 3502 ἀπέστη
468 3432 567 3500 τῆς
596 3429 896 3499 γεωργίας,
920 3429 1037 3482 ἀλλ’
1068 3429 1256 3498 ἐπειδὴ
1298 3428 1357 3481 ἓν
1393 3428 1725 3493 διεσώζετο,
1764 3431 1864 3482 οὐκ
1914 3431 2197 3484 ἐπαύσατο
2237 3435 2335 3504 τῆς
2386 3437 2676 3505 γηπονίας.
2721 3483 2733 3494 .
2771 3479 2785 3493 .
2823 3480 2836 3494 .
2875 3483 2887 3495 .
2931 3439 3055 3494 ἐπεὶ
3097 3440 3192 3493 καὶ
3238 3443 3268 3494 δ
3317 3441 3526 3514 ποιμὴν

217 3529 429 3588 tacetve;
468 3525 536 3578 τὰ
579 3522 1100 3590 ὲννενηκονταεννέα
1132 3521 1384 3593 πρόϐατα
1424 3522 1768 3586 καταλιπὼν,
1811 3525 1904 3576 ἐπὶ
1958 3524 2020 3577 τὸ
2060 3525 2118 3578 ἓν
2173 3527 2235 3579 τὸ
2285 3529 2708 3602 πεπλανημένον
2758 3533 3016 3606 ἔδραμεν.
3069 3534 3148 3590 Οὐ
3189 3537 3525 3605 καταφρονῶ

217 3618 540 3689 ἀνθρώπου·
571 3614 674 3669 κᾶν
695 3610 777 3679 εἷς
801 3611 859 3690 ᾖ,
881 3615 1173 3686 ἄνθρωπός
1201 3615 1341 3680 ἐστι,
1371 3615 1434 3667 τὸ
1465 3616 1819 3686 περισπούδαι

1920 3636 1943 3669 ν
1971 3618 2050 3688 τῷ
2087 3618 2208 3690 Θεῷ
2239 3621 2400 3684 ζῶον.
2440 3622 2494 3678 Id
2520 3635 2606 3681 est
2634 3645 2648 3680 :
2681 3629 2751 3680 At
2781 3629 2920 3683 dices
2946 3630 3095 3694 milii,
3135 3629 3278 3696 Quid
3302 3633 3522 3688 dicendo

219 3711 475 3781 proﬁcis?
501 3708 750 3778 Proﬁcio.
777 3710 823 3762 si
850 3710 968 3779 quis
997 3725 1080 3762 me
1109 3710 1318 3763 audiat.
1344 3707 1460 3780 Ego
1483 3709 1622 3779 quod
1646 3712 1874 3780 officium
1901 3730 2075 3768 meum
2098 3726 2193 3782 est,
2223 3718 2280 3771 id
2308 3730 2538 3788 prwsto;
2566 3723 2861 3777 seminator
2887 3726 3111 3779 semina.
3148 3724 3295 3780 Eariit
3327 3727 3420 3797 qui
3440 3744 3524 3781 se-

223 3805 395 3858 minat
427 3803 500 3855 ad
536 3802 943 3863 scminandum;
970 3801 1213 3872 quedam
1235 3802 1535 3855 ceciderunt
1564 3820 1712 3857 secus
1743 3805 1906 3867 uiam,
1932 3809 2175 3877 quaedam
2215 3827 2377 3880 supra
2409 3823 2636 3882 petram,
2669 3815 2918 3884 quendam
2955 3834 3119 3887 supra
3141 3820 3346 3887 spinas,
3369 3837 3518 3891 qua:-

221 3901 346 3954 dam
377 3899 433 3950 in
469 3906 666 3950 terram
698 3895 890 3948 bonam
922 3910 940 3948 :
971 3905 1077 3948 tres
1114 3905 1294 3962 partes
1320 3897 1614 3965 perierunt,
1637 3906 1686 3952 et
1721 3915 1827 3951 una
1852 3912 2065 3955 servata
2091 3913 2205 3969 est;
2231 3921 2325 3958 nec
2361 3917 2541 3960 tamen
2571 3908 2636 3960 ab
2664 3909 2994 3978 agricultura
3021 3912 3241 3975 destitit,
3273 3915 3365 3967 sed
3389 3931 3521 3984 quo-

222 3995 369 4048 uiam
401 4009 508 4045 una
533 4000 840 4044 conservata
863 3999 958 4052 est,
994 4007 1184 4062 agrum
1208 3991 1376 4046 colere
1408 4009 1510 4046 non
1534 3996 1776 4048 cessavit.
1817 4035 1832 4050 .
1873 4035 1888 4050 .
1929 4037 1944 4050 .
1984 4038 1998 4050 .
2033 3997 2470 4071 Quandoquidem
2493 4011 2541 4056 et
2565 4012 2749 4072 pastor
2767 4004 2877 4069 ille,
2908 4007 2999 4075 qui
3021 3997 3312 4077 nonaginta
3339 4024 3516 4061 norem

224 4085 512 4154 reliquerat
543 4099 678 4145 oues,
713 4084 784 4136 ad
812 4099 977 4136 uuam
1010 4082 1262 4146 cucurrit,
1307 4099 1426 4152 quae
1460 4084 1822 4139 aberraverat.
1878 4086 2162 4142 Hominem
2207 4107 2308 4144 non
2349 4101 2626 4147 contemno
2649 4111 2667 4148 .'
2693 4096 2814 4149 licet
2847 4114 2982 4151 unus
3009 4099 3096 4160 sit,
3129 4099 3285 4151 homo
3340 4110 3521 4155 tamen

221 4185 298 4230 est
344 4173 553 4228 animal
587 4173 692 4228 Deo
720 4173 1075 4227 carissimum.
1115 4175 1195 4227 An
1228 4172 1382 4244 [420]
1413 4189 1472 4227 se
1498 4185 1773 4243 pastorem
1797 4175 1980 4232 dicere
2004 4195 2112 4233 non
2143 4183 2342 4236 audeat
2374 4182 2441 4247 is,
2473 4185 2563 4254 qui
2597 4186 2667 4240 ita
2706 4187 2985 4258 loquitur;
3021 4191 3132 4245 imo
3176 4207 3304 4246 vero
3333 4209 3518 4248 annon

221 4285 280 4322 se
310 4268 461 4321 clare
491 4275 764 4336 pastorem
795 4264 926 4319 dicit
965 4265 1082 4320 haec
1116 4266 1490 4335 proferendo?
1531 4265 1698 4322 Paulo
1730 4284 1823 4336 pos

1920 4280 2067 4325 utcm
2101 4273 2214 4326 haue.
2252 4276 2472 4342 subjieit
2523 4297 2535 4330 :
2577 4281 2650 4330 Οὐ
2686 4279 2970 4350 παύσομαι
3021 4282 3203 4351 λέγειν
3245 4286 3375 4354 ἐγὼ,
3413 4288 3518 4342 κᾶν

227 4360 422 4454 μηδείς
455 4356 818 4454 ο-ἀκούων·
855 4358 1205 4454 ίατρόςῌείμι,
1239 4358 1526 4454 ἐπιτίθημι
1551 4361 1620 4413 τὰ
1648 4360 1938 4432 φάρμακα·
1971 4363 2292 4429 διδάπκαλός
2321 4370 2459 4438 ειμι,
2497 4375 2789 4442 παραινεῖν
2819 4375 3171 4449 ἐκελεύσθην·
3208 4379 3355 4449 λέγει
3387 4385 3515 4454 γάρ·

170 4521 184 4536 _
222 4452 439 4509 Σκοπὸν
487 4450 700 4503 δέδωκά
759 4468 818 4503 σε
872 4449 950 4519 τῷ
998 4450 1135 4521 οἴκῳ
1169 4451 1407 4521 Ἰσραήλ.
1469 4451 1526 4505 ld
1575 4462 1702 4507 est:
1749 4454 1772 4508 Ι

1924 4459 2134 4512 dicendi
2181 4461 2340 4528 ﬁnem
2397 4464 2618 4532 faciam,
2671 4468 2882 4521 etiamsi
2938 4471 3117 4525 nullus
3165 4475 3231 4526 sit
3283 4477 3375 4544 qui
3422 4496 3520 4530 au-

223 4550 340 4603 diat
367 4565 386 4613 ;
415 4547 647 4600 medicus
676 4561 814 4611 sum,
843 4546 1134 4614 pharmaca
1164 4547 1423 4612 adhibeo;
1478 4549 1659 4603 doctor
1691 4567 1829 4617 sum,
1868 4562 1918 4606 et
1970 4554 2230 4609 admoneo
2257 4574 2272 4622 ;
2322 4558 2400 4611 ait
2436 4560 2576 4614 enim
2603 4577 2621 4614 :
2657 4561 3071 4632 Speculatorem
3097 4567 3218 4622 dedi
3249 4581 3298 4624 te
3330 4571 3516 4625 domui

225 4642 414 4701 Israel.

296 4735 358 4789 ln
390 4731 758 4833 aliis-quoque
783 4733 1595 4833 bomiliis.ian-tiochuc-habitis,
1617 4735 1704 4790 illa
1734 4739 1916 4794 munia
1942 4755 2000 4794 se
2026 4756 2286 4800 exercere
2308 4746 2461 4810 dicit,
2484 4766 2604 4820 qua:
2633 4752 2888 4808 videntur
2916 4756 2980 4811 ad
3006 4759 3277 4829 praecipua
3302 4765 3518 4833 cpisco-

227 4827 640 4929 porum.oi'ﬁcia
669 4826 971 4929 pertinere.
1003 4827 1180 4929 S-i‘cAin
1207 4828 1464 4929 vigesima
1494 4831 1716 4885 homilia
1748 4833 1815 4888 ad
1847 4836 2107 4904 populum
2143 4839 2572 4907 Antiochenum,
2611 4855 2742 4901 tom.
2775 4849 2818 4904 ll
2866 4823 3081 4916 (θοι-21
3103 4852 3146 4924 i)
3230 4823 3528 4929 ΤεσΙσσράέ

228 4937 404 5015 κοντα*
434 4917 624 4971 λοιπὸν
658 4918 868 5015 ἡμεραι
903 4918 1201 5015 παρῆλθον
1254 4921 1322 5015 ἂν
1361 4923 1540 4974 τοίνυν
1570 4924 1631 4975 τὸ
1664 4927 1851 4995 πάσχα
1897 4929 2145 5001 παρέλθῃ
2185 4933 2248 4983 τὺ
2288 4935 2450 5003 ἱερὸν,
2490 4938 2662 4991 οὐδενὶ
2711 4943 3101 5015 συγγνώσομαι
3126 4917 3353 5013 λοιπὸν,
3392 4917 3516 5008 οὐδὲ

229 5012 556 5090 παραίνεσιν
600 5010 881 5082 προσάξω,
920 5010 1039 5065 ἀλλ’
1075 5012 1345 5083 ἐπιταγὴν
1377 5016 1474 5066 καὶ
1503 5015 1809 5086 ἁποωμίαν
1847 5020 2327 5093 ἀκαταφρόνητον.
2363 5067 2376 5079 .
2407 5068 2420 5081 .
2460 5069 2473 5081 .
2505 5071 2517 5081 .
2567 5033 2701 5086 min
2749 5036 2927 5090 τοίνυν
2979 5010 3232 5110 προλέγω
3271 5010 3365 5098 καί
3400 5045 3518 5101 δια-

233 5104 645 5205 μαρτύρουμαι,
677 5104 761 5205 ὅτι
807 5102 874 5156 ἂν
902 5104 1506 5205 ⁸αιηνῖενόμενοςλίλμῖν
1567 5109 1690 5161 κατ’
1734 5110 1894 5177 ίδίαν,
1948 5115 2044 5168 καὶ
2095 5115 2275 5171 λαϐὼν
2332 5120 2645 5194 ἀπόπειραν
2697 5127 2960 5198 (λήψομαι
3001 5102 3056 5185 δὲ
3103 5102 3368 5205 παντως),
3423 5143 3520 5194 καὶ

229 5198 377 5270 εὕρω
435 5199 589 5262 τινὰς
658 5199 731 5270 μὴ
777 5197 1186 5270 ὀιορθώσαντας
1235 5199 1294 5253 τὸ
1343 5200 1657 5270 ἐλάττωμα.
1712 5205 2009 5277 ἀπαιτήσω
2059 5209 2240 5280 δίκην,
2292 5213 2560 5280 κελεύσας
2621 5219 2728 5286 ἔξω
2785 5197 2967 5292 μένειν
3030 5228 3140 5281 τῶν
3196 5197 3517 5304 auceps.”

227 5290 335 5343 τῶν
365 5291 551 5362 ἱερῶν.
583 5292 696 5347 Hoc
726 5303 809 5347 cst
841 5311 855 5347 :
886 5293 1256 5367 Quadraginta
1307 5299 1416 5352 dies
1443 5301 1564 5368 jam
1596 5303 1968 5368 prtelerierunt
2002 5309 2090 5360 :si
2117 5309 2278 5378 igitur
2321 5329 2533 5369 sacrum
2565 5288 3012 5387 quoque-Pascha
3071 5288 3331 5388 transeat.
3367 5288 3518 5388 ζηαίὶ

228 5387 370 5439 ultra
395 5386 605 5438 veniam
635 5386 790 5449 dabo,
818 5404 920 5439 non
960 5389 1389 5452 admonitionem,
1424 5393 1513 5443 sed
1544 5393 1644 5444 vim
1688 5393 1898 5460 imperii
1950 5406 1997 5449 et
2039 5402 2372 5455 severitatem
2410 5420 2512 5456 non
2552 5373 2987 5466 dontbnmendam
3014 5418 3285 5475 adhibebo.
3378 5465 3391 5478 .

227 5477 480 5532 Omnibus
521 5479 698 5546 itaque
722 5481 971 5532 denuntio
1003 5491 1049 5533 et
1078 5492 1367 5549 protestor;
1402 5485 1539 5551 quod
1567 5485 1612 5536 si
1643 5501 1729 5537 vos
1764 5487 1994 5555 singulos
2043 5493 2370 5555 conveniens,
2413 5507 2460 5549 et
2493 5502 2907 5560 experimentum
2947 5523 3157 5564 sumens
3196 5517 3341 5581 (nam
3371 5477 3516 5573 haud

227 5573 379 5625 dubie
407 5575 663 5636 sumam),
696 5576 1077 5642 deprehendero
1113 5577 1367 5645 quosdam
1400 5577 1493 5630 hoc
1530 5579 1712 5630 vitium
1746 5596 1847 5632 non
1871 5598 2043 5634 correa
2059 5584 2176 5648 isse,
2209 5603 2418 5655 patriam
2448 5593 2712 5662 irrogabo,
2752 5598 2953 5652 edicunt
2984 5612 3036 5654 ut
3077 5573 3209 5672 foris
3237 5618 3387 5661 extra
3420 5627 3479 5663 su

228 5681 316 5718 cra
347 5668 598 5732 mysteria
628 5671 895 5721 consistat.
937 5670 1016 5722 An
1066 5673 1299 5738 pastoris
1339 5689 1537 5726 nomen
1580 5691 1844 5743 usurpare
1877 5692 1983 5729 non
2026 5681 2224 5734 audeat
2255 5683 2344 5750 qui
2381 5686 2502 5739 latin
2544 5687 2720 5742 imur?
2757 5690 2954 5746 Verum
2995 5668 3108 5749 lucc
3140 5713 3168 5750 τι
3195 5699 3403 5766 judicio
3433 5701 3496 5756 lc.

229 5755 380 5811 retuli
414 5755 820 5812 Tillcmontium
847 5762 1130 5814 detinuere
1157 5779 1166 5812 :
1193 5774 1243 5815 ct
1276 5762 1653 5818 Antiochinae
1674 5782 1740 5818 an
1759 5765 2233 5836 Constantinopoli
2260 5769 2503 5829 llomiliw
2528 5776 2578 5830 in
2607 5777 2897 5847 lnpistolum
2924 5784 2988 5838 ad
3018 5755 3291 5846 Romanos
3314 5755 3513 5848 habita:
