4056 6420
572 358 677 415 389
1991 348 2078 404 PR
2087 348 2174 404 .451

2213 347 2358 403 \TIO
3707 344 3815 398 390

572 477 791 534 fuerint,
817 471 1042 526 delinire
1076 487 1182 526 non
1213 485 1377 524 ausus
1403 477 1502 522 est.
1537 466 1646 520 Nos
1678 475 1858 521 autem
1881 465 2037 534 quasi
2068 471 2276 519 certum
2301 470 2355 516 et
2382 462 2716 530 exploratum
2742 462 3048 517 habendum
3075 471 3346 531 putamus,
3379 460 3494 514 illas
3516 457 3820 513 Antiochiae

574 565 783 622 habitas
814 565 996 620 fuisse.
1033 565 1356 620 Tillemontii
1386 565 1529 617 enim
1559 561 1792 630 nbjcetio
1817 575 1916 614 nos
1942 575 1971 613 a
2005 557 2097 613 tali
2135 556 2355 612 ferenda
2388 555 2656 609 sententia
2684 555 2953 610 abducere
2977 571 3084 609 non
3114 564 3309 625 potest.
3334 555 3444 606 (Zur
3471 554 3615 606 enim
3643 551 3822 618 Chry-

571 668 866 721 sostomns,
907 655 1109 710 latente
1144 654 1504 717 Tillemontio,
1537 652 1622 707 bis
1657 653 1798 705 clare
1829 650 2032 704 indicet
2079 663 2137 701 se
2181 644 2484 698 Antiochiae
2520 644 2851 706 concionari,
2889 645 3016 714 quid
3063 645 3200 698 ultra
3248 643 3591 712 quan-anius?
3623 651 3678 694 et
3723 658 3821 696 cur

573 757 681 799 tam
708 747 808 799 levi
841 749 1152 817 conjectura
1189 764 1215 800 a
1250 745 1617 815 Chrysostomi
1644 742 1954 798 testimonio
1983 739 2259 809 sequendo
2287 736 2664 792 detineamur?

644 865 883 928 Annum,
932 879 1038 934 quo
1073 865 1231 918 hasce
1264 863 1513 917 homilias
1544 862 1780 917 Joannes
1823 855 2112 914 adornavit
2155 864 2210 910 et
2252 854 2403 915 dixit,
2437 868 2505 907 ne
2539 851 2851 920 conjectura
2883 851 3100 922 quidem
3145 848 3360 919 assequi
3393 848 3634 901 valemus
3665 864 3676 902 :
3722 859 3828 901 hoc

575 971 744 1009 uinum
775 955 892 1009 sine
914 956 1123 1010 errandi
1155 955 1398 1024 periculo
1427 954 1608 1008 dicere
1632 967 1936 1023 possumus,
1963 947 2180 1003 nonnisi
2207 956 2332 1017 post
2364 961 2566 998 annum
2606 943 2709 997 588
2741 943 2982 1013 potuisse
3007 942 3451 1010 Chrysostomum
3485 939 3571 991 his
3598 952 3825 990 manuni

574 1058 629 1100 et
667 1062 883 1115 operam
906 1046 1192 1099 admovere
1236 1063 1248 1098 :
1283 1047 1442 1100 annis
1475 1060 1706 1114 namque
1739 1045 1840 1096 illis
1872 1041 2166 1112 prioribus,
2195 1039 2350 1108 queis
2375 1035 2775 1093 coneionatoris
2807 1034 2982 1090 olIicio
3009 1034 3229 1088 Iunctus
3252 1043 3353 1097 est,
3386 1040 3462 1088 tot
3486 1031 3659 1086 edidit
3687 1047 3826 1086 con-

573 1139 756 1191 ciones
785 1150 839 1192 et
869 1137 1136 1201 homilias,
1163 1148 1219 1192 ut
1248 1138 1377 1207 ipsis
1406 1139 1540 1192 alias
1571 1137 1805 1206 adjicere
1834 1150 1942 1187 non
1971 1130 2209 1186 licuerit.

641 1248 774 1303 Cum
807 1263 967 1315 porro
991 1245 1259 1312 Julianus,
1290 1249 1379 1317 qui
1409 1248 1601 1318 Pelagii
1629 1261 1839 1299 errores
1873 1244 2147 1306 tuebatur,
2179 1241 2242 1294 ad
2270 1249 2552 1311 peccatum
2583 1239 2842 1310 originale
2868 1239 3166 1293 tollendum
3191 1239 3561 1309 Cbrysostomi
3590 1238 3832 1292 auctori-

573 1345 680 1392 tate
706 1355 838 1393 usus
866 1350 1044 1405 esset;
1075 1342 1428 1409 Augustinus.
1459 1341 1548 1409 qui
1585 1341 1729 1393 hunc
1755 1338 2024 1390 haereseos
2053 1342 2507 1404 propugnatorem
2539 1333 2750 1402 egregie
2787 1332 3013 1399 depulit,
3051 1347 3119 1384 ex
3149 1332 3368 1385 bomilia
3401 1332 3610 1386 decima
3651 1330 3827 1399 Chry-

571 1433 795 1485 sostomi
843 1433 1007 1485 multa
1041 1432 1322 1485 confertim
1354 1431 1533 1484 attulit
1569 1431 1701 1483 libro
1732 1432 1749 1483 l
1784 1437 1970 1482 contra
1998 1425 2295 1488 Iulianum,
2329 1440 2500 1492 eaque
2526 1421 2719 1476 Latine
2759 1437 3039 1483 conversa,
3071 1437 3193 1491 qua:
3235 1423 3394 1476 nobis
3431 1422 3520 1475 hic
3547 1434 3831 1490 apponere

573 1523 748 1576 visum
781 1536 881 1587 cst,
905 1527 1176 1579 annotatis
1202 1526 1253 1578 in
1290 1525 1532 1594 margine
1562 1524 1714 1588 locis,
1755 1523 1896 1576 unde
1921 1523 2035 1575 haec
2062 1519 2334 1588 excerpsit
2365 1517 2722 1586 Augustinus.

642 1635 796 1708 Hii,
833 1640 909 1707 (a)
942 1639 1073 1706 Lege
1099 1641 1256 1692 etiam
1284 1639 1723 1708 quemadmodum
1750 1637 1959 1702 exponit
1992 1635 2127 1686 idem
2173 1633 2282 1698 ipse
2325 1632 2405 1684 uir
2448 1639 2660 1682 sanctus
2712 1638 2950 1681 eumdem
2992 1629 3164 1696 ipsum
3221 1625 3452 1693 Apostoli
3495 1623 3685 1685 locum,
3740 1625 3832 1679 ubi

569 1729 819 1794 scriptum
845 1739 916 1781 est
948 1743 963 1780 :
999 1730 1101 1784 Per
1128 1746 1292 1784 unum
1319 1731 1594 1783 hominem
1626 1737 1903 1798 peccatum
1936 1726 2159 1779 intravit
2188 1725 2239 1777 in
2265 1722 2527 1776 mundum
2565 1721 2736 1784 (Rom.
2767 1738 2818 1777 ν.
2861 1721 2962 1781 12).
2999 1720 3076 1772 Ibi
3107 1721 3243 1773 enim
3273 1719 3383 1770 luce
3413 1717 3610 1769 clarius
3642 1717 3696 1768 in
3726 1719 3830 1768 hu-

560 1815 653 1882 jus
678 1816 797 1882 ﬁdei
826 1816 1107 1872 Catholica:
1141 1819 1357 1871 veritate
1387 1827 1646 1869 versatur.
1671 1816 1819 1880 Quod
1851 1826 2013 1867 totum
2036 1815 2157 1883 quia
2191 1814 2404 1880 longum
2432 1819 2504 1864 est
2537 1811 2655 1862 huic
2681 1811 2824 1878 operi
2851 1811 3100 1872 intexere,
3133 1809 3313 1878 paucis
3330 1809 3457 1860 inde
3483 1808 3788 1876 contingam
3812 1821 3832 1859 :

570 1905 930 1970 Manifestum,
964 1911 1154 1978 inquit,
1178 1910 1428 1978 quoniam
1453 1924 1558 1961 non
1594 1909 1767 1976 ipsum
1801 1914 2103 1975 peceatum,
2135 1905 2276 1972 quod
2307 1919 2369 1956 ex
2399 1902 2532 1972 legis
2565 1901 3016 1967 transgressione,
3043 1900 3138 1954 sed
3171 1900 3297 1953 illud
3338 1909 3642 1967 peccatum,
3678 1899 3832 1968 quod

572 2009 638 2047 ex
672 1995 799 2049 Atla:
829 1997 1212 2056 inobedientia,
1240 1998 1340 2050 hoc
1370 1996 1676 2063 erat,‘quod
1709 1995 1888 2047 omnia
1921 1993 2326 2047 contaminavit.
2363 1990 2429 2043 Et
2461 1991 2622 2060 paulo
2655 2001 2770 2057 post
2799 2006 2816 2042 :
2853 1991 3139 2060 Regnavit,
3166 1991 3355 2058 inquit,
3392 2006 3538 2042 mors
3564 1990 3632 2043 ab
3656 1991 3832 2044 Adam

571 2102 742 2154 usque
765 2087 830 2137 ad
854 2086 1088 2155 Moysen,
1117 2096 1171 2138 et
1200 2086 1251 2138 in
1280 2101 1392 2146 eos,
1426 2086 1516 2154 qui
1553 2101 1658 2138 non
1686 2093 2065 2154 peccaverunt.
2091 2082 2372 2147 Quomodo
2407 2082 2686 2151 regnavit?
2715 2081 2771 2134 In
2803 2080 3157 2134 similitudine
3193 2081 3639 2150 transgressionis
3663 2081 3816 2146 Adae,

568 2182 659 2252 qui
692 2193 775 2234 est
805 2180 973 2233 forma
1010 2181 1172 2232 futuri
1210 2181 1386 2248 (Ibid.,
1417 2181 1524 2246 Μ).
1561 2179 1850 2247 Propterea
1897 2187 1948 2231 et
1990 2178 2159 2231 forma
2196 2187 2280 2231 est
2313 2174 2513 2229 Christi
2551 2175 2736 2228 Adam.
2773 2175 3056 2240 Quomodo
3102 2173 3271 2228 forma
3316 2183 3418 2237 est,
3446 2172 3640 2227 aiunt?
3673 2174 3834 2239 Quo-

568 2273 712 2325 niam
764 2272 903 2325 sicut
948 2271 1034 2323 ille
1085 2287 1148 2323 ex
1182 2272 1471 2339 semetipso
1505 2272 1875 2331 nascentibus,
1907 2271 2152 2339 quamvis
2201 2285 2308 2322 non
2337 2269 2782 2322 manducaverint
2811 2268 2877 2321 de
2902 2268 3063 2333 ligno,
3096 2267 3268 2320 factus
3297 2277 3379 2320 est
3417 2283 3578 2321 causa
3610 2267 3832 2332 mortis,

569 2379 689 2432 quae
715 2377 809 2430 per
839 2362 1018 2415 cibum
1053 2362 1269 2415 inducta
1295 2371 1378 2415 est
1412 2381 1423 2414 :
1461 2362 1530 2414 ita
1568 2372 1617 2415 et
1658 2361 1908 2416 Christus
1945 2359 2028 2422 iis,
2066 2361 2154 2427 qui
2188 2376 2251 2413 ex
2294 2360 2412 2427 ipso
2458 2366 2604 2416 sunt,
2637 2358 2846 2411 tametsi
2895 2357 3028 2410 nihil
3059 2357 3205 2425 juste
3244 2357 3473 2426 egerint,
3517 2357 3691 2412 factus
3741 2373 3839 2426 es;

571 2455 816 2524 provisor
852 2453 1092 2521 justitiae,
1132 2469 1295 2522 quam
1324 2469 1418 2521 per
1447 2468 1664 2506 crucem
1705 2451 1860 2504 nobis
1887 2451 2140 2504 omnibus
2171 2448 2495 2503 condonavit
2526 2447 2621 2516 (b).
2664 2447 2780 2500 Alio
2820 2447 2873 2499 in
2912 2447 3022 2500 loco
3071 2455 3246 2500 eodem
3271 2464 3507 2501 sermone
3539 2467 3550 2500 :
3589 2449 3661 2504 Ut
3703 2465 3835 2504 cum

572 2549 666 2603 tibi
697 2547 891 2601 dixerit
913 2546 1153 2609 Iudaeus,
1183 2546 1378 2614 inquit,
1404 2545 1688 2609 Quomodo
1713 2546 1874 2598 unius
1909 2545 2109 2598 virtute
2136 2542 2338 2597 Chriin
2361 2542 2596 2596 mundus
2622 2542 2860 2595 salvatus
2882 2542 2999 2595 est?
3022 2540 3197 2610 possis
3226 2541 3273 2593 ei
3302 2542 3513 2595 dicere:
3542 2540 3829 2607 Quemad-

571 2637 788 2690 modum
821 2650 928 2688 uno
953 2633 1295 2687 inobediente
1321 2634 1486 2686 Adam
1516 2635 1751 2686 mundus
1785 2635 2072 2686 damnatus
2100 2640 2203 2685 est.
2229 2631 2548 2700 Quanquam
2584 2646 2692 2682 non
2718 2632 2826 2684 sint
2855 2631 3101 2699 aequalia,
3125 2631 3292 2700 gratia
3322 2640 3481 2699 atque
3513 2643 3833 2701 peccatum,

570 2744 750 2796 neque
779 2727 927 2795 paria
952 2727 1062 2778 sint
1082 2741 1228 2778 mors
1257 2734 1419 2792 atque
1448 2725 1575 2786 vita,
1607 2740 1713 2777 non
1751 2723 1970 2792 mqualis
2001 2723 2140 2776 Deus
2173 2738 2236 2775 ac
2267 2722 2513 2776 diabolus
2550 2720 2640 2789 (ε).
2683 2723 2818 2775 Item
2850 2731 2962 2789 post
2989 2721 3267 2789 paululum
3297 2739 3309 2774 :
3343 2722 3450 2776 Sed
3486 2738 3593 2777 non
3635 2739 3837 2792 quem-

571 2819 858 2873 admodum
885 2817 1164 2881 delictum,
1195 2813 1383 2883 inquit,
1416 2817 1484 2868 ita
1512 2826 1566 2868 et
1595 2817 1782 2886 gratia.
1818 2816 1874 2869 Si
1903 2815 2047 2869 enim
2083 2816 2242 2868 unius
2267 2815 2465 2868 delicto
2498 2813 2652 2868 multi
2683 2815 2882 2867 mortui
2917 2824 3064 2878 sunt,
3093 2816 3262 2868 multo
3303 2816 3473 2887 magis
3509 2818 3679 2887 gratia
3727 2819 3832 2874 Dei

570 2923 625 2966 et
657 2913 856 2965 donum
883 2911 935 2962 in
960 2910 1126 2978 gratia
1162 2909 1321 2963 unius
1351 2908 1588 2961 hominis
1609 2907 1736 2961 Jesu
1759 2908 1960 2962 Christi
1993 2908 2046 2960 in
2083 2908 2279 2962 multos
2303 2907 2599 2961 abundavit
2632 2907 2786 2975 (Ibid.
2823 2908 2932 2974 I5).
2961 2907 3118 2974 Quod
3145 2910 3288 2963 enim
3318 2910 3470 2973 dicit,
3503 2912 3691 2980 inquit,
3725 2914 3838 2968 hu-

569 3003 806 3074 jusmodi
837 3011 918 3056 est
954 3019 966 3051 :
1000 2999 1052 3053 Si
1083 3008 1363 3069 peccatum
1390 2999 1577 3061 valuit,
1615 3009 1667 3052 et
1699 3009 1982 3068 peccatum
2019 2999 2181 3053 unius
2203 2999 2478 3063 hominis;
2511 2999 2679 3068 gratia
2722 3009 2777 3051 et
2823 2999 2917 3053 Dei
2965 3001 3157 3068 gratia,
3186 3010 3239 3055 et
3281 3017 3390 3055 non
3422 3002 3598 3056 solum
3626 3004 3835 3070 Patris,

567 3095 660 3145 sed
693 3093 854 3145 etiam
903 3090 1042 3152 Filii,
1074 3089 1528 3158 quemadmodum
1566 3105 1674 3142 non
1706 3089 1937 3158 amplius
1974 3087 2323 3157 praevalebit?
2369 3088 2536 3142 Multo
2582 3089 2725 3142 enim
2775 3091 2876 3143 hoc
2912 3091 3307 3146 rationabilius.
3355 3093 3488 3147 Nam
3529 3095 3697 3148 alium
3731 3112 3837 3165 pro

569 3183 676 3236 alio
705 3182 971 3242 damnari,
1005 3197 1112 3233 non
1139 3181 1292 3232 valde
1320 3180 1535 3232 videtur
1571 3178 1767 3232 habere
1799 3179 2061 3231 rationem
2102 3195 2114 3230 :
2150 3178 2312 3230 alium
2344 3186 2526 3230 autem
2556 3193 2652 3246 pro
2687 3178 2793 3230 alio
2817 3179 3031 3240 salvari,
3064 3189 3121 3234 et
3143 3181 3426 3236 decentius
3451 3183 3619 3253 magis
3645 3192 3701 3238 et
3741 3201 3838 3240 ra-

571 3274 883 3329 tionabilius
917 3283 1159 3343 apparet.
1193 3272 1245 3326 Si
1272 3272 1432 3341 igitur
1456 3271 1584 3324 illud
1619 3271 1818 3324 factum
1849 3280 1950 3328 est.
1978 3271 2151 3324 multo
2183 3270 2352 3340 magis
2380 3270 2488 3329 hoc
2515 3269 2613 3338 (ά).
2658 3269 2895 3339 Itemque
2921 3271 3048 3324 alibi
3081 3272 3135 3324 in
3166 3275 3589 3341 consequentibus
3621 3292 3636 3340 ;
3671 3275 3836 3330 Judi-

568 3372 731 3435 cium,
767 3370 955 3438 inquit,
984 3384 1046 3421 ex
1080 3383 1186 3419 uno
1215 3368 1266 3419 in
1298 3365 1829 3427 condemnationem,
1865 3364 2035 3431 gratia
2084 3370 2262 3416 autem
2309 3379 2373 3416 ex
2424 3361 2606 3414 multis
2656 3361 2872 3416 delictis
2925 3364 2979 3416 in
3008 3364 3455 3432 justiﬁeationem
3490 3368 3670 3434 (Ibid.,
3715 3369 3832 3438 16).

569 3462 684 3518 Hoc
715 3463 856 3517 idem
886 3471 988 3524 est,
1017 3462 1206 3530 inquit,
1233 3459 1372 3528 quod
1406 3458 1622 3521 dicitur,
1663 3455 1916 3524 quoniam
1942 3455 2160 3523 quidem
2192 3464 2419 3508 mortem
2460 3463 2515 3508 et
2551 3456 2952 3509 damnationem
2988 3457 3164 3524 potuit
3206 3469 3487 3526 peccatqu
3520 3460 3785 3515 inducere
3814 3481 3832 3530 ;

567 3556 736 3628 gratia
763 3563 944 3608 autem
970 3568 1077 3606 non
1113 3567 1277 3605 unum
1311 3551 1437 3603 illud
1474 3548 1848 3602 tantummodo
1891 3547 2162 3600 interfecit
2194 3555 2498 3617 peccatum,
2533 3548 2625 3600 sed
2666 3549 2827 3601 etiam
2879 3558 2997 3616 post
3032 3549 3158 3602 illud
3202 3551 3530 3604 introcuntia
3580 3563 3832 3619 peccata.

570 3648 636 3702 Et
663 3645 824 3715 paulo
850 3653 961 3712 post
985 3642 1048 3693 de
1072 3642 1165 3692 hoc
1194 3641 1302 3708 ipso
1327 3655 1342 3692 :
1369 3638 1633 3703 Quoniam
1658 3653 1806 3707 ergo,
1832 3637 2021 3705 inquit,
2057 3637 2208 3704 plura
2236 3637 2538 3691 introducta
2563 3648 2688 3692 sunt
2717 3638 2883 3703 bona,
2912 3648 2966 3692 et
2995 3655 3101 3691 non
3125 3642 3295 3693 solum
3323 3643 3450 3696 illud
3476 3644 3836 3700 interfectum

571 3749 654 3795 est
686 3749 988 3808 peccatum.
1021 3734 1115 3787 sed
1141 3734 1300 3786 etiam
1333 3732 1511 3786 omnia
1543 3732 1770 3799 reliqua,
1800 3732 2038 3784 ostendit
2062 3733 2249 3785 dicens
2277 3748 2290 3785 :
2321 3731 2503 3785 Gratia
2527 3741 2708 3785 autem
2741 3749 2805 3786 ex
2839 3734 3024 3786 multis
3047 3734 3256 3788 delictis
3278 3735 3328 3786 in
3359 3735 3833 3803 justilimlionetn.

576 3834 640 3888 Et
664 3842 777 3901 post
802 3830 1077 3900 paululum
1100 3831 1176 3881 ait
1223 3846 1234 3880 :
1276 3827 1456 3882 Primo
1484 3828 1626 3881 enim
1659 3826 2120 3892 dixit:Quoniam
2167 3827 2209 3880 si
2257 3827 2418 3880 unius
2469 3837 2748 3895 peccatum
2790 3828 3057 3882 interfecit
3099 3844 3310 3893 omnes,
3354 3833 3524 3885 multo
3562 3835 3734 3904 magis
3779 3846 3836 3890 ct

570 3927 732 3979 unius
767 3925 936 3995 gratia
967 3922 1165 3992 poterit
1198 3922 1424 3975 salvare.
1458 3921 1582 3975 Post
1616 3922 1730 3974 haec
1759 3929 1941 3974 autem
1973 3921 2231 3982 ostendit,
2269 3922 2459 3988 inquit,
2493 3921 2746 3989 quoniam
2794 3937 2901 3974 non
2948 3922 3074 3975 illud
3127 3926 3300 3977 solum
3348 3925 3695 3982 interfectum
3745 3940 3837 3984 est

569 4029 853 4089 peccatum
888 4033 983 4085 per
1011 4015 1260 4086 gratiam,
1283 4014 1374 4068 sed
1396 4015 1559 4068 etiam
1587 4014 1766 4067 omnia
1794 4014 1998 4082 reliqua
2032 4031 2044 4066 :
2076 4024 2129 4066 et
2155 4029 2260 4066 non
2293 4015 2463 4067 solum
2500 4025 2715 4083 peccata
2745 4015 3028 4069 interfecta
3053 4026 3198 4083 sunt,
3228 4019 3318 4071 sed
3347 4021 3510 4072 etiam
3539 4033 3593 4074 et
3627 4023 3836 4080 tributa

572 4109 778 4178 justitia
813 4116 896 4162 est
925 4125 937 4160 :
968 4116 1022 4161 et
1055 4123 1163 4160 non
1195 4115 1407 4159 tantum
1439 4106 1611 4159 solum
1644 4105 1845 4173 proluit
1888 4106 2156 4168 Christus,
2179 4118 2439 4174 quantum
2480 4107 2664 4162 nocuit
2693 4110 2884 4173 Adam,
2917 4111 3009 4163 sed
3046 4111 3217 4164 multo
3248 4113 3479 4180 amplius
3510 4125 3673 4184 atque
3709 4133 3836 4171 ma-

585 4197 668 4264 gis
694 4195 788 4263 (e).
832 4196 956 4248 Post
994 4196 1100 4247 lucc
1139 4196 1194 4246 in
1219 4193 1398 4246 eodem
1431 4210 1546 4246 cum
1573 4194 1637 4246 de
1675 4193 1934 4262 baptismo
1969 4188 2166 4261 ageret,
2200 4194 2509 4261 interposuit
2543 4197 2696 4248 verba
2728 4197 2980 4263 Apostoli,
3013 4199 3229 4252 dicentis
3263 4220 3276 4253 :
3310 4201 3388 4255 An
3420 4201 3700 4272 ignoratis,
3743 4208 3833 4260 iri--

577 4286 711 4353 quit,
745 4285 958 4350 fratres,
983 4284 1238 4353 quoniam
1258 4283 1563 4352 quicunque
1600 4284 1650 4336 in
1687 4285 1907 4338 Christo
1934 4283 2190 4352 baptizati
2222 4299 2431 4346 sumus,
2460 4285 2514 4337 in
2562 4295 2734 4340 morte
2762 4288 2932 4356 ipsius
2959 4290 3211 4358 baptizati
3240 4293 3464 4347 sumus?
3501 4294 3832 4365 Consepulti

574 4395 706 4450 ergo
734 4393 925 4433 sumus
952 4377 1024 4430 illi
1054 4393 1149 4447 per
1172 4376 1497 4446 baptismum
1533 4377 1585 4429 in
1620 4386 1814 4432 morte.
1865 4377 2006 4442 Quid
2032 4386 2115 4430 est
2147 4395 2159 4430 :
2193 4377 2250 4430 In
2280 4388 2451 4431 morte
2486 4379 2604 4447 ejus
2637 4380 2886 4449 lnaptizati
2919 4385 3151 4436 sumus?
3177 4383 3243 4437 Ut
3277 4394 3330 4439 et
3375 4387 3473 4455 ipsi
3526 4392 3831 4450 moriamur

570 4474 716 4528 sicut
739 4482 794 4526 et
825 4470 932 4524 ille.
956 4470 1098 4526 Crux
1129 4470 1271 4524 enim
1295 4477 1379 4523 est
1405 4469 1687 4538 baptisma.
1718 4471 1870 4536 Quod
1894 4486 2030 4538 ergo
2055 4487 2183 4524 crux
2205 4470 2423 4524 Christo
2444 4480 2496 4524 et
2517 4473 2844 4541 sepulcrum,
2879 4474 2978 4528 hoc
3001 4476 3154 4529 nobis
3183 4477 3446 4546 baptisma
3480 4480 3680 4535 factum
3710 4498 3833 4553 est;
3897 4512 3902 4516 -

574 4563 788 4618 tametsi
816 4578 924 4616 non
953 4562 1006 4615 in
1038 4561 1242 4616 eisdem
1274 4561 1427 4630 ipsis.
1457 4561 1576 4630 Ipse
1605 4578 1837 4630 namque
1858 4577 2021 4616 carne
2055 4571 2109 4615 et
2147 4575 2392 4616 mortuus
2420 4573 2576 4618 estet
2599 4566 2876 4634 sepultus;
2910 4583 3010 4622 nos
3033 4578 3213 4622 autem
3246 4581 3466 4638 peccato
3496 4574 3546 4626 in
3574 4583 3832 4646 utroque.

571 4655 913 4722 Quapropter
942 4669 1048 4708 non
1080 4653 1246 4708 dixit:
1280 4653 1641 4722 Complantati
1666 4655 1824 4708 morti
1854 4671 1867 4718 ;
1899 4655 2015 4729 sed,
2043 4654 2400 4709 Similitudini
2427 4657 2636 4710 mortis.
2671 4657 2815 4713 Mors
2847 4674 3081 4728 namque
3106 4670 3161 4714 et
3193 4663 3296 4716 hoc
3331 4675 3385 4716 et
3414 4665 3560 4727 illud.
3595 4669 3688 4722 sed
3717 4685 3832 4724 non

571 4750 751 4804 eidem
793 4749 892 4817 ipsi
925 4749 1186 4818 subjaeet,
1213 4750 1307 4804 sed
1346 4749 1461 4804 haec
1489 4750 1705 4819 quidem
1728 4750 1910 4804 carnis
1931 4749 2157 4814 Christi,
2185 4759 2369 4805 nostra
2401 4760 2584 4804 autem
2626 4753 2854 4822 peccati.
2889 4753 3357 4818 Quemadmodum
3398 4773 3526 4830 ergo
3551 4760 3637 4812 illa
3671 4778 3830 4830 vera,

573 4850 630 4895 et
667 4841 782 4894 haec
805 4843 889 4910 (ι’).

649 4955 800 5026 [422]
845 4956 938 5010 llis
977 4957 1213 5026 adjicere
1240 4955 1411 5010 visum
1443 4967 1527 5011 est
1556 4958 1660 5021 illa,
1692 4974 1811 5026 qua:
1838 4959 2074 5014 Savilius
2100 4961 2241 5015 circa
2273 4977 2423 5015 suam
2465 4961 2818 5015 IIomiliarum
2862 4963 3229 5036 Chrysostomi
3280 4968 3331 5021 in
3362 4969 3628 5038 Epistolas
3659 4969 3822 5027 Pauli

573 5044 902 5109 Editioncm,
933 5049 1076 5101 notis
1123 5049 1399 5116 prarmisit.
1437 5049 1594 5104 Putat
1625 5050 1711 5104 ille
1740 5051 1997 5106 lIomtI‘as
2029 5054 2400 5124 Chrysostomi
2433 5055 2486 5108 in
2517 5055 2810 5125 Epistolam
2850 5057 2916 5113 ad
2949 5057 3220 5116 Romanos
3261 5061 3565 5116 Antiochiae
3613 5063 3835 5120 habitas

571 5137 759 5201 fuisse,
791 5153 952 5206 quam
979 5155 1076 5192 nos
1100 5142 1425 5194 sententiam
1456 5141 1684 5211 amplexi
1720 5157 1928 5197 sumus.
1955 5145 2153 5199 Verum
2186 5145 2272 5200 ille
2299 5162 2405 5200 non
2439 5147 2630 5202 eodem
2661 5164 2769 5219 quo
2795 5166 2894 5206 nos
2918 5153 3185 5228 κριτηρίῳ
3217 5155 3283 5210 ad
3317 5155 3462 5210 illam
3486 5171 3837 5226 propugnan-

571 5228 698 5283 dam
739 5231 1063 5284 sententiam
1102 5246 1231 5284 usus
1261 5241 1363 5285 est.

638 5444 710 5507 (ᾳ)
739 5445 1000 5506 Augustin.
1033 5454 1197 5496 contra
1219 5445 1467 5496 lulianum
1494 5449 1526 5496 ι.
1554 5461 1586 5506 ι,
1613 5462 1655 5496 c.
1684 5450 1760 5502 2'7.
1786 5463 1833 5507 p.
1856 5450 1965 5497 5l5.

639 5463 710 5507 [(1)
739 5463 1000 5506 Angusnn.
1033 5463 1197 5496 comm
1219 5463 1467 5496 Juuauum
1495 5463 1526 5496 Ι.
1554 5463 1586 5506 l,
1613 5463 1655 5496 C.
1684 5463 1760 5502 ΖΙ.
1820 5485 1833 5496 .
1856 5463 1965 5497 θιο.

902 5509 1146 5566 Εὶιῐᾈέοει.
1178 5510 1344 5557 homil.
1372 5509 1430 5559 10
1455 5513 1502 5560 in
1530 5509 1683 5572 Epist.
1714 5511 1771 5558 ad
1786 5463 1952 5571 ΙἶιοῐηῚ
1978 5511 2053 5562 col
2102 5510 2211 5563 475.

662 5571 708 5627 c)
741 5571 863 5616 Ibid.

640 5571 717 5747 ΞΑ)
747 5628 869 5700 Ibid.
895 5629 989 5676 col.
1020 5629 1125 5678 £76.

662 5690 710 5747 ς)
741 5689 860 5736 Ibid.

641 5689 710 5747 (c)
741 5689 860 5736 Ibid.

641 5745 704 5814 (ί)
736 5747 853 5798 Ibid.
884 5753 955 5801 col
987 5752 1091 5800 £80.
