4056 6396
221 406 323 458 δδθ
1345 388 1598 443 δΑγιωι
1639 385 1709 439 IN
1754 384 1823 438 Ἰ(

1910 382 2003 438 υΜ
2045 378 2380 436 TERTIUM.
3380 369 3512 431 390'

219 513 3507 583 =___-——._—:-_——————————————————————————-'——'————==

651 748 1252 885 SAVILII
1355 750 1515 874 IN
1614 747 2193 873 TOMUM
2300 745 3083 871 TERTIUM.

1649 1021 2088 1048 W

287 1236 445 1310 [423]
477 1235 748 1291 Caeterum
777 1231 846 1286 de
873 1228 1014 1295 loco,
1042 1226 1133 1282 ubi
1154 1223 1382 1295 scriptae
1410 1222 1494 1279 vel
1523 1223 1682 1279 dieue
1712 1221 1822 1276 sint
1857 1220 1944 1275 hae
1971 1217 2026 1273 in
2055 1217 2275 1273 beatum
2307 1217 2629 1288 Apostolum
2677 1235 2704 1273 a
2749 1217 2960 1274 Joanne
3003 1229 3195 1275 nostro
3226 1219 3521 1276 elaborata:

218 1329 604 1399 Expositiones
636 1334 693 1379 et
718 1324 978 1382 homilia,
1012 1337 1041 1375 a
1076 1318 1252 1374 doctis
1287 1318 1445 1373 video
1477 1316 1530 1369 in
1561 1314 1737 1369 varias
1765 1313 1898 1367 itum
1930 1327 2051 1366 esse
2087 1311 2408 1366 sententias.
2439 1312 2686 1368 Andreas
2720 1313 2990 1368 Dounzrus
3021 1313 3072 1368 in
3108 1313 3254 1369 notis
3281 1315 3396 1367 suis
3421 1317 3524 1370 do-

219 1419 484 1478 ctissimis
513 1419 581 1472 ad
605 1433 728 1471 eum
765 1416 948 1470 locum
977 1409 1371 1482 Chrysostomi,
1400 1408 1491 1478 qui
1524 1406 1794 1476 reperitur

1922 1421 1935 1457 ι
1973 1400 2064 1467 1V,
2100 1419 2219 1472 pag.
2256 1404 2370 1466 126,
2401 1403 2468 1457 15
2499 1421 2510 1455 :
2538 1403 2916 1474 προσέκρουσε
2948 1404 3028 1475 τῷ
3060 1423 3192 1458 ποτε
3228 1408 3522 1477 κρατοῦντι

220 1514 254 1582 ἡ
277 1512 439 1572 πόλις
465 1511 499 1578 ή
530 1508 806 1579 ἡμετέρα,
833 1514 964 1570 etc.,
992 1502 1176 1558 omnia
1200 1503 1318 1556 haec
1343 1500 1396 1554 in
1427 1500 1647 1554 beatum
1673 1497 1900 1550 Paulum
1929 1495 2236 1550 Antiochia:
2265 1496 2464 1564 scripta
2495 1496 2708 1549 videtur
2735 1510 2982 1550 asserere
3015 1515 3027 1549 ε
3063 1513 3187 1552 cum
3231 1507 3416 1552 tamen
3457 1499 3526 1551 de
3614 1487 3626 1512 ‘

220 1605 326 1659 illis
365 1603 502 1673 ipsis
533 1604 586 1656 in
618 1601 916 1671 Epistolam
940 1599 1008 1652 ad
1029 1598 1383 1652 Colossenses
1410 1595 1774 1649 certissimum
1808 1592 1877 1646 sit
1908 1591 2140 1660 scriptas
2164 1591 2334 1646 fuisse
2361 1592 2441 1645 vel
2479 1592 2694 1647 habitas
2721 1592 3218 1662 Constantinopoli,
3256 1602 3313 1646 ut
3343 1609 3405 1648 ex
3439 1610 3526 1648 se-

220 1699 524 1773 quentibus
554 1694 802 1765 liquebit.
836 1692 1042 1748 Contra
1073 1691 1383 1762 βιογράφοι,
1413 1688 1507 1758 qui
1537 1688 1733 1742 bellam
1761 1686 1922 1739 nobis
1958 1686 2343 1756 excogitarunt
2375 1686 2616 1740 fabulam
2655 1687 2799 1740 illam
2842 1688 2910 1742 de
2946 1688 3112 1742 Paulo
3141 1690 3193 1741 in
3227 1705 3416 1743 aurem
3447 1691 3529 1745 di-

222 1800 408 1847 ctante
436 1797 627 1842 nostro
651 1785 870 1848 Joanni,
897 1799 1017 1853 quae
1047 1783 1332 1847 scriberet,
1375 1795 1604 1850 eamque
1643 1794 1757 1833 rem
1782 1777 1974 1831 l’roclo
2004 1779 2116 1847 (qui
2148 1789 2258 1832 tum
2293 1777 2641 1833 ministrabat
2680 1779 3092 1850 Chrysostomo,
3129 1791 3184 1836 et
3233 1794 3420 1851 postea
3469 1783 3522 1836 in

224 1886 547 1955 episcopatu
576 1879 861 1950 successit)
894 1895 992 1949 per
1015 1878 1183 1932 rimas
1217 1878 1412 1942 visam,
1443 1885 1638 1929 cuncta
1671 1874 1926 1928 videntur
1949 1873 2246 1926 vindicarc'
2265 1871 2765 1942 Constantinopoli.
2800 1873 3009 1937 Neutri,
3036 1885 3093 1930 ut
3117 1874 3333 1945 opinor,
3359 1892 3484 1930 vere
3513 1891 3526 1926 :

225 1978 538 2033 rectissime
569 1977 818 2036 Photius,
851 1975 942 2044 qui
983 1991 1106 2046 pag.
1139 1974 1237 2028 90!
1274 1972 1530 2026 editionis
1560 1971 1788 2041 August.
1835 1970 2070 2025 mediam
2105 1977 2255 2023 secat
2286 1969 2451 2031 viam,
2504 1970 2589 2024 his
2623 1972 2804 2025 verbis
2837 1991 2848 2026 :
2883 1971 3023 2025 ἀλλὰ
3059 1973 3158 2035 τὰς
3197 1974 3298 2043 μὲν
3333 1975 3412 2034 είς
3439 1972 3531 2024 τὸν

240 2071 573 2126 Ἀτοόστολον
603 2069 951 2139 συγγραφὰς,
979 2067 1128 2119 ἔστιν
1158 2065 1216 2131 ἐξ
1253 2065 1432 2119 αὐτῶν
1456 2065 1682 2118 ἐκείνων
1707 2063 2026 2130 ἐπιγνῶναι,
2067 2062 2217 2115 ποῖαί
2246 2080 2306 2114 τε
2341 2064 2520 2117 αὐτῶν
2550 2064 2610 2116 ὲν
2645 2063 2948 2136 Ἀντιοχείᾳ
2972 2065 3304 2133 διατρίϐοντι
3342 2064 3534 2128 ἐξεπο-

227 2164 500 2234 νήθησαν,
531 2161 588 2214 αἶ
621 2161 712 2214 καὶ
742 2159 944 2230 μᾶλλον
974 2159 1388 2229 διηκρίεωνται,
1420 2154 1516 2209 καὶ
1550 2159 1700 2208 ποῖαι
1729 2156 1829 2225 ἀρχ

1931 2155 2178 2208 ατεύοντι
2210 2155 2569 2227 ἐποιήθησαν.
2605 2158 2680 2211 Ex
2710 2157 2910 2226 quibus
2934 2159 3116 2212 verbis
3144 2158 3396 2228 quamvis
3430 2173 3533 2212 nec

229 2255 324 2318 ibi,
356 2269 462 2308 nec
493 2268 742 2323 usquam,
785 2251 928 2320 quod
963 2249 1150 2313 sciam,
1194 2248 1262 2301 ah
1293 2249 1410 2315 ipso
1441 2246 1643 2300 diserte
1677 2245 2037 2312 exprimatur,
2069 2260 2178 2313 quo
2213 2260 2442 2315 quaeque
2487 2246 2608 2300 loco
2659 2247 2860 2315 scripta
2911 2247 3139 2309 fuerint,
3194 2249 3299 2304 hoc
3351 2258 3534 2304 tamen

232 2343 999 2403 habemus.Antiochcnorum
1031 2349 1086 2394 et
1115 2337 1834 2406 Constantinopolitanorun

1934 2334 2191 2404 οιτήριον,
2224 2337 2484 2390 nimirum
2516 2336 2616 2408 τὴν
2643 2337 2950 2407 ἀκρίϐειαν.
2981 2339 3101 2404 Quo
3126 2348 3309 2394 tamen
3342 2357 3536 2411 κριτη-

235 2445 333 2516 ρίῳ
356 2445 562 2499 certius
594 2441 859 2494 habemus
892 2438 1036 2491 aliud
1059 2447 1108 2491 et
1137 2437 1320 2490 minus
1352 2435 1511 2488 fallax
1549 2435 1606 2486 in‘
1633 2431 1935 2492 nonnullis,
1968 2431 2208 2485 auctoris
2239 2432 2410 2500 ipsius
2436 2433 2624 2487 verba.
2657 2433 2758 2488 Ubi
2789 2443 2972 2490 autem
3021 2437 3124 2490 hoc
3167 2438 3539 2492 destituemur

232 2539 480 2596 subsidio
502 2540 701 2608 (neque
726 2535 871 2590 enim
900 2534 952 2587 in
981 2533 1238 2588 omnibus
1270 2531 1400 2585 illud
1427 2547 1490 2585 ex
1518 2529 1700 2584 verbis
1729 2527 2107 2600 Cbrysostomi
2136 2530 2406 2598 apparet),
2428 2528 2857 2599 confugiendum
2884 2530 2991 2584 crit
3012 2531 3079 2584 ad
3103 2531 3255 2600 prius
3284 2532 3414 2587 illud
3437 2536 3541 2603 τῆς

233 2630 526 2702 ἀκριϐείας
553 2630 859 2698 κριτήριον,
899 2627 1004 2680 hoc
1031 2635 1135 2690 est,
1168 2641 1254 2679 res
1285 2625 1664 2695 probabilibus
1689 2626 1835 2694 conji

1937 2625 2028 2679 Iris
2054 2624 2432 2694 expendenda.
2464 2626 2542 2679 Ac
2563 2641 2632 2679 ne
2661 2625 3121 2695 longe-abeamus,
3154 2627 3222 2681 de
3258 2627 3436 2697 priore
3472 2629 3539 2682 ad

233 2724 551 2783 Corinthios
581 2736 898 2791 expressum
924 2719 1191 2772 habemus
1220 2733 1285 2772 ex
1319 2718 1491 2787 ipsius
1519 2716 1893 2788 Chrysostomi
1922 2718 2104 2772 verbis
2133 2717 2530 2784 testimonium,
2563 2717 2794 2787 scriptas
2812 2718 2980 2772 luisse
3003 2719 3255 2774 homilias
3288 2722 3405 2775 illas
3433 2728 3543 2775 An-

237 2825 473 2880 tiochiae.
514 2821 694 2874 Locus
726 2825 829 2880 est,
871 2815 1095 2870 homilia
1128 2813 1389 2884 vigesima
1420 2814 1594 2883 prima
1628 2830 1679 2884 p.
1713 2815 1839 2879 379,

1948 2834 1960 2868 :
1997 2811 2291 2868 καὶταῦτα
2322 2816 2379 2866 ὲν
2409 2814 2732 2884 Ἀντιοχείᾳ,
2756 2817 2812 2866 ἐν
2910 2814 3126 2886 πρῶτον
3159 2817 3542 2886 ἐχρημάτισαν

237 2912 578 2986 Χριστιανοί.
615 2911 678 2964 Et
706 2909 924 2979 quidem
955 2905 1132 2959 Photii
1163 2909 1447 2976 κριτήριον
1479 2906 1607 2959 huic
1632 2907 1836 2976 scripto

1943 2909 2108 2961 rbelle
2138 2908 2417 2971 convenit,
2451 2922 2574 2961 cum
2604 2906 2740 2959 nihil
2770 2907 2843 2960 sit
2875 2907 3084 2976 uspiam
3116 2908 3186 2961 ab
3206 2909 3417 2963 Joanne
3444 2925 3545 2963 no-

237 3017 351 3062 stro
379 3007 487 3060 illis
519 3003 869 3059 sermonibus
899 3003 1162 3071 scriptum
1195 2999 1527 3060 accuratius,
1553 2998 1689 3052 nihil
1720 2999 1985 3053 limatius.
2012 2999 2086 3054 De
2114 2999 2476 3053 Sermonibus
2505 2999 2558 3052 in
2587 2999 2882 3069 Epistolam
2906 3001 2974 3054 ad
3004 3000 3209 3064 'l'itum,
3233 3004 3355 3072 plus
3378 3020 3542 3074 quam

238 3105 520 3176 probabile
566 3112 650 3158 est
694 3101 908 3155 habitos
965 3099 1150 3153 itidem
1202 3098 1370 3152 fuisse
1418 3096 1741 3150 Antiochiae.
1785 3095 1875 3150 Sic
1926 3097 2074 3150 en’im
2118 3096 2363 3164 loquitur
2406 3095 2626 3150 homilia
2687 3097 2866 3160 tertia,
2900 3113 3022 3168 pag.
3069 3097 3194 3162 392,
3240 3101 3310 3154 45
3346 3119 3359 3151 :
3394 3100 3447 3152 τί
3478 3103 3546 3156 ἂν

241 3216 390 3252 ειποι
421 3214 508 3258 τις
538 3197 670 3266 περὶ
696 3193 808 3247 τῶν
832 3197 911 3254 εἰς
940 3192 1145 3252 τόπους
1171 3188 1570 3259 ἀπερχομένων
1595 3187 1826 3250 ἐκείνοις
1863 3188 2093 3255 (scilicet
2123 3187 2428 3256 Ἰουδαίοις)
2465 3189 2911 3258 ἀφιερωμένουςς
2946 3189 3038 3242 τὸν
3068 3191 3127 3241 ἐν
3159 3192 3349 3264 Δάφνῃ
3376 3192 3544 3261 λέγω,

237 3295 299 3348 τὸ
325 3294 425 3362 τῆς
455 3292 770 3362 Ματρώνης
797 3289 1089 3358 λεγόμενον
1121 3285 1390 3356 σπήλαιον
1425 3304 1438 3338 :
1473 3292 1555 3337 est
1604 3291 1787 3336 autem

1943 3283 2066 3336 llme
2108 3282 2455 3336 notissimum
2500 3282 2628 3335 illud
2678 3283 3056 3338 suburbanum
3112 3285 3545 3342 Antiochenam.

237 3388 360 3444 lam
414 3389 483 3442 de
539 3385 900 3441 Sermonibus
956 3384 1010 3436 in
1076 3381 1373 3451 Epistolam
1428 3379 1492 3433 ad
1555 3379 1934 3442 Colossenses,
1993 3376 2254 3447 quicquid
2328 3378 2476 3431 dicat
2538 3377 2895 3432 doctissimus
2961 3379 3257 3444 Dounazus,
3329 3391 3547 3435 certum

243 3491 328 3536 est
349 3477 825 3546 Constantinopoli
858 3475 1092 3546 scriptos
1118 3474 1290 3528 fuisse
1325 3474 1393 3527 ab
1416 3474 1607 3528 eodem
1642 3472 1747 3542 iam
1792 3473 2052 3541 episcopo
2091 3491 2101 3522 :
2137 3471 2189 3525 id
2213 3471 2357 3540 quod
2401 3485 2464 3523 ex
2495 3471 2682 3526 multis
2713 3471 2847 3527 locis
2888 3472 2954 3525 ad
2987 3472 3148 3526 finem
3185 3473 3356 3528 ethici
3402 3477 3549 3530 tertii

242 3577 367 3631 luce
414 3573 618 3628 clarius
661 3581 908 3642 apparet,
944 3587 1067 3641 pag.
1110 3571 1232 3632 407,
1278 3569 1314 3622 l.
1346 3570 1414 3623 M
1456 3587 1468 3623 ε
1519 3568 1593 3638 μὴ
1645 3569 1754 3638 γὰρ
1798 3569 1844 3635 ἐπ

1949 3567 2145 3637 δίδωμι
2189 3567 2287 3637 τὴν
2323 3568 2589 3638 είρήνην;
2623 3568 2783 3637 Atqui
2827 3585 2992 3638 supra
3045 3570 3084 3623 1.
3118 3569 3154 3622 9.
3200 3570 3304 3625 hoc
3335 3573 3550 3627 dixerat

242 3670 528 3744 proprium
556 3684 681 3724 esse
709 3657 806 3720 τοῦ
831 3667 1140 3735 ἐφεστῶτος
1161 3665 1261 3735 τῆς
1288 3663 1638 3734 Ἐκκλησίας.
1671 3664 1782 3718 Aut
1809 3663 1844 3717 si

1945 3665 2173 3733 'esbyter
2201 3663 2305 3716 dici
2335 3672 2522 3731 posset
2566 3662 2850 3733 προεστὼς
2873 3665 2975 3732 τῆς
3012 3665 3364 3736 Ἐκκλησίας,
3400 3667 3547 3735 quod

243 3783 357 3823 non
389 3775 544 3837 puto,
588 3764 644 3818 in
691 3763 827 3817 urbe
867 3761 1232 3831 epiSCOpalem
1280 3760 1466 3814 sedem
1515 3760 1774 3819 habente,
1812 3775 1840 3812 c

1945 3775 1960 3812 ε
2002 3759 2145 3826 quod
2204 3759 2455 3826 sequitur
2500 3759 2535 3811 l.
2570 3761 2631 3813 41
2671 3776 2684 3811 :
2721 3759 2826 3822 ἕως
2878 3760 2924 3813 δ’
2961 3760 3028 3814 ἂν
3068 3762 3162 3814 ἐπὶ
3209 3761 3308 3815 τοῦ
3352 3761 3547 3832 θρόνου

242 3859 442 3914 τούτου
476 3855 792 3926 καθήμεθα,
824 3865 954 3918 etc.,
981 3854 1049 3909 de
1082 3854 1402 3924 presbytero
1427 3852 1531 3907 dici
1560 3867 1669 3905 non
1699 3861 1844 3922 potes

1944 3851 2001 3904 Et
2030 3851 2162 3905 illud
2191 3868 2244 3921 p.
2284 3852 2407 3917 108,
2449 3851 2483 3903 5
2512 3869 2524 3902 :
2559 3851 2717 3904 τοῦτο
2737 3853 2847 3923 γάρ
2867 3856 2983 3906 ἐστι
3021 3855 3082 3907 τὸ
3112 3856 3210 3924 τῆς
3240 3858 3546 3927 ἐπισκοπῆς

244 3956 491 4027 ἀξίωμα,
516 3950 968 4007 manifestissime
998 3949 1280 4004 convincit
1307 3963 1496 4002 verum
1520 3963 1666 4012 esse,
1687 3948 1835 4016 quod
1863 3947 2098 4000 dicimus
2122 3947 2186 4001 de
2210 3947 2294 4000 his
2329 3948 2380 4000 in
2415 3947 2682 4018 Epistolas
2703 3949 2768 4002 ad
2806 3950 3167 4006 Colossenses
3189 3952 3459 4006 Homiliis.
3485 3953 3544 4006 ln

248 4057 541 4112 utramque
571 4044 735 4096 etiam
765 4042 832 4096 ad
856 4037 1381 4095 Thessalonicenses
1407 4039 1780 4110 Chrysostomi
1809 4037 2074 4092 Homilias
2104 4038 2192 4091 aio
2214 4040 2448 4109 scriptas
2471 4040 2713 4094 dietasve
2730 4041 3226 4112 Constantinopoli.
3251 4043 3323 4098 De
3343 4045 3550 4115 priore,

248 4138 445 4196 homil.
476 4137 788 4203 undecima,
816 4152 940 4207 pag.
968 4135 1095 4201 207,
1132 4136 1196 4188 l7
1228 4152 1242 4189 :
1279 4138 1328 4188 εί
1364 4136 1472 4207 γὰρ
1504 4134 1807 4197 ὑπεύθυνος
1837 4136 1850 4187 ἐ

1946 4137 2111 4205 νόμην
2141 4136 2238 4205 τῆς
2268 4136 2492 4189 πάντων
2517 4137 2674 4206 ὑμῶν
2714 4138 3076 4205 προστασίας,
3113 4149 3220 4194 etc.
3259 4139 3333 4194 De
3365 4151 3548 4210 postc-

249 4231 420 4292 riore,
451 4227 642 4284 homil.
665 4236 879 4298 quarta,
904 4243 1006 4300 pag
1028 4227 1155 4290 238,
1180 4228 1279 4281 lin.
1302 4227 1374 4280 22
1401 4244 1415 4281 :
1447 4227 1510 4280 σὺ
1526 4226 1582 4279 δὲ
1613 4227 1788 4291 ἀξιοῖς
1811 4227 1851 4280 τὶ

1948 4228 2057 4281 ιαὸν
2083 4228 2222 4299 ὑπὲρ
2245 4229 2336 4281 τοῦ
2361 4232 2671 4300 ἡγουμένου
2697 4233 3072 4300 παρακαλείν;
3096 4243 3152 4287 et
3178 4250 3300 4288 mox
3331 4236 3426 4289 lin.
3446 4237 3550 4292 25:

249 4322 343 4380 τοῦ
399 4323 732 4395 κρατοῦντος
767 4341 780 4376 :
815 4340 937 4394 quae
971 4339 1080 4378 non
1109 4324 1214 4378 nisi
1244 4325 1505 4394 episcopo
1535 4325 1835 4379 convenire
1867 4337 2099 4396 possunt
2167 4324 2434 4381 Sermone
2478 4339 2676 4396 quarto
2714 4330 2768 4383 in
2819 4329 3118 4400 Epistolam
3159 4331 3224 4386 ad
3265 4331 3550 4397 Hebraeos,

251 4435 376 4493 pag.
410 4419 541 4482 454,
569 4419 810 4488 loquitur
841 4429 901 4474 ut
928 4419 1235 4490 episcopus,
1273 4419 1342 4474 de
1374 4418 1439 4473 iis
1468 4435 1657 4489 agens,
1694 4421 1786 4490 qui
1825 4424 2067 4492 praelii-as
2105 4423 2170 4477 ad
2207 4425 2481 4490 planctum
2523 4426 2777 4480 ciendum
2831 4429 3145 4483 conducunt
3183 4447 3197 4484 :
3238 4430 3408 4483 πολὺν
3454 4432 3557 4482 αὺ-

251 4513 380 4575 τοὺς
409 4511 626 4581 χρόνον,
663 4510 842 4581 inquit
872 4511 968 4565 lin.
1003 4513 1093 4576 50,
1117 4512 1217 4582 τῆς
1243 4511 1538 4582 ἐκκλησίας
1571 4513 1837 4585 ἀπείρξω,

1982 4517 2072 4569 τὸν
2102 4519 2500 4590 εἰδωλολάτρην
2531 4539 2543 4574 :
2582 4531 2634 4574 et
2666 4521 2762 4574 lin.
2797 4522 2866 4576 58
2900 4539 2914 4574 :
2952 4525 2999 4574 εί
3036 4524 3091 4576 δὲ
3135 4522 3209 4594 μὴ
3263 4523 3553 4592 βούλεσθε,

258 4609 415 4680 ἡμεῖς
443 4607 544 4661 οὐκ
565 4607 871 4678 ἀνεχόμεθα
891 4609 996 4680 ἡθη
1025 4607 1249 4662 τοιαῦτα
1278 4607 1500 4679 ὀλέθρια
1525 4609 1590 4680 τῇ
1618 4611 1860 4681 ὲκκλησίς

1958 4616 2328 4682 τεισαγειγείν.
2346 4615 2491 4680 Quin
2516 4627 2571 4670 et
2592 4617 2646 4669 in
2667 4617 2785 4686 ipso
2807 4618 2966 4672 titulo
2986 4617 3118 4671 editi
3145 4620 3404 4674 dicuntur
3435 4635 3560 4673 ser-

257 4703 450 4759 mones
471 4702 634 4756 illi-in
666 4702 967 4772 Epistolam
994 4702 1060 4757 ad
1085 4703 1345 4759 Hebraeos
1376 4706 1514 4774 μετὰ
1546 4706 1647 4774 τὴν
1679 4704 1859 4774 κοίμη‹

1970 4705 2160 4770 αὑτοῦ,
2197 4715 2254 4759 ut
2287 4707 2580 4762 verisimile
2610 4710 2680 4762 sit
2710 4710 2972 4764 extremis
3005 4711 3348 4781 temporibus
3377 4713 3559 4767 dictos

262 4799 449 4854 luisse.
489 4797 565 4853 De
595 4799 896 4868 posteriore
928 4799 994 4853 ad
1027 4798 1344 4855 Corinthios
1378 4802 1733 4856 subdubitare
1766 4817 1853 4854 me
1888 4801 2034 4872 cogit
2056 4802 2241 4864 dictio,
2270 4818 2431 4872 quam
2469 4804 2522 4857 in
2550 4806 2798 4874 proxime
2831 4809 3167 4872 memoratis,
3201 4811 3364 4878 paulo
3393 4813 3560 4878 ἀκρι-

256 4891 517 4963 ϐεστέρα.
550 4891 605 4945 Si
640 4902 819 4947 tamen
859 4896 1082 4964 γνήσιον
1128 4903 1210 4950 est
1258 4896 1476 4951 ethicon
1523 4897 1656 4951 illud
1697 4897 1972 4967 vigesima).
2019 4907 2204 4961 sextae,
2256 4899 2400 4968 quod
2435 4901 2579 4954 inter
2617 4903 2807 4957 doctos
2842 4903 3134 4970 disceptari
3175 4905 3353 4973 video,
3391 4910 3558 4963 verba

258 4995 405 5043 certe
435 4987 522 5040 illa
546 5001 666 5058 pag.
697 4987 824 5050 687,
845 4987 916 5041 28
943 5004 956 5039 ;
991 4989 1088 5041 καὶ
1109 4989 1219 5060 γάρ
1241 4991 1340 5043 καὶ
1367 4991 1605 5045 ἐνταῦθα
1626 4993 1858 5045 Κωνστα

1953 5008 2038 5043 νον
2065 4992 2156 5044 τὸν
2191 4995 2388 5063 μέγαν,
2412 5004 2544 5060 etc.,
2572 4996 3087 5068 ConstantinOpolin
3114 5003 3259 5056 clare
3292 5002 3555 5061 indicant.

259 5086 438 5153 Atque
482 5083 600 5138 [nec
640 5092 790 5150 sunt,
816 5098 939 5154 quae
969 5101 1032 5139 ex
1073 5084 1208 5154 ipsis
1244 5085 1620 5158 Chrysostomi
1670 5089 1873 5153 verbis,
1907 5096 2187 5158 utcunque
2215 5105 2315 5159 pro
2347 5099 2615 5161 tempore,
2661 5093 2859 5148 elicere
2899 5096 3197 5164 potuimus.
3234 5097 3313 5152 Ad
3353 5099 3560 5168 reliqua

260 5178 506 5234 adhibito
537 5179 714 5233 Photii
748 5180 1042 5250 κριτηρίῳ,
1068 5181 1212 5250 quod
1239 5183 1470 5236 alterum
1508 5199 1625 5248 nos,
1663 5183 1708 5238 si
1749 5195 1895 5240 recte
1922 5185 2234 5252 observavi,
2269 5187 2472 5242 dehinc
2499 5189 2830 5255 destituerit,
2871 5188 3121 5247 llomilia:
3162 5192 3216 5246 in
3261 5194 3560 5264 Epistolam

260 5277 327 5331 ad
362 5275 669 5340 Romanos,
711 5284 766 5330 et
801 5275 1080 5346 Expositio
1138 5278 1191 5331 in
1241 5277 1458 5333 Galatas
1507 5280 1862 5336 Antiochenis

1957 5282 1991 5335 ὰ
2037 5283 2138 5351 τὴν
2187 5282 2476 5354 ἀκρίϐειαν
2533 5287 2892 5340 acccnsendze
2948 5302 2963 5338 :
3016 5289 3266 5343 Homiliae
3325 5290 3378 5342 in
3429 5291 3559 5359 Epi-

260 5368 427 5425 stolas
461 5370 529 5424 ad
577 5369 863 5440 Ephesios,
902 5369 1306 5442 Philippenses,
1343 5383 1631 5445 utramque
1663 5377 1730 5430 ad
1762 5377 1862 5431 Tin

1954 5379 2114 5432 heum
2153 5389 2208 5434 et
2251 5379 2632 5436 Philemonem
2674 5382 2761 5435 διὰ
2800 5382 2860 5435 τὸ
2890 5384 3025 5436 αὐτὸ
3070 5386 3418 5454 αὐτοσχέδιον
3457 5386 3556 5453 τῆς

261 5461 460 5526 λέξεως
482 5463 1124 5538 Constantinopolitanis.
1158 5469 1335 5538 Atque
1375 5468 1492 5524 haec
1517 5469 1736 5539 quidem
1771 5488 1863 5527 nos

1961 5472 2434 5543 ιτοσχεδιάζοντες,
2477 5474 2708 5530 meliora
2746 5485 3062 5532 monentem
3109 5478 3252 5532 haud
3287 5477 3563 5532 illibentcr

260 5558 531 5612 secuturi.

1738 5739 2075 5755 Ἦ
