4056 6420
574 427 669 482 391

1256 420 1316 477 S.
1354 418 1638 477 JOANNIS
1673 413 2149 481 CHRYSUSTOW

2230 411 2511 469 ,ποιηεῆ
2549 408 3092 479 (ἔΟΝΒΤΑΝΊῚΝΟΡ.

3671 409 3775 464 so!

577 551 3781 605 m

625 588 1067 602 ,Ψ
1096 586 1719 600 Μ

638 588 1067 602 ﬂ

1339 763 1813 853 SANCTI
1918 760 2403 848 PATRIS
2501 756 2998 848 NOSTBI

713 1003 1720 1191 JOANNIS
1892 996 3644 1179 CHRYSOSTOMI

1477 1310 1987 1370 ARCHIEPISCOP!
2040 1308 2874 1374 CONS’I’ANTINOPOLITANI,

963 1497 1765 1582 COMMENTARIUS
1837 1499 1945 1576 IN
2024 1496 2598 1573 EPISTOLAM
2682 1498 2809 1571 AD
2880 1495 3387 1573 ROMANOS.

1250 1871 1416 1934 ABG
1429 1869 1860 1933 UMENTUM
1892 1867 1975 1947 (α)
2021 1868 2149 1929 ΕΡ]

2230 1867 2453 1930 ΤοιΛΕ
2491 1867 2603 1926 ΑΙ)
2644 1864 3045 1927 ROMANOS
3074 1873 3111 1923 ί.

628 2044 680 2099 1.
705 2044 837 2099 Dum
862 2045 1218 2115 Epistolarum
1242 2045 1301 2099 S.
1326 2044 1472 2098 Pauli
1496 2043 1776 2097 lectionem
1798 2042 2125 2111 frequenter,

554 2148 618 2188 ac
643 2149 784 2202 sepe
812 2143 894 2189 ter
914 2145 1166 2204 quaterve
1193 2148 1287 2201 per
1305 2132 1540 2202 singulas
1561 2131 1920 2186 hebdomadas
1946 2131 2127 2195 audio,

552 2223 764 2291 quando
792 2231 1094 2277 sanctorum
1120 2234 1411 2293 martyrum
1434 2222 1744 2275 memoriam
1770 2222 2127 2286 celebramus,

551 2313 760 2381 gaudeo
788 2322 844 2368 et
868 2314 1097 2378 exsulto,
1129 2313 1252 2368 tuba
1288 2314 1469 2369 iniens
1509 2314 1769 2383 spirituali
1788 2354 1802 2375 ,
1832 2314 2132 2368 desiderio-

552 2419 657 2472 que
676 2403 861 2468 ardeo,
885 2418 1006 2457 cum
1032 2406 1256 2457 amicam
1275 2404 1403 2457 mihi
1424 2419 1609 2458 vocem
1630 2404 1890 2470 ausculto,
1919 2403 2133 2472 fereque

555 2494 681 2546 milii
711 2494 896 2548 videor
926 2496 1073 2548 illum
1106 2503 1419 2562 praesentem
1456 2502 1511 2548 et
1532 2494 1884 2549 disserentem
1912 2494 2129 2563 conspi-

551 2601 709 2650 cere;
742 2588 832 2641 sed
861 2598 895 2638 a
917 2602 1029 2655 ιεοι·
1054 2602 1115 2640 ac
1145 2586 1460 2649 discrucior,
1491 2587 1631 2655 quod
1663 2602 1767 2639 non
1798 2600 1985 2640 omnes
2016 2596 2134 2639 tan-

554 2684 663 2727 tum
691 2677 863 2729 virum
884 2685 941 2729 ut
973 2690 1066 2745 par
1085 2683 1229 2729 esset
1246 2684 1592 2745 cognoscant,
1612 2684 1665 2729 et
1682 2687 1850 2745 usque
1872 2673 2004 2728 adeo
2023 2676 2134 2744 qui-

556 2764 676 2819 dam
704 2765 979 2834 ignorent,
1012 2774 1072 2818 ut
1100 2779 1197 2819 nec
1230 2779 1507 2818 numerum
1537 2763 1751 2832 quidem
1782 2764 2130 2833 epistolarum

553 2852 671 2921 ejus
697 2854 888 2906 sciant.
918 2852 1048 2905 Illud
1082 2868 1207 2906 vero
1238 2868 1342 2906 non
1368 2852 1492 2923 hinc
1518 2853 1727 2917 evenit,
1753 2852 1894 2921 quod
1923 2853 2133 2908 discere

555 2958 658 2996 non
687 2931 930 3008 valeant,
977 2944 1069 2997 sed
1121 2943 1259 3012 quod
1294 2944 1459 2996 nolint
1487 2959 1607 2997 cum
1653 2955 1841 2999 sancto
1882 2947 1993 2999 vim
2025 2949 2131 3000 tre-

553 3042 777 3099 quenter
802 3032 1021 3085 versari.
1051 3031 1232 3101 Neque
1260 3033 1401 3085 enim
1432 3049 1526 3086 nos
1555 3049 1673 3101 qua:
1699 3026 1922 3099 scimus,
1954 3035 1999 3089 si
2030 3052 2128 3104 qua

553 3128 728 3175 tamen
760 3121 993 3185 scimus,
1024 3137 1089 3177 ex
1134 3123 1327 3192 ingenii
1371 3123 1661 3177 acrimonia
1710 3126 1987 3191 novimus,
2034 3127 2127 3180 sed

552 3210 691 3278 quod
719 3209 839 3279 ejus
869 3211 1065 3286 scripta
1092 3211 1304 3266 assidue
1327 3220 1631 3275 tractemus,
1657 3214 1914 3283 illumque
1936 3214 2130 3269 aﬂectu

562 3300 794 3353 maximo
820 3301 1257 3365 complectamur.
1288 3300 1418 3354 Nam
1448 3301 1538 3371 qui
1572 3313 1793 3367 amant,
1833 3313 2130 3358 amatorum

551 3398 668 3442 acta
701 3390 817 3456 plus
840 3389 1003 3457 quam
1029 3390 1121 3443 alii
1148 3405 1333 3443 omnes
1364 3404 1578 3453 norunt,
1613 3403 1796 3461 utpote
1820 3394 1910 3462 qui
1936 3394 2004 3448 de
2026 3395 2131 3448 illis

553 3479 765 3533 solliciti
796 3481 939 3533 sint:
974 3479 1022 3533 id
1055 3480 1193 3549 quod
1233 3480 1317 3532 ltic
1347 3481 1424 3533 vir
1456 3483 1640 3535 beatus
1665 3484 1985 3545 ostendens,
2016 3482 2133 3537 Plii-

553 3569 882 3638 lippensibus
909 3569 1037 3622 dicit
1066 3587 1080 3621 :
1116 3561 1261 3623 Sicut
1286 3569 1409 3621 nti/ti
1431 3572 1625 3637 justum
1654 3580 1725 3623 est
1748 3573 1841 3625 hoc
1866 3573 2048 3625 sentire
2067 3574 2131 3625 de

552 3660 709 3724 vobis,
743 3676 800 3712 ea
820 3660 953 3725 quod
979 3675 1063 3713 vos
1090 3660 1141 3712 in
1166 3660 1318 3712 corde
1342 3660 1549 3713 habeam
1578 3662 1629 3713 in
1660 3663 1869 3715 vinculis
1897 3663 2018 3716 meis
2037 3704 2055 3725 ,
2080 3674 2129 3723 et

550 3754 603 3805 in
631 3753 920 3821 defensione
944 3760 989 3803 et
1018 3752 1398 3832 conﬁrmatit‘me
1419 3754 1665 3821 evangelii
1691 3752 1947 3824 (Philipp.
1977 3757 2026 3807 l.
2048 3756 2126 3823 7).

554 3844 733 3913 Itaque"
760 3844 803 3896 si
828 3844 983 3898 mltis
1006 3845 1215 3899 lectioni
1242 3845 1522 3914 diligenter
1541 3846 1835 3911 attendere,
1860 3862 1964 3901 non
1985 3848 2126 3902 aliud

556 3935 927 4001 requirendum
973 3935 1122 3987 vobis
1166 3936 1309 3988 erit:
1345 3952 1528 3990 verum
1571 3937 1767 4006 quippe
1812 3948 1894 3994 est
1931 3939 2125 3993 Christi

553 4024 751 4076 dictum
784 4022 909 4077 illud
936 4042 949 4076 :
985 4023 1204 4090 Qttwrite
1224 4066 1239 4088 ,
1269 4035 1316 4077 et
1345 4026 1640 4090 invenietis;
1682 4028 1907 4092 pulsate,
1935 4036 1983 4081 et
2007 4044 2130 4097 ape-

553 4117 707 4168 rielur
733 4114 867 4168 vobis
898 4115 1107 4187 (Matth.
1136 4118 1188 4170 'l.
1212 4117 1291 4187 7).
1319 4116 1512 4174 Verum
1534 4118 1654 4185 quia
1683 4118 1921 4187 plerique
1945 4132 2011 4173 ex
2040 4118 2123 4185 iis,

551 4207 642 4275 qui
672 4204 774 4259 huc
802 4206 1073 4259 nobiscum
1102 4222 1404 4261 convenere
1426 4248 1439 4271 ,
1470 4207 1696 4273 liberos,
1730 4221 1950 4262 uxorem
1979 4208 2128 4262 alen-

551 4294 709 4359 dam,
750 4296 995 4365 salesque
1023 4297 1283 4351 curandas
1320 4313 1640 4368 suscepere,
1683 4314 1780 4353 nec
1809 4315 1929 4354 sese
1974 4308 2116 4353 totos

553 4382 678 4439 huic
699 4386 874 4439 studio
893 4386 1021 4439 dare
1044 4398 1263 4455 possunt
1286 4406 1299 4441 :
1325 4389 1393 4441 ad
1413 4404 1498 4453 ea,
1522 4406 1641 4457 quae
1667 4390 1756 4443 alii
1776 4390 2123 4459 collegerunt,

553 4478 865 4546 excipienda
897 4493 992 4531 vos
1018 4490 1341 4548 comparate,
1374 4490 1681 4551 tantumque
1704 4482 1937 4538 studium
1968 4485 2125 4539 dictis

551 4567 829 4623 audiendis
876 4568 1155 4637 adhibete,
1201 4581 1457 4640 quantum
1504 4572 1815 4641 colligenda
1864 4576 2120 4643 pecuniae.

555 4661 663 4715 Etsi
696 4676 921 4730 namque
952 4669 1107 4732 turpe
1127 4671 1211 4716 est
1234 4662 1363 4717 nihil
1384 4677 1414 4717 a
1443 4664 1590 4718 vobis
1613 4666 1731 4733 plus
1757 4666 1998 4735 exigere,
2021 4668 2125 4721 uti-

551 4770 670 4807 nam
700 4754 779 4807 vel
808 4762 1009 4807 tantum
1042 4753 1359 4810 adltibeatis.

621 4844 1003 4911 Scripturarunt
1039 4845 1325 4914 ignorantia
1363 4854 1551 4911 quanta
1579 4845 1744 4915 pariat
1783 4846 1937 4901 mala.
1982 4846 2121 4902 Ordo

547 4932 784 5005 temporis
814 4936 864 4986 in
890 4936 1099 5004 singulis
1125 4937 1349 5003 epistolis
1378 4935 1549 4989 Pauli.
1572 4967 1643 4977 —
1661 4938 1791 4992 Nam
1819 4954 1847 4992 a
1877 4940 2119 5010 Scriptu-

549 5040 723 5076 raruin
746 5023 1036 5091 ignorantia
1059 5026 1332 5079 innumera
1352 5034 1465 5091 orta
1484 5037 1606 5081 sunt
1622 5030 1757 5082 mala
1777 5047 1790 5083 :
1814 5029 1935 5084 hinc
1955 5031 2119 5085 multa

545 5120 823 5174 bmreseon
869 5116 1018 5179 lues,
1064 5115 1186 5171 hinc
1216 5118 1401 5187 ignava
1440 5118 1645 5173 vivendi
1686 5120 1822 5173 ratio
1861 5132 1915 5175 et
1946 5122 2116 5176 infru-

543 5207 712 5258 stuosi
745 5205 972 5259 labores.
1006 5203 1155 5261 Sicut
1181 5208 1323 5262 enim
1354 5209 1443 5277 qui
1487 5209 1604 5263 luce
1646 5210 1939 5277 privamur,
1972 5221 2115 5265 recta

541 5294 795 5350 incedere
822 5306 1088 5364 nequeunt
1116 5314 1127 5348 :
1158 5298 1233 5351 sic
1256 5300 1341 5366 qui
1372 5298 1667 5353 divinarum
1692 5300 1853 5354 radiis
1880 5300 2116 5371 Scriptu-

543 5402 721 5439 rarum
772 5401 878 5439 non
925 5387 1192 5452 fruuntur,
1239 5392 1539 5443 necessario
1579 5390 1801 5460 peccant
1842 5403 1895 5447 et
1936 5404 2117 5448 errant

552 5476 865 5541 frequenter,
899 5488 1079 5546 utpote
1114 5479 1202 5547 qui
1236 5481 1285 5532 in
1310 5480 1637 5535 densissimis
1666 5483 1895 5536 tenebris
1924 5485 2111 5537 ambu-

608 5588 621 5617 ί
661 5595 786 5659 quiis
808 5589 954 5659 habet
980 5605 1039 5659 es
1064 5590 1272 5659 satilio,
1304 5601 1354 5639 In
1376 5605 1542 5659 omnes
1553 5593 1690 5659 paul:
1713 5595 1931 5658 epistolas
1954 5600 2110 5659 prolo-

540 5647 819 5717 gtss._lnit_i_o
840 5652 1020 5711 ptologi
1045 5653 1107 5717 de
1132 5656 1354 5717 omnibus
1379 5654 1501 5703 l‘auli
1532 5647 1752 5714 Epistolis
1776 5659 1891 5717 agit.

604 5712 677 5769 (ts)
695 5710 928 5759 Collatum
951 5710 1055 5760 cum
1074 5714 1247 5763 Codice
1268 5723 1415 5779 Regio
1445 5718 1557 5769 1955
1573 5710 1629 5764 'ct
1643 5710 1835 5768 tioltwrt
1860 5735 1915 5766 ιιυ
1937 5719 2045 5766 995.

2234 2037 2365 2092 lent.
2412 2038 2464 2092 ld
2496 2054 2564 2093 ne
2592 2042 2843 2101 eveniat.
2884 2042 2949 2095 ad
2968 2042 3205 2110 Apostoli
3244 2043 3507 2097 dictorum
3555 2043 3821 2115 fulgorem

2233 2130 2417 2184 oculos
2458 2131 2760 2198 aperiamus
2791 2149 2804 2184 :
2837 2131 2955 2200 ejus
2992 2132 3188 2202 quippe
3216 2134 3393 2203 lingua
3426 2134 3701 2205 plusquam
3737 2138 3822 2194 sol

2236 2219 2395 2284 lucet,
2425 2229 2755 2291 ceterosque
2776 2238 2964 2277 omnes
2984 2225 3221 2279 doctrina
3244 2226 3390 2281 verbi
3415 2237 3653 2295 supcrat.
3681 2229 3819 2297 Quia

2235 2311 2377 2362 enim
2422 2311 2538 2380 plus
2578 2327 2735 2381 quam
2763 2313 2836 2368 illi
2867 2313 3157 2377 laboravit,
3202 2331 3444 2386 magnam
3473 2318 3571 2372 sibi
3601 2321 3823 2374 attraxit

2234 2398 2463 2468 Spiritus
2511 2402 2782 2471 gratiam:
2840 2403 2998 2472 idque
3040 2420 3144 2458 non
3196 2421 3260 2461 ex
3315 2408 3555 2476 epistolis
3612 2420 3820 2465 tantum

2234 2489 2380 2558 ejus,
2411 2493 2505 2545 sed
2529 2492 2687 2545 etiam
2719 2507 2782 2547 ex
2812 2495 2975 2562 gestis
3000 2497 3387 2552 contenderim.
3427 2499 3559 2554 Nam
3606 2503 3649 2556 si
3691 2520 3823 2557 con-

2234 2580 2478 2635 cionandi
2509 2590 2721 2650 tempus
2759 2593 2935 2649 esset,
2967 2585 3085 2639 illas
3113 2588 3209 2655 ipsi
3243 2597 3424 2658 partes
3454 2592 3650 2662 ubique
3689 2612 3823 2649 eou-

2235 2672 2496 2727 cedebant
2530 2690 2543 2723 :
2578 2673 2800 2745 ideoque
2842 2676 2980 2745 apud
3029 2678 3332 2735 incredulos
3362 2681 3655 2745 Mercurius
3697 2700 3821 2742 esse

2237 2761 2522 2828 putabatur
2567 2762 2701 2832 (Act.
2742 2765 2831 2819 li.
2871 2767 2983 2833 ll),
3028 2768 3168 2837 quod
3218 2771 3271 2824 in
3325 2773 3628 2842 eloquentia
3675 2779 3822 2845 prin-

2236 2869 2361 2925 ceps
2411 2868 2575 2911 esset.
2636 2857 2692 2912 In
2751 2858 2886 2914 hanc
2936 2870 3111 2915 autem
3157 2864 3434 2931 epistolam
3487 2866 3819 2937 ingressuri,

2238 2961 2459 3002 necesse
2507 2958 2584 3002 est
2616 2958 2673 3001 ut
2722 2957 2966 3019 tempus,
3016 2966 3123 3020 quo
3164 2954 3358 3023 scripta
3404 2954 3536 3023 fuit,
3582 2957 3824 3030 assigne-

2237 3054 2373 3091 ntus.
2420 3038 2535 3093 Non
2591 3041 2765 3103 enim,
2815 3053 2871 3096 ut
2926 3044 3076 3097 multi
3131 3048 3469 3114 existimant,
3508 3060 3631 3112 ante
3688 3055 3824 3109 alias

2235 3143 2423 3183 Ollllles
2443 3130 2635 3199 scripta
2666 3130 2789 3191 fuit;
2818 3134 2909 3186 sed
2938 3136 3105 3202 prima
3128 3136 3343 3205 quidem
3369 3147 3451 3192 est
3472 3154 3679 3207 earum,
3700 3160 3821 3212 qua:

2236 3218 2402 3273 Roma
2436 3222 2609 3275 missae
2636 3222 2813 3291 fuere,
2843 3228 3081 3278 omnium
3103 3266 3119 3291 ,
3160 3235 3213 3279 at
3242 3229 3508 3297 posterior
3540 3231 3679 3295 aliis,
3718 3236 3819 3289 etsi

2238 3327 2342 3365 non
2370 3312 2639 3367 omnibus.
2675 3316 2879 3369 Etenim
2924 3318 3095 3370 ambsc
3131 3319 3197 3371 ad
3229 3318 3535 3376 Corinthios
3577 3324 3822 3392 epistola:

2237 3400 2372 3456 hanc
2410 3414 2821 3470 przeceSs-crunt.
2856 3405 2909 3459 Id
2944 3407 3210 3477 liquidum
3252 3419 3425 3463 estex
3472 3411 3567 3478 iis,
3598 3428 3719 3482 quae
3766 3416 3817 3470 in

2236 3492 2338 3545 line
2365 3491 2521 3561 hujus
2547 3495 2761 3562 scripsit
2794 3495 2877 3549 liis
2907 3498 3081 3550 verbis
3108 3514 3120 3549 :
3152 3496 3306 3551 Nunc
3330 3510 3497 3553 autem
3523 3504 3821 3570 proficiscor

2232 3584 2632 3655 Jerosulyntam,
2666 3588 2955 3641 ministram
2980 3590 3188 3641 sanctis.
3230 3590 3398 3643 Visum
3423 3602 3499 3645 est
3527 3595 3659 3647 enim
3700 3594 3820 3653 Nar

2233 3676 2458 3729 cedonia:
2484 3686 2532 3729 et
2561 3678 2766 3731 Achaia:
2788 3679 3291 3732 communicationem
3318 3681 3539 3749 aliquam
3564 3684 3734 3751 facere
3764 3688 3818 3741 in

2234 3782 2478 3834 pauperes
2497 3778 2782 3821 sanctorum
2798 3769 2881 3839 qui
2904 3780 3019 3823 sunt
3033 3769 3367 3841 lerosolymis
3390 3772 3563 3841 (Rom.
3590 3776 3677 3830 15.
3695 3776 3817 3847 26).

2231 3854 2523 3909 Corinthiis
2552 3866 2728 3911 autem
2757 3859 2997 3912 scribens
3024 3861 3100 3912 ait
3125 3878 3138 3910 :
3176 3860 3326 3926 Quod
3352 3862 3397 3915 si
3425 3863 3637 3933 dignum
3662 3870 3818 3934 fuerit

2233 3957 2286 3999 nt
2312 3958 2358 4001 et
2388 3965 2478 4018 ego
2516 3965 2627 4002 eam
2647 3991 2661 4013 ,
2694 3968 2883 4004 nierum
2924 3953 3306 4022 proﬁciscentur
3336 3955 3412 4027 (ι.
3444 3955 3563 4011 Cor.
3602 3959 3689 4013 16.
3717 3960 3814 4029 4);

2232 4040 2300 4094 de
2330 4042 2393 4096 iis
2423 4042 2679 4111 loquens,
2711 4045 2799 4113 qui
2831 4044 2956 4098 illuc
2987 4046 3239 4114 pecunias
3277 4047 3605 4114 deportaturi
3636 4064 3813 4108 erant.

2234 4130 2385 4186 Unde
2432 4132 2635 4203 liquet,
2685 4149 2806 4188 cum
2860 4135 3123 4191 scriberet
3170 4137 3495 4204 Corinthiis,
3548 4141 3814 4200 incertum

2230 4222 2395 4279 fuisse
2420 4239 2490 4278 an
2527 4240 2594 4281 eo
2634 4225 2971 4295 profecturus
2997 4237 3180 4294 esset;
3212 4245 3333 4284 cum
3364 4246 3492 4287 vero
3523 4230 3814 4304 Romanis,

2228 4330 2341 4369 rem
2363 4318 2703 4372 constitutam
2728 4328 2783 4373 et
2807 4329 3009 4374 certam
3027 4319 3209 4375 luisse.
3231 4322 3343 4389 Qua
3369 4328 3813 4395 recomprobata,

2228 4416 2433 4460 certum
2456 4418 2540 4461 est
2572 4407 2706 4463 hanc
2734 4420 2851 4478 post
2870 4410 2989 4465 illas
3014 4412 3267 4481 scriptam
3289 4412 3472 4469 fuisse.
3498 4415 3673 4472 Etiam
3695 4422 3813 4490 epi-

2228 4496 2363 4549 stola
2392 4496 2457 4551 ad
2494 4497 2999 4556 Thessalonicenses
3037 4501 3245 4557 videtur
3290 4504 3417 4558 mihi
3467 4510 3813 4573 praet-sitisse

2228 4587 2505 4657 epistolam
2548 4590 2614 4644 ad
2654 4592 2979 4648 Corinthios.
3020 4592 3153 4648 Nam
3195 4609 3317 4649 cum
3346 4596 3450 4651 illis
3493 4599 3639 4668 prius
3670 4605 3809 4657 seri-

2228 4677 2418 4745 psisset
2441 4678 2510 4733 de
2551 4678 2885 4752 elcemosyna
2916 4682 2999 4738 bis
3030 4683 3240 4748 verbis,
3279 4683 3360 4739 De
3383 4691 3607 4756 fraterno
3631 4702 3810 4746 autem

2220 4789 2395 4841 amore
2416 4791 2516 4828 non
2542 4792 2669 4845 apns
2690 4787 2762 4831 est
2791 4788 2843 4830 ut
2870 4778 3148 4834 scribamus
3169 4780 3303 4835 vobis
3328 4785 3354 4835 :'
3375 4798 3461 4835 vos
3487 4783 3617 4835 enim
3641 4801 3674 4835 α
3700 4784 3810 4839 Deo

2224 4862 2357 4916 docti
2392 4866 2508 4919 estis
2538 4875 2591 4919 ut
2625 4866 2847 4937 diligatis
2882 4869 3092 4923 invicem
3118 4886 3136 4923 :
3160 4871 3339 4924 etenim
3367 4871 3462 4925 hoc
3489 4873 3655 4940 facitis
3682 4891 3808 4945 erga

2222 4963 2427 5008 cunctos
2442 4959 2624 5025 fratres
2646 4956 2721 5026 (l.
2747 4956 2921 5011 Thess.
2944 4959 2998 5013 4.
3025 4959 3076 5015 9.
3106 4960 3228 5029 ιο);
3258 4970 3383 5017 tunc
3401 4961 3467 5017 ad
3490 4963 3808 5020 Corinthios

2223 5045 2467 5114 scripsit;
2502 5046 2551 5100 id
2582 5048 2721 5116 quod
2764 5049 2876 5116 ipse
2905 5050 3091 5118 probat
3130 5050 3351 5107 dicens:
3385 5053 3506 5108 Scio
3548 5056 3681 5108 enim
3709 5073 3807 5127 ego

2223 5146 2511 5203 promptum
2535 5138 2761 5190 animum
2792 5148 3041 5206 vestrum,
3084 5158 3177 5211 pro
3214 5159 3313 5211 quo
3347 5145 3412 5197 de
3449 5145 3585 5198 vobis
3610 5146 3806 5215 glorior

2221 5226 2359 5293 apud
2386 5226 2725 5293 Macedones;
2747 5230 2982 5297 quoniam
3006 5240 3052 5286 et
3076 5233 3267 5286 Achaia
3291 5244 3470 5304 parata
3490 5245 3562 5287 est
3582 5237 3643 5289 ab
3663 5254 3803 5293 anno

2223 5320 2471 5385 pta-irrita
2497 5336 2514 5372 :
2544 5331 2588 5373 et
2619 5331 2779 5373 vestra
2816 5322 3070 5377 wmnlatio
3108 5327 3395 5394 provocavit
3434 5326 3778 5401 plurimos(2

2223 5407 2335 5461 Cor.
2362 5409 2414 5463 il.
2444 5411 2524 5478 2).
2555 5410 2756 5475 Quibus
2781 5426 3166 5469 commonstrat
3195 5430 3253 5469 se
3294 5418 3519 5485 primum
3562 5418 3665 5471 illis
3700 5421 3800 5476 hac

2218 5500 2284 5553 tle
2313 5516 2369 5554 re
2402 5502 2675 5570 loquutum
2705 5518 2843 5557 esse.
2876 5504 2999 5561 ll;ec
3022 5508 3177 5576 igitur
3205 5509 3452 5577 cpistola.
3481 5526 3600 5579 qua:
3628 5513 3797 5579 prima

2216 5604 2297 5647 est
2322 5610 2536 5661 earum,
2571 5611 2700 5665 quas
2726 5596 2909 5652 Roma:
2939 5600 3187 5667 scripsit,
3221 5600 3323 5654 illis
3349 5602 3591 5669 epistolis
3622 5611 3771 5669 luiste

2218 5686 2326 5739 riur
2355 5696 2453 5741 est.
2499 5686 2737 5741 Nondum
2770 5691 2910 5743 enim
2955 5690 3174 5746 Romam
3213 5704 3465 5757 venerat,
3511 5708 3629 5746 cum
3662 5695 3798 5750 lianc
