4056 6442
153 468 242 521 7H

152 597 197 637 ιιι
222 584 336 650 ejus
358 580 585 635 ﬂuentis
609 579 762 633 laetus
779 576 1006 637 (maris;
1037 576 1152 650 lava
1174 587 1413 650 carnem,
1438 588 1533 650 cor
1548 574 1731 634 abtue,

147 643 369 708 animam
394 652 667 719 absterge,
699 660 932 722 mentem
960 646 1197 701 exterius
1224 656 1279 700 et
1306 643 1533 722 interius
1557 658 1740 722 anpec-

149 726 239 778 cati
260 724 430 777 serde
458 712 836 792 purg‘afAblue
858 720 1141 792 Adamnan,
1162 731 1285 770 cum
1315 714 1551 769 audieris
1576 712 1736 792 (ibri-

143 806 265 848 stum
294 784 803 862 dicetiiemZSurge,
828 790 949 862 tolle
966 787 1231 857 grabatum
1255 796 1417 862 tuum,
1438 794 1486 862 _et
1506 784 1712 862 ambula

182 865 347 918 Marc.
377 864 431 917 ‘2.
460 866 493 919 9
511 863 552 928 ).
574 852 835 930 'Num'qni
854 852 1011 934 cadit,
1031 876 1131 911 non
1152 866 1375 934 resurget
1398 855 1532 934 (Je_r.
1554 855 1610 910 8.
1637 852 1735 934 4).?

178 948 243 997 ta,
274 935 447 1003 pedes
475 935 680 988 hahens
707 928 1065 1000 evangelicos,
1088 931 1437 1003 cogitationes
1466 928 1575 979 Deo
1602 928 1735 977 ami-

140 1022 240 1071 cas,
273 997 472 1060 inaniis
518 1004 798 1067 liberales,
827 997 998 1071 genua
1045 997 1351 1061 non‘ﬂexa,
1388 997 1610 1071 femora
1631 1012 1729 1048 vo-

143 1069 359 1145 luptatis
400 1076 664 1144 expertia,
692 1069 853 1127 renes
877 1071 1333 1145 concupiscentiis
1352 1070 1569 1145 liberos,
1599 1069 1733 1119 lum-

140 1140 225 1201 hos
250 1158 315 1201 et
340 1140 582 1199 ventrem
612 1153 779 1209 tutos,
812 1143 1213 1197 meditationem
1237 1140 1366 1210 legis
1400 1140 1515 1199 Dei,
1548 1150 1732 1205 pectus

136 1230 183 1272 et
208 1234 311 1271 cor
338 1233 551 1291 purum,
570 1214 770 1269 collum
800 1225 853 1270 et
883 1228 1064 1291 mores
1094 1212 1472 1291 obsequentes,
1496 1212 1728 1291 animam

137 1298 182 1341 et
207 1280 447 1342 mentem
477 1288 650 1353 piam,
682 1301 745 1339 os
773 1285 1092 1350 modestum,
1130 1284 1382 1352 pupillam
1414 1297 1523 1335 non
1555 1280 1726 1353 declio

138 1369 375 1419 nantem,
405 1350 643 1411 auditum
671 1366 821 1411 recte
846 1350 1219 1423 compositum,
1265 1354 1401 1408 labia
1429 1368 1549 1420 qua:
1572 1350 1729 1405 Chri-

138 1439 212 1481 sto
243 1428 423 1484 amica
469 1428 629 1482 verba
674 1422 979 1495 proferant.
998 1425 1143 1480 Talis
1168 1434 1312 1485 esto,
1344 1434 1401 1477 ut
1432 1422 1729 1491 quadrage-

138 1502 281 1554 sima:
306 1499 460 1567 quasi
491 1498 731 1568 piscina;
754 1497 1046 1568 spiritualis
1072 1496 1486 1568 experientiam
1508 1508 1722 1568 sumas:

139 1568 230 1624 hac
274 1564 423 1624 enim
465 1564 518 1623 te
560 1569 673 1622 vult
712 1567 867 1621 Jcsus
918 1567 1226 1636 iniquitates
1274 1576 1391 1619 tuas
1436 1564 1725 1633 plurimum

137 1642 391 1695 abluere:
416 1639 513 1694 hac
539 1650 591 1694 te
616 1655 645 1692 a
670 1648 887 1707 peccato
915 1638 1127 1707 purgari
1153 1646 1300 1707 optat
1324 1636 1413 1706 qui
1440 1636 1574 1690 tollit
1604 1649 1726 1707 pec-

136 1724 308 1765 catum
356 1711 560 1771 mundi.
614 1705 712 1763 hac
743 1718 795 1762 te
820 1705 1081 1764 medicina
1112 1705 1311 1772 sanari,
1344 1708 1443 1760 hac
1471 1705 1720 1759 renovari

136 1793 184 1865 et
232 1780 667 1865 puriﬁcari,_.h_ac
707 1795 917 1865 rursum
950 1780 1000 1833 in
1050 1792 1357 1865 mensuram
1406 1776 1721 1865 a‘tatislad-

134 1847 250 1907 duci
288 1872 301 1906 :
334 1862 392 1907 et
421 1861 479 1905 ut
508 1851 601 1904 tibi
648 1850 919 1918 quidpiam
963 1865 1217 1904 arcanum
1263 1849 1437 1903 dicam
1468 1847 1604 1917 (sed
1655 1863 1722 1901 ne

138 1924 233 1978 hoc
261 1925 332 1977 ob
361 1923 567 1978 Judicis
616 1921 993 1975 liberalitatem
1023 1930 1078 1974 et
1107 1920 1397 1974 bonitatem
1432 1919 1484 1972 in
1515 1921 1718 1972 dormi-

136 1997 331 2049 talione
360 1992 640 2059 detineat)
672 2030 684 2043 .
718 1991 963 2045 dicamne
992 1990 1262 2060 quidpiam
1294 1990 1589 2045 arcanum?
1620 1989 1721 2044 Per

133 2066 383 2133 jejunium
418 2074 470 2118 te
500 2064 614 2116 vult
631 2061 877 2115 Christus
900 2062 1067 2116 semel
1094 2071 1338 2133 renatum
1362 2077 1492 2130 aqua
1520 2071 1573 2113 et
1600 2060 1717 2129 Spi-

134 2131 232 2191 ritu
270 2136 451 2190 divino
479 2144 534 2189 et
558 2133 666 2202 igni
693 2132 758 2186 ad
784 2136 1012 2203 priscam
1060 2131 1388 2187 nobilitatem
1438 2133 1712 2186 reducere.

1142 458 1208 513 IN
1248 454 1831 515 PREDICATIONEM
1870 452 2140 512 JEJUNIL
2188 454 2203 506 Ι
2245 452 2337 509 E't'
2376 452 2441 507 Π.

3346 473 3451 527 ’ῐΜι

1845 571 1985 625 Ecce
2012 570 2105 623 tibi
2136 569 2329 624 medici
2361 579 2418 625 ct
2438 567 2637 639 judicis
2666 568 2985 638 mysterium
3016 569 3271 625 revelavi.
3319 571 3445 627 Iden

1846 651 1896 694 te
1927 656 2056 707 rogo
2082 650 2133 695 et
2161 641 2411 706 obsecro,
2463 656 2552 705 ne,
2584 650 2642 695 ut
2682 648 2987 709 promptum
3022 641 3223 696 habens
3266 658 3447 699 reme-

1841 715 2011 771 dium.
2058 727 2204 779 saepe
2256 712 2360 766 labi
2413 725 2644 781 pergas;
2694 726 2777 774 ne,
2832 720 2892 765 ut
2940 722 3180 779 paratam
3238 713 3445 772 habens

1845 783 2211 856 pmsiiteutiain
2258 782 2645 856 mediatricem.
2674 796 2993 856 perseveres
3025 783 3111 837 illa
3136 799 3303 856 agere
3327 803 3448 856 qua:

1845 856 1955 909 Deo
1983 869 2089 907 non
2123 854 2355 922 placent,
2385 854 2441 907 in
2470 852 2672 925 mundo
2718 853 3006 925 volutatus,
3040 869 3102 908 ac
3132 855 3222 909 Dei
3251 852 3450 915 amici-

1843 926 1968 996 tiam
1994 926 2045 979 in
2070 924 2212 978 aliud
2234 934 2448 991 tempus
2466 924 2781 996 remittens;
2812 940 2880 977 ne
2902 923 3143 989 dilferas,
3168 936 3224 979 ut
3250 941 3449 996 ιιι-τιθειο

1840 995 2046 1049 habens
2094 997 2489 1065 purgationem.
2537 994 2803 1049 Incertum
2844 995 2997 1065 enim
3044 1006 3129 1050 est
3174 994 3447 1065 futurum,

1840 1069 2077 1121 incertus
2094 1064 2225 1121 dies
2254 1068 2544 1130 crastinus,
2573 1067 2812 1120 incertus
2840 1064 3157 1127 hodiernus,
3180 1064 3444 1127 incertum

1837 1152 2078 1208 prmsens
2122 1146 2368 1207 tempus;
2415 1138 2903 1208 viatores_sumus
2941 1138 2993 1190 in
3043 1139 3280 1206 mundo;
3338 1159 3447 1199 non

1836 1206 2061 1271 domini,
2091 1208 2188 1263 sed
2218 1206 2487 1278 peregrini
2529 1216 2583 1263 et
2621 1206 2847 1262 advenat
2869 1222 3143 1264 vocamur.
3169 1209 3450 1271 Advocare

1831 1280 2069 1349 jndiCem
2120 1296 2226 1335 non
2273 1292 2580 1348 possumus,
2624 1292 2748 1333 cum
2791 1278 3067 1334 adstamus
3116 1289 3170 1335 et
3212 1283 3451 1341 rationes

1834 1361 2199 1422 expetuntur;
2245 1364 2347 1405 nec
2390 1358 2603 1422 tempus
2642 1364 2743 1405 nec
2771 1360 3105 1422 momentum
3148 1352 3442 1422 impetrare

1836 1424 2096 1478 valemus.
2147 1420 2224 1476 Ne
2251 1422 2434 1491 igitur,
2470 1430 2527 1474 ut
2550 1421 2767 1473 divitem
2798 1421 2948 1477 iUnm
2978 1420 3316 1493 opulentum,
3344 1444 3444 1482 nos

1838 1495 2113 1548 inveniant
2141 1494 2196 1553 ii,
2227 1494 2319 1562 qui
2363 1493 2599 1546 animam
2627 1506 2655 1545 a
2692 1492 2846 1546 nobis
2886 1502 3169 1559 repetent.
3204 1495 3255 1549 in
3287 1508 3447 1554 nocte

1834 1564 2290 1633 intemperantia,
2324 1564 2373 1616 in
2405 1564 2659 1633 nequitiae
2687 1565 2937 1630 caligine,
2965 1563 3018 1617 in
3046 1566 3289 1621 tenebris
3314 1585 3444 1625 ava-

1834 1638 2008 1700 ritize;
2051 1635 2147 1691 sed
2185 1636 2237 1689 in
2284 1634 2373 1689 die
2409 1634 2637 1703 jejunii,
2667 1636 2718 1687 in
2759 1634 2849 1689 die
2890 1634 3227 1701 honestatis,
3258 1640 3309 1693 in
3359 1642 3448 1696 die

1830 1709 2033 1763 amoris
2073 1706 2336 1769 fraterni,
2366 1705 2417 1758 in
2464 1706 2583 1760 luce
2627 1706 2863 1774 pietatis,
2896 1706 2947 1759 in
2980 1711 3249 1763 matutino
3292 1712 3441 1778 fidei,

1829 1782 2265 1850 eleemosymeet
2291 1778 2635 1850 precationis,
2664 1786 2724 1830 nt
2751 1791 2851 1831 nos
2870 1777 2976 1832 dici
3001 1776 3141 1850 lilios
3160 1776 3447 1839 invenien-

1830 1860 1933 1913 tes,
1954 1846 2304 1919 Soli'justitiaz
2324 1846 2573 1912 oﬂ‘erant,
2603 1863 2709 1919 non
2732 1857 2852 1917 post
2890 1849 3224 1907 exaediﬁcata
3246 1852 3441 1910 horrea

1830 1924 2067 1988 nialitire,
2090 1918 2213 1995 ised
2238 1929 2545 1995 postquam
2590 1918 2678 1995 illa
2733 1923 3195 1995 evacuaverimus,
3239 1941 3447 1995 nosque

1827 2011 1945 2067 per
1973 1992 2339 2067 pteniletttiatn
2380 2000 2431 2045 et
2468 1990 2739 2067 jejunium
2778 1994 3239 2067 renovaverimus,
3274 1990 3449 2067 gratia

1825 2062 2046 2129 Christi,
2075 2064 2161 2117 cui
2186 2063 2352 2133 gloria
2381 2070 2436 2115 et
2467 2062 2748 2132 imperium
2777 2062 2829 2116 in
2855 2064 3070 2118 sa-cula.
3101 2062 3293 2122 Amen.

132 2278 3445 2303 Μ

1398 2427 1483 2468 DE
1525 2425 1812 2469 JEJUNIO.
1858 2424 2069 2468 SERIIO
2105 2424 2174 2467 ll.

1487 2593 1831 2649 -π

194 2752 395 2808 Rursus
423 2766 525 2808 nos
552 2765 763 2805 sacrum
800 2749 1063 2820 jejunium
1093 2750 1160 2804 ad
1190 2750 1451 2805 bonorum
1481 2749 1712 2807 fructum

126 2832 293 2887 vocat,
324 2840 516 2878 rursus
542 2832 843 2893 certatores
862 2830 1105 2893 apparat,
1126 2836 1311 2893 rursus
1337 2836 1437 2876 nos
1463 2834 1715 2878 strenuos

125 2896 230 2949 vult
257 2910 397 2957 esse,
424 2902 488 2948 ut
514 2894 769 2946 vitiorum
798 2892 1027 2946 victores
1052 2892 1310 2958 declaret,
1335 2904 1391 2946 et
1417 2893 1716 2961 pulchritu-

123 2966 294 3021 dinem
319 2967 517 3019 anima:
546 2962 961 3033 splendidiorem
987 2964 1255 3027 ostendat,
1286 2978 1349 3017 ac
1378 2979 1471 3031 per
1500 2964 1715 3019 labores

123 3052 346 3091 coronas
376 3036 578 3089 nostris
608 3044 785 3088 nectat
811 3033 1100 3103 capitibus.
1127 3035 1265 3100 Quid
1291 3035 1436 3090 enim
1466 3045 1548 3090 est
1570 3036 1715 3104 jeju-

123 3108 287 3170 nium,
319 3123 479 3175 quam
521 3120 722 3160 corona
765 3105 1140 3164 certaminum,
1176 3106 1517 3172 prmminrunt
1550 3121 1717 3161 causa

122 3186 176 3231 et
194 3174 379 3232 salutis
410 3176 533 3231 via?
581 3174 855 3244 Jejunium
887 3176 1029 3229 enim
1059 3189 1089 3228 a
1118 3175 1377 3229 servitute
1409 3175 1459 3229 in
1490 3176 1714 3231 liberta-

122 3258 224 3302 tem
250 3248 535 3311 transfert,
562 3263 591 3300 a
620 3247 926 3314 Captivitate
956 3247 1007 3299 in
1040 3246 1265 3317 patriam
1293 3248 1501 3301 reducit
1530 3265 1543 3299 :
1571 3247 1716 3317 jeju-

122 3320 264 3373 nium
306 3320 533 3372 vulnera
588 3318 782 3372 animaa
837 3328 990 3371 sanat
1033 3315 1055 3369 τί
1089 3315 1353 3385 jejunium
1405 3315 1713 3386 corruptam

122 3392 353 3459 peccatis
398 3389 633 3443 animam
670 3397 915 3451 renovat,
956 3386 1176 3459 roborat
1216 3388 1715 3459 animam,sensum

122 3458 325 3515 virilem
355 3460 576 3525 reddit,
611 3460 702 3513 Dei
753 3459 996 3513 timorem
1044 3458 1268 3521 inducit,
1302 3458 1428 3512 vitia
1462 3458 1713 3525 destruit,

119 3534 469 3602 cogitationes
513 3529 684 3602 sedat.
729 3529 784 3602 hi
815 3530 1004 3583 diebus
1042 3529 1230 3597 jejunii
1285 3531 1586 3602 voluptates
1623 3547 1722 3586 ex-

118 3600 480 3673 stinguuntur,
506 3601 728 3654 virtutes
758 3600 969 3664 ﬂorent,
997 3609 1054 3655 et
1084 3600 1452 3673 temperantia:
1480 3601 1716 3670 pulchri-

121 3672 245 3728 tudo
294 3673 481 3741 purior
521 3681 764 3741 apparet,
790 3686 853 3725 ac
892 3687 1089 3737 corpus
1120 3672 1193 3741 fin
1242 3673 1475 3725 animam
1525 3683 1715 3739 mutat,

116 3744 253 3813 quod
282 3740 483 3813 praeter
506 3740 750 3796 naturam
774 3742 1048 3811 spirituale
1070 3740 1323 3813 efﬁcitur.
1348 3742 1534 3798 Gaude
1561 3745 1612 3797 in
1638 3746 1720 3813 je-

113 3812 293 3883 junio,
326 3828 427 3869 nec
470 3824 696 3869 nitestus
726 3816 798 3867 sis
828 3821 883 3865 ut
911 3823 1037 3866 sunt
1068 3812 1382 3883 Itypocrittc,
1416 3816 1505 3883 qui
1534 3812 1716 3870 exter-

119 3887 322 3939 tninaut
372 3886 701 3957 iaciesusuas
744 3884 809 3957 ad
856 3887 1218 3957 spectaculum
1262 3884 1591 3957 humanum,
1627 3903 1743 3957 per-

116 3957 353 4024 duntqne
374 3955 561 4023 jejunii
594 3955 913 4008 mercedem.
942 3954 1245 4009 Servatoris
1277 3955 1363 4009 hic
1387 3973 1567 4011 sermo
1594 3954 1714 4011 est:

117 4025 392 4096 lnjejunio
443 4042 580 4095 tmge
623 4035 780 4093 caput
809 4036 953 4078 tuum
976 4065 991 4089 ,
1026 4026 1213 4079 faciem
1252 4039 1393 4080 tuam
1424 4029 1535 4081 lava
1565 4029 1719 4085 bonis

117 4098 397 4165 operibus,
427 4097 713 4149 virtutibus
740 4097 1042 4164 resplende,
1084 4108 1139 4168 ut
1159 4098 1429 4168 jejunaus
1458 4115 1717 4168 apparens

118 4179 317 4222 tantum
350 4168 509 4239 milii,
536 4169 625 4236 qui
655 4169 861 4239 occulta
890 4169 1045 4220 video
1076 4166 1302 4237 (Matth.
1328 4172 1381 4223 b'.
1410 4172 1473 4223 17
1496 4166 1569 4224 ﬁet
1590 4172 1713 4239 18).

118 4240 191 4295 hic
243 4254 392 4307 aegre
442 4237 615 4302 feras,
663 4238 873 4299 dilecte,
936 4239 1197 4306 jejunium
1246 4248 1300 4293 et
1340 4237 1715 4296 abstinentiam

120 4322 340 4365 matrem
402 4310 693 4371 virtutum,
739 4318 997 4363 bonorum
1052 4311 1323 4374 radicem,
1374 4316 1717 4368 continentia:

120 4383 313 4436 fontem
334 4421 350 4444 ,
382 4380 595 4447 pietatis
619 4382 891 4433 custodem
910 4423 925 4446 ,
958 4390 1262 4434 sanctorum
1291 4383 1673 4438 collactaneam
1698 4425 1715 4449 ,

118 4454 426 4522 angelorum
457 4453 914 4514 contubernalem,
940 4453 1133 4503 diaboli
1167 4454 1460 4517 inimicam,
1489 4456 1717 4523 Spiritus

118 4527 366 4582 amicam,
401 4536 492 4589 per
519 4538 678 4591 quam
711 4526 1010 4591 voluptates
1044 4540 1139 4576 nos
1171 4526 1405 4593 fugiunt,
1440 4526 1717 4583 dminoncs

118 4595 403 4666 recedunt,
450 4593 523 4645 ira
571 4593 809 4656 sedatur,
838 4596 1270 4662 concupiscentia
1313 4598 1671 4666 exstinguitur
1698 4639 1713 4665 ,

116 4668 337 4719 virtutes
362 4664 543 4738 vivunt
572 4674 626 4717 et
655 4666 706 4717 in
735 4665 892 4738 nobis
920 4666 1206 4733 splendent
1233 4685 1246 4730 ;
1283 4682 1375 4732 per
1402 4664 1558 4736 quain
1593 4664 1715 4738 pas;

117 4738 295 4791 siones
322 4734 627 4801 quiescunt,
658 4747 711 4790 ct
736 4737 1086 4807 voluptatum
1118 4738 1374 4792 tumultus
1400 4734 1711 4807 conquiriti-

120 4818 219 4874 tur,
246 4820 513 4878 mensque
553 4808 702 4875 quasi
732 4806 783 4859 in
814 4809 1100 4875 tranquillo
1128 4810 1355 4875 navigat,
1384 4806 1714 4878 tempestatis

116 4878 366 4948 nequitia:
392 4877 585 4930 ﬂuctus
620 4894 710 4945 per
739 4881 874 4931 hanc
915 4884 1318 4945 temperantiam
1362 4877 1580 4948 pulchre
1609 4894 1715 4935 tra-

112 4949 345 5014 jiciens,
394 4956 451 5001 et
494 4950 560 5000 ad
608 4958 816 5016 portum
872 4951 1085 5001 virtutis
1134 4952 1431 5005 naviculam
1488 4952 1711 5007 ducens.

116 5020 285 5074 Habes
316 5017 575 5091 deinceps
620 5020 824 5073 lucrum
858 5020 999 5087 quod
1030 5020 1187 5089 diripi
1239 5034 1492 5091 nequeat,
1548 5028 1715 5079 sarci-

114 5107 233 5145 nam
262 5089 545 5165 naufragio
570 5092 927 5165 superiorem,
950 5106 1070 5144 cum
1094 5092 1145 5144 in
1172 5089 1456 5165 prieceptis
1480 5096 1713 5165 Spiritus

115 5160 496 5231 negotiaberis,
547 5176 667 5214 cum
714 5164 1091 5231 cogitationem
1125 5166 1315 5218 timore
1345 5160 1439 5217 Dei
1471 5160 1712 5225 lirnians.

114 5233 403 5307 praesentia
454 5232 759 5307 depuleris,
810 5233 1329 5307 audiens‘divinam
1378 5238 1713 5307 Scripturam

114 5305 383 5379 dicentem
414 5320 432 5377 _:
465 5303 883 5379 Nulitediligerc
916 5304 1208 5379 mundum,
1238 5322 1411 5379 neque
1434 5303 1637 5379 ea'qua:
1662 5312 1713 5365 iit

114 5374 315 5451 mundo
341 5372 484 5426 sunt.
514 5372 593 5427 Ne
620 5373 905 5451 dilignttttts
935 5374 1303 5451 hujus_mundi
1326 5372 1567 5439 delicias.
1594 5397 1715 5451 qua:

112 5447 245 5498 sicut
264 5458 405 5497 onus
426 5459 587 5518 grave
604 5447 794 5497 anima:
812 5446 1062 5512 scapham
1088 5446 1509 5518 tlemerguiit.Aii
1540 5446 1716 5507 nescis

113 5517 359 5567 ciborum
410 5517 737 5591 voluptatem
788 5518 838 5569 in
876 5526 1101 5591 gutture
1148 5517 1312 5582 stare,
1357 5538 1529 5591 neque
1578 5526 1715 5577 ultra

113 5596 297 5663 guttur
348 5588 680 5653 procedere;
736 5588 1053 5663 supplicium
1084 5603 1279 5663 autem
1329 5588 1713 5663 illa'partnm,

117 5661 524 5734 inperpetuum
550 5661 847 5734 torquere?»
876 5659 965 5713 Illa
1013 5660 1258 5734 voluptas
1302 5677 1418 5727 eos,
1470 5659 1561 5734 qui
1610 5659 1717 5719 non

114 5729 381 5801 jejunant,
407 5727 743 5792 obteuebrat,
764 5732 959 5803 animae
972 5732 1421 5803 pulchritudinem
1442 5727 1717 5803 obscurat.

115 5804 416 5872 spirantem
444 5810 712 5851 mortuam
757 5802 959 5865 reddit,
1012 5801 1216 5855 inducit
1242 5805 1305 5857 ad
1336 5820 1398 5859 ca
1432 5808 1669 5862 facienda
1697 5801 1711 5872 ,

117 5884 237 5938 quas
253 5885 364 5923 non
390 5870 535 5934 licet,
555 5885 753 5940 organa
777 5874 1062 5942 voluptatis
1078 5877 1295 5939 excitat,
1318 5877 1514 5931 bellum
1536 5870 1714 5948 auget,

475 5987 747 6045 Pnnon.
795 5989 909 6044 (3n.
961 5984 1084 6043 LX.

1829 2754 2294 2831 concupiscentias
2314 2754 2560 2831 suscitat.
2587 2752 2668 2806 Ad
2699 2754 2949 2831 virtutem
2975 2756 3197 2831 demum
3226 2760 3441 2831 ineptus

1827 2841 1918 2879 es:
1946 2826 2138 2899 solutis
2154 2826 2298 2899 enim
2321 2824 2579 2878 membris
2604 2834 2659 2879 et
2680 2828 3002 2899 mentevino
3022 2824 3441 2899 subductafnou

1826 2906 1978 2971 potes
2006 2898 2145 2971 ultra
2176 2896 2452 2958 resistere,
2473 2904 2539 2971 et
2565 2906 2823 2971 snperato
2856 2897 3028 2971 l‘acilis
3052 2916 3114 2954 es
3158 2896 3442 2971 hostibus;

1822 2970 1965 3022 sicut
1983 2968 2134 3041 navis
2156 2982 2186 3041 ρ
2215 2977 2376 3022 vento
2401 2969 2619 3041 agitata,
2643 2982 2751 3041 non
2782 2967 2989 3041 habens
3015 2967 3434 3041 gubernatorem

1822 3040 2114 3113 quippess“
2153 3037 2409 3113 ηαςμηιιῃ
2440 3039 2662 3113 impetui
2698 3038 2986 3113 obsistere,
3017 3037 3138 3113 qua:
3177 3047 3283 3101 huc
3309 3048 3435 3104 illuc

1824 3109 2062 3183 pellitur,
2097 3118 2153 3165 et
2200 3108 2333 3183 nihil
2372 3109 2493 3183 ipsi
2538 3111 2959 3178 exspectandum
3017 3108 3289 3183 superest,
3334 3122 3459 3176 nisi

1822 3180 2183 3259 naufragium.
2216 3178 2294 3235 Ne
2317 3180 2496 3259 igitur,
2529 3195 2737 3249 quaeso,
2766 3178 3439 3259 ne_postjejunium:gul:e

1822 3251 2035 3306 deliciis
2059 3265 2280 3320 operam
2306 3251 2516 3316 demus,
2541 3267 2715 3320 neque
2743 3254 2943 3308 multos
2981 3251 3194 3313 labores
3225 3251 3433 3317 incuria

1822 3324 2261 3396 exstinguamus;
2304 3323 2399 3377 sed
2440 3323 2653 3396 labores
2699 3322 2978 3380 laboribus
3024 3327 3307 3396 addentes,
3357 3334 3437 3389 sic

1823 3395 2103 3467 praemium
2127 3406 2525 3467 esspeCtemus.
2569 3392 2703 3467 Cum
2754 3396 2899 3467 enim
2954 3400 3077 3467 quis
3122 3392 3433 3459 mercedem

1824 3466 2060 3519 mercedi
2087 3464 2292 3534 adjicit,
2319 3465 2544 3518 multum
2574 3464 2733 3519 habet
2759 3464 3065 3534 depositum
3095 3471 3323 3528 lucrum.
3356 3475 3437 3532 Ne

1824 3534 2437 3603 exstingnamusjejunii
2466 3536 2678 3598 ﬂorem,
2728 3552 2904 3607 neque
2952 3541 3197 3596 ciborum
3225 3544 3436 3602 deliciis

1823 3616 2060 3661 mentem
2082 3608 2132 3660 in
2163 3607 2496 3676 naufragium
2519 3607 2641 3675 pelli
2665 3608 2927 3675 sinamus,
2949 3626 3019 3666 ne
3046 3613 3436 3674 incurabilibus

1823 3678 1978 3759 malis
2005 3678 2237 3759 animam
2279 3691 2639 3732 reservemus.
2657 3678 2727 3759 _Si
2756 3690 2879 3759 post
2921 3682 3186 3751 jejunium
3236 3702 3435 3759 corpus

1825 3745 2105 3829 inﬁrmum
2151 3750 2232 3803 vis
2277 3764 2489 3829 curare,
2547 3745 3118 3829 moderatione'cura,
3174 3766 3226 3810 ut
3282 3745 3440 3829 ι]ιῖπεί

1822 3821 2067 3873 oneraria
2094 3821 2264 3874 levem
2286 3819 2465 3874 ferens
2482 3822 2771 3886 sarcinam,
2797 3823 2875 3877 sic
2890 3825 3069 3879 anima
3097 3819 3167 3880 sit
3188 3819 3438 3887 lluciibus

1824 3892 2079 3964 nequitia:
2122 3891 2389 3959 superior.
2415 3891 2471 3946 Si
2499 3894 2952 3964 concnpiscentiae
2982 3900 3310 3955 tentationes
3336 3918 3435 3957 ex-

1827 3961 2335 4042 citentur,_vigilare
2365 3964 2559 4031 poterit
2587 3964 2654 4019 ad
2674 3961 3077 4042 resistendum,
3128 3971 3194 4042 ad
3226 3974 3435 4042 cogita-

1825 4034 1997 4091 tiones
2016 4033 2437 4111 ειιξιιξτιιιιιιάτις,Δ
2463 4044 2521 4088 ιιι
2558 4036 2816 4111 scapham
2855 4038 2979 4111 sine
3006 4033 3437 4111 nanl‘ragiovscr-

1823 4118 2031 4178 vemus.
2066 4104 2336 4178 Habemus
2355 4107 2498 4160 enim
2520 4121 2767 4162 sororem
2792 4107 2982 4177 jejunii
3012 4104 3431 4178 auxiliatricem.

1826 4177 2538 4250 precationemdicopetsi
2584 4192 2732 4232 mors
2779 4179 2868 4243 sit,
2916 4182 3015 4234 etsi
3051 4188 3296 4250 tentatio,
3350 4177 3435 4243 vel

1826 4248 2043 4321 malum
2070 4246 2211 4321 aliud
2234 4248 2540 4321 quidpiam,
2572 4251 2817 4321 oratione
2844 4262 2895 4304 et
2936 4252 3145 4321 jejunio
3181 4246 3429 4313 solvitur.

1825 4316 1892 4369 Et
1923 4318 2047 4402 quid
2091 4318 2213 4402 dico
2230 4319 2550 4402 ldejunimn
2591 4318 2873 4402 dzetnonas
2896 4316 3083 4402 fugat,
3107 4326 3319 4402 diaboli
3352 4340 3433 4402 ty-

1822 4388 2102 4460 rannidem
2131 4390 2310 4453 solvit,
2363 4390 2596 4443 maxime
2623 4393 2665 4445 si
2708 4388 3078 4460 precationem
3106 4396 3303 4453 habeat
3333 4388 3433 4454 ait-

1822 4459 2069 4526 jutricem
2103 4478 2114 4513 :
2143 4460 2407 4529 jejunium
2438 4473 2491 4514 ct
2516 4459 2895 4518 oratioEliam
2932 4468 2982 4518 in
3012 4468 3173 4521 cado:
3200 4471 3431 4526 induxe-

1822 4540 1966 4606 runt,
1990 4530 2251 4606 Ninivitas
2274 4548 2340 4587 ex
2369 4540 2541 4586 morte
2558 4544 2817 4606 eriterunt
2839 4536 3129 4606 :jejunium
3156 4540 3430 4597 Danieletn

1821 4614 1851 4679 ξι
1900 4602 2144 4679 leonibus
2189 4603 2415 4679 illaesum
2448 4604 2759 4669 custodivit,
2788 4602 3053 4677 jejunium
3091 4620 3202 4665 tres
3236 4628 3433 4679 pueros

1822 4672 1874 4752 in
1907 4672 2085 4752 med-io
2123 4673 2614 4752 fo_rnacis__intactos
2637 4672 2894 4752 servavit,
2918 4680 3184 4750 jejunium
3214 4672 3434 4752 Moysen

1824 4743 2103 4821 invisibilis
2131 4746 2316 4821 gloria:
2341 4746 2559 4815 dignum
2588 4748 2818 4804 reddidit
2842 4792 2855 4813 ,
2880 4743 3147 4821 jejunium
3178 4745 3431 4811 Elisfeum

1824 4815 2118 4892 principem
2136 4817 2519 4892 prophetarum
2533 4822 2833 4876 conStituit.
2855 4815 3062 4892 thltid
3080 4826 3216 4879 ultra
3236 4827 3437 4883 dicam?

1821 4886 1930 4969 ξιιεὶ
1950 4887 2212 4966 jejunium
2233 4899 2377 4942 esset
2398 4890 2747 4969 pliarmaeum
2768 4886 2979 4969 salutis,
3002 4912 3108 4949 non
3125 4912 3156 4950 a
3176 4900 3437 4969 principio

1826 4958 1963 5010 Deus
1993 4960 2165 5034 ipsttin
2215 4961 2581 5034 pra-cepisset.
2616 4963 2672 5017 Si
2702 4966 2845 5018 enim
2878 4958 3190 5034 jejunasset'
3226 4958 3435 5032 Adam.

1824 5044 1969 5110 mors
1996 5046 2101 5110 non
2124 5031 2294 5110 ipsum
2315 5032 2555 5110 adiisset,
2582 5049 2689 5088 non
2713 5031 3001 5110 escidi'sset
3022 5039 3108 5093 ille
3126 5056 3153 5090 a
3176 5039 3438 5110 dignitate

1822 5102 1921 5151 sibi
1941 5116 1980 5178 _a
2010 5100 2120 5153 Deo
2157 5101 2303 5165 data,
2334 5119 2433 5178 pec
2480 5106 2686 5178 ejectus
2730 5108 2920 5163 fuisset
2944 5124 2974 5163 a
3006 5100 3261 5178 paradisi:
3284 5116 3434 5168 vuln-

1826 5172 2006 5251 ptatis,
2054 5188 2227 5241 neque
2279 5174 2347 5228 ad
2374 5176 2537 5251 hanc
2587 5176 2911 5251 laboriosam
2949 5172 3113 5235 vitam
3146 5182 3433 5239 damnatus

1826 5244 2013 5295 luisset
2042 5262 2054 5296 :
2090 5259 2272 5319 verum
2296 5246 2419 5319 quia
2456 5249 2661 5303 ventris
2683 5249 2784 5319 legi
2820 5252 3015 5319 paruit,
3048 5253 3169 5308 ideo
3196 5256 3260 5308 ad
3291 5273 3438 5310 mor-

1826 5323 1932 5394 tem
1958 5316 2221 5398 pervenit.
2246 5315 2951 5398 Jejuniumestangelorum
2973 5323 3165 5398 victus;
3186 5327 3438 5398 quodque

1828 5387 2009 5466 majus
2041 5396 2143 5469 est,
2191 5387 2446 5441 Servator
2461 5387 2745 5469 jejunavit,
2772 5408 2881 5446 non
2936 5395 3088 5469 quod
3112 5387 3225 5469 ipse
3252 5387 3439 5469 ego-ret

1820 5458 2011 5523 jejunii
2045 5458 2353 5535 pharmace,
2385 5461 2477 5535 sed
2512 5470 2567 5535 ut
2608 5464 2763 5535 nobis
2790 5458 3037 5533 exempla
3073 5458 3262 5535 jejunii
3284 5458 3440 5525 "inse-

1826 5537 1973 5607 reret
2003 5528 2068 5580 ad
2099 5530 2346 5608 salutem.
2400 5532 2599 5599 Accipe
2628 5534 2789 5608 igitur
2831 5528 3095 5605 jejunium
3130 5528 3241 5608 'per
3272 5552 3434 5596 tutam

1829 5605 1993 5679 vitam
2022 5605 2249 5679 socium,
2272 5610 2339 5679 _ut
2363 5612 2431 5679 ἰιι
2460 5605 2747 5671 custodiat,
2783 5614 2940 5679 teque
2979 5624 3008 5662 a
3042 5605 3217 5665 morte
3245 5626 3402 5666 cruat
3421 5657 3439 5679 ,

1830 5677 1990 5748 teque
2020 5671 2483 5750 intentationilni“,
2506 5686 2707 5750 servet,
2731 5687 2787 5731 et
2813 5671 3032 5733 inducat
3063 5691 3115 5735 te
3144 5683 3192 5734 in
3222 5671 3437 5750 portum

1828 5740 1980 5809 regni
2005 5740 2283 5806 czelorum,
2313 5746 2483 5809 gratia
2518 5746 2798 5803 lloniiniet
2826 5750 2917 5803 Dei
2954 5740 3265 5807 nostriJesu
3286 5756 3441 5811 (Ilii-i-

1829 5822 1920 5875 stt,
1952 5814 2166 5892 quicum
2200 5815 2342 5892 lfatri
2375 5827 2426 5869 et
2468 5818 2687 5885 Spiritui
2713 5831 2903 5875 sancto
2931 5823 3125 5892 gloria,
3158 5826 3209 5879 in
3242 5836 3442 5885 sset-uta

1831 5886 2153 5936 satculorum
2209 5888 2403 5940 Amen.

2949 5998 3018 6051 15
