4056 6416
131 454 220 510 717
1064 442 1130 501 ΙΝ
1170 441 1443 499 ΡΙΙΛΕΠΙΟ
1453 441 1714 498 ΑΤΙΟΝΕΞ

1826 439 2065 497 EJUNII.
2110 438 2198 506 lli,
2242 437 2310 495 IV
2352 438 2444 495 ET
2475 437 2531 494 V.

132 571 326 637 busque
368 563 552 637 fontes
584 569 768 637 potum
794 558 993 615 affatim
1023 556 1497 637 subministrant“
1516 597 1532 615 ,
1564 557 1721 610 inex-

131 627 373 692 haustum
414 627 619 691 habent
667 634 1003 688 thesaurum.
1050 629 1199 682 Sicut
1243 643 1372 697 ergo
1416 627 1535 681 fons
1586 642 1723 679 unus

130 711 301 762 multis
340 718 531 776 potum
566 706 770 776 praebet
803 721 815 776 :_
848 703 933 776 sic
972 717 1071 776 una
1106 701 1379 767 Scriptura
1400 698 1719 776 “multorum

128 768 634 833 tuentes-illustrat.
687 774 880 830 Venite
924 772 1083 842 igitur
1111 780 1165 826 et
1206 786 1333 833 vos,
1359 769 1561 842 dilecti
1589 810 1603 834 ,
1655 768 1721 842 ad

129 852 267 917 prius
296 860 661 902 memoratum
690 848 889 922 fontem
921 839 1230 922 pergamus,
1255 852 1311 922 et
1332 840 1603 922 doetrinae
1636 839 1723 922 .de

120 910 336 989 jejuniis
366 930 656 973 consortes
698 918 886 970 simus.
917 910 1050 989 ﬂaui
1079 923 1136 968 ut
1163 913 1386 989 i.d_di_vi_ti
1418 911 1549 989 satis
1578 910 1674 964 fuit
1705 928 1718 964 :

124 981 194 1043 sic
220 1001 274 1045 et
300 990 465 1044 nobis
490 1000 675 1057 tttpole
708 986 1033 1056 pauperibus
1065 1002 1170 1057 non
1201 984 1435 1057 deﬁciet.
1462 981 1723 1057 ‘Jejunaus

128 1063 264 1115 Elias
324 1062 513 1129 auriga
552 1053 719 1124 ille,‘
744 1058 943 1129 melote
986 1066 1051 1129 et_
1082 1056 1230 1124 virga
1256 1053 1480 1129 fluvium
1509 1056 1721 1113 secuit;

126 1134 371 1201 idemque
415 1125 668 1205 jejunaiis
698 1131 862 1205 caelos
887 1126 1079 1205 clausit
1109 1146 1122 1180 :
1155 1125 1323 1179 verbo
1352 1138 1582 1205 namque
1624 1139 1722 1175 nu-

125 1205 214 1256 bes
260 1196 517 1257 imbrium
558 1202 775 1256 clausit.
809 1200 942 1252 Cum
965 1197 1257 1266 jejunasset
1284 1237 1299 1258 ,
1327 1196 1488 1249 etiam
1535 1196 1721 1263 igneos

122 1289 284 1339 equos
318 1271 588 1337 frenavit,
619 1284 893 1340 curruque
938 1267 1188 1322 flammeo
1214 1269 1263 1318 iu
1296 1268 1487 1340 omium
1535 1275 1721 1319 vectus

118 1336 196 1399 est
227 1360 239 1393 :
272 1359 403 1397 cum
427 1345 727 1412 jejunasset
762 1336 970 1411 Moyses
1014 1340 1105 1393 Dei
1132 1351 1353 1412 servus,
1376 1336 1718 1412 horrendum

123 1416 342 1484 pelagus
373 1408 627 1475 discidit.
658 1423 713 1467 et
739 1408 1007 1482 piscosum
1051 1426 1199 1464 mare
1231 1410 1280 1462 iu
1308 1408 1511 1484 aridam
1542 1416 1718 1484 muta-

119 1477 191 1538 vit
205 1527 219 1547 ,
239 1477 440 1540 'assum
450 1496 676 1554 ptosqne
692 1477 950 1538 llelirzeos
982 1484 1233 1554 servavit,
1262 1477 1720 1554 atqueIEgyptios

123 1558 171 1609 in
214 1572 370 1610 mare
403 1552 680 1611 demersit.
709 1554 979 1619 Jejunium
1008 1552 1208 1621 Moysis
1238 1553 1438 1620 virgam
1476 1558 1716 1603 sanctam

122 1629 169 1680 iu
198 1628 428 1682 dextera
455 1629 573 1695 ejus
608 1626 823 1701 posuit,
867 1639 929 1679 ac
966 1638 1061 1701 per
1090 1640 1205 1701 eam
1240 1622 1328 1677 ille
1352 1632 1564 1701 petram
1600 1636 1721 1701 per-

120 1700 360 1764 cutiens,
391 1692 583 1766 aquam
608 1692 916 1766 'potabilem
963 1692 1407 1766 subministravit.
1445 1692 1717 1756 Jejunium

121 1769 330 1823 Dauieli
374 1764 696 1836 sapientiam
737 1767 957 1825 indens.
986 1766 1316 1821 somniorum
1366 1764 1717 1836 interpretem

118 1832 449 1893 arcanorum
466 1839 707 1893 exhibuit
738 1837 910 1894 illum.
938 1836 1078 1890 Idem
1106 1837 1220 1907 ipse
1241 1836 1491 1907 jejunans
1520 1836 1571 1907 in
1600 1832 1719 1887 lacu

122 1909 259 1964 feras
287 1912 521 1964 frenavit
568 1928 581 1962 :
632 1910 846 1962 leonum
877 1917 1058 1975 pastor
1082 1905 1327 1966 effectus,
1359 1906 1505 1974 ipsos
1530 1905 1580 1958 in
1611 1919 1716 1958 ca:-

122 1981 224 2033 lmu
252 1982 526 2049 respicere
553 1981 757 2035 docuit.
790 1978 1057 2047 Jejunium
1086 1979 1246 2031 trium
1274 1990 1561 2049 puerorum
1598 1991 1719 2049 cor-

122 2066 245 2119 pora
300 2046 613 2119 ineorrupta
663 2046 933 2112 servavit,
986 2064 1355 2119 voracemque!
1377 2046 1720 2119 Babylonica:

120 2117 355 2177 fornacis
378 2117 647 2175 ﬂammam
672 2123 722 2174 in
748 2136 924 2174 rorem
938 2120 1304 2173 commutavit.
1333 2117 1437 2172 Per
1454 2117 1716 2186 jejunium

119 2192 283 2269 donas
316 2193 783 2269 propltetacetum
812 2191 1133 2269 refrenavit,
1167 2192 1556 2269 ipsoque-velut
1586 2188 1717 2269 suh-_

116 2263 280 2332 jugali
318 2260 501 2324 fusus.
554 2263 779 2316 Niniveu
828 2263 1116 2315 Concessit.
1164 2260 1279 2314 Non
1326 2260 1470 2332 enim
1517 2260 1716 2332 animal

124 2331 251 2388 illud
278 2349 390 2403 quo
420 2334 577 2388 libuit
602 2335 857 2402 perrexit,
892 2334 985 2386 sed
1017 2350 1122 2401 quo
1148 2332 1315 2403 voluit
1343 2331 1487 2403 intus
1512 2331 1717 2403 positus

123 2401 330 2474 auriga,
363 2405 489 2459 illuc
511 2401 634 2460 cete
654 2405 910 2473 pervenit.
930 2403 1242 2470 Jejunantes
1262 2402 1508 2456 Ninivita:
1532 2401 1716 2454 urbem

120 2473 507 2539 servaverunt,
550 2486 611 2529 et’
650 2476 922 2544 prephetaa
947 2474 1183 2543 plantam
1215 2474 1505 2527 marcidam
1538 2473 1716 2525 reddi-

120 2546 636 2613 derunLJejunium
672 2546 767 2600 Dei
810 2545 1011 2600 donum
1042 2556 1158 2609 est,
1190 2545 1505 2614 angelorum
1550 2556 1715 2605 esca;

119 2615 379 2684 jejunium
410 2617 645 2689 Moysem
689 2618 960 2689 mysteriis
989 2616 1247 2689 initiavit,
1275 2614 1548 2689 Abraham
1582 2614 1714 2689 lide-

122 2690 221 2741 lein
249 2684 512 2753 reddiditi
533 2684 799 2757 jejunium
826 2686 1061 2743 lsaacum
1084 2686 1418 2755 justilicavit,
1436 2684 1715 2757 jejunium

120 2772 239 2811 cum
284 2760 488 2815 Jacobo
526 2756 920 2828 peregrinatum
951 2768 1067 2820 est,
1113 2757 1379 2827 jejunium
1420 2756 1716 2828 .losephmn

118 2830 322 2883 clarum
365 2826 579 2894 effecit,
623 2826 887 2897 jejunium
936 2826 1386 2883 Melchisedecum
1418 2826 1710 2891 exaltavit,

121 2901 310 2953 Lotuiu
344 2918 407 2955 ex
436 2901 686 2955 Sodomis
716 2902 948 2968 eripuit;
980 2900 1242 2968 jejunium
1268 2913 1394 2952 cum
1420 2898 1557 2952 Jobo
1584 2913 1708 2951 cer-

122 2972 289 3038 tavit,
323 2972 587 3041 jejunium
632 2972 922 3040 prophetas
951 2974 1210 3041 sapientia
1253 2970 1513 3038 replevit,
1563 2968 1710 3038 jeju-

121 3043 267 3095 nium
312 3058 469 3113 reges
521 3052 772 3113 potentes
816 3043 1023 3108 ell‘ecit,
1078 3043 1343 3112 jejunium
1398 3041 1709 3094 sacerdotes

3329 440 3432 498 728

1832 555 2033 609 initiari
2073 598 2087 618 ,
2114 554 2378 625 jejunium
2410 552 2599 627 Moysi
2637 554 2808 611 facem
2861 558 3095 627 pratullt
3118 600 3133 618 ,
3163 558 3427 626 Jejuniutn

1828 634 1958 679 cum‘
1996 624 2209 680 AarOne
2238 624 2538 680 sacerdotio
2579 625 2822 681 functum
2854 624 2958 690 est,
2994 624 3266 696 jejunium
3303 644 3429 683 cum

1829 696 1955 750 .lesu
1997 696 2144 752 Nave
2175 698 2474 751 exercitum
2504 696 2677 763 duxit,
2703 697 2966 767 jejunium
2995 697 3311 753 Gedeonem
3342 714 3433 753 ar—

1830 770 2025 832 mavit,
2053 768 2315 835 jejunium
2344 770 2661 822 Samsonem
2694 772 2997 832 roboravit,
3027 768 3293 837 jejunium
3331 769 3431 823 Sa-

1830 840 2059 911 juuelem
2086 841 2383 911 parturivit,
2404 840 2809 911 jejuniumcum
2833 840 2993 911 Same
3019 841 3215 893 bellum
3240 842 3428 911 gessit,

1832 908 2096 981 jejunium
2127 911 2313 964 ISaiam
2346 909 2643 981 benedixit.
2673 910 2938 976 jejunium
2968 910 3219 965 Jeremia:
3244 908 3432 981 hique-

1851 924 2096 978 ejumum
2127 924 2313 964 Isaiam
2347 924 2643 968 uenenum.
2673 926 2938 976 jejunium
2968 924 3219 965 Jereunze
3244 924 3431 981 tuque-

1823 924 1932 1032 iam
1963 980 2191 1052 indidit,
2217 981 2478 1050 jejunium
2510 979 2827 1034 Zachariam
2857 982 3219 1052 sanctiiicavit
3242 1023 3256 1045 ,
3284 982 3431 1052 jeju‘

1829 1051 1975 1121 nimu
2004 1051 2200 1106 Joanni
2228 1053 2544 1120 sapientiam
2578 1053 2777 1117 attulit,
2805 1051 3082 1121 jejunium‘
3119 1051 3296 1107 Petro
3325 1055 3430 1108 vim

1829 1120 2041 1194 indidit,
2063 1122 2326 1192 jejunium
2376 1123 2542 1176 Paulo
2569 1121 2753 1175 bravia
2786 1120 3131 1186 Conciliavit,
3159 1125 3432 1194 jejunium

1827 1192 2018 1265 orbem
2042 1194 2367 1256 obsignavit,
2394 1194 2657 1265 jejunium
2691 1195 2795 1246 vim
2826 1195 2963 1260 ignis
2992 1192 3244 1265 calcavit,
3289 1196 3436 1265 jeju-

1827 1265 1975 1316 nium
2002 1264 2223 1335 le0unm
2253 1279 2423 1334 genus
2452 1262 2633 1319 debile
2662 1265 2917 1331 reddidit,
2939 1264 3205 1335 jejunimn
3234 1262 3457 1319 draco--

1828 1349 1956 1387 num
1990 1328 2325 1391 ferocitate'm
2357 1336 2644 1401 restinxit,
2675 1328 3161 1405 jejuniuiit'ﬂ'uvios
3188 1338 3435 1391 exsicca-

1826 1405 1945 1477 vit;
1993 1405 2260 1474 jejunium
2311 1406 2546 1476 paradisi
2590 1408 2899 1467 restitutio.
2950 1407 3219 1477 jejunium
3266 1423 3432 1477 supra

1826 1475 2095 1531 dictorum
2140 1475 2342 1544 caput,
2393 1492 2593 1545 corpus
2624 1479 2822 1533 Christi
2866 1475 3197 1543 custodivit,
3228 1475 3434 1534 diaboli

1828 1547 2061 1619 impetus
2087 1559 2308 1619 strenue
2328 1551 2574 1618 excepit;
2603 1549 2867 1619 jejunium
2893 1550 3159 1618 virginum
3182 1565 3431 1617 consors,

1822 1618 2088 1691 jejunium
2130 1618 2413 1673 domorum
2455 1618 2837 1690 augmenluttt,
2864 1620 3131 1691 jejunium
3162 1624 3435 1689 pteniten-

1828 1690 1956 1762 tium
1983 1690 2285 1762 advocatus
2305 1733 2319 1754 ,
2347 1691 2613 1759 jejunium
2649 1692 2882 1762 orationi
2924 1690 3275 1762 ’conjngatnm
3307 1704 3431 1758 est,

1821 1760 2085 1834 jejunium
2120 1762 2440 1834 principium
2471 1762 2803 1828 divitiarum,
2836 1760 3113 1834 jejunium
3134 1778 3431 1833 pauperum

1825 1832 2146 1897 consolatio,
2176 1832 2440 1902 jejunium
2470 1832 3143 1894 laborantium‘anxilium.
3166 1836 3430 1903 jejunium

1825 1918 2075 1957 somnum
2105 1905 2407 1971 depellens,
2432 1915 2487 1957 et
2527 1904 2785 1975 hymnum
2817 1905 3080 1960 inducens
3103 1946 3119 1967 ,
3161 1905 3429 1975 jejuniqu

1824 1989 1959 2043 aqua
1993 1984 2097 2037 est,
2125 1990 2284 2042 quam
2321 1985 2590 2043 potamus,
2622 1992 2742 2043 qua:
2773 1977 3198 2030 immortalitatis
3228 1977 3430 2031 fontem

1827 2046 1982 2099 nobis
2023 2045 2413 2118 sulnniuistrat.
2444 2048 2489 2099 υ
2509 2048 2796 2114 jejunium,
2819 2048 2962 2118 quod
2994 2048 3111 2101 solo
3140 2063 3277 2117 pane
3316 2050 3432 2103 alli-

1826 2132 1941 2170 mas
1970 2126 2181 2169 nostras
2206 2117 2269 2169 ad
2294 2121 2544 2187 pietatem
2570 2117 2915 2185 disponit,'et
2941 2119 3053 2173 sale
3084 2132 3428 2187 peccatorum

1826 2198 2133 2241 nostrorum
2164 2189 2411 2244 ftetorem
2455 2188 2751 2258 abstergit!
2792 2204 2826 2242 ο
2846 2190 3111 2258 jejunium
3144 2190 3288 2315 quod
3336 2205 3431 2261 per

1826 2259 2177 2315 quadraginta
2228 2259 2345 2312 dies
2371 2274 2552 2313 acrem
2596 2261 2750 2313 nobis
2784 2276 2880 2315 Der
2904 2261 3107 2315 gradus
3192 2262 3430 2315 isonnil.

1825 2259 2177 2331 quadraginta
2228 2259 2345 2331 dies
2371 2274 2567 2331 acrem,
2596 2261 2750 2313 nobis
2784 2276 2880 2328 per
2904 2261 3107 2331 gradus
3151 2259 3389 2330 disponit
3411 2302 3430 2327 ,

1824 2329 2020 2403 quibus
2054 2345 2152 2403 nos
2196 2330 2260 2383 ad
2310 2330 2879 2403 cielmnbdeducitl‘o
2914 2329 3181 2401 jejunium
3230 2348 3328 2403 per
3366 2347 3431 2387 os

1820 2399 2176 2469 jejunantium
2212 2401 2634 2455 misericordiam
2668 2413 2721 2453 et
2742 2399 3003 2469 judicium
3036 2402 3127 2457 Dei
3170 2399 3433 2472 atietnpea

1825 2485 1953 2524 rans
1975 2513 1990 2535 ,
2024 2482 2079 2524 ut
2106 2472 2267 2523 modo
2307 2472 2629 2525 audivimus.
2668 2472 2837 2527 David
2870 2474 3013 2527 cnim
3035 2514 3048 2536 .
3093 2474 3183 2544 qui
3210 2478 3437 2531 sancto;

1825 2558 1944 2596 rum
1976 2546 2360 2611 pr0phetarum
2398 2545 2599 2597 chorus
2624 2554 2727 2605 est,
2768 2543 2973 2613 justum
2997 2543 3261 2611 judicium
3307 2563 3430 2601 cum

1826 2615 2201 2685 misericordia
2231 2614 2477 2681 mixtum,
2510 2615 2744 2685 futurum
2772 2616 3249 2685 nempejudicium
3276 2619 3434 2673 nobis

1825 2684 2152 2758 describens
2188 2686 2299 2758 Deo
2338 2686 2582 2758 dicebat.
2610 2684 3042 2758 rMisericordiaut
3086 2697 3135 2741 et
3172 2689 3432 2758 judicium

1824 2755 2039 2828 cantabo
2065 2756 2176 2824 tibi,
2204 2755 2418 2809 Domine
2446 2759 2461 2826 (
2492 2755 2634 2811 Psal.
2667 2757 2790 2811 100.
2843 2758 2860 2811 Ι
2890 2764 2931 2827 ).
2974 2755 3250 2828 Jejunium
3302 2778 3427 2816 cum

1825 2827 2152 2899 Clterttliinis
2192 2844 2446 2899 Versatus,
2470 2827 2733 2897 jejunium
2775 2845 2897 2882 cum
2927 2827 3249 2899 Seraphinis
3279 2832 3427 2885 habi-

1829 2905 1984 2962 tans,
2018 2897 2284 2967 jejunium
2332 2898 2614 2952 Euoebum
2659 2901 2712 2953 iu
2748 2900 2979 2968 paradisi
3020 2897 3185 2955 domo
3227 2906 3433 2957 consti-

1826 2977 1981 3043 tuens
2008 3011 2021 3043 ,
2054 2970 2104 3021 in
2134 2969 2351 3023 Citrile
2392 2970 2518 3024 Jesu
2558 2971 2785 3026 Domino
2808 2982 3027 3040 nostro,
3060 2974 3147 3027 cui
3171 2976 3343 3043 gloria
3372 2986 3431 3030 et

1827 3038 2116 3107 imperium
2164 3044 2215 3093 in
2260 3045 2478 3095 sarcula.
2510 3044 2704 3096 Amen.

1363 3263 1445 3304 DE
1489 3262 1774 3305 JEJUNIO.
1823 3262 2034 3306 SERMO
2078 3266 2138 3305 ν.

1540 3392 1587 3439 (cf:
1596 3388 1805 3441 ᾳλῖῠέὲῖ
1811 3392 1851 3433 3°
1860 3390 1914 3440 ἓξ
1924 3393 1967 3440 “<2

190 3536 382 3601 llodie,
406 3536 611 3595 dilecti,
638 3532 905 3586 medicum
936 3530 1240 3583 adoremus.
1278 3530 1415 3584 Ecce
1446 3530 1588 3585 enim
1622 3532 1703 3585 in-

118 3620 225 3660 stat
248 3606 514 3675 jnjuuiuin
547 3605 687 3673 quod
718 3606 1018 3655 animarum
1067 3612 1121 3655 et
1162 3616 1450 3675 corporum
1482 3602 1711 3657 salutem

118 3672 359 3748 largitur.
399 3672 1052 3748 quasiresurrectionem
1081 3672 1330 3748 praebens
1351 3675 1667 3740 stupendatn
1693 3692 1707 3739 ;

120 3750 185 3801 ita
200 3743 277 3802 ἰιι
305 3749 393 3801 illo
422 3743 519 3801 ceu
551 3749 673 3800 oleo
698 3748 761 3799 ail
790 3745 1085 3812 spiritualia
1111 3743 1403 3797 certamina
1428 3759 1709 3811 ungamur.

116 3821 301 3873 Oratio
327 3830 381 3873 et
400 3818 665 3886 jejunium
697 3816 1007 3883 angelorum
1027 3829 1181 3882 opus,
1202 3814 1461 3882 jejunium
1483 3818 1713 3881 paradisi

121 3903 292 3957 porta,
322 3890 584 3957 jejunium
612 3898 947 3957 peccatorum
980 3886 1242 3954 purgatio,
1264 3886 1527 3953 jejunium
1572 3887 1711 3941 fidu-

117 3964 197 4014 cia
240 3956 595 4029 erga’lieum,
634 3959 895 4027 jejunium
950 3959 1152 4024 puritas
1198 3958 1397 4019 COI'diS,
1447 3956 1710 4026 jejunium

116 4032 381 4096 omnium,
413 4048 531 4098 qum
558 4032 708 4084 nobis
737 4047 764 4083 a
802 4033 908 4081 Deo
936 4029 1123 4081 eollata
1156 4038 1295 4087 sunt.
1330 4029 1591 4083 bonorum
1616 4046 1708 4081 ca-

118 4112 244 4170 put;
273 4104 538 4170 jejunium
572 4101 921 4154 sanctiﬁcatio
950 4102 1162 4163 animm,
1202 4099 1462 4168 jejunium
1507 4101 1711 4155 Sanitas

115 4176 383 4243 corporis,
408 4173 670 4239 jejmiinm
699 4172 889 4224 domus
912 4172 1196 4232 securitas,
1225 4171 1484 4243 juventttn
1529 4173 1709 4238 paula-

114 4260 304 4313 gogus.
342 4244 621 4298 infantium
647 4252 846 4306 θυμίας,
893 4258 1079 4295 senum
1124 4242 1711 4313 temperantia,mulie-

117 4312 231 4369 rum
256 4326 481 4370 ornatus
510 4325 564 4368 et.
586 4314 865 4366 modestia.
896 4313 1001 4366 Sed
1030 4327 1149 4365 cum
1172 4312 1401 4365 orationi
1434 4312 1711 4382 etjcjunio

114 4387 457 4458 eleemosyua
487 4385 719 4458 additur,
749 4395 870 4458 tunc
893 4384 1101 4458 pietatis
1120 4383 1398 4458 operarius
1416 4386 1711 4458 secundum

118 4458 283 4512 Deum
317 4451 467 4511 dives
495 4456 777 4509 invenitur.
817 4456 924 4508 Deo
948 4454 1087 4525 enim
1111 4451 1419 4525 faeneratur
1455 4456 1545 4520 qui
1582 4471 1711 4525 pau-

114 4531 228 4597 peri
280 4530 505 4599 largitur
544 4526 725 4598 (Prov.
762 4526 847 4599 19.
884 4524 991 4599 1η.
1026 4524 1267 4599 _V_idistin‘
1293 4525 1455 4599 Deum
1483 4524 1712 4599 proho-

114 4594 710 4667 niinibusvsponsiirem
757 4596 1144 4667 f;ICllllll?rid00
1183 4595 1442 4663 prapheta
1472 4594 1709 4664 Judzcos,

112 4672 256 4739 quod
308 4666 435 4724 non,
461 4671 585 4723 totis
616 4669 814 4739 viribus
840 4666 1099 4736 jejunium
1129 4677 1461 4730 exercerent,
1494 4670 1709 4739 vitupe-

115 4737 260 4806 rans,
293 4742 536 4795 dicebat:
569 4738 689 4793 Non
714 4741 805 4792 hoc
819 4740 1079 4808 jejunium
1109 4755 1197 4806 ego
1219 4739 1359 4808 elegi,
1382 4738 1505 4790 dicit
1537 4737 1714 4792 Domi-

113 4830 225 4878 nus,
262 4824 317 4866 ut
343 4812 573 4865 Ituntt'liet
595 4812 742 4863 homo
767 4813 990 4863 animum
1011 4826 1155 4861 suum
1186 4807 1341 4877 (1δαί.
1376 4809 1464 4864 58.
1486 4808 1561 4880 5).
1583 4811 1713 4878 Qua:

112 4886 255 4936 enim
292 4884 493 4936 utilitas
515 4898 611 4935 ore
634 4882 910 4951 jejunare,
945 4893 999 4934 et
1032 4897 1086 4933 re
1119 4880 1401 4933 occidere?
1429 4897 1546 4949 qua!
1576 4884 1712 4936 utili-

112 4963 190 5006 tas
219 4974 249 5006 a
279 4956 417 5007 cibis
443 4955 734 5018 abstinere,
784 4962 837 5005 et
862 4951 1214 5005 fornicatione
1261 4952 1484 5004 foedari?
1511 4952 1711 5006 Carnes

114 5040 216 5079 non
248 5025 513 5087 comedis,
544 5025 635 5078 sed
665 5024 845 5077 fratris
876 5024 946 5075 ttti
971 5038 1163 5076 carnes
1182 5022 1429 5076 devoras.
1459 5023 1611 5089 Quod
1642 5033 1711 5077 tu-

111 5112 259 5149 crmn
297 5098 420 5149 vino
452 5110 555 5148 non
609 5095 909 5159 indulgere,
953 5106 1007 5147 et
1039 5093 1224 5161 opibus
1273 5094 1563 5147 inebriari?
1592 5112 1712 5165 qua:

113 5168 314 5220 utilitas
350 5183 540 5235 panem
576 5184 677 5220 non
727 5167 908 5229 edere,
940 5176 991 5218 et
1041 5166 1112 5216 ira
1165 5166 1513 5218 temulentum
1557 5168 1711 5220 esse?

111 5238 249 5304 quod
284 5240 493 5291 lucrum
515 5238 718 5306 jejunio
750 5237 1029 5301 macerari,
1052 5244 1105 5288 et
1126 5237 1364 5303 proximo
1386 5239 1712 5291 cnnviciari?

112 5324 225 5375 quae
256 5311 507 5363 utilitasa
535 5311 667 5363 cibis
700 5319 1020 5374 temperare,
1051 5317 1104 5359 et
1130 5308 1298 5360 aliena
1346 5308 1568 5376 rapere?
1594 5327 1711 5377 qua!

114 5381 406 5435 necessitas
436 5396 632 5448 Corpus
664 5383 1030 5441 exsiccare,et
1052 5379 1349 5431 esurientes
1382 5396 1486 5431 non
1535 5382 1712 5435 alere?

113 5468 227 5515 qua:
262 5453 467 5505 utilitas
507 5452 745 5505 membra
778 5461 1032 5511 atterere,
1067 5458 1119 5502 et
1150 5449 1335 5502 viduas
1381 5451 1715 5520 pupillosque

115 5536 214 5573 non
248 5522 678 5589 miserari?quis
710 5522 909 5574 fructus
941 5522 989 5573 in
1016 5520 1467 5574 sollicitudinibus
1498 5532 1549 5573 et
1572 5526 1712 5577 curis

112 5592 326 5662 degere,
358 5604 413 5649 et
448 5593 675 5661 pupillos
703 5593 1002 5660 exagitatos
1048 5608 1150 5644 non
1198 5593 1422 5645 eruere?
1448 5591 1600 5645 Nulla
1634 5604 1717 5650 est

112 5660 311 5717 titiiitas
330 5660 643 5717 hominibus
661 5680 855 5717 nomen
882 5674 1083 5715 taulmn
1104 5661 1531 5716 Christianorum
1555 5666 1711 5729 ferre,

108 5745 160 5785 et
178 5736 435 5801 operibus
462 5735 613 5788 bonis
636 5751 740 5787 non
766 5736 1107 5788 incumbere:
1136 5752 1237 5787 non
1263 5734 1404 5787 enim
1427 5734 1713 5803 dignitates

110 5804 249 5875 apud
280 5806 447 5860 Deum
468 5806 518 5858 in
542 5808 714 5875 pretio
738 5807 1018 5867 habentur,
1041 5807 1133 5859 sed
1155 5822 1313 5874 opcra
1340 5808 1711 5873 exquiruntur.

113 5874 239 5928 Nam
270 5876 439 5931 Judas
466 5874 603 5930 inter
627 5876 899 5946 apostolos
926 5886 1062 5939 erat,
1083 5878 1271 5930 eodem
1300 5878 1507 5946 quoalii
1533 5878 1714 5932 fruens

120 5946 355 6015 honore;
380 5950 475 6004 sed
502 5963 565 6003 ex
600 5948 838 6019 pecunia:
870 5965 1052 6004 amore
1084 5950 1329 6018 laqueum
1358 5949 1581 6003 sortitus
1606 5960 1708 6015 est;

1825 3544 1883 3607 ut
1908 3545 1963 3587 ct
1989 3532 2136 3586 multi
2170 3547 2313 3586 nunc
2339 3532 2501 3607 etiam
2530 3534 2852 3607 vestimenta
2875 3537 3054 3591 ovium
3085 3548 3317 3607 gestant.
3351 3542 3429 3592 in-

1823 3606 2095 3678 trinsecus
2116 3612 2295 3678 autem
2325 3614 2450 3678 sunt
2472 3604 2583 3672 lupi
2616 3621 2859 3673 rapaces.
2895 3608 2953 3662 Si
2991 3604 3241 3677 jejunare
3270 3610 3428 3678 velis,

1820 3676 2103 3728 avaritiam
2124 3674 2250 3728 udio
2280 3675 2451 3730 habe:
2482 3674 3318 3746 maguumcstmaluin'avaritia.
3339 3674 3430 3735 Je-l

1814 3747 2015 3817 juuas?
2048 3745 2191 3816 Fuge
2215 3745 2649 3809 fornicationem,
2684 3748 2803 3816 fuge
2834 3749 3247 3815 detractiOuem,
3274 3767 3427 3806 meu-

1818 3820 2052 3881 dacium,
2092 3817 2421 3889 convicium,
2453 3818 2808 3882 inimicitiam,
2847 3822 3257 3889 blasphemiam,
3304 3839 3427 3876 Otii-

1820 3904 2047 3952 nemque
2078 3888 2468 3942 curiositatem.
2495 3888 2748 3959 Jejunas?
2773 3891 2920 3959 Fuge
2950 3888 3427 3962 avaritiam..rapi-

1820 3977 1963 4018 nam,
1999 3964 2401 4013 contentiOnem
2426 3970 2481 4013 et
2517 3962 2711 4013 anima:
2742 3963 3099 4029 perniciosam
3135 3965 3419 4019 invidiam.

1817 4031 2074 4097 Jejnnas?
2110 4031 2256 4101 Fuge
2302 4031 2458 4095 iram,
2518 4031 2949 4091 fornicationem.
3000 4036 3425 4102 :emulationem,

1822 4103 2139 4167 pcrjnrium.
2164 4114 2217 4155 et
2240 4117 2455 4156 omnem
2484 4102 2843 4171 iniquitatem.
2868 4104 3124 4173 Jejunas?
3152 4107 3297 4173 Fuge
3314 4124 3427 4161 cra.

1820 4174 1997 4241 pulam
2027 4174 2205 4226 omnis
2235 4174 2489 4246 nequitia:
2515 4184 2764 4246 matrem,
2794 4192 2911 4243 qua:
2939 4178 3008 4231 ab
3035 4178 3152 4246 ipso
3185 4179 3292 4232 Deo
3328 4194 3426 4233 nos

1820 4253 2036 4320 separat
2053 4260 2074 4320 ;_
2095 4245 2371 4320 crapulam
2401 4260 2520 4320 qua:
2544 4244 2765 4320 deducit
2786 4262 2882 4300 nos
2902 4244 3069 4317 usque
3091 4250 3143 4303 in
3170 4250 3425 4320 abyssum

1818 4316 2100 4390 perniciei.
2131 4317 2186 4370 Si
2218 4326 2439 4385 prepter
2472 4317 2636 4390 Deum
2662 4317 2898 4386 jejunas,
2931 4316 3053 4390 fuge
3093 4316 3256 4375 omne
3286 4338 3425 4389 opus

1822 4386 1932 4461 Deo
1961 4402 2207 4461 exosum.
2239 4396 2294 4461 et
2326 4398 2468 4461 tuam
2495 4386 2584 4441 ille
2620 4386 3295 4461 paenitentiam'acceptam
3326 4386 3425 4446 iia-

1818 4457 2306 4532 lict._P(Bnitentiai
2331 4458 2471 4532 enim
2518 4468 2599 4511 est
2646 4476 2886 4529 pneseus
2926 4457 3164 4532 tempus,
3192 4479 3298 4517 non
3331 4479 3423 4518 re-

1818 4530 1961 4603 quiei
1987 4546 1998 4580 :
2027 4530 2569 4603 ptenitentialapsam
2600 4532 2833 4584 animam
2861 4530 3420 4603 erigit,'abalienatam

1820 4598 1931 4653 Deo
1960 4616 2186 4654 anncani
2236 4600 2430 4666 reddit,
2488 4602 2709 4655 fractam
2768 4598 2987 4667 excilai,
3031 4607 3421 4661 claudicantetn

1818 4671 2099 4734 reformat,
2128 4673 2415 4724 contritam
2448 4682 2621 4736 snnat,
2660 4674 2994 4727 vulneratam
3038 4677 3104 4729 ad
3154 4676 3420 4730 valetudi-

1821 4758 1942 4795 nem
1968 4744 2221 4797 restituit.
2251 4743 2549 4797 (Jurramus
2577 4744 2756 4813 itaque
2786 4746 2849 4797 ad
2883 4746 3277 4812 paenitentiam,
3309 4747 3422 4801 fra-

1822 4822 1951 4885 tres,
1984 4828 2281 4867 currainns.
2317 4813 2449 4868 Nam
2482 4824 2689 4883 tempus
2719 4827 2797 4868 est
2829 4819 3147 4885 paenitendi,
3192 4836 3296 4872 non
3325 4820 3422 4874 de-

1823 4883 2033 4959 lie_i_a_ndi
2062 4894 2114 4959 et
2145 4885 2449 4959 relabendi;
2487 4897 2697 4959 tempus
2738 4883 2900 4941 flendi
2950 4899 3003 4942 et
3044 4891 3279 4959 lugendi,
3316 4908 3421 4942 nun

1819 4956 2101 5009 vellicandi
2146 4966 2198 5010 et
2244 4956 2622 5024 superbiendi;
2656 4968 2867 5026 tempus
2917 4956 3297 5027 Confessionis,
3338 4964 3413 5015 lu-

1819 5035 1957 5101 ctus,
1980 5027 2297 5101 gemituuni,
2332 5045 2437 5081 non
2483 5030 2706 5083 incuria:
2738 5044 2785 5083 et
2842 5033 3198 5101 negligentia).
3238 5034 3421 5088 Paeni-

1821 5098 1983 5174 tentia
2013 5099 2154 5174 enim
2186 5109 2269 5153 est
2299 5101 2445 5167 regni
2478 5100 2733 5174 czelorutn
2763 5098 3122 5169 eoueiliairix,
3150 5106 3423 5174 ingressus

1820 5168 1872 5220 in
1905 5169 2233 5244 paradisum,
2266 5179 2588 5244 aeternarnm
2614 5171 2927 5227 deliciarum
2962 5168 3167 5230 fructos
3188 5168 3421 5244 ε’ρωιιὶ-

1822 5239 1984 5291 tentia
2020 5251 2359 5308 peccaturum
2394 5242 2664 5301 remissio.
2693 5247 3025 5299 macularum
3056 5239 3380 5301 cmundatio
3409 5267 3420 5301 :

1823 5310 2142 5386 poenitentia
2163 5312 2351 5365 salutis
2382 5328 2570 5386 mater.
2598 5314 2798 5368 diaboli
2837 5318 3219 5386 supplantatio,
3251 5318 3423 5372 vitio—-

1822 5398 1937 5435 rum
1968 5382 2274 5454 excidium:
2312 5384 2623 5453 pCBnilenlia
2660 5386 2867 5440 vincula
2908 5382 3262 5454 peccatorum
3304 5390 3419 5441 dis-

1821 5454 1998 5516 solvit,
2022 5453 2335 5523 de~peratas
2362 5456 2567 5509 animas
2588 5470 2786 5520 servat,
2812 5460 3191 5514 olilcncbratos
3215 5460 3418 5514 illumi-

1824 5537 1934 5585 nat,
1984 5526 2166 5593 procul
2213 5525 2474 5597 abilnctos
2520 5527 2583 5581 ad
2620 5530 2783 5582 Deum
2830 5532 3119 5597 c0nvertil,
3178 5541 3419 5585 errantes

1821 5608 2071 5670 revocat:
2102 5596 2415 5670 pusiiiientia
2458 5599 2695 5652 oumium
2751 5596 3155 5670 ilesperatorum
3198 5601 3423 5670 refrige—

1823 5666 1958 5720 rium
2011 5678 2062 5719 et
2114 5669 2458 5722 consolatio:
2496 5670 2806 5735 pmuitentia
2850 5666 3039 5727 'oninis
3092 5666 3423 5727 inﬁrmitatis

1821 5738 2095 5812 aniuimet
2119 5740 2365 5812 corporis
2396 5740 2659 5793 medicina
2699 5753 2752 5794 et
2776 5744 3007 5797 salutare
3039 5745 3413 5812 pliarniacum.

1819 5806 2028 5883 Scdad
2058 5811 2403 5883 propositum
2436 5826 2787 5864 t'e\'t:t'ttttttttt‘.
2830 5806 3083 5880 Jejtttias?
3120 5818 3415 5883 Panpcretu

1822 5896 1889 5959 tie
1920 5878 2207 5959 despicias.
2243 5881 2494 5959 Jejunaf.’
2524 5882 2754 5959 Respice
2793 5878 2965 5959 vidua:
3006 5878 3292 5959 lacrymas.
3323 5886 3414 5941 Je-

1816 5952 2011 6018 junas?
2041 5950 2247 6004 Nudum
2282 5963 2417 6023 lege.
2452 5953 2711 6021 Jejunas‘.’
2742 5956 2971 6028 llcspico
3008 5950 3282 6031 orphanos
3323 5972 3415 6022 140-
