4056 6416
586 332 691 386 7⁴2¹5

589 447 777 516 oecipit
822 446 1278 516 maledictum,et
1330 442 1544 497 additur
1563 440 1851 516 .iniquitas
1888 439 2152 516 iniquitati

589 511 723 584 ejus,
755 528 813 571 ut
850 533 952 570 non
996 518 1155 570 intret
1196 515 1247 568 in
1276 515 1533 584 justitiam
1562 513 1654 566 Dei
1681 511 1693 563 ὲ
1726 512 1855 584 nihil
1886 511 2157 584 enimipsi

592 581 787 657 profuit
814 588 1092 655 baptisma.
1116 581 1355 640 Accessit
1374 585 1438 638 ad
1461 584 1728 651 apostolos
1755 581 1944 657 dicens
1968 599 1980 634 :
2014 582 2157 633 Acci-

590 652 693 726 pne
711 652 907 720 aurum,
936 667 980 709 et
1010 658 1126 709 date
1151 657 1272 708 mihi
1300 656 1430 726 Itane
1458 662 1764 723 potestatem,
1782 661 1837 704 ut
1864 652 2159 726 cuicutttque

592 722 769 780 humus
799 731 1103 795 imposuere,
1135 728 1349 791 accipiat
1378 722 1625 795 Spiritum
1654 736 1879 795 sanctum
1911 724 1927 788 (
1956 722 2066 773 Act.
2103 722 2156 775 8.

590 815 636 850 υ.
672 797 733 851 19
760 803 792 861 ).
823 793 1008 852 Petrus
1038 809 1215 850 autem
1244 796 1372 848 dixit
1400 796 1445 847 ei
1474 814 1486 847 :
1517 793 1632 846 Non
1653 804 1723 845 est
1751 793 1835 845 tibi
1865 807 1984 860 pars
2005 806 2161 859 neque

592 886 696 920 sors
729 870 821 919 Imc
851 869 901 919 in
947 885 1017 926 re,
1061 870 1179 931 quia
1205 867 1388 919 donum
1428 863 1523 917 Dei
1549 864 1747 917 voluisti
1780 863 2147 933 pecuniamtu-

596 955 779 1005 parure
805 936 963 1007 (Ibid.
1000 955 1045 989 υ.
1078 938 1166 990 il.
1194 937 1307 1001 20).
1343 936 1437 989 llic
1468 952 1571 987 non
1602 931 1836 986 ohodivit
1860 931 2155 1007 prephetis,

592 1004 695 1063 tum
744 1004 947 1061 uovmit
1003 1008 1367 1061 rationabilem
1401 1021 1585 1064 agrum
1632 1019 1827 1058 suum:
1859 1004 1940 1056 hic
1989 1017 2158 1069 neque

592 1080 788 1147 aCt‘t'pll
814 1077 1065 1141 Spiritum
1092 1087 1356 1139 szutcuun,
1384 1077 1523 1144 quia
1549 1076 1821 1144 prophetis
1844 1074 2157 1147 przedicatus

592 1144 778 1202 fueras.
808 1148 1015 1203 Tino-te
1046 1148 1145 1201 tale
1174 1148 1493 1215 exemplum,
1527 1157 1581 1199 et
1608 1155 1796 1199 novate
1823 1144 1970 1198 vobis
1988 1158 2158 1215 rno_va«

591 1220 681 1277 lia.
716 1234 888 1287 uerte
929 1218 1205 1273 seminetis
1248 1217 1298 1270 in
1328 1212 1516 1285 spinis.
1545 1216 1600 1271 Si
1628 1216 1810 1283 spinas
1852 1212 2152 1287 exsciiidas,

588 1283 825 1359 excipies
851 1304 1051 1351 semen,
1081 1287 1309 1359 fructum
1341 1283 1498 1359 feres,
1526 1295 1579 1340 et
1606 1288 1713 1359 eris
1747 1298 1966 1359 consors
1988 1283 2161 1359 Spiri-

590 1371 675 1413 tus
704 1354 889 1415 sancti.
921 1360 1007 1413 Sic
1027 1358 1301 1427 pr0phette
1323 1358 1575 1427 obediens
1596 1354 1904 1427 Cornelios,
1922 1356 2155 1427 seipsntn

594 1432 823 1491 novavit.
847 1423 1042 1484 excidii
1066 1423 1270 1499 spinas,
1298 1438 1352 1483 et
1374 1429 1480 1481 Deo
1498 1426 1719 1499 fructum
1746 1426 1859 1499 l_ttlit
1886 1424 2017 1499 (Aet.
2043 1423 2159 1499 10).

600 1500 750 1553 Visus
787 1508 869 1553 est
896 1500 1039 1553 enim
1082 1494 1181 1567 ipsi
1225 1498 1443 1568 angelus
1480 1497 1662 1568 dicens
1696 1514 1708 1550 :
1738 1494 1972 1568 Corneli,
2020 1496 2160 1568 elec-

590 1586 827 1641 tnosynte
849 1580 950 1623 tua:
978 1564 1328 1623 ascenderunt
1356 1579 1477 1641 ante
1507 1567 1807 1641 Dominum.
1840 1567 1935 1619 llic
1963 1564 2158 1641 probus

594 1635 825 1709 agricola
848 1643 1027 1709 spinas
1049 1640 1260 1704 evulsit,
1283 1640 1495 1692 novavit
1525 1637 1895 1709 se_hominem,
1920 1635 2160 1690 ascendit

590 1707 790 1764 fructus
816 1707 930 1775 ejus
959 1710 1009 1763 in
1040 1719 1382 1775 conspectum
1415 1710 1527 1763 Dei.
1558 1707 1744 1761 Viden‘
1786 1707 2009 1761 fructum
2041 1721 2155 1775 pte-

594 1781 867 1835 nitentiie?
895 1782 936 1835 Ε
968 1791 1109 1835 terra
1139 1782 1189 1834 in
1218 1782 1407 1835 cadum
1445 1779 1707 1843 ascendit,
1750 1788 1802 1832 et
1840 1789 1962 1832 ante
1993 1777 2157 1830 Deum

591 1867 711 1906 cum
737 1852 925 1905 ﬁducia
956 1854 1120 1904 stetit.
1152 1850 1608 1917 Quemadmodum
1653 1851 1793 1903 enim
1825 1848 1963 1901 bona
1995 1862 2158 1914 Opera

590 1938 711 1976 cum
741 1922 927 1976 tiducia
958 1922 1277 1990 supplicant,
1324 1922 1400 1975 sic
1438 1936 1557 1990 quae
1584 1934 1739 1975 secus
1767 1928 1889 1973 sunt
1923 1918 2160 1972 studiose

590 2002 857 2045 accusant.
895 1992 1100 2045 Audisti
1147 1993 1281 2046 bona
1328 2006 1489 2059 opera
1534 2006 1630 2060 pro
1658 1990 1907 2045 Cornelio
1936 2004 2161 2058 precan-

592 2064 660 2115 tia
692 2064 849 2117 :atuli
880 2063 1078 2115 caedem
1123 2078 1151 2113 a
1199 2064 1363 2116 (Zaino
1403 2063 1587 2115 iactam
1635 2062 1867 2113 studiose
1904 2073 2161 2112 accusan-

592 2143 697 2187 tem
731 2154 744 2185 z
773 2134 851 2188 sic
877 2134 1015 2185 enim
1042 2133 1170 2187 dicit
1200 2132 1338 2187 Deus
1370 2130 1535 2186 Caino
1561 2150 1573 2185 :
1616 2130 1727 2184 γυευ
1768 2131 2028 2201 sanguinis
2054 2132 2162 2199 [νας

589 2205 681 2257 tris
725 2205 797 2255 tui
837 2202 1023 2255 clamat
1065 2204 1134 2255 ad
1176 2219 1273 2257 me.
1306 2202 1444 2257 Audi
1486 2210 1541 2257 et
1573 2201 1827 2256 ultionem
1865 2200 2157 2265 deﬁnitam,

2059 285 2323 379 SPUntA.

3742 327 3857 383 721

2262 440 2473 513 Gentem
2500 450 2549 494 et
2571 450 2784 495 tremens
2810 443 2907 513 eris
2937 457 3087 509 super
3112 452 3297 496 terram
3330 440 3479 513 (Gen.
3510 444 3566 499 4.
3592 443 3676 497 10.
3708 444 3807 512 12)
3838 463 3853 495 :

2266 511 2387 567 audi
2419 513 2579 584 etiam
2613 512 2914 584 mercedem
2937 512 3287 583 eleetnosytue
3322 511 3379 567 et
3408 515 3685 584 orationis,
3713 514 3854 584 quid

2269 585 2339 635 ait
2364 582 2583 650 angelus
2608 601 2621 635 :
2644 580 2789 635 Mitte
2808 583 2859 634 in
2883 581 3105 653 Joppen,
3132 580 3184 637 ei
3198 599 3397 638 accerse
3418 582 3641 647 Petrum.
3663 596 3708 637 et
3730 580 3859 653 ipse

2270 664 2315 707 te
2341 653 2532 707 docebit
2560 653 2680 723 quid
2711 662 2757 704 le
2779 662 3008 719 oporteat
3031 656 3193 723 [acere
3217 655 3348 724 (Act.
3378 656 3463 710 10.
3492 657 3545 709 5.
3575 655 3651 724 6).
3688 655 3857 709 Venit

2271 724 2477 785 Petrus,
2511 713 2708 777 et'cutn
2738 713 2877 796 loqui
2909 713 3189 796 inciperet.
3226 713 3407 796 incidit
3436 726 3486 779 in
3515 713 3635 780 eum
3668 726 3855 796 Spiri-

2270 804 2353 867 tus
2399 804 2634 867 sauctus,
2670 803 2725 846 ut
2751 794 2800 846 iu
2833 795 3123 862 apostolos.
3154 794 3342 867 Vidcu‘
3370 798 3672 850 mercedem
3702 794 3853 867 jeju-

2270 865 2362 927 nii,
2392 866 2646 935 orationis
2688 874 2739 917 et
2768 872 3142 935 electuosyuau
3175 866 3431 925 Spiritum
3474 878 3716 921 sanetum
3745 865 3855 919 da-

2270 944 2377 987 tum
2392 935 2423 1008 ?r
2442 934 2551 1008 lloe
2578 936 2986 1008 tempusjcjuuii
3009 934 3067 1008 et
3089 935 3481 1008 elecmosynze:
3507 939 3605 991 hoc
3631 948 3854 1004 tempus

2267 1006 2566 1087 prd-videns
2611 1008 2767 1069 Etias,
2790 1006 3051 1085 jejunavit
3092 1006 3657 1087 quailraginta‘dieluts
3682 1026 3695 1061 :
3721 1008 3856 1087 ideo

2268 1076 2319 1128 in
2350 1076 2503 1146 igneo
2530 1092 2686 1130 curru
2717 1078 3025 1140 assumitur,
3052 1086 3104 1130 et
3136 1076 3315 1145 usque
3351 1078 3417 1132 ad
3449 1076 3583 1133 hanc
3609 1080 3746 1131 diem
3786 1078 3851 1130 in

2266 1161 2493 1220 corpore
2533 1156 2635 1203 est.
2674 1146 2795 1220 giloc
2844 1156 3051 1220 tempus
3093 1149 3431 1220 prophetavit
3464 1149 3671 1220 Moyses
3700 1163 3853 1220 _cun_t

2261 1217 2527 1289 jejunavit
2548 1217 2901 1289 quadraginta
2920 1218 3108 1289 diebus
3138 1217 3301 1289 {ideo
3330 1219 3502 1289 legem
3532 1217 3738 1287 accepit
3767 1218 3845 1271 ad

2267 1288 2691 1357 emendationem
2715 1287 3114 1353 contribulium.
3146 1287 3256 1343 Hoc
3298 1287 3505 1357 tempus
3532 1303 3630 1342 nos
3659 1289 3858 1342 docuit

2265 1356 2530 1429 Christus,
2580 1361 2666 1428 qui
2689 1358 2949 1427 jejunavit
2987 1358 3334 1429 quadraginta
3381 1356 3603 1423 diebus;
3652 1367 3713 1413 ut
3742 1374 3857 1411 nos

2266 1428 2483 1483 doceret
2507 1429 2642 1482 banc
2670 1430 2915 1484 alacriter
2940 1428 3365 1497 amplectendam
3401 1444 3520 1484 esse
3550 1431 3852 1489 rationem,

2268 1514 2368 1568 qua
2395 1510 2619 1553 novatur
2646 1500 2972 1554 rationabilis
3001 1515 3148 1568 ager,
3176 1516 3277 1568 qua
3308 1500 3607 1555 evelluntur
3647 1500 3852 1567 spinae,

2266 1586 2366 1638 qua
2396 1571 2806 1638 exstinguuntur
2845 1572 3310 1638 concupiscentia,
3340 1587 3440 1639 qua
3474 1572 3858 1624 dissolvuntur

2266 1656 2425 1707 Opera
2454 1642 2669 1701 diaboli,
2699 1656 2800 1711 qua
2827 1642 3221 1695 sanctiﬁcantur
3248 1657 3400 1709 aqum
3426 1640 3695 1703 Jordauis,
3737 1656 3857 1709 qua

2268 1721 2613 1782 regeneratur
2639 1712 2819 1779 homo,
2864 1728 2965 1780 qua
3005 1712 3283 1767 descendit
3323 1712 3553 1780 Spiritus
3600 1722 3854 1783 sanctus,

2266 1797 2371 1852 qua
2402 1783 2507 1836 vita
2526 1792 2586 1836 et
2616 1784 2937 1837 resurrectio
2966 1784 3141 1837 datur.
3181 1783 3327 1836 Hanc
3354 1784 3625 1851 propheta:
3654 1785 3853 1834 vatici-

2268 1851 2375 1907 nati
2403 1863 2546 1915 sunt,
2576 1853 2708 1907 hanc
2729 1851 2972 1908 Christus
2994 1854 3194 1918 docuit,
3216 1854 3350 1908 hanc
3376 1854 3675 1924 diligamus,
3708 1853 3859 1907 hanc

2267 1926 2591 1992 accipiamus
2620 1942 2634 1977 :
2663 1924 2919 1978 addamus
2964 1925 3358 1995 cleemosynatn
3411 1936 3465 1977 et
3518 1926 3854 1995 orationem,

2268 2002 2325 2047 ut
2349 2009 2737 2061 consequamur
2762 1995 3013 2061 Spiritum
3045 1994 3309 2056 sanetum,
3351 1996 3489 2049 sicut
3513 1994 3806 2048 Cornelius
3836 2010 3855 2057 ;

2267 2073 2324 2136 et
2342 2066 2698 2134 gloriticetnus
2719 2066 2931 2121 Patrem
2949 2074 3002 2120 et
3020 2064 3208 2121 Filium
3225 2076 3280 2121 et
3298 2066 3551 2136 Spiritum
3574 2076 3855 2121 sanctum.

2268 2134 2370 2204 Ipsi
2399 2137 2565 2207 gloria
2597 2137 2648 2190 in
2676 2137 2888 2191 szecula.
2917 2139 3109 2191 Amen.

628 2340 3844 2397 Μ

1695 2468 2744 2593 Δυιιιοιιῐιτιθ

1458 2664 1538 2724 ΙΝ
1578 2662 1784 2725 DUAS
1824 2661 1930 2723 DE
1974 2655 2406 2721 PATIENTIA
2450 2657 2928 2721 ORATIONES.

662 2810 914 2879 Ejusdem
960 2807 1154 2879 farinae
1194 2814 1319 2879 sunt
1360 2805 1448 2879 Aha}
1492 2803 1625 2879 dna;
1657 2805 1950 2879 orationes1
2002 2811 2160 2879 atque

592 2872 957 2951 pmcedentes
986 2880 1052 2932 de
1081 2877 1329 2951 Jejunio:
1360 2875 1627 2951 infacundi
1672 2876 1875 2951 scilicet
1912 2872 2157 2951 Graeculi,

592 2944 678 3021 qui
710 2952 1066 3019 eloquentiam
1102 2944 1341 3021 alfemat,
1386 2957 1440 3001 et
1470 2947 1721 3016 epithetis
1762 2944 2055 3021 innumeris
2098 2956 2161 3021 ac

613 3012 901 3090 'lcrntnque
952 3020 1144 3087 ineptis
1171 3020 1347 3071 omnia
1377 3012 1700 3087 conspergit.
1747 3018 1822 3069 Ac
1868 3015 1911 3068 si
1952 3012 2166 3084 quando

592 3039 731 3148 bona
773 3090 1016 3148 uuaedam
1066 3090 1287 3148 profert.
1326 3104 1392 3142 ex
1438 3088 1690 3142 narrandi
1722 3087 1880 3140 modo
1926 3084 2015 3139 illa
2044 3099 2166 3148 pes-

583 3084 731 3159 .bona
773 3084 1016 3162 quaedam
1042 3084 1287 3160 'profcrt,
1326 3104 1392 3142 ex
1438 3084 1690 3142 narrandi
1722 3087 1880 3140 modo
1926 3084 2015 3139 illa
2043 3099 2167 3153 pes-

2266 2801 2497 2874 sumdat.
2541 2800 2732 2857 Verbis
2768 2804 2933 2859 utitur
2977 2805 3224 2869 insuetis,
3270 2816 3433 2872 atque
3478 2821 3546 2860 ex
3592 2806 3861 2874 laquendi

2267 2872 2428 2947 modo
2458 2872 2707 2947 inusitato
2733 2889 2896 2947 saepe
2918 2876 3196 2943 interpreti
3242 2874 3431 2930 Latino
3462 2872 3732 2947 negotium
3770 2878 3861 2931 fa—

2268 2945 2445 2996 cessit.
2477 2944 2587 2997 Hoc
2612 2946 2815 3013 experti
2847 2945 3077 2999 dicimus
3108 2963 3120 2999 :
3153 2948 3351 3001 etenim
3396 2964 3500 3002 non
3535 2944 3660 3004 sine
3688 2950 3849 3005 difti-

2270 3015 2468 3068 cultate
2496 3015 2737 3084 quaedam
2766 3015 2955 3071 Latine
2983 3018 3367 3073 convertimus.

597 3214 3856 3237 Μ

1163 3318 1247 3360 DE
1291 3315 1652 3369 PATIENTIA,
1701 3315 1781 3359 ΕΤ
1823 3313 1994 3367 QUOD
2037 3313 2161 3356 Μοιι

2269 3311 2283 3354 l
2325 3309 2452 3353 NON
2496 3309 2715 3352 ΔΜΔΒΕ
2759 3310 3036 3354 LUGENDI
3081 3310 3247 3355 SINT.

2032 3443 2398 3515 0W0

665 3577 797 3645 Age,
821 3573 979 3630 hodie
1024 3572 1326 3643 diligentius
1366 3586 1523 3642 quam
1561 3570 1844 3645 praeteritis
1877 3568 2067 3645 diebus
2094 3568 2162 3624 ad

591 3640 849 3701 doctrinm
896 3640 1198 3700 sermonem
1244 3640 1560 3696 accedamus
1606 3661 1638 3695 τ⁴
1670 3641 1805 3711 solet
1835 3640 1976 3694 enim
2021 3655 2164 3711 sarpe

594 3733 770 3772 sermo
798 3717 991 3770 Iahnris
1020 3715 1267 3768 solatium
1292 3712 1483 3766 afferre
1530 3729 1544 3765 :
1574 3719 1745 3780 potest
1773 3709 2015 3765 doctrina
2045 3709 2162 3765 mo-

594 3789 775 3843 dcrata
824 3801 1107 3842 maerorem
1153 3785 1378 3838 solvere.
1412 3782 1620 3838 Etenim
1668 3781 1821 3836 video
1851 3783 2045 3835 multos
2072 3796 2167 3835 eo-

595 3874 735 3920 rum,
766 3859 853 3927 qui
883 3858 995 3910 heri
1029 3856 1299 3927 vobiscum
1336 3862 1509 3927 erant,
1546 3852 1707 3906 hodie
1754 3867 1857 3906 nou
1890 3852 2162 3927 vobiscum

597 3923 824 3992 adesse;
853 3929 943 3982 sed
978 3926 1057 3979 vel
1097 3926 1162 3977 ad
1215 3925 1492 3977 Dominum
1536 3931 1786 3977 evocatos
1812 3938 1950 3985 esse,
2001 3923 2079 3976 vel
2111 3924 2163 3975 in

598 4000 748 4052 lectis
773 3999 1110 4057 decumbere,
1143 3993 1345 4061 hosque
1370 4008 1555 4047 omnes
1581 4003 1805 4048 mortem
1833 4004 2160 4062 exspectare.

597 4070 722 4122 Ideo
753 4084 844 4121 vos
872 4069 922 4121 in
970 4070 1110 4121 luctu
1154 4066 1324 4128 video,
1366 4066 1583 4117 multum
1614 4064 1664 4116 in
1698 4065 1827 4118 urbe
1859 4064 2161 4129 tumultum,

638 4139 875 4192 lurimzuu
921 4140 971 4191 in
1020 4136 1251 4191 Ecclesia
1283 4134 1756 4199 perturbationem,
1788 4134 2165 4188 immoderatus

639 4155 875 4192 turtmzun
921 4156 971 4191 ιη
1020 4155 1251 4191 [ιιρειεειίι
1284 4155 1756 4199 perturbationem,
1788 4155 2165 4188 llllllltltlerauls

596 4155 886 4279 rttgeutiom
932 4210 1225 4279 lacrymas,
1252 4206 1526 4279 _absurdos
1571 4205 1857 4279 multorum
1893 4210 2071 4260 mores
2112 4215 2167 4259 et

599 4275 765 4334 acius.
796 4276 953 4333 Certe
990 4275 1083 4332 vos
1112 4280 1209 4330 hac
1233 4275 1301 4329 de
1331 4292 1389 4330 re
1433 4290 1576 4344 saepe
1612 4275 1915 4329 consplatus
1953 4290 2071 4328 sum
2112 4284 2167 4329 et

595 4350 923 4414 Commonui,
956 4363 1145 4417 nempe
1166 4347 1233 4400 de
1260 4347 1509 4415 patientia
1536 4352 1590 4399 et
1616 4346 1902 4412 gratiarum
1932 4347 2161 4410 actione,

598 4421 650 4474 in
682 4419 899 4475 ferendo
931 4419 1160 4472 ﬁliorum
1192 4426 1247 4471 et
1289 4429 1631 4485 cognatorum
1659 4418 1831 4478 exitu;
1870 4426 2029 4485 atque
2059 4432 2165 4471 non

597 4491 668 4545 ita
713 4490 991 4545 inhoneste
1040 4490 1300 4559 agendum
1348 4502 1467 4542 esse
1497 4486 1627 4551 dixi,
1672 4501 1840 4559 neque
1875 4487 2166 4559 putandum

598 4578 717 4616 esse
742 4578 856 4623 eos,
885 4561 972 4625 qtti
1004 4557 1261 4614 ad‘Denm
1293 4560 1605 4625 migrarunt,
1644 4557 1865 4625 periisse
1891 4574 1903 4610 :
1934 4558 2167 4613 maxime

600 4648 727 4685 vero
757 4632 800 4685 si
833 4628 1060 4685 infantes
1097 4630 1385 4697 incorrupti
1429 4630 1587 4680 vitam
1620 4628 1949 4695 reliquerint.
1973 4628 2168 4694 Quam-

596 4703 783 4756 obrem
812 4717 914 4753 non
948 4702 1084 4767 illos,
1104 4702 1195 4755 sed
1220 4701 1394 4769 potius
1423 4713 1538 4759 nos,
1558 4699 1644 4766 qui
1676 4697 1725 4751 in
1747 4701 1976 4767 peceatis
2005 4701 2161 4754 vitam

598 4773 860 4835 ducimus,
900 4773 1193 4839 lugeamus.
1242 4770 1297 4824 Si
1334 4769 1474 4823 enim
1521 4769 1675 4821 hodie
1719 4785 1820 4822 non
1862 4770 2160 4837 vigilemus,

596 4842 933 4910 quaudonam
957 4843 1167 4896 demum
1198 4850 1569 4895 eonvertemur
1590 4840 1611 4892 ἲ
1636 4839 1688 4893 Si
1720 4854 1862 4894 mors
1888 4840 2063 4894 fratris
2089 4844 2163 4895 tui

599 4923 651 4967 te
680 4927 868 4980 sapere
894 4928 997 4965 non
1042 4913 1248 4977 suadet,
1279 4911 1397 4980 quis
1441 4920 1487 4962 te
1525 4912 1837 4964 convertet?
1878 4912 1974 4963 nisi
2019 4926 2164 4965 mor-

598 4993 746 5038 tuum
790 4984 1051 5052 jacentent
1102 4982 1284 5035 videns
1324 4982 1481 5032 vitam
1524 4982 1909 5043 emendaveris,
1954 4982 2165 5050 quando

599 5051 811 5107 tandem
866 5054 1027 5106 Deum
1056 5052 1345 5107 eXttl‘illllS?
1376 5052 1510 5105 Ecce
1549 5051 1804 5112 videmus,
1849 5067 1976 5105 ecce
2005 5068 2165 5121 expe-

601 5125 789 5177 rientia
830 5123 1104 5176 discimus.
1155 5124 1275 5176 Ideo
1315 5123 1467 5175 nobis
1515 5137 1824 5188 pareamus,
1866 5138 2066 5190 quarso,
2101 5140 2165 5177 ne

601 5194 790 5247 frustra
814 5204 867 5247 et
893 5195 1152 5246 incassum
1192 5193 1481 5257 turbentur,
1516 5208 1682 5258 neque
1710 5208 1807 5246 nos
1839 5193 2165 5248 immortales

602 5280 721 5319 esse
767 5265 1132 5333 imaginentur.
1165 5264 1276 5319 Una
1308 5274 1391 5317 est
1419 5265 1561 5317 enim
1595 5267 1780 5316 mortis
1826 5264 1931 5324 via,
1973 5273 2025 5316 et
2060 5280 2166 5319 non

601 5336 699 5387 alia
726 5352 740 5387 :
772 5349 1055 5389 Commune
1088 5334 1327 5400 poculum
1354 5345 1454 5396 est,
1483 5344 1535 5387 et
1572 5334 1817 5387 omnibus
1842 5334 1991 5386 datur
2021 5352 2033 5388 :
2063 5351 2165 5389 una

607 5406 753 5469 hora,
785 5416 837 5457 et
868 5407 1001 5458 mala
1036 5406 1162 5457 hOra
1196 5423 1209 5457 :
1245 5421 1375 5475 pons
1418 5420 1555 5458 unus
1584 5405 1670 5473 qui
1701 5413 1897 5475 exitum
1928 5419 2029 5457 non
2065 5405 2163 5459 ha-

603 5475 692 5529 bet
721 5476 993 5539 :ontnium
1039 5475 1315 5536 debitum,
1366 5492 1485 5527 una:
1523 5474 1785 5543 pritnitim,
1834 5483 1889 5528 et
1927 5477 2164 5530 omnium

606 5544 743 5599 linis.
776 5546 862 5598 Dei
892 5546 1098 5613 gladius
1121 5557 1221 5609 est,
1244 5546 1331 5615 qui
1362 5560 1641 5613 personam
1676 5560 1777 5597 non
1808 5545 2015 5614 accipit.
2047 5546 2163 5601 Non

602 5618 745 5669 enim
778 5631 954 5686 regem
994 5631 1136 5670 ntors
1168 5618 1368 5679 horret,
1400 5631 1501 5670 non
1529 5616 1861 5686 sacerdotem
1898 5630 2162 5671 summum

605 5684 858 5751 honorat,
896 5701 999 5740 non
1042 5688 1246 5742 senium
1299 5688 1598 5751 miseratur,
1648 5700 1750 5740 non
1779 5684 2023 5750 formam,
2055 5702 2163 5742 non

598 5755 859 5824 iuventuti
900 5757 1087 5827 parcit,
1132 5772 1237 5814 non
1279 5756 1537 5829 unigeniti
1582 5757 1882 5825 miseretur,
1934 5773 2037 5814 non
2084 5758 2162 5814 1η-

2270 3568 2468 3652 crymis
2497 3567 2748 3652 ﬂectitur,
2776 3566 3207 3652 nonuprinci‘pem
3234 3568 3440 3652 tremit,
3460 3582 3569 3624 non
3599 3579 3861 3652 tyrannos

2268 3638 2536 3721 formidat,
2569 3654 2676 3693 non
2705 3638 2942 3720 pecuniis
2969 3638 3186 3722 vitatur,
3212 3654 3317 3692 non
3341 3639 3527 3694 faciem
3556 3638 3857 3722 cuiuspiam

2267 3710 2478 3779 accipit,
2518 3726 2623 3763 non
2648 3709 2899 3777 occiput;
2931 3708 3024 3763 sed
3051 3722 3239 3764 omnes
3266 3724 3416 3778 aeque
3456 3726 3603 3765 mors
3626 3708 3854 3767 invadit.

2268 3780 2367 3848 Qui
2399 3780 2557 3834 hodie
2587 3780 2861 3833 nobiscum
2890 3790 3034 3839 sunt,
3080 3795 3197 3833 cras
3227 3780 3334 3834 illic
3360 3789 3485 3836 ante
3516 3796 3613 3836 nos
3647 3794 3812 3838 erunt
3840 3804 3853 3837 :

2269 3852 2357 3920 qui
2388 3851 2547 3905 hodie
2570 3851 2741 3904 amice
2781 3865 2879 3904 nos
2909 3850 3321 3919 amplectuntur,
3354 3867 3474 3907 cras
3503 3868 3532 3906 a
3563 3854 3716 3907 nobis
3748 3856 3857 3907 nti-

2270 3922 2573 3975 serabiliter
2602 3921 2891 3975 ederentur
2920 3938 2933 3973 :
2965 3923 3052 3990 qui
3088 3920 3245 3976 hodie
3290 3923 3340 3976 in
3371 3925 3497 3988 vita,
3536 3938 3657 3978 cras
3688 3924 3741 3977 in
3767 3941 3857 3979 sc-

2271 3993 2456 4061 pulcro
2502 4010 2514 4044 :
2548 3994 2634 4062 qui
2677 3991 2832 4045 hodie
2876 3993 3145 4059 conspicui
3187 4002 3331 4055 sunt,
3376 4008 3495 4047 cras
3522 4011 3551 4047 a
3580 3996 3858 4049 vermibus

2269 4063 2526 4117 rndentur
2570 4061 2589 4118 7:
2628 4064 2715 4132 qui
2761 4061 2920 4115 hodie
2952 4064 3235 4131 unguentis
3277 4074 3397 4116 sunt
3443 4064 3688 4130 delibuti,
3732 4080 3857 4118 cras

2271 4133 2519 4190 fmtentes
2548 4144 2747 4186 erunt:
2777 4134 2864 4202 qui
2910 4132 3066 4186 hodie
3114 4133 3198 4187 hic
3240 4133 3574 4194 deliciantur.
3618 4150 3739 4190 cras
3780 4137 3857 4191 ibi

2270 4204 2560 4273 lugebant:
2592 4213 2647 4258 et
2676 4218 2782 4255 uno
2808 4203 2991 4266 verbo,
3024 4204 3111 4271 qui
3152 4203 3309 4258 hodie
3341 4206 3601 4272 parasitos
3630 4206 3853 4265 habent.

2270 4272 2389 4329 cras
2419 4274 2525 4345 illic
2550 4273 2960 4329 damnabuntur.
2986 4272 3129 4339 Quos
3154 4284 3455 4342 quaerentes
3477 4290 3619 4345 saipe
3644 4288 3699 4330 et
3730 4278 3851 4330 illo-

2272 4360 2387 4398 rum
2418 4344 2617 4398 obitnm
2660 4345 3007 4415 ignorantes,
3030 4345 3118 4399 alii
3149 4346 3284 4399 alios
3313 4344 3710 4415 percontamur,
3749 4347 3854 4403 Ubi

2273 4425 2353 4484 est
2383 4415 2473 4470 ille
2502 4415 2782 4483 princeps?
2826 4426 2878 4469 et
2909 4414 3174 4477 audimus,
3210 4414 3707 4484 Praiteriitdetmtm
3733 4436 3748 4483 ;
3772 4428 3853 4484 et,

2272 4482 2371 4541 Ubi
2399 4493 2480 4540 est
2504 4485 2591 4539 ille
2619 4482 2891 4556 dynastes,
2918 4486 3325 4555 interrogamus,
3348 4502 3407 4540 ac
3428 4483 3682 4542 discimus
3708 4482 3854 4544 mor-

2273 4565 2416 4609 tuum
2455 4571 2597 4619 esse;
2634 4554 2708 4622 et,
2747 4554 2845 4611 Ubi
2874 4569 2955 4612 est
2991 4558 3082 4612 rex
3120 4554 3207 4611 ille
3244 4558 3540 4627 superbus?
3586 4559 3732 4622 Illuc,
3763 4561 3851 4613 in-

2271 4629 2474 4696 quiunt,
2511 4628 2776 4696 profectus
2802 4638 2917 4691 est;
2947 4636 3020 4693 et,
3052 4628 3148 4683 Ubi
3176 4629 3262 4681 ille
3287 4629 3535 4683 amicus?
3562 4630 3691 4685 llluc
3716 4646 3853 4685 eon-

2271 4700 2448 4751 cessit.
2476 4698 2623 4760 Illuc,
2654 4698 2793 4768 quo?
2818 4697 2916 4753 Ubi
2943 4698 3113 4753 Judex
3137 4700 3372 4767 judicent
3409 4717 3422 4754 :
3456 4702 3599 4765 illuc,
3624 4702 3713 4755 ubi
3738 4702 3848 4756 for-

2272 4768 2538 4823 midabilis
2580 4770 2664 4824 ille
2707 4768 3128 4823 formidabilibus
3169 4769 3357 4825 fortior
3388 4788 3400 4823 :
3433 4772 3579 4835 illuc,
3612 4773 3699 4826 ubi
3735 4773 3851 4828 Rex

2272 4840 2760 4913 :ctcrtms,et.lndcx
2786 4840 3142 4913 incorruptus.
3168 4842 3292 4897 Illuc
3308 4844 3330 4894 ?
3345 4841 3464 4902 Uhi.
3486 4853 3539 4896 et
3554 4847 3845 4913 quomodo,

2270 4926 2425 4981 quem
2443 4911 2491 4963 in
2517 4911 2711 4975 locum,
2733 4912 2813 4962 vel
2833 4927 2932 4976 qua
2951 4914 3175 4975 ratione,
3198 4914 3327 4978 iiqui
3343 4928 3438 4967 nos
3458 4911 3854 4981 praeeesserunt

2270 4996 2329 5034 se
2362 4980 2573 5042 habent,
2622 4995 2780 5033 nemo
2802 4982 2979 5035 dicere
2998 4986 3162 5051 possit
3188 5002 3199 5036 :
3227 4985 3351 5037 illud
3382 4980 3550 5038 solum
3578 4987 3847 5051 novimus,

2273 5051 2340 5102 ibi
2371 5067 2509 5113 esse,
2541 5053 2627 5105 ubi
2668 5054 2813 5105 solus
2850 5062 3077 5106 aeternus
3109 5064 3162 5107 et
3191 5057 3338 5108 solus
3379 5056 3696 5109 immortalis
3723 5065 3806 5110 est
3832 5074 3846 5121 ;

2273 5122 2358 5174 ubi
2396 5122 2541 5175 solus
2574 5123 2742 5176 bonus
2776 5132 2827 5176 et
2866 5126 3012 5179 Solus
3048 5126 3329 5194 benignus,
3354 5127 3524 5180 factor
3545 5129 3849 5183 animarum

2272 5202 2323 5245 et
2353 5207 2656 5261 corporum.
2690 5195 2741 5245 In
2774 5194 2896 5247 illud
2928 5210 3171 5264 magnum
3192 5209 3245 5250 et
3269 5196 3655 5251 formidandum
3682 5200 3850 5253 tribu-

2270 5264 2358 5316 nal
2391 5266 2657 5330 protecms
2684 5276 2787 5331 est,
2820 5265 2903 5318 ubi
2931 5281 3037 5319 non
3078 5278 3160 5321 cst
3186 5268 3345 5331 risus,
3378 5269 3469 5322 sed
3516 5268 3726 5333 luctus;
3758 5270 3847 5325 ubi

2274 5348 2377 5387 non
2407 5344 2485 5388 est
2510 5336 2913 5402 pulchritudinis
2935 5337 3187 5402 studium,
3216 5340 3307 5392 sed
3336 5339 3567 5393 tenebrae
3588 5358 3603 5403 ;
3627 5340 3715 5393 tibi
3740 5356 3849 5397 non

2272 5415 2361 5478 est
2381 5406 2708 5474 complexus,
2738 5409 2829 5461 sed
2860 5423 3081 5461 examen
3109 5425 3124 5473 ;
3159 5410 3243 5461 ubi
3277 5426 3379 5465 non
3409 5419 3491 5464 est
3519 5412 3847 5478 convicium,

2272 5476 2364 5529 sed
2396 5479 2704 5539 excusatio;
2736 5479 2820 5532 ubi
2850 5494 2951 5530 non
2975 5491 3098 5532 sunt
3124 5480 3346 5545 divitiae,
3377 5482 3469 5536 sed
3504 5481 3728 5546 horror;
3758 5476 3847 5537 ubi

2274 5558 2381 5597 non
2405 5559 2486 5602 est
2516 5550 2756 5623 acceptio
2785 5563 3154 5623 personarum,
3196 5553 3284 5623 sed
3313 5553 3515 5620 justum
3541 5553 3801 5623 judicium
3832 5571 3845 5606 :

2273 5624 2359 5695 unt
2386 5632 2575 5695 omnes
2604 5619 2729 5673 nudi
2759 5621 3053 5695 adstantus,
3083 5622 3221 5695 servi
3250 5634 3301 5676 et
3322 5619 3515 5684 liberi,
3544 5619 3765 5680 'nohiles
3794 5634 3850 5680 et

2272 5689 2483 5762 privati,
2517 5699 2823 5758 peccatores
2852 5699 2907 5745 et
2927 5690 3078 5762 justi,
3108 5692 3296 5747 divites
3326 5703 3380 5749 et
3416 5707 3716 5762 pauperes;
3754 5695 3847 5750 alii

2272 5757 2502 5830 confusi,
2523 5762 2615 5817 alii
2640 5762 2903 5818 coronati.
2930 5757 3033 5818 Ubi
3062 5773 3144 5820 est
3172 5763 3279 5820 illic
3308 5757 3493 5837 regum
3518 5757 3728 5822 fastus?
3753 5768 3841 5825 ubi
