4056 6426
573 541 673 598 'I‘l'l

577 655 779 717 videte;
824 646 1182 721 exhorrescite
1207 685 1222 710 ,
1252 645 1440 721 ethoc
1483 646 1664 721 ipsum
1702 641 1922 721 recipite
1941 657 1954 701 ;
1988 656 2141 709 rcges

579 724 874 783 intuemini,
901 729 955 774 et
998 735 1064 773 ne
1111 719 1247 771 ultra
1287 719 1450 770 altum
1480 717 1725 778 sapiatis;
1759 717 2023 782 principes
2063 730 2148 763 re-

578 797 787 862 spicite.
816 800 868 844 et
897 805 960 843 ne
988 804 1174 862 magna
1199 790 1458 862 sentiatis.
1497 785 1986 862 Videteﬁjacentein’,
2007 793 2055 833 et
2088 797 2153 834 ne.

581 855 712 918 ultra
745 872 794 916 te
821 877 996 928 regem
1025 855 1105 912 vel
1135 859 1424 925 principem
1456 867 1624 925 putes.
1650 855 1851 928 Qualis
1888 855 2026 904 enim
2059 867 2168 928 rex.

579 944 680 995 est,
713 935 800 1002 qui
846 922 910 984 ne
952 922 1435 1002 seipsumquidem
1457 922 1722 1002 redimit?
1749 924 1850 978 Sed
1895 937 2019 1002 ceco
2065 922 2150 975 ille

578 994 788 1074 quoque
817 994 1044 1054 calicem
1063 994 1269 1074 tremit}
1300 998 1599 1074 ecce_qnasi
1633 1011 1766 1074 unus
1787 1011 1816 1048 e
1843 994 1996 1074 vulgi.»
2023 1009 2150 1071 con-

579 1063 776 1138 certat;
800 1088 922 1126 ecce
946 1073 1162 1124 omnino
1186 1069 1498 1121 miserabilis
1519 1079 1632 1142 est;
1664 1068 1751 1142 qui
1781 1066 1936 1117 modo
1966 1063 2146 1142 formi-

581 1140 769 1198 dabilis
800 1154 932 1206 erat,
963 1151 1198 1194 mortuus
1228 1151 1344 1200 est;
1379 1154 1502 1191 erce
1533 1139 1812 1191 adducitur
1852 1145 1908 1187 nt
1934 1139 2143 1196 noxius,

579 1231 736 1283 quem
763 1215 872 1266 heri
900 1212 1190 1265 tremebant
1222 1209 1360 1262 noxii
1379 1224 1537 1283 :Aeeee
1559 1212 1792 1283 turbatus
1818 1217 1916 1268 e~t,
1937 1219 2060 1257 ecce
2078 1214 2147 1283 to-

584 1273 668 1338 t'us
687 1293 982 1337 commotus
1000 1291 1102 1341 est,
1121 1295 1244 1333 ecce
1261 1281 1431 1332 omnis
1453 1281 1706 1349 sapientia
1725 1289 1774 1332 et
1802 1285 2032 1344 potestas
2054 1273 2146 1324 ab-

581 1367 756 1422 sorpta
785 1365 884 1418 est,
908 1367 1033 1406 ecce
1056 1354 1377 1420 stupefactus
1400 1359 1500 1422 est.
1535 1351 1667 1403 Vidit
1693 1350 1833 1422 enim
1859 1355 2144 1422 potestates

578 1417 864 1488 angelicas,
886 1435 937 1475 et
965 1439 1073 1476 sua.-
1094 1417 1363 1496 potestatis
1386 1421 1701 1496 oblitusest;
1727 1419 1853 1472 vidit
1881 1417 2144 1496 exercitus

579 1497 884 1558 angelorum
915 1492 1361 1550 fur-midab:les,et
1385 1493 1668 1557 potentiam
1693 1505 1838 1543 suam
1857 1492 2004 1557 qu:isi
2026 1499 2144 1538 ara-

584 1581 734 1618 neam
780 1563 1132 1621 existimavit;
1184 1563 1314 1616 vidit
1359 1561 1554 1616 formas
1594 1561 1921 1622 dominicas,
1947 1558 2136 1612 011⁵111-

581 1652 718 1689 mam
751 1651 896 1689 8113111
929 1635 1178 1694 mutavit;
1208 1633 1407 1684 audivit
1447 1636 1759 1686 sententiam
1791 1634 1838 1683 in
1870 1632 2100 1682 animam
2122 1672 2136 1696 ,

579 1716 634 1759 et
658 1716 797 1758 totus
838 1710 886 1756 in
918 1719 1076 1757 carne
1101 1705 1420 1757 contremuit
1446 1744 1457 1762 ,
1491 1719 1554 1755 ac
1581 1705 1729 1771 quasi
1763 1705 1812 1755 in
1843 1701 2020 1768 seipso
2051 1716 2140 1754 re-

577 1782 808 1844 ciigitat,
861 1775 1253 1840 obstupefactus
1295 1783 1347 1826 et
1407 1789 1585 1826 secum
1641 1775 2003 1842 perpendens,
2034 1786 2139 1839 quo

586 1849 828 1908 migravit
886 1862 1064 1912 regum
1127 1845 1323 1906 fastus,
1375 1860 1478 1911 quo
1535 1844 1828 1912 principum
1885 1852 2133 1910 potestas.

580 1915 768 1982 Papa-l
810 1932 932 1969 ecce
965 1931 1118 1968 verus
1147 1915 1311 1977 ordo,
1345 1929 1468 1966 ecce
1502 1925 1732 1980 potestas
1761 1914 1930 1965 valida
1955 1954 1968 1974 ,
2011 1927 2136 1966 ecce

578 1990 807 2053 potentia
838 2004 938 2038 non
971 1986 1086 2038 licta
1109 2027 1122 2047 ,
1155 1999 1279 2037 ecce
1312 1984 1492 2037 101111εο
1525 1985 1790 2039 terribiles
1811 2026 1824 2045 .
1867 1998 1993 2036 ecce
2035 1985 2133 2035 im-

577 2059 812 2109 mortalis
853 2059 1136 2110 exercitus.
1182 2057 1304 2108 llan
1344 2065 1397 2108 et
1442 2055 1630 2107 similia
1660 2070 1720 2108 ac
1749 2055 1915 2124 magis
1941 2069 2136 2108 arcana

578 2129 868 2194 Cogitantes
890 2169 903 2189 ,
934 2143 1052 2196 qu:e
1094 2127 1267 2178 ii.soli
1291 2167 1305 2190 ,
1349 2126 1435 2192 qui
1467 2140 1562 2176 nos
1596 2134 2015 2193 praecesserunt,
2044 2140 2136 2178 ex-

582 2199 712 2265 perti
747 2210 936 2250 norunt
962 2240 975 2260 ,
1010 2198 1092 2248 alii
1125 2197 1174 2249 in
1204 2197 1598 2263 lectojacentes
1640 2197 1914 2256 resiliunt,
1950 2198 2134 2263 lugere

578 2269 813 2320 volentes
835 2307 848 2328 ,
882 2269 973 2322 sed
1008 2268 1156 2320 irrito
1195 2277 1421 2328 eonatu;
1452 2266 1540 2318 alii
1587 2266 1835 2321 dentibus
1866 2266 2129 2330 strident,

575 2338 663 2390 alii
706 2353 866 2405 genas
915 2341 1231 2404 percutimit,
1279 2338 1365 2389 alii
1406 2337 1587 2389 oculos
1617 2337 1986 2390 miserabiliter
2014 2353 2132 2390 ver-

571 2416 710 2468 sant.
745 2418 800 2460 ut
828 2409 1004 2461 vident
1030 2408 1267 2473 corporis
1300 2408 1438 2460 vires
1467 2408 1714 2476 paulatim
1738 2408 1966 2461 deﬁcere
1987 2450 1998 2464 .
2030 2407 2132 2461 lin-

571 2491 724 2545 gnam
754 2477 1054 2546 loquentem
1083 2488 1134 2531 et
1162 2479 1456 2540 depositum
1485 2491 1634 2529 suum
1661 2479 1880 2530 ﬁrmiter
1906 2478 2132 2532 retinen-

572 2555 710 2610 tem;
737 2549 1028 2600 contrarias
1069 2557 1354 2616 potestates
1385 2548 1675 2607 adstantes.
1709 2549 1938 2601 rationes
1987 2564 2130 2616 repe-

573 2626 781 2681 tentes,
815 2631 1158 2682 accusantes,
1189 2633 1373 2684 rapere
1400 2629 1653 2673 Conantes
1685 2636 1696 2670 :
1729 2619 1920 2672 deinde
1958 2617 2126 2673 furem

572 2686 876 2754 intrantem,
909 2688 1281 2754 declarantem,
1300 2697 1352 2742 et
1376 2689 1604 2741 animam
1635 2705 1663 2742 a
1692 2703 1911 2756 Corpore
1935 2691 1980 2742 vi
2009 2691 2128 2743 abs-

575 2757 890 2812 trahentem.
920 2757 1067 2812 Tunc
1116 2759 1270 2812 nobis
1305 2760 1484 2812 multis
1507 2775 1640 2827 opus
1668 2770 1748 2812 est
1775 2761 2124 2827 orationibus,

570 2830 748 2882 multis
795 2829 942 2882 bonis
972 2829 1176 2882 actibus
1197 2871 1211 2891 ,
1248 2830 1414 2882 multo
1443 2831 1748 2894 angelorum
1794 2832 2121 2898 patrocinio,

570 2898 735 2950 multo
769 2899 926 2952 ductu
960 2900 1009 2953 in
1054 2901 1194 2953 aeris
1220 2914 1462 2954 ascensu.
1495 2899 1625 2953 Nam
1665 2899 1706 2952 si
1735 2915 1852 2952 cum
1883 2901 1936 2954 in
1970 2916 2124 2968 pere—

567 2969 771 3035 grinam
815 2973 1080 3037 regionem
1121 2980 1174 3024 et
1200 2971 1380 3023 urbem
1420 2972 1743 3039 migramns,
1781 2986 1998 3037 egemus
2024 2973 2122 3025 du-

566 3047 716 3111 ctore
740 3081 754 3103 ,
787 3052 914 3106 quot
957 3043 1190 3106 patronis
1215 3050 1263 3094 (δ’
1316 3041 1623 3095 ductaribus
1670 3057 1802 3111 opus
1830 3041 2086 3096 habemus
2106 3083 2120 3107 ,

565 3109 654 3176 qui
686 3124 780 3163 nos
808 3121 1018 3182 servent
1049 3121 1383 3166 transeuntes
1423 3129 1516 3178 per
1547 3109 1869 3179 principatus
1895 3123 1948 3166 et
1976 3126 2124 3182 pote-

567 3187 730 3233 states
759 3191 810 3234 et
840 3181 1014 3234 iuundi
1045 3195 1279 3236 rectores
1309 3182 1599 3235 invisibiles
1629 3183 1786 3246 hujus
1806 3181 2122 3250 aeris,’quos

567 3259 974 3315 persequutores
994 3293 1009 3314 ,
1045 3254 1350 3321 publicanos
1380 3263 1432 3306 et
1461 3261 1735 3306 exactores
1766 3263 1915 3306 vocat
1941 3255 2121 3309 divina

566 3321 873 3387 Scriptura?
900 3322 1046 3376 Tunc
1075 3326 1270 3391 optima
1305 3323 1454 3376 nobis
1483 3325 1580 3376 vbe
1607 3324 1748 3376 socia
1777 3335 1857 3378 est
1892 3326 2121 3378 eleemo-

565 3404 694 3464 Sjna
735 3400 787 3442 ‹·1
812 3394 1239 3457 Ctitnmiseralto,
1270 3409 1387 3464 qua:
1419 3409 1514 3447 nos
1554 3396 1754 3461 possint
1785 3397 1899 3447 sine
1925 3395 2121 3448 damno

565 3463 630 3512 ad
663 3472 864 3528 portam
893 3464 1144 3516 caelorum
1180 3467 1469 3531 perducere
1495 3473 1549 3517 et
1581 3480 1796 3518 servare
1824 3483 1837 3516 :
1873 3465 1938 3517 ibi
1970 3469 2120 3519 nobis

564 3531 748 3598 Optimi
779 3537 981 3598 patroni
1014 3545 1132 3586 sunt
1161 3550 1436 3603 pauperes,
1469 3551 1691 3603 quorum
1721 3535 1805 3588 hic
1832 3544 1953 3586 ante
1979 3551 2120 3589 mor-

568 3611 671 3653 tem
725 3604 924 3655 miserti
975 3618 1175 3656 smnus.
1233 3606 1352 3658 Iden
1407 3607 1791 3674 pra-veniamus
1835 3615 2118 3672 antequam

570 3674 980 3744 preveiiiainur;
1038 3689 1310 3729 curramus
1364 3687 1642 3744 antequam
1701 3675 2120 3742 comprehenda-

568 3757 723 3795 mur:
761 3744 864 3794 vita
912 3743 1086 3797 brevis
1129 3757 1240 3808 εει,
1283 3763 1368 3798 ars
1413 3743 1597 3811 longa,
1646 3745 1766 3798 ﬁnis
1811 3752 2115 3815 proximus,

573 3815 730 3885 timor
757 3828 1006 3882 magnus.
1051 3826 1102 3868 et
1134 3831 1289 3869 neruo
1319 3818 1405 3884 qui
1439 3817 1625 3870 solvat.
1670 3816 2016 3885 Egrediamur
2051 3819 2115 3873 ad

571 3884 892 3947 sepulcrum,
999 3885 1167 3939 donec
1220 3901 1398 3939 sunms
1443 3889 1492 3940 in
1552 3884 1805 3954 corpore;
1849 3889 2118 3943 videamus

573 3967 763 4027 vanum
802 3968 1012 4027 sensum
1057 3966 1324 4021 nostrum,
1354 3973 1509 4027 quam
1540 3957 1726 4011 habeat
1757 3957 2004 4022 domum;
2036 3961 2116 4012 vi-

567 4022 788 4094 deamus
813 4025 935 4090 quid
958 4027 1112 4094 paulo
1132 4038 1247 4092 post
1277 4022 1506 4094 eriiitus,
1539 4037 1593 4081 et
1628 4044 1694 4082 ne
1722 4043 1993 4091 erremus;
2036 4031 2117 4083 vi-
2153 4052 2155 4054 ·

570 4093 791 4165 dcamus
829 4093 1094 4165 quomodo
1123 4093 1511 4161 dissolvantur,
1545 4108 1596 4152 et
1619 4114 1717 4152 nos
1741 4100 2113 4165 ernendemus;

571 4162 844 4219 videamus
874 4164 928 4218 in
955 4167 1076 4232 quid
1117 4167 1452 4231 desinamus,
1483 4177 1536 4223 et
1563 4169 1630 4222 de
1671 4168 1772 4222 ﬁne
1802 4179 1983 4223 nostro
2010 4162 2118 4225 sol-

571 4232 695 4285 liciti
729 4238 912 4287 sitmts.
945 4237 1212 4304 Quotquot
1252 4240 1447 4294 formas
1480 4240 1819 4306 conspicitis,
1851 4240 1901 4292 in
1934 4244 2114 4306 sepul-

566 4319 659 4355 cro
695 4319 785 4356 eas
814 4306 1021 4359 curiose
1062 4310 1365 4361 intueainini
1396 4328 1408 4362 :
1439 4318 1696 4379 quotquot
1724 4311 1790 4363 de
1823 4313 2115 4380 principatu

563 4382 618 4448 et
644 4385 902 4448 potestate
947 4392 1038 4430 vos
1080 4379 1367 4439 extollitis,
1409 4381 1459 4433 in
1507 4383 1692 4433 loculis
1738 4379 2018 4448 respicite,
2062 4393 2117 4438 et

566 4443 728 4495 Deum
759 4446 936 4497 timete
963 4464 974 4499 :
1016 4459 1275 4514 quotquot
1317 4451 1625 4515 injuriarum
1651 4460 1704 4503 et
1733 4443 1960 4505 rixarum
2006 4443 2117 4507 ine-

564 4516 786 4588 muriam
826 4521 1008 4568 mutuo
1035 4521 1260 4571 servatis
1303 4536 1397 4573 nec
1424 4536 1540 4572 eam
1568 4521 1874 4588 dissolvitis,
1903 4524 2077 4577 venite
2098 4567 2114 4588 ,

561 4583 734 4661 videte
763 4588 1026 4661 quomodo
1059 4589 1174 4640 illas
1217 4590 1539 4661 dissolvatis.
1574 4595 1783 4644 Attente
1829 4583 2032 4661 respice
2065 4583 2114 4649 in

563 4652 812 4730 feretrum
835 4658 1245 4730 :‘vide‘jacentes
1271 4660 1338 4712 ibi
1366 4675 1477 4725 eos,
1508 4662 1595 4729 qui
1624 4663 1745 4714 olim
1771 4652 2113 4730 reges-erant,

559 4724 676 4776 Vide
703 4727 964 4801 principes
987 4727 1037 4780 in
1064 4728 1269 4801 loculis,
1295 4731 1412 4783 vide
1436 4724 1754 4785 horrendum
1775 4724 2116 4801 reliquiarum

558 4797 948 4874 spectaculum,
981 4807 1048 4874 et.
1077 4799 1197 4874 die:
1231 4799 1360 4867 Quis
1389 4802 1492 4874 illic
1538 4819 1648 4864 rex,
1679 4804 1796 4874 quis
1828 4797 2072 4874 princeps
2099 4847 2113 4869 ,

559 4867 679 4932 quis
722 4867 874 4920 miles
897 4907 922 4945 ,.
963 4869 1080 4945 quis
1126 4869 1232 4945 dux
1271 4872 1569 4945 exercitus,
1610 4867 1729 4942 quis
1769 4867 1956 4945 dives,
1998 4867 2118 4945 quis

566 4949 801 5012 pauper,
839 4937 974 5012 quis
998 4939 1205 5012 juvenis
1225 4982 1240 5006 ,
1272 4943 1388 5012 quis
1418 4957 1576 4996 senex
1603 4937 1769 5012 {quis
1813 4937 2114 5011 form-osus,

558 5008 674 5079 quis
694 5004 977 5074 EthiOpS?
998 5007 1129 5060 Num
1150 5004 1303 5077 potes
1320 5011 1516 5079 dicere,
1543 5004 1654 5068 haec
1670 5004 1845 5068 'omnia
1871 5032 1973 5069 non
1993 5004 2115 5072 esse

560 5078 792 5128 cinerem
816 5116 830 5140 ,
866 5092 968 5130 non
1011 5079 1277 5145 pulverem
1305 5122 1319 5146 ,
1363 5099 1466 5135 non
1505 5084 1783 5136 faetorem?
1809 5101 1982 5140 annon
2011 5103 2120 5142 om-

563 5147 644 5196 nia
671 5163 786 5212 qnae
817 5148 942 5199 olim
976 5151 1217 5203 amabilia
1239 5192 1254 5216 ,
1295 5168 1432 5205 nunc
1473 5153 1735 5207 horrenda
1765 5157 2047 5210 videntur?
2074 5160 2117 5211 υ

559 5218 861 5295 stultitiam!
887 5219 1030 5295 Quid
1071 5221 1177 5295 hoc
1199 5239 1442 5290 magnum
1483 5226 1618 5279 circa
1663 5241 1745 5279 me
1772 5231 2116 5295 mysterium?

560 5285 656 5351 Qui
686 5288 800 5364 heri
831 5289 1229 5364 milii__ainabilis
1258 5285 1371 5346 erat
1395 5334 1408 5356 ,
1445 5311 1582 5349 nunc
1608 5296 1747 5364 jacet
1779 5285 2112 5352 horrendus;

558 5358 696 5431 quod
745 5358 854 5410 heri
903 5360 1027 5413 mihi
1060 5377 1158 5415 ceu
1190 5365 1484 5417 membrum
1525 5358 1669 5431 erat,
1703 5383 1841 5420 nunc
1881 5370 2113 5423 alienum

561 5427 711 5479 video
737 5445 748 5478 :
782 5444 936 5497 quem
969 5433 1123 5506 paulo
1153 5445 1274 5486 ante
1300 5436 1348 5486 in
1377 5438 1512 5488 ulnis
1535 5427 1942 5506 complectebar,
1977 5456 2115 5493 nunc

560 5512 627 5549 ne
677 5507 889 5565 tangere
936 5502 1151 5578 quidem
1190 5507 1384 5558 velim:
1439 5508 1582 5559 illum
1629 5502 1875 5578 lacrymis
1900 5513 2013 5572 rigo
2061 5521 2117 5563 ut

562 5584 770 5632 meum,
797 5575 1074 5647 et_saniem
1105 5576 1218 5641 ejus
1244 5577 1390 5643 quasi
1423 5579 1580 5630 alieni
1611 5575 1753 5647 fugio
1779 5599 1790 5632 :
1833 5580 1897 5632 ad
1930 5582 2117 5633 faeten-

561 5648 664 5690 tem
710 5641 961 5718 accedere
987 5642 1209 5718 allectus
1233 5641 1403 5714 cogit;
1449 5650 1538 5701 sed
1571 5665 1598 5700 a
1639 5641 1978 5718 corruptione
2007 5663 2057 5703 et
2085 5669 2113 5704 a

560 5712 827 5762 vermibus
857 5712 1114 5789 impedior
1138 5732 1148 5765 :
1169 5712 1416 5789 Ajace'ntis
1453 5720 1730 5787 imaginem
1761 5712 1932 5789 qualis
1957 5725 2114 5789 paulo

560 5790 689 5855 ante
710 5785 1056 5855 eratcogito;
1089 5786 1181 5839 sed
1212 5788 1262 5839 in
1292 5788 1404 5855 ipso
1436 5785 1579 5843 illani
1613 5792 1754 5844 nullo
1780 5785 2110 5845 1110110⁷οο0-

565 5852 747 5917 spicio.
785 5851 878 5903 Ubi
913 5856 1075 5928 forma
1100 5851 1465 5911 vultus?'Ecce
1484 5862 1589 5928 jam
1614 5871 1787 5915 atrum
1809 5863 1979 5915 video.
2014 5863 2112 5916 Ubi

559 5933 850 5996 annueutes
880 5932 943 5996 et
963 5925 1174 5978 formosi
1200 5929 1375 5981 oeuli?
1403 5925 1536 5985 Ecce
1563 5932 1802 5985 tabefacti
1837 5945 1976 5986 sunt.
2008 5932 2110 5988 Ubi

555 6005 597 6040 et
625 6006 721 6043 111ιο
749 5994 948 6046 decor?
979 5995 1113 6051 Ecce
1155 5998 1370 6053 decidit.
1421 6001 1516 6056 Ubi
1561 6011 1836 6058 extensum
1867 6004 2105 6058 collum?

2042 529 2300 586 SPURlA.

3733 527 3832 584 1‘28

2262 641 2395 693 Ecce
2447 645 2732 689 contritum
2777 647 2876 690 est.
2927 634 3022 689 Ubi
3073 636 3243 703 lingua
3295 634 3376 690 ilia
3429 636 3637 692 vivida?
3681 641 3829 697 Ecce

2261 709 2504 775 quiescit.
2539 706 2636 762 Ubi
2670 708 3006 775 pulchritudo
3033 709 3322 760 manuum?
3350 708 3487 762 Ecce
3515 710 3684 764 soluta
3713 723 3826 766 est.

2265 780 2357 832 Ubi
2384 789 2600 832 Staturze
2654 779 2981 846 proceritas?
3012 779 3146 832 Ecce
3188 778 3424 832 deﬂuxit.
3459 779 3558 835 Ubi
3591 784 3826 835 vestiunt

2258 850 2674 918 siiniptuiisilas?
2719 850 2852 902 Ecce
2895 849 3182 918 putrefacta
3211 859 3311 920 est.
3343 850 3438 903 Ubi
3470 863 3730 920 unguenta
3764 866 3827 905 et

2257 921 2532 974 aromata?
2566 921 2700 973 Ecce
2730 931 3188 987 compntruerunt.
3221 919 3631 986 Ubijuventntis
3654 924 3831 976 111011-

2259 993 2347 1044 tia.
2382 992 2517 1044 Ecce
2549 993 2769 1044 transiit.
2805 991 2868 1043 Et
2898 991 2948 1042 in
2981 1006 3184 1043 summa
3219 991 3303 1043 ubi
3337 993 3468 1043 fastu
3505 993 3687 1058 pleutts
3716 994 3788 1046 110
3809 1024 3825 1032 ο

2256 1063 2380 1113 mo?
2413 1063 2543 1115 Ecce
2573 1063 2739 1129 pulvis
2766 1077 2972 1113 rursum
3000 1103 3013 1121 ,
3046 1062 3213 1128 pulvis
3239 1064 3405 1115 factus
3434 1072 3532 1115 est.
3568 1067 3824 1118 Attamen

2257 1149 2322 1184 ne
2350 1133 2653 1200 sepulcrum
2692 1132 2963 1184 dumtaxat
2986 1132 3219 1199 cogites;
3253 1132 3343 1184 sed
3391 1133 3511 1186 inde
3556 1135 3717 1187 transi
3747 1135 3824 1190 ad

2252 1205 2730 1259 resurrectionem:
2762 1217 2824 1254 ac
2849 1211 3021 1256 tecum
3054 1213 3234 1274 reputa
3264 1212 3317 1256 et
3345 1205 3525 1264 crede,
3560 1205 3698 1258 hunc
3720 1208 3821 1274 qui

2247 1277 2386 1344 jacet
2411 1281 2825 1326 resurrecturum
2849 1288 2988 1337 esse,
3014 1283 3061 1325 et
3083 1273 3312 1341 linguam
3337 1290 3451 1342 quae
3476 1291 3613 1327 nunc
3636 1273 3769 1329 tacet
3802 1318 3820 1340 ,

2252 1353 2376 1396 tunc
2419 1359 2600 1397 rursus
2637 1345 2967 1410 loquutnram
3001 1357 3151 1398 esse.
3181 1345 3392 1409 quando
3425 1345 3529 1397 Deo
3571 1346 3826 1400 1100101111·

2251 1427 2406 1466 omne
2436 1429 2572 1483 genu
2615 1414 2905 1467 C:t.‘l(‘.Slittln
2933 1455 2946 1475 ,
2993 1413 3322 1468 terrestrium
3349 1424 3403 1468 et
3446 1415 3772 1470 infernorum
3799 1458 3820 1482 ,

2249 1494 2300 1537 et
2331 1487 2504 1538 Omnis
2537 1485 2706 1553 lingua
2735 1484 3110 1546 conﬁtebitur;
3147 1492 3201 1536 et
3246 1493 3300 1536 ut
3343 1486 3416 1536 ait
3460 1487 3678 1540 Daniel:
3720 1487 3821 1540 Vi-

2248 1555 2625 1637 debaiitmtlonec
2685 1556 2860 1637 t/ironi
2884 1555 3030 1623 positi
3061 1563 3214 1636 sunt,
3243 1565 3289 1606 et
3337 1557 3578 1637 antiquus.
3616 1560 3822 1637 dierum

2247 1626 2393 1680 sedit.
2425 1624 2658 1706 Thr-onus
2685 1627 2792 1706 ejus
2821 1626 3028 1706 [lamnta
3047 1625 3186 1706 lignis
3226 1635 3395 1692 ,grotaz
3423 1624 3531 1695 ejus
3555 1628 3688 1706 ignis
3723 1646 3823 1706 ae-

2245 1711 2424 1748 census
2448 1713 2464 1758 ;
2494 1697 2676 1764 ﬂuvius
2701 1697 2876 1764 igneus
2897 1697 3121 1749 trahebat
3147 1698 3196 1747 in
3224 1709 3489 1761 conspectu
3517 1699 3627 1764 ejus
3651 1715 3668 1752 .'
3696 1701 3821 1752 inil—

2247 1765 2314 1817 lia
2343 1768 2553 1819 millium
2584 1767 2874 1819 assistebant
2902 1767 2946 1819 ei
2965 1807 2978 1830 ,
3013 1777 3058 1819 et
3085 1767 3245 1819 decies
3284 1766 3466 1820 millies
3493 1769 3622 1821 dena
3647 1771 3817 1823 millia

2245 1838 2590 1889 ministrabant
2628 1837 2690 1888 ei.
2735 1836 2994 1889 Iudicium
3040 1837 3195 1899 sedit,
3242 1848 3287 1889 et
3332 1837 3445 1890 libri
3495 1842 3656 1906 aperti
3691 1851 3818 1894 sunt

2245 1906 2401 1976 (Dan.
2433 1909 2462 1960 7
2513 1908 2566 1962 9.
2598 1907 2710 1974 10).
2745 1908 2938 1960 Multus
2967 1906 3100 1960 haud
3128 1907 3286 1961 dubie
3321 1908 3426 1961 illic
3453 1909 3628 1974 timor,
3670 1913 3818 1964 titill-

2243 1986 2328 2030 tus
2353 1987 2569 2041 tremor,
2599 1979 2966 2032 inenarrabilis
2995 1979 3304 2040 necessitas,
3332 1979 3692 2035 indesinentes
3732 1986 3816 2033 la-

2241 2063 2436 2118 cryma:
2459 2091 2470 2111 ,
2498 2064 2600 2102 non
2625 2050 2827 2102 tacendi
2852 2050 3096 2116 gemitus.
3129 2049 3353 2115 Quando
3384 2062 3599 2116 repente
3629 2053 3814 2107 veniet

2242 2133 2404 2186 Super
2447 2121 2634 2173 Stilttlm
2681 2120 2947 2175 excelsum
2991 2130 3043 2173 et
3090 2119 3388 2184 elevatum,
3433 2130 3558 2177 tunc
3604 2124 3801 2176 czeluni

2240 2190 2583 2243 convolvetnr
2614 2199 2669 2243 nt
2714 2191 2881 2254 liber,
2929 2190 3096 2244 stella:
3142 2190 3546 2259 dispergentur.
3581 2193 3811 2247 virtutes

2239 2261 2547 2329 angelorum
2575 2269 2902 2330 praecurrant
2922 2301 2935 2320 ,
2968 2261 3209 2332 sepulcra
3237 2262 3542 2332 aperientur
3562 2305 3574 2322 ,
3603 2279 3800 2331 corpo-

2239 2345 2294 2402 ra
2325 2342 2602 2401 resurgeut
2623 2372 2637 2396 ,
2681 2333 2852 2385 fontes
2881 2331 3251 2402 siccabuntur,
3293 2331 3467 2402 abyssi
3496 2347 3809 2390 commove-

2237 2398 2464 2466 buntur,
2483 2398 2668 2456 ‘Omnis
2697 2412 2833 2455 terra
2867 2403 3164 2470 agitabitur.
3194 2398 3387 2468 Quales
3418 2417 3514 2456 nos
3543 2415 3666 2458 tunc
3691 2408 3805 2460 eri-

2235 2473 2391 2524 mus?
2421 2474 2604 2538 quales
2637 2474 2833 2540 utique,
2857 2489 2976 2526 cum
3010 2474 3266 2526 rationem
3290 2473 3531 2526 dabimus
3553 2491 3798 2544 operum,

2234 2545 2615 2611 cogitationum
2639 2586 2654 2609 ,
2688 2543 2833 2598 verbi
2883 2544 3070 2605 otiosi,
3123 2558 3304 2598 eorum
3349 2559 3466 2611 qua!
3498 2545 3548 2596 in
3592 2543 3754 2600 nocte
3782 2588 3798 2611 ,

2233 2625 2563 2688 eorumqure
2595 2615 2790 2688 indie.
2836 2629 3019 2667 eormn
3050 2629 3166 2681 quae
3210 2623 3398 2688 sponte
3419 2656 3434 2673 ,
3464 2630 3648 2669 eorum
3677 2634 3803 2688 quae

2235 2682 2382 2736 inviti
2410 2682 2665 2740 fecimus?
2693 2685 2802 2739 Hoc
2829 2700 3017 2739 curare
3047 2682 3279 2750 oportet,
3313 2684 3413 2738 hoc
3440 2696 3596 2740 nocte
3621 2682 3800 2743 ac'die

2235 2756 2566 2822 perpendere
2594 2771 2726 2826 opus
2747 2765 2848 2810 est.
2872 2755 3006 2822 Quid
3034 2757 3220 2808 rationi
3249 2771 3539 2809 consonum
3565 2767 3689 2810 tunc
3713 2757 3795 2809 111-

2232 2840 2357 2878 cere
2386 2828 2715 2893 poterimus?
2742 2842 2898 2894 quam
2939 2827 3335 2880 excusationem
3355 2866 3371 2891 ,
3398 2843 3579 2894 quaeso
3600 2869 3612 2887 .
3641 2844 3675 2881 ο
3706 2827 3801 2883 ho-

2231 2911 2320 2948 mo
2339 2938 2354 2962 ,
2377 2897 2700 2953 alferemns?
2730 2899 2865 2951 Ecce
2888 2896 3092 2952 deliciis
3124 2898 3384 2950 incumbis
3406 2900 3793 2968 quinquaginta

2232 2968 2314 3019 vel
2347 2976 2557 3020 centum
2590 2971 2743 3023 annis
2765 3009 2779 3031 ,
2809 2968 2954 3021 dives
2981 2983 3068 3030 es.
3102 2969 3298 3021 liberos
3337 2983 3588 3036 procreas
3609 3012 3622 3027 .
3655 2971 3800 3026 ﬁlios

2228 3046 2282 3089 et
2309 3037 2442 3091 ﬁlias
2468 3041 2734 3094 connubio
2753 3039 2930 3106 jungis
2949 3077 2965 3101 ,
2991 3039 3238 3106 gentibus
3264 3047 3318 3092 et
3350 3039 3557 3106 pepulis
3584 3056 3674 3094 rex
3703 3041 3799 3094 im-

2229 3122 2384 3176 peras
2409 3125 2421 3159 :
2449 3118 2502 3162 et
2525 3119 2642 3177 post
2681 3110 2794 3163 luce
2815 3123 2959 3163 mors
2983 3109 3140 3169 venit.
3166 3118 3217 3161 et
3249 3119 3368 3178 post
3398 3120 3621 3165 mortem
3645 3112 3796 3178 judi-

2228 3179 2366 3231 cium
2389 3220 2404 3243 ,
2436 3180 2589 3247 cujus
2620 3181 2794 3234 nullus
2821 3180 2941 3232 linis
2967 3181 3102 3244 erit,
3136 3181 3276 3234 nulla
3318 3185 3436 3247 post
3464 3182 3588 3233 illud
3621 3183 3796 3249 pinni-

2230 3250 2411 3302 tentia.
2440 3249 2570 3303 Nam
2599 3252 2671 3306 ait
2702 3251 2791 3306 ille
2816 3268 2830 3302 :
2863 3249 2982 3303 Non
3008 3263 3081 3304 est
3110 3252 3161 3303 in
3205 3261 3362 3303 morte
3387 3253 3472 3318 qui
3503 3269 3690 3305 memor
3727 3255 3799 3307 sit

2229 3320 2301 3392 t_ui
2317 3336 2334 3370 :
2353 3321 2405 3372 in
2428 3318 2625 3392 inferno
2653 3333 2818 3375 autem
2839 3323 2951 3386 quis
2969 3323 3285 3388 conﬁtebitur
3308 3322 3397 3374 tibi
3420 3321 3592 3387 (Psal.
3616 3325 3668 3377 6.
3693 3324 3750 3390 6)
3769 3325 3796 3378 τ

2225 3387 2382 3445 Certe
2410 3387 2587 3446 nemo.
2622 3393 2732 3446 Etsi
2758 3396 2897 3447 enim
2931 3387 3074 3446 mille
3101 3393 3280 3445 turbas
3311 3393 3531 3454 demus,
3565 3403 3618 3447 et
3649 3387 3795 3447 111111-

2225 3468 2338 3532 tum
2366 3464 2746 3531 sopplicemus,
2775 3464 2950 3516 nullus
2973 3465 3077 3516 erit
3099 3465 3185 3532 qui
3215 3472 3384 3516 eruat.
3412 3463 3533 3516 Ideo
3561 3467 3798 3520 maxime

2227 3530 2410 3585 beatos
2458 3530 2807 3601 prredicamus
2862 3530 3128 3593 1111011103(
3164 3535 3251 3601 qui
3301 3534 3635 3586 moriuntur.
3671 3535 3796 3589 ideo

2224 3615 2410 3654 omnes
2436 3606 2680 3667 dicimus,
2709 3603 2914 3659 Utinam
2944 3603 3170 3657 infantes
3195 3605 3388 3656 mortui
3417 3606 3686 3658 essemus!
3714 3606 3796 3662 Ne

2226 3671 2431 3744 itaque,
2466 3675 2515 3726 id
2547 3675 2684 3743 quod
2733 3675 2884 3727 nobis
2930 3686 3208 3744 optamus,
3259 3675 3308 3726 iu
3364 3676 3486 3728 liliis
3515 3676 3790 3742 videntes,

2225 3741 2408 3796 dolore
2433 3741 2742 3797 afﬁciamur.
2777 3745 2938 3798 Nobis
2962 3741 3104 3798 enim
3145 3746 3329 3798 mortis
3356 3747 3490 3798 calix
3522 3741 3794 3814 periculo;

2223 3823 2315 3866 sus
2357 3825 2436 3868 est
2462 3858 2475 3880 ,
2521 3815 2806 3869 infantibus
2835 3832 2962 3870 vero
2988 3817 3265 3877 salutaris;
3301 3829 3352 3869 et
3379 3818 3517 3883 quod
3544 3818 3796 3872 omnibus

2225 3883 2546 3940 horrendum
2579 3897 2694 3950 est,
2740 3887 2842 3940 illis
2871 3895 2952 3940 est
2981 3889 3240 3954 optabile,
3273 3897 3324 3939 et
3355 3887 3494 3955 quod
3528 3890 3680 3942 nobis
3708 3904 3796 3945 est

2225 3955 2428 4026 initium
2470 3959 2716 4026 supplicii
2751 3958 2857 4011 illic
2891 3958 3190 4020 subeundi,
3227 3957 3328 4011 illis
3360 3969 3439 4010 est
3470 3957 3674 4012 initium
3700 3976 3796 4013 sa-

2223 4025 2368 4079 lutis.
2408 4027 2517 4092 Qua
2539 4025 2680 4081 enim
2707 4027 2773 4081 de
2800 4043 2856 4082 re
2883 4031 3112 4082 rationes
3154 4028 3468 4090 redderent,
3501 4030 3590 4097 qui
3621 4047 3797 4098 neque

2227 4107 2500 4170 peccatum
2530 4099 2731 4166 experti
2762 4098 2936 4170 sunt?_
2961 4115 3060 4168 qua
3091 4099 3157 4153 de
3205 4114 3263 4152 re
3277 4157 3293 4170 γ,
3311 4100 3659 4170 punirentur,
3702 4102 3796 4170 qui

2225 4181 2323 4219 nec
2351 4167 2471 4220 boni
2501 4183 2598 4222 nec
2637 4169 2759 4222 mali
2788 4167 3028 4222 notitiam
3061 4169 3292 4222 habent?
3317 4169 3362 4224 0
3393 4171 3667 4224 beatorum
3713 4167 3798 4224 iu-

2224 4236 2442 4291 lantium
2472 4239 2618 4293 beata
2643 4241 2816 4293 mors!
2848 4256 2881 4294 o
2919 4255 3061 4294 mors
3094 4241 3517 4308 incorruptorum
3550 4257 3672 4295 vere
3703 4241 3799 4295 1111-

2225 4308 2351 4381 t_im_n
2385 4310 2504 4362 vitae
2534 4312 2776 4364 aeternae!
2805 4327 2838 4365 ο
2865 4311 3204 4381 ﬁnisinitinm
3240 4312 3553 4365 immortalis
3583 4313 3794 4381 gaudii!

2223 4378 2325 4432 Sed
2344 4382 2463 4446 quid
2486 4383 2666 4434 dicunt
2690 4383 3085 4450 pusillanimes?
3115 4380 3299 4442 Filius,
3319 4383 3485 4443 aiunt,
3511 4378 3635 4436 milii
3675 4394 3796 4438 erat

2222 4451 2547 4516 unigenilus.
2583 4451 2845 4505 formosus
2869 4461 2919 4505 et
2945 4453 3136 4506 nobilis
3161 4469 3174 4512 ;
3207 4453 3290 4505 1110
3314 4463 3426 4506 erat
3452 4455 3661 4520 generis
3687 4457 3796 4508 mei

2223 4523 2508 4584 successio,
2541 4523 2625 4576 hic
2662 4532 2774 4576 erat
2800 4523 3103 4576 facultatum
3138 4523 3337 4585 hmres,
3374 4525 3457 4578 hic
3479 4525 3531 4578 in
3555 4540 3795 4579 1111111010

2223 4594 2545 4663 consolatio,
2574 4593 2659 4645 hic
2703 4597 2987 4647 senectutis
3027 4603 3158 4649 mea:
3187 4595 3404 4647 baCitlus
3429 4637 3443 4659 ,
3483 4597 3566 4649 hic
3606 4598 3796 4663 patria:

2221 4662 2408 4728 gloria,
2434 4663 2519 4716 hic
2546 4663 2736 4716 radicis
2758 4679 2888 4718 meae
2910 4681 3110 4731 ramus,
3141 4674 3281 4718 totus
3307 4666 3472 4719 forma
3494 4662 3788 4733 jucundus,

2225 4741 2365 4785 totus
2407 4734 2583 4797 mitis,
2615 4735 2831 4806 dexter.
2882 4735 3138 4797 affabilis.
3169 4745 3224 4790 et
3253 4738 3363 4790 suis
3391 4739 3590 4806 pariter
3633 4749 3796 4805 atque

2223 4807 2490 4857 extraneis
2534 4805 2775 4859 amabilis
2801 4815 2905 4858 tum
2935 4807 3256 4871 videntibus,
3287 4805 3403 4860 tum
3428 4809 3794 4863 audientibus.

2224 4873 2318 4926 llic
2347 4876 2461 4947 talis
2484 4890 2602 4928 cum
2630 4886 2798 4940 esset,
2834 4887 3046 4946 repente
3076 4895 3142 4932 ex
3178 4879 3422 4932 manibus
3451 4879 3580 4932 mihi
3610 4891 3800 4947 raptus

2223 4954 2305 4997 est
2330 4964 2342 4998 :
2369 4946 2414 4998 is
2443 4961 2599 5014 quem
2628 4956 2748 4999 ante
2772 4947 3035 5012 videbam,
3071 4966 3174 5002 non
3205 4951 3336 5002 ultra
3369 4946 3795 5017 comparet,ised

2223 5017 2517 5083 genitorem
2559 5017 2865 5085 relinquens
2887 5061 2900 5081 ,
2933 5020 3178 5088 migravit
3202 5021 3267 5072 ad
3294 5019 3636 5074 Conditorem
3660 5038 3672 5072 :
3708 5037 3797 5075 me

2225 5088 2429 5160 relicto
2458 5090 2749 5149 nutritore,
2793 5089 2857 5141 ad
2902 5103 3178 5143 vocantem
3222 5091 3503 5160 migravit:
3531 5106 3558 5143 a
3605 5091 3795 5145 matris

2224 5157 2516 5210 visceribus
2571 5170 2876 5226 separatus,
2940 5160 3216 5216 descendit
3274 5157 3324 5214 in
3389 5171 3795 5218 monumentum

2225 5235 2380 5301 terra:
2419 5229 2652 5281 omnium
2693 5231 2893 5282 matris.
2932 5232 3149 5293 Annon,
3180 5247 3360 5301 qtimso
3384 5273 3396 5293 ,
3433 5233 3590 5284 talem
3627 5234 3792 5286 lilium

2227 5297 2429 5366 lugeam
2447 5306 2468 5349 Υ
2489 5313 2661 5351 annon
2690 5312 2742 5352 ut
2772 5302 3018 5368 pupillam
3042 5305 3177 5356 oculi
3198 5297 3510 5370 requiram?
3536 5303 3647 5354 Non
3675 5319 3798 5370 pos-

2224 5383 2378 5442 suiu,
2416 5371 2618 5437 inquit,
2652 5386 2752 5422 non
2786 5387 3000 5439 possum
3027 5391 3038 5425 :
3064 5374 3268 5426 etiamsi
3299 5373 3438 5425 enim
3472 5374 3630 5425 millia
3663 5376 3795 5428 milii

2223 5439 2538 5492 documenta
2567 5457 2825 5507 oppunas,
2852 5445 3057 5497 etiamsi
3078 5443 3375 5496 sexcenties
3399 5445 3670 5496 monueris
3691 5463 3797 5497 non

2225 5507 2481 5575 lugendus
2531 5517 2837 5578 parentibus
2867 5530 2984 5566 esse
3013 5515 3146 5566 lilios
3174 5530 3298 5566 suos
3321 5557 3332 5576 ,
3371 5529 3472 5566 non
3506 5517 3759 5569 suadebis
3786 5558 3800 5578 ,

2223 5597 2342 5648 quia
2378 5584 2514 5634 Deus
2559 5584 2634 5634 sic
2667 5584 2905 5636 deﬁnivit
2933 5628 2944 5642 ,
2982 5596 3285 5652 naturaeque
3331 5587 3599 5638 vinculum
3630 5602 3800 5639 anne-

2229 5654 2371 5704 xuit.
2411 5653 2687 5724 etiignem
2735 5656 2785 5707 in
2821 5657 3109 5709 visceribus
3161 5670 3442 5724 parentum
3490 5672 3613 5724 erga
3663 5658 3802 5708 ﬁlios

2223 5725 2418 5796 pos-iit.
2452 5723 2563 5796 Non
2595 5726 2696 5777 hoc
2724 5727 2842 5778 dico
2864 5768 2876 5788 ,
2912 5743 2944 5779 o
2971 5727 3130 5779 homo
3150 5723 3172 5782 ,ί
3212 5745 3379 5796 neque
3424 5729 3538 5794 lege
3561 5723 3805 5780 decerno

2225 5809 2326 5844 11011
2349 5793 2602 5861 lugendos
2619 5811 2735 5848 esse
2755 5797 2913 5849 ﬁlios:
2932 5798 2974 5850 si
3003 5799 3101 5850 boc
3120 5793 3371 5853 dicerem.
3397 5798 3445 5850 111
3480 5793 3798 5865 proferrem,

2222 5865 2362 5931 quod
2392 5868 2500 5917 11011
2528 5869 2728 5932 nequit.
2756 5867 2963 5919 Etenim
2995 5883 3092 5934 ego
3122 5885 3332 5936 «pioque
3362 5871 3565 5936 legibus
3593 5880 3802 5921 natum:

2222 5935 2490 6002 obsequor
2517 5975 2530 5998 ,
2564 5947 2616 5987 et
2660 5937 2964 5990 afﬂictionis
2995 5935 3217 6004 tempori
3255 5957 3354 5991 non
3389 5935 3632 5994 obsisto:
3682 5957 3808 5995 nam

2223 6015 2275 6058 et
2312 6022 2408 6075 ego
2454 6008 2693 6062 mortalis
2736 6025 2890 6075 sunt,
2927 6025 2990 6063 ex
3038 6021 3204 6063 matre
3236 6011 3444 6080 genitus
3474 6020 3526 6064 ct
3557 6012 3808 6081 ejusdem
