4056 6436
540 285 648 346 735

545 415 674 459 vero
701 399 952 455 dixerunt
976 397 1048 461 ci,
1077 394 1133 449 tn
1161 391 1589 465 concupiscentia
1621 389 1939 465 tui__sur_t_tn5,
1971 391 2128 444 nobis

543 473 853 541 obtempera
881 486 896 522 :
925 481 1023 522 nos
1047 479 1246 541 sumus
1271 461 1523 541 seniores
1557 461 1759 541 populi.
1803 461 1903 527 Qui
1951 474 2123 541 papu-

537 543 651 598 lum
678 530 978 611 gubernare
1011 533 1346 611 videbantur,
1373 534 1471 611 ipsi
1503 530 1622 587 seSe
1649 531 1976 611 demergunt
1996 530 2121 611 ANP-

540 615 624 668 bis
661 599 901 676 subjecta
943 616 1030 662 est
1055 607 1139 660 lex
1174 599 1523 676 (imo’potius
1551 601 1771 676 vos_lex_
1793 599 2120 676 d:_i_mnatd_i_-

533 667 665 738 cens
695 696 710 734 :
739 667 860 732 Non
887 667 1210 746 concupisces
1234 667 1438 729 uxorem
1459 672 1676 742 proximi
1696 671 1772 724 tui
1798 669 1992 742 [Exod.

533 750 661 824 17])
693 766 707 804 :
736 750 782 804 si
811 757 985 824 autem
1009 739 1164 824 nobis
1189 760 1296 824 non
1317 739 1693 824 obtemperes,
1748 739 1815 824 te:
1837 739 2114 824 accusa-bi-

509 809 660 877 Διιιιίἐ»
696 819 839 891 quod
878 833 999 873 cum
1026 817 1233 891 juvene
1271 815 1452 891 fueris.
1478 812 1569 891 Illa
1596 821 1772 891 autem
1801 809 1902 864 hoc
1931 810 2115 891 audito

529 882 782 948 sermone
811 882 1063 958 ingemuit
1081 886 1282 948 dicens,
1303 884 1562 958 Augustin;
1582 883 1704 935 mihi
1729 892 1845 936 sunt
1865 882 2106 958 undique.

529 951 988 1033 Eligendapo'tius
1017 969 1162 1012 mors
1190 963 1271 1033 est
1299 951 1402 1024 pro
1429 953 1694 1033 castitate,
1723 967 1884 1033 quam
1914 951 2113 1033 nuptiae

531 1023 754 1088 illicitre.
789 1023 869 1084 Illi
907 1038 1083 1082 autem
1125 1023 1321 1080 amissa
1364 1023 1564 1094 prtcda,
1615 1023 2106 1094 accusabantillam

526 1112 655 1159 ante
694 1100 941 1173 populum
976 1115 989 1150 :
1018 1098 1132 1151 haec
1167 1109 1307 1173 vero
1337 1091 1560 1173 tacebat
1589 1093 1857 1173 patientiae
1883 1091 2106 1173 lucrum

526 1164 1226 1238 cernensI_Ctitidettinaruiit
1254 1166 1399 1220 illam
1425 1165 1494 1220 ob
1515 1165 1762 1218 violatam
1784 1164 2104 1228 castitatem,

2026 272 2294 332 SPUlllA.

3709 269 3824 330 πθ

2237 392 2604 463 imposuerunt
2647 391 2719 445 illi
2762 405 2970 456 manus,
3013 391 3128 461 ipsa
3159 387 3412 463 pergebat
3447 386 3514 443 ad
3560 395 3808 442 mortem.

2230 457 2376 513 Vidit
2423 461 2648 528 populus
2692 457 3636 518 condemnationem:itniversorum
3683 469 3817 528 vero

2225 525 2469 602 citgnitnr
2495 525 2639 602 Deus
2665 533 2918 586 excitavit
2957 532 3214 602 Spiritum
3238 541 3489 602 sanctum
3517 542 3681 602 super
3713 525 3816 581 Da.

2226 599 2442 671 nielem,
2470 601 2567 671 qui
2588 602 2795 655 occulta
2818 599 3039 657 consilia
3065 601 3292 671 aperuit.
3333 600 3608 671 seniorum
3631 599 3816 671 impii:

2222 669 2456 724 dicitiain
2482 664 2804 747 “Susanna:
2849 664 3171 747 castitatem.
3222 670 3326 740 Ipsi
3374 670 3578 747 pudore
3617 664 3814 747 suffusi

2221 749 2384 806 sunt,
2418 752 2471 794 et
2494 740 2578 794 illa
2612 741 2908 810 glorillcata
2957 751 3039 796 est
3071 759 3084 794 :
3121 741 3174 795 hi
3213 737 3267 796 ni
3315 737 3570 810 infamia,
3616 738 3705 792 illa
3756 737 3812 791 in

2220 810 2409 880 gloria.
2448 807 2636 864 Nostis
2653 810 2793 879 quod
2821 812 3105 866 obsoaitnn
3129 813 3200 867 sit
3232 811 3504 880 patientia.
3537 807 3814 880 Quotquot

2220 879 2379 951 igitur
2411 877 2692 951 imaginem
2739 882 3011 950 patientia:
3056 877 3298 946 habetis,
3348 881 3449 936 hoc
3484 877 3812 934 desiderium

2217 950 2541 1022 aannlantini
2577 969 2589 1004 :
2624 951 2723 1022 Qui
2751 952 2884 1004 enim
2915 953 3306 1018 perseverath
3349 967 3506 1022 usque
3546 951 3599 1022 in
3629 951 3805 1022 ﬁnem,

2217 1019 2300 1074 hic
2327 1021 2495 1075 salvus
2520 1025 2613 1094 erit
2641 1020 2851 1094 (Matth.
2877 1021 2969 1076 ει.
3005 1022 3091 1092 13)
3121 1023 3172 1076 in
3195 1019 3556 1094 Christolesu
3584 1019 3811 1094 Domino

2216 1099 2425 1156 nostro,
2451 1093 2533 1146 cui
2564 1090 2730 1162 gloria
2758 1103 2812 1147 et
2840 1090 3122 1162 imperium
3153 1094 3205 1147 iit
3234 1092 3427 1148 swcnla
3459 1090 3806 1146 saeculorum.

2214 1163 2408 1217 Atncn.

527 1309 3820 1364 Μ

1624 1433 2668 1549 ΔΒΜθΠῙΤῙθ

1578 1625 1658 1688 1N
1701 1620 2179 1685 ORATIONEM
2223 1621 2725 1698 SEQUENTEM.

592 1781 715 1837 llaec
739 1779 913 1836 oratio
937 1773 1304 1848 ωηερε-»19]ηῇ
1337 1770 1553 1848 nomine
1575 1767 1802 1848 habetur
1830 1767 1882 1848 in
1904 1764 2103 1848 Codice

523 1836 776 1906 Vaticano
801 1848 927 1912 572,
959 1836 1171 1902 fol.'18.
1205 1843 1440 1898 llabetur
1469 1839 1719 1912 etianLin
1747 1837 1956 1912 duobus
1990 1836 2096 1890 Re-

519 1921 623 1989 giis
644 1961 659 1983 ,
709 1922 762 1990 in
795 1907 1106 1990 Anglicani}
1146 1915 1333 1990 Bai-oe.
1356 1953 1401 1990 ,_
1431 1912 1578 1990 et__in
1617 1907 2095 1990 Taprineiisiquo-

516 1976 660 2049 iam;
709 1989 842 2046 Vide
890 1976 1050 2044 Etiam
1085 1985 1334 2041 Lambee.
1358 1976 1442 2037 ἰ.
1477 1980 1564 2047 ιγ,
1595 1997 1647 2050 p.
1688 1978 1778 2034 94.
1828 1976 2091 2048 Editaque

2207 1766 2304 1845 ρείι
2348 1784 2377 1824 a
2432 1770 2600 1845 Savil.
2658 1771 2832 1845 1.6,
2866 1746 3067 1841 p.968.
3102 1773 3311 1845 otiique
3363 1775 3530 1830 [ει-ιω·
3578 1776 3799 1834 nomine

2203 1839 2569 1916 Cbrysostomi
2589 1859 2604 1905 ;
2626 1843 2732 1916 sed
2765 1839 2894 1916 nihil
2928 1845 3087 1899 habet
3116 1839 3505 1915 Chr'ysostomo
3530 1846 3748 1916 dignum
3777 1889 3797 1916 ,

2197 1917 2261 2034 in;
2297 1913 2522 2035 agisque
2555 1913 2638 1967 vel
2666 1915 3008 1970 mediocriter
3060 1913 3265 1986 peritus
3308 1916 3487 1971 statim
3536 1913 3792 1973 animati;

2219 1995 2230 2006 ο
2267 1996 2290 2032 r
2331 1997 2345 2015 ι
2375 2022 2389 2034 .

2219 1995 2389 2034 vertet.

524 2099 3763 2134 —__——_—.——————————-—-_—————-———-—_——

1824 2183 1906 2226 DE
1951 2180 2192 2225 SALUTE
2238 2181 2477 2260 ΔΝΙΜις.

1984 2317 2241 2338 ..ι-*ἠν

579 2429 875 2492 Carissimi,
906 2434 1168 2498 quotquot
1192 2441 1276 2480 res
1303 2425 1461 2494 hujus
1490 2424 1621 2498 vita;
1652 2437 1814 2498 vanas
1835 2429 1888 2476 et
1913 2421 2088 2476 ﬂuxas

509 2501 816 2570 reliquistis,
840 2494 1143 2570 concertate
1173 2510 1237 2570 ne
1264 2511 1474 2550 rursum
1496 2497 1548 2551 itt
1571 2494 1685 2548 illas
1709 2495 1946 2548 animum
1997 2510 2088 2570 ve-

514 2565 684 2626 strum
703 2569 1046 2625 convertatis.
1077 2565 1280 2636 Divitiae
1302 2581 1530 2636 namque
1558 2572 1858 2636 transeunt,
1891 2571 1942 2618 et
1971 2565 2087 2632 glo-

509 2641 588 2695 ria
620 2641 790 2709 perit,
843 2635 1184 2709 pulchritudo
1232 2635 1550 2699 marcescit,
1573 2635 1858 2709 omniaque
1877 2644 2084 2687 mutan-

509 2719 596 2766 tur
623 2705 676 2764 et
701 2705 1035 2764 sicut—fumus
1061 2706 1387 2776 dissipantur
1410 2745 1425 2771 ,
1453 2717 1614 2776 atque
1639 2713 1698 2776 nt
1729 2705 1914 2776 umbra
1949 2719 2085 2776 pra:-

507 2789 737 2840 tcrcnnt.
765 2789 818 2833 et
848 2789 898 2831 nt
923 2773 1552 2846 somniumdissipantur.
1599 2774 1722 2846 Ideo
1743 2773 1952 2846 dicebat
1971 2774 2069 2846 Sa-

505 2852 704 2911 lomon.
742 2848 950 2902 Vanitas
979 2847 1256 2900 sanitatum
1280 2886 1294 2908 ,
1341 2843 1511 2900 omnia
1553 2843 1797 2911 eanitas(
1836 2843 1996 2898 Eccli.
2023 2847 2073 2900 1.

504 2918 541 2976 2
569 2919 623 2990 );
657 2918 930 2989 Davidque
952 2918 1062 2972 ait:
1098 2916 1162 2970 In
1185 2917 1402 3038 imafine
1423 2916 1692 2986 pertransit
1723 2915 1872 2967 homo
1905 2912 2076 2984 (Psal.

505 2990 592 3038 38.
636 2991 668 3038 7
693 2991 730 3038 t.
759 2988 864 3038 Sed
888 2989 1078 3038 frustra
1099 2996 1288 3038 contur
1307 2997 1482 3038 iantur
1511 3000 1718 3038 omnes.
1753 2985 1841 3038 aui
1868 2999 1966 3038 nro
1991 3001 2076 3038 re-

505 2985 592 3045 58.
636 2991 668 3044 ’1
692 2991 730 3058 ).
759 2985 864 3044 Sed
888 2989 1078 3043 frustra
1099 2985 1486 3058 conturbantur
1511 3000 1718 3051 omnes,
1753 2985 1841 3054 qui
1868 2999 1966 3058 pro
1991 3001 2079 3040 re-

503 3060 602 3113 bus
628 3055 785 3128 huius
811 3060 930 3112 vitm
954 3067 1288 3128 concertant:
1313 3072 1436 3110 vere
1464 3055 1654 3109 frustra
1671 3057 2076 3122 conturbantur,

504 3127 709 3184 frustra
731 3130 1135 3190 tumultuantur,
1162 3127 1356 3180 frustra
1383 3128 1670 3194 agitantur,
1698 3134 2077 3181 concertantes

503 3209 558 3253 et
581 3199 896 3268 colligentes
917 3213 1001 3262 ea,
1024 3213 1144 3266 qua:
1172 3197 1328 3265 paulo
1367 3204 1487 3266 post
1512 3196 1748 3268 relicturi
1775 3205 1932 3268 sunt:
1956 3213 2076 3266 quae

503 3265 778 3323 nobiscum
806 3265 1079 3322 assumere
1111 3282 1213 3322 non
1243 3265 1562 3334 possumus;
1604 3265 1698 3319 sed
1717 3265 2066 3321 omnibus’re-

504 3340 642 3393 lictis
666 3379 681 3403 ,
726 3340 852 3393 nudi
881 3347 938 3390 ttt
969 3338 1076 3391 nati
1106 3350 1309 3401 sumus,
1345 3337 1410 3390 ad
1447 3335 1779 3390 tremendum
1833 3335 2073 3391 Judicem

500 3409 860 3472 migrabitnus.
896 3408 1110 3461 Etiamsi
1140 3421 1326 3460 omnes
1358 3407 1637 3461 thesauros
1665 3406 2070 3472 ent-raserimus,

500 3479 625 3531 nudi
656 3519 670 3540 ,
702 3477 994 3543 tenebrosi,
1021 3477 1370 3540 miserabiles,
1399 3478 1598 3538 tristes,
1626 3475 1870 3540 demissi,
1900 3475 2073 3530 humi-

503 3548 637 3608 liati,
665 3547 915 3610 contriti,
945 3545 1147 3612 timidi,
1185 3556 1509 3610 trementes,
1543 3546 1716 3602 mmsti
1743 3587 1757 3610 ,
1788 3545 2030 3601 dolentes
2053 3589 2068 3613 ,

499 3634 669 3687 prono
699 3618 763 3670 ad
791 3627 982 3671 terram
1009 3618 1179 3687 vultu,
1216 3617 1497 3684 ipsumque
1542 3631 1649 3684 pra:
1691 3615 1893 3687 pudore
1919 3617 2072 3671 obte-

540 3698 688 3742 entes
713 3705 727 3740 :
759 3687 835 3741 sic
863 3685 1207 3755 migrabimus
1227 3727 1241 3750 ,
1267 3687 1343 3740 sic
1390 3701 1751 3754 resurgentes.
1784 3686 1863 3739 sic
1890 3686 2071 3740 adsta-

540 3705 688 3742 entes
713 3705 727 3740 2
759 3705 835 3741 SIC
863 3705 1207 3755 "llgl'ilDllllUS
1227 3727 1241 3750 ,
1267 3705 1343 3740 SIC
1390 3705 1751 3754 resurgetnus.
1784 3705 1863 3739 SIC
1890 3705 2070 3740 aﬂSlil-

503 3705 682 3815 ﬁimus
703 3767 827 3812 ante
857 3756 1087 3810 tribunal
1117 3756 1244 3810 illud
1270 3756 1591 3810 horrendum
1612 3798 1626 3820 ,
1658 3757 1907 3810 acerbum
1933 3798 1946 3821 ,
1981 3759 2070 3811 ubi

500 3829 647 3883 nulla
677 3841 1026 3896 personarum
1079 3827 1336 3894 acceptio,
1375 3827 1461 3879 ubi
1485 3826 1660 3895 angeli
1693 3837 1945 3891 tremunt,
1983 3828 2069 3881 tibi

502 3895 975 3952 throni’terribiles
996 3906 1278 3964 ponuntur,
1305 3896 1391 3949 tibi
1417 3897 1533 3949 libri
1555 3906 1791 3950 actorum
1823 3898 2074 3964 aperiun-

500 3976 605 4033 tur,
641 3967 728 4020 ubi
780 3965 973 4020 ﬂuvius
1004 3967 1136 4035 ignis
1168 3966 1641 4035 inexstinguibilis,
1693 3966 1778 4035 ubi
1827 3968 2072 4022 immanis

502 4037 591 4091 ille
610 4038 840 4102 vermis,
867 4035 956 4089 ubi
992 4034 1225 4090 tenebrae
1261 4037 1379 4089 sine
1406 4034 1567 4100 luce,
1600 4036 1689 4088 ubi
1734 4034 1957 4105 frigidus
1981 4039 2069 4092 ille

501 4117 752 4172 tartarus,
788 4106 876 4161 ubi
902 4106 1099 4159 strido:
1124 4105 1362 4159 dentium
1385 4146 1399 4168 ,
1422 4107 1506 4158 ubi
1542 4107 1788 4175 lacrymze
1821 4108 2068 4161 intermi-

503 4177 727 4239 nabiles,
755 4177 844 4229 ubi
865 4175 1104 4245 gemitus
1131 4176 1220 4244 qui
1243 4177 1522 4244 comprimi
1552 4177 1752 4244 nequit,
1779 4177 1864 4231 ubi
1893 4178 2069 4232 luctus

497 4247 941 4305 inconsolabilis;
975 4247 1063 4298 ubi
1103 4263 1205 4298 non
1238 4257 1319 4300 est
1355 4249 1514 4306 risus,
1545 4245 1636 4299 sed
1666 4247 1939 4315 planctus;
1979 4248 2068 4301 ubi

498 4326 715 4388 nonest
737 4316 1130 4388 gaudinm,’sed
1148 4317 1374 4383 gemitus
1402 4331 1416 4380 ;
1451 4317 1536 4388 ubi
1575 4325 1777 4369 nonest
1804 4318 2067 4388 voluptas,

498 4385 592 4440 sed
613 4386 869 4454 judicium
898 4400 912 4448 ;
938 4387 1024 4439 ubi
1052 4402 1155 4439 non
1184 4394 1266 4438 est
1289 4402 1408 4449 vox,
1438 4385 1528 4438 sed
1561 4395 1776 4438 tremor.
1805 4385 2071 4441 Horribile

498 4466 582 4511 est
609 4457 813 4519 audire,
849 4455 1050 4520 dilecti,
1074 4454 1377 4509 horribilius
1401 4464 1482 4509 est
1507 4456 1688 4509 videre
1718 4471 1930 4509 omnem
1955 4473 2072 4510 cre-

501 4536 707 4581 aturam
741 4535 993 4588 stantem,
1027 4534 1078 4578 et
1108 4526 1370 4579 rationem
1418 4525 1746 4586 reddentem.
1776 4526 1842 4579 de
1864 4529 2030 4581 verbo
2051 4568 2066 4593 ,

499 4596 567 4650 dc
590 4611 779 4665 Opere,
810 4596 876 4649 de
904 4595 1340 4665 cogitationibus,
1388 4598 1538 4665 queis
1568 4596 1617 4649 in
1651 4605 1808 4651 nocte
1831 4606 1884 4650 et
1907 4602 1958 4649 in
1983 4599 2070 4652 die

496 4664 855 4736 peccavimus.
879 4664 1094 4733 Magnus
1120 4664 1444 4730 tunctimnr,
1493 4667 1704 4727 fratres,
1740 4683 1927 4735 magna
1971 4685 2068 4723 ne-

497 4738 741 4800 cessitas,
787 4736 958 4806 qualis
1007 4751 1293 4804 numquam
1326 4736 1444 4800 fuit,
1484 4751 1654 4803 neque
1679 4738 1780 4790 erit
1805 4754 1978 4806 usque
2002 4738 2068 4792 ad

498 4807 640 4860 diem
673 4807 838 4860 illam.
867 4805 1014 4858 Tunc
1041 4806 1210 4874 angeli
1241 4807 1665 4864 circuincursant
1692 4847 1706 4866 ,
1760 4805 1901 4860 tubae
1926 4810 2070 4862 elan-

498 4885 648 4945 gttnt,
665 4878 831 4930 stella:
845 4874 1059 4938 cadunt,
1080 4878 1159 4932 sol
1176 4876 1576 4942 obtenehratur,
1596 4878 1709 4929 ρωιὶ
1737 4879 2034 4932 convolvnn
2054 4908 2067 4917 -

499 4955 750 5012 tur,tet'ra
773 4947 1095 5006 concutitur,
1116 4956 1406 5012 potestates
1422 4958 1770 5013 praecurrunt,
1787 4948 2063 5016 Seraphim

497 5016 1008 5086 clatnant,superna,
1026 5017 1225 5077 intima,
1244 5019 1532 5078 terrestria,
1554 5016 1752 5071 inferna
1770 5019 2067 5086 turbantur,

495 5086 733 5156 sepulcra
746 5087 1297 5156 aperiuntur,eorpora
1319 5095 2069 5156 resurguntetcnngregantur,

493 5155 746 5224 judicium
761 5165 1062 5222 apparatur.
1083 5154 1272 5209 Multus
1288 5154 1834 5218 timor,ioenarrabilis
1849 5154 2065 5225 fremor,

494 5226 1063 5298 incomprehensibilis»
1091 5227 1380 5278 necessitas
1410 5243 1527 5294 qua:
1559 5237 1679 5283 tunc
1701 5230 1800 5283 erit
1834 5247 1847 5281 :
1881 5245 2067 5298 magna

494 5295 667 5348 hiems
688 5295 1204 5362 illa,niagnusdolor,
1220 5298 1391 5364 gravis
1412 5298 1700 5358 calamitas,
1745 5295 2071 5354 incessali'ilis

494 5366 774 5426 tumultus,
804 5379 1024 5432 magnus
1057 5367 1305 5418 ululatus.
1339 5367 1471 5420 Audi
1508 5369 1662 5434 igitur
1691 5370 1959 5421 Danielein
1985 5373 2034 5422 ιη

495 5443 704 5508 centeni
727 5452 741 5488 ε
765 5435 1151 5508 Aspiciebamin
1178 5437 1363 5487 visione
1385 5439 1562 5508 noctis,
1590 5439 1745 5489 donec
1777 5439 1945 5491 throni
1975 5458 2068 5508 p0-

491 5504 580 5577 siti
596 5518 732 5567 sunt,
752 5515 795 5561 et
817 5506 1050 5577 antiquus
1067 5505 1259 5577 dierum
1281 5508 1423 5558 sedit.
1444 5507 1794 5562 Vestimeutum
1823 5511 1930 5577 ejus
1945 5504 2068 5563 can-

493 5575 668 5647 didam
695 5577 820 5626 sicut
847 5575 935 5647 nix
955 5617 968 5639 ,
999 5574 1216 5642 capillus
1266 5578 1444 5645 capitis
1486 5580 1594 5646 ejus
1642 5596 1801 5647 purus
1830 5574 1880 5630 ut
1908 5582 2060 5641 lana,

494 5646 702 5701 thronus
727 5647 832 5714 ejus
855 5645 1085 5769 fortuna,
1117 5656 1241 5698 τοίω
1270 5649 1382 5707 eius
1410 5645 1538 5716 ignis
1560 5645 1819 5702 accensus.
1858 5649 2069 5704 Flavius

495 5719 665 5769 turmis
714 5715 851 5768 trahi:
887 5725 936 5768 at
971 5715 1022 5768 in
1051 5727 1318 5769 conspectu
1346 5718 1490 5769 eius:
1521 5719 1675 5769 millia
1704 5720 1920 5769 millium
1944 5722 2069 5769 assi-

495 5719 665 5788 igneus
714 5715 936 5769 trahebat
971 5715 1022 5768 in
1051 5727 1318 5786 conspectu
1346 5715 1490 5788 ejus:
1521 5719 1675 5773 milliu
1704 5720 1920 5773 millium
1944 5722 2071 5776 assi-

2191 2420 2387 2473 stebant
2417 2420 2480 2481 ei,
2505 2429 2551 2471 et
2573 2419 2736 2472 decies
2758 2419 2939 2473 millies
2978 2421 3108 2473 dena
3134 2420 3296 2475 millia
3318 2423 3669 2479 ministrabant
3697 2429 3747 2481 ei
3764 2444 3786 2484 :

2180 2491 2435 2555 judicium
2453 2491 2599 2564 sedit,
2631 2499 2676 2564 et
2700 2490 2814 2564 libri
2839 2493 3002 2564 aperti
3027 2503 3164 2564 sunt.
3196 2490 3460 2546 Iit/torruit
3481 2505 3600 2549 tunc
3622 2499 3784 2564 spiri-

2191 2571 2270 2615 tus
2297 2578 2453 2614 incus.
2488 2559 2592 2630 Ego
2619 2559 2800 2630 Daniel
2824 2562 2945 2622 vidi,
2973 2577 3018 2614 et
3042 2562 3165 2614 visio
3186 2564 3366 2628 capitis
3387 2565 3485 2618 mei
3505 2559 3781 2623 conturba-

2190 2632 2260 2684 rit
2287 2647 2363 2684 me
2392 2629 2552 2702 (Dan.
2588 2630 2636 2702 77.
2752 2631 2833 2685 10.
2869 2632 2960 2701 15)
3018 2631 3172 2702 Papa:
3199 2635 3211 2688 !
3247 2633 3500 2702 propheta
3520 2639 3585 2690 ad
3616 2638 3779 2694 visio-

2190 2717 2313 2756 nem
2341 2701 2504 2755 futuri
2533 2701 2716 2774 iudicii
2750 2702 3031 2756 inhorruit.
3066 2701 3267 2774 Ecquid
3299 2701 3396 2757 nos
3427 2709 3631 2774 passuri
3675 2727 3775 2763 su-

2188 2788 2324 2834 tnus,
2351 2786 2471 2825 cum
2495 2771 2558 2824 ad
2589 2785 2675 2824 res
2706 2772 2846 2841 ipsas
2871 2773 3273 2841 pcrt'rnerimns
3290 2775 3313 2827 ?
3333 2771 3453 2828 cum
3471 2777 3538 2831 ab
3565 2780 3776 2837 oriente

2185 2843 2300 2896 sole
2334 2856 2502 2910 usque
2531 2841 2599 2894 od
2621 2840 3286 2918 occidentemcimgregati
3316 2845 3587 2918 aderimus
3613 2851 3764 2918 nttdi,

2185 2922 2238 2967 et
2266 2928 2386 2966 eum
2415 2921 2924 2982 onuspeccatornm
2958 2914 3010 2966 in
3043 2914 3183 2966 collo
3234 2916 3466 2982 positum
3521 2914 3772 2976 omnibus

2183 2980 2579 3055 ostendemus?
2620 2981 2767 3035 Tunc.
2824 2980 3256 3055 blasphctnornm
3310 2985 3503 3055 linguae
3534 2989 3770 3047 llanimis

2183 3053 2496 3124 ardebant,
2516 3060 2571 3108 et
2611 3067 2769 3106 nemo
2796 3054 2896 3106 erit
2935 3056 3025 3124 qui
3059 3053 3536 3123 refrigeren'tnnc
3579 3059 3766 3118 obtre-

2182 3132 2445 3177 ctatorum
2469 3123 2655 3177 dentes
2672 3130 3017 3196 conterentur
3039 3139 3068 3176 a
3093 3126 3329 3178 trucibus
3357 3128 3561 3196 angelis
3585 3146 3599 3192 ;
3635 3138 3764 3186 tunc

2181 3207 2462 3248 avarorum
2491 3209 2677 3247 manus
2703 3193 2992 3260 pendentes
3020 3205 3268 3255 trement.
3292 3209 3338 3250 et
3371 3193 3765 3257 excarnificati:
3794 3213 3806 3226 '

2181 3263 2420 3319 dolorem
2449 3263 2672 3318 afferent
2693 3281 2706 3326 ;
2727 3275 2864 3335 tunc
2894 3274 3210 3334 nugatorttm
3228 3281 3317 3318 ora
3336 3269 3451 3335 igne
3469 3269 3763 3324 ObSII‘UCIIo

2183 3343 2302 3399 tur;
2331 3344 2456 3388 tunc
2483 3333 2830 3388 annuentinm
2862 3333 3000 3388 oculi
3026 3333 3492 3391 cll'ndientnusine
3540 3341 3756 3395 miseri-

2181 3405 2382 3458 cordia.
2413 3403 2512 3476 lJbi
2542 3414 2666 3458 tunc
2693 3414 2961 3472 parentes,
2982 3405 3079 3476 tibi
3109 3406 3320 3471 fratres,
3353 3408 3437 3460 tibi
3467 3420 3635 3476 pater.
3667 3413 3758 3466 ubi

2181 3485 2371 3538 mater,
2398 3474 2484 3528 ubi
2514 3477 2753 3542 cognati,
2780 3476 2865 3546 ubi
2889 3475 3044 3528 amici
3072 3476 3095 3527 ?
3137 3476 3224 3529 ubi
3252 3493 3434 3546 regum
3462 3474 3648 3544 l‘astns,
3669 3482 3757 3536 ubi

2181 3546 2478 3626 principum
2515 3554 2768 3626 potestaﬂs,
2795 3545 2886 3626 _tt_bi
2937 3554 3284 3626 tyrannorum
3304 3545 3631 3626 arrogantia,
3667 3554 3756 3607 ubi

2172 3613 2411 3683 judicum
2443 3614 2734 3681 superbia?
2759 3613 2844 3667 ubi
2877 3613 3038 3679 servi,
3074 3616 3160 3668 ubi
3199 3618 3406 3670 ancillae
3428 3613 3460 3670 ⁴ἷ
3481 3620 3566 3670 ubi
3601 3627 3758 3678 luxus

2178 3686 2639 3755 vestimentorum,
2675 3685 2759 3737 ubi
2792 3685 3001 3738 colores
3051 3700 3418 3755 gemmarum,
3469 3690 3553 3743 ubi
3588 3690 3757 3747 fastus

2177 3755 2317 3817 auri,
2348 3753 2435 3808 ubi
2459 3769 2622 3808 sonus
2639 3756 2841 3822 argenti
2871 3760 2894 3805 Ἰν
2918 3755 3002 3808 ubi
3029 3753 3250 3810 ornatus
3280 3759 3622 3823 annulorutn,
3665 3763 3751 3816 ubi

2176 3825 2386 3879 calceus
2410 3825 2595 3892 pedem
2617 3827 3087 3894 circumstringens
3107 3867 3122 3890 ,
3162 3826 3249 3882 ubi
3272 3829 3437 3882 serica
3467 3831 3756 3885 vestimen-

2178 3903 2250 3967 ta,
2285 3895 2369 3949 ubi
2401 3895 2775 3967 byssina??ubi
2826 3910 3011 3967 carnes
3033 3897 3170 3967 ,rubi
3223 3909 3491 3967 unguenta
3523 3910 3574 3953 et
3603 3917 3752 3956 vanre

2177 3965 2592 4034 l'umigationesi
2632 3966 2718 4018 tibi
2747 3966 3001 4019 reconditi
3032 3966 3267 4020 thesauri
3295 3965 3316 4032 ζ
3341 3969 3427 4021 ubi
3455 3973 3626 4024 ornati
3671 3973 3750 4026 le-

2179 4037 2250 4090 cti
2280 4036 2419 4108 ?7ubi
2449 4034 2604 4108 iiqul
2629 4034 2989 4108 despiciebant
3023 4038 3324 4104 pauperes?
3357 4039 3444 4093 ubi
3473 4041 3504 4092 ii
3542 4041 3629 4108 qtti
3658 4058 3755 4096 ne~

2174 4107 2441 4178 gligﬁebant
2472 4106 2706 4178 illosqui
2733 4105 2782 4178 in
2814 4108 3129 4178 necessitate
3154 4108 3346 4162 erant?
3368 4110 3453 4162 ubi
3478 4105 3663 4178 illi'qni
3692 4126 3752 4166 se

2175 4175 2727 4248 sapientesputabant
2754 4175 2777 4228 ?
2811 4176 2896 4248 ubi
2911 4178 3010 4248 qui
3041 4193 3161 4230 cum
3200 4180 3463 4248 tympanis
3491 4190 3543 4232 et
3569 4175 3748 4236 choris

2175 4247 2356 4299 vinum
2403 4246 2694 4298 bibebant?
2749 4248 2834 4298 ubi
2872 4245 2946 4300 illi
2987 4248 3074 4313 qui
3129 4245 3343 4316 semper
3392 4249 3751 4313 ridebant,ct

2179 4316 2277 4383 piis
2311 4315 2604 4368 illudebant
2633 4316 2654 4367 ?
2684 4317 2768 4369 ubi
2799 4317 2869 4369 illi
2901 4318 2988 4386 qui
3019 4332 3202 4370 servos
3235 4315 3372 4372 male
3401 4318 3741 4386 afliciebant,

2177 4397 2228 4439 et
2263 4386 2507 4439 timorem
2544 4386 2635 4438 Dei
2670 4387 2817 4439 nihili
2867 4387 3216 4453 pendebant?
3250 4390 3336 4441 ubi
3371 4390 3551 4457 illiqui
3581 4392 3743 4446 ultio-

2179 4471 2298 4510 nem
2325 4457 2558 4509 divinant
2612 4472 2720 4508 non
2772 4458 3080 4519 credebant,
3122 4468 3175 4512 et
3214 4459 3365 4526 quasi
3419 4461 3746 4516 immortales

2177 4526 2523 4579 versabantur
2550 4527 2572 4577 ?
2601 4526 2688 4578 ubi
2734 4534 2860 4578 sunt
2889 4528 2976 4594 qui
3000 4527 3286 4582 dicebant:
3315 4531 3671 4584 Comedatnus
3692 4543 3748 4587 et

2177 4596 2440 4669 bibamus,
2467 4597 2758 4669 crasenim
2781 4597 3104 4669 moriemur?
3126 4599 3212 4651 ubi
3235 4609 3358 4652 sunt
3387 4601 3458 4653 illi
3481 4601 3570 4669 qui
3602 4603 3748 4657 ilice-

2177 4667 2301 4720 bant
2337 4687 2349 4721 :
2386 4667 2454 4718 Da
2481 4666 2606 4719 mihi
2641 4667 2954 4719 hodiernum
3004 4666 3167 4732 diem,
3192 4678 3247 4722 et
3268 4685 3417 4724 sume
3445 4666 3538 4725 tibi
3561 4674 3750 4724 crasti-

2179 4738 2348 4790 num?
2381 4737 2464 4791 tibi
2490 4738 2715 4808 suntqui
2749 4736 2999 4808 dicebant
3036 4753 3048 4789 :
3079 4737 3340 4792 Fruamur
3366 4744 3745 4808 prmscntilms,

2176 4819 2230 4862 et
2258 4809 2323 4862 de
2345 4808 2446 4862 illis
2476 4805 2796 4860 videamus?
2828 4805 2914 4858 ulti
2938 4816 3060 4860 sunt
3088 4809 3176 4874 qni
3207 4805 3472 4863 dicebant:
3501 4811 3749 4867 Clemens

2178 4889 2258 4932 est
2295 4879 2451 4943 Deus,
2481 4885 2790 4949 peccatores
2819 4891 2924 4928 noti
2944 4878 3136 4949 puniet
3157 4878 3179 4930 ?
3204 4878 3248 4933 Ο
3275 4890 3528 4947 quantum
3577 4884 3749 4949 pomi-

2180 4949 2310 5003 tenit
2336 4963 2430 5003 eos
2461 4949 2548 5015 qui
2584 4947 2703 4999 talia
2726 4946 2955 5018 dicunt!
2989 4960 3240 5016 quantum
3269 4946 3541 5018 lngebunt,
3573 4946 3621 5005 et
3652 4968 3748 5003 ne-

2177 5035 2265 5073 mo
2297 5019 2634 5073 miserebitur
2685 5017 2894 5069 illorum
2931 5019 2941 5070 ε
2988 5031 3243 5085 quantum
3297 5017 3670 5088 ingetttiscent,
3696 5032 3745 5074 et

2177 5105 2334 5143 nemo
2366 5089 2618 5142 redimet!
2649 5096 2841 5155 quanta
2872 5101 2989 5139 sese
3021 5099 3350 5143 macerantes
3378 5091 3586 5144 dicent:
3620 5091 3746 5145 Vze!

2181 5162 2302 5229 quia
2333 5159 2484 5213 nobis
2516 5157 2775 5210 illusimus
2801 5173 2815 5219 ;
2845 5173 2923 5229 \‘iE
2950 5158 2963 5210 !
2995 5159 3114 5226 quia
3149 5175 3244 5212 nos
3275 5162 3616 5227 perdidimus.
3655 5163 3750 5214 Do-

2177 5228 2450 5293 c’ebantur,
2482 5237 2536 5300 et
2562 5241 2665 5280 non
2698 5228 3021 5300 attendimus
3049 5243 3063 5280 :
3096 5231 3464 5295 t'nonebatnur,
3498 5243 3548 5284 et
3575 5233 3754 5300 despi'

2178 5301 2480 5354 ciebamus:
2511 5298 2623 5350 hate
2654 5297 3070 5352 testilit-abantur
3100 5301 3272 5362 nobis,
3293 5310 3342 5350 et
3368 5317 3471 5353 non
3500 5297 3756 5354 credeba-

2185 5387 2303 5424 lttUS
2331 5390 2341 5422 :
2367 5369 2490 5421 dunt
2517 5370 2822 5437 Scripturas
2845 5369 3172 5431 audiremus,
3225 5387 3319 5423 nos
3350 5373 3493 5436 ipsos
3522 5375 3570 5424 in
3597 5388 3751 5425 erro-

2179 5440 2635 5494 Icmindnxitntts.
2680 5438 2887 5492 Justum
2933 5439 3190 5506 judicium
3257 5441 3347 5494 Dei
3382 5457 3395 5494 :
3425 5443 3580 5509 digna
3610 5445 3753 5495 enim

2180 5513 2244 5566 iis
2265 5528 2380 5578 qua:
2404 5510 2644 5571 fecimus,
2679 5509 2983 5577 recipimus.
3019 5510 3110 5564 Va:
3159 5512 3332 5575 nobis,
3385 5516 3508 5580 quia
3538 5524 3757 5580 propter

2180 5592 2577 5649 tetnpnraneam
2607 5581 2954 5646 voluptati-tn,
2985 5591 3241 5633 aeternum
3273 5583 3612 5635 cruciantur!
3661 5598 3755 5649 pro

2180 5649 2370 5705 modici
2400 5649 2654 5716 temporis
2691 5651 2888 5703 incuria
2917 5652 2967 5702 in
3003 5660 3258 5704 internum
3287 5653 3460 5720 ignem
3489 5653 3752 5721 demergi-

2184 5738 2334 5788 mur;
2366 5731 2580 5790 propter
2611 5735 2802 5773 vanam
2831 5722 3052 5790 gloriam
3079 5737 3104 5774 a
3129 5723 3292 5794 gloria
3329 5723 3420 5778 Dei
3439 5723 3754 5787 excidinms;
