4056 6412
225 457 326 511 7ῗῆ

223 580 446 626 centeni
496 560 1122 636 depreltendat,_ct_t_ihi
1154 559 1351 636 malum
1381 566 1435 613 et
1464 557 1592 636 mihi
1624 558 1826 612 luctum

225 628 602 710 laerytnasque
631 634 966 710 conciliabis.
999 632 1090 710 ille
1133 628 1824 710 vero‘hisnon‘obtempe-

225 697 373 773 rans',
407 697 536 761 illud
559 749 575 770 ,
602 710 726 771 Ave,
761 704 926 774 gratia
956 703 1129 771 plena.
1163 699 1488 774 proferebat.
1520 697 1822 766 (Συκῆν-ραι

232 769 398 848 Virgo
421 779 539 843 ejus
564 769 991 848 iperset'erantia,
1021 785 1208 826 aurem
1239 769 1826 848 praebuit._ut.accura-

227 838 594 904 tinsvdiceiiti's
621 861 841 912 scopum
869 842 1135 912 edisceret
1149 859 1170 912 ιτ
1201 838 1538 912 atque__illud,
1562 838 1681 901 Are,
1702 854 1826 912 gra-

227 923 301 972 tia
331 919 504 989 pleno,
531 908 940 989 postca'accepit
972 910 1316 989 admisitque.
1357 908 1602 989 lllenvero
1632 908 1822 989 p'ergit,

231 976 693 1044 Dominari-ccum.
731 983 800 1039 Ut
825 976 1002 1037 autem
1027 976 1226 1034 audivit
1262 979 1420 1045 Virgo
1446 978 1572 1032 illttd
1596 1019 1610 1040 ,
1637 976 1823 1030 Domi-

231 1077 328 1114 nus
357 1069 519 1112 tecum
540 1099 554 1118 ,
586 1058 890 1120 loquentem
921 1053 1098 1105 statim
1130 1052 1272 1103 intus
1300 1049 1600 1120 advocavit.
1647 1047 1827 1100 Domi-

231 1144 387 1191 num,
413 1127 603 1196 inquit,
633 1119 1017 1196 tecutn__ali'ers,
1043 1123 1186 1196 intus
1216 1119 1587 1196 ingredere,et
1608 1132 1705 1196 cur
1731 1133 1825 1196 ve-

232 1188 383 1254 neris
427 1188 534 1250 ciio
586 1188 763 1249 narra.
809 1193 942 1247 Tum
990 1193 1210 1254 angelus
1257 1207 1270 1243 :
1308 1189 1438 1241 Ecce
1480 1188 1730 1256 concipies
1773 1188 1826 1240 in

231 1279 396 1330 utero,
419 1276 464 1318 et
488 1267 652 1335 paries
675 1265 858 1332 ﬁlium,
883 1274 930 1335 et
945 1263 1141 1335 vocabis
1166 1275 1345 1335 nomen
1367 1260 1475 1328 ejus
1490 1257 1790 1335 Emmanuel
1807 1272 1826 1310 :

232 1340 318 1392 hic
342 1329 436 1390 erit
468 1329 703 1403 magnus,
742 1335 879 1388 Deus
909 1332 1083 1398 tortis,
1121 1332 1391 1403 princeps
1405 1329 1570 1403 pacis,
1608 1337 1823 1403 potens,

237 1417 392 1476 pater
435 1398 594 1460 futuri
623 1405 826 1458 smculi.
862 1404 945 1476 Ad
975 1403 1088 1476 huic
1108 1398 1280 1476 -_Virgo
1304 1398 1323 1464 ,
1347 1398 1593 1476 Nondum
1625 1400 1823 1476 nuptiie

233 1468 364 1532 sunt
385 1519 401 1541 ,
434 1477 672 1548 nondum
731 1472 1325 1548 nuptialisA-tltalamus,
1356 1480 1409 1523 et
1456 1469 1566 1548 jam
1600 1468 1824 1548 partus?

236 1538 396 1614 Quid
424 1546 591 1600 facias
623 1561 727 1598 non
763 1538 946 1596 babes.
992 1543 1045 1596 Si
1080 1550 1262 1614 utpote
1303 1540 1616 1608 peregrinus
1644 1538 1824 1607 aliquo

233 1612 498 1688 indigeas.
520 1617 704 1688 accipe
723 1625 776 1669 et
808 1614 961 1678 vade,
995 1624 1053 1688 et
1071 1628 1139 1666 ne
1165 1612 1536 1688 intempestive
1564 1625 1685 1688 qua:
1714 1622 1813 1688 ne-

233 1678 699 1743 seis'vaticiucris.
734 1688 980 1738 Attamen
1013 1684 1056 1735 si
1097 1681 1419 1748 concipiam,
1469 1693 1533 1748 ex
1585 1678 1822 1746 .Iosepho

238 1760 444 1826 utique.
475 1755 609 1810 Tum
639 1756 860 1826 angelus
891 1770 902 1806 :
933 1753 1050 1826 Non
1083 1761 1134 1806 te
1173 1747 1423 1826 deeipio:
1460 1747 1562 1826 Hii:
1587 1750 1681 1801 erit
1709 1765 1822 1802 nta-

235 1820 391 1900 gnn's.
442 1827 670 1895 [teponit
717 1820 925 1891 Virgo:
969 1822 1248 1900 Quomodo
1289 1820 1554 1900 magnus?
1590 1833 1822 1900 sponsus

237 1890 394 1952 incus
425 1890 625 1967 panper
646 1890 838 1967 est._ct
862 1908 961 1962 ego
989 1893 1275 1967 admodum
1299 1890 1455 1958 inops
1479 1905 1492 1945 ;
1523 1890 1823 1959 possessio-

239 1983 337 2022 nes
370 1965 476 2020 non
517 1965 641 2020 sunt
683 1965 812 2020 mihi
839 2006 852 2030 ,
889 1965 1125 2034 pecuniis
1151 1975 1399 2034 caremus
1423 2001 1439 2027 ,
1468 1975 1669 2034 genere
1688 1973 1821 2012 con-

236 2039 409 2106 spicui
444 2052 546 2091 non
578 2050 799 2098 sumus,
833 2031 1224 2106 et'bposteaﬁad
1263 2046 1484 2086 censum
1526 2031 1816 2106 trahimur.

238 2099 559 2164 Iiidraelmta
595 2108 783 2169 solvet,
813 2115 870 2158 et
898 2099 1066 2170 dicis,
1112 2103 1226 2158 Erit
1277 2100 1540 2170 magnus?
1593 2099 1816 2162 Desiste,

235 2179 440 2234 desiste
477 2193 507 2231 a
552 2177 741 2243 talibus
783 2175 1076 2243 promissis.
1123 2175 1212 2227 Ait
1248 2172 1469 2240 angelus
1517 2188 1530 2224 :
1576 2170 1630 2243 Id
1678 2172 1820 2243 quod

239 2230 422 2303 minus
450 2230 532 2301 οὲι
552 2230 671 2300 ’noo
700 2230 910 2299 credis?
952 2244 999 2298 id
1027 2244 1168 2313 quod
1200 2230 1372 2313 majus
1399 2241 1642 2313 estvelis
1684 2230 1821 2313 Ii_olis

238 2319 428 2386 accipe
461 2334 474 2370 :
505 2316 671 2370 Filius
697 2316 942 2368 Altissinn’
974 2311 1244 2386 iocabitur.
1288 2312 1422 2367 Tum
1455 2311 1616 2386 _Vir_go
1646 2329 1659 2364 :
1700 2311 1818 2365 Jam

241 2382 376 2443 hinc
395 2387 647 2451 abscede,
679 2401 745 2439 ne
771 2385 949 2439 audiat
971 2385 1168 2454 Joseph
1200 2395 1253 2437 et
1281 2382 1650 2454 sacerdotibus
1679 2397 1819 2434 nun-

237 2461 354 2522 tiet,
386 2466 441 2510 et
469 2459 556 2529 qui
587 2456 836 2525 conjugio
863 2458 1101 2529 privatur
1122 2497 1134 2519 ,
1168 2454 1466 2529 securitihi
1494 2453 1691 2529 collum
1721 2454 1818 2529 ah-

235 2529 466 2587 scindat.
487 2522 814 2598 'qniaprope
845 2522 928 2580 me
957 2526 1325 2598 alloipteriset
1349 2522 1634 2598 in_l‘o_ribns
1661 2522 1815 2577 cella:

238 2614 391 2654 mete.
421 2594 680 2652 Ex'cwlo
711 2594 836 2650 mihi
888 2611 1143 2664 sponsum
1185 2594 1495 2662 polliceris?
1528 2607 1693 2662 ecqua
1726 2608 1818 2645 na-

238 2678 356 2724 tura
415 2670 466 2723 in
506 2669 639 2722 crelo
681 2668 984 2737 conjugium
1032 2666 1279 2737 expetit»?
1319 2664 1582 2737 geli-stes
1629 2678 1819 2716 omnes

235 2739 459 2810 Spiritus
489 2734 795 2805 incorporei
837 2734 1476 2810 euut__:_qt10tnodoigitur
1507 2735 1818 2799 incorporea

235 2803 511 2877 corporeis
540 2803 944 2862 miscebantur?
967 2803 1099 2860 'l‘uin
1128 2805 1378 2876 angelus:
1402 2803 1491 2877 Exi
1511 2817 1737 2877 corpore
1758 2811 1813 2858 et

234 2873 425 2948 incorp
463 2895 555 2932 reo
607 2878 771 2932 Filius
820 2878 1072 2932 AltiSsimi
1123 2873 1422 2932 vocabitur.
1469 2876 1539 2928 At
1587 2873 1745 2948 Virgo
1801 2892 1815 2927 :

237 2946 403 3005 Unde
426 2960 626 3017 patrem
661 2949 877 3003 habebit.
908 2950 950 3000 is
993 2963 1152 3017 quem
1183 2948 1316 3000 dicis
1347 2961 1414 2998 ex
1444 2962 1530 2998 me
1577 2946 1817 3017 nascitu-

235 3021 397 3074 rum?
427 3014 748 3087 Respondet
789 3014 1045 3088 angelus:
1082 3018 1192 3072 lloc
1219 3018 1359 3071 enim
1392 3025 1472 3069 est
1493 3057 1509 3081 ,
1544 3031 1576 3066 ο
1619 3014 1814 3088 Virgo,

236 3090 525 3144 admodum
551 3085 814 3151 mirabile,
839 3085 957 3157 quia
992 3090 1161 3142 virmn
1192 3104 1294 3140 non
1321 3099 1633 3154 cognosces,
1663 3095 1718 3138 et
1750 3085 1815 3139 il-

235 3159 344 3214 luttt
371 3177 530 3228 quent
563 3161 685 3212 dico
729 3161 820 3212 tibi
853 3161 1048 3228 paries,
1078 3174 1141 3213 ac
1169 3174 1302 3228 puer
1331 3159 1418 3210 ille
1452 3157 1682 3228 pupillus
1711 3172 1815 3210 non

236 3226 554 3300 reperietur.
590 3230 665 3283 Ex
693 3226 961 3284 ntero‘tno
994 3226 1300 3299 egredietur
1336 3268 1351 3292 ,
1399 3238 1453 3280 et
1482 3226 1676 3300 ostium
1711 3243 1816 3300 non

238 3299 425 3363 licilet,
475 3315 573 3354 nec
601 3301 954 3369 virginitatem
984 3302 1196 3352 amittes
1218 3340 1230 3362 ,
1259 3309 1305 3353 et
1351 3311 1531 3369 natum
1576 3299 1814 3369 lactabis.

237 3371 494 3424 infantem
526 3371 575 3424 iit
601 3368 739 3423 ulnis
763 3371 918 3432 feres,
951 3369 1226 3438 ipsumque
1244 3383 1398 3437 Supra
1414 3368 1713 3438 tlltcrnbitn
1726 3383 1818 3420 se-

233 3441 451 3495 dentem
470 3442 695 3495 videbis.
726 3440 858 3494 llmc
887 3455 952 3494 ex
971 3436 1038 3494 te
1067 3436 1191 3492 nato
1223 3436 1372 3491 Dabit
1399 3437 1649 3491 Dominus
1681 3436 1819 3491 Deus

228 3513 411 3564 ’sctlent
449 3511 616 3564 David
650 3512 809 3579 patris
851 3513 951 3574 sui,
980 3521 1023 3563 et
1053 3510 1278 3580 regnabit
1308 3510 1361 3580 in
1401 3510 1551 3580 domo
1578 3507 1739 3580 Jncgb
1766 3511 1818 3561 in

235 3595 503 3644 (sternunt,
533 3592 579 3634 ct
601 3582 866 3651 regniejus
891 3597 988 3634 non
1018 3583 1109 3633 erit
1131 3582 1247 3649 linis
1272 3579 1420 3649 (an.
1455 3580 1510 3651 l.
1540 3579 1654 3648 5:2).
1683 3579 1818 3634 Tum

239 3651 441 3722 Virgo:
477 3651 572 3705 Vel
614 3649 809 3706 invitus
857 3652 1121 3721 loquendo
1161 3655 1339 3721 lapsus
1360 3665 1444 3722 es.
1478 3649 1551 3703 Os
1591 3659 1737 3722 tuum
1769 3660 1819 3704 te

237 3720 476 3785 accusat,
509 3722 643 3776 labia
673 3734 757 3777 tua
789 3733 837 3777 te
861 3720 1182 3791 redarguunt
1207 3720 1222 3786 ;
1253 3721 1408 3791 paulo
1428 3732 1552 3776 ante
1579 3720 1818 3784 dicebas,

240 3791 411 3845 Filius
445 3793 691 3846 Altissimi
727 3793 1021 3856 vocabitur;
1048 3803 1099 3846 et
1130 3809 1269 3846 nunc
1308 3793 1443 3845 dicis
1471 3793 1634 3844 lilium
1659 3791 1820 3844 Dati-

238 3864 357 3925 dis;
411 3865 530 3931 quis
573 3863 656 3917 hic
703 3878 880 3918 sermo
929 3863 1047 3917 est?
1098 3864 1199 3917 Pro
1243 3864 1408 3917 lubito
1450 3872 1539 3916 tuo
1583 3873 1819 3917 mentem

241 3949 416 3987 meam
440 3935 504 3986 ad
537 3935 723 3986 caelum
753 3934 984 3996 extollis,
1013 3942 1068 3988 et
1091 3943 1273 4002 postea
1301 3949 1511 3987 rursum
1543 3933 1593 3987 in
1625 3942 1820 3987 terram

240 4005 448 4071 dejicis.
481 4004 574 4056 Cui
609 4008 771 4057 verbo
797 4005 1031 4066 credam,
1068 4005 1308 4071 primone
1337 4019 1403 4056 an
1437 4002 1710 4057 secundo?
1733 4004 1820 4055 Di-

241 4077 320 4128 cis
363 4076 526 4136 enim,
566 4073 720 4127 Dabit
762 4075 837 4128 illi
882 4074 1128 4128 Dominus
1167 4075 1402 4127 thronum
1449 4073 1617 4127 David
1665 4075 1823 4142 patris

243 4160 395 4215 ejus;
427 4156 469 4196 ct
498 4148 635 4213 regni
658 4148 765 4215 cjns
796 4162 896 4198 non
926 4148 1016 4197 crit
1051 4147 1187 4212 linis.
1220 4144 1404 4198 Nullus
1431 4161 1524 4199 rex
1553 4146 1822 4199 immorta-

246 4215 311 4267 lis
341 4214 454 4277 fuit,
483 4218 658 4268 nullus
679 4214 1027 4270 communem
1063 4219 1218 4269 linem
1263 4215 1445 4284 etTugit
1477 4234 1488 4268 :
1523 4230 1711 4270 omnes
1740 4216 1823 4268 iu-

245 4284 389 4338 vadit
419 4301 561 4338 mors
594 4297 647 4339 ιιι
677 4288 911 4350 domina,
942 4301 1131 4340 omnes
1159 4303 1184 4337 a
1221 4289 1491 4340 vcrmtbus
1518 4287 1780 4340 roduntur
1809 4304 1821 4338 :

246 4357 420 4408 lttllltls
449 4372 538 4408 rex
573 4357 762 4410 interni
794 4369 998 4426 portam
1027 4357 1212 4426 ellugit
1237 4375 1248 4409 :
1275 4358 1522 4410 ommbus
1553 4373 1698 4410 mors
1729 4358 1826 4408 im-

247 4435 421 4494 perat,
452 4442 638 4480 omnes
660 4429 708 4480 in
760 4429 1021 4496 Sepulcris
1051 4430 1283 4481 tllSlOdll.
1315 4444 1327 4481 :
1355 4443 1513 4481 nemo
1547 4428 1662 4496 ejus
1693 4426 1824 4480 retia

247 4498 527 4562 transilit,
589 4515 746 4551 nemo
795 4499 914 4566 ejus
963 4499 1178 4566 laqueos
1226 4498 1426 4566 clfugit.
1461 4498 1647 4551 Nonne
1700 4497 1824 4552 Sai'tl

246 4579 492 4620 mortuus
551 4579 653 4633 cst,
710 4570 797 4638 qui
850 4570 1053 4636 primus
1099 4571 1246 4638 regni
1293 4570 1536 4622 diadema
1588 4569 1826 4636 accepit?

247 4654 424 4691 nonne
473 4639 633 4692 David
673 4643 758 4708 qui
792 4650 983 4693 unctus
1007 4653 1068 4693 ex
1111 4654 1274 4692 cornu
1313 4639 1415 4692 olei
1461 4641 1828 4693 manil‘estatus

244 4716 328 4761 est
353 4709 375 4759 ’ἶ
405 4725 581 4762 noutte
607 4712 818 4764 Samuel
841 4725 1021 4778 regulo
1055 4717 1222 4776 pater,
1256 4711 1343 4779 qui
1379 4726 1470 4778 per
1500 4713 1674 4764 oleum
1705 4724 1826 4763 eum

245 4779 333 4850 qui
358 4780 550 4848 dignus
569 4790 684 4834 erat
710 4781 975 4835 indicabat
992 4790 1044 4834 et
1063 4780 1336 4849 indignum
1357 4782 1586 4850 pelli-bat
1607 4782 1629 4832 ’ἶ
1651 4795 1830 4834 nonne

246 4849 500 4903 Salomon
527 4852 978 4917 sapientissimus,
1011 4853 1098 4917 qui
1145 4867 1240 4918 per
1265 4849 1501 4920 gladium
1531 4851 1830 4906 meretricis

248 4920 523 4974 mendacia
558 4920 868 4992 redarguit?
912 4936 1090 4975 nonne
1119 4920 1374 4976 Ezechias
1399 4963 1412 4986 ,
1463 4925 1551 4991 qui
1583 4923 1830 4992 lacrymis

247 4994 436 5044 mortis
482 4995 800 5046 sententiam
846 4993 1079 5045 avertit?
1109 5002 1162 5049 et
1192 4993 1461 5061 quomodo
1492 4993 1631 5047 ﬁlius
1679 5007 1831 5044 mens

246 5062 490 5130 regnabit
516 5063 566 5115 in
593 5073 853 5117 :cternum
875 5067 896 5114 ’ξ
929 5063 1235 5133 Respondet
1262 5065 1481 5133 angelus
1514 5083 1527 5119 :
1555 5065 1663 5116 lloc
1686 5063 1829 5116 enim

245 5143 346 5196 Cal,
381 5133 564 5190 Maria.
589 5133 909 5203 stupendum
941 5137 1272 5202 mysterium,
1305 5133 1443 5201 quod
1473 5149 1660 5188 omnes
1691 5149 1830 5186 more

249 5204 323 5255 tui
347 5204 454 5256 sint
481 5245 492 5264 ,
527 5212 579 5255 et
610 5204 749 5257 littus
777 5213 899 5257 tuus
926 5216 1151 5258 mortem
1184 5207 1253 5258 sit
1285 5209 1521 5259 victurus
1546 5246 1560 5270 ,
1590 5214 1832 5260 mortuos

247 5276 623 5347 suscitaturus,
670 5276 916 5347 sepulcra
990 5285 1293 5347 aperturus,
1361 5278 1544 5328 tartari
1598 5277 1831 5330 claustra

247 5343 657 5406 contracturus.
691 5343 749 5399 et
775 5345 937 5398 multa
981 5343 1201 5413 corpora
1249 5347 1630 5399 dormientium
1675 5361 1830 5399 resu-

247 5416 538 5468 scitaturus
570 5433 583 5469 :
618 5432 736 5469 nam
764 5430 827 5470 ex
863 5415 1150 5469 immortali
1197 5417 1512 5470 immortalis
1554 5427 1709 5470 natus
1739 5433 1832 5484 per

249 5495 480 5540 mortem
537 5502 686 5540 suam
728 5487 936 5540 occidet
981 5498 1225 5540 mortem.
1275 5487 1534 5551 Quocirca
1584 5503 1650 5541 ne
1697 5490 1833 5543 ultra

249 5556 472 5610 credere
495 5557 730 5622 dill'eras,
765 5566 821 5610 ut
855 5572 921 5610 tte
947 5557 1116 5624 culpa:
1137 5559 1210 5612 sis
1239 5558 1488 5610 obnoxia.
1518 5556 1564 5610 ls
1593 5559 1734 5612 enim
1769 5559 1836 5614 de

250 5642 357 5696 quo
391 5628 577 5696 loquor
601 5628 709 5697 jam
763 5642 856 5696 per
887 5629 1123 5680 auditqu
1166 5636 1310 5680 tuum
1344 5630 1395 5682 itt
1438 5638 1643 5682 uterum
1689 5639 1834 5683 tuum

253 5697 438 5750 insiliit
462 5738 474 5760 ,
506 5699 642 5752 uteri
670 5700 741 5751 tui
768 5701 1005 5752 encaenia
1033 5699 1335 5752 celebrans.
1369 5699 1501 5752 'l‘u.n
1538 5699 1697 5767 Virgo
1725 5717 1735 5751 :
1770 5700 1839 5754 Ut

253 5769 334 5821 Itis
362 5770 629 5822 assentiar
649 5812 661 5832 ,
691 5770 865 5838 primo
890 5783 974 5822 me
1001 5769 1086 5822 lac
1109 5769 1395 5823 certiorem
1422 5811 1435 5832 ,
1461 5769 1733 5838 quomodo
1764 5772 1835 5824 sit

254 5839 420 5893 Filius
444 5837 703 5892 Altissimi
727 5847 780 5894 et
806 5841 946 5893 lilius
970 5840 1153 5902 David,
1183 5841 1226 5894 is
1256 5841 1342 5908 qui
1374 5855 1440 5894 cx
1465 5837 1569 5902 mc,
1599 5852 1655 5892 ιιι
1677 5841 1832 5908 dicis,

251 5913 369 5969 sine
401 5923 553 5982 patre
584 5922 865 5977 nascetur;
897 5920 951 5965 et
979 5911 1251 5982 quomodo
1273 5911 1408 5966 duos
1435 5921 1614 5981 patres
1643 5911 1837 5982 ιη’ωώ-

1054 445 1118 502 IN
1157 441 1771 503 ANNUNTIATIONEM
1808 441 2281 502 SANCTISSIME
2320 440 2667 497 DEIPARE.

3433 440 3537 496 753

1931 560 2160 614 caveris.
2208 557 2440 627 ltepopit
2487 557 2710 625 angelus
2753 574 2766 612 :
2814 555 2993 611 Primo
3026 555 3198 623 disce,
3241 565 3297 613 et
3352 571 3536 626 postea

1933 625 2308 684 contradicito.
2340 625 2471 680 Cum
2505 628 2598 681 tibi
2629 627 2766 691 dixi,
2802 627 2968 682 Filius
2991 627 3272 693 Altissitni,
3297 625 3419 682 eum
3441 646 3532 693 qut

1933 708 2059 754 ante
2107 697 2303 753 stecnla
2343 697 2744 762 inipassibiliter
2785 713 2848 752 ex
2886 697 3042 752 Patre
3073 707 3238 752 natus
3258 707 3343 752 est
3385 697 3526 753 indi-

1932 769 2088 835 cavi;
2118 779 2173 822 et
2197 784 2319 824 cum
2363 767 2510 832 dixi,
2544 767 2713 822 Filius
2761 767 2924 820 David
2946 809 2960 831 ,
2993 769 3071 822 sic
3103 769 3349 836 loquutus
3375 784 3492 824 sum
3514 813 3527 834 ,

1931 839 2054 906 quia
2080 851 2133 897 tu
2161 854 2228 893 ex
2257 847 2408 908 patre
2439 838 2636 892 Davide
2669 838 2932 906 prodiisti.
2963 839 3197 907 Accepta
3223 855 3353 908 ergo
3380 850 3528 897 certa

1934 910 2144 972 notitia,
2178 923 2457 964 sermones
2480 923 2630 963 meos
2647 909 2854 962 custodi
2884 926 2906 979 :7
2927 924 3051 962 nam
3071 924 3173 978 ego
3194 924 3383 964 servus
3411 911 3530 979 ejus

1932 994 2073 1044 sinu,
2106 995 2274 1052 quem
2297 979 2613 1052 tuparitura
2644 993 2722 1052 es.
2759 979 2854 1033 llis
2879 978 3060 1043 dictis,
3089 979 3312 1052 angelus
3344 978 3525 1052 Virgi-

1935 1064 2055 1102 nem
2088 1047 2329 1119 reliquit.
2360 1049 2449 1102 Illa
2493 1063 2620 1102 vero
2648 1047 2763 1102 h:ec
2790 1064 2976 1103 secum
3007 1047 3291 1118 reputabat
3325 1068 3340 1104 :
3368 1047 3525 1105 δυξα-

1934 1119 2109 1188 phone
2144 1119 2476 1173 annnntiabo
2499 1159 2514 1181 ,
2559 1133 2626 1173 an
2659 1121 2832 1187 potius
2859 1120 3046 1174 tacebo
3090 1121 3402 1190 mysterium
3427 1121 3450 1174 ?
3477 1123 3525 1178 si

1933 1191 2188 1244 mentitus
2231 1199 2312 1243 est
2343 1191 2387 1242 is
2414 1190 2502 1259 qui
2537 1191 2680 1243 venit
2707 1230 2723 1252 ,
2757 1191 2902 1244 senis
2931 1191 3166 1258 linguam
3215 1202 3402 1246 contra
3438 1209 3525 1246 me

1932 1262 2200 1314 excitabo.
2233 1261 2297 1314 Et
2322 1260 2447 1314 dum
2482 1260 2597 1314 Ita‘c
2634 1260 2905 1328 Cogitabat
2945 1260 3107 1329 Virgo
3129 1303 3142 1321 ,
3174 1270 3358 1316 uterus
3386 1263 3526 1316 intu-

1934 1331 2225 1401 ille>CCD:tl,
2258 1340 2311 1385 et
2339 1330 2512 1385 iulans
2540 1330 2683 1386 intus
2706 1331 2932 1386 choreas
2957 1333 3167 1401 agebat.
3202 1332 3361 1386 Maria
3393 1349 3523 1386 vero

1933 1399 2034 1455 hac
2079 1401 2147 1454 de
2189 1419 2247 1456 re
2295 1401 2522 1455 sollicita
2567 1411 2721 1465 erat,
2752 1412 2804 1455 et
2839 1399 3314 1458 mille‘velamenta
3344 1404 3521 1458 ventri

1931 1471 2236 1539 imponens,
2279 1471 2330 1525 id
2361 1473 2582 1526 curabat
2611 1483 2664 1524 ut
2695 1472 2900 1540 Joseplt
2931 1487 3041 1526 rem
3073 1473 3343 1539 ignoraret
3370 1491 3382 1525 :
3427 1475 3522 1528 sed

1930 1556 2037 1594 non
2084 1543 2254 1610 potuit
2280 1543 2551 1596 occultare
2587 1542 2772 1597 urbem
2802 1558 2962 1610 supra
2994 1554 3230 1596 montem
3262 1544 3529 1609 positam;

1928 1610 2222 1682 Josepbum
2264 1613 2481 1682 pupugit
2530 1622 2706 1668 tumor
2742 1613 2900 1679 uteri,
2929 1623 2982 1667 et
3033 1625 3185 1666 torvo
3229 1613 3323 1668 ille
3364 1616 3523 1668 oculo

1931 1681 2166 1752 Virginis
2204 1693 2446 1737 ventrem
2473 1683 2867 1738 considerabat.
2917 1684 3308 1738 Contumeliam
3338 1684 3520 1740 dicere

1927 1754 2157 1835 volebat,
2189 1762 2243 1807 et
2273 1763 2449 1807 tacere
2467 1753 2766 1835 engebatpr
2794 1771 2825 1835 τ’
2839 1755 3231 1835 contumeliam
3251 1757 3297 1808 ei
3331 1755 3520 1835 dicere

1928 1823 2162 1889 volebat,
2206 1833 2259 1877 ut
2287 1840 2406 1892 qua:
2432 1823 2749 1892 virginitatis
2778 1825 2988 1878 cimelia
3020 1824 3388 1891 vendidisset;
3422 1827 3518 1881 scd

1927 1893 2034 1946 vita
2058 1895 2175 1962 ejus
2203 1895 2252 1948 id
2278 1893 2622 1963 impediebat.
2648 1894 2869 1948 Demum
2890 1897 3120 1948 animam
3143 1910 3291 1948 suam
3320 1911 3520 1950 atrum-

1927 1965 2012 2017 nis
2039 1964 2331 2027 cruciabat,
2368 1965 2461 2018 llei
2507 1963 2659 2023 mihi.
2698 1966 2904 2029 dicens,
2933 1965 3058 2032 quid
3096 1966 3284 2019 faciam
3307 1965 3331 2018 ?
3357 1967 3518 2022 facies

1927 2034 2146 2102 virginis
2173 2045 2254 2088 est
2276 2078 2290 2097 ,
2324 2045 2492 2088 status
2524 2036 2774 2106 virginis,
2805 2037 2945 2090 oculi
2972 2036 3213 2106 virginis,
3245 2037 3383 2090 risus
3411 2038 3520 2090 vir-

1925 2106 2064 2173 ginis
2090 2123 2104 2169 ;
2135 2113 2190 2159 at
2218 2116 2405 2160 venter
2431 2121 2536 2159 non
2565 2107 2806 2172 virginis,
2838 2107 2932 2160 sed
2963 2107 3184 2170 matris;
3215 2106 3374 2159 verba
3406 2109 3516 2162 vir-

1925 2175 2065 2240 ginis
2099 2186 2221 2228 sunt
2273 2193 2286 2229 :
2343 2177 2428 2230 hei
2470 2175 2620 2240 mihi,
2669 2175 2754 2230 hei
2785 2175 2914 2230 mihi
2940 2219 2955 2241 ,
2990 2175 3117 2230 illud
3164 2177 3350 2231 videns
3380 2178 3519 2233 ferre

1927 2261 2160 2318 nequeo.
2190 2245 2396 2300 Remne
2419 2246 2714 2318 traducam,
2734 2246 3326 2318 Mariamredargnam'l
3354 2247 3512 2302 Com-

1927 2317 2105 2370 munis
2153 2318 2254 2369 erit
2305 2317 2596 2384 turpitudo.
2642 2318 2971 2372 (ilamabone
3008 2333 3196 2387 magna
3248 2332 3397 2377 voce.
3449 2335 3518 2375 ne

1925 2387 2044 2458 ejus
2071 2387 2158 2454 qui
2190 2388 2306 2458 sine
2347 2389 2553 2440 semine
2585 2390 2821 2442 nascitur
2862 2389 3011 2457 pueri
3059 2399 3207 2458 pater
3234 2389 3516 2458 appeller?

1924 2455 2112 2510 Nullus
2145 2457 2332 2524 puellm
2359 2467 2639 2512 accusator
2667 2468 2766 2521 est,
2803 2455 2924 2526 quia
2954 2460 2998 2512 is
3029 2455 3116 2528 qui
3151 2455 3511 2528 uter—egesta-

1926 2535 2031 2591 tur,
2064 2528 2267 2582 nullum
2301 2528 2482 2580 habuit
2503 2530 2876 2583 seminantem.
2908 2529 3069 2583 Forte
3092 2546 3195 2583 non
3223 2529 3340 2584 sine
3374 2532 3516 2598 peri-

1923 2598 2046 2652 culo
2078 2598 2204 2652 mihi
2230 2609 2313 2652 est
2345 2599 2428 2651 vel
2463 2609 2642 2653 tacere
2658 2600 2740 2653 vel
2773 2600 2937 2669 loqui.
2966 2600 3101 2667 Quid
3128 2615 3258 2668 ergo
3287 2600 3517 2654 faciam?

1924 2683 2050 2723 num
2073 2668 2450 2740 interrogabo,
2483 2684 2549 2724 an
2583 2669 2633 2724 id
2665 2668 2951 2724 declarabo
2981 2681 3104 2725 ante
3131 2671 3512 2740 interrogatio-

1923 2738 2091 2793 nem?
2115 2739 2227 2794 Hoc
2254 2738 2515 2809 scriptura
2557 2740 2877 2795 testiﬁcatur
2908 2759 2921 2794 :
2957 2742 3100 2795 illam
3130 2744 3306 2810 potius
3327 2738 3516 2796 redar-

1921 2823 2101 2878 guam.
2135 2813 2215 2864 An
2241 2825 2343 2864 uoo
2375 2811 2532 2864 fecit?
2563 2810 2678 2880 Ipsa
2705 2813 2865 2880 igitur
2883 2823 3066 2864 vocata
3095 2822 3312 2866 austero
3337 2814 3507 2876 vultu,

1918 2880 2080 2948 jndex
2115 2881 2166 2934 in
2212 2891 2364 2936 utero
2388 2883 2577 2950 gestati
2604 2882 2800 2949 judieis
2838 2883 3080 2937 sedebat.
3114 2884 3204 2936 Dic
3231 2883 3360 2937 mihi
3387 2924 3401 2944 ,
3435 2884 3516 2936 in-

1922 2951 2031 3020 quit
2065 2990 2081 3012 ,
2115 2967 2260 3017 vere,
2294 2951 2420 3021 quid
2468 2951 2559 3006 tibi
2590 2952 2884 3016 acciderit,
2917 2968 2984 3007 ue
3012 2954 3314 3008 abscondas
3339 2955 3466 3008 mihi
3496 2971 3513 3010 :

1925 3036 2084 3075 nemo
2113 3021 2266 3076 adest
2292 3023 2381 3090 qui
2412 3022 2526 3076 ltzec
2551 3022 2769 3087 audiat;
2823 3039 3017 3078 arcana
3059 3039 3276 3078 scrvare
3323 3024 3444 3079 novi
3495 3043 3510 3079 :

1924 3107 2080 3144 nemo
2107 3108 2216 3146 rem
2246 3094 2377 3146 sciet
2406 3135 2420 3157 ,
2455 3108 2540 3145 me
2573 3102 2775 3146 tanttmt
2804 3094 3089 3148 certiorem
3139 3094 3317 3149 facito.
3363 3095 3516 3151 Unde

1923 3162 2116 3235 accidit
2161 3163 2289 3216 illud
2317 3165 2456 3232 quod
2492 3165 2541 3235 in
2578 3175 2628 3216 te
2661 3164 2913 3218 videtur?
2955 3165 3114 3234 hujus
3141 3177 3346 3235 patrem
3378 3167 3507 3221 mihi

1925 3232 2120 3304 indica,
2141 3242 2196 3289 et
2221 3242 2272 3288 te
2301 3235 2452 3302 culpa
2475 3234 2693 3288 liberam
2721 3235 2892 3289 habeo
2920 3254 2932 3288 :
2962 3232 3171 3289 veniam
3194 3236 3392 3304 quippe
3419 3238 3515 3290 ob-

1927 3253 2120 3298 qutca,
2141 3253 2196 3289 el.
2221 3253 2272 3288 lc
2301 3253 2452 3302 CUIpﬂ
2476 3253 2693 3288 HDCI'illll
2721 3253 2892 3289 ιιιιυυο
2920 3254 2932 3288 τ
2962 3253 3171 3289 γειιιθιιι
3234 3253 3392 3304 ΙΙΙρΡΟ
3419 3253 3514 3290 ωηο

1927 3303 2140 3376 tinebis,
2191 3314 2249 3358 ut
2278 3306 2472 3376 mulier
2501 3306 2930 3376 concupiscentia
2962 3253 3514 3376 percitatitespondit

1925 3375 1972 3445 ei
2007 3374 2165 3444 Virgo
2198 3393 2212 3428 :
2245 3375 2299 3429 Si
2331 3386 2537 3443 patrem
2581 3375 2738 3443 hujus
2768 3379 2964 3445 quteris
2995 3418 3006 3437 ,
3045 3374 3338 3445 numquam
3368 3378 3515 3431 inve-

1926 3444 2078 3500 nies:
2110 3447 2154 3499 si
2182 3460 2310 3500 vero
2351 3446 2607 3514 pttpillum
2639 3444 2829 3514 putes.
2866 3447 3086 3514 perinde
3118 3444 3335 3502 labi-ris.
3377 3448 3512 3502 Tum

1924 3515 2126 3587 Joseph
2161 3533 2174 3568 :
2209 3515 2321 3588 Non
2352 3525 2520 3586 potes,
2553 3516 2713 3570 Maria
2741 3557 2754 3580 ,
2788 3517 3000 3571 mentiri
3034 3519 3342 3588 :quomodo
3370 3522 3513 3573 enim

1926 3587 2495 3668 potest_jtupillustiott
2524 3602 2665 3649 esse,
2695 3596 2756 3668 et
2777 3587 3114 3668 pa_trcm_non
3145 3589 3346 3668 habere
3357 3589 3380 3639 Ἰ
3411 3589 3514 3668 [te-

1927 3657 2076 3738 ponit
2110 3657 2313 3738 Virgo;
2345 3657 2786 3738 Siﬂuwrashquis
2809 3659 2896 3738 sit.
2919 3674 2952 3738 ρ
2978 3659 3174 3727 Joseph
3195 3659 3347 3738 (illud
3369 3660 3517 3738 enim

1928 3727 2216 3801 ignoras),
2247 3727 2291 3782 si
2320 3727 2598 3801 veritatem
2624 3727 2810 3801 dixero
2844 3728 2972 3801 tibi,
3004 3746 3110 3801 non
3140 3732 3349 3784 credes.
3386 3731 3517 3785 Ute—

1927 3815 2046 3853 rum
2077 3799 2226 3854 vides
2253 3839 2266 3862 ,
2297 3807 2352 3853 et
2376 3799 2643 3852 occultum
2677 3800 2728 3852 in
2757 3814 2823 3853 eo
2865 3800 3145 3854 Dominum
3190 3817 3294 3854 non
3320 3802 3466 3855 vides
3502 3820 3514 3854 :

1929 3879 2168 3924 ventrem
2212 3869 2521 3923 consideras
2547 3912 2559 3933 ,
2610 3884 2708 3923 nec
2743 3870 2945 3939 cogitas
2990 3886 3111 3925 eum
3144 3871 3232 3939 qui
3265 3888 3328 3924 ex
3359 3886 3514 3926 mero

1927 3951 2052 3994 ante
2081 3939 2356 3994 luciferum
2386 3955 2454 3992 ex
2482 3940 2638 3993 Patre
2669 3950 2820 3994 natus
2848 3950 2930 3993 est
2954 3984 2967 4004 ,
2997 3953 3045 3995 et
3083 3945 3132 3995 in
3165 3957 3251 3996 me
3293 3943 3515 3996 habitat.

1929 4012 1984 4065 Si
2019 4011 2191 4065 dicam
2223 4012 2312 4064 tibi
2339 4012 2409 4071 id,
2436 4011 2576 4079 quod
2610 4012 2737 4064 mihi
2765 4011 2900 4064 dixit
2926 4013 3172 4080 angelus,
3200 4013 3367 4076 dices,
3401 4014 3519 4067 'l'ihi

1931 4083 2030 4152 ipsi
2063 4082 2425 4152 testinmnium
2454 4081 2656 4152 _reddis
2681 4122 2695 4148 ,
2729 4091 2782 4134 et
2826 4084 3190 4136 testimonium
3236 4094 3382 4136 ltttlltl
3414 4102 3518 4137 non

1930 4150 2015 4207 est
2044 4168 2251 4207 verum.
2280 4151 2415 4222 Tum
2445 4150 2641 4218 Joseph
2676 4169 2687 4204 :
2723 4152 2930 4206 Produc
2958 4167 3053 4206 eos
3080 4155 3167 4222 qui
3196 4155 3518 4220 audierunt,

1931 4224 2020 4291 qtti
2065 4233 2357 4290 pra-sentes
2399 4221 2633 4288 fuerunt,
2671 4223 2850 4292 prefer
2895 4221 3112 4277 veraces
3144 4234 3328 4279 testes.
3385 4227 3522 4278 Dicit

1935 4293 2095 4360 Virgo
2139 4311 2151 4347 :
2194 4294 2249 4347 Si
2301 4294 2415 4345 hmc
2455 4295 2672 4360 qua‘ris,
2711 4310 2999 4361 numquam
3045 4295 3282 4348 invenies
3325 4313 3337 4346 :
3386 4313 3524 4350 unus

1932 4362 2075 4418 enim
2105 4364 2169 4416 ad
2204 4380 2360 4416 unam
2394 4379 2623 4424 missus.
2657 4365 2803 4418 solus
2829 4365 2927 4419 soli
2959 4365 3210 4433 loquutus
3240 4375 3320 4420 est
3355 4389 3364 4420 ς
3397 4368 3517 4420 nul-

1937 4435 2022 4488 lus
2053 4435 2270 4497 aderat,
2320 4434 2440 4501 quia
2472 4437 2645 4488 nullos
2673 4436 2878 4488 futurus
2909 4445 3024 4488 erat
3051 4437 3156 4488 nati
3189 4448 3356 4504 pater.
3389 4438 3524 4491 Cum

1933 4515 2234 4558 autemnon
2263 4505 2573 4558 crederetur
2593 4505 2772 4573 Virgo,
2798 4521 2976 4558 secum
3004 4516 3258 4576 reputans
3283 4523 3522 4572 rursum,

1934 4576 1986 4629 in
2010 4576 2166 4630 aliam
2191 4577 2565 4644 cogitationem
2597 4576 2810 4629 incidit:
2833 4575 3026 4631 Uterus
3049 4575 3132 4630 me
3163 4578 3357 4646 prodit,
3395 4595 3528 4646 puer

1935 4647 1987 4700 in
2017 4657 2170 4700 utero
2206 4649 2482 4716 exsultans
2515 4663 2600 4701 me
2627 4659 2842 4700 accusat
2873 4665 2884 4698 :
2920 4661 3018 4700 cur
3059 4662 3188 4716 ergo
3217 4659 3402 4702 contra
3442 4665 3529 4703 me

1934 4717 2226 4788 Josephum
2259 4715 2427 4784 magis
2460 4715 2680 4788 iri-itabo
2703 4720 2724 4769 ?
2748 4717 3114 4786 Comprimam
3137 4718 3354 4772 silentio
3383 4719 3521 4773 labia

1937 4787 2097 4850 mea,
2149 4798 2204 4841 et
2247 4803 2368 4840 cum
2415 4788 2606 4855 angelo
2653 4787 2995 4842 invisibiliter
3034 4788 3347 4857 disceptabo
3382 4807 3393 4840 :
3433 4790 3529 4844 Ubi

1937 4874 2079 4913 nunc
2102 4873 2160 4911 es
2185 4900 2200 4922 ,
2230 4858 2320 4927 qui
2349 4857 2497 4928 mihi,
2528 4860 2627 4910 Ave
2657 4861 2822 4927 gratia
2856 4860 3004 4927 plena
3024 4900 3037 4920 ,
3071 4859 3297 4913 dixisti?
3335 4860 3530 4928 quibus

1938 4930 1990 4983 in
2021 4929 2152 4982 locis
2176 4926 2446 4988 versaris?
2476 4928 2582 4994 dic,
2616 4926 2670 4981 ut
2700 4930 2790 4982 illo
2815 4926 2900 4984 me
2926 4929 3220 4992 conteram,
3251 4939 3304 4984 et
3331 4926 3364 4982 a
3388 4933 3530 4985 eollo

1940 5010 2030 5053 tuo
2062 5000 2346 5068 pendeam,
2390 4996 2563 5052 donec
2607 5000 2826 5053 veniens
2851 4999 3139 5055 certiorem
3183 5000 3348 5054 fat-ias
3376 5000 3530 5056 10se-

1940 5067 2102 5140 phum
2128 5112 2142 5133 ,
2188 5069 2341 5134 cujus
2371 5067 2512 5140 filius
2543 5069 2611 5122 sit
2650 5071 2694 5122 is
2738 5071 2826 5140 qui
2870 5070 2924 5124 in
2955 5072 3092 5124 uteri
3145 5071 3249 5124 ntei
3277 5071 3533 5126 cubiculo

1939 5138 2197 5196 exsultat.
2229 5140 2342 5193 Non
2376 5138 2486 5191 l'ero
2514 5154 2698 5193 senem
2733 5138 2881 5195 torve
2921 5141 3298 5209 respicientem
3322 5183 3335 5206 ,
3381 5157 3532 5196 mor-

1940 5221 2266 5264 murantcm.
2295 5210 2374 5264 Ttt
2405 5225 2511 5279 quo
2540 5212 2657 5263 loco
2686 5220 2894 5280 tempus
2911 5226 3035 5280 agas
3064 5213 3248 5266 nescio
3281 5229 3295 5265 :
3329 5214 3450 5265 veni
3481 5223 3537 5266 et

1940 5297 2161 5336 causam
2193 5297 2365 5335 meam
2396 5291 2567 5337 tuere.
2597 5281 2724 5335 llaec
2748 5283 2960 5336 dicente
2992 5281 3150 5335 Maria
3177 5322 3192 5346 ,
3227 5284 3407 5336 statim
3439 5298 3536 5337 an-

1941 5351 2094 5422 gelus
2119 5351 2410 5419 .losepbum
2441 5351 2573 5418 adit,
2613 5362 2667 5405 ct
2696 5368 2817 5406 cum
2849 5354 2924 5406 rei
2965 5354 3251 5422 certiorem
3295 5354 3533 5422 fecisset,

1944 5420 2219 5492 prohibuit
2244 5439 2308 5476 ne
2323 5423 2595 5493 Virginem
2624 5423 2937 5476 dimitteret.
2964 5420 3087 5475 Noli
3111 5424 3306 5493 limere,
3340 5420 3534 5493 inquit,

1940 5491 2156 5563 Joseplt,
2180 5495 2406 5561 accipere
2429 5491 2649 5564 Marium
2683 5494 2947 5564 conjuge»:
2973 5502 3132 5546 tuum.
3163 5492 3278 5547 Non
3326 5491 3540 5561 nuptia—

1945 5581 2062 5619 rum
2091 5567 2447 5628 consortimn,
2472 5564 2564 5616 sed
2588 5563 2893 5617 divinorum
2919 5565 3294 5632 mysteriorum
3319 5580 3540 5619 (BCOIIO-

1946 5637 2103 5688 miam
2133 5635 2225 5688 tibi
2255 5635 2534 5689 annuntio.
2555 5633 2659 5688 Sed
2692 5645 2841 5705 pater
2871 5649 2975 5689 non
3021 5635 3117 5687 cs?
3164 5635 3218 5687 In
3258 5645 3400 5688 terra
3448 5652 3536 5705 pa.

1946 5717 2079 5759 trem
2113 5721 2178 5759 ne
2207 5721 2418 5774 quarras
2443 5747 2458 5770 ,
2511 5720 2684 5773 neque
2718 5704 2768 5758 in
2797 5705 2946 5759 caslis
2986 5715 3233 5759 matrem.
3269 5707 3310 5760 Α
3351 5704 3540 5776 pupilli

1945 5785 2084 5829 statu
2109 5788 2294 5830 natura
2322 5777 2579 5832 liberatur
2613 5792 2625 5826 :
2654 5776 2800 5829 solus
2826 5776 2968 5830 enim
2999 5791 3061 5829 ex
3090 5777 3209 5830 Solo
3236 5777 3394 5830 unice
3415 5789 3541 5832 ante

1945 5855 2251 5920 sm_cula_est
2281 5862 2295 5910 ;
2331 5863 2472 5920 nunc
2508 5861 2636 5920 vero
2681 5847 2830 5900 solus
2870 5863 2934 5920 ex
2964 5847 3109 5920 sola,
3141 5856 3200 5920 ut
3246 5847 3393 5900 novit
3425 5847 3542 5920 ipse

1948 5918 2115 5972 solus.
2145 5917 2223 5971 Nc
2253 5918 2477 5988 pusillus
2501 5916 2682 5972 anitro
2704 5927 2822 5972 esto
2857 5917 2996 5973 circa
3026 5917 3271 5987 Mariam,
3303 5933 3372 5974 ne
3395 5916 3538 5975 stili-
