4056 6400
136 380 242 434 769

142 497 389 551 membra
416 494 567 551 bovis
590 505 645 549 et
672 495 805 565 ignis
828 493 1075 557 caelestis,
1100 501 1223 545 sunt
1246 492 1435 565 triplex
1464 491 1727 565 baptisma

136 576 196 621 et
223 582 362 621 crux
392 574 447 620 et
483 562 717 619 membra
749 565 944 618 Christi
976 575 1029 617 et
1065 565 1292 618 celestis
1320 562 1594 631 splemlor.
1623 562 1729 616 Ter

137 639 194 689 in
224 636 327 699 die,
353 637 558 699 Daniel,
586 635 783 703 apertis
811 634 999 688 domus
1025 650 1135 688 sua:
1164 635 1429 696 fenestris,
1458 632 1523 686 ad
1551 633 1731 686 orien-

138 718 248 761 tem
303 722 527 775 precans
550 747 565 770 ,
595 721 708 759 rem
751 710 968 774 petitam
1014 716 1331 772 assequmus
1355 714 1471 767 est;
1504 705 1730 757 docente

138 792 239 831 nos
289 774 549 846 mysterio
575 817 589 839 ,
620 787 871 846 Oportere
916 790 1012 828 nos
1052 776 1245 846 mentis
1283 774 1451 826 oculis
1488 777 1727 846 apertis,

141 848 286 901 l’atri
320 843 374 898 ei
419 846 550 900 Filio
579 853 635 898 et
671 845 888 913 Spiritui
921 855 1106 899 sancto
1136 845 1200 898 ad
1230 846 1491 898 orientem
1525 843 1727 911 suppli-

137 932 289 971 care.
322 916 455 970 Tres
503 915 649 985 pueri
689 916 1017 983 incorrupti,
1053 916 1103 968 in
1145 914 1415 967 fornacem
1455 913 1724 981 eonjecti,

138 988 247 1055 ipsi
277 984 654 1055 quidcm'nihil
686 986 827 1055 passi
856 996 975 1037 sunt
997 1025 1012 1048 ,
1047 985 1137 1038 sed
1169 986 1448 1038 Chalda-os
1474 985 1723 1038 combus-

136 1054 325 1110 sernut
356 1076 369 1111 :
397 1067 503 1110 tres
536 1054 695 1123 pueri
713 1056 1025 1123 incorrupti,
1054 1056 1234 1108 lornax
1262 1065 1317 1107 ct
1344 1054 1574 1107 Chalda-i
1602 1064 1723 1108 sunt

136 1127 380 1180 Trinitas
406 1126 706 1194 ineorrupta
729 1167 744 1191 ,
772 1126 1027 1194 judicium
1053 1135 1103 1180 et
1132 1128 1419 1179 daimoues.
1453 1124 1586 1179 Tres
1616 1126 1723 1180 vir-

137 1208 285 1251 tutes
328 1199 514 1251 beatus
559 1197 749 1249 Paulus
790 1196 1040 1250 l‘lccle-irc
1081 1196 1240 1249 tradit
1266 1195 1451 1249 dicens
1481 1213 1494 1248 :
1527 1194 1719 1259 Fides,

134 1286 276 1334 spes,
309 1269 493 1320 caritas
519 1268 536 1336 (
565 1267 613 1321 1.
641 1266 758 1320 Cor.
789 1268 873 1321 15.
908 1269 1012 1333 15)
1043 1286 1055 1320 :
1081 1267 1212 1319 fides
1240 1266 1290 1318 in
1324 1267 1528 1320 l’alrcm
1555 1307 1569 1331 ,
1599 1280 1722 1331 spes

135 1338 190 1391 in
228 1338 426 1392 Filintn
448 1379 463 1403 ,
492 1350 545 1391 et
574 1338 846 1405 plenitudo
879 1338 1006 1405 legis
1034 1337 1225 1390 caritas
1253 1336 1427 1404 (Rom.
1464 1338 1548 1390 15.
1585 1337 1671 1405 10)
1703 1355 1715 1391 :

136 1424 264 1461 nam
311 1407 528 1461 Fructus
566 1406 786 1476 Spiritus
819 1418 888 1460 est
929 1409 1131 1461 omitas.
1170 1407 1274 1461 Ter
1303 1417 1353 1459 et
1382 1406 1496 1474 ipse
1527 1407 1719 1460 Paulus

136 1480 363 1546 rogabat
393 1478 671 1531 Dominum
704 1478 907 1542 dicens,
943 1478 1154 1543 I’rOpter
1181 1478 1315 1547 quod
1343 1488 1416 1531 ter
1444 1475 1718 1529 Dominum

133 1551 316 1619 ragari
339 1548 413 1619 (2.
437 1549 551 1619 Cor.
579 1548 662 1601 12.
688 1548 763 1614 8).
789 1548 855 1601 Ει
876 1549 1240 1602 animadverte
1260 1547 1360 1601 viri
1382 1547 1604 1619 sapienti
1625 1566 1714 1613 un,

136 1617 209 1670 iu
242 1617 643 1687 simplicissime
682 1620 843 1671 verbo
879 1619 1338 1683 comprehensam.
1386 1618 1496 1671 Non
1540 1618 1714 1681 dixit,

136 1688 327 1742 Tertio
370 1689 648 1743 Dominum
693 1689 909 1757 rogavi,
938 1691 1029 1742 sed
1055 1730 1069 1754 ,
1098 1688 1215 1742 Ter.
1250 1689 1407 1742 Pater
1429 1729 1445 1752 ,
1472 1688 1639 1742 Filius
1665 1699 1719 1743 et.

135 1760 373 1825 Spiritus
402 1770 615 1813 sanctus
636 1800 650 1822 ,
683 1768 789 1813 tres
832 1759 1143 1829 liypostascs
1169 1802 1181 1821 ,
1210 1776 1308 1812 una
1336 1769 1510 1813 autem
1539 1760 1715 1813 domi-

136 1830 306 1883 natiu.
340 1830 406 1883 Et
430 1830 559 1894 Ter,
592 1829 791 1898 inquit.
825 1834 976 1899 virgis
1003 1847 1159 1883 ca’sus
1182 1847 1290 1881 sum
1320 1829 1477 1897 (Ibid.
1508 1848 1554 1883 υ.
1584 1830 1710 1899 25);

135 1899 191 1953 id
220 1910 323 1963 est,
356 1910 461 1953 tres
487 1900 698 1968 quidem
728 1902 1037 1970 ltypostases
1065 1901 1339 1954 confessus
1365 1916 1481 1953 sum
1505 1942 1518 1962 ,
1549 1903 1712 1956 semel

134 1980 319 2023 autem
360 1972 515 2024 tidem
552 1970 824 2024 Trinitatis
863 1972 1033 2040 lapide
1070 1971 1420 2025 confessionis
1452 1971 1517 2023 ad
1550 1987 1711 2024 unum

136 2040 331 2093 anima:
354 2052 666 2111 concentum
697 2042 919 2095 lirmavi.
946 2043 1011 2094 Et
1039 2041 1151 2105 Ter,
1176 2042 1364 2109 inquit,
1389 2040 1712 2111 naufragium

136 2112 358 2181 pertuli;
398 2111 447 2163 id
480 2121 592 2170 est,
614 2110 960 2181 iJudaiCOrum
991 2128 1123 2164 unus
1161 2110 1587 2181 peccatoruniiti
1611 2127 1709 2165 no-

136 2180 283 2233 mine
312 2181 483 2234 l’atris
509 2193 561 2234 et
592 2180 709 2234 Filii
747 2192 800 2235 et
835 2182 1063 2248 Spiritus
1092 2182 1259 2236 sancti
1288 2182 1340 2235 in
1370 2182 1512 2234 fonte
1540 2182 1711 2249 bapti-

132 2251 323 2303 smatis
349 2252 599 2305 demersi.
645 2252 765 2305 'l‘t'ia
794 2263 902 2304 sata
946 2252 1124 2306 farina:
1147 2293 1162 2317 ,
1189 2264 1241 2307 et
1272 2252 1418 2321 regni
1455 2252 1707 2306 cwlorutn

132 2321 431 2376 similitudo
471 2322 628 2375 allata
654 2363 669 2384 ,
711 2323 899 2376 mulier
934 2340 1051 2391 qua:
1080 2323 1282 2391 accepit
1305 2366 1317 2387 ,
1348 2334 1400 2377 et
1442 2324 1705 2376 modicum

131 2391 453 2445 fermentum
482 2393 755 2446 abscondit
784 2408 845 2446 ac
885 2403 1044 2446 totam
1073 2408 1300 2447 massam
1330 2392 1663 2446 fermentavit
1689 2410 1703 2446 :

135 2462 233 2513 tria
266 2478 390 2515 vero
418 2475 530 2515 Sata
562 2462 763 2525 furium,
798 2464 1059 2517 modicum
1090 2463 1403 2518 fertuentum
1434 2474 1487 2516 et
1518 2464 1707 2515 mulier

134 2533 480 2597 fermentins,
508 2534 763 2597 sapientia
794 2535 880 2588 Dei
909 2547 1010 2598 est,
1038 2550 1154 2603 qua:
1184 2550 1275 2603 per
1293 2546 1487 2602 curpus
1508 2533 1706 2587 Christi

132 2611 297 2674 totam
327 2604 609 2656 lnnuanaut
641 2618 879 2657 naturam
913 2606 963 2657 in
994 2604 1263 2659 Trinitatis
1294 2606 1447 2659 fidem
1479 2619 1704 2660 conver-

131 2671 215 2747 tit.
260 2671 351 2747 ιιι.
393 2674 641 2728 onmilms
672 2675 941 2747 mySIei-iis
976 2676 1125 2744 quasi
1165 2676 1392 2743 sigillum
1431 2690 1704 2747 apponens

132 2741 387 2797 Dominus
434 2756 646 2806 noster,
690 2741 744 2799 iii
789 2747 955 2799 tribus
992 2741 1426 2802 immersionibus
1463 2741 1702 2812 corporis

131 2827 294 2864 unum
320 2815 575 2883 baptisma
599 2816 870 2884 discipulis
893 2818 1002 2871 Suis
1025 2816 1257 2883 tradidit,
1276 2818 1491 2872 dicens:
1514 2815 1701 2869 Euntes

127 2884 300 2960 docete
319 2902 489 2960 armies
513 2897 701 2954 gentes,
724 2888 1031 2960 baptizantes
1051 2904 1141 2960 eos,
1164 2890 1214 2939 in
1237 2890 1435 2960 nomine
1458 2886 1639 2960 Patris
1654 2898 1701 2940 et

127 2951 256 3005 Filii
285 2965 329 3029 et
374 2951 597 3029 Spiritus
628 2951 839 3029 isancti(
870 2959 1052 3010 Matth.
1081 2956 1170 3011 28.
1205 2959 1270 3013 19
1296 2964 1333 3029 ).
1367 2958 1532 3013 Unam
1579 2951 1700 3014 esse

125 3027 491 3089 Operationem
540 3028 692 3081 facile
747 3030 1231 3083 demonstrabimus
1278 3027 1301 3081 :i
1341 3046 1458 3082 cum
1519 3041 1695 3083 autem

126 3108 287 3147 tinam
338 3113 457 3150 esse
486 3102 848 3165 Operatiouem
899 3102 1067 3153 l’atris
1109 3111 1163 3155 et
1205 3100 1322 3153 Filii
1366 3111 1419 3153 et
1467 3098 1696 3166 Spiritus

124 3166 297 3218 sancti
329 3167 741 3229 detttousu'etttt‘,
771 3185 989 3223 necesse
1021 3182 1100 3223 cst
1121 3172 1339 3223 oinnino
1370 3185 1524 3223 unam
1550 3173 1696 3224 credi

123 3236 473 3290 substantiam
503 3257 514 3291 :
546 3256 769 3309 quorum
795 3241 934 3293 enim
957 3243 1193 3308 operatio
1213 3258 1335 3305 una,
1361 3256 1460 3293 nua
1488 3257 1696 3308 quoque

124 3317 209 3359 est
252 3310 566 3363 substantia.
631 3310 947 3379 Incipiamus
998 3328 1126 3379 ergo
1172 3313 1351 3364 dicere
1404 3314 1470 3364 de
1514 3314 1693 3365 ltllmtll

123 3382 399 3432 creatione
418 3420 435 3446 ,
467 3382 533 3435 de
559 3380 865 3449 adoptione,
901 3383 970 3436 de
1000 3383 1275 3444 libcttatc,
1316 3382 1384 3434 de
1413 3382 1545 3435 cado
1566 3423 1579 3444 ,
1629 3383 1695 3437 de

126 3458 284 3521 terra:
305 3452 678 3504 constitutione
698 3491 712 3512 ,
742 3462 897 3521 atque
925 3469 1027 3504 uno
1055 3453 1215 3506 verbo
1242 3455 1309 3507 dc
1337 3454 1479 3505 omni
1510 3468 1690 3520 apere,

122 3518 300 3594 deque
330 3522 447 3573 aliis
486 3524 731 3575 omnibus
756 3518 825 3575 ad
852 3525 969 3575 vitae
998 3536 1192 3576 nostra:
1223 3540 1372 3576 nsmn
1421 3518 1693 3594 pertinen-

124 3590 271 3641 tibus
304 3608 317 3643 :
347 3605 411 3644 ac
434 3594 621 3660 quibus
649 3594 1015 3646 occasionibus
1044 3610 1119 3646 ea:
1144 3609 1174 3647 a
1204 3594 1357 3647 Patre
1385 3590 1439 3648 ei
1479 3594 1612 3647 Filio
1640 3605 1695 3649 et

122 3660 327 3733 Spiritu
356 3674 538 3716 saneto
567 3664 810 3730 perfecta:
840 3666 965 3717 sint.
994 3668 1032 3717 Α
1066 3666 1247 3733 primis
1276 3666 1611 3733 incipiamus,
1640 3674 1695 3719 et

120 3732 189 3781 ad
235 3734 467 3787 secunda
518 3735 828 3797 veniamus;
882 3746 935 3788 et
975 3732 1349 3803 sic'deinceps
1397 3738 1692 3789 orationem

123 3810 367 3873 nostram
405 3818 804 3873 persequamur.
833 3806 1032 3859 Ca-lum
1065 3807 1187 3859 fecit
1230 3806 1384 3859 l’ater
1423 3823 1526 3859 non
1576 3823 1691 3861 sme

124 3872 305 3925 Verbo
353 3885 406 3927 et
430 3875 674 3940 Spiritu:
719 3892 839 3928 nam
902 3874 1060 3928 Verbo
1096 3877 1295 3929 Domini
1345 3878 1455 3929 creti
1506 3879 1692 3944 ﬁrmati

118 3953 240 4017 sunt
264 3981 296 4017 ,_
321 3954 365 4017 et
392 3946 571 4017 spiritu
616 3948 716 3999 oris
744 3949 871 4017 ejus_
896 3964 1056 3999 omnis
1094 3950 1249 3999 virtus
1297 3964 1467 3999 eorum
1498 3952 1514 4015 (
1544 3947 1687 4001 l’sal.

120 4012 214 4069 52.
269 4014 358 4085 6).
404 4015 590 4067 Totum
633 4012 814 4069 orbein
849 4012 1065 4083 replevit
1114 4018 1287 4078 Pater,
1332 4030 1386 4069 ιιι
1437 4012 1689 4086 scriptum

120 4094 207 4158 est
238 4086 472 4158 {gallum
497 4098 543 4138 et
570 4098 751 4138 terram
791 4103 881 4155 ego
909 4088 1108 4155 impleo,
1133 4089 1251 4140 dicit
1283 4087 1526 4141 Dominus
1557 4087 1688 4158 (Jer.

117 4154 212 4209 25.
244 4155 357 4225 24).
394 4157 633 4224 lleplevit
673 4168 728 4211 et
775 4154 935 4210 FiliUs
966 4177 979 4212 :
1014 4174 1133 4212 nam
1186 4159 1370 4211 Omnia
1413 4177 1499 4229 per
1527 4154 1692 4228 ipsum

120 4230 262 4300 facta
286 4236 420 4300 sunt,
452 4238 496 4280 et
521 4229 627 4282 sine
654 4229 762 4294 ipso
793 4234 978 4296 factum
1024 4240 1095 4281 est
1138 4230 1263 4282 nihil
1307 4229 1485 4300 (Joan.
1520 4231 1566 4283 1.
1596 4231 1688 4300 5).

119 4298 260 4350 Audi
298 4298 619 4365 Sapientiam
651 4300 912 4352 dicentem
942 4300 1008 4352 de
1033 4300 1226 4366 Spiritu
1262 4318 1273 4352 :
1318 4298 1549 4368 Spiritus
1584 4298 1689 4352 Do-

118 4369 248 4420 mini
268 4370 471 4439 replerit
493 4369 659 4421 urbem
690 4370 843 4439 (Sup.
876 4372 925 4423 1.
956 4371 1027 4439 7).
1058 4372 1192 4437 Quid
1216 4386 1341 4422 vero
1363 4370 1384 4421 ἲ
1408 4372 1692 4424 Creatura-

120 4454 240 4492 rum
282 4438 507 4491 maxima
536 4438 717 4500 homo,
750 4455 853 4492 non
882 4457 909 4493 ιι
940 4438 1094 4493 l‘atre
1137 4442 1252 4493 solo
1280 4440 1411 4493 facta
1437 4451 1521 4493 est
1541 4483 1554 4503 ,
1596 4442 1690 4495 sed

118 4518 445 4574 co0perante
464 4509 616 4571 Filio,
636 4512 935 4577 complente
962 4514 1157 4572 Spiritu
1188 4521 1373 4564 sancto
1399 4528 1411 4562 :
1447 4527 1566 4563 nam
1593 4513 1687 4578 ait,

121 4578 396 4633 Faciamus
420 4582 669 4634 hominem
706 4583 771 4634 ad
808 4582 1074 4651 imaginem
1099 4591 1143 4633 et
1186 4581 1561 4634 similitudinem
1602 4600 1693 4636 no-

117 4664 279 4703 stram
302 4651 449 4720 (Gen.
477 4654 526 4705 1.
549 4652 661 4719 26).
688 4653 983 4717 Faciamus,
1014 4668 1138 4715 non,
1166 4653 1373 4706 Faciam
1400 4667 1520 4720 ego,
1560 4669 1687 4718 nun,

118 4721 309 4775 Facias
340 4730 415 4785 tu,
446 4739 572 4788 non,
606 4722 785 4777 Faciat
815 4722 935 4786 ille;
967 4723 1081 4785 sed,
1117 4722 1403 4776 Faciamus.
1447 4723 1502 4775 Si
1545 4727 1689 4778 enim

117 4793 367 4857 dixisset,
397 4792 500 4848 Fac
530 4804 603 4858 tu,
634 4794 1033 4847 subminislrum
1078 4793 1438 4847 declarasset:
1474 4797 1691 4860 aequali-

122 4872 285 4918 tatem
313 4878 440 4917 vero
484 4866 893 4927 demonstrans,
939 4866 1043 4927 ait,
1094 4862 1367 4917 Faciamus
1415 4866 1686 4919 hominem.

118 4935 433 4988 Communis
484 4940 784 4999 sententia,
838 4950 1121 4988 commune
1174 4950 1347 5005 Opus,
1407 4951 1692 4991 commune

123 5006 455 5073 ﬁgmentum.
497 5006 648 5074 Quod
684 5017 859 5059 autem
894 5007 1048 5058 Pater
1083 5015 1137 5059 et
1164 5005 1327 5059 Filius
1366 5017 1418 5057 et
1463 5008 1691 5073 Spiritus

120 5086 339 5131 sanctus
370 5077 555 5132 fecerit
581 5078 869 5137 hominem,
903 5076 1061 5129 David
1091 5078 1217 5128 mihi
1248 5082 1554 5129 testtticalnr
1584 5077 1690 5129 Dco

122 5147 306 5201 dicens
337 5166 351 5201 :
393 5148 579 5201 Manus
605 5160 702 5200 tua?
730 5152 951 5216 fecerunt
992 5162 1069 5199 me
1110 5158 1155 5199 et
1187 5148 1555 5213 plasmuverunt
1615 5164 1692 5200 nte

126 5216 300 5281 (Psal.
336 5220 457 5272 1l8.
495 5221 617 5279 75).
653 5218 764 5271 Non
799 5228 851 5270 tu
884 5233 967 5270 me
1008 5218 1156 5270 solus
1188 5218 1355 5272 iecisti
1390 5232 1403 5269 :
1436 5233 1539 5269 nun
1574 5234 1688 5270 ma-

127 5303 226 5342 nus
255 5300 338 5342 tua
370 5292 479 5343 sola
512 5290 633 5344 fecit
661 5304 762 5350 me,
795 5304 912 5357 qua:
940 5300 1019 5341 est
1050 5288 1363 5355 Unigenitns
1394 5300 1532 5340 tuus.
1576 5288 1666 5340 illa

126 5375 221 5411 nus
242 5370 339 5413 tua:
368 5366 587 5427 fecerunt
614 5376 725 5421 me;
773 5360 822 5412 id
852 5369 953 5422 est,
990 5358 1216 5412 Verbum
1248 5369 1301 5410 rt
1339 5361 1583 5427 Spiritus.
1618 5362 1693 5412 Ac.

129 5431 169 5481 si
200 5432 419 5493 diceret,
448 5432 600 5485 Verbi
628 5429 839 5496 quidem
868 5431 1123 5497 sapientia
1154 5429 1398 5481 formavit
1426 5447 1529 5493 me,
1572 5429 1692 5497 Spi-

128 5500 409 5554 ritus-vero
441 5502 780 5569 intelligentia
809 5502 931 5553 fecit
955 5517 1058 5563 me,
1093 5512 1141 5552 te
1167 5502 1486 5567 complente.
1529 5499 1691 5552 Simi-

130 5571 247 5624 liter
273 5582 325 5625 et
365 5572 463 5625 Job
493 5574 599 5625 Deo
622 5573 746 5625 dicit
777 5587 790 5622 :
825 5569 1008 5623 Marus
1030 5582 1128 5622 tum
1154 5575 1492 5640 fornmverunt
1521 5586 1615 5634 me,
1647 5582 1694 5623 et

148 5643 355 5694 iecerunt
382 5660 456 5694 me
484 5643 623 5709 (Job.
659 5643 740 5693 ll).
770 5640 849 5710 8).
875 5641 1002 5693 Nam
1026 5652 1079 5694 et
1104 5642 1291 5693 Caelum
1322 5656 1374 5694 et
1398 5645 1561 5695 virtus
1590 5657 1691 5694 cate

151 5727 298 5765 ormn
330 5729 423 5781 per
451 5716 620 5780 ipsum
660 5714 791 5767 facta
825 5722 982 5777 sunt,
1010 5712 1207 5765 Davide
1250 5713 1457 5766 dicente
1484 5729 1494 5763 :
1540 5712 1693 5767 Verbo

132 5780 333 5836 Domini
358 5783 467 5835 αεέὶ
494 5784 681 5847 ﬁrmati
711 5792 844 5847 sunt,
873 5794 917 5834 et
945 5784 1124 5848 spiritu
1151 5784 1251 5836 oris
1274 5800 1381 5851 ejus
1401 5783 1562 5835 omnis
1591 5785 1693 5835 vir-

138 5866 211 5915 tus
238 5868 409 5906 eorum
441 5854 458 5909 l
477 5853 619 5908 Psal.
648 5856 735 5910 52.
769 5854 875 5923 6);
918 5852 969 5907 in
1001 5854 1252 5924 propheta
1298 5864 1472 5908 autem
1508 5855 1639 5908 Usea
1675 5870 1688 5906 :

1593 376 1681 432 DE
1721 375 1896 431 FIDE.

3320 382 3423 439 770

1835 490 1997 564 Cujus
2021 507 2199 564 manus
2221 502 2511 564 creaverunt
2536 492 2809 564 eajercitttm
2832 494 2963 546 caeli.
2992 492 3123 547 Nam
3145 493 3229 549 hic
3249 495 3417 564 signi-

1834 562 1958 615 fleat
2003 576 2100 631 per
2147 561 2402 628 Spiritum
2451 570 2503 615 ct
2536 562 2787 616 Verbum
2825 564 3111 617 escrcitum
3163 561 3416 621 Calui-um

1832 641 2071 685 creatum
2130 634 2310 687 fuisse.
2372 631 2645 686 Faciamus
2697 635 2951 687 hominem
3011 635 3081 685 ad
3142 636 3417 703 imaginem

1834 713 2095 765 nostram;
2139 717 2267 768 non,
2298 702 2375 755 Ad
2408 704 2665 772 imagines
2692 714 2937 767 nostras;
2985 705 3102 769 sed,
3145 702 3416 763 Faciamus

1833 772 2083 845 [tantinem
2104 774 2171 845 ad
2191 774 2456 845 imaginem
2480 784 2703 825 nostram
2727 790 2745 827 :
2768 774 2918 840 illud,
2942 775 3211 845 faciamus,
3236 778 3413 845 plura-

1834 842 1989 905 liter;
2014 843 2166 905 illud,
2195 843 2262 894 ad
2288 844 2555 912 imaginem
2582 855 2827 909 nostram,
2857 842 3215 913 singulariter.
3236 842 3314 900 Et
3344 865 3413 903 ne

1833 916 1950 983 quis
1973 915 2331 980 suspicaretur
2352 914 2619 967 hominem
2648 915 2713 967 ad
2738 916 3017 983 imaginem
3044 916 3213 969 Patris
3241 920 3409 973 solam

1830 981 2025 1056 laetum
2054 984 2236 1045 fuisse,
2262 985 2465 1036 addidit
2507 985 2635 1056 illud
2658 1026 2672 1045 ,
2700 981 2943 1039 nostram.
2982 986 3046 1039 Et
3078 988 3199 1039 ideo
3221 1030 3233 1052 ,
3284 992 3405 1056 quia

1833 1052 1918 1126 illa
1952 1054 2124 1126 imago
2156 1055 2465 1123 primigenia
2512 1055 2698 1107 Adami
2724 1096 2737 1117 ,
2790 1072 2884 1123 per
2930 1052 3406 1126 transgressionem

1831 1122 2043 1198 inimica
2088 1125 2221 1198 facta
2248 1166 2262 1188 ,
2312 1122 2448 1190 Opus
2478 1126 2704 1198 habebat
2733 1122 3165 1181 renovatione'et
3211 1144 3406 1198 purga-

1829 1193 1994 1258 tione,
2030 1210 2132 1247 non
2164 1196 2463 1267 ingnouiine
2492 1195 2665 1267 Patris
2693 1198 2858 1250 solius
2888 1200 2938 1251 in
2966 1193 3282 1267 baptismate
3312 1193 3404 1255 re-

1827 1274 2131 1338 generatur,
2151 1265 2242 1319 sed
2265 1275 2319 1338 et
2343 1266 2459 1320 Filii
2482 1278 2532 1320 et
2551 1266 2777 1335 Spiritus
2791 1270 2958 1323 sancti
2985 1288 2998 1322 :
3021 1265 3142 1338 Quia
3164 1270 3231 1323 ab
3255 1272 3404 1327 initio

1826 1335 1904 1388 sic
1933 1336 2100 1390 laetus
2125 1344 2247 1409 _e.~'t.
2282 1335 2417 1391 Vere
2464 1337 2621 1405 igitur
2659 1338 2902 1407 obsignat
2939 1335 3098 1394 Pater
3141 1341 3190 1392 in
3230 1340 3403 1409 bapti-

1825 1416 2015 1481 s_mate,
2041 1414 2097 1459 ut
2125 1407 2316 1460 l’aulus
2338 1409 2410 1461 ait
2437 1425 2449 1461 :
2477 1409 2578 1472 Qui
2598 1418 2763 1461 autem
2788 1412 2907 1481 fecit
2930 1427 3020 1481 nos
3039 1411 3106 1463 ad
3126 1407 3401 1481 hocipsum

1824 1472 1982 1553 Abeas,
2015 1486 2061 1529 et
2086 1481 2229 1530 unxit
2258 1494 2358 1553 nos
2376 1490 2421 1553 et
2450 1481 2663 1553 signavit
2693 1472 3039 1553 nos-(2._‘Cor.
3076 1486 3126 1537 1.
3159 1472 3393 1553 21.22).

1823 1545 2007 1614 Signat
2035 1559 2211 1601 autem
2239 1552 2307 1602 ct‘
2327 1545 2555 1616 Spiritus
2582 1560 2799 1603 Sanctus
2823 1545 2844 1602 ἐ
2880 1549 3055 1604 Nolite
3100 1555 3232 1604 enim
3271 1545 3395 1606 con-

1823 1617 2022 1671 tristare
2055 1618 2301 1687 Spiritum
2327 1630 2574 1679 sanctum,
2606 1621 2658 1671 in
2695 1637 2793 1688 quo
2817 1623 3001 1687 signati
3029 1624 3144 1675 estis
3170 1624 3221 1675 in
3261 1625 3395 1676 diem

1822 1688 2177 1760 redetnptionis
2204 1688 2418 1760 (Ep/tes.
2457 1691 2509 1742 4.
2535 1691 2649 1758 50).
2679 1690 2881 1759 Signati
2905 1704 3081 1746 autem
3105 1710 3132 1745 a
3162 1692 3317 1749 Patre
3343 1708 3396 1751 ct

1820 1755 2020 1824 Spiritu
2051 1755 2235 1812 Sancto
2262 1755 2310 1814 in
2341 1761 2590 1813 cordibus
2610 1755 2815 1815 nosti'is
2835 1804 2848 1825 ,
2880 1779 2983 1816 non
3014 1767 3062 1815 iu
3094 1766 3223 1817 duas
3255 1769 3390 1819 ima-

1818 1828 1970 1895 gincs
2001 1830 2460 1895 transformamur,
2485 1832 2577 1885 sed
2610 1833 2659 1883 in
2690 1848 2847 1885 unam
2878 1831 2993 1886 Filii
3021 1836 3154 1900 ejus.
3192 1836 3261 1889 Ex
3308 1839 3389 1891 his

1818 1907 1994 1969 autem
2016 1902 2280 1969 colligitur
2308 1902 2457 1963 illud,
2491 1903 2542 1953 in
2568 1918 2740 1965 unam,
2771 1918 2890 1957 esse
2918 1905 3087 1957 Patris
3114 1917 3165 1959 et
3194 1906 3308 1960 Filii
3337 1920 3393 1963 et

1817 1965 2047 2035 Spiritus
2074 1965 2263 2024 sancti.
2294 1972 2494 2039 Siguati
2527 1973 2577 2024 in
2623 1973 2875 2027 cordibus
2914 1978 3108 2029 llt)Slt‘lS
3128 2016 3142 2038 ,
3172 1974 3388 2031 conlur-

1817 2052 1930 2110 mes
1955 2039 2093 2110 Filio
2120 2041 2398 2102 eftit-imur,
2428 2053 2482 2096 et
2526 2044 2697 2110 imago
2726 2044 2847 2106 Dei,
2883 2054 2939 2097 ut
2962 2046 3155 2099 clamat
3194 2048 3388 2103 Paulus

1814 2106 2046 2189 dicens:
2086 2106 2876 2189 VirquidentAnonJiebiftvelari.
2912 2133 3022 2167 cum
3044 2118 3107 2169 sit
3142 2118 3307 2189 innth
3342 2132 3388 2172 et

1811 2179 1976 2246 gloria
2000 2179 2099 2234 Dei
2137 2179 2217 2253 (1.
2245 2181 2362 2236 Cor.
2399 2185 2482 2236 11.
2518 2185 2590 2251 7).
2623 2184 2787 2237 Multo
2813 2188 2978 2254 inagis
3006 2179 3385 2254 Spiritus'sau-

1812 2259 1931 2322 curs
1963 2262 2047 2322 est
2082 2254 2257 2321 imago
2288 2254 2398 2306 Dei.
2435 2254 2650 2322 Magnus
2688 2257 2845 2307 etiam
2883 2268 2966 2309 est
2997 2257 3190 2315 Filius.
3224 2259 3386 2314 inter-

1811 2318 2079 2375 miuabilis
2121 2318 2215 2376 est'
2255 2323 2482 2392 Spiritus
2521 2318 2744 2377 sanctus
2788 2345 2799 2379 :
2860 2326 3078 2395 Magnus
3133 2328 3384 2393 Dominus

1810 2400 1995 2465 noster,
2022 2402 2068 2443 et
2100 2408 2282 2463 magna
2312 2396 2467 2446 virtus
2496 2397 2605 2463 ejus
2659 2402 2673 2465 (
2701 2412 2821 2447 nam
2863 2398 3105 2451 Christus
3157 2402 3246 2452 Dei
3281 2405 3385 2455 vir-

1812 2460 1937 2541 ttis),
1958 2472 1999 2541 et
2028 2460 2292 2541 sapientia:
2313 2466 2423 2535 ejus
2450 2460 2547 2541 non
2574 2476 2643 2541 est
2666 2460 2909 2541 nutrieras
2936 2467 3103 2537 (l’aal.
3140 2472 3261 2527 146.
3290 2475 3378 2541 ει).

1809 2527 1865 2606 1d
1895 2527 1996 2606 est,
2027 2531 2259 2606 Spiritus
2286 2527 2499 2587 sa'uctns
2532 2538 2643 2597 Dei,
2669 2538 2896 2603 Spiritus
2925 2527 3005 2592 est
3033 2541 3303 2606 sapientia:
3325 2527 3383 2596 ,ίιι

1808 2599 2128 2657 intellectus.
2161 2604 2268 2657 Pax
2306 2622 2517 2675 quoque
2553 2618 2635 2659 cst
2683 2599 2839 2660 l‘ater
2884 2626 2895 2660 :
2944 2599 3383 2666 ln‘cce'declinabo

1805 2686 1959 2738 super
2002 2690 2117 2726 eam
2149 2677 2307 2751 guasi
2351 2678 2536 2751 ﬂuvius
2566 2679 2727 2751 pacis
2767 2678 2936 2751 (Ipsui.
2965 2680 3220 2751 66.12).
3272 2684 3381 2739 Pax

1806 2756 2015 2821 quoque
2039 2756 2122 2798 est
2148 2746 2332 2809 Filius,
2370 2756 2425 2799 ut
2452 2748 2643 2821 Paulus
2665 2750 2737 2821 ait
2768 2746 2783 2803 ἐ
2818 2749 2937 2817 Ipse
2967 2763 3035 2803 est
3058 2768 3161 2821 pax
3181 2746 3377 2815 nostra,

1803 2816 1895 2891 qui
1916 2816 2033 2891 fecit
2054 2825 2263 2883 utraque
2286 2834 2454 2891 unun_t_
2476 2818 2687 2887 (Ep/tes.
2708 2819 2760 2871 2.
2795 2816 2903 2890 14).
2934 2822 3034 2874 l‘ax
3058 2816 3277 2891 quoque
3297 2841 3345 2879 es
3360 2836 3381 2879 ι

1806 2884 2035 2963 Spiritus
2078 2896 2353 2963 sattct_tts_:
2406 2884 2835 2963 [fructusnautem
2863 2884 3125 2958 Spiritus.
3186 2884 3375 2963 inquit,

1803 2955 2004 3029 caritas,
2044 2972 2169 3029 pater
2190 2956 2401 3025 (Ep/tes.
2434 2960 2486 3013 5.
2514 2959 2590 3027 9).
2624 2958 2764 3013 Fons
2785 2972 2867 3014 est
2897 2955 3052 3016 linter
3082 2981 3095 3015 :
3125 2955 3376 3029 Quoniam

1801 3026 1943 3098 apud
1963 3036 2011 3098 te
2028 3038 2105 3081 est
2143 3028 2256 3096 fons
2278 3032 2390 3082 vita:
2417 3026 2587 3098 (l’sal.
2621 3032 2710 3085 55.
2745 3034 2832 3097 10)
2867 3052 2877 3085 :
2913 3036 3029 3084 fons
3057 3026 3329 3087 est'Filius
3360 3057 3371 3088 :

1804 3094 2448 3177 disertimdereliquerttnt,
2477 3106 2666 3169 fontem
2692 3094 2834 3169 aqua:
2856 3104 2978 3177 virm
2998 3103 3127 3171 (Jer.
3159 3103 3209 3157 2.
3266 3108 3375 3177 15).

1800 3165 1911 3242 AEN
1934 3180 2080 3221 esscl
2104 3165 2487 3242 litus-Spirllus'
2509 3165 2744 3233 Sanctus,
2774 3189 2876 3225 non
2906 3165 3127 3227 dixisset
3157 3165 3372 3242 Paulus,

1802 3234 1869 3311 Et
1895 3254 2082 3311 omnes
2101 3240 2151 3311 in
2180 3234 2351 3293 eodem
2381 3241 2580 3307 Spiritu
2625 3243 2865 3308 baptizati
2893 3260 3066 3297 smnus
3107 3247 3122 3311 (
3148 3248 3198 3298 1.
3252 3234 3372 3302 Cor;

1802 3306 1890 3383 12.
2068 3310 2339 3383 Liquidius
2366 3306 2541 3366 autem
2569 3328 2634 3365 ex
2659 3306 2865 3367 Domini
2896 3316 3067 3367 verbis
3098 3306 3371 3383 ediscitur,

1801 3379 2055 3457 Spiritum
2098 3382 2227 3457 fonti
2276 3381 2441 3457 fuisse
2476 3394 2873 3457 compar-almo.
2907 3384 3140 3438 Veniens
3182 3379 3377 3457 quippe

1797 3450 1953 3505 Jesus
1979 3453 2242 3505 clamabat
2267 3470 2279 3505 :
2309 3453 2370 3507 Si
2400 3454 2511 3518 quis
2557 3455 2659 3505 sitit
2681 3495 2697 3519 ,
2725 3457 2889 3508 veniat
2915 3460 2979 3506 ad
3016 3472 3094 3508 me
3116 3496 3131 3521 ,
3169 3450 3213 3508 et
3243 3450 3377 3510 bibat

1797 3538 2002 3594 aquam,
2033 3534 2107 3585 et,
2138 3524 2282 3576 Sicut
2326 3524 2452 3576 dixit
2488 3524 2760 3594 Scriptura
2783 3567 2798 3591 ,
2845 3528 3059 3592 ﬂunnna
3112 3528 3173 3578 tle
3210 3539 3377 3582 ventre

1798 3596 1906 3662 ejus
1935 3593 2091 3660 ﬂuent
2116 3609 2261 3666 aqua:
2297 3596 2436 3647 victe.
2471 3592 2583 3647 Hoc
2610 3592 2783 3648 autem
2810 3595 3001 3649 dicebat
3046 3597 3109 3649 de
3150 3596 3371 3666 Spiritu,

1798 3681 1942 3736 quem
1968 3665 2218 3736 accepturi
2248 3675 2386 3717 erant
2412 3666 2677 3736 credentes
2703 3668 2754 3718 in
2799 3684 2912 3718 eum
2933 3668 2949 3734 (
2974 3665 3130 3719 Joan.
3164 3665 3215 3720 7.
3245 3670 3312 3722 57
3342 3698 3370 3708 -

1798 3716 1939 3802 39).
1980 3716 2108 3790 1...;
2143 3716 2224 3789 ea
2273 3716 2913 3805 PaterpQuiaHDeus—liia;
2937 3716 3032 3789 ‘cii
3064 3716 3370 3805 ιἰξπὶιη.

1798 3808 1851 3860 1.
1881 3807 1938 3873 5)
1973 3825 1985 3861 :
2018 3809 2101 3860 lux
2130 3806 2329 3875 Filius;
2382 3822 2524 3869 nam,
2557 3804 2669 3874 Ego
2706 3824 2817 3860 sum
2848 3809 2936 3859 lux
2965 3804 3141 3860 mundi
3172 3807 3369 3875 (Joan.

1797 3877 1852 3931 8.
1896 3877 2021 3943 12);
2058 3880 2141 3931 lux
2175 3887 2229 3931 et
2255 3874 2482 3945 Spiritus
2513 3892 2525 3928 :
2577 3892 2681 3929 non
2709 3880 2850 3929 enim
2880 3878 3104 3932 dixisset
3136 3874 3328 3933 Paulus
3352 3922 3369 3945 ,

1799 3947 2047 4015 Spiritum
2075 3949 2226 4000 nolite
2252 3948 2650 4019 exstinguere“.
2677 3946 2849 4001 Thess.
2884 3949 2936 4002 5.
2976 3949 3087 4012 19).
3110 3949 3222 4007 ,Scd
3248 3953 3370 4019 quia

1798 4019 1899 4072 hoc
1926 4030 1990 4089 ut
2022 4020 2072 4071 vi
2100 4018 2345 4071 eductum
2374 4017 2587 4086 quidam
2619 4018 2832 4082 habent,
2865 4018 3026 4089 David
3060 4017 3375 4089 proprie—dt-

1797 4099 1883 4142 cat
1915 4107 1928 4141 :
1964 4087 2027 4141 In
2064 4090 2250 4141 lumine
2275 4099 2359 4140 tuo
2404 4088 2675 4142 videbimus
2704 4089 2873 4141 lumen
2919 4088 3092 4157 (Psul.
3124 4087 3209 4143 55.
3255 4092 3370 4159 10),

1798 4176 1988 4227 nempe
2016 4160 2268 4229 Spiritum
2293 4167 2554 4212 sanctum.
2586 4159 2800 4212 Liberat
2826 4159 2983 4213 Pater
3013 4161 3283 4213 redactum
3319 4164 3369 4217 iu

1796 4232 2105 4285 servitutem
2134 4231 2333 4297 peccati
2368 4249 2380 4281 :
2413 4230 2597 4282 liberat
2629 4229 2831 4297 Filius;
2864 4230 3073 4282 dicebat
3111 4232 3251 4284 enim
3277 4232 3372 4287 Ju-

1796 4300 1926 4355 dzeis
1948 4342 1963 4365 ,
1998 4302 2058 4356 Si
2084 4292 2200 4369 ergo
2228 4317 2313 4354 vos
2358 4298 2524 4351 Filius
2553 4292 2862 4360 liberaverit,
2905 4317 3017 4352 vere
3055 4303 3195 4353 liberi
3234 4305 3372 4356 eritis

1798 4372 2225 4494 (Joan..8.l3_6):
2273 4371 2464 4424 liberat
2499 4370 2729 4439 Spiritus
2762 4388 2775 4423 :
2823 4370 2921 4424 Ubi
2976 4373 3108 4457 enim
3148 4371 3371 4452 Spiritus

1798 4443 2024 4494 Donum.
2059 4443 2124 4494 ibt
2173 4441 2352 4493 ibertas
2374 4440 2451 4494 (2.
2474 4440 2591 4494 Cor.
2618 4443 2667 4494 5.
2694 4442 2781 4494 17)
2812 4459 2823 4493 :
2860 4443 2942 4494 lex
2974 4442 3202 4494 Spiritus
3234 4443 3367 4494 libe-

1796 4443 2024 4505 Domini,
2059 4443 2124 4494 ibi
2152 4440 2352 4494 libertas
2374 4440 2451 4505 (2.
2474 4440 2591 4494 Cor.
2618 4443 2667 4494 5.
2694 4442 2781 4509 17)
2812 4459 2823 4493 :
2860 4443 2942 4494 lex
2974 4440 3202 4509 Spiritus
3234 4443 3367 4495 libe-

1796 4524 1879 4566 rat
1901 4533 1913 4567 :
1942 4512 2049 4566 Lex
2068 4529 2180 4565 vero
2211 4511 2434 4579 Spiritus
2456 4512 2677 4562 liberavit
2703 4522 2749 4562 te
2771 4530 2801 4562 (ι
2828 4514 3058 4565 servitute
3082 4515 3368 4581 corruptio-

1796 4586 1872 4637 nis
1902 4584 2077 4654 (Rom.
2109 4583 2162 4636 8.
2192 4581 2273 4651 2).
2306 4582 2482 4635 Bonus
2511 4592 2592 4634 eSt
2623 4582 2777 4635 Pater
2806 4598 2817 4632 :
2849 4583 3017 4635 bonus
3058 4583 3256 4654 Filius:
3289 4584 3369 4637 An

1797 4653 1971 4707 oculus
2002 4664 2134 4715 tuus,
2187 4654 2376 4720 inquit,
2409 4668 2620 4721 nequam
2650 4662 2758 4715 est,
2800 4654 2917 4721 quia
2951 4669 3040 4719 ego
3068 4653 3226 4706 bonus
3256 4671 3369 4707 sum

1826 4724 2009 4778 Matth.
2060 4724 2151 4777 20.
2188 4723 2317 4791 15)?
2346 4724 2515 4775 bonus
2544 4724 2702 4777 etiatn
2730 4734 2811 4775 est
2838 4724 3063 4792 Spiritus
3103 4734 3318 4777 sanctus
3351 4743 3365 4778 :

1824 4795 2025 4862 ipiritus
2052 4806 2164 4847 tuus
2184 4792 2338 4848 boitus
2359 4794 2564 4845 deducet
2590 4809 2670 4845 nte
2695 4794 2747 4845 in
2775 4804 2959 4845 (errant
2980 4805 3166 4847 rectam
3194 4793 3363 4863 (Psal.

1797 4865 1920 4921 £42.
1956 4867 2067 4933 10).
2102 4864 2197 4919 Ubi
2232 4866 2344 4916 vult
2374 4875 2456 4917 est
2480 4863 2667 4926 Pater;
2702 4864 2897 4917 nemini
2929 4865 3068 4917 enim
3098 4865 3370 4933 subjectus

1796 4947 1908 4991 est:
1944 4938 2033 4991 ubi
2062 4937 2269 4990 vultest
2288 4934 2483 4996 Filius;
2521 4934 2654 4987 liber
2676 4936 2872 5003 quippe
2892 4944 2975 4988 est
3000 4952 3013 4985 :
3043 4936 3129 4989 ubi
3150 4938 3259 4989 Vttll
3286 4947 3371 4990 est

1796 5008 2026 5075 Spiritus
2047 5018 2260 5060 sanctus
2285 5024 2299 5068 ;
2325 5021 2443 5057 nam
2465 5005 2687 5074 Spiritus
2704 5007 2783 5057 ubi
2808 5007 2911 5057 vult
2928 5006 3107 5072 spirat,
3131 5017 3178 5059 et
3199 5022 3369 5060 vocem

1796 5095 1906 5135 eius
1922 5078 2069 5130 audis
2084 5092 2102 5141 ;
2118 5078 2205 5129 sed
2222 5077 2380 5129 nescis
2394 5080 2524 5127 unde
2543 5078 2725 5147 veniat,
2745 5086 2828 5127 aut
2845 5093 2941 5143 quo
2955 5077 3105 5129 vadat
3120 5075 3295 5147 (Joan.
3314 5080 3367 5133 5.

1796 5149 1872 5203 8).
1897 5148 2083 5202 Omnia
2105 5148 2340 5201 continet
2358 5147 2531 5212 Pater,
2558 5146 2733 5198 otnnia
2749 5147 2987 5200 continet
3004 5146 3368 5207 Filius,omnia

1795 5224 2033 5272 continet
2053 5218 2283 5285 Spiritus
2299 5226 2541 5274 sanctus;
2569 5215 2732 5269 David
2754 5218 2896 5270 enim
2920 5218 3048 5271 dicit
3073 5236 3084 5270 :
3109 5219 3221 5285 Quo
3243 5220 3320 5271 ibo
3339 5238 3370 5272 a

1795 5290 1977 5355 spiritu
2006 5299 2121 5351 tuo,
2152 5299 2198 5340 et
2227 5305 2324 5360 quo
2351 5305 2381 5337 a
2411 5288 2539 5356 {acie
2571 5296 2658 5360 tua
2682 5289 2884 5360 fugiam
2916 5288 3089 5360 (θεαί.
3122 5292 3243 5345 158.
3278 5292 3372 5360 7)?

1795 5360 2143 5427 Uiiinipotens
2172 5371 2253 5412 est
2284 5358 2458 5419 Pater,
2505 5368 2564 5410 ut
2590 5357 2717 5410 dicit
2746 5357 2847 5411 Job
2876 5375 2889 5411 :
2936 5357 3093 5420 Novi,
3132 5357 3366 5425 Domine,

1795 5434 1929 5501 quod
1950 5430 2141 5501 omnia
2164 5498 2173 5501 Α
2198 5429 2377 5497 possis,
2411 5428 2633 5501 nihilque
2670 5428 2755 5479 tibi
2795 5430 2857 5501 sit
2885 5430 3192 5501 impossibile
3220 5431 3368 5499 (Job.

1796 5496 1883 5555 l2.
1913 5499 1990 5571 2).
2022 5498 2369 5571 Onmipotrus
2394 5508 2475 5551 est
2500 5496 2702 5571 Filius,
2723 5508 2778 5550 ut
2810 5499 2885 5553 ait
2916 5500 2992 5553 illi
3021 5501 3107 5569 qui
3141 5496 3234 5554 vix.
3254 5518 3374 5554 cre—

1800 5568 1957 5625 tlel-at
2006 5571 2057 5624 iu
2114 5570 2439 5635 Evangelii):
2474 5568 2703 5621 (It-edenti
2749 5572 2919 5621 omnia
2958 5568 3217 5637 possibilia
3258 5586 3375 5625 sunt

1799 5642 1991 5708 (illarc.
2025 5643 2078 5695 9.
2110 5641 2220 5705 22).
2254 5639 2605 5707 Omnipotens
2644 5649 2697 5691 et
2726 5639 2953 5707 Spiritus
2986 5654 3203 5693 sanctus
3232 5659 3244 5694 :
3287 5653 3373 5697 est

1799 5713 1961 5771 enim,
1995 5712 2186 5778 inquit,
2214 5712 2301 5763 Dei
2333 5709 2759 5778 virtusSpiritus
2777 5723 3011 5769 sanctus.
3043 5711 3272 5770 Spiritus
3297 5715 3375 5766 in-

1799 5775 2120 5851 telligentiae,
2153 5793 2385 5837 sanctus.
2410 5775 2779 5845 tnultil'ornus,
2825 5782 3027 5846 tenuis,
3074 5783 3226 5835 facile
3257 5800 3374 5835 mo-

1800 5853 1941 5922 bilis,
1972 5855 2167 5919 clarus,
2188 5851 2519 5923 perspicuus,
2544 5862 2764 5914 ittiesu'é,
2789 5865 2995 5919 acutus,
3023 5868 3129 5907 non
3152 5852 3376 5925 impedi-
