4056 6404
680 333 786 387 775

676 445 855 498 dilexit
899 445 1171 509 mundum,
1231 452 1284 496 ut
1316 438 1506 497 Filium
1557 460 1700 496 suum
1741 442 2046 509 unigenitum
2089 441 2233 495 dare:

677 513 858 580 (Joan.
891 514 1058 580 5.16)
1089 518 1138 567 in
1165 513 1414 568 mundum
1447 529 1539 582 pro
1562 513 1715 567 nobis
1740 531 1754 566 :
1781 513 1972 566 caritas
2003 511 2231 579 pericula

676 583 730 636 in
761 591 897 638 terra
923 593 974 637 et
1001 587 1051 638 in
1073 600 1202 638 mari
1223 583 1362 640 ferre
1381 585 1558 638 docuit
1583 603 1596 638 :
1626 585 1816 637 caritas
1839 593 2096 651 martyres
2117 597 2236 650 pcr-

681 651 806 710 licit.
829 654 1109 714 beatilicat.
1131 663 1381 710 coronat:
1404 654 1596 706 caritas
1616 654 1912 720 proximum
1931 661 1985 704 ιιι
2006 652 2232 717 seipsam
2276 695 2278 698 ,

679 724 912 792 respicit,
939 735 992 777 ct
1015 740 1132 788 qua:
1155 725 1360 792 propria
1380 733 1520 783 sunt,
1545 724 1788 776 omnibus
1812 723 2108 775 communia
2131 722 2237 774 exi-

678 793 858 845 stimat
888 808 903 848 :
935 795 1390 861 caritasiproximi
1421 801 1708 862 egestatem
1741 800 1796 844 ut
1823 793 1920 845 sibi
1967 792 2233 858 propriam

679 863 861 916 statuit
888 881 902 925 ς
935 863 1126 916 caritas
1153 877 1388 916 mensam
1416 863 1660 916 (llllliibllS
1680 876 2028 930 ._commuuem
2057 871 2233 929 parat,

682 931 898 1001 pa'uperi
925 943 977 986 et
1002 932 1172 996 diviti,
1203 933 1426 1001 sapienti
1451 943 1504 986 ct
1532 932 1705 985 idioue
1729 950 1742 984 :
1777 934 1969 986 caritas
1989 931 2238 984 amaritu-

680 1001 804 1055 dine
835 1003 1036 1064 plenam
1060 1004 1288 1056 animam
1309 1003 1567 1056 suavitate
1585 1003 1775 1069 replet,
1798 1001 2045 1054 afﬂictam
2063 1011 2233 1065 curat,

680 1069 1005 1125 humiliatam
1048 1083 1251 1126 recreat
1281 1091 1295 1126 :
1327 1075 1519 1126 caritas
1566 1071 2042 1140 inexstingnibilem
2072 1071 2237 1137 virgi-

679 1140 861 1194 nitatis
897 1142 1160 1195 lucernam
1179 1143 1583 1204 circuuifert,-ct
1615 1156 1738 1194 suos
1759 1143 1967 1196 curiose
1997 1141 2232 1208 inquirit,

677 1210 868 1282 caritas
894 1211 1042 1277 regni
1067 1222 1241 1277 portas
1261 1215 1450 1282 aperit,
1480 1223 1534 1266 et
1560 1213 1907 1282 virginitatem
1930 1220 2234 1282 coronatam

679 1281 913 1351 inducit,
950 1297 1045 1335 nec
1075 1279 1317 1350 prohibet
1343 1285 1466 1351 quin
1497 1283 1556 1342 ii.
1587 1279 1671 1350 qui
1703 1281 1754 1334 in
1783 1279 2077 1334 honorabili
2103 1297 2234 1333 con-

673 1348 824 1421 jugio
844 1348 1105 1412 vixerunt,
1128 1348 1391 1405 introeant
1414 1370 1428 1406 :
1455 1348 1644 1406 caritas
1660 1352 2046 1421 cleemosynam
2069 1359 2232 1415 amat,

679 1429 734 1471 et
764 1419 827 1473 iis
851 1423 937 1490 qui
971 1422 1110 1473 illam
1140 1422 1322 1474 enluut
1347 1437 1572 1476 curOuas
1612 1437 1741 1474 auro
1772 1419 2112 1488 splendentes
2139 1434 2233 1487 pa-

677 1499 758 1540 rat
783 1505 796 1539 :
829 1491 1016 1543 caritas
1042 1492 1342 1558 superbiam
1371 1507 1471 1545 non
1501 1492 1664 1555 novit,
1690 1492 1914 1544 humiles
1934 1499 2107 1544 autem
2131 1491 2238 1558 glo-

678 1559 752 1608 ria
779 1558 938 1613 afﬁcit
966 1577 978 1612 :
1013 1562 1204 1614 caritas
1238 1561 1515 1615 maledicta
1551 1562 1706 1630 fugit.
1758 1570 1810 1614 et
1840 1559 2235 1630 benedictiOues

680 1630 1014 1693 amplectitur
1045 1633 1058 1685 ξ
1091 1632 1282 1684 caritas
1324 1632 1466 1685 viros
1508 1640 1564 1685 ct
1595 1629 1854 1684 nmlieres
1899 1629 2234 1683 matrimonio

679 1699 988 1767 conjunctos
1017 1701 1308 1756 concordes
1334 1717 1452 1756 esse
1493 1700 1713 1768 suadet,
1754 1701 1988 1771 separari
2016 1713 2142 1755 vero
2167 1699 2233 1753 ab

2156 319 2425 378 Si’UllA.

3813 325 3916 379 T76

2339 441 2563 524 invicem
2595 457 2880 512 numquam
2912 441 3152 524 concedit
3176 441 3416 524 :"caritas
3441 441 3780 524 pmcipityt
3809 457 3915 524 pa-

2339 522 2447 566 tres
2473 514 2608 568 ﬁlios
2628 525 2830 576 ament,
2861 523 2916 567 et
2943 512 3032 568 lilii
3066 512 3300 581 patribus
3326 514 3564 566 serviant
3589 522 3646 566 ut
3674 512 3915 568 dominis

2338 585 2448 636 suis
2472 599 2484 634 :
2510 583 2704 637 Caritas
2728 585 2884 639 heros
2911 584 3150 639 hortatur
3177 593 3230 636 ut
3255 582 3626 637 misericordes
3647 583 3756 636 sint
3782 598 3910 652 erga

2337 668 2549 716 servos,
2582 664 2634 707 et
2658 670 2843 708 servos
2867 663 2924 708 nt
2949 656 3064 709 sine
3089 653 3211 706 dolo
3239 664 3469 707 serviant
3497 651 3677 706 heris:
3710 651 3914 710 caricis

2337 720 2478 775 foras
2509 724 2664 776 mittit
2690 726 2952 784 timerent,
2977 736 3029 776 et
3057 724 3298 779 liduciam
3319 738 3444 790 erga
3472 723 3634 776 Deum
3662 723 3713 775 in
3741 724 3912 776 corde

2337 793 2652 866 constituit;
2689 811 2808 866 nam
2841 792 3073 866 Perfecta
3103 797 3316 856 caritas,
3350 794 3553 866 inquit,
3585 794 3726 866 {oras
3757 795 3916 844 mum

2338 863 2562 916 timorem
2697 864 2850 917 Jomt.
2881 865 2934 918 4.
2968 863 3056 929 l8)
3082 880 3095 917 :
3127 865 3316 916 caritas
3347 863 3482 917 hanc
3509 864 3660 916 nobis
3679 871 3907 933 patrum

2338 936 2587 985 t‘oriznam
2606 931 2829 995 nexuit,
2861 944 2912 987 et
2941 937 3160 1000 stirpem
3189 935 3302 1001 Spei
3333 949 3547 986 suavem
3578 942 3631 986 et
3667 931 3913 985 fructuo-

2338 1018 2449 1055 sam
2481 1005 2706 1056 lirmavit
2734 1007 2782 1056 in
2813 1003 2963 1057 nobis
2991 1020 3003 1058 :
3032 1005 3224 1057 Caritas
3249 1018 3461 1072 gregem
3490 1004 3540 1054 in
3567 1003 3774 1068 caulam
3809 1001 3912 1057 Ee-

2337 1073 2511 1145 clr_si:_e
2541 1073 2768 1140 inducit,
2801 1075 3125 1140 viridemque
3153 1074 3292 1126 illam
3324 1072 3546 1145 paradisi
3568 1074 3911 1145 voluptatem

2340 1143 2520 1195 tribuit
2552 1161 2565 1194 :
2598 1145 2791 1198 caritas
2831 1146 3064 1197 omnium
3107 1156 3340 1196 nosn'um
3380 1143 3620 1195 auditum
3661 1155 3830 1196 unum
3861 1153 3914 1195 et

2340 1211 2721 1268 benevolentia}
2753 1215 2962 1282 plenum
3003 1211 3267 1277 reddidit,
3309 1222 3362 1266 et
3389 1213 3762 1276 concinnavit,
3809 1212 3912 1265 lin-

2337 1298 2490 1350 guam
2522 1295 2753 1336 nostram
2783 1284 3019 1338 dilatavit
3044 1302 3055 1336 :
3088 1285 3276 1336 caritas
3298 1298 3489 1346 corpus
3511 1283 3720 1344 educat,
3751 1282 3914 1351 spiri-

2340 1364 2445 1405 tum
2484 1352 2643 1415 fovet.
2680 1355 2907 1408 animum
2933 1354 3204 1408 candidam
3232 1355 3401 1407 reddit
3426 1351 3672 1406 {caritas
3697 1364 3913 1406 ascela-

2339 1439 2453 1480 rtuu
2500 1423 2709 1478 labores
2739 1424 3078 1477 honorabiles
3121 1423 3326 1485 reddit,
3373 1432 3426 1477 ct
3468 1421 3587 1475 Filii
3629 1425 3785 1477 sinus
3829 1421 3912 1475 his

2337 1495 2596 1560 gratiosos
2625 1497 2796 1560 aperit
2823 1512 2836 1548 :
2867 1495 2916 1547 in
2953 1509 3086 1564 quos
3127 1507 3222 1549 nos
3249 1505 3546 1564 quoqueut
3586 1492 3910 1564 recipiamur

2335 1563 2582 1633 dignetur
2627 1565 2860 1618 omnium
2914 1563 3167 1619 Deminus
3213 1564 3266 1617 in
3320 1563 3512 1619 secula
3560 1563 3911 1618 sceculorum.

2337 1637 2529 1688 Amen.
