3976 6144
438 182 502 240 11
1345 178 1575 239 PRAEF.
1619 182 1870 241 SAVILII
1909 184 1979 240 IN

2114 185 2201 241 TA
2240 184 2775 242 APOSTOLORUM.
3619 191 3684 246 12

439 298 700 367 Genesin)
732 299 833 370 τῆς
857 298 917 353 ἑν
943 301 1064 364 ταῖς
1095 300 1339 373 Πράξεσι
1369 304 1642 376 φράσεως,
1673 306 1766 360 ἐπὶ
1788 308 1848 361 τὸ
1876 324 2009 363 ταπε

2114 327 2261 381 τερον
2293 310 2707 381 ἀπενηνεγμένη
2748 328 2761 365 :
2801 309 2946 380 quod
2983 319 3190 381 aperte,
3213 319 3275 367 ut
3307 311 3441 367 mihi
3470 311 3684 382 quidem

438 395 674 463 videtur,
714 397 756 452 si
789 397 854 451 de
882 396 1029 451 hisce
1055 398 1310 468 accipias,
1355 416 1513 455 secus
1550 410 1652 457 est.
1678 402 1854 473 Atque
1881 405 1998 459 haec
2028 405 2141 460 fere
2168 415 2314 472 sunt,
2345 420 2465 476 qua!
2505 404 2561 458 in
2601 420 2720 459 eam
2752 414 2961 475 partem
2991 407 3307 461 afferantur.
3343 407 3475 474 Quae
3504 418 3683 463 tamen

437 487 619 573 omnia
644 504 763 543 cam
795 489 905 544 vim
936 505 1046 543 non
1077 489 1301 554 habent,
1334 501 1392 546 ut
1427 494 1560 547 mihi
1590 495 1673 549 vel
1702 497 1968 550 tantillum
2008 497 2373 567 persuadeant
2414 498 2636 566 γνήσιον
2667 496 2813 551 hunc
2842 497 3055 563 fmtum,
3106 498 3207 552 etsi
3242 498 3424 554 minus
3459 499 3684 555 fortasse

434 580 654 650 ὡραῖον,
702 597 731 635 a
783 583 991 652 γνησίῳ
1036 592 1187 651 patre
1240 584 1569 653 abjudicare.
1627 587 1703 639 Ac
1756 588 1954 657 primo,
2014 599 2258 644 ramenta
2306 590 2551 660 quaedam
2611 592 2813 659 passim
2860 599 3146 659 apparent,
3192 606 3313 659 quae
3365 592 3581 647 nonnisi
3616 593 3683 647 ab

432 672 600 727 aurea
624 672 712 726 illa
748 688 887 728 vena
917 689 1137 728 manare
1166 682 1480 743 potuerunt.
1513 676 1581 729 At
1621 676 1787 730 multa
1814 687 1962 743 sunt,
1991 677 2190 747 inquis,
2215 679 2490 748 plumbea.
2516 678 2858 747 Respondeo,
2893 678 3188 748 proclivius
3217 694 3337 734 esse
3376 681 3683 752 χρυσορῤή-

442 780 566 833 μονι
593 773 781 819 nostro
806 764 999 819 alicubi
1038 766 1185 819 humi
1210 782 1418 835 repere,
1447 766 1689 837 adeoque
1711 769 1911 838 jacere,
1950 785 2110 839 quam
2136 769 2223 823 alii
2252 770 2317 823 ad
2343 771 2465 839 ejus
2492 769 2833 823 altitudinem
2863 784 3148 840 assurgere
3182 787 3193 822 :
3229 778 3289 823 ut
3317 780 3540 840 propter
3583 772 3682 826 ali-

432 874 539 927 qua
569 860 966 915 admirabiliter
995 862 1195 931 scripta
1224 861 1404 916 malim
1428 862 1871 933 Chrysostomum
1898 863 2197 918 inscribere
2215 873 2513 928 auctorem,
2545 879 2707 934 quam
2741 864 2904 918 alium
2952 872 3174 934 propter
3203 866 3463 919 nonnulla
3495 866 3672 919 humi-

435 953 561 1009 lius.
597 952 799 1008 Deinde
826 956 948 1024 quis
980 957 1171 1022 nescit,
1202 972 1311 1011 non
1338 957 1559 1011 eosdem
1593 973 1714 1012 esse
1759 973 1948 1012 omnes
1979 959 2127 1013 omni
2168 961 2451 1029 tempore?
2474 959 2644 1014 Aliter
2671 958 2991 1029 eloquentiae
3016 958 3217 1012 Latinae
3256 958 3509 1028 princeps
3542 960 3685 1016 dixit

434 1044 853 1109 adolescentior,
885 1045 1041 1099 aliter
1062 1046 1175 1116 jam
1207 1048 1527 1102 consularis.
1560 1047 1629 1102 Et
1655 1048 1725 1102 de
1755 1049 2139 1118 Chrysostomo
2171 1060 2355 1105 nostro
2384 1050 2663 1105 verissime
2707 1050 2955 1113 Photius,
3006 1049 3182 1119 ipsum
3226 1050 3552 1115 Antiochiaa,
3598 1064 3685 1105 se-

421 1138 643 1189 ‘motum
667 1150 695 1188 a
722 1134 953 1204 publicis
977 1136 1141 1200 curis,
1176 1137 1346 1191 multo
1373 1139 1680 1193 accuratius
1710 1139 2053 1207 limatiusque
2078 1140 2383 1208 scripsisse.
2424 1156 2585 1209 quam
2617 1141 2870 1194 eumdem
2897 1138 3368 1211 Constantinopoli
3420 1142 3680 1212 ἀρχιερα-

432 1226 659 1281 τεύοντα
692 1246 705 1281 :
732 1227 787 1281 in
819 1228 962 1297 quod
992 1237 1204 1298 tempus
1236 1229 1366 1292 haec,
1395 1245 1514 1297 quae
1543 1230 1596 1282 in
1622 1230 1871 1284 manibus
1899 1230 2183 1294 habemus,
2220 1231 2472 1285 incidisse
2512 1231 2633 1286 luce
2664 1230 2863 1285 clarius
2887 1239 2989 1285 est.
3047 1231 3121 1286 De
3152 1248 3383 1287 numero
3418 1230 3684 1287 Photiano

422 1314 764 1387 respondeo,
799 1319 939 1374 idem
969 1320 1130 1389 objici
1160 1336 1317 1389 posse
1342 1320 1411 1374 de
1446 1322 1695 1377 Homiliis
1726 1323 1782 1375 in
1805 1322 2063 1386 Genesin,
2096 1338 2218 1391 quae
2256 1322 2374 1376 sine
2404 1322 2570 1377 dubio
2591 1338 2861 1392 germana:
2896 1331 3044 1389 sunt,
3082 1332 3137 1379 et
3172 1340 3281 1377 non
3318 1326 3502 1394 plures
3537 1322 3684 1378 Pho—

431 1410 509 1465 tio
534 1426 639 1465 una
670 1419 725 1465 ct
760 1412 1053 1482 sexaginta,
1093 1427 1214 1466 cum
1247 1421 1426 1466 tamen
1456 1428 1649 1468 omnes
1674 1415 1843 1468 nostri
1880 1414 2106 1469 Codices
2132 1424 2341 1484 septem
2367 1423 2424 1469 et
2451 1415 2724 1484 sexaginta
2752 1416 3061 1485 praeferant,
3096 1423 3155 1468 ut
3204 1416 3289 1469 vel
3320 1416 3569 1470 Photium
3600 1417 3687 1471 hic

429 1513 486 1559 et
516 1504 588 1558 ibi
612 1502 871 1557 memoria
891 1504 1098 1572 lapsum
1126 1518 1246 1558 esse
1272 1519 1495 1559 necesse
1524 1504 1614 1569 sit,
1649 1504 1735 1559 vel
1770 1506 1825 1558 in
1861 1503 2087 1561 Codices
2112 1506 2366 1560 incidisse
2397 1506 2576 1560 minus
2604 1506 2869 1577 integros,
2898 1508 2981 1561 vel
3002 1506 3296 1561 oscitantes
3319 1507 3568 1562 librarios
3599 1508 3693 1563 hic

430 1615 531 1669 pro
564 1607 637 1652 vs'
678 1598 821 1654 facili
861 1600 1010 1669 lapsu
1048 1599 1336 1669 scripsisse
1364 1607 1426 1655 v’.
1455 1599 1565 1654 Has
1590 1600 1736 1654 enim
1767 1615 1906 1663 esse,
1934 1616 2068 1669 quas
2094 1602 2204 1670 jam
2236 1601 2488 1655 manibus
2524 1602 2771 1663 terimus,
2804 1618 2913 1657 non
2946 1602 3079 1656 alias
3119 1601 3175 1655 in
3207 1603 3338 1656 Acta
3374 1603 3623 1657 homilias
3654 1617 3683 1656 a

424 1686 626 1750 Photio
651 1682 897 1765 intelligi,
929 1695 1091 1749 verba
1116 1694 1286 1763 ipsius
1310 1708 1499 1763 aperte
1527 1695 1807 1750 declarant
1844 1713 1856 1748 :
1884 1695 1940 1747 αἱ
1974 1712 1994 1762 ιι

2114 1697 2188 1757 εἰς
2222 1694 2320 1758 τὰς
2350 1694 2585 1766 Πράξεις
2617 1695 2826 1763 ὁμιλίαι
2849 1696 3182 1767 πεντήκοντα
3211 1695 3309 1767 μέν
3341 1696 3467 1755 εἰσι,
3499 1696 3684 1767 σχεδὸν

425 1787 484 1840 δὲ
517 1788 585 1840 δι’
615 1786 739 1841 ὅλου
770 1785 920 1856 αὐτῷ
948 1784 1042 1838 τοῦ
1060 1784 1311 1839 ’ἐνιαυτοῦ
1339 1786 1674 1857 ἐρρήθησαν.
1704 1788 1778 1839 Οὐ
1806 1786 1914 1855 γὰρ
1948 1787 2071 1838 καθ’
2101 1786 2314 1856 ἡμέραν
2339 1785 2563 1848 ταύτας,
2590 1785 2728 1838 ἀλλὰ
2754 1786 2846 1838 καὶ
2875 1785 3015 1857 ὑπὲρ
3046 1787 3206 1839 πέντε
3260 1786 3465 1856 (malim
3492 1789 3641 1857 τρεῖς
3666 1803 3681 1842 :

427 1877 667 1948 respexit
688 1878 832 1932 enim
865 1877 933 1931 ad
956 1862 1141 1931 locum
1176 1877 1230 1931 in
1264 1878 1413 1931 hom.
1439 1876 1846 1947 quadragesima
1869 1891 1997 1946 quat

2112 1877 2179 1930 ἱιὰ
2208 1876 2373 1947 τριῶν
2410 1875 2667 1939 πολλάκις
2698 1876 2923 1946 ἡμερῶν
2958 1874 2990 1945 ἦ
3019 1876 3159 1929 ἑπτὰ
3190 1874 3346 1928 τοῦτο
3380 1875 3682 1945 ποιοῦντες)

424 1973 518 2025 καὶ
548 1972 689 2041 ὑπὲρ
725 1969 885 2036 ἑπτὰ,
915 1970 1009 2023 καὶ
1038 1969 1211 2021 πλείω
1247 1968 1396 2040 (fort.
1426 1969 1645 2031 πλείους
1696 1988 1710 2024 :
1754 1985 1881 2024 nam
1911 1970 1979 2024 de

2112 1970 2210 2024 bus
2257 1970 2517 2038 loquitur)
2548 1968 2873 2039 καθωμίλειο
2908 1969 2973 2033 ἃς
3004 1969 3161 2038 δῆλον
3192 1970 3355 2033 αὐτὸς
3392 1973 3559 2033 ποιεῖ,
3600 1972 3682 2024 ὅτι

420 2062 828 2136 ἀρχιερατεύων
853 2060 993 2114 κατὰ
1017 2061 1075 2114 τὸ
1104 2060 1287 2130 τρίτον
1315 2060 1433 2124 ἔτος
1465 2048 1734 2132 ὡμίλησε.
1762 2061 1958 2126 Locus,
1988 2086 1990 2113 λ

2112 2078 2243 2131 [υειη
2289 2063 2527 2132 respexit
2575 2061 2821 2128 Photius,
2869 2072 2953 2117 est
2994 2063 3048 2116 in
3079 2064 3226 2117 hom.
3268 2064 3682 2134 quadragesima

422 2169 636 2230 quarta,
666 2175 788 2229 pag.
822 2158 947 2223 856,
980 2157 1077 2210 lin.
1108 2158 1176 2212 59
1199 2155 1281 2228 [p.
1308 2158 1412 2213 555
1433 2158 1519 2223 D.,
1545 2157 1759 2231 Montf.,
1788 2159 1891 2213 col.
1929 2160 2052 2223 512,
2085 2159 2182 2213 lin.
2209 2159 2279 2213 55
2302 2159 2391 2212 ed.
2424 2156 2599 2230 nov.],
2625 2158 2717 2212 ubi
2743 2166 2956 2227 arrepta
2982 2159 3265 2213 occasione
3293 2174 3359 2212 ex
3382 2158 3529 2212 Pauli
3558 2174 3685 2215 ver-

425 2250 528 2312 bis,
560 2247 1011 2320 μνημονεύοντες,
1041 2248 1122 2301 ὅτι
1147 2247 1385 2320 τριετίαν
1408 2247 1579 2302 νύκτα
1607 2250 1701 2302 καὶ
1725 2249 1938 2319 ἡμέραν
1970 2266 1995 2301 ο

2112 2248 2454 2318 ἐπαυσάμην,
2488 2249 2743 2302 Actorum
2782 2247 2883 2311 20,
2926 2248 3014 2311 51,
3051 2248 3469 2317 Chrysostomus
3499 2248 3567 2302 de
3601 2264 3682 2328 se,

425 2338 535 2391 ἰδοὺ
565 2336 844 2408 τῇτχάριτι
875 2335 968 2388 τοῦ
999 2334 1135 2388 Θεοῦ
1163 2336 1257 2388 καὶ
1295 2337 1455 2405 ἡμεῖς
1476 2336 1660 2389 λοιπὸν
1696 2337 1935 2406 τριετίαν
1968 2337 1993 2389 ἐ

2114 2355 2188 2391 εν.
2228 2337 2405 2405 Atque
2442 2346 2635 2391 utnon
2666 2338 2831 2391 alium
2877 2353 2998 2391 esse
3023 2338 3186 2407 hujus
3226 2338 3347 2392 libri
3381 2348 3684 2400 auctorem.

420 2445 583 2500 quam
606 2428 869 2483 Joannem
891 2437 1160 2493 nostrum,
1186 2428 1442 2498 liquidius
1469 2438 1747 2499 appareat,
1782 2431 1898 2484 hare
1925 2446 2094 2501 pauca
2120 2431 2385 2500 adjecisse
2415 2446 2525 2485 non
2554 2430 2651 2485 abs
2680 2447 2738 2485 re
2764 2430 2945 2484 fuerit.
2973 2428 3175 2483 Omitto
3202 2431 3397 2485 multas
3426 2431 3687 2500 loquendi

420 2524 685 2578 formulas
708 2523 839 2577 huic
863 2534 1050 2578 nostro
1078 2523 1399 2593 peculiares,
1426 2522 1971 2594 interrogatiunculas
1990 2563 2007 2589 ,
2037 2523 2413 2593 dialogismos,
2444 2522 2806 2594 digressiones
2833 2522 3064 2577 morales
3083 2562 3098 2587 ,
3140 2522 3285 2592 leges
3316 2533 3502 2577 contra
3528 2523 3687 2593 jura-

420 2626 608 2674 menta
639 2618 792 2682 latas,
825 2616 975 2673 Sixto
1004 2617 1229 2673 Senensi
1253 2627 1415 2687 atque
1438 2618 1539 2688 ipsi
1566 2618 1791 2673 Erasmo
1816 2627 2022 2673 notata.
2046 2618 2202 2683 Quod
2232 2618 2287 2671 in
2324 2619 2471 2672 hom.
2496 2618 2669 2688 prima
2702 2617 2976 2672 invehitur
3007 2618 3062 2672 in
3085 2634 3198 2681 eos,
3232 2619 3323 2688 qui
3354 2618 3688 2688 baptismum

418 2714 669 2785 rejiciunt
711 2729 882 2785 usque
910 2714 979 2775 ad
1002 2722 1271 2769 extremas
1301 2712 1611 2775 ἀναπνοάςο
1650 2714 1793 2783 quod
1822 2714 1875 2767 in
1921 2714 2071 2768 hom.
2104 2713 2377 2785 trigesima
2413 2713 2583 2784 legem
2610 2713 2796 2768 statuit
2822 2714 2877 2766 in
2904 2728 3017 2777 eos,
3050 2714 3140 2781 qui
3172 2715 3427 2784 episcopo
3462 2717 3690 2770 concio-

417 2809 570 2863 nanti
605 2808 827 2877 plausus
857 2808 1006 2862 cient
1034 2824 1047 2861 :
1080 2807 1221 2877 quod
1257 2815 1443 2861 contra
1464 2807 1743 2863 Platonem
1760 2806 2181 2876 ctphilosophos
2202 2806 2358 2860 toties
2375 2821 2439 2860 ac
2461 2815 2567 2859 tam
2583 2806 2935 2860 vehementer
2949 2805 3208 2873 disputat,
3231 2820 3299 2857 an
3324 2821 3429 2857 non
3448 2806 3579 2860 satis
3602 2808 3693 2862 in-

414 2904 898 2973 dicantantiquum
937 2917 1059 2957 esse
1089 2903 1430 2971 scriptorem,
1473 2903 1565 2972 qui
1600 2902 1654 2955 in
1686 2902 1816 2956 vitia
1862 2903 2046 2956 multis
2087 2902 2199 2971 jam
2252 2902 2377 2957 inde
2415 2901 2627 2957 saeculis
2664 2900 2943 2970 antiquata
2973 2909 3081 2953 tam
3113 2899 3311 2953 acriter
3340 2899 3635 2955 invehatur
3662 2903 3689 2958 ἲ

416 2998 557 3065 Quid
585 2998 728 3067 quod
759 2997 944 3052 homil.
975 2996 1277 3061 undecima,
1310 2996 1518 3068 ἡκουσά
1550 3013 1680 3050 ποτε
1707 2996 1959 3066 πατέρων

2142 2996 2445 3066 ἡμετέρων,
2481 2996 2675 3065 inquit,
2707 2996 2997 3065 λεγόντων,
3024 2997 3106 3049 ὅτι
3143 2995 3286 3049 κατὰ
3313 2994 3404 3058 τὸν
3430 2994 3678 3065 διωγμὸν

414 3090 508 3144 τὸν
541 3090 771 3159 παλαιὸν
809 3085 878 3161 ἦν
923 3091 1049 3144 ἰδεῖν
1080 3090 1249 3154 ὅντως
1281 3090 1644 3160 Χριστιανοὺς
1686 3088 1914 3157 ἄνδρας,
1957 3102 1984 3142 c

2100 3087 2179 3141 Ex
2204 3087 2402 3156 quibus
2424 3096 2648 3156 apparet
2678 3087 2840 3156 hujus
2867 3087 2989 3140 libri
3018 3096 3293 3141 auctorem
3318 3086 3498 3141 statim
3536 3098 3670 3158 post

419 3193 666 3254 tempora
690 3184 1084 3255 persecutionis
1109 3183 1328 3247 vixisse,
1359 3184 1449 3252 qui
1480 3183 1596 3236 ha‘c
1622 3198 1651 3236 a
1675 3181 1922 3251 patribus
1952 3179 2065 3234 suis
2088 3179 2276 3233 audire
2308 3180 2562 3247 potuerit.
2592 3177 2729 3243 Quid
2758 3177 2901 3245 quod
2930 3177 3117 3229 homil.
3150 3178 3406 3247 vigesima
3442 3180 3685 3234 secunda

416 3280 631 3350 legitur,
676 3280 893 3350 σπεῖρα,
925 3278 953 3330 ὃ
994 3277 1266 3348 καλοῦμεν
1302 3276 1396 3330 νῦν
1428 3275 1739 3347 νούμερονῖ
1783 3283 1837 3328 et
1867 3290 1986 3343 quoe

2118 3272 2230 3325 mil.
2258 3270 2669 3341 quadragesima
2702 3280 2874 3325 sexta.
2906 3269 2934 3321 ὃ
2965 3272 3095 3340 παρ’
3119 3272 3252 3339 ἡμῖν
3297 3270 3511 3339 λέγουσι
3537 3273 3683 3328 κατὰ

409 3375 513 3446 τὴν
544 3372 857 3442 Ῥωμαϊκὴν
897 3368 1208 3439 συνήθειαν,
1258 3369 1317 3419 ὲν
1346 3369 1461 3431 τοῖς
1505 3369 1709 3435 σίγνοις
1752 3367 1916 3419 αὐτὸν
1961 3366 1979 3418 ἔ

2118 3368 2189 3429 λε,
2236 3378 2417 3417 nonne
2448 3362 2577 3417 satis
2607 3362 2721 3415 haec
2759 3376 2858 3431 per
2891 3377 2949 3416 se
2996 3362 3373 3431 antiquitatem
3406 3363 3688 3432 produnt?

400 3468 520 3523 Sed
560 3466 690 3536 quid
740 3466 1080 3535 conjecturas
1116 3471 1428 3524 consector,
1460 3476 1583 3516 cum
1632 3460 1747 3530 ipse
1794 3466 1980 3529 aperte
2028 3458 2176 3515 hom.
2231 3457 2641 3529 quadragesima
2684 3458 2857 3527 prima
2900 3463 3418 3525 contemporaneum
3455 3471 3513 3510 se
3552 3471 3676 3526 pro~

416 3563 634 3617 fiteatur
662 3560 920 3617 Iuliano?
946 3561 1121 3615 Locus
1146 3566 1231 3612 est
1260 3573 1381 3627 pag.
1414 3555 1538 3620 859,
1570 3557 1600 3608 7
1632 3555 1709 3626 [p.
1740 3556 1835 3609 511
1868 3563 1986 3608 extr

2116 3553 2251 3618 mtf.,
2284 3553 2390 3607 col.
2429 3554 2553 3615 291,
2583 3552 2679 3606 lin.
2712 3541 2898 3607 med.
2940 3550 3091 3622 nov.]
3122 3566 3135 3602 :
3170 3550 3277 3603 ἰδοὺ
3313 3550 3421 3621 γὰρ
3452 3551 3545 3604 ἐπὶ
3570 3551 3686 3605 τῶν

414 3660 622 3732 καξρῶν
653 3661 761 3714 τῶν
789 3658 1076 3730 ἡμετέρων
1104 3655 1173 3708 τὰ
1208 3653 1350 3706 κατὰ
1380 3653 1471 3704 τὸν
1501 3631 1771 3722 μακάριον
1802 3649 2049 3702 Βαϐύλαν
2077 3650 2289 3718 γέγονε,
2315 3650 2384 3702 τὰ
2414 3648 2556 3706 κατὰ
2584 3647 2653 3700 τὰ
2686 3647 3051 3717 Ἱεροσόλυμα,
3087 3645 3156 3699 τὰ
3189 3646 3330 3699 κατὰ
3361 3646 3458 3715 τὴν
3484 3646 3684 3699 καθαί-

418 3770 567 3824 ρεσιν
594 3752 700 3807 τῶν
735 3753 929 3824 ἱερῶνῖ
957 3765 1189 3821 quorum
1223 3748 1331 3803 duo
1356 3744 1535 3817 priora
1566 3746 1668 3799 sub
1694 3743 1913 3800 Juliano
1951 3745 2317 3817 contigerunt,
2358 3754 2398 3799 ιε
2412 3746 2575 3799 rtium
2607 3744 2710 3797 sub
2740 3742 3065 3796 Theodosio.
3089 3740 3205 3795 Jam
3231 3741 3361 3794 illud
3392 3741 3539 3794 hom.
3574 3743 3675 3794 tri-

414 3847 617 3919 gesima
644 3853 833 3901 octava
873 3838 941 3899 de
990 3844 1126 3897 libro
1156 3840 1364 3911 magico
1400 3838 1622 3893 invento
1653 3839 1707 3891 in
1749 3837 1970 3895 flumine
1991 3879 2003 3902 ,
2033 3853 2155 3892 cum
2199 3837 2377 3891 adhuc
2414 3835 2697 3907 μειράκιον
2719 3842 2863 3889 esset
2892 3833 3329 3904 Chrysostomus,
3378 3832 3682 3888 Cardinalis

412 3926 679 3991 Baronius
702 3945 869 3999 recte,
896 3942 957 3988 ut
990 3932 1202 4001 opinor,
1234 3930 1302 3985 ad
1330 3937 1573 3997 tempora
1594 3928 1836 3983 Valentis
1872 3927 2058 3981 refert.
2092 3926 2169 3980 Ex
2202 3926 2287 3982 his
2324 3927 2493 3995 liquet
2543 3926 2861 3995 scriptorem
2902 3925 3069 3979 fuisse
3106 3934 3409 3989 temporum
3461 3924 3679 3977 illorum

411 4031 695 4101 aequalem.
743 4030 850 4085 Sed
904 4037 959 4083 et
1009 4027 1323 4097 episcopum
1372 4020 1540 4075 fuisse
1583 4021 1714 4076 satis
1744 4020 2033 4075 constabit.
2077 4018 2235 4076 llom.
2294 4020 2451 4073 tertia
2485 4020 2721 4089 loquitur
2746 4020 2813 4074 de
2852 4020 3052 4091 scipso,
3096 4029 3154 4073 ut
3190 4019 3467 4088 episcopo.
3502 4019 3664 4071 llom.

412 4139 557 4177 nona
612 4132 799 4192 aperte
850 4120 1089 4190 seipsum
1150 4118 1465 4187 episcopum
1516 4122 1695 4176 vocat,
1753 4112 1890 4166 ἀλλὰ
1929 4113 1982 4165 ei.

2096 4114 2232 4183 qolv,
2285 4111 2468 4181 ἄρχων
2520 4109 2570 4163 εἷ
2617 4110 2712 4163 καὶ
2759 4111 3073 4173 ἐπίσκοπος.
3121 4110 3322 4164 Homil.
3363 4118 3552 4164 octava
3598 4110 3666 4164 de

416 4216 598 4285 Seipso
630 4214 903 4284 "loquitur,
938 4221 997 4267 ut
1021 4202 1277 4282 episcopo
1305 4212 1361 4267 in
1411 4210 1631 4265 civitate
1679 4207 2038 4279 βασιλευούσῃ
2072 4205 2235 4277 (quod
2262 4219 2462 4258 nomen
2489 4214 2849 4274 praeterquam
2872 4202 3056 4258 Roma:
3093 4213 3149 4257 et
3179 4202 3672 4272 ConstantinOpoli,

412 4308 546 4363 nulli
569 4305 657 4361 alii
684 4306 1043 4361 conveniebat
1068 4303 1273 4358 civitati
1324 4302 1659 4375 (suspiciose
1680 4299 1926 4371 quaedam
1965 4314 1982 4352 ε

2100 4312 2258 4368 rgens
2293 4296 2361 4351 de
2392 4311 2491 4350 sua
2537 4295 2874 4365 expulsione,
2899 4295 3026 4365 περὶ
3051 4293 3151 4362 τῆς
3182 4291 3374 4344 ἑαυτοῦ
3402 4292 3668 4361 καθαιρέ-

414 4399 795 4468 aewczqualia
837 4408 965 4452 sunt
1018 4413 1138 4468 pag.
1186 4398 1309 4460 655,
1359 4398 1429 4451 24
1474 4395 1618 4468 [pag.
1668 4394 1757 4460 (i8,
1812 4394 1876 4459 A,
1916 4394 1984 4447 Μ(

2096 4433 2128 4457 .,
2161 4392 2263 4447 col.
2298 4391 2387 4458 74,
2422 4391 2517 4444 lin.
2546 4390 2616 4444 22
2653 4405 2778 4444 nov.
2813 4388 2927 4459 ed.]
2960 4406 2971 4441 :
3004 4387 3037 4458 ἢ
3068 4385 3329 4439 καθέλετέ
3368 4403 3435 4455 με
3460 4384 3666 4453 ταύτης

410 4492 511 4563 τῆς
540 4490 737 4561 ἀρχῆς,
768 4490 801 4557 ἣ
837 4488 1068 4559 μένοντά
1104 4505 1172 4558 με
1205 4489 1278 4559 μὴ
1312 4484 1663 4560 περιδάλλετε
1696 4485 1978 4549 κινδύνοις.

2104 4487 2292 4556 pagina
2326 4492 2606 4553 sequente,
2638 4483 2734 4535 lin.
2766 4481 2829 4535 12
2859 4480 3002 4553 [pag.
3030 4479 3116 4542 69,
3143 4478 3208 4538 Α.
3243 4478 3345 4532 col.
3391 4477 3477 4541 76,
3508 4476 3600 4529 lin.
3640 4474 3674 4528 5

410 4585 499 4640 ed.
532 4580 685 4651 nov.]
718 4598 731 4633 :
763 4580 869 4644 ἕως
902 4581 968 4634 ἂν
990 4582 1047 4633 ἐν
1071 4578 1148 4650 τῷ
1172 4578 1345 4650 Θρόνῳ
1367 4579 1687 4649 καθέζωμαι
1716 4579 1911 4647 τούτῳ,
1935 4578 2088 4631 οὐδὲν
2118 4577 2342 4647 προήσω
2382 4576 2488 4626 τῶν
2517 4574 2681 4626 αὑτοῦ
2709 4572 3108 4641 δικαιωμάτων.
3149 4571 3249 4623 Ἂν
3282 4570 3347 4641 μέ
3373 4586 3457 4630 τις
3485 4586 3668 4620 κατα-

412 4673 634 4741 ϐιόἀσῃ,
665 4670 850 4724 λοιπὸν
874 4668 1164 4733 ἀνεύθυνος
1185 4671 1320 4739 ειμι.
1359 4669 1423 4723 Et
1454 4669 1640 4725 homil.
1667 4668 1949 4723 undecima
1976 4667 1982 4718 ἒ

2089 4666 2237 4726 nitur,
2264 4673 2324 4718 ut
2348 4665 2400 4719 in
2428 4665 2663 4728 civitate,
2696 4679 2815 4733 qua:
2842 4670 3039 4731 praeter
3070 4661 3285 4716 Judazos
3320 4669 3375 4715 et
3407 4658 3659 4730 gentiles,

412 4754 1079 4820 Christianorum‘habeat
1120 4762 1242 4831 plus
1282 4777 1443 4831 quam
1473 4771 1691 4816 centum
1724 4761 1911 4815 millia.
1945 4758 2102 4812 Hom.
2139 4757 2555 4827 quadragesima
2588 4754 2849 4817 secunda,
2884 4768 2939 4822 p.
2975 4754 3077 4808 848
3106 4755 3142 4809 l.
3176 4754 3242 4807 l2
3296 4752 3391 4825 [p.
3430 4752 3563 4815 524,
3606 4750 3669 4815 Β,

412 4857 516 4911 col.
558 4856 685 4913 502.
724 4854 823 4908 lin.
851 4853 920 4909 29
948 4862 1004 4909 et
1029 4852 1180 4925 nov.)
1215 4872 1227 4908 :
1273 4850 1402 4907 Ἰδοὺ
1432 4853 1592 4925 ἡλίκη
1620 4853 1776 4915 πόλις
1806 4853 1935 4920 ὑμῖν
1960 4850 1982 4902 ἐ

2080 4866 2106 4899 ν
2133 4850 2166 4919 ἡ
2199 4847 2408 4919 μεγάλη
2434 4845 2594 4916 αὕτη.
2623 4846 2690 4900 Ει
2720 4844 2863 4914 quod
2893 4860 3181 4914 nusquam,
3217 4852 3278 4899 ut
3305 4844 3518 4913 opinor,
3542 4840 3646 4896 alib

415 4951 470 5005 in
493 4950 613 5020 ejus
643 4950 899 5019 operibus
938 4950 1238 5019 reperitur,
1271 4948 1459 5003 homil.
1509 4947 1955 5018 quinquagesima
1984 4946 2243 5010 secunda,
2292 4959 2415 5015 pag.
2444 4942 2568 5008 902,
2604 4942 2639 4995 l.
2669 4941 2738 4996 40
2784 4939 2858 5012 [p.
2900 4941 3023 5005 595,
3065 4941 3130 5007 D,
3161 4941 3265 4996 col.
3304 4941 3430 5008 565,
3465 4940 3564 4993 lin.
3601 4939 3672 4991 Η

414 5039 701 5113 εὰ.νῐιον.]
741 5056 938 5095 nomen
982 5057 1140 5096 suum
1200 5040 1404 5095 directe
1443 5040 1594 5109 ponit
1637 5060 1649 5093 :
1691 5038 1818 5107 Εἰμὶ
1847 5037 1941 5090 τοῦ

2102 5037 2279 5107 ιαρίου
2342 5036 2441 5105 μὲν
2464 5032 2673 5086 ἐκείνου
2729 5033 3035 5104 (Ἰωάννου)
3093 5032 3402 5103 ὁμώνυμος,
3452 5032 3513 5084 ού
3566 5028 3672 5101 μὴν

416 5131 753 5203 συνώνυμος.
796 5134 908 5187 Οὐκ
946 5134 1061 5205 εἰμὶ
1104 5134 1376 5201 Ἰωάννης,
1411 5130 1548 5185 ἀλλὰ
1586 5128 1879 5201 καλοῦμαι.
1909 5128 1984 5183 Po

2102 5144 2189 5182 mo
2215 5127 2481 5181 accedunt
2508 5134 2564 5179 et
2607 5134 2853 5180 veterum
2895 5127 3221 5195 scriptorum
3250 5124 3317 5178 de
3357 5124 3519 5193 hujus
3546 5119 3667 5176 libri

417 5237 640 5284 auctore
662 5231 991 5287 testimonia.
1040 5230 1114 5283 De
1158 5228 1351 5282 Photio
1384 5242 1547 5296 supra
1576 5226 1831 5281 diximus.
1890 5225 2275 5288 Damascenus,
2319 5222 2414 5277 lib.
2458 5222 2511 5285 5,
2552 5235 2671 5290 cap.
2714 5219 2799 5285 15,
2853 5220 2926 5274 De
2969 5220 3075 5273 fide
3118 5218 3439 5280 orthodoxa,
3489 5215 3667 5267 locum

417 5317 551 5373 citat
590 5316 656 5372 ex
687 5320 926 5374 secunda
958 5318 1146 5373 homil.
1180 5317 1235 5370 in
1259 5317 1393 5370 Acta
1435 5332 1447 5366 :
1479 5314 1571 5384 qui
1611 5324 1790 5369 tamen
1818 5316 2055 5370 auctoris
2103 5329 2174 5367 an
2218 5310 2423 5366 librarii
2459 5310 2632 5380 lapsu,
2661 5326 2767 5365 non
2798 5310 2852 5363 in
2880 5308 3117 5364 secunda
3147 5307 3419 5376 reperitur
3453 5302 3665 5365 homil.,

418 5409 515 5465 sed
542 5410 597 5463 in
632 5410 828 5480 prima,
866 5426 987 5481 pag.
1016 5408 1141 5473 610,
1184 5408 1219 5460 1.
1247 5408 1335 5461 18.
1370 5405 1572 5460 Deinde
1600 5404 1924 5461 Catenarutn
1959 5405 2249 5475 scriptores
2270 5446 2285 5471 ,
2317 5403 2552 5466 Nicetas,
2584 5401 2973 5463 tlicumenius,
2998 5407 3104 5452 etc.
3135 5412 3245 5450 non
3272 5413 3336 5451 ex
3361 5396 3479 5449 aliis
3504 5405 3667 5462 quam

418 5516 484 5556 ex
520 5502 623 5554 hoc
650 5499 811 5555 horto
836 5496 1171 5567 depromptis
1198 5494 1435 5550 ﬂosculis
1461 5510 1587 5551 suas
1621 5502 1949 5551 contexucre
1994 5494 2221 5551 corollas
2254 5509 2265 5543 :
2310 5500 2370 5548 ut
2392 5493 2504 5565 jam
2534 5492 2761 5549 stultum
2798 5489 2869 5546 sit
2896 5486 3174 5558 deinceps,
3198 5494 3258 5540 ut
3286 5486 3419 5541 mihi
3448 5482 3665 5554 quidem

420 5592 658 5659 videtur,
710 5592 778 5648 de
830 5589 993 5659 hujus
1034 5587 1154 5645 libri
1207 5595 1427 5643 auctore
1461 5586 1729 5642 dubitare.

3899 1510 3910 1577 ἰ
