4010 6158
419 225 489 278 15
558 261 562 264 η
1135 216 1193 271 S.
1231 215 1512 278 JOANNIS
1549 207 2021 270 CHRYSOSTOM!
2059 209 2373 265 ARCHIEP.
2415 210 2946 270 CONSTANTINOP.
3625 215 3688 270 η

407 338 665 409 gellandi,
699 334 842 406 quod
887 330 1241 387 intolerabilia
1287 329 1516 399 passuri,
1548 335 1603 383 et
1633 327 1715 381 his
1751 323 2000 380 omnibus

407 430 716 500 superiores
742 425 904 481 futuri
930 431 1138 488 essent,
1169 421 1314 492 quod
1341 422 1466 476 item
1496 417 1828 488 evangelium
1857 430 1998 482 pra:-

408 508 693 575 dieandum
717 517 854 572 foret
877 518 930 573 in
954 518 1204 575 universo
1222 513 1449 576 mundo:
1474 511 1610 576 haec,
1632 511 1866 579 inquam,
1882 521 2000 560 om-

413 612 497 665 nia
520 609 924 669 accuratissime
957 607 1223 676 completa
1261 605 1312 658 in
1354 603 1454 658 hoc
1477 602 1614 657 libro
1630 614 1854 655 cernere
1879 605 1995 661 est;

406 718 616 757 necnon
648 701 731 753 his
763 701 912 768 plura
938 715 1059 767 qua:
1087 713 1212 756 cum
1248 692 1525 761 discipulis
1553 705 1774 745 versans
1820 685 1997 759 Domi-

409 808 506 846 nus
552 790 781 849 dixerat,
810 789 1135 856 Videbisque
1183 786 1271 853 hic
1309 782 1584 854 apostolos
1623 795 1722 836 ceu
1753 779 1998 833 volucres

399 897 501 951 'pcr
534 892 730 939 terram
759 890 814 935 et
839 882 1005 935 maria
1034 880 1418 946 discurrentes,
1450 874 1678 952 illosque
1707 871 1832 924 olim
1856 868 1998 924 timi-

406 976 502 1027 dos
533 984 588 1028 et
628 973 811 1036 rudes,
846 972 901 1029 in
930 971 1066 1025 alios
1109 968 1356 1024 homines
1385 975 1606 1040 repente
1636 971 1884 1040 mutatos,
1915 961 1997 1032 die

405 1067 655 1120 vitiaruui
705 1071 1128 1132 contemptores,
1174 1060 1380 1130 gloria,
1411 1058 1511 1123 ira,
1558 1053 1993 1124 concupiscentia

402 1157 720 1225 cauet-isque
747 1155 996 1210 omnibus
1045 1153 1349 1222 superiores
1375 1150 1630 1205 elfectos:
1660 1149 1880 1202 multam
1912 1146 1990 1198 \i-

403 1249 556 1302 debis
603 1248 742 1302 inter
790 1247 934 1314 ipsos
971 1241 1337 1305 Concordiam,
1379 1240 1579 1293 nullam
1619 1236 1894 1298 invidiam,
1936 1243 1994 1288 ut

402 1342 555 1398 oliui.
586 1339 787 1392 nullam
811 1337 880 1390 ob
913 1338 1173 1402 primatus
1201 1318 1528 1395 desiderium
1559 1330 1987 1397 contentionem;

401 1433 497 1486 sed
541 1448 752 1484 onmem
798 1431 848 1482 in
879 1429 984 1482 illis
1013 1429 1261 1480 virtutem
1289 1425 1572 1494 diligenter
1601 1423 1819 1486 cultam,
1849 1419 1990 1474 eari-

409 1533 680 1591 talemque
707 1521 903 1574 eximie
931 1518 1258 1587 fulgentem;
1285 1517 1352 1570 de
1378 1530 1480 1586 qua
1509 1513 1674 1568 multa
1700 1513 1828 1581 ipsis
1855 1527 1994 1581 prte-

406 1625 643 1684 repcrat,
660 1614 845 1667 dicens
863 1631 875 1666 :
898 1611 922 1664 I
931 1631 961 1664 η
987 1613 1080 1664 hoc
1100 1618 1396 1680 cognoscent
1415 1625 1587 1663 omnes
1602 1608 1736 1676 quod
1753 1607 1990 1675 discipuli

404 1709 504 1761 uici
527 1708 658 1774 silis,
687 1707 732 1761 si
759 1706 1036 1765 dilexeritis
1062 1705 1272 1782 invicem
1301 1701 1482 1772 (Joan.
1515 1702 1602 1755 15.
1633 1698 1745 1767 55).
1771 1699 1907 1775 Quin
1935 1706 1991 1753 et

401 1802 650 1871 dogmata
668 1800 910 1876 quaedam
937 1799 990 1853 in
1019 1798 1120 1876 hoc
1150 1797 1288 1876 libro
1316 1796 1551 1876 reperire
1577 1794 1721 1876 licet,
1741 1807 1858 1874 qua:
1885 1789 1989 1876 nisi

403 1869 636 1961 scriptus
665 1869 754 1946 ille
791 1873 995 1954 fuisset,
1024 1873 1161 1943 nulli
1191 1889 1261 1942 ita
1288 1869 1565 1958 perspicua
1586 1869 1646 1943 et
1672 1869 1826 1954 plano
1859 1869 1990 1938 fuis-

402 1995 521 2038 sent
553 2001 566 2035 :
599 1985 707 2036 imo
749 1983 910 2037 etiam
958 1982 1032 2048 id,
1075 1981 1217 2052 quod
1248 1989 1330 2034 est
1369 1979 1554 2034 salutis
1581 1988 1778 2032 nostra:
1804 1984 1985 2045 caput,

401 2085 510 2130 tam
563 2075 854 2129 secundum
913 2075 1076 2128 vitam
1130 2083 1186 2128 et
1240 2087 1441 2138 mores,
1483 2087 1642 2140 quam
1693 2068 1986 2124 secundum

400 2171 670 2236 dogmata,
694 2167 962 2226 occultum
992 2166 1385 2233 obscurumque
1414 2171 1578 2216 esset.
1607 2160 1835 2215 Maxima
1865 2174 1987 2230 pars

400 2270 577 2314 autem
604 2257 745 2325 libri,
770 2239 914 2333 Pauli
942 2266 1088 2327 gesta
1117 2269 1261 2321 sunt,
1284 2255 1372 2324 qui
1401 2255 1520 2325 plus
1559 2253 1808 2309 omnibus
1838 2253 1984 2308 labo-

403 2350 558 2404 ravit.
593 2347 759 2417 Cujus
799 2348 874 2402 rei
905 2362 1065 2402 causa
1097 2355 1200 2412 est,
1223 2345 1366 2415 quod
1389 2345 1434 2398 is
1462 2345 1552 2413 qui
1605 2335 1747 2397 hunc
1793 2343 1985 2398 librum

402 2441 637 2510 scripsit,
672 2441 859 2494 beatus
906 2438 1100 2502 Lucas,
1135 2437 1251 2505 ejus
1277 2445 1422 2490 esset
1468 2435 1800 2508 discipulus:
1834 2433 1986 2512 cujus

400 2531 648 2584 virtutem
675 2540 782 2583 tum
805 2546 870 2584 ex
899 2529 1021 2582 aliis
1048 2527 1226 2584 multis
1247 2542 1470 2590 cernere
1494 2535 1595 2591 est,
1623 2535 1734 2580 tum
1757 2525 1986 2580 maxime

400 2620 540 2693 quod
569 2621 774 2675 doctori
801 2635 899 2692 suo
942 2619 1310 2689 indesinenter
1357 2618 1592 2672 haeserit.
1639 2617 1821 2687 Itaque
1860 2631 1984 2700 cum

405 2715 596 2767 licinas
616 2724 668 2767 et
687 2713 1049 2782 Hermogenes
1070 2711 1247 2780 ipsum
1269 2710 1633 2780 reliquissent,
1657 2711 1900 2780 alterque
1929 2710 1984 2766 in

401 2805 696 2870 Calatiam,
731 2804 870 2859 alter
894 2793 947 2857 in
990 2803 1307 2857 Dalmatiam
1334 2791 1576 2866 abiis-set,
1605 2800 1728 2855 audi
1754 2800 1879 2870 quid
1917 2799 1986 2856 de

400 2898 493 2953 illo
522 2897 664 2950 dicat
696 2913 709 2950 :
740 2879 909 2966 Lucas
940 2896 1081 2948 solus
1107 2911 1302 2948 mecum
1329 2902 1402 2957 est
1433 2894 1508 2964 (2.
1535 2893 1666 2948 Tim.
1694 2893 1748 2948 4.
1781 2892 1902 2963 il);
1932 2900 1987 2948 et

401 2989 697 3044 Corinthiis
725 2988 968 3040 scribens
994 2986 1062 3041 de
1093 2986 1184 3039 illo
1204 2986 1280 3039 ait
1307 3003 1321 3039 :
1354 2984 1514 3060 Cujus
1537 2986 1649 3040 laus
1673 2993 1744 3039 est
1765 2986 1816 3038 in
1838 3001 1988 3040 evan-

402 3080 534 3149 gelio
557 3095 646 3146 per
669 3065 840 3149 omnes
881 3062 1136 3149 Ecclesia:
1163 3067 1469 3148 (acor-.8.
1503 3077 1612 3146 ιδ).
1645 3077 1710 3151 Et
1743 3092 1864 3132 cum
1905 3074 1987 3147 di-

402 3169 474 3222 cit
502 3187 514 3222 :
557 3166 700 3222 Visus
721 3175 793 3220 est
820 3166 1022 3235 Ceplia',
1055 3167 1235 3220 deinde
1259 3167 1520 3220 duodecim
1543 3166 1809 3228 ‘;cumait
1835 3179 1983 3227 vero.

404 3259 696 3332 Secundum
743 3259 1056 3330 evangelium
1097 3258 1234 3328 quod
1281 3257 1544 3327 accepistis
1596 3256 1672 3326 (1.
1721 3255 1840 3311 Cor.
1895 3256 1983 3313 15.

407 3353 463 3408 5.
516 3351 615 3424 1);
669 3351 736 3421 de
780 3352 938 3406 Luca:
991 3350 1282 3421 Evangelio
1329 3351 1601 3419 loquitur:
1659 3349 1732 3404 ita
1773 3357 1831 3404 ut
1879 3364 1985 3404 non

403 3444 756 3507 aberraverit,
783 3446 830 3498 si
856 3445 974 3513 quis
1005 3443 1104 3514 ipsi
1133 3443 1234 3498 hoc
1276 3456 1412 3512 Opus
1455 3440 1820 3510 adscripserit.
1851 3439 1985 3495 Cum

404 3535 509 3605 ipsi
529 3536 670 3597 dico,
701 3534 918 3588 Christo
943 3535 1083 3589 dico.
1111 3533 1263 3611 Quod
1294 3535 1336 3610 si
1366 3533 1485 3611 quis.
1505 3532 1700 3611 dixerit
1721 3531 1857 3586 :Cur
1879 3548 1986 3586 non

405 3629 582 3682 omnia
611 3612 826 3694 scripsit
851 3633 939 3695 qui
973 3623 1140 3695 usque
1165 3607 1230 3679 ad
1282 3607 1438 3680 finem
1466 3609 1588 3679 eum
1608 3609 1735 3694 ipso
1775 3641 1989 3695 semper

406 3722 611 3776 fuerit?
640 3719 1105 3795 respondebimus,
1136 3720 1249 3795 lure
1288 3719 1417 3772 satis
1459 3715 1624 3772 fuisse
1654 3717 1739 3781 iis,
1762 3717 1850 3787 qui
1876 3717 1990 3771 aui-

407 3830 553 3868 inuni
600 3812 856 3869 adhibere
886 3793 1132 3876 vellent;
1179 3793 1405 3880 illosque
1452 3809 1518 3862 iis
1568 3823 1782 3877 semper
1835 3808 1988 3884 incu-

406 3905 607 3966 buisse,
631 3892 749 3973 quae
777 3903 944 3972 magis
970 3912 1241 3972 urgerent,
1263 3917 1437 3970 neque
1464 3900 1568 3956 illis
1597 3910 1800 3955 tantum
1825 3901 1990 3963 fuisse

405 3994 970 4059 seribcndistt’nlium;
1021 3996 1212 4047 multas
1239 3995 1434 4063 quippe
1478 4008 1584 4048 non
1620 3993 1847 4067 scriptas
1878 4003 1988 4050 Ira-

409 4084 643 4140 ditiones
676 4067 960 4138 dederunt.
1603 4117 1608 4122 ι
1742 4068 1744 4070 ’

478 4176 581 4230 Cur
607 4174 791 4243 Christi
822 4176 1057 4229 divinitas
1086 4176 1138 4228 in
1165 4174 1302 4229 Actis
1330 4191 1432 4229 non
1469 4175 1541 4229 ita
1567 4187 1742 4246 aperte
1767 4176 1992 4230 enuntie-

412 4265 803 4342 tur.-.-—_Omnia
847 4268 1024 4335 itaque
1055 4265 1157 4343 hoc
1201 4265 1252 4319 in
1295 4266 1432 4334 libro
1451 4265 1807 4343 admiratione
1833 4267 1991 4336 digna

407 4372 553 4428 sunt,
582 4359 812 4433 maxime
834 4373 960 4412 vero
983 4359 1068 4412 illa
1095 4359 1378 4413 verborum
1407 4358 1681 4433 demissio,
1704 4376 1832 4430 qua,
1869 4348 1994 4430 sug-

409 4439 630 4528 gerente
669 4431 868 4519 Spiritu
901 4461 1108 4516 sancto,
1141 4451 1207 4512 de
1247 4453 1544 4531 teconomia
1590 4431 1866 4522 loquentes
1913 4453 1992 4531 usi

411 4555 538 4600 sunt
561 4544 808 4630 apostoli.
839 4531 962 4627 Ideo
986 4559 1108 4598 cum
1149 4553 1225 4610 tot
1257 4529 1507 4626 tantaque
1532 4543 1598 4599 de
1623 4543 1839 4624 Christo
1869 4529 1994 4599 nar-

413 4645 554 4702 rent,
584 4651 749 4704 pauca
798 4635 865 4689 de
911 4634 1189 4707 divinitate
1217 4634 1332 4705 ejus
1357 4634 1627 4712 dixerunt,
1657 4634 1814 4704 longe
1845 4635 1995 4713 plura

409 4741 540 4788 vero
568 4726 635 4795 de
663 4725 1016 4796 humanitate,
1050 4725 1118 4779 de
1165 4725 1433 4794 passione,
1462 4725 1532 4796 de,
1561 4709 1993 4801 resurrectione,

413 4802 840 4896 delascensione.
870 4818 1000 4873 Nam
1035 4817 1136 4883 hoc
1167 4817 1377 4871 interim
1403 4817 1764 4887 quaerebatur,
1797 4828 1854 4872 ut
1880 4808 1998 4895 creé

415 4919 635 4969 duretur
665 4910 836 4978 ipsum
886 4909 1245 4964 resurrexisse
1273 4917 1326 4962 et
1371 4907 1680 4963 ascendisse
1727 4909 1780 4962 in
1811 4909 1994 4965 caelos.

413 5000 876 5080 Quemadmodum
907 5001 1067 5086 igitur
1090 4999 1206 5082 ipse
1229 4997 1471 5054 Christus
1499 5001 1552 5054 in
1600 5001 1783 5069 primis
1813 4985 1997 5072 osten'~

414 5090 544 5146 dere
571 5089 812 5161 curabat,
841 5103 901 5143 se
944 5104 976 5143 a
1018 5088 1178 5162 Patre
1203 5091 1415 5159 venisse
1447 5107 1460 5144 :
1493 5091 1563 5144 ita
1591 5099 1644 5146 et
1671 5090 1761 5145 hic
1792 5101 1996 5158 narrat,

412 5181 584 5250 ipsum
615 5180 996 5251 resurrexisse,
1023 5189 1356 5257 assumptum
1407 5181 1595 5249 fuisse,
1634 5192 1690 5238 et
1731 5183 1798 5244 ad
1848 5171 1998 5239 iiluni

416 5274 663 5340 rediisse,
687 5288 716 5326 a
738 5289 844 5354 quo
870 5283 1109 5352 venerat.
1132 5273 1244 5349 Nisi
1274 5261 1425 5337 enim
1446 5257 1548 5330 hoc
1568 5277 1717 5354 prius
1736 5278 1998 5332 creditum

409 5365 628 5429 fuisset;
660 5364 936 5435 multoque
957 5365 1124 5435 magis
1146 5375 1426 5436 postquam
1454 5352 1794 5422 accesserunt
1822 5384 2002 5423 resur-

478 5513 497 5544 ¹
528 5518 601 5563 sic
619 5528 793 5566 armies
815 5515 937 5566 Ediu
965 5524 1017 5566 et
1049 5524 1156 5567 Mss.
1177 5517 1240 5566 At
1263 5518 1310 5566 in
1334 5525 1461 5566 Novo
1485 5526 1796 5570 Testamento
1820 5519 1994 5572 Graeco

411 5575 594 5688 igitur
617 5593 694 5636 τάς
708 5587 846 5638 tam,
869 5586 921 5627 et
947 5580 994 5629 in
1020 5579 1224 5646 Vulgata
1247 5578 1489 5643 undecim;
1515 5589 1567 5632 et
1590 5582 1693 5633 lucc
1711 5596 1829 5634 vera
1853 5583 2000 5637 lectio

2111 324 2279 377 rcctio
2308 332 2362 378 et
2386 328 2703 394 assumptio,
2732 337 2898 382 totum
2923 327 3115 399 dogma
3138 327 3335 384 Judaeis
3378 330 3689 387 incredibile

2106 414 2278 468 visum
2306 413 2513 471 fuisset.
2542 417 2880 489 Quapmpter
2904 421 3104 475 sensim
3131 430 3187 475 et
3225 421 3480 490 paulatim
3507 437 3602 478 eos
3621 431 3689 478 ad

2104 506 2412 575 sublimiora
2460 508 2627 562 ducit.
2657 510 2883 574 Athenis
2912 527 3040 574 vero
3095 513 3364 573 hominem
3394 529 3519 572 eum
3555 516 3686 571 siin-

2105 600 2315 668 pliciter
2343 611 2499 668 vocat
2528 603 2746 670 Paulus,
2778 605 2911 675 nihil
2935 605 3166 680 amplius
3193 606 3398 671 addens
3427 607 3565 680 (Aet.
3597 609 3685 664 f7.

2103 692 2194 760 5|)
2217 711 2229 742 :
2252 704 2307 754 et
2330 695 2454 764 jure
2478 696 2717 766 quidem.
2766 697 2976 754 Etenim
3007 699 3052 754 si
3098 699 3272 770 ipsum
3299 701 3590 768 Christum,
3619 703 3690 760 do

2101 799 2195 838 sua
2221 801 2340 840 cum
2373 787 2530 842 Patre
2573 788 2879 856 aequalitate
2910 789 3239 860 loquentem,
3267 806 3415 861 saepe
3441 775 3684 862 lapidare

2103 883 2376 930 tentarunt
2403 876 2585 946 (Joau.
2618 877 2674 934 8.
2703 878 2816 949 59),
2848 880 3129 952 ipsumque
3155 881 3524 952 blasphemum
3563 884 3687 939 ideo

2100 971 2482 1048 rocaruut,vix
2507 970 2652 1024 illum
2679 986 2983 1027 sermonem
3009 988 3039 1027 a
3069 974 3424 1042 piscatoribus
3443 976 3686 1049 accepis-

2099 1068 2238 1125 sent,
2264 1074 2385 1113 cum
2423 1060 2654 1115 maxime
2680 1075 2813 1115 crux
2835 1063 3220 1132 praecessisset.

2166 1149 2218 1202 2.
2263 1149 2331 1203 Et
2369 1150 2496 1220 quid
2519 1150 2586 1206 de
2619 1151 2820 1207 Judaais
2854 1153 3064 1224 loquar,
3090 1155 3304 1224 quando
3330 1157 3432 1226 ipsi
3471 1172 3685 1228 quoth

2096 1238 2378 1309 discipuli,
2415 1230 2536 1296 cum
2585 1241 2894 1299 sublimiora
2939 1243 3188 1300 audirent
3231 1246 3503 1317 dogmata,
3539 1262 3684 1317 saepe

2099 1327 2290 1382 turbati
2320 1340 2374 1386 et
2413 1331 2601 1398 offensi
2648 1335 2822 1400 sunt?
2861 1334 2991 1394 Ideo
3035 1335 3285 1392 dicebat:
3315 1337 3482 1391 Multa
3525 1339 3684 1410 habeo

2094 1419 2232 1474 vobis
2271 1421 2453 1488 dicere,
2478 1423 2567 1476 sed
2592 1439 2693 1477 non
2733 1425 2938 1494 potestis
2965 1436 3170 1496 portare
3205 1430 3354 1482 modo
3381 1429 3560 1500 (Joau.
3591 1431 3679 1486 16.

2096 1512 2207 1582 12).
2229 1514 2283 1568 Si
2318 1515 2392 1568 illi
2423 1530 2529 1570 non
2565 1526 2831 1584 poterant,
2854 1517 2945 1588 qui
2973 1529 3120 1574 tanto
3149 1529 3390 1591 tempore
3414 1537 3537 1577 cum
3564 1523 3683 1594 ipso

2095 1614 2266 1669 erant,
2298 1605 2386 1674 qui
2429 1613 2507 1660 tot
2546 1621 2866 1663 arcanorum
2893 1620 3170 1667 consortes
3198 1621 3372 1682 erant,
3400 1624 3454 1670 et
3483 1624 3560 1670 tot
3597 1616 3680 1680 vis

2093 1694 2283 1749 derant
2309 1695 2560 1751 miracula
2587 1715 2601 1752 :
2635 1699 2904 1769 quomodo
2929 1699 3176 1758 homines
3202 1719 3391 1761 recens
3415 1707 3583 1762 avulsi
3612 1709 3682 1765 ab

2092 1786 2222 1852 aris,
2260 1787 2327 1840 ab
2367 1787 2548 1854 idolis,
2575 1804 2606 1843 a
2653 1789 2953 1858 sacrificiis,
2984 1807 3014 1845 a
3063 1792 3275 1861 felibus,
3320 1811 3351 1849 a
3396 1797 3682 1854 crocodilis

2097 1876 2117 1946 (
2133 1876 2218 1932 hic
2238 1877 2379 1933 enim
2402 1889 2522 1934 erat
2548 1881 2827 1950 gentilium
2858 1882 3102 1955 cultus);
3133 1885 3272 1954 quia
3294 1888 3504 1942 eaiteris
3525 1889 3681 1943 malis

2095 1978 2219 2022 tunc
2263 1969 2492 2039 primum
2536 1970 2750 2027 abducti
2797 1973 3026 2040 fuerant,
3058 1976 3303 2050 sublimia
3333 1978 3512 2032 statim
3549 1977 3681 2049 dog-

2091 2070 2294 2116 matum
2317 2063 2476 2117 verba
2499 2064 2878 2134 accepissent?
2905 2067 3174 2136 quomodo
3195 2069 3358 2123 etiam
3387 2068 3678 2138 Judri,qui

2089 2155 2328 2224 quotidie
2359 2155 2636 2211 discebant
2683 2166 2738 2212 et
2797 2157 3213 2215 instituebantur
3257 2175 3288 2214 a
3331 2161 3447 2231 lege
3477 2179 3491 2215 :
3519 2145 3674 2231 Audi,

2095 2243 2279 2310 Israel,
2307 2243 2554 2300 Dominus
2576 2245 2715 2301 Deus
2739 2257 2874 2311 tuus,
2895 2247 3146 2304 Dominus
3168 2266 3298 2306 unus
3319 2259 3409 2318 est,
3430 2260 3476 2304 et
3496 2262 3678 2320 printer

2087 2354 2203 2393 cum
2243 2354 2346 2390 non
2383 2347 2456 2393 est
2494 2339 2626 2393 alius
2665 2339 2840 2410 (Deut.
2873 2342 2926 2396 6.
2955 2343 3050 2410 4);
3091 2342 3183 2411 qui
3222 2343 3394 2413 ipsum
3434 2327 3679 2403 viderant

2089 2428 2234 2482 cruci
2261 2427 2523 2494 affixam;
2577 2429 2685 2484 imo
2710 2432 2800 2500 qui
2829 2432 3212 2506 crucifixerant
3235 2444 3290 2488 et
3327 2418 3674 2504 scpelierant,

2090 2534 2263 2590 neque
2285 2519 2459 2589 ipsum
2499 2522 2876 2577 resuscitatum
2906 2523 3168 2592 viderant,
3198 2525 3477 2581 audientes
3519 2543 3676 2582 eum-

2088 2610 2209 2666 dem
2240 2611 2411 2678 ipsum
2436 2629 2556 2669 esse
2582 2615 2749 2669 Deum
2777 2625 2831 2670 et
2857 2616 2998 2671 Patri
3020 2619 3302 2688 mqualem,
3324 2634 3430 2674 non
3457 2621 3677 2692 omnino

2089 2705 2409 2786 resiliissent
2437 2721 2499 2760 ac
2529 2708 2913 2784 recessissent?
2941 2709 3170 2780 [deoque
3195 2711 3448 2782 paulatim
3473 2720 3527 2767 et
3547 2727 3676 2784 sen-_

2088 2796 2189 2851 sim
2223 2797 2341 2852 illos
2368 2799 2434 2852 ad
2469 2799 2670 2868 majora
2697 2799 2922 2866 ducunt,
2955 2810 3007 2856 ct
3036 2816 3155 2856 sese
3180 2802 3407 2868 multum
3437 2803 3566 2872 ipsis
3595 2813 3677 2882 at-

2090 2897 2411 2959 temperant.
2441 2891 2702 2947 Uberiore
2726 2909 2856 2948 vero
2875 2893 3107 2962 Spiritus
3133 2895 3304 2966 gratia
3329 2895 3595 2965 fruuntur,
3621 2906 3679 2954 et

2089 2981 2316 3046 majora,
2357 2998 2521 3052 quam
2561 2983 2809 3040 Christus
2847 2983 3009 3050 fecit,
3052 2986 3104 3041 iii
3143 2986 3312 3055 ipsius
3349 2988 3564 3043 nomine
3603 2969 3677 3043 fa;

2089 3071 2270 3136 ciunt;
2304 3080 2363 3124 ut
2393 3073 2643 3149 utrinque
2669 3074 2816 3143 ipsos
2842 3074 2988 3141 humi
3008 3075 3250 3150 jacentes
3279 3077 3506 3150 erigant,
3539 3088 3593 3133 et
3620 3088 3678 3150 ut

2091 3147 2660 3219 resurrectiouiJidcm
2691 3163 2941 3220 habeant.
2976 3147 3073 3220 llic
3097 3167 3296 3237 quippe
3323 3147 3459 3223 liber
3485 3168 3540 3222 in
3569 3147 3680 3240 pri-1

2077 3251 2192 3305 mis
2242 3260 2324 3308 est
2379 3255 2790 3310 resurrectionis
2849 3255 3272 3324 demonstratio,
3311 3273 3413 3328 qua
3451 3259 3676 3326 credita,

2089 3353 2281 3399 emtera
2309 3345 2465 3402 facile
2504 3348 2817 3403 succedunt.
2842 3350 3231 3419 Argumentum
3257 3365 3384 3420 ergo
3403 3359 3458 3406 ct
3485 3366 3680 3426 scapus

2091 3435 2249 3505 hujus
2271 3437 2409 3506 libri,
2443 3447 2502 3494 ut
2529 3442 2836 3495 summatim
2863 3440 3060 3506 dicam,
3088 3442 3176 3498 hic
3206 3443 3542 3511 potissimum
3573 3454 3677 3502 est.

2091 3527 2385 3583 Audiamus
2414 3529 2630 3585 demum
2671 3532 2782 3600 ipsa
2824 3533 3104 3601 promtu-ia.
3159 3532 3324 3606 (Cap.
3357 3532 3430 3604 i.)
3458 3535 3511 3590 i.
3559 3533 3681 3589 Pri-

2093 3635 2228 3672 mum
2255 3621 2454 3687 quidem
2498 3639 2776 3677 sermonem
2807 3624 2905 3693 feci
2936 3625 2998 3679 de
3042 3626 3294 3691 omnibus,
3323 3643 3354 3680 0
3379 3626 3681 3697 Tlteop/tile,

2091 3727 2205 3779 quae
2231 3713 2377 3781 cmpit
2404 3713 2556 3768 Jesus
2583 3717 2749 3786 facere
2773 3725 2818 3770 et
2847 3717 3047 3773 docere.
3082 3718 3190 3774 Cur
3220 3719 3299 3773 illi
3331 3720 3683 3792 Evangeliuni

2094 3803 2146 3856 in
2175 3806 2487 3891 memoriam
2521 3809 2777 3866 revocat?
2808 3807 2875 3866 Ut
2900 3811 3296 3866 accurationem
3324 3825 3475 3866 suam
3502 3820 3686 3884 osten-g

2092 3898 2206 3956 dat.
2241 3900 2372 3955 Nam
2401 3903 2552 3956 initio
2575 3903 2716 3959 illius
2743 3905 2922 3973 operis
2952 3905 3092 3959 dixit
3121 3923 3134 3959 :
3187 3905 3364 3960 Visum
3388 3915 3460 3959 est
3484 3915 3534 3959 et
3559 3907 3688 3976 milii

2093 4003 2361 4062 assequuto
2387 3995 2561 4048 omnia
2604 4011 2638 4047 a
2682 3995 2931 4065 principio
2969 3995 3258 4066 diligenter,
3285 4012 3350 4049 ex
3391 3997 3568 4049 ordine
3597 3997 3688 4051 tibi

2093 4086 2308 4142 scribere
2343 4087 2492 4156 (Luc.
2515 4089 2569 4152 1.
2597 4089 2678 4155 '5).
2706 4087 2888 4158 Neque
2917 4103 3016 4142 suo
3041 4096 3327 4143 contentus
3349 4088 3682 4156 testimonio,

2098 4188 2264 4234 totum
2294 4179 2457 4235 refert
2483 4180 2548 4235 ad
2575 4181 2871 4250 apostolos,
2915 4180 3100 4235 dicens
3131 4197 3143 4233 :
3189 4181 3336 4236 Sicut
3369 4180 3688 4235 tradiderunt

2096 4271 2257 4336 nobis,
2286 4272 2371 4341 qui
2410 4271 2471 4332 ab
2521 4272 2665 4325 initio
2713 4271 2813 4339 ipsi
2852 4271 3106 4337 viderunt,
3140 4282 3185 4340 et
3220 4271 3438 4325 ministri
3484 4273 3688 4340 fuerunt

2097 4352 2365 4418 sermonis.
2399 4361 2604 4428 Idcirco
2634 4371 2914 4433 postquam
2944 4363 3181 4432 sermoni
3214 4361 3371 4422 iidem
3403 4362 3472 4416 ibi
3499 4363 3686 4416 conci-

2099 4453 2264 4520 liavit,
2294 4453 2380 4508 hic
2409 4454 2513 4508 alia
2549 4453 2959 4521 conﬁrmatione
3006 4441 3140 4523 opus
3195 4470 3300 4509 non
3354 4455 3534 4517 habet,
3565 4468 3688 4508 cum

2097 4544 2427 4611 Tlie0philus
2460 4544 2570 4613 jam
2600 4531 2906 4614 persuasus,
2950 4542 3014 4600 ac
3054 4561 3148 4614 per
3174 4546 3302 4600 illud
3328 4561 3463 4616 opus
3501 4545 3570 4599 de
3594 4560 3690 4600 ac-

2099 4643 2280 4686 curata
2314 4634 2388 4686 rei
2418 4635 2642 4688 veritate
2666 4635 2940 4690 institutus
2963 4644 3126 4693 esset.
3165 4635 3374 4695 Etenim
3396 4635 3480 4690 cui
3507 4634 3690 4690 habita

2104 4724 2232 4778 fides
2260 4733 2343 4777 est
2382 4724 2636 4780 scribenti
2679 4742 2798 4795 quae
2828 4724 3107 4790 audierat;
3161 4727 3328 4781 multo
3375 4725 3543 4795 magis
3573 4739 3693 4782 cre-

2101 4815 2306 4868 dendus
2333 4822 2435 4878 est,
2462 4829 2583 4868 cum
2615 4830 2677 4868 ea
2704 4815 2908 4878 scribit,
2930 4830 3036 4867 non
3066 4831 3184 4884 qua:
3213 4816 3281 4869 ab
3309 4816 3429 4871 aliis
3458 4817 3692 4887 accepit,

2103 4905 2195 4975 sed
2241 4921 2359 4974 qua-3
2404 4905 2538 4959 vidit
2561 4913 2616 4959 et
2644 4905 2868 4958 audivit.
2896 4904 3030 4959 Nam
3061 4906 3107 4961 si
3132 4922 3194 4962 ea
3222 4923 3341 4977 quae
3367 4907 3436 4962 de
3473 4907 3695 4963 Clirism

2103 4995 2243 5050 dicta
2270 5004 2414 5061 sunt,
2445 4996 2636 5063 inquit,
2665 5007 2881 5065 accepta
2911 4995 3162 5063 habuisti,
3193 5000 3361 5054 multo
3393 5002 3560 5070 magis
3604 5016 3696 5056 ac-

2104 5088 2270 5158 cipies
2296 5104 2357 5144 ea
2384 5104 2504 5158 qua:
2532 5087 2600 5144 de
2626 5089 2882 5157 apostolis
2907 5089 3148 5146 dicturus
3176 5107 3315 5146 sum.
3335 5093 3470 5160 Quid
3501 5095 3700 5164 igitur?

2105 5196 2170 5232 an
2197 5179 2416 5258 historia
2449 5189 2652 5234 tantum
2685 5179 2788 5234 hoc
2815 5195 2971 5250 Opus,
2999 5192 3053 5238 et
3081 5183 3282 5253 Spiritu
3310 5199 3537 5240 vacuum
3573 5189 3700 5257 esti

2107 5269 2474 5340 Nequaquam.
2505 5273 2622 5336 Quo
2654 5273 2849 5340 pacto?
2878 5273 3141 5341 Quoniam
3169 5291 3252 5340 ea,
3286 5292 3405 5345 qua:
3456 5277 3555 5347 ipsi
3588 5289 3700 5334 trao

2107 5359 2357 5415 diderunt
2383 5363 2415 5414 ii
2439 5360 2528 5431 qui
2558 5361 2802 5416 viderant
2828 5373 2880 5418 et
2908 5365 3139 5419 ministri
3165 5367 3431 5421 sermonis
3460 5367 3697 5432 fuerant,

2107 5439 2179 5506 ex'
2204 5449 2402 5522 Spiritu
2433 5461 2606 5506 erant.
2638 5452 2707 5507 Et
2735 5469 2832 5508 cur
2859 5469 2964 5508 non
2995 5455 3150 5520 dixit,
3181 5455 3332 5512 Sicut
3361 5442 3701 5522 tradiderunt

2109 5545 2283 5610 nobis,
2310 5545 2403 5615 qui
2435 5545 2636 5614 Spiritu
2664 5556 2853 5602 sancto
2888 5546 3089 5616 dignati
3135 5557 3310 5614 erant,
3356 5549 3474 5616 sed,
3507 5551 3606 5616 Qui
3635 5551 3699 5606 ab

2112 5637 2253 5720 initia
2279 5637 2551 5719 uiderunt?
2587 5637 2720 5708 Quia
2749 5638 2848 5693 hoc
2876 5638 3104 5694 maxime
3127 5639 3282 5694 iidem
3318 5631 3459 5704 facit,
3485 5657 3608 5724 cum
3631 5626 3700 5721 ab
