3976 6144
159 343 222 400 Π
1190 333 1257 389 lN
1294 333 1475 391 ACTA
1519 334 1714 392 APOS‘]

1821 337 2018 396 .ORUM
2059 337 2289 399 HOMIL.
2326 343 2368 400 Ι.
2761 292 2764 294 Ἴ
3376 365 3440 421 18

156 460 222 516 iis
246 455 378 529 ipsis
403 454 494 527 qui
527 453 774 508 viderunt
805 460 1056 506 narrator
1080 466 1118 516 ;σ
1149 449 1278 505 illud
1308 465 1437 506 vero
1486 465 1738 523 arrogan-

155 552 282 608 tiam
314 558 370 606 et
397 547 594 604 fastum
626 559 736 616 pra:
763 559 822 600 se
853 543 1063 599 tulisset
1091 541 1229 612 apud
1256 543 1590 612 insipientes.
1624 545 1745 598 Ideo

153 645 387 702 Joannes
430 639 648 695 dicebat
678 656 695 693 :
722 635 833 708 Ego
859 635 982 702 vidi,
1010 643 1058 688 et
1098 635 1441 688 testimonium
1489 635 1741 704 perhibui,

152 737 269 802 quia
289 735 371 788 hic
391 739 468 786 est
500 729 669 784 Filius
687 725 782 782 Dei
813 727 991 797 (loan.
1019 728 1070 782 1.
1100 725 1216 797 54).
1235 724 1480 780 Christus
1509 739 1638 780 vero
1663 725 1743 780 sic

151 825 440 895 alloquitur
464 820 814 877 Nicodcmum
840 817 1014 872 adhuc
1035 817 1308 872 rudiorem
1336 834 1349 870 :
1383 816 1533 884 Quod
1556 817 1741 870 scimus

152 919 424 988 loquimur,
462 925 510 969 et
557 913 691 986 quod
738 911 958 964 ridimus
1004 919 1268 974 testamur,
1311 916 1355 961 et
1402 907 1740 962 testimonium

151 1019 376 1063 nostrum
417 1021 563 1059 nemo
609 1003 792 1072 accipit
829 1001 938 1071 (Id.
973 1001 1027 1055 5.
1055 998 1165 1071 11).
1199 1001 1274 1053 Ac
1318 1013 1532 1053 rursum
1560 1013 1740 1052 osseu-

150 1101 276 1156 dens
324 1099 493 1153 multa
523 1112 586 1152 ex
630 1094 913 1150 oculorum
962 1091 1271 1147 testimonio
1301 1089 1426 1154 dici,
1462 1089 1739 1160 discipulis

150 1193 384 1248 dicebat:
411 1188 478 1243 Et
497 1205 581 1243 vos
602 1185 940 1255 testificantini
963 1183 1024 1236 de
1041 1199 1140 1249 me,
1159 1182 1278 1251 quia
1295 1181 1356 1234 ab
1376 1181 1522 1234 initio
1543 1197 1737 1233 mecum

150 1287 262 1340 estis
290 1283 402 1354 (Id.
433 1283 520 1338 15.
550 1279 665 1353 27).
701 1278 941 1350 Apostoli
984 1290 1195 1348 quoque
1238 1288 1383 1344 saepe
1410 1274 1480 1328 ita
1511 1273 1737 1342 loquun-

152 1387 260 1432 tur:
295 1376 467 1431 Testes
495 1391 588 1429 nos
615 1383 660 1428 et
686 1373 911 1442 Spiritus
957 1377 1191 1434 sanctus,
1231 1383 1378 1438 quem
1414 1365 1552 1419 dedit
1596 1365 1734 1420 Deus

149 1469 462 1524 credentibus
483 1469 538 1521 in
571 1482 624 1520 se
651 1465 785 1537 (Act.
814 1464 868 1518 2.
899 1461 1012 1533 52).
1057 1460 1247 1516 Postea
1278 1473 1404 1514 vero
1431 1459 1642 1522 Petrus,
1676 1466 1735 1512 ut

149 1558 526 1617 resurrectioni
559 1556 716 1611 ﬁdem
759 1555 941 1619 faciat,
971 1552 1100 1606 dicit
1129 1569 1142 1604 :
1177 1551 1278 1616 Qui
1321 1549 1732 1602 manducavimus

150 1665 190 1705 et
215 1651 429 1706 bibimus
466 1664 576 1702 cum
612 1647 702 1700 illo
737 1645 897 1716 (Ibid.
927 1644 1016 1699 10.
1061 1642 1176 1713 ll).
1206 1640 1439 1696 Facilius
1467 1641 1611 1694 enim
1640 1655 1730 1694 eo-

150 1759 258 1798 rum
299 1741 666 1797 testimonium
708 1736 1102 1800 admittebant,
1142 1734 1232 1804 qui
1270 1733 1466 1788 versati
1523 1731 1730 1785 fuerant

149 1852 260 1891 cum
292 1836 410 1900 illo,
442 1833 582 1905 quod
610 1831 787 1887 adhuc
817 1831 975 1900 longe
1002 1830 1255 1883 abessent
1285 1841 1315 1880 a
1343 1827 1532 1881 notitia
1560 1824 1730 1894 Spiri-

149 1939 244 1985 tus.
266 1928 629 1997 Quamobrem
657 1924 892 1980 Joannes
919 1923 972 1976 in
1011 1919 1299 1991 Evangelio
1325 1917 1537 1973 dicebat
1565 1931 1623 1971 se
1651 1915 1729 1969 vi-

144 2024 294 2090 disse,
328 2023 401 2078 de
428 2019 689 2091 sanguine
713 2027 768 2073 et
795 2031 935 2087 aqua
981 2016 1227 2085 loquens,
1257 2010 1528 2067 oculatum
1575 2009 1724 2064 testi-

146 2115 372 2170 monium
396 2121 456 2168 ut
480 2112 772 2166 maximum
799 2123 1038 2180 ponens;
1067 2104 1278 2160 etiamsi
1304 2100 1476 2158 oculis
1495 2100 1725 2157 certiora

142 2209 243 2262 sint
266 2222 327 2262 ea
358 2219 481 2276 quae
523 2219 554 2258 a
583 2201 791 2273 Spiritu
832 2199 1276 2271 proﬁciscuntur;
1317 2193 1411 2249 sed
1450 2205 1557 2246 non
1584 2191 1723 2263 apud

144 2299 468 2355 incredulos.
497 2294 650 2364 Quod
686 2308 813 2348 vero
842 2292 1074 2362 Spiritus
1100 2287 1372 2360 particeps
1398 2285 1576 2340 Lucas
1603 2283 1721 2339 lue-

141 2393 222 2458 rit,
249 2407 311 2448 ex
359 2388 548 2445 multis
594 2386 937 2458 perspicuum
964 2392 1078 2450 est;
1133 2391 1245 2437 tum
1274 2397 1340 2438 ex
1388 2379 1555 2450 signis
1601 2393 1723 2450 qua:

142 2491 255 2538 tunc
283 2481 504 2542 ﬁebant,
537 2489 648 2534 tum
670 2477 810 2549 quod
844 2477 936 2532 illo
979 2485 1219 2544 tempore
1246 2471 1469 2544 quilibet
1488 2469 1721 2542 Spiritus

136 2584 306 2631 essent
347 2573 678 2644 participes;
723 2580 833 2625 tum
873 2585 939 2624 ex
980 2567 1127 2624 Pauli
1167 2565 1517 2622 testimonio:
1557 2562 1720 2634 Cujus

137 2664 240 2718 laus
277 2674 349 2718 est
385 2666 440 2718 in
481 2663 740 2733 evangelio
779 2661 855 2734 (2.
880 2659 998 2714 Cor.
1023 2658 1218 2730 8.18),
1259 2656 1469 2726 inquit;
1515 2665 1624 2709 tum
1650 2670 1715 2708 ex

135 2755 485 2811 ordinationis
511 2753 756 2818 calculo;
805 2761 928 2822 post
972 2751 1101 2804 illud
1132 2749 1275 2804 enim
1307 2748 1491 2803 addit:
1536 2746 1642 2802 Sed
1668 2756 1716 2800 et

133 2850 389 2901 ordinatus
415 2857 487 2902 est
515 2848 579 2900 ab
618 2845 860 2900 Ecclesiis
885 2859 1047 2897 comes
1085 2841 1504 2913 peregrinationis
1529 2851 1715 2894 nostra:

132 2938 177 2990 in
200 2939 329 2992 hanc
355 2939 596 3010 gratiam,
624 2953 736 3009 qua:
753 2935 1069 2989 ministratur
1097 2948 1128 2986 a
1161 2930 1325 2984 nobis.

198 3030 250 3086 5.
279 3027 351 3083 Et
380 3028 504 3082 vide
529 3042 690 3097 quam
719 3025 790 3079 sit
820 3040 850 3078 a
887 3024 1026 3076 fastu
1054 3022 1279 3074 alienus.
1317 3019 1433 3072 Non
1465 3019 1604 3073 enim
1635 3016 1712 3071 di-

128 3119 208 3185 cit,
233 3118 479 3173 Primum
501 3116 856 3185 evangelium,
881 3112 1023 3183 quod
1044 3110 1426 3180 evangelizavi;
1451 3107 1542 3165 sed
1552 3152 1566 3175 ,
1595 3107 1713 3162 Pri-

130 3225 252 3262 mum
273 3223 562 3263 sermonem
591 3207 706 3278 feci,
742 3219 801 3260 se
829 3205 1080 3273 majorem
1112 3218 1230 3258 esse
1259 3211 1450 3273 putans
1474 3217 1705 3273 evange-

130 3298 178 3353 lii
201 3298 616 3370 appellationem
647 3316 660 3351 ε
695 3297 900 3352 etiamsi
929 3295 1075 3349 illum
1105 3294 1227 3349 inde
1253 3294 1530 3364 apostolus
1561 3297 1705 3349 cele-

132 3389 256 3456 bret,
300 3390 488 3445 dicens
527 3407 541 3443 :
588 3389 746 3460 Cujus
784 3389 896 3443 laus
932 3397 1005 3441 est
1047 3389 1100 3441 in
1140 3389 1417 3459 evangelio.
1465 3387 1572 3442 Sed
1618 3387 1708 3442 ille

133 3485 356 3538 modeste
394 3483 475 3539 sic
504 3483 738 3554 loquitur
767 3500 780 3536 :
809 3479 1043 3534 Primum
1067 3481 1272 3552 quidem
1301 3495 1582 3534 sermonem
1612 3481 1708 3550 feci

135 3572 188 3625 de
213 3573 456 3639 omnibus,
491 3590 520 3627 o
551 3572 850 3642 Theophile,
873 3588 986 3642 gnte
1011 3572 1158 3641 carpit
1186 3571 1336 3625 Iesus
1360 3576 1529 3642 facere
1548 3581 1594 3626 et
1615 3571 1707 3624 do-

134 3676 260 3729 cere;
286 3679 390 3719 non
423 3663 759 3733 simpliciter,
789 3662 863 3717 De
889 3663 1156 3728 omnibus,
1183 3661 1276 3717 sed
1302 3678 1330 3714 a
1360 3662 1619 3733 principio
1639 3662 1704 3716 ad

138 3752 274 3808 tinem
299 3769 466 3824 usque
498 3772 511 3808 :
544 3752 726 3824 Usque
752 3753 818 3808 ad
841 3751 1004 3819 diem,
1035 3752 1227 3824 inquit,
1259 3768 1364 3824 quo
1396 3765 1704 3824 assumptus

137 3852 225 3900 est.
252 3847 403 3918 Atqui
435 3846 669 3902 Joannes
693 3845 929 3901 declarat
966 3860 1070 3900 non
1112 3860 1268 3914 posse
1305 3845 1478 3898 omnia
1520 3845 1700 3899 scribi.

140 3932 202 3987 Ut
219 3937 350 3990 enim
383 3938 484 3992 hoc
508 3935 775 4003 ostendat,
800 3945 1076 4006 postquam
1099 3936 1340 3989 dixerat:
1367 3934 1492 4001 Qua:
1516 3936 1560 3988 si
1579 3937 1704 3990 scri-

141 4025 529 4100 bantursingula,
548 4045 638 4083 nec
658 4030 826 4100 ipsum
845 4027 1062 4082 arbitror
1078 4027 1323 4081 mundum
1345 4044 1490 4097 posse
1501 4044 1697 4094 capere,

143 4119 305 4188 adjicit
324 4163 338 4186 ,
366 4121 466 4178 Eos
489 4125 575 4190 qui
604 4123 856 4177 scribendi
891 4132 1008 4176 sunt
1042 4122 1196 4176 libros
1225 4120 1419 4192 (Joan.
1445 4122 1537 4177 21.
1566 4123 1637 4179 25
1657 4124 1698 4194 ).

143 4207 394 4273 Quomodo
422 4213 600 4283 igitur,
633 4214 862 4284 inquies,
901 4213 986 4267 hic
1031 4213 1097 4267 de
1135 4213 1384 4268 omnibus
1424 4215 1703 4285 loquitur?

145 4300 206 4351 At
229 4316 326 4354 non
355 4303 500 4371 dixit,
527 4304 738 4369 Omnia,
770 4303 884 4369 sed,
916 4303 995 4356 De
1019 4304 1246 4358 omnibus
1269 4321 1287 4358 :
1317 4319 1379 4359 ac
1403 4307 1446 4361 si
1473 4307 1592 4376 quis
1617 4305 1702 4360 di-

147 4399 219 4443 cat
239 4396 528 4450 summatim
548 4396 673 4452 etin
693 4411 919 4467 genere;
949 4404 1040 4448 aut
1059 4395 1126 4449 de
1150 4397 1396 4452 omnibus
1420 4412 1537 4467 qua:
1558 4413 1706 4451 com-

147 4492 311 4546 petunt
329 4494 382 4539 et
405 4498 606 4556 urgent.
636 4489 837 4543 Deinde
862 4485 1094 4541 ostendit
1117 4501 1236 4556 qua:
1256 4487 1360 4539 sint
1386 4487 1471 4542 illa
1499 4486 1700 4552 omnia,

152 4571 263 4638 Quae
286 4578 425 4645 carpit
451 4577 595 4634 Jesus
620 4584 785 4651 facere
814 4588 860 4632 et
888 4578 1101 4644 docere;
1145 4577 1400 4632 miracula
1431 4594 1623 4648 nempe
1649 4587 1704 4635 et

151 4663 416 4722 doctrinam
438 4672 797 4728 subindicans.
829 4671 1013 4741 Neque
1041 4670 1143 4725 hoc
1167 4679 1366 4725 tantum
1385 4711 1402 4739 ,
1431 4671 1525 4727 sed
1560 4673 1700 4742 quod

148 4756 289 4810 etiam
326 4759 557 4818 faciendo
597 4765 836 4821 doceret.
882 4764 1015 4820 Vide
1039 4773 1217 4820 autem
1245 4763 1388 4818 illius
1413 4764 1699 4836 benignum

153 4851 572 4925 apostolicumque
598 4857 867 4925 animum,
899 4859 986 4928 qui
1015 4857 1097 4912 vel
1126 4857 1264 4912 illius
1286 4857 1514 4922 hominis
1538 4871 1696 4912 causa

155 4937 268 4997 hanc
293 4948 516 5017 suscepit
542 4957 848 5003 accuratam
873 4963 1088 5018 operam
1110 4990 1123 5012 ,
1161 4957 1218 5002 ut
1245 4957 1414 5003 totum
1454 4948 1695 5018 Evange-

156 5027 257 5085 lium
292 5037 556 5094 scriberet.
603 5035 672 5093 Ut
712 5039 924 5107 habeas,
955 5040 1142 5110 inquit,
1183 5057 1376 5107 eorum,
1414 5040 1479 5094 de
1519 5040 1698 5110 quibus

155 5122 342 5178 eruditus
366 5143 434 5196 es,
464 5145 752 5183 sermonum
779 5131 1034 5183 veritatem
1065 5129 1210 5200 (Luc.
1249 5131 1299 5185 1.
1331 5129 1408 5201 4).
1442 5130 1699 5185 Audierat

158 5212 269 5266 enim
294 5216 551 5274 Christum
581 5219 848 5275 dicentem
877 5240 890 5273 :
918 5219 1036 5274 Non
1057 5230 1128 5275 est
1153 5222 1384 5276 voluntas
1406 5220 1578 5275 Patris
1598 5223 1698 5276 mei

159 5309 198 5349 ιιι
218 5317 364 5368 pereat
387 5325 516 5363 unus
543 5326 609 5366 ea;
637 5309 715 5364 Itis
741 5310 938 5379 pusillis
968 5315 986 5381 (
1009 5309 1192 5364 Matth.
1221 5312 1307 5367 18.
1338 5312 1405 5368 14
1429 5309 1467 5382 ).
1505 5311 1573 5365 Ει
1600 5327 1696 5366 cur

162 5401 240 5444 non
257 5410 405 5452 unum
431 5399 624 5454 librum
650 5397 774 5454 fecit
802 5401 889 5454 uni
919 5399 1216 5468 TheOphilo
1243 5401 1574 5466 mittendum,
1600 5402 1695 5456 sed

161 5475 198 5531 iu
227 5482 316 5539 duo
345 5490 564 5557 partitus
591 5497 680 5546 est.
701 5491 1042 5562 argumenta?
1081 5491 1476 5562 Perspicuitatis
1499 5507 1656 5547 causa
1675 5534 1692 5560 ,

165 5579 202 5622 el
228 5582 276 5629 ut
311 5579 758 5638 intermissionem
802 5581 952 5637 daret
988 5582 1214 5637 auditori
1249 5600 1262 5634 :
1293 5583 1524 5653 alioquin
1566 5599 1694 5639 vero

165 5657 359 5724 distincta
380 5681 503 5726 sunt
522 5671 803 5728 amborum
824 5683 1154 5743 argumenta.
1178 5673 1498 5728 Consideres
1513 5684 1690 5729 autem

168 5757 317 5831 Velim,
339 5765 603 5835 quomodo
630 5765 875 5822 Christus
905 5782 995 5836 per
1021 5782 1179 5839 opera
1211 5767 1366 5822 dictis
1395 5767 1504 5822 suis
1535 5767 1688 5823 tidem

1851 456 2165 511 conciliarit.
2209 455 2292 514 Ad
2335 461 2798 520 mansuetudinem
2838 465 3184 540 hortabatur,
3219 474 3437 533 dicens:

1851 543 2043 600 Discite
2061 564 2092 600 a
2109 565 2205 611 me,
2219 550 2338 619 quia
2361 552 2494 606 mitis
2521 570 2633 608 sum
2659 566 2706 609 et
2731 558 2936 613 humilis
2955 563 3106 617 corde
3127 563 3435 629 (Mam-.11.

1846 633 1962 703 29).
1994 634 2226 692 Docebat
2245 650 2632 710 paupertatem,
2659 655 2712 700 et
2737 647 2879 702 illam
2908 664 2999 718 per
3025 667 3192 722 opera
3211 657 3436 715 exhibe-

1848 724 1936 780 bat
1959 744 1974 778 :
2007 743 2130 783 nam
2163 728 2333 824 Filius
2357 733 2574 790 hominis
2601 753 2701 791 non
2724 739 2870 794 habet
2900 743 2984 797 ubi
3003 756 3156 815 caput
3178 765 3327 803 suum
3353 769 3437 806 re-

1845 817 1996 872 clinet
2026 818 2150 888 (Id.
2178 817 2368 893 8:20)
2395 865 2410 888 ,
2441 826 2626 897 inquit.
2659 829 2884 887 Jubebat
2935 850 3144 891 rursum
3189 839 3434 900 inimicos

1845 908 2088 978 diligere.
2123 911 2235 968 Hoc
2263 915 2316 968 in
2347 930 2507 973 cruce
2525 919 2708 974 docuit
2731 937 2852 978 cum
2879 940 2974 994 pro
3000 929 3433 1000 cruciﬁgentibus

1846 1009 2092 1068 precatus
2120 1011 2219 1057 est.
2254 1004 2494 1071 Dicebat,
2531 1007 2733 1064 Valenti
2755 1021 2918 1068 tecum
2939 1016 2993 1069 in
3013 1016 3206 1083 judicio
3224 1033 3434 1078 conten-

1841 1090 1962 1147 dere
1987 1102 2033 1146 et
2059 1095 2281 1149 tunicam
2309 1107 2448 1151 luant
2473 1099 2670 1168 tollere,
2693 1103 2887 1160 dimitte
2911 1107 2958 1160 ei
2979 1117 3025 1161 et
3050 1110 3261 1176 pallium
3290 1111 3311 1183 (
3341 1112 3428 1167 ld.

1841 1184 1894 1240 5.
1924 1185 2030 1254 40)
2059 1202 2072 1240 :
2107 1187 2220 1256 ipse
2245 1204 2375 1246 vero
2404 1205 2510 1246 non
2539 1193 2711 1249 solum
2747 1198 3094 1263 vestimenta,
3133 1201 3228 1256 sed
3267 1204 3427 1260 etiam

1840 1277 2151 1347 sanguinem
2179 1292 2332 1335 suum
2362 1281 2528 1338 dedit.
2562 1283 2652 1339 Sic
2681 1286 2842 1342 etiam
2867 1287 3159 1360 discipulos
3187 1309 3316 1350 suos
3345 1297 3426 1348 la-

1838 1382 1962 1424 cere
1981 1370 2159 1440 jussit.
2192 1371 2526 1444 Quapropter
2554 1376 2760 1432 dicebat
2803 1379 2994 1434 Paulus
3027 1399 3040 1435 :
3068 1381 3213 1437 Sicut
3235 1385 3428 1441 habetis

1837 1461 2054 1528 formam
2083 1471 2305 1518 nostram
2334 1463 2592 1536 (Philipp.
2624 1469 2678 1522 5.
2701 1467 2813 1540 17).
2845 1468 2987 1524 Nihil
3014 1473 3154 1528 enim
3182 1473 3424 1546 frigidius

1835 1551 2074 1618 doctore,
2099 1554 2186 1622 qui
2209 1554 2386 1610 verbis
2403 1564 2604 1611 tantum
2627 1558 3062 1629 philosophatur:
3085 1579 3260 1635 neque
3277 1567 3421 1623 enim

1838 1642 1939 1698 hoc
1963 1643 2198 1700 doctoris
2223 1655 2307 1701 est
2325 1688 2343 1714 ,
2371 1648 2464 1702 sed
2488 1648 2801 1719 hypocritze.
2831 1651 3033 1709 Idcirco
3057 1658 3279 1726 apostoli
3307 1660 3420 1728 pri-

1835 1755 1981 1795 mum
2003 1742 2278 1812 exemplo,
2308 1743 2432 1798 hinc
2449 1745 2627 1800 verbis
2652 1746 2945 1814 docebant;
2977 1750 3086 1804 imo
3114 1767 3220 1806 non
3243 1753 3421 1809 verbis

1833 1845 1968 1903 opus
1997 1830 2284 1898 habebant,
2311 1836 2563 1904 operibus
2585 1837 2712 1906 ipsis
2733 1839 3102 1897 clamantibus.
3124 1841 3307 1913 Neque
3326 1844 3419 1900 ab-

1832 1924 2089 1977 crraverit
2119 1924 2166 1977 si
2195 1924 2314 1994 quis
2344 1927 2646 1994 passionem
2672 1928 2790 1999 ejus
2815 1931 3079 1988 actionem
3108 1936 3376 1990 vocaverit
3401 1955 3415 1991 :

1831 2013 2084 2082 patiendo
2108 2030 2334 2086 namque
2356 2032 2603 2087 magnum
2631 2020 2756 2076 illud
2781 2023 3126 2094 mirabileque
3145 2041 3279 2096 opus
3299 2026 3417 2083 edi-

1828 2104 1923 2169 dit,
1968 2119 2076 2174 quo
2115 2113 2342 2162 mortem
2383 2109 2564 2176 solvit,
2606 2124 2671 2165 ac
2716 2111 2920 2184 reliqua
2961 2115 3138 2169 omnia
3185 2119 3412 2187 peregit.

1827 2194 1882 2248 2.
1916 2195 2085 2266 Usque
2103 2197 2156 2250 in
2174 2197 2326 2266 diem,
2348 2215 2448 2269 qua
2471 2202 2767 2271 prtecipiens
2787 2205 3030 2274 apostolis
3050 2223 3138 2276 per
3162 2206 3414 2277 Spiritum

1825 2297 2076 2355 sanctum,
2094 2305 2220 2358 quos
2245 2290 2413 2362 elegit,
2444 2304 2732 2365 assumptus
2757 2304 2850 2349 est.
2878 2295 2985 2350 Per
3011 2295 3259 2368 Spiritum
3283 2314 3410 2367 prte-

1825 2379 2040 2449 cipiens,
2070 2379 2123 2434 id
2153 2391 2256 2448 est,
2283 2382 2578 2451 spiritualia
2609 2385 2750 2454 apud
2778 2386 2922 2455 ipsos
2949 2386 3176 2457 loquens
3206 2404 3410 2459 praece—

1826 2480 1936 2541 pta,
1968 2472 2203 2543 nihilque
2236 2473 2546 2531 humanum.
2579 2476 2674 2534 Vel
2702 2477 2804 2534 hoc
2830 2493 2960 2550 ergo
2980 2480 3300 2548 dicendum;
3327 2483 3410 2538 vel

1823 2562 1963 2633 quod
1991 2578 2089 2634 per
2113 2563 2370 2635 Spiritum
2398 2567 2528 2637 ipsis
2553 2570 2892 2639 praeceperit.
2923 2560 3105 2636 Vides,
3137 2573 3408 2643 quomodo

1821 2655 1996 2711 adhuc
2019 2657 2086 2712 de
2106 2655 2320 2714 Christo
2341 2659 2613 2716 humiliter
2640 2661 2908 2732 loquatur,
2931 2671 2990 2718 ut
3005 2673 3063 2721 et
3084 2665 3200 2736 ipse
3224 2664 3293 2721 de
3320 2680 3408 2722 se-

1821 2746 1936 2815 ipso
1961 2747 2308 2818 loquebatur,
2340 2749 2524 2807 dicens
2549 2769 2562 2805 :
2587 2750 2648 2807 Si
2685 2761 2855 2808 autem
2887 2769 2974 2824 ego
3001 2755 3053 2808 in
3084 2754 3284 2825 Spiritu
3314 2755 3406 2810 Dei

1819 2839 1966 2907 ejicio
1992 2838 2243 2892 dtemonia
2272 2839 2481 2912 (Matth.
2504 2841 2590 2896 12.
2624 2841 2759 2913 ‘28)?
2787 2842 2999 2899 Etenim
3031 2845 3259 2915 Spiritus
3282 2862 3406 2901 san-

1817 2938 1934 2984 ctus
1960 2929 2011 2984 in
2037 2929 2127 2984 illo
2153 2931 2350 3000 templo
2374 2932 2710 3002 operabatur.
2743 2933 2879 3002 Quid
2909 2945 3084 2990 autem
3114 2938 3402 3006 prtecepit?

1818 3019 2012 3075 Euntes
2040 3023 2212 3075 docete
2238 3038 2409 3076 omnes
2436 3032 2606 3093 gentes
2624 3064 2638 3086 ,
2671 3023 2982 3093 baptizantes
3009 3043 3091 3082 eos
3117 3028 3168 3081 in
3202 3028 3405 3084 nomine

1815 3108 1990 3164 Patris
2020 3120 2067 3164 et
2097 3111 2224 3164 Filii
2250 3121 2296 3165 et
2328 3112 2555 3177 Spiritus
2582 3116 2778 3179 sancti;
2817 3117 3049 3170 docentes
3082 3133 3166 3172 eos
3204 3134 3403 3177 scrvare

1814 3204 1984 3256 omnia
2011 3218 2333 3274 quwcumquc
2362 3204 2599 3258 mandavi
2628 3206 2763 3258 vobis
2796 3206 2813 3276 (
2842 3207 2929 3260 Id.
2975 3209 3067 3262 28.
3125 3209 3212 3264 19.
3256 3209 3327 3264 20
3357 3212 3398 3279 ).

1812 3292 1997 3364 Magna
2044 3293 2160 3349 laus
2197 3295 2595 3364 apostolorum,
2626 3311 2748 3351 cum
2787 3298 2908 3353 talia
2956 3300 3083 3370 ipsis
3111 3301 3397 3357 commissa

1813 3384 1952 3448 sint,
1987 3384 2236 3440 nimirum
2275 3386 2436 3440 totius
2472 3387 2617 3441 orbis
2659 3389 2837 3455 salus;
2884 3405 3005 3443 cum
3045 3390 3204 3446 etiam
3235 3393 3395 3448 verba

1809 3475 2007 3544 Spiritu
2036 3477 2192 3547 plena
2228 3486 2408 3532 essent
2441 3496 2453 3532 :
2484 3478 2533 3532 id
2575 3479 2715 3548 quod
2761 3479 3104 3535 subindicans
3143 3481 3356 3537 dicebat
3379 3525 3392 3547 ,

1812 3564 1914 3620 Per
1955 3567 2206 3634 Spiritum
2245 3577 2512 3631 sanctum;
2554 3567 2604 3622 id
2649 3577 2770 3634 est,
2798 3568 2972 3624 Verba
2999 3586 3118 3640 qua:
3145 3572 3396 3642 loquutus
3484 3588 3493 3603 '

1809 3671 1926 3712 sum
1957 3659 2126 3725 vobis,
2155 3661 2382 3729 Spiritus
2411 3670 2555 3716 sunt.
2589 3661 2700 3716 Iloc
2728 3676 2889 3732 porro
2914 3662 3064 3728 dicit,
3097 3674 3156 3720 ut
3181 3665 3391 3721 audito-

1809 3763 1921 3806 rem
1964 3749 2028 3804 ad
2068 3753 2555 3818 concupiscentiam
2600 3752 2773 3808 trahat
2819 3754 3059 3810 discendi
3104 3768 3390 3827 pratcepta,

1809 3841 2170 3911 apostolisque
2201 3841 2358 3896 ﬁdem
2388 3843 2675 3899 conciliet:
2705 3844 2966 3915 siquidem
2993 3861 3055 3902 ea
3075 3887 3091 3913 ,
3122 3863 3242 3918 qum
3267 3859 3396 3904 sunt

1808 3929 2058 4000 Spiritus,
2089 3933 2358 4002 loquuturi
2405 3943 2564 4002 sunt,
2605 3949 2813 3990 necnon
2861 3949 3125 4007 praecepta
3169 3938 3390 3994 Christi.

1806 4020 1940 4077 Cum
1975 4025 2336 4096 prmcepisset,
2375 4025 2562 4096 inquit,
2603 4026 2903 4095 Assumptus
2939 4037 3032 4082 est.
3078 4027 3194 4084 Non
3232 4029 3388 4095 dixit,

1808 4113 2098 4181 Ascendit;
2139 4115 2259 4185 quia
2290 4114 2358 4170 de
2385 4117 2475 4170 illo
2507 4125 2563 4170 ut
2588 4117 2655 4172 de
2686 4117 2900 4174 homine
2928 4119 3099 4175 adhuc
3137 4119 3387 4190 loquitur.

1806 4206 1936 4262 Post
1973 4210 2417 4265 resurrectionem
2456 4227 2669 4282 quoque
2709 4212 2936 4269 fortasse
2973 4215 3261 4285 discipulos
3294 4217 3394 4272 do-

1806 4298 1945 4362 Cuit;
1976 4298 2071 4353 sed
2095 4297 2198 4354 hoc
2226 4307 2394 4355 totum
2424 4310 2634 4370 tempus
2659 4317 2818 4357 nemo
2847 4304 2998 4358 nobis
3027 4315 3274 4361 accurate
3299 4321 3390 4361 es-

1807 4386 2040 4455 plicavit.
2074 4388 2272 4442 Verum
2301 4389 2427 4444 huic
2452 4391 2526 4444 rei
2567 4392 2734 4460 magis
2772 4392 3086 4448 immoratur
3120 4395 3388 4459 Joannes,

1807 4492 1965 4546 quam
1993 4477 2172 4532 crcteri
2197 4518 2213 4543 ,
2244 4487 2302 4532 ut
2333 4479 2418 4532 hic
2442 4494 2683 4549 quoque;
2712 4481 2805 4536 sed
2836 4481 3012 4538 nullus
3039 4484 3216 4538 omnia
3245 4485 3391 4540 clare

1808 4568 2118 4623 recensuit:
2167 4568 2233 4624 ad
2261 4569 2401 4624 aliud
2433 4571 2629 4640 quippe
2656 4571 3000 4627 festinabant.
3049 4573 3177 4630 Hmc
3228 4590 3391 4645 porro

1806 4659 2087 4715 didicimus
2117 4676 2214 4732 per
2234 4663 2525 4733 apostolos,
2553 4664 2641 4733 qui
2663 4679 2725 4720 ea
2748 4680 2866 4735 quae
2888 4665 3168 4721 audierant
3189 4668 3388 4723 retuleo

1805 4763 1948 4810 runt.
1960 4755 2214 4823 '5.Quibus
2230 4766 2276 4810 et
2297 4759 2510 4826 prwbuit
2527 4759 2596 4812 sei
2600 4775 2748 4828 psum
2763 4761 2946 4814 vivunt.
2965 4759 3239 4831 Loquutus
3263 4771 3389 4818 ante

1803 4849 1869 4904 de
1895 4850 2282 4920 assumptione,
2299 4850 2409 4920 jam
2436 4852 2503 4907 de
2530 4853 2920 4908 resurrectione
2935 4855 3060 4922 agit.
3084 4855 3218 4922 Quia
3239 4855 3384 4910 enim

1803 4940 2030 5009 dixerat,
2055 4942 2356 5013 Assumptus
2386 4953 2492 5008 est,
2528 4959 2597 4998 ne
2634 4953 2849 5013 putares
2878 4945 3028 5000 illum
3055 4947 3122 5000 ab
3147 4947 3264 5000 aliis
3292 4960 3383 5001 as-

1803 5043 2072 5101 sumptum
2100 5034 2287 5100 l‘uisse,
2311 5035 2605 5105 subjunxit,
2639 5037 2830 5104 Quibus
2853 5048 2900 5092 et
2926 5037 3140 5109 prtebuit
3166 5042 3383 5108 seipsum

1802 5124 1991 5178 vivum.
2020 5124 2152 5179 Nam
2181 5127 2226 5181 si
2257 5127 2308 5180 in
2332 5129 2524 5198 majori
2553 5144 2612 5183 re
2636 5130 2872 5199 seipsum
2903 5130 3180 5196 exhibuit,
3215 5129 3383 5184 multo

1802 5217 1970 5288 magis
1996 5216 2048 5270 in
2074 5217 2284 5272 minori.

1871 5313 1926 5366 4.
1961 5310 2143 5365 Viden’
2171 5312 2440 5380 quomodo
2461 5315 2760 5369 clanculum
2781 5316 2898 5371 hare
2920 5331 3109 5386 magna
3136 5315 3384 5370 dissemi-

1802 5410 1893 5457 net
1911 5403 2190 5472 dogmata?
2210 5401 2316 5458 Per
2336 5405 2442 5458 dies
2462 5407 2796 5476 quadraginta
2817 5422 3067 5475 apparens
3087 5406 3176 5458 eis.
3201 5406 3383 5475 Neque

1801 5495 1965 5562 enim,
1988 5505 2046 5551 ut
2071 5504 2194 5551 ante
2218 5499 2664 5553 resurrectionem
2681 5538 2697 5561 ,
2727 5513 2940 5566 semper
2960 5511 3082 5553 cum
3110 5497 3215 5551 illis
3245 5507 3378 5552 erat.

1800 5585 2034 5642 Observa
2056 5595 2231 5641 autem
2255 5603 2359 5641 non
2380 5589 2580 5644 dixisse
2603 5589 2769 5654 illum,
2787 5587 3145 5657 Quadraginta
3170 5588 3378 5655 diebus,

1801 5678 1913 5742 sed,
1947 5679 2049 5733 Per
2076 5680 2181 5732 dies
2208 5681 2566 5750 quadraginta.
2596 5679 2926 5732 Adveniebst
2950 5679 3090 5734 enim
3114 5721 3130 5748 ,
3161 5689 3217 5735 et
3239 5696 3372 5737 avo-

1803 5767 1942 5824 labat
1973 5785 2203 5826 rursum.
2235 5771 2446 5837 Quare?
2476 5772 2700 5828 Animos
2730 5769 2942 5825 illorum
2967 5771 3034 5827 ad
3057 5772 3248 5828 altiora
3279 5778 3378 5832 du-
