  <div class='ocr_page' id='page_1' title='image "/cluster/home/n/w/nwhite01/storage/ocr_20150623/60/mdp.39015028539453/023.png"; bbox 0 0 3976 6144; ppageno 0'>
   <div class='ocr_carea' id='block_1_1' title="bbox 410 257 2895 332">
    <p class='ocr_par' dir='ltr' id='par_1_1' title="bbox 410 257 2895 332">
     <span class='ocr_line' id='line_1_1' title="bbox 410 257 2895 332; baseline -0.006 0"><span class='ocrx_word' id='word_1_1' title='bbox 410 276 477 332; x_wconf 72' lang='grc' dir='ltr'>ω</span> <span class='ocrx_word' id='word_1_2' title='bbox 1115 267 1171 326; x_wconf 87' lang='lat' dir='ltr'><strong>S.</strong></span> <span class='ocrx_word' id='word_1_3' title='bbox 1209 264 1487 324; x_wconf 78' lang='lat' dir='ltr'><strong>JOANNIS</strong></span> <span class='ocrx_word' id='word_1_4' title='bbox 1520 259 1992 321; x_wconf 75' lang='lat' dir='ltr'><strong>CHRYSOSTOMI</strong></span> <span class='ocrx_word' id='word_1_5' title='bbox 2019 257 2334 315; x_wconf 78' lang='lat' dir='ltr'><strong>ARCHIEP.</strong></span> <span class='ocrx_word' id='word_1_6' title='bbox 2365 258 2895 318; x_wconf 81' lang='lat' dir='ltr'><strong>CONSTANTINOP.</strong></span> 
     </span>
    </p>
   </div>
   <div class='ocr_carea' id='block_1_2' title="bbox 408 379 1992 455">
    <p class='ocr_par' dir='ltr' id='par_1_2' title="bbox 408 379 1992 455">
     <span class='ocr_line' id='line_1_2' title="bbox 408 379 1992 455; baseline -0.011 -8"><span class='ocrx_word' id='word_1_7' title='bbox 408 390 564 447; x_wconf 82' lang='lat' dir='ltr'><strong>cebat</strong></span> <span class='ocrx_word' id='word_1_8' title='bbox 585 431 601 455; x_wconf 92' lang='lat'><strong>,</strong></span> <span class='ocrx_word' id='word_1_9' title='bbox 645 403 743 444; x_wconf 86' lang='lat' dir='ltr'><strong>nec</strong></span> <span class='ocrx_word' id='word_1_10' title='bbox 781 387 988 443; x_wconf 89' lang='lat' dir='ltr'><strong>sinebat</strong></span> <span class='ocrx_word' id='word_1_11' title='bbox 1020 385 1141 440; x_wconf 85' lang='lat' dir='ltr'><strong>illos</strong></span> <span class='ocrx_word' id='word_1_12' title='bbox 1171 382 1392 455; x_wconf 83' lang='lat' dir='ltr'><strong>perinde</strong></span> <span class='ocrx_word' id='word_1_13' title='bbox 1420 396 1545 450; x_wconf 84' lang='lat' dir='ltr'><strong>erga</strong></span> <span class='ocrx_word' id='word_1_14' title='bbox 1580 395 1640 435; x_wconf 91' lang='lat' dir='ltr'><strong>se</strong></span> <span class='ocrx_word' id='word_1_15' title='bbox 1667 379 1806 433; x_wconf 82' lang='lat' dir='ltr'><strong>afﬁci</strong></span> <span class='ocrx_word' id='word_1_16' title='bbox 1833 386 1992 446; x_wconf 91' lang='lat' dir='ltr'><strong>atque</strong></span> 
     </span>
    </p>
   </div>
   <div class='ocr_carea' id='block_1_3' title="bbox 409 468 1996 546">
    <p class='ocr_par' dir='ltr' id='par_1_3' title="bbox 409 468 1996 546">
     <span class='ocr_line' id='line_1_3' title="bbox 409 468 1996 546; baseline -0.01 -10"><span class='ocrx_word' id='word_1_17' title='bbox 409 491 586 537; x_wconf 91' lang='lat' dir='ltr'><strong>antea.</strong></span> <span class='ocrx_word' id='word_1_18' title='bbox 618 480 726 537; x_wconf 84' lang='lat' dir='ltr'><strong>Nec</strong></span> <span class='ocrx_word' id='word_1_19' title='bbox 745 481 861 535; x_wconf 88' lang='lat' dir='ltr'><strong>sine</strong></span> <span class='ocrx_word' id='word_1_20' title='bbox 886 492 1046 534; x_wconf 92' lang='lat' dir='ltr'><strong>causa</strong></span> <span class='ocrx_word' id='word_1_21' title='bbox 1077 476 1178 531; x_wconf 91' lang='lat' dir='ltr'><strong>hoc</strong></span> <span class='ocrx_word' id='word_1_22' title='bbox 1204 474 1410 546; x_wconf 80' lang='lat' dir='ltr'><strong>agebat,</strong></span> <span class='ocrx_word' id='word_1_23' title='bbox 1442 472 1537 528; x_wconf 92' lang='lat' dir='ltr'><strong>sed</strong></span> <span class='ocrx_word' id='word_1_24' title='bbox 1564 481 1847 539; x_wconf 90' lang='lat' dir='ltr'><strong>utrumque</strong></span> <span class='ocrx_word' id='word_1_25' title='bbox 1875 468 1996 522; x_wconf 86' lang='lat' dir='ltr'><strong>dili-</strong></span> 
     </span>
    </p>
   </div>
   <div class='ocr_carea' id='block_1_4' title="bbox 410 561 1999 642">
    <p class='ocr_par' dir='ltr' id='par_1_4' title="bbox 410 561 1999 642">
     <span class='ocr_line' id='line_1_4' title="bbox 410 561 1999 642; baseline -0.01 -16"><span class='ocrx_word' id='word_1_26' title='bbox 410 581 596 642; x_wconf 89' lang='lat' dir='ltr'><strong>genter</strong></span> <span class='ocrx_word' id='word_1_27' title='bbox 640 584 972 640; x_wconf 70' lang='lat' dir='ltr'><strong>przeparans,</strong></span> <span class='ocrx_word' id='word_1_28' title='bbox 1006 576 1063 622; x_wconf 92' lang='lat' dir='ltr'><strong>ut</strong></span> <span class='ocrx_word' id='word_1_29' title='bbox 1105 564 1428 621; x_wconf 77' lang='lat' dir='ltr'><strong>resurrectio</strong></span> <span class='ocrx_word' id='word_1_30' title='bbox 1466 561 1793 623; x_wconf 79' lang='lat' dir='ltr'><strong>crederetur,</strong></span> <span class='ocrx_word' id='word_1_31' title='bbox 1839 568 1894 612; x_wconf 88' lang='lat' dir='ltr'><strong>et</strong></span> <span class='ocrx_word' id='word_1_32' title='bbox 1939 565 1999 611; x_wconf 92' lang='lat' dir='ltr'><strong>ut</strong></span> 
     </span>
    </p>
   </div>
   <div class='ocr_carea' id='block_1_5' title="bbox 414 647 2001 733">
    <p class='ocr_par' dir='ltr' id='par_1_5' title="bbox 414 647 2001 733">
     <span class='ocr_line' id='line_1_5' title="bbox 414 647 2001 733; baseline -0.011 -17"><span class='ocrx_word' id='word_1_33' title='bbox 414 664 586 733; x_wconf 86' lang='lat' dir='ltr'><strong>major</strong></span> <span class='ocrx_word' id='word_1_34' title='bbox 629 662 744 731; x_wconf 90' lang='lat' dir='ltr'><strong>ipse</strong></span> <span class='ocrx_word' id='word_1_35' title='bbox 789 667 1067 729; x_wconf 83' lang='lat' dir='ltr'><strong>putaretur</strong></span> <span class='ocrx_word' id='word_1_36' title='bbox 1104 670 1224 712; x_wconf 90' lang='lat' dir='ltr'><strong>esse</strong></span> <span class='ocrx_word' id='word_1_37' title='bbox 1247 697 1263 721; x_wconf 89' lang='lat'><strong>,</strong></span> <span class='ocrx_word' id='word_1_38' title='bbox 1295 668 1453 724; x_wconf 91' lang='lat' dir='ltr'><strong>quam</strong></span> <span class='ocrx_word' id='word_1_39' title='bbox 1483 653 1663 716; x_wconf 74' lang='lat' dir='ltr'><strong>homo.</strong></span> <span class='ocrx_word' id='word_1_40' title='bbox 1696 648 1856 719; x_wconf 81' lang='lat' dir='ltr'><strong>Atqui</strong></span> <span class='ocrx_word' id='word_1_41' title='bbox 1884 647 2001 700; x_wconf 74' lang='lat' dir='ltr'><strong>lucc</strong></span> 
     </span>
    </p>
   </div>
   <div class='ocr_carea' id='block_1_6' title="bbox 410 738 1999 809">
    <p class='ocr_par' dir='ltr' id='par_1_6' title="bbox 410 738 1999 809">
     <span class='ocr_line' id='line_1_6' title="bbox 410 738 1999 809; baseline -0.011 0"><span class='ocrx_word' id='word_1_42' title='bbox 410 764 564 809; x_wconf 83' lang='lat' dir='ltr'><strong>erant</strong></span> <span class='ocrx_word' id='word_1_43' title='bbox 599 754 738 808; x_wconf 91' lang='lat' dir='ltr'><strong>inter</strong></span> <span class='ocrx_word' id='word_1_44' title='bbox 776 766 837 807; x_wconf 88' lang='lat' dir='ltr'><strong>se</strong></span> <span class='ocrx_word' id='word_1_45' title='bbox 874 749 1162 805; x_wconf 86' lang='lat' dir='ltr'><strong>contraria.</strong></span> <span class='ocrx_word' id='word_1_46' title='bbox 1192 746 1262 803; x_wconf 86' lang='lat' dir='ltr'><strong>Ut</strong></span> <span class='ocrx_word' id='word_1_47' title='bbox 1289 746 1433 801; x_wconf 91' lang='lat' dir='ltr'><strong>enim</strong></span> <span class='ocrx_word' id='word_1_48' title='bbox 1463 741 1785 799; x_wconf 85' lang='lat' dir='ltr'><strong>resurrectio</strong></span> <span class='ocrx_word' id='word_1_49' title='bbox 1811 738 1999 793; x_wconf 90' lang='lat' dir='ltr'><strong>crede-</strong></span> 
     </span>
    </p>
   </div>
   <div class='ocr_carea' id='block_1_7' title="bbox 412 834 2002 913">
    <p class='ocr_par' dir='ltr' id='par_1_7' title="bbox 412 834 2002 913">
     <span class='ocr_line' id='line_1_7' title="bbox 412 834 2002 913; baseline -0.011 -13"><span class='ocrx_word' id='word_1_50' title='bbox 412 855 580 908; x_wconf 87' lang='lat' dir='ltr'><strong>retur,</strong></span> <span class='ocrx_word' id='word_1_51' title='bbox 609 843 839 896; x_wconf 90' lang='lat' dir='ltr'><strong>humana</strong></span> <span class='ocrx_word' id='word_1_52' title='bbox 867 840 1031 895; x_wconf 90' lang='lat' dir='ltr'><strong>multa</strong></span> <span class='ocrx_word' id='word_1_53' title='bbox 1059 838 1173 894; x_wconf 83' lang='lat' dir='ltr'><strong>fieri</strong></span> <span class='ocrx_word' id='word_1_54' title='bbox 1202 836 1512 913; x_wconf 81' lang='lat' dir='ltr'><strong>oportebat;</strong></span> <span class='ocrx_word' id='word_1_55' title='bbox 1543 843 1601 888; x_wconf 93' lang='lat' dir='ltr'><strong>ut</strong></span> <span class='ocrx_word' id='word_1_56' title='bbox 1625 834 1849 888; x_wconf 91' lang='lat' dir='ltr'><strong>alterum</strong></span> <span class='ocrx_word' id='word_1_57' title='bbox 1875 842 2002 883; x_wconf 83' lang='lat' dir='ltr'><strong>vero</strong></span> 
     </span>
    </p>
   </div>
   <div class='ocr_carea' id='block_1_8' title="bbox 418 916 2039 999">
    <p class='ocr_par' dir='ltr' id='par_1_8' title="bbox 418 916 2039 999">
     <span class='ocr_line' id='line_1_8' title="bbox 418 916 2039 999; baseline -0.01 -8"><span class='ocrx_word' id='word_1_58' title='bbox 418 938 726 991; x_wconf 80' lang='lat' dir='ltr'><strong>firmaretur</strong></span> <span class='ocrx_word' id='word_1_59' title='bbox 748 975 763 999; x_wconf 93' lang='lat'><strong>,</strong></span> <span class='ocrx_word' id='word_1_60' title='bbox 792 950 897 988; x_wconf 90' lang='lat' dir='ltr'><strong>non</strong></span> <span class='ocrx_word' id='word_1_61' title='bbox 930 934 1077 986; x_wconf 88' lang='lat' dir='ltr'><strong>item.</strong></span> <span class='ocrx_word' id='word_1_62' title='bbox 1112 932 1360 987; x_wconf 85' lang='lat' dir='ltr'><strong>Attamen</strong></span> <span class='ocrx_word' id='word_1_63' title='bbox 1387 937 1673 996; x_wconf 86' lang='lat' dir='ltr'><strong>utrumque</strong></span> <span class='ocrx_word' id='word_1_64' title='bbox 1702 933 2002 994; x_wconf 91' lang='lat' dir='ltr'><strong>opportuno</strong></span> <span class='ocrx_word' id='word_1_65' title='bbox 2036 916 2039 919; x_wconf 54' lang='grc'><strong>⁷</strong></span> 
     </span>
    </p>
   </div>
   <div class='ocr_carea' id='block_1_9' title="bbox 419 1013 2004 1096">
    <p class='ocr_par' dir='ltr' id='par_1_9' title="bbox 419 1013 2004 1096">
     <span class='ocr_line' id='line_1_9' title="bbox 419 1013 2004 1096; baseline -0.008 -16"><span class='ocrx_word' id='word_1_66' title='bbox 419 1038 661 1096; x_wconf 89' lang='lat' dir='ltr'><strong>tempore</strong></span> <span class='ocrx_word' id='word_1_67' title='bbox 703 1024 898 1079; x_wconf 83' lang='lat' dir='ltr'><strong>factum</strong></span> <span class='ocrx_word' id='word_1_68' title='bbox 935 1032 1032 1078; x_wconf 91' lang='lat' dir='ltr'><strong>est.</strong></span> <span class='ocrx_word' id='word_1_69' title='bbox 1087 1022 1197 1077; x_wconf 90' lang='lat' dir='ltr'><strong>Cur</strong></span> <span class='ocrx_word' id='word_1_70' title='bbox 1241 1032 1416 1075; x_wconf 90' lang='lat' dir='ltr'><strong>autem</strong></span> <span class='ocrx_word' id='word_1_71' title='bbox 1460 1034 1565 1074; x_wconf 90' lang='lat' dir='ltr'><strong>non</strong></span> <span class='ocrx_word' id='word_1_72' title='bbox 1605 1019 1870 1080; x_wconf 88' lang='lat' dir='ltr'><strong>omnibus,</strong></span> <span class='ocrx_word' id='word_1_73' title='bbox 1908 1013 2004 1069; x_wconf 89' lang='lat' dir='ltr'><strong>sed</strong></span> 
     </span>
    </p>
   </div>
   <div class='ocr_carea' id='block_1_10' title="bbox 419 1108 2004 1189">
    <p class='ocr_par' dir='ltr' id='par_1_10' title="bbox 419 1108 2004 1189">
     <span class='ocr_line' id='line_1_10' title="bbox 419 1108 2004 1189; baseline -0.011 -14"><span class='ocrx_word' id='word_1_74' title='bbox 419 1119 678 1189; x_wconf 82' lang='lat' dir='ltr'><strong>apostolis</strong></span> <span class='ocrx_word' id='word_1_75' title='bbox 706 1126 907 1172; x_wconf 90' lang='lat' dir='ltr'><strong>tantum</strong></span> <span class='ocrx_word' id='word_1_76' title='bbox 938 1115 1216 1185; x_wconf 84' lang='lat' dir='ltr'><strong>apparuit?</strong></span> <span class='ocrx_word' id='word_1_77' title='bbox 1243 1112 1375 1189; x_wconf 83' lang='lat' dir='ltr'><strong>Quia</strong></span> <span class='ocrx_word' id='word_1_78' title='bbox 1405 1111 1582 1165; x_wconf 93' lang='lat' dir='ltr'><strong>multis</strong></span> <span class='ocrx_word' id='word_1_79' title='bbox 1610 1109 1660 1163; x_wconf 90' lang='lat' dir='ltr'><strong>id</strong></span> <span class='ocrx_word' id='word_1_80' title='bbox 1689 1108 2004 1177; x_wconf 86' lang='lat' dir='ltr'><strong>phantasma</strong></span> 
     </span>
    </p>
   </div>
   <div class='ocr_carea' id='block_1_11' title="bbox 424 1188 2005 1277">
    <p class='ocr_par' dir='ltr' id='par_1_11' title="bbox 424 1188 2005 1277">
     <span class='ocr_line' id='line_1_11' title="bbox 424 1188 2005 1277; baseline -0.009 -14"><span class='ocrx_word' id='word_1_81' title='bbox 424 1212 594 1264; x_wconf 88' lang='lat' dir='ltr'><strong>visum</strong></span> <span class='ocrx_word' id='word_1_82' title='bbox 623 1208 827 1271; x_wconf 78' lang='lat' dir='ltr'><strong>fuisset,</strong></span> <span class='ocrx_word' id='word_1_83' title='bbox 850 1208 942 1277; x_wconf 91' lang='lat' dir='ltr'><strong>qui</strong></span> <span class='ocrx_word' id='word_1_84' title='bbox 968 1220 1221 1259; x_wconf 89' lang='lat' dir='ltr'><strong>arcanum</strong></span> <span class='ocrx_word' id='word_1_85' title='bbox 1247 1188 1484 1273; x_wconf 82' lang='lat' dir='ltr'><strong>mysterii</strong></span> <span class='ocrx_word' id='word_1_86' title='bbox 1510 1215 1617 1255; x_wconf 93' lang='lat' dir='ltr'><strong>non</strong></span> <span class='ocrx_word' id='word_1_87' title='bbox 1643 1206 1922 1253; x_wconf 84' lang='lat' dir='ltr'><strong>noverant.</strong></span> <span class='ocrx_word' id='word_1_88' title='bbox 1948 1195 2005 1249; x_wconf 89' lang='lat' dir='ltr'><strong>Si</strong></span> 
     </span>
    </p>
   </div>
   <div class='ocr_carea' id='block_1_12' title="bbox 422 1288 2008 1368">
    <p class='ocr_par' dir='ltr' id='par_1_12' title="bbox 422 1288 2008 1368">
     <span class='ocr_line' id='line_1_12' title="bbox 422 1288 2008 1368; baseline -0.008 -15"><span class='ocrx_word' id='word_1_89' title='bbox 422 1299 568 1354; x_wconf 86' lang='lat' dir='ltr'><strong>enim</strong></span> <span class='ocrx_word' id='word_1_90' title='bbox 601 1298 699 1368; x_wconf 80' lang='lat' dir='ltr'><strong>ipsi</strong></span> <span class='ocrx_word' id='word_1_91' title='bbox 731 1296 976 1365; x_wconf 89' lang='lat' dir='ltr'><strong>discipuli</strong></span> <span class='ocrx_word' id='word_1_92' title='bbox 1007 1311 1112 1348; x_wconf 94' lang='lat' dir='ltr'><strong>non</strong></span> <span class='ocrx_word' id='word_1_93' title='bbox 1141 1293 1429 1347; x_wconf 87' lang='lat' dir='ltr'><strong>credebant</strong></span> <span class='ocrx_word' id='word_1_94' title='bbox 1454 1290 1604 1345; x_wconf 91' lang='lat' dir='ltr'><strong>initio</strong></span> <span class='ocrx_word' id='word_1_95' title='bbox 1632 1298 1688 1344; x_wconf 91' lang='lat' dir='ltr'><strong>et</strong></span> <span class='ocrx_word' id='word_1_96' title='bbox 1720 1288 2008 1342; x_wconf 90' lang='lat' dir='ltr'><strong>turbaban-</strong></span> 
     </span>
    </p>
   </div>
   <div class='ocr_carea' id='block_1_13' title="bbox 425 1384 2007 1459">
    <p class='ocr_par' dir='ltr' id='par_1_13' title="bbox 425 1384 2007 1459">
     <span class='ocr_line' id='line_1_13' title="bbox 425 1384 2007 1459; baseline -0.008 -13"><span class='ocrx_word' id='word_1_97' title='bbox 425 1403 530 1459; x_wconf 87' lang='lat' dir='ltr'><strong>tur,</strong></span> <span class='ocrx_word' id='word_1_98' title='bbox 560 1401 807 1459; x_wconf 83' lang='lat' dir='ltr'><strong>taetuque</strong></span> <span class='ocrx_word' id='word_1_99' title='bbox 844 1403 1029 1442; x_wconf 90' lang='lat' dir='ltr'><strong>manus</strong></span> <span class='ocrx_word' id='word_1_100' title='bbox 1069 1402 1202 1455; x_wconf 89' lang='lat' dir='ltr'><strong>opus</strong></span> <span class='ocrx_word' id='word_1_101' title='bbox 1246 1384 1529 1447; x_wconf 87' lang='lat' dir='ltr'><strong>habebant,</strong></span> <span class='ocrx_word' id='word_1_102' title='bbox 1570 1396 1779 1436; x_wconf 85' lang='lat' dir='ltr'><strong>necnon</strong></span> <span class='ocrx_word' id='word_1_103' title='bbox 1821 1394 2007 1434; x_wconf 90' lang='lat' dir='ltr'><strong>mensa</strong></span> 
     </span>
    </p>
   </div>
   <div class='ocr_carea' id='block_1_14' title="bbox 421 1471 2010 1549">
    <p class='ocr_par' dir='ltr' id='par_1_14' title="bbox 421 1471 2010 1549">
     <span class='ocr_line' id='line_1_14' title="bbox 421 1471 2010 1549; baseline -0.008 -12"><span class='ocrx_word' id='word_1_104' title='bbox 421 1481 711 1546; x_wconf 85' lang='lat' dir='ltr'><strong>communi,</strong></span> <span class='ocrx_word' id='word_1_105' title='bbox 734 1479 998 1549; x_wconf 89' lang='lat' dir='ltr'><strong>quomodo</strong></span> <span class='ocrx_word' id='word_1_106' title='bbox 1026 1477 1211 1546; x_wconf 87' lang='lat' dir='ltr'><strong>vulgus</strong></span> <span class='ocrx_word' id='word_1_107' title='bbox 1240 1475 1489 1529; x_wconf 76' lang='lat' dir='ltr'><strong>affet-tum</strong></span> <span class='ocrx_word' id='word_1_108' title='bbox 1517 1471 1740 1526; x_wconf 77' lang='lat' dir='ltr'><strong>fuisset?</strong></span> <span class='ocrx_word' id='word_1_109' title='bbox 1768 1472 2010 1539; x_wconf 84' lang='lat' dir='ltr'><strong>Quapro-</strong></span> 
     </span>
    </p>
   </div>
   <div class='ocr_carea' id='block_1_15' title="bbox 427 1560 2008 1643">
    <p class='ocr_par' dir='ltr' id='par_1_15' title="bbox 427 1560 2008 1643">
     <span class='ocr_line' id='line_1_15' title="bbox 427 1560 2008 1643; baseline -0.009 -16"><span class='ocrx_word' id='word_1_110' title='bbox 427 1582 546 1643; x_wconf 89' lang='lat' dir='ltr'><strong>pter</strong></span> <span class='ocrx_word' id='word_1_111' title='bbox 574 1588 639 1626; x_wconf 92' lang='lat' dir='ltr'><strong>ex</strong></span> <span class='ocrx_word' id='word_1_112' title='bbox 670 1570 938 1625; x_wconf 88' lang='lat' dir='ltr'><strong>miraculis</strong></span> <span class='ocrx_word' id='word_1_113' title='bbox 960 1568 1309 1622; x_wconf 88' lang='lat' dir='ltr'><strong>indubitatam</strong></span> <span class='ocrx_word' id='word_1_114' title='bbox 1332 1564 1504 1619; x_wconf 88' lang='lat' dir='ltr'><strong>reddit</strong></span> <span class='ocrx_word' id='word_1_115' title='bbox 1528 1560 2008 1626; x_wconf 81' lang='lat' dir='ltr'><strong>resurrectionem;</strong></span> 
     </span>
    </p>
   </div>
   <div class='ocr_carea' id='block_1_16' title="bbox 428 1654 2010 1727">
    <p class='ocr_par' dir='ltr' id='par_1_16' title="bbox 428 1654 2010 1727">
     <span class='ocr_line' id='line_1_16' title="bbox 428 1654 2010 1727; baseline -0.008 -8"><span class='ocrx_word' id='word_1_116' title='bbox 428 1667 499 1720; x_wconf 89' lang='lat' dir='ltr'><strong>ita</strong></span> <span class='ocrx_word' id='word_1_117' title='bbox 534 1674 719 1718; x_wconf 90' lang='lat' dir='ltr'><strong>utnon</strong></span> <span class='ocrx_word' id='word_1_118' title='bbox 752 1663 855 1716; x_wconf 92' lang='lat' dir='ltr'><strong>illis</strong></span> <span class='ocrx_word' id='word_1_119' title='bbox 876 1671 1076 1716; x_wconf 91' lang='lat' dir='ltr'><strong>tantum</strong></span> <span class='ocrx_word' id='word_1_120' title='bbox 1107 1670 1229 1713; x_wconf 94' lang='lat' dir='ltr'><strong>tunc</strong></span> <span class='ocrx_word' id='word_1_121' title='bbox 1260 1658 1516 1727; x_wconf 88' lang='lat' dir='ltr'><strong>temporis</strong></span> <span class='ocrx_word' id='word_1_122' title='bbox 1544 1654 1851 1709; x_wconf 90' lang='lat' dir='ltr'><strong>hominibus</strong></span> <span class='ocrx_word' id='word_1_123' title='bbox 1871 1695 1883 1718; x_wconf 89' lang='lat'><strong>,</strong></span> <span class='ocrx_word' id='word_1_124' title='bbox 1918 1655 2010 1709; x_wconf 91' lang='lat' dir='ltr'><strong>sed</strong></span> 
     </span>
    </p>
   </div>
   <div class='ocr_carea' id='block_1_17' title="bbox 430 1744 2012 1822">
    <p class='ocr_par' dir='ltr' id='par_1_17' title="bbox 430 1744 2012 1822">
     <span class='ocr_line' id='line_1_17' title="bbox 430 1744 2012 1822; baseline -0.008 -14"><span class='ocrx_word' id='word_1_125' title='bbox 430 1754 678 1808; x_wconf 77' lang='lat' dir='ltr'><strong>otiinibus</strong></span> <span class='ocrx_word' id='word_1_126' title='bbox 722 1763 900 1822; x_wconf 84' lang='lat' dir='ltr'><strong>postea</strong></span> <span class='ocrx_word' id='word_1_127' title='bbox 940 1762 1085 1806; x_wconf 86' lang='lat' dir='ltr'><strong>certa</strong></span> <span class='ocrx_word' id='word_1_128' title='bbox 1132 1750 1269 1804; x_wconf 90' lang='lat' dir='ltr'><strong>foret</strong></span> <span class='ocrx_word' id='word_1_129' title='bbox 1313 1748 1654 1802; x_wconf 86' lang='lat' dir='ltr'><strong>resurrectio.</strong></span> <span class='ocrx_word' id='word_1_130' title='bbox 1686 1744 1839 1812; x_wconf 83' lang='lat' dir='ltr'><strong>Quod</strong></span> <span class='ocrx_word' id='word_1_131' title='bbox 1869 1745 2012 1797; x_wconf 90' lang='lat' dir='ltr'><strong>enim</strong></span> 
     </span>
    </p>
   </div>
   <div class='ocr_carea' id='block_1_18' title="bbox 430 1836 2015 1912">
    <p class='ocr_par' dir='ltr' id='par_1_18' title="bbox 430 1836 2015 1912">
     <span class='ocr_line' id='line_1_18' title="bbox 430 1836 2015 1912; baseline -0.008 -11"><span class='ocrx_word' id='word_1_132' title='bbox 430 1848 483 1901; x_wconf 92' lang='lat' dir='ltr'><strong>in</strong></span> <span class='ocrx_word' id='word_1_133' title='bbox 522 1846 628 1899; x_wconf 91' lang='lat' dir='ltr'><strong>illis</strong></span> <span class='ocrx_word' id='word_1_134' title='bbox 667 1844 956 1900; x_wconf 78' lang='lat' dir='ltr'><strong>effecerunt</strong></span> <span class='ocrx_word' id='word_1_135' title='bbox 993 1850 1277 1912; x_wconf 89' lang='lat' dir='ltr'><strong>conspecta</strong></span> <span class='ocrx_word' id='word_1_136' title='bbox 1325 1840 1495 1910; x_wconf 88' lang='lat' dir='ltr'><strong>signa,</strong></span> <span class='ocrx_word' id='word_1_137' title='bbox 1544 1839 1645 1894; x_wconf 93' lang='lat' dir='ltr'><strong>hoc</strong></span> <span class='ocrx_word' id='word_1_138' title='bbox 1694 1839 1745 1891; x_wconf 91' lang='lat' dir='ltr'><strong>in</strong></span> <span class='ocrx_word' id='word_1_139' title='bbox 1786 1836 2015 1906; x_wconf 89' lang='lat' dir='ltr'><strong>posteris</strong></span> 
     </span>
    </p>
   </div>
   <div class='ocr_carea' id='block_1_19' title="bbox 433 1929 2013 2008">
    <p class='ocr_par' dir='ltr' id='par_1_19' title="bbox 433 1929 2013 2008">
     <span class='ocr_line' id='line_1_19' title="bbox 433 1929 2013 2008; baseline -0.008 -13"><span class='ocrx_word' id='word_1_140' title='bbox 433 1940 680 1994; x_wconf 70' lang='lat' dir='ltr'><strong>ontuibus</strong></span> <span class='ocrx_word' id='word_1_141' title='bbox 705 1954 800 2008; x_wconf 89' lang='lat' dir='ltr'><strong>per</strong></span> <span class='ocrx_word' id='word_1_142' title='bbox 831 1939 988 1992; x_wconf 85' lang='lat' dir='ltr'><strong>fidem</strong></span> <span class='ocrx_word' id='word_1_143' title='bbox 1020 1937 1256 1991; x_wconf 90' lang='lat' dir='ltr'><strong>futurum</strong></span> <span class='ocrx_word' id='word_1_144' title='bbox 1287 1945 1420 1988; x_wconf 90' lang='lat' dir='ltr'><strong>erat.</strong></span> <span class='ocrx_word' id='word_1_145' title='bbox 1452 1932 1576 1987; x_wconf 89' lang='lat' dir='ltr'><strong>Ideo</strong></span> <span class='ocrx_word' id='word_1_146' title='bbox 1607 1931 1731 1985; x_wconf 92' lang='lat' dir='ltr'><strong>hinc</strong></span> <span class='ocrx_word' id='word_1_147' title='bbox 1760 1929 2013 1984; x_wconf 88' lang='lat' dir='ltr'><strong>incredu-</strong></span> 
     </span>
    </p>
   </div>
   <div class='ocr_carea' id='block_1_20' title="bbox 430 2021 2016 2103">
    <p class='ocr_par' dir='ltr' id='par_1_20' title="bbox 430 2021 2016 2103">
     <span class='ocr_line' id='line_1_20' title="bbox 430 2021 2016 2103; baseline -0.008 -14"><span class='ocrx_word' id='word_1_148' title='bbox 430 2035 513 2089; x_wconf 86' lang='lat' dir='ltr'><strong>los</strong></span> <span class='ocrx_word' id='word_1_149' title='bbox 557 2032 882 2103; x_wconf 81' lang='lat' dir='ltr'><strong>argumentis</strong></span> <span class='ocrx_word' id='word_1_150' title='bbox 934 2029 1256 2099; x_wconf 90' lang='lat' dir='ltr'><strong>impetimus.</strong></span> <span class='ocrx_word' id='word_1_151' title='bbox 1311 2026 1367 2082; x_wconf 90' lang='lat' dir='ltr'><strong>Si</strong></span> <span class='ocrx_word' id='word_1_152' title='bbox 1418 2041 1523 2079; x_wconf 92' lang='lat' dir='ltr'><strong>non</strong></span> <span class='ocrx_word' id='word_1_153' title='bbox 1566 2024 1876 2088; x_wconf 81' lang='lat' dir='ltr'><strong>resurrexit,</strong></span> <span class='ocrx_word' id='word_1_154' title='bbox 1922 2021 2016 2077; x_wconf 88' lang='lat' dir='ltr'><strong>sed</strong></span> 
     </span>
    </p>
   </div>
   <div class='ocr_carea' id='block_1_21' title="bbox 434 2114 2019 2190">
    <p class='ocr_par' dir='ltr' id='par_1_21' title="bbox 434 2114 2019 2190">
     <span class='ocr_line' id='line_1_21' title="bbox 434 2114 2019 2190; baseline -0.008 -11"><span class='ocrx_word' id='word_1_155' title='bbox 434 2136 676 2179; x_wconf 88' lang='lat' dir='ltr'><strong>mortuus</strong></span> <span class='ocrx_word' id='word_1_156' title='bbox 706 2130 906 2188; x_wconf 89' lang='lat' dir='ltr'><strong>manet,</strong></span> <span class='ocrx_word' id='word_1_157' title='bbox 936 2120 1207 2190; x_wconf 81' lang='lat' dir='ltr'><strong>quomodo</strong></span> <span class='ocrx_word' id='word_1_158' title='bbox 1236 2119 1286 2172; x_wconf 93' lang='lat' dir='ltr'><strong>in</strong></span> <span class='ocrx_word' id='word_1_159' title='bbox 1313 2117 1527 2172; x_wconf 79' lang='lat' dir='ltr'><strong>nomine</strong></span> <span class='ocrx_word' id='word_1_160' title='bbox 1552 2116 1667 2184; x_wconf 86' lang='lat' dir='ltr'><strong>ejus</strong></span> <span class='ocrx_word' id='word_1_161' title='bbox 1687 2114 1913 2185; x_wconf 88' lang='lat' dir='ltr'><strong>apostoli</strong></span> <span class='ocrx_word' id='word_1_162' title='bbox 1943 2114 2019 2168; x_wconf 85' lang='lat' dir='ltr'><strong>si-</strong></span> 
     </span>
    </p>
   </div>
   <div class='ocr_carea' id='block_1_22' title="bbox 436 2206 2020 2285">
    <p class='ocr_par' dir='ltr' id='par_1_22' title="bbox 436 2206 2020 2285">
     <span class='ocr_line' id='line_1_22' title="bbox 436 2206 2020 2285; baseline -0.006 -17"><span class='ocrx_word' id='word_1_163' title='bbox 436 2231 537 2285; x_wconf 89' lang='lat' dir='ltr'><strong>gna</strong></span> <span class='ocrx_word' id='word_1_164' title='bbox 558 2214 834 2269; x_wconf 84' lang='lat' dir='ltr'><strong>fecerunt?</strong></span> <span class='ocrx_word' id='word_1_165' title='bbox 863 2215 931 2266; x_wconf 84' lang='lat' dir='ltr'><strong>At</strong></span> <span class='ocrx_word' id='word_1_166' title='bbox 953 2227 1056 2265; x_wconf 92' lang='lat' dir='ltr'><strong>non</strong></span> <span class='ocrx_word' id='word_1_167' title='bbox 1082 2210 1258 2265; x_wconf 79' lang='lat' dir='ltr'><strong>fecere</strong></span> <span class='ocrx_word' id='word_1_168' title='bbox 1280 2208 1574 2263; x_wconf 84' lang='lat' dir='ltr'><strong>miracula?</strong></span> <span class='ocrx_word' id='word_1_169' title='bbox 1600 2206 2020 2275; x_wconf 84' lang='lat' dir='ltr'><strong>Quomodoergo</strong></span> 
     </span>
    </p>
   </div>
   <div class='ocr_carea' id='block_1_23' title="bbox 438 2298 2020 2375">
    <p class='ocr_par' dir='ltr' id='par_1_23' title="bbox 438 2298 2020 2375">
     <span class='ocr_line' id='line_1_23' title="bbox 438 2298 2020 2375; baseline -0.004 -17"><span class='ocrx_word' id='word_1_170' title='bbox 438 2320 570 2375; x_wconf 84' lang='lat' dir='ltr'><strong>gens</strong></span> <span class='ocrx_word' id='word_1_171' title='bbox 615 2313 794 2358; x_wconf 89' lang='lat' dir='ltr'><strong>nostra</strong></span> <span class='ocrx_word' id='word_1_172' title='bbox 830 2302 1100 2357; x_wconf 86' lang='lat' dir='ltr'><strong>constitit?</strong></span> <span class='ocrx_word' id='word_1_173' title='bbox 1143 2301 1256 2355; x_wconf 84' lang='lat' dir='ltr'><strong>Non</strong></span> <span class='ocrx_word' id='word_1_174' title='bbox 1297 2299 1438 2354; x_wconf 91' lang='lat' dir='ltr'><strong>enim</strong></span> <span class='ocrx_word' id='word_1_175' title='bbox 1475 2300 1599 2353; x_wconf 91' lang='lat' dir='ltr'><strong>huic</strong></span> <span class='ocrx_word' id='word_1_176' title='bbox 1637 2300 1844 2353; x_wconf 77' lang='lat' dir='ltr'><strong>veritati</strong></span> <span class='ocrx_word' id='word_1_177' title='bbox 1873 2298 2020 2352; x_wconf 87' lang='lat' dir='ltr'><strong>obsi—</strong></span> 
     </span>
    </p>
   </div>
   <div class='ocr_carea' id='block_1_24' title="bbox 442 2389 2021 2471">
    <p class='ocr_par' dir='ltr' id='par_1_24' title="bbox 442 2389 2021 2471">
     <span class='ocr_line' id='line_1_24' title="bbox 442 2389 2021 2471; baseline -0.004 -22"><span class='ocrx_word' id='word_1_178' title='bbox 442 2404 587 2449; x_wconf 87' lang='lat' dir='ltr'><strong>stent</strong></span> <span class='ocrx_word' id='word_1_179' title='bbox 627 2409 805 2471; x_wconf 75' lang='lat' dir='ltr'><strong>neque</strong></span> <span class='ocrx_word' id='word_1_180' title='bbox 842 2392 1148 2462; x_wconf 83' lang='lat' dir='ltr'><strong>pugnabunt</strong></span> <span class='ocrx_word' id='word_1_181' title='bbox 1188 2400 1369 2445; x_wconf 85' lang='lat' dir='ltr'><strong>contra</strong></span> <span class='ocrx_word' id='word_1_182' title='bbox 1402 2406 1485 2455; x_wconf 91' lang='lat' dir='ltr'><strong>ea,</strong></span> <span class='ocrx_word' id='word_1_183' title='bbox 1518 2405 1637 2459; x_wconf 63' lang='lat' dir='ltr'><strong>quae</strong></span> <span class='ocrx_word' id='word_1_184' title='bbox 1666 2389 1764 2443; x_wconf 87' lang='lat' dir='ltr'><strong>sub</strong></span> <span class='ocrx_word' id='word_1_185' title='bbox 1793 2404 2021 2458; x_wconf 87' lang='lat' dir='ltr'><strong>conspe-</strong></span> 
     </span>
    </p>
   </div>
   <div class='ocr_carea' id='block_1_25' title="bbox 444 2479 2027 2552">
    <p class='ocr_par' dir='ltr' id='par_1_25' title="bbox 444 2479 2027 2552">
     <span class='ocr_line' id='line_1_25' title="bbox 444 2479 2027 2552; baseline -0.003 -13"><span class='ocrx_word' id='word_1_186' title='bbox 444 2494 586 2539; x_wconf 92' lang='lat' dir='ltr'><strong>ctum</strong></span> <span class='ocrx_word' id='word_1_187' title='bbox 612 2483 827 2537; x_wconf 86' lang='lat' dir='ltr'><strong>eadunt.</strong></span> <span class='ocrx_word' id='word_1_188' title='bbox 862 2482 1041 2552; x_wconf 88' lang='lat' dir='ltr'><strong>Itaque</strong></span> <span class='ocrx_word' id='word_1_189' title='bbox 1070 2482 1282 2551; x_wconf 88' lang='lat' dir='ltr'><strong>quando</strong></span> <span class='ocrx_word' id='word_1_190' title='bbox 1311 2480 1491 2533; x_wconf 90' lang='lat' dir='ltr'><strong>dicunt</strong></span> <span class='ocrx_word' id='word_1_191' title='bbox 1519 2521 1534 2545; x_wconf 93' lang='lat'><strong>,</strong></span> <span class='ocrx_word' id='word_1_192' title='bbox 1564 2496 1670 2533; x_wconf 86' lang='lat' dir='ltr'><strong>non</strong></span> <span class='ocrx_word' id='word_1_193' title='bbox 1701 2482 1832 2533; x_wconf 84' lang='lat' dir='ltr'><strong>facta</strong></span> <span class='ocrx_word' id='word_1_194' title='bbox 1863 2479 2027 2534; x_wconf 88' lang='lat' dir='ltr'><strong>fuisse</strong></span> 
     </span>
    </p>
   </div>
   <div class='ocr_carea' id='block_1_26' title="bbox 448 2571 2026 2642">
    <p class='ocr_par' dir='ltr' id='par_1_26' title="bbox 448 2571 2026 2642">
     <span class='ocr_line' id='line_1_26' title="bbox 448 2571 2026 2642; baseline -0.003 -13"><span class='ocrx_word' id='word_1_195' title='bbox 448 2576 734 2639; x_wconf 87' lang='lat' dir='ltr'><strong>miracula,</strong></span> <span class='ocrx_word' id='word_1_196' title='bbox 787 2584 914 2628; x_wconf 90' lang='lat' dir='ltr'><strong>tunc</strong></span> <span class='ocrx_word' id='word_1_197' title='bbox 956 2573 1123 2642; x_wconf 86' lang='lat' dir='ltr'><strong>magis</strong></span> <span class='ocrx_word' id='word_1_198' title='bbox 1167 2586 1286 2627; x_wconf 90' lang='lat' dir='ltr'><strong>sese</strong></span> <span class='ocrx_word' id='word_1_199' title='bbox 1330 2571 1677 2625; x_wconf 89' lang='lat' dir='ltr'><strong>confundunt.</strong></span> <span class='ocrx_word' id='word_1_200' title='bbox 1730 2571 1843 2625; x_wconf 87' lang='lat' dir='ltr'><strong>Hoc</strong></span> <span class='ocrx_word' id='word_1_201' title='bbox 1884 2572 2026 2624; x_wconf 88' lang='lat' dir='ltr'><strong>enim</strong></span> 
     </span>
    </p>
   </div>
   <div class='ocr_carea' id='block_1_27' title="bbox 449 2662 2029 2729">
    <p class='ocr_par' dir='ltr' id='par_1_27' title="bbox 449 2662 2029 2729">
     <span class='ocr_line' id='line_1_27' title="bbox 449 2662 2029 2729; baseline -0.003 -7"><span class='ocrx_word' id='word_1_202' title='bbox 449 2668 735 2722; x_wconf 88' lang='lat' dir='ltr'><strong>maximum</strong></span> <span class='ocrx_word' id='word_1_203' title='bbox 782 2675 923 2721; x_wconf 90' lang='lat' dir='ltr'><strong>esset</strong></span> <span class='ocrx_word' id='word_1_204' title='bbox 967 2665 1300 2729; x_wconf 88' lang='lat' dir='ltr'><strong>miraculum,</strong></span> <span class='ocrx_word' id='word_1_205' title='bbox 1341 2665 1385 2719; x_wconf 91' lang='lat' dir='ltr'><strong>si</strong></span> <span class='ocrx_word' id='word_1_206' title='bbox 1424 2665 1540 2718; x_wconf 88' lang='lat' dir='ltr'><strong>sine</strong></span> <span class='ocrx_word' id='word_1_207' title='bbox 1578 2662 1847 2719; x_wconf 90' lang='lat' dir='ltr'><strong>miraculis</strong></span> <span class='ocrx_word' id='word_1_208' title='bbox 1886 2671 2029 2717; x_wconf 88' lang='lat' dir='ltr'><strong>totus</strong></span> 
     </span>
    </p>
   </div>
   <div class='ocr_carea' id='block_1_28' title="bbox 448 2756 2030 2828">
    <p class='ocr_par' dir='ltr' id='par_1_28' title="bbox 448 2756 2030 2828">
     <span class='ocr_line' id='line_1_28' title="bbox 448 2756 2030 2828; baseline -0.004 -13"><span class='ocrx_word' id='word_1_209' title='bbox 448 2762 593 2816; x_wconf 89' lang='lat' dir='ltr'><strong>orbis</strong></span> <span class='ocrx_word' id='word_1_210' title='bbox 617 2759 956 2825; x_wconf 88' lang='lat' dir='ltr'><strong>accurrisset,</strong></span> <span class='ocrx_word' id='word_1_211' title='bbox 988 2774 1015 2811; x_wconf 91' lang='lat' dir='ltr'><strong>a</strong></span> <span class='ocrx_word' id='word_1_212' title='bbox 1042 2758 1320 2813; x_wconf 86' lang='lat' dir='ltr'><strong>duodecim</strong></span> <span class='ocrx_word' id='word_1_213' title='bbox 1347 2758 1667 2828; x_wconf 79' lang='lat' dir='ltr'><strong>pauperibus</strong></span> <span class='ocrx_word' id='word_1_214' title='bbox 1687 2766 1742 2811; x_wconf 91' lang='lat' dir='ltr'><strong>et</strong></span> <span class='ocrx_word' id='word_1_215' title='bbox 1765 2756 2030 2811; x_wconf 89' lang='lat' dir='ltr'><strong>illiteratis</strong></span> 
     </span>
    </p>
   </div>
   <div class='ocr_carea' id='block_1_29' title="bbox 451 2846 2032 2921">
    <p class='ocr_par' dir='ltr' id='par_1_29' title="bbox 451 2846 2032 2921">
     <span class='ocr_line' id='line_1_29' title="bbox 451 2846 2032 2921; baseline -0.004 -13"><span class='ocrx_word' id='word_1_216' title='bbox 451 2854 755 2908; x_wconf 89' lang='lat' dir='ltr'><strong>hominibus</strong></span> <span class='ocrx_word' id='word_1_217' title='bbox 780 2861 984 2921; x_wconf 89' lang='lat' dir='ltr'><strong>captus.</strong></span> <span class='ocrx_word' id='word_1_218' title='bbox 1013 2850 1195 2921; x_wconf 89' lang='lat' dir='ltr'><strong>Neque</strong></span> <span class='ocrx_word' id='word_1_219' title='bbox 1223 2852 1364 2904; x_wconf 92' lang='lat' dir='ltr'><strong>enim</strong></span> <span class='ocrx_word' id='word_1_220' title='bbox 1396 2850 1632 2919; x_wconf 81' lang='lat' dir='ltr'><strong>pecuniis</strong></span> <span class='ocrx_word' id='word_1_221' title='bbox 1656 2891 1670 2910; x_wconf 90' lang='lat'><strong>,</strong></span> <span class='ocrx_word' id='word_1_222' title='bbox 1703 2864 1809 2903; x_wconf 91' lang='lat' dir='ltr'><strong>non</strong></span> <span class='ocrx_word' id='word_1_223' title='bbox 1840 2846 2032 2902; x_wconf 87' lang='lat' dir='ltr'><strong>verbo-</strong></span> 
     </span>
    </p>
   </div>
   <div class='ocr_carea' id='block_1_30' title="bbox 452 2942 2032 3013">
    <p class='ocr_par' dir='ltr' id='par_1_30' title="bbox 452 2942 2032 3013">
     <span class='ocr_line' id='line_1_30' title="bbox 452 2942 2032 3013; baseline -0.004 -13"><span class='ocrx_word' id='word_1_224' title='bbox 452 2962 570 3000; x_wconf 88' lang='lat' dir='ltr'><strong>rum</strong></span> <span class='ocrx_word' id='word_1_225' title='bbox 597 2945 856 3013; x_wconf 79' lang='lat' dir='ltr'><strong>sapientia</strong></span> <span class='ocrx_word' id='word_1_226' title='bbox 877 2985 890 3006; x_wconf 92' lang='lat'><strong>,</strong></span> <span class='ocrx_word' id='word_1_227' title='bbox 932 2958 1037 2995; x_wconf 91' lang='lat' dir='ltr'><strong>non</strong></span> <span class='ocrx_word' id='word_1_228' title='bbox 1064 2944 1171 2997; x_wconf 91' lang='lat' dir='ltr'><strong>alio</strong></span> <span class='ocrx_word' id='word_1_229' title='bbox 1199 2943 1358 2995; x_wconf 87' lang='lat' dir='ltr'><strong>simili</strong></span> <span class='ocrx_word' id='word_1_230' title='bbox 1391 2942 1548 2995; x_wconf 93' lang='lat' dir='ltr'><strong>modo</strong></span> <span class='ocrx_word' id='word_1_231' title='bbox 1569 2942 1860 3009; x_wconf 87' lang='lat' dir='ltr'><strong>piscatores</strong></span> <span class='ocrx_word' id='word_1_232' title='bbox 1888 2942 2032 2993; x_wconf 81' lang='lat' dir='ltr'><strong>vice-</strong></span> 
     </span>
    </p>
   </div>
   <div class='ocr_carea' id='block_1_31' title="bbox 455 3030 2037 3101">
    <p class='ocr_par' dir='ltr' id='par_1_31' title="bbox 455 3030 2037 3101">
     <span class='ocr_line' id='line_1_31' title="bbox 455 3030 2037 3101; baseline -0.004 -10"><span class='ocrx_word' id='word_1_233' title='bbox 455 3044 613 3099; x_wconf 89' lang='lat' dir='ltr'><strong>runt;</strong></span> <span class='ocrx_word' id='word_1_234' title='bbox 661 3044 716 3087; x_wconf 92' lang='lat' dir='ltr'><strong>ut</strong></span> <span class='ocrx_word' id='word_1_235' title='bbox 751 3034 835 3087; x_wconf 84' lang='lat' dir='ltr'><strong>vel</strong></span> <span class='ocrx_word' id='word_1_236' title='bbox 877 3032 1023 3086; x_wconf 81' lang='lat' dir='ltr'><strong>inviti</strong></span> <span class='ocrx_word' id='word_1_237' title='bbox 1054 3035 1408 3101; x_wconf 83' lang='lat' dir='ltr'><strong>confiteantur</strong></span> <span class='ocrx_word' id='word_1_238' title='bbox 1441 3032 1673 3097; x_wconf 79' lang='lat' dir='ltr'><strong>divinam</strong></span> <span class='ocrx_word' id='word_1_239' title='bbox 1704 3032 1753 3084; x_wconf 92' lang='lat' dir='ltr'><strong>in</strong></span> <span class='ocrx_word' id='word_1_240' title='bbox 1791 3030 1893 3083; x_wconf 86' lang='lat' dir='ltr'><strong>illis</strong></span> <span class='ocrx_word' id='word_1_241' title='bbox 1917 3044 2037 3084; x_wconf 88' lang='lat' dir='ltr'><strong>esse</strong></span> 
     </span>
    </p>
   </div>
   <div class='ocr_carea' id='block_1_32' title="bbox 459 3119 2036 3192">
    <p class='ocr_par' dir='ltr' id='par_1_32' title="bbox 459 3119 2036 3192">
     <span class='ocr_line' id='line_1_32' title="bbox 459 3119 2036 3192; baseline -0.002 -13"><span class='ocrx_word' id='word_1_242' title='bbox 459 3126 708 3179; x_wconf 78' lang='lat' dir='ltr'><strong>virtutem</strong></span> <span class='ocrx_word' id='word_1_243' title='bbox 735 3140 748 3178; x_wconf 87' lang='lat'><strong>:</strong></span> <span class='ocrx_word' id='word_1_244' title='bbox 781 3138 955 3192; x_wconf 89' lang='lat' dir='ltr'><strong>neque</strong></span> <span class='ocrx_word' id='word_1_245' title='bbox 985 3122 1127 3176; x_wconf 89' lang='lat' dir='ltr'><strong>enim</strong></span> <span class='ocrx_word' id='word_1_246' title='bbox 1172 3122 1416 3175; x_wconf 82' lang='lat' dir='ltr'><strong>humanzc</strong></span> <span class='ocrx_word' id='word_1_247' title='bbox 1451 3121 1590 3175; x_wconf 88' lang='lat' dir='ltr'><strong>vires</strong></span> <span class='ocrx_word' id='word_1_248' title='bbox 1622 3121 1746 3174; x_wconf 90' lang='lat' dir='ltr'><strong>talia</strong></span> <span class='ocrx_word' id='word_1_249' title='bbox 1787 3119 2036 3191; x_wconf 76' lang='lat' dir='ltr'><strong>umquam</strong></span> 
     </span>
    </p>
   </div>
   <div class='ocr_carea' id='block_1_33' title="bbox 458 3209 2041 3285">
    <p class='ocr_par' dir='ltr' id='par_1_33' title="bbox 458 3209 2041 3285">
     <span class='ocr_line' id='line_1_33' title="bbox 458 3209 2041 3285; baseline -0.003 -15"><span class='ocrx_word' id='word_1_250' title='bbox 458 3216 638 3271; x_wconf 90' lang='lat' dir='ltr'><strong>facere</strong></span> <span class='ocrx_word' id='word_1_251' title='bbox 665 3215 950 3285; x_wconf 88' lang='lat' dir='ltr'><strong>potuerint.</strong></span> <span class='ocrx_word' id='word_1_252' title='bbox 980 3212 1104 3267; x_wconf 90' lang='lat' dir='ltr'><strong>Ideo</strong></span> <span class='ocrx_word' id='word_1_253' title='bbox 1132 3212 1222 3267; x_wconf 90' lang='lat' dir='ltr'><strong>ille</strong></span> <span class='ocrx_word' id='word_1_254' title='bbox 1246 3211 1592 3282; x_wconf 85' lang='lat' dir='ltr'><strong>quadraginta</strong></span> <span class='ocrx_word' id='word_1_255' title='bbox 1629 3209 1818 3265; x_wconf 89' lang='lat' dir='ltr'><strong>diebus</strong></span> <span class='ocrx_word' id='word_1_256' title='bbox 1847 3211 2041 3265; x_wconf 88' lang='lat' dir='ltr'><strong>mansit</strong></span> 
     </span>
    </p>
   </div>
   <div class='ocr_carea' id='block_1_34' title="bbox 461 3300 2038 3378">
    <p class='ocr_par' dir='ltr' id='par_1_34' title="bbox 461 3300 2038 3378">
     <span class='ocr_line' id='line_1_34' title="bbox 461 3300 2038 3378; baseline -0.008 -16"><span class='ocrx_word' id='word_1_257' title='bbox 461 3317 581 3378; x_wconf 91' lang='lat' dir='ltr'><strong>post</strong></span> <span class='ocrx_word' id='word_1_258' title='bbox 610 3306 1090 3369; x_wconf 88' lang='lat' dir='ltr'><strong>resurrectionem;</strong></span> <span class='ocrx_word' id='word_1_259' title='bbox 1120 3310 1227 3357; x_wconf 89' lang='lat' dir='ltr'><strong>tam</strong></span> <span class='ocrx_word' id='word_1_260' title='bbox 1257 3302 1413 3371; x_wconf 81' lang='lat' dir='ltr'><strong>longo</strong></span> <span class='ocrx_word' id='word_1_261' title='bbox 1449 3310 1768 3371; x_wconf 89' lang='lat' dir='ltr'><strong>conspectus</strong></span> <span class='ocrx_word' id='word_1_262' title='bbox 1798 3300 1877 3369; x_wconf 88' lang='lat' dir='ltr'><strong>sui</strong></span> <span class='ocrx_word' id='word_1_263' title='bbox 1912 3315 2038 3370; x_wconf 82' lang='lat' dir='ltr'><strong>spa-</strong></span> 
     </span>
    </p>
   </div>
   <div class='ocr_carea' id='block_1_35' title="bbox 463 3389 2040 3467">
    <p class='ocr_par' dir='ltr' id='par_1_35' title="bbox 463 3389 2040 3467">
     <span class='ocr_line' id='line_1_35' title="bbox 463 3389 2040 3467; baseline -0.007 -15"><span class='ocrx_word' id='word_1_264' title='bbox 463 3398 538 3452; x_wconf 92' lang='lat' dir='ltr'><strong>tio</strong></span> <span class='ocrx_word' id='word_1_265' title='bbox 564 3398 639 3451; x_wconf 86' lang='lat' dir='ltr'><strong>rei</strong></span> <span class='ocrx_word' id='word_1_266' title='bbox 670 3396 943 3449; x_wconf 79' lang='lat' dir='ltr'><strong>veritatem</strong></span> <span class='ocrx_word' id='word_1_267' title='bbox 973 3392 1330 3463; x_wconf 87' lang='lat' dir='ltr'><strong>comprobans</strong></span> <span class='ocrx_word' id='word_1_268' title='bbox 1356 3433 1370 3458; x_wconf 93' lang='lat'><strong>,</strong></span> <span class='ocrx_word' id='word_1_269' title='bbox 1404 3408 1470 3445; x_wconf 92' lang='lat' dir='ltr'><strong>ne</strong></span> <span class='ocrx_word' id='word_1_270' title='bbox 1499 3391 1550 3445; x_wconf 91' lang='lat' dir='ltr'><strong>id</strong></span> <span class='ocrx_word' id='word_1_271' title='bbox 1576 3390 1716 3461; x_wconf 91' lang='lat' dir='ltr'><strong>quod</strong></span> <span class='ocrx_word' id='word_1_272' title='bbox 1746 3389 2040 3467; x_wconf 70' lang='lat' dir='ltr'><strong>videbatur,</strong></span> 
     </span>
    </p>
   </div>
   <div class='ocr_carea' id='block_1_36' title="bbox 462 3482 2042 3560">
    <p class='ocr_par' dir='ltr' id='par_1_36' title="bbox 462 3482 2042 3560">
     <span class='ocr_line' id='line_1_36' title="bbox 462 3482 2042 3560; baseline -0.006 -18"><span class='ocrx_word' id='word_1_273' title='bbox 462 3489 777 3560; x_wconf 88' lang='lat' dir='ltr'><strong>phantasma</strong></span> <span class='ocrx_word' id='word_1_274' title='bbox 804 3502 924 3541; x_wconf 90' lang='lat' dir='ltr'><strong>esse</strong></span> <span class='ocrx_word' id='word_1_275' title='bbox 956 3492 1220 3555; x_wconf 89' lang='lat' dir='ltr'><strong>putarent.</strong></span> <span class='ocrx_word' id='word_1_276' title='bbox 1251 3483 1433 3554; x_wconf 81' lang='lat' dir='ltr'><strong>Neque</strong></span> <span class='ocrx_word' id='word_1_277' title='bbox 1461 3482 1544 3536; x_wconf 92' lang='lat' dir='ltr'><strong>his</strong></span> <span class='ocrx_word' id='word_1_278' title='bbox 1569 3490 1871 3543; x_wconf 90' lang='lat' dir='ltr'><strong>contentus,</strong></span> <span class='ocrx_word' id='word_1_279' title='bbox 1892 3496 2042 3535; x_wconf 84' lang='lat' dir='ltr'><strong>men-</strong></span> 
     </span>
    </p>
   </div>
   <div class='ocr_carea' id='block_1_37' title="bbox 463 3574 2042 3646">
    <p class='ocr_par' dir='ltr' id='par_1_37' title="bbox 463 3574 2042 3646">
     <span class='ocr_line' id='line_1_37' title="bbox 463 3574 2042 3646; baseline -0.006 -10"><span class='ocrx_word' id='word_1_280' title='bbox 463 3597 578 3636; x_wconf 87' lang='lat' dir='ltr'><strong>sam</strong></span> <span class='ocrx_word' id='word_1_281' title='bbox 608 3580 769 3634; x_wconf 84' lang='lat' dir='ltr'><strong>etiam</strong></span> <span class='ocrx_word' id='word_1_282' title='bbox 799 3578 1032 3643; x_wconf 87' lang='lat' dir='ltr'><strong>addidit,</strong></span> <span class='ocrx_word' id='word_1_283' title='bbox 1063 3578 1112 3631; x_wconf 92' lang='lat' dir='ltr'><strong>id</strong></span> <span class='ocrx_word' id='word_1_284' title='bbox 1145 3576 1283 3646; x_wconf 93' lang='lat' dir='ltr'><strong>quod</strong></span> <span class='ocrx_word' id='word_1_285' title='bbox 1312 3577 1470 3631; x_wconf 89' lang='lat' dir='ltr'><strong>etiam</strong></span> <span class='ocrx_word' id='word_1_286' title='bbox 1507 3585 1687 3645; x_wconf 91' lang='lat' dir='ltr'><strong>postea</strong></span> <span class='ocrx_word' id='word_1_287' title='bbox 1715 3574 1862 3629; x_wconf 91' lang='lat' dir='ltr'><strong>dicit.</strong></span> <span class='ocrx_word' id='word_1_288' title='bbox 1890 3575 1943 3631; x_wconf 71' lang='grc'><strong>4.</strong></span> <span class='ocrx_word' id='word_1_289' title='bbox 1974 3574 2042 3627; x_wconf 79' lang='lat' dir='ltr'><strong>Et</strong></span> 
     </span>
    </p>
   </div>
   <div class='ocr_carea' id='block_1_38' title="bbox 465 3667 2045 3737">
    <p class='ocr_par' dir='ltr' id='par_1_38' title="bbox 465 3667 2045 3737">
     <span class='ocr_line' id='line_1_38' title="bbox 465 3667 2045 3737; baseline -0.003 -11"><span class='ocrx_word' id='word_1_290' title='bbox 465 3687 760 3728; x_wconf 84' lang='lat' dir='ltr'><strong>convescens</strong></span> <span class='ocrx_word' id='word_1_291' title='bbox 786 3686 899 3723; x_wconf 88' lang='lat' dir='ltr'><strong>cum</strong></span> <span class='ocrx_word' id='word_1_292' title='bbox 926 3670 1047 3723; x_wconf 91' lang='lat' dir='ltr'><strong>illis.</strong></span> <span class='ocrx_word' id='word_1_293' title='bbox 1092 3669 1203 3723; x_wconf 88' lang='lat' dir='ltr'><strong>Hoc</strong></span> <span class='ocrx_word' id='word_1_294' title='bbox 1238 3677 1414 3722; x_wconf 89' lang='lat' dir='ltr'><strong>autem</strong></span> <span class='ocrx_word' id='word_1_295' title='bbox 1452 3667 1549 3737; x_wconf 89' lang='lat' dir='ltr'><strong>ipsi</strong></span> <span class='ocrx_word' id='word_1_296' title='bbox 1580 3667 1805 3737; x_wconf 86' lang='lat' dir='ltr'><strong>apostoli</strong></span> <span class='ocrx_word' id='word_1_297' title='bbox 1832 3682 2045 3736; x_wconf 90' lang='lat' dir='ltr'><strong>semper</strong></span> 
     </span>
    </p>
   </div>
   <div class='ocr_carea' id='block_1_39' title="bbox 469 3756 2042 3830">
    <p class='ocr_par' dir='ltr' id='par_1_39' title="bbox 469 3756 2042 3830">
     <span class='ocr_line' id='line_1_39' title="bbox 469 3756 2042 3830; baseline -0.004 -13"><span class='ocrx_word' id='word_1_298' title='bbox 469 3765 522 3819; x_wconf 90' lang='lat' dir='ltr'><strong>in</strong></span> <span class='ocrx_word' id='word_1_299' title='bbox 558 3761 965 3818; x_wconf 88' lang='lat' dir='ltr'><strong>resurrectionis</strong></span> <span class='ocrx_word' id='word_1_300' title='bbox 1001 3767 1370 3830; x_wconf 77' lang='lat' dir='ltr'><strong>argumentum</strong></span> <span class='ocrx_word' id='word_1_301' title='bbox 1411 3765 1750 3827; x_wconf 89' lang='lat' dir='ltr'><strong>sumpserunt</strong></span> <span class='ocrx_word' id='word_1_302' title='bbox 1785 3756 2042 3825; x_wconf 83' lang='lat' dir='ltr'><strong>dicentes,</strong></span> 
     </span>
    </p>
   </div>
   <div class='ocr_carea' id='block_1_40' title="bbox 474 3848 2045 3923">
    <p class='ocr_par' dir='ltr' id='par_1_40' title="bbox 474 3848 2045 3923">
     <span class='ocr_line' id='line_1_40' title="bbox 474 3848 2045 3923; baseline -0.004 -16"><span class='ocrx_word' id='word_1_303' title='bbox 474 3857 575 3923; x_wconf 82' lang='lat' dir='ltr'><strong>Qui</strong></span> <span class='ocrx_word' id='word_1_304' title='bbox 614 3853 1026 3907; x_wconf 83' lang='lat' dir='ltr'><strong>manducavimus</strong></span> <span class='ocrx_word' id='word_1_305' title='bbox 1055 3860 1099 3906; x_wconf 90' lang='lat' dir='ltr'><strong>et</strong></span> <span class='ocrx_word' id='word_1_306' title='bbox 1130 3851 1342 3904; x_wconf 90' lang='lat' dir='ltr'><strong>bibimus</strong></span> <span class='ocrx_word' id='word_1_307' title='bbox 1366 3866 1480 3903; x_wconf 84' lang='lat' dir='ltr'><strong>cum</strong></span> <span class='ocrx_word' id='word_1_308' title='bbox 1503 3849 1592 3902; x_wconf 86' lang='lat' dir='ltr'><strong>illo</strong></span> <span class='ocrx_word' id='word_1_309' title='bbox 1624 3848 1642 3920; x_wconf 94' lang='lat'>(</span> <span class='ocrx_word' id='word_1_310' title='bbox 1666 3850 1774 3901; x_wconf 73' lang='lat' dir='ltr'><strong>Act.</strong></span> <span class='ocrx_word' id='word_1_311' title='bbox 1803 3849 1889 3904; x_wconf 78' lang='grc'><strong>10.</strong></span> <span class='ocrx_word' id='word_1_312' title='bbox 1912 3849 1974 3903; x_wconf 78' lang='grc'><strong>41</strong></span> <span class='ocrx_word' id='word_1_313' title='bbox 2001 3851 2045 3918; x_wconf 92' lang='grc'><strong>).</strong></span> 
     </span>
    </p>
   </div>
   <div class='ocr_carea' id='block_1_41' title="bbox 472 3938 2049 4014">
    <p class='ocr_par' dir='ltr' id='par_1_41' title="bbox 472 3938 2049 4014">
     <span class='ocr_line' id='line_1_41' title="bbox 472 3938 2049 4014; baseline -0.005 -14"><span class='ocrx_word' id='word_1_314' title='bbox 472 3946 609 4014; x_wconf 84' lang='lat' dir='ltr'><strong>Quid</strong></span> <span class='ocrx_word' id='word_1_315' title='bbox 649 3956 826 3999; x_wconf 92' lang='lat' dir='ltr'><strong>autem</strong></span> <span class='ocrx_word' id='word_1_316' title='bbox 857 3957 1121 4012; x_wconf 86' lang='lat' dir='ltr'><strong>apparens</strong></span> <span class='ocrx_word' id='word_1_317' title='bbox 1148 3940 1366 4005; x_wconf 92' lang='lat' dir='ltr'><strong>fecerit,</strong></span> <span class='ocrx_word' id='word_1_318' title='bbox 1395 3955 1491 4009; x_wconf 91' lang='lat' dir='ltr'><strong>per</strong></span> <span class='ocrx_word' id='word_1_319' title='bbox 1514 3940 1787 4009; x_wconf 92' lang='lat' dir='ltr'><strong>sequentia</strong></span> <span class='ocrx_word' id='word_1_320' title='bbox 1814 3938 2049 3993; x_wconf 90' lang='lat' dir='ltr'><strong>ostendit</strong></span> 
     </span>
    </p>
   </div>
   <div class='ocr_carea' id='block_1_42' title="bbox 471 4028 2051 4104">
    <p class='ocr_par' dir='ltr' id='par_1_42' title="bbox 471 4028 2051 4104">
     <span class='ocr_line' id='line_1_42' title="bbox 471 4028 2051 4104; baseline -0.007 -12"><span class='ocrx_word' id='word_1_321' title='bbox 471 4038 656 4092; x_wconf 89' lang='lat' dir='ltr'><strong>dicens</strong></span> <span class='ocrx_word' id='word_1_322' title='bbox 683 4054 697 4090; x_wconf 89' lang='lat'>:</span> <span class='ocrx_word' id='word_1_323' title='bbox 727 4038 990 4104; x_wconf 77' lang='lat' dir='ltr'><strong>Apparens</strong></span> <span class='ocrx_word' id='word_1_324' title='bbox 1016 4032 1139 4099; x_wconf 81' lang='lat' dir='ltr'><strong>illis,</strong></span> <span class='ocrx_word' id='word_1_325' title='bbox 1171 4042 1215 4085; x_wconf 88' lang='lat' dir='ltr'><strong>et</strong></span> <span class='ocrx_word' id='word_1_326' title='bbox 1238 4032 1442 4101; x_wconf 88' lang='lat' dir='ltr'><strong>loquens</strong></span> <span class='ocrx_word' id='word_1_327' title='bbox 1472 4031 1534 4083; x_wconf 91' lang='lat' dir='ltr'><strong>de</strong></span> <span class='ocrx_word' id='word_1_328' title='bbox 1554 4045 1708 4099; x_wconf 87' lang='lat' dir='ltr'><strong>regno</strong></span> <span class='ocrx_word' id='word_1_329' title='bbox 1736 4028 1830 4082; x_wconf 87' lang='lat' dir='ltr'><strong>Dei</strong></span> <span class='ocrx_word' id='word_1_330' title='bbox 1848 4030 1885 4082; x_wconf 90' lang='grc'><strong>¹.</strong></span> <span class='ocrx_word' id='word_1_331' title='bbox 1915 4028 2051 4096; x_wconf 85' lang='lat' dir='ltr'><strong>Quia</strong></span> 
     </span>
    </p>
   </div>
   <div class='ocr_carea' id='block_1_43' title="bbox 474 4105 2051 4196">
    <p class='ocr_par' dir='ltr' id='par_1_43' title="bbox 474 4105 2051 4196">
     <span class='ocr_line' id='line_1_43' title="bbox 474 4105 2051 4196; baseline -0.005 -15"><span class='ocrx_word' id='word_1_332' title='bbox 474 4145 600 4184; x_wconf 78' lang='lat' dir='ltr'><strong>vero</strong></span> <span class='ocrx_word' id='word_1_333' title='bbox 624 4126 814 4196; x_wconf 85' lang='lat' dir='ltr'><strong>dejecti</strong></span> <span class='ocrx_word' id='word_1_334' title='bbox 845 4125 1037 4179; x_wconf 86' lang='lat' dir='ltr'><strong>animis</strong></span> <span class='ocrx_word' id='word_1_335' title='bbox 1065 4132 1236 4188; x_wconf 87' lang='lat' dir='ltr'><strong>erant,</strong></span> <span class='ocrx_word' id='word_1_336' title='bbox 1261 4131 1314 4177; x_wconf 93' lang='lat' dir='ltr'><strong>et</strong></span> <span class='ocrx_word' id='word_1_337' title='bbox 1344 4121 1535 4176; x_wconf 87' lang='lat' dir='ltr'><strong>turbati</strong></span> <span class='ocrx_word' id='word_1_338' title='bbox 1563 4121 1632 4175; x_wconf 93' lang='lat' dir='ltr'><strong>ob</strong></span> <span class='ocrx_word' id='word_1_339' title='bbox 1661 4135 1742 4185; x_wconf 89' lang='lat' dir='ltr'><strong>ea,</strong></span> <span class='ocrx_word' id='word_1_340' title='bbox 1771 4136 1888 4191; x_wconf 85' lang='lat' dir='ltr'><strong>quae</strong></span> <span class='ocrx_word' id='word_1_341' title='bbox 1914 4105 2051 4175; x_wconf 79' lang='lat' dir='ltr'><strong>facta</strong></span> 
     </span>
    </p>
   </div>
   <div class='ocr_carea' id='block_1_44' title="bbox 473 4210 2049 4287">
    <p class='ocr_par' dir='ltr' id='par_1_44' title="bbox 473 4210 2049 4287">
     <span class='ocr_line' id='line_1_44' title="bbox 473 4210 2049 4287; baseline -0.005 -14"><span class='ocrx_word' id='word_1_342' title='bbox 473 4219 719 4283; x_wconf 89' lang='lat' dir='ltr'><strong>fuerant,</strong></span> <span class='ocrx_word' id='word_1_343' title='bbox 754 4225 911 4287; x_wconf 88' lang='lat' dir='ltr'><strong>atque</strong></span> <span class='ocrx_word' id='word_1_344' title='bbox 936 4215 1001 4269; x_wconf 91' lang='lat' dir='ltr'><strong>ad</strong></span> <span class='ocrx_word' id='word_1_345' title='bbox 1033 4227 1221 4284; x_wconf 82' lang='lat' dir='ltr'><strong>magna</strong></span> <span class='ocrx_word' id='word_1_346' title='bbox 1248 4212 1500 4281; x_wconf 88' lang='lat' dir='ltr'><strong>deinceps</strong></span> <span class='ocrx_word' id='word_1_347' title='bbox 1529 4210 1721 4266; x_wconf 83' lang='lat' dir='ltr'><strong>exituri</strong></span> <span class='ocrx_word' id='word_1_348' title='bbox 1752 4218 1903 4264; x_wconf 90' lang='lat' dir='ltr'><strong>erant</strong></span> <span class='ocrx_word' id='word_1_349' title='bbox 1927 4225 2049 4265; x_wconf 91' lang='lat' dir='ltr'><strong>cer-</strong></span> 
     </span>
    </p>
   </div>
   <div class='ocr_carea' id='block_1_45' title="bbox 475 4302 2048 4375">
    <p class='ocr_par' dir='ltr' id='par_1_45' title="bbox 475 4302 2048 4375">
     <span class='ocr_line' id='line_1_45' title="bbox 475 4302 2048 4375; baseline -0.004 -10"><span class='ocrx_word' id='word_1_350' title='bbox 475 4312 667 4365; x_wconf 90' lang='lat' dir='ltr'><strong>tamina</strong></span> <span class='ocrx_word' id='word_1_351' title='bbox 693 4350 707 4375; x_wconf 94' lang='lat'><strong>,</strong></span> <span class='ocrx_word' id='word_1_352' title='bbox 748 4323 996 4364; x_wconf 85' lang='lat' dir='ltr'><strong>sermone</strong></span> <span class='ocrx_word' id='word_1_353' title='bbox 1029 4307 1169 4363; x_wconf 88' lang='lat' dir='ltr'><strong>circa</strong></span> <span class='ocrx_word' id='word_1_354' title='bbox 1201 4306 1372 4360; x_wconf 91' lang='lat' dir='ltr'><strong>futura</strong></span> <span class='ocrx_word' id='word_1_355' title='bbox 1401 4303 1583 4359; x_wconf 86' lang='lat' dir='ltr'><strong>habito</strong></span> <span class='ocrx_word' id='word_1_356' title='bbox 1614 4318 1861 4358; x_wconf 89' lang='lat' dir='ltr'><strong>recreans</strong></span> <span class='ocrx_word' id='word_1_357' title='bbox 1891 4302 2048 4369; x_wconf 85' lang='lat' dir='ltr'><strong>illos,</strong></span> 
     </span>
    </p>
   </div>
   <div class='ocr_carea' id='block_1_46' title="bbox 474 4394 2053 4470">
    <p class='ocr_par' dir='ltr' id='par_1_46' title="bbox 474 4394 2053 4470">
     <span class='ocr_line' id='line_1_46' title="bbox 474 4394 2053 4470; baseline -0.007 -14"><span class='ocrx_word' id='word_1_358' title='bbox 474 4401 723 4470; x_wconf 68' lang='lat' dir='ltr'><strong>Precepit</strong></span> <span class='ocrx_word' id='word_1_359' title='bbox 746 4401 807 4453; x_wconf 87' lang='lat' dir='ltr'><strong>ab</strong></span> <span class='ocrx_word' id='word_1_360' title='bbox 826 4398 1159 4468; x_wconf 78' lang='lat' dir='ltr'><strong>Jerosolymis</strong></span> <span class='ocrx_word' id='word_1_361' title='bbox 1180 4414 1240 4450; x_wconf 90' lang='lat' dir='ltr'><strong>ne</strong></span> <span class='ocrx_word' id='word_1_362' title='bbox 1258 4396 1585 4457; x_wconf 75' lang='lat' dir='ltr'><strong>discederent,</strong></span> <span class='ocrx_word' id='word_1_363' title='bbox 1604 4394 1692 4448; x_wconf 88' lang='lat' dir='ltr'><strong>sed</strong></span> <span class='ocrx_word' id='word_1_364' title='bbox 1711 4400 2053 4463; x_wconf 73' lang='lat' dir='ltr'><strong>exspectarent</strong></span> 
     </span>
    </p>
   </div>
   <div class='ocr_carea' id='block_1_47' title="bbox 474 4482 2055 4561">
    <p class='ocr_par' dir='ltr' id='par_1_47' title="bbox 474 4482 2055 4561">
     <span class='ocr_line' id='line_1_47' title="bbox 474 4482 2055 4561; baseline -0.008 -15"><span class='ocrx_word' id='word_1_365' title='bbox 474 4492 854 4561; x_wconf 75' lang='lat' dir='ltr'><strong>promissionem</strong></span> <span class='ocrx_word' id='word_1_366' title='bbox 894 4487 1088 4541; x_wconf 84' lang='lat' dir='ltr'><strong>Putris.</strong></span> <span class='ocrx_word' id='word_1_367' title='bbox 1129 4486 1309 4539; x_wconf 89' lang='lat' dir='ltr'><strong>Primo</strong></span> <span class='ocrx_word' id='word_1_368' title='bbox 1357 4486 1411 4536; x_wconf 90' lang='lat' dir='ltr'><strong>in</strong></span> <span class='ocrx_word' id='word_1_369' title='bbox 1451 4483 1723 4537; x_wconf 61' lang='lat' dir='ltr'><strong>Galilaeam</strong></span> <span class='ocrx_word' id='word_1_370' title='bbox 1760 4482 2055 4536; x_wconf 84' lang='lat' dir='ltr'><strong>deduxerat</strong></span> 
     </span>
    </p>
   </div>
   <div class='ocr_carea' id='block_1_48' title="bbox 474 4569 2054 4637">
    <p class='ocr_par' dir='ltr' id='par_1_48' title="bbox 474 4569 2054 4637">
     <span class='ocr_line' id='line_1_48' title="bbox 474 4569 2054 4637; baseline -0.008 -1"><span class='ocrx_word' id='word_1_371' title='bbox 474 4597 568 4637; x_wconf 90' lang='lat' dir='ltr'><strong>eos</strong></span> <span class='ocrx_word' id='word_1_372' title='bbox 593 4579 767 4632; x_wconf 91' lang='lat' dir='ltr'><strong>adhuc</strong></span> <span class='ocrx_word' id='word_1_373' title='bbox 787 4576 1137 4631; x_wconf 90' lang='lat' dir='ltr'><strong>formidantes</strong></span> <span class='ocrx_word' id='word_1_374' title='bbox 1163 4585 1212 4627; x_wconf 93' lang='lat' dir='ltr'><strong>et</strong></span> <span class='ocrx_word' id='word_1_375' title='bbox 1241 4581 1549 4633; x_wconf 89' lang='lat' dir='ltr'><strong>trementes,</strong></span> <span class='ocrx_word' id='word_1_376' title='bbox 1576 4578 1635 4622; x_wconf 92' lang='lat' dir='ltr'><strong>ut</strong></span> <span class='ocrx_word' id='word_1_377' title='bbox 1659 4583 1780 4621; x_wconf 92' lang='lat' dir='ltr'><strong>cum</strong></span> <span class='ocrx_word' id='word_1_378' title='bbox 1810 4569 2054 4623; x_wconf 84' lang='lat' dir='ltr'><strong>libertate</strong></span> 
     </span>
    </p>
   </div>
   <div class='ocr_carea' id='block_1_49' title="bbox 475 4657 2057 4728">
    <p class='ocr_par' dir='ltr' id='par_1_49' title="bbox 475 4657 2057 4728">
     <span class='ocr_line' id='line_1_49' title="bbox 475 4657 2057 4728; baseline -0.008 -3"><span class='ocrx_word' id='word_1_379' title='bbox 475 4671 615 4725; x_wconf 90' lang='lat' dir='ltr'><strong>dicta</strong></span> <span class='ocrx_word' id='word_1_380' title='bbox 645 4668 908 4721; x_wconf 86' lang='lat' dir='ltr'><strong>audirent.</strong></span> <span class='ocrx_word' id='word_1_381' title='bbox 944 4664 1143 4719; x_wconf 89' lang='lat' dir='ltr'><strong>Deinde</strong></span> <span class='ocrx_word' id='word_1_382' title='bbox 1170 4678 1290 4717; x_wconf 91' lang='lat' dir='ltr'><strong>cum</strong></span> <span class='ocrx_word' id='word_1_383' title='bbox 1317 4660 1607 4721; x_wconf 86' lang='lat' dir='ltr'><strong>audissent,</strong></span> <span class='ocrx_word' id='word_1_384' title='bbox 1654 4667 1707 4713; x_wconf 90' lang='lat' dir='ltr'><strong>et</strong></span> <span class='ocrx_word' id='word_1_385' title='bbox 1750 4658 1802 4712; x_wconf 91' lang='lat' dir='ltr'><strong>in</strong></span> <span class='ocrx_word' id='word_1_386' title='bbox 1838 4657 1922 4713; x_wconf 89' lang='lat' dir='ltr'><strong>his</strong></span> <span class='ocrx_word' id='word_1_387' title='bbox 1961 4673 2057 4728; x_wconf 89' lang='lat' dir='ltr'><strong>per</strong></span> 
     </span>
    </p>
   </div>
   <div class='ocr_carea' id='block_1_50' title="bbox 478 4748 2057 4832">
    <p class='ocr_par' dir='ltr' id='par_1_50' title="bbox 478 4748 2057 4832">
     <span class='ocr_line' id='line_1_50' title="bbox 478 4748 2057 4832; baseline -0.006 -19"><span class='ocrx_word' id='word_1_388' title='bbox 478 4758 826 4832; x_wconf 81' lang='lat' dir='ltr'><strong>quadraginta</strong></span> <span class='ocrx_word' id='word_1_389' title='bbox 856 4756 970 4811; x_wconf 89' lang='lat' dir='ltr'><strong>dies</strong></span> <span class='ocrx_word' id='word_1_390' title='bbox 999 4760 1180 4810; x_wconf 88' lang='lat' dir='ltr'><strong>essent</strong></span> <span class='ocrx_word' id='word_1_391' title='bbox 1209 4752 1422 4816; x_wconf 77' lang='lat' dir='ltr'><strong>versati,</strong></span> <span class='ocrx_word' id='word_1_392' title='bbox 1448 4750 1700 4818; x_wconf 79' lang='lat' dir='ltr'><strong>Prtecepit</strong></span> <span class='ocrx_word' id='word_1_393' title='bbox 1724 4749 1794 4801; x_wconf 85' lang='lat' dir='ltr'><strong>eis</strong></span> <span class='ocrx_word' id='word_1_394' title='bbox 1820 4749 1883 4802; x_wconf 89' lang='lat' dir='ltr'><strong>ab</strong></span> <span class='ocrx_word' id='word_1_395' title='bbox 1908 4748 2057 4803; x_wconf 88' lang='lat' dir='ltr'><strong>.Iero-</strong></span> 
     </span>
    </p>
   </div>
   <div class='ocr_carea' id='block_1_51' title="bbox 477 4840 2055 4922">
    <p class='ocr_par' dir='ltr' id='par_1_51' title="bbox 477 4840 2055 4922">
     <span class='ocr_line' id='line_1_51' title="bbox 477 4840 2055 4922; baseline -0.009 -14"><span class='ocrx_word' id='word_1_396' title='bbox 477 4852 685 4922; x_wconf 77' lang='lat' dir='ltr'><strong>solynu’s</strong></span> <span class='ocrx_word' id='word_1_397' title='bbox 708 4866 771 4904; x_wconf 85' lang='lat' dir='ltr'><strong>ne</strong></span> <span class='ocrx_word' id='word_1_398' title='bbox 790 4848 1116 4902; x_wconf 80' lang='lat' dir='ltr'><strong>discederent.</strong></span> <span class='ocrx_word' id='word_1_399' title='bbox 1148 4844 1354 4912; x_wconf 87' lang='lat' dir='ltr'><strong>Quare?</strong></span> <span class='ocrx_word' id='word_1_400' title='bbox 1383 4844 1528 4899; x_wconf 90' lang='lat' dir='ltr'><strong>Sicut</strong></span> <span class='ocrx_word' id='word_1_401' title='bbox 1556 4841 1751 4896; x_wconf 90' lang='lat' dir='ltr'><strong>milites</strong></span> <span class='ocrx_word' id='word_1_402' title='bbox 1772 4840 1825 4894; x_wconf 92' lang='lat' dir='ltr'><strong>in</strong></span> <span class='ocrx_word' id='word_1_403' title='bbox 1847 4840 2055 4910; x_wconf 82' lang='lat' dir='ltr'><strong>agmina</strong></span> 
     </span>
    </p>
   </div>
   <div class='ocr_carea' id='block_1_52' title="bbox 480 4931 2052 5013">
    <p class='ocr_par' dir='ltr' id='par_1_52' title="bbox 480 4931 2052 5013">
     <span class='ocr_line' id='line_1_52' title="bbox 480 4931 2052 5013; baseline -0.01 -14"><span class='ocrx_word' id='word_1_404' title='bbox 480 4947 777 5013; x_wconf 76' lang='lat' dir='ltr'><strong>irrupturos</strong></span> <span class='ocrx_word' id='word_1_405' title='bbox 818 4955 974 4995; x_wconf 89' lang='lat' dir='ltr'><strong>nemo</strong></span> <span class='ocrx_word' id='word_1_406' title='bbox 1021 4939 1145 4993; x_wconf 90' lang='lat' dir='ltr'><strong>sinit</strong></span> <span class='ocrx_word' id='word_1_407' title='bbox 1190 4937 1358 5001; x_wconf 81' lang='lat' dir='ltr'><strong>exire,</strong></span> <span class='ocrx_word' id='word_1_408' title='bbox 1397 4935 1570 4990; x_wconf 91' lang='lat' dir='ltr'><strong>donec</strong></span> <span class='ocrx_word' id='word_1_409' title='bbox 1603 4932 1791 4987; x_wconf 87' lang='lat' dir='ltr'><strong>armati</strong></span> <span class='ocrx_word' id='word_1_410' title='bbox 1836 4931 2052 4999; x_wconf 90' lang='lat' dir='ltr'><strong>fuerint,</strong></span> 
     </span>
    </p>
   </div>
   <div class='ocr_carea' id='block_1_53' title="bbox 480 5024 2056 5106">
    <p class='ocr_par' dir='ltr' id='par_1_53' title="bbox 480 5024 2056 5106">
     <span class='ocr_line' id='line_1_53' title="bbox 480 5024 2056 5106; baseline -0.008 -16"><span class='ocrx_word' id='word_1_411' title='bbox 480 5050 656 5106; x_wconf 85' lang='lat' dir='ltr'><strong>neque</strong></span> <span class='ocrx_word' id='word_1_412' title='bbox 686 5046 852 5101; x_wconf 87' lang='lat' dir='ltr'><strong>equos</strong></span> <span class='ocrx_word' id='word_1_413' title='bbox 881 5046 949 5085; x_wconf 88' lang='lat' dir='ltr'><strong>ex</strong></span> <span class='ocrx_word' id='word_1_414' title='bbox 978 5044 1194 5084; x_wconf 88' lang='lat' dir='ltr'><strong>carcere</strong></span> <span class='ocrx_word' id='word_1_415' title='bbox 1220 5028 1455 5090; x_wconf 78' lang='lat' dir='ltr'><strong>exsilire,</strong></span> <span class='ocrx_word' id='word_1_416' title='bbox 1486 5024 1791 5096; x_wconf 90' lang='lat' dir='ltr'><strong>priusquam</strong></span> <span class='ocrx_word' id='word_1_417' title='bbox 1821 5024 2056 5094; x_wconf 79' lang='lat' dir='ltr'><strong>aurigam</strong></span> 
     </span>
    </p>
   </div>
   <div class='ocr_carea' id='block_1_54' title="bbox 480 5116 2059 5193">
    <p class='ocr_par' dir='ltr' id='par_1_54' title="bbox 480 5116 2059 5193">
     <span class='ocr_line' id='line_1_54' title="bbox 480 5116 2059 5193; baseline -0.009 -10"><span class='ocrx_word' id='word_1_418' title='bbox 480 5130 618 5183; x_wconf 87' lang='lat' dir='ltr'><strong>nacti</strong></span> <span class='ocrx_word' id='word_1_419' title='bbox 660 5128 768 5181; x_wconf 89' lang='lat' dir='ltr'><strong>sint</strong></span> <span class='ocrx_word' id='word_1_420' title='bbox 794 5142 806 5177; x_wconf 93' lang='lat'>:</span> <span class='ocrx_word' id='word_1_421' title='bbox 835 5124 913 5178; x_wconf 90' lang='lat' dir='ltr'><strong>sic</strong></span> <span class='ocrx_word' id='word_1_422' title='bbox 954 5137 1126 5193; x_wconf 92' lang='lat' dir='ltr'><strong>neque</strong></span> <span class='ocrx_word' id='word_1_423' title='bbox 1170 5122 1288 5176; x_wconf 92' lang='lat' dir='ltr'><strong>illos</strong></span> <span class='ocrx_word' id='word_1_424' title='bbox 1328 5130 1450 5174; x_wconf 88' lang='lat' dir='ltr'><strong>ante</strong></span> <span class='ocrx_word' id='word_1_425' title='bbox 1490 5118 1777 5173; x_wconf 85' lang='lat' dir='ltr'><strong>adventum</strong></span> <span class='ocrx_word' id='word_1_426' title='bbox 1825 5116 2059 5186; x_wconf 89' lang='lat' dir='ltr'><strong>Spiritus</strong></span> 
     </span>
    </p>
   </div>
   <div class='ocr_carea' id='block_1_55' title="bbox 481 5206 2058 5283">
    <p class='ocr_par' dir='ltr' id='par_1_55' title="bbox 481 5206 2058 5283">
     <span class='ocr_line' id='line_1_55' title="bbox 481 5206 2058 5283; baseline -0.01 -8"><span class='ocrx_word' id='word_1_427' title='bbox 481 5219 651 5275; x_wconf 81' lang='lat' dir='ltr'><strong>sancti</strong></span> <span class='ocrx_word' id='word_1_428' title='bbox 680 5219 731 5271; x_wconf 93' lang='lat' dir='ltr'><strong>in</strong></span> <span class='ocrx_word' id='word_1_429' title='bbox 760 5217 873 5270; x_wconf 84' lang='lat' dir='ltr'><strong>acie</strong></span> <span class='ocrx_word' id='word_1_430' title='bbox 902 5228 1213 5283; x_wconf 89' lang='lat' dir='ltr'><strong>comparere</strong></span> <span class='ocrx_word' id='word_1_431' title='bbox 1242 5211 1515 5282; x_wconf 90' lang='lat' dir='ltr'><strong>permisit,</strong></span> <span class='ocrx_word' id='word_1_432' title='bbox 1549 5224 1617 5264; x_wconf 90' lang='lat' dir='ltr'><strong>ne</strong></span> <span class='ocrx_word' id='word_1_433' title='bbox 1644 5207 1801 5263; x_wconf 90' lang='lat' dir='ltr'><strong>facile</strong></span> <span class='ocrx_word' id='word_1_434' title='bbox 1820 5222 1849 5262; x_wconf 90' lang='lat' dir='ltr'><strong>a</strong></span> <span class='ocrx_word' id='word_1_435' title='bbox 1877 5206 2058 5261; x_wconf 90' lang='lat' dir='ltr'><strong>multis</strong></span> 
     </span>
    </p>
   </div>
   <div class='ocr_carea' id='block_1_56' title="bbox 482 5298 2058 5381">
    <p class='ocr_par' dir='ltr' id='par_1_56' title="bbox 482 5298 2058 5381">
     <span class='ocr_line' id='line_1_56' title="bbox 482 5298 2058 5381; baseline -0.009 -12"><span class='ocrx_word' id='word_1_436' title='bbox 482 5320 832 5381; x_wconf 84' lang='lat' dir='ltr'><strong>caperentur.</strong></span> <span class='ocrx_word' id='word_1_437' title='bbox 859 5308 1043 5377; x_wconf 88' lang='lat' dir='ltr'><strong>Neque</strong></span> <span class='ocrx_word' id='word_1_438' title='bbox 1073 5313 1352 5377; x_wconf 86' lang='lat' dir='ltr'><strong>propterea</strong></span> <span class='ocrx_word' id='word_1_439' title='bbox 1382 5311 1606 5367; x_wconf 91' lang='lat' dir='ltr'><strong>tantum,</strong></span> <span class='ocrx_word' id='word_1_440' title='bbox 1636 5300 1729 5355; x_wconf 90' lang='lat' dir='ltr'><strong>sed</strong></span> <span class='ocrx_word' id='word_1_441' title='bbox 1756 5300 1879 5370; x_wconf 88' lang='lat' dir='ltr'><strong>quia</strong></span> <span class='ocrx_word' id='word_1_442' title='bbox 1905 5298 2058 5355; x_wconf 88' lang='lat' dir='ltr'><strong>multi</strong></span> 
     </span>
    </p>
   </div>
   <div class='ocr_carea' id='block_1_57' title="bbox 483 5390 2059 5462">
    <p class='ocr_par' dir='ltr' id='par_1_57' title="bbox 483 5390 2059 5462">
     <span class='ocr_line' id='line_1_57' title="bbox 483 5390 2059 5462; baseline -0.01 -3"><span class='ocrx_word' id='word_1_443' title='bbox 483 5411 640 5459; x_wconf 90' lang='lat' dir='ltr'><strong>erant</strong></span> <span class='ocrx_word' id='word_1_444' title='bbox 682 5401 790 5456; x_wconf 90' lang='lat' dir='ltr'><strong>illic</strong></span> <span class='ocrx_word' id='word_1_445' title='bbox 831 5398 1108 5456; x_wconf 89' lang='lat' dir='ltr'><strong>credituri.</strong></span> <span class='ocrx_word' id='word_1_446' title='bbox 1142 5396 1219 5452; x_wconf 80' lang='lat' dir='ltr'><strong>Ad</strong></span> <span class='ocrx_word' id='word_1_447' title='bbox 1249 5395 1363 5450; x_wconf 61' lang='lat' dir='ltr'><strong>haec</strong></span> <span class='ocrx_word' id='word_1_448' title='bbox 1388 5408 1545 5457; x_wconf 89' lang='lat' dir='ltr'><strong>vero,</strong></span> <span class='ocrx_word' id='word_1_449' title='bbox 1575 5407 1642 5448; x_wconf 93' lang='lat' dir='ltr'><strong>ne</strong></span> <span class='ocrx_word' id='word_1_450' title='bbox 1667 5390 1881 5462; x_wconf 92' lang='lat' dir='ltr'><strong>quidam</strong></span> <span class='ocrx_word' id='word_1_451' title='bbox 1907 5390 2059 5445; x_wconf 89' lang='lat' dir='ltr'><strong>dice-</strong></span> 
     </span>
    </p>
   </div>
   <div class='ocr_carea' id='block_1_58' title="bbox 484 5484 2060 5567">
    <p class='ocr_par' dir='ltr' id='par_1_58' title="bbox 484 5484 2060 5567">
     <span class='ocr_line' id='line_1_58' title="bbox 484 5484 2060 5567; baseline -0.008 -15"><span class='ocrx_word' id='word_1_452' title='bbox 484 5506 605 5553; x_wconf 85' lang='lat' dir='ltr'><strong>rent</strong></span> <span class='ocrx_word' id='word_1_453' title='bbox 630 5498 793 5567; x_wconf 88' lang='lat' dir='ltr'><strong>ipsos,</strong></span> <span class='ocrx_word' id='word_1_454' title='bbox 822 5494 999 5550; x_wconf 87' lang='lat' dir='ltr'><strong>missis</strong></span> <span class='ocrx_word' id='word_1_455' title='bbox 1024 5492 1164 5550; x_wconf 87' lang='lat' dir='ltr'><strong>notis</strong></span> <span class='ocrx_word' id='word_1_456' title='bbox 1191 5501 1244 5547; x_wconf 92' lang='lat' dir='ltr'><strong>et</strong></span> <span class='ocrx_word' id='word_1_457' title='bbox 1272 5486 1657 5546; x_wconf 85' lang='lat' dir='ltr'><strong>contribulibus</strong></span> <span class='ocrx_word' id='word_1_458' title='bbox 1694 5486 1807 5542; x_wconf 89' lang='lat' dir='ltr'><strong>suis</strong></span> <span class='ocrx_word' id='word_1_459' title='bbox 1826 5525 1839 5551; x_wconf 88' lang='lat'><strong>,</strong></span> <span class='ocrx_word' id='word_1_460' title='bbox 1868 5484 1935 5540; x_wconf 92' lang='lat' dir='ltr'><strong>ad</strong></span> <span class='ocrx_word' id='word_1_461' title='bbox 1960 5499 2060 5540; x_wconf 88' lang='lat' dir='ltr'><strong>ex-</strong></span> 
     </span>
    </p>
   </div>
   <div class='ocr_carea' id='block_1_59' title="bbox 548 5634 2058 5709">
    <p class='ocr_par' dir='ltr' id='par_1_59' title="bbox 548 5634 2058 5709">
     <span class='ocr_line' id='line_1_59' title="bbox 548 5634 2058 5709; baseline -0.007 -12"><span class='ocrx_word' id='word_1_462' title='bbox 548 5650 567 5682; x_wconf 76' lang='grc'><strong>⁸</strong></span> <span class='ocrx_word' id='word_1_463' title='bbox 602 5646 737 5697; x_wconf 76' lang='lat' dir='ltr'><strong>Alius</strong></span> <span class='ocrx_word' id='word_1_464' title='bbox 767 5646 890 5709; x_wconf 77' lang='lat' dir='ltr'><strong>legit</strong></span> <span class='ocrx_word' id='word_1_465' title='bbox 906 5658 942 5709; x_wconf 92' lang='lat'><strong>_:</strong></span> <span class='ocrx_word' id='word_1_466' title='bbox 983 5643 1105 5709; x_wconf 74' lang='lat' dir='ltr'><strong>Quid</strong></span> <span class='ocrx_word' id='word_1_467' title='bbox 1126 5650 1287 5709; x_wconf 80' lang='lat' dir='ltr'><strong>autem</strong></span> <span class='ocrx_word' id='word_1_468' title='bbox 1310 5637 1477 5704; x_wconf 82' lang='lat' dir='ltr'><strong>fecerit</strong></span> <span class='ocrx_word' id='word_1_469' title='bbox 1500 5652 1585 5702; x_wconf 89' lang='lat' dir='ltr'><strong>per</strong></span> <span class='ocrx_word' id='word_1_470' title='bbox 1609 5636 1931 5704; x_wconf 78' lang='lat' dir='ltr'><strong>quadraginta</strong></span> <span class='ocrx_word' id='word_1_471' title='bbox 1953 5634 2058 5688; x_wconf 76' lang='lat' dir='ltr'><strong>dies</strong></span> 
     </span>
    </p>
   </div>
   <div class='ocr_carea' id='block_1_60' title="bbox 485 5704 1558 5775">
    <p class='ocr_par' dir='ltr' id='par_1_60' title="bbox 485 5704 1558 5775">
     <span class='ocr_line' id='line_1_60' title="bbox 485 5704 1558 5775; baseline -0.007 -18"><span class='ocrx_word' id='word_1_472' title='bbox 485 5720 726 5775; x_wconf 76' lang='lat' dir='ltr'><strong>apparens</strong></span> <span class='ocrx_word' id='word_1_473' title='bbox 753 5704 877 5762; x_wconf 62' lang='lat' dir='ltr'><strong>eis&#39;?</strong></span> <span class='ocrx_word' id='word_1_474' title='bbox 898 5704 1176 5771; x_wconf 77' lang='lat' dir='ltr'><strong>loquebatur</strong></span> <span class='ocrx_word' id='word_1_475' title='bbox 1199 5704 1261 5757; x_wconf 85' lang='lat' dir='ltr'><strong>de</strong></span> <span class='ocrx_word' id='word_1_476' title='bbox 1283 5714 1429 5770; x_wconf 82' lang='lat' dir='ltr'><strong>regno</strong></span> <span class='ocrx_word' id='word_1_477' title='bbox 1452 5709 1558 5751; x_wconf 78' lang='grc' dir='ltr'><strong>υει.</strong></span> 
     </span>
    </p>
   </div>
   <div class='ocr_carea' id='block_1_61' title="bbox 3660 264 3750 322">
    <p class='ocr_par' dir='ltr' id='par_1_61' title="bbox 3660 264 3750 322">
     <span class='ocr_line' id='line_1_61' title="bbox 3660 264 3750 322; baseline 0.044 -4"><span class='ocrx_word' id='word_1_478' title='bbox 3660 264 3750 322; x_wconf 72' lang='lat'><strong>20</strong></span> 
     </span>
    </p>
   </div>
   <div class='ocr_carea' id='block_1_62' title="bbox 2099 381 3745 454">
    <p class='ocr_par' dir='ltr' id='par_1_62' title="bbox 2099 381 3745 454">
     <span class='ocr_line' id='line_1_62' title="bbox 2099 381 3745 454; baseline 0.007 -26"><span class='ocrx_word' id='word_1_479' title='bbox 2099 385 2316 433; x_wconf 78' lang='lat' dir='ltr'><strong>traneos</strong></span> <span class='ocrx_word' id='word_1_480' title='bbox 2359 381 2732 436; x_wconf 84' lang='lat' dir='ltr'><strong>ostentationis</strong></span> <span class='ocrx_word' id='word_1_481' title='bbox 2776 395 2935 435; x_wconf 89' lang='lat' dir='ltr'><strong>causa</strong></span> <span class='ocrx_word' id='word_1_482' title='bbox 2981 381 3272 452; x_wconf 82' lang='lat' dir='ltr'><strong>migrasse;</strong></span> <span class='ocrx_word' id='word_1_483' title='bbox 3314 381 3515 437; x_wconf 89' lang='lat' dir='ltr'><strong>idcirco</strong></span> <span class='ocrx_word' id='word_1_484' title='bbox 3561 386 3745 454; x_wconf 85' lang='lat' dir='ltr'><strong>apud</strong></span> 
     </span>
    </p>
   </div>
   <div class='ocr_carea' id='block_1_63' title="bbox 2104 471 3742 555">
    <p class='ocr_par' dir='ltr' id='par_1_63' title="bbox 2104 471 3742 555">
     <span class='ocr_line' id='line_1_63' title="bbox 2104 471 3742 555; baseline 0.004 -31"><span class='ocrx_word' id='word_1_485' title='bbox 2104 485 2197 524; x_wconf 90' lang='lat' dir='ltr'><strong>eos</strong></span> <span class='ocrx_word' id='word_1_486' title='bbox 2229 471 2391 540; x_wconf 90' lang='lat' dir='ltr'><strong>ipsos,</strong></span> <span class='ocrx_word' id='word_1_487' title='bbox 2430 472 2519 555; x_wconf 75' lang='lat' dir='ltr'><strong>qui</strong></span> <span class='ocrx_word' id='word_1_488' title='bbox 2551 472 2736 527; x_wconf 83' lang='lat' dir='ltr'><strong>Jesum</strong></span> <span class='ocrx_word' id='word_1_489' title='bbox 2772 473 3125 540; x_wconf 90' lang='lat' dir='ltr'><strong>occiderant,</strong></span> <span class='ocrx_word' id='word_1_490' title='bbox 3155 474 3307 545; x_wconf 86' lang='lat' dir='ltr'><strong>signa</strong></span> <span class='ocrx_word' id='word_1_491' title='bbox 3338 477 3595 545; x_wconf 63' lang='lat' dir='ltr'><strong>praebent</strong></span> <span class='ocrx_word' id='word_1_492' title='bbox 3630 494 3742 531; x_wconf 84' lang='lat' dir='ltr'><strong>rc-</strong></span> 
     </span>
    </p>
   </div>
   <div class='ocr_carea' id='block_1_64' title="bbox 2104 561 3744 639">
    <p class='ocr_par' dir='ltr' id='par_1_64' title="bbox 2104 561 3744 639">
     <span class='ocr_line' id='line_1_64' title="bbox 2104 561 3744 639; baseline 0.005 -25"><span class='ocrx_word' id='word_1_493' title='bbox 2104 561 2469 628; x_wconf 89' lang='lat' dir='ltr'><strong>surrectiouis,</strong></span> <span class='ocrx_word' id='word_1_494' title='bbox 2493 563 2634 632; x_wconf 88' lang='lat' dir='ltr'><strong>apud</strong></span> <span class='ocrx_word' id='word_1_495' title='bbox 2662 579 2777 630; x_wconf 88' lang='lat' dir='ltr'><strong>eos,</strong></span> <span class='ocrx_word' id='word_1_496' title='bbox 2802 563 3040 634; x_wconf 91' lang='lat' dir='ltr'><strong>inquam,</strong></span> <span class='ocrx_word' id='word_1_497' title='bbox 3069 566 3157 636; x_wconf 87' lang='lat' dir='ltr'><strong>qui</strong></span> <span class='ocrx_word' id='word_1_498' title='bbox 3180 567 3595 635; x_wconf 87' lang='lat' dir='ltr'><strong>crueilixerant,</strong></span> <span class='ocrx_word' id='word_1_499' title='bbox 3625 569 3744 639; x_wconf 88' lang='lat' dir='ltr'><strong>qui</strong></span> 
     </span>
    </p>
   </div>
   <div class='ocr_carea' id='block_1_65' title="bbox 2108 652 3744 728">
    <p class='ocr_par' dir='ltr' id='par_1_65' title="bbox 2108 652 3744 728">
     <span class='ocr_line' id='line_1_65' title="bbox 2108 652 3744 728; baseline 0.006 -23"><span class='ocrx_word' id='word_1_500' title='bbox 2108 652 2424 721; x_wconf 85' lang='lat' dir='ltr'><strong>sepelierant</strong></span> <span class='ocrx_word' id='word_1_501' title='bbox 2450 693 2466 720; x_wconf 95' lang='lat'><strong>,</strong></span> <span class='ocrx_word' id='word_1_502' title='bbox 2500 653 2553 707; x_wconf 91' lang='lat' dir='ltr'><strong>in</strong></span> <span class='ocrx_word' id='word_1_503' title='bbox 2584 654 2696 723; x_wconf 89' lang='lat' dir='ltr'><strong>ipsa</strong></span> <span class='ocrx_word' id='word_1_504' title='bbox 2720 654 2854 710; x_wconf 87' lang='lat' dir='ltr'><strong>urbe</strong></span> <span class='ocrx_word' id='word_1_505' title='bbox 2885 656 2970 711; x_wconf 89' lang='lat' dir='ltr'><strong>ubi</strong></span> <span class='ocrx_word' id='word_1_506' title='bbox 3001 654 3206 711; x_wconf 86' lang='lat' dir='ltr'><strong>facinus</strong></span> <span class='ocrx_word' id='word_1_507' title='bbox 3248 658 3468 727; x_wconf 90' lang='lat' dir='ltr'><strong>impium</strong></span> <span class='ocrx_word' id='word_1_508' title='bbox 3512 667 3744 728; x_wconf 79' lang='lat' dir='ltr'><strong>patra-</strong></span> 
     </span>
    </p>
   </div>
   <div class='ocr_carea' id='block_1_66' title="bbox 2114 744 3745 811">
    <p class='ocr_par' dir='ltr' id='par_1_66' title="bbox 2114 744 3745 811">
     <span class='ocr_line' id='line_1_66' title="bbox 2114 744 3745 811; baseline 0.006 -12"><span class='ocrx_word' id='word_1_509' title='bbox 2114 752 2222 799; x_wconf 90' lang='lat' dir='ltr'><strong>tum</strong></span> <span class='ocrx_word' id='word_1_510' title='bbox 2256 744 2458 811; x_wconf 90' lang='lat' dir='ltr'><strong>fuerat;</strong></span> <span class='ocrx_word' id='word_1_511' title='bbox 2492 746 2560 800; x_wconf 89' lang='lat' dir='ltr'><strong>ita</strong></span> <span class='ocrx_word' id='word_1_512' title='bbox 2593 758 2651 801; x_wconf 91' lang='lat' dir='ltr'><strong>ut</strong></span> <span class='ocrx_word' id='word_1_513' title='bbox 2684 749 2926 803; x_wconf 78' lang='lat' dir='ltr'><strong>extranei</strong></span> <span class='ocrx_word' id='word_1_514' title='bbox 2954 764 3143 804; x_wconf 90' lang='lat' dir='ltr'><strong>omnes</strong></span> <span class='ocrx_word' id='word_1_515' title='bbox 3171 749 3295 805; x_wconf 91' lang='lat' dir='ltr'><strong>hinc</strong></span> <span class='ocrx_word' id='word_1_516' title='bbox 3322 750 3745 809; x_wconf 81' lang='lat' dir='ltr'><strong>obmutescere</strong></span> 
     </span>
    </p>
   </div>
   <div class='ocr_carea' id='block_1_67' title="bbox 2107 835 3746 908">
    <p class='ocr_par' dir='ltr' id='par_1_67' title="bbox 2107 835 3746 908">
     <span class='ocr_line' id='line_1_67' title="bbox 2107 835 3746 908; baseline 0.006 -20"><span class='ocrx_word' id='word_1_517' title='bbox 2107 845 2445 906; x_wconf 84' lang='lat' dir='ltr'><strong>cogerentur.</strong></span> <span class='ocrx_word' id='word_1_518' title='bbox 2475 835 2608 897; x_wconf 89' lang='lat' dir='ltr'><strong>Cum</strong></span> <span class='ocrx_word' id='word_1_519' title='bbox 2634 838 2775 892; x_wconf 90' lang='lat' dir='ltr'><strong>enim</strong></span> <span class='ocrx_word' id='word_1_520' title='bbox 2802 839 2857 904; x_wconf 92' lang='lat' dir='ltr'><strong>ii,</strong></span> <span class='ocrx_word' id='word_1_521' title='bbox 2881 839 2969 908; x_wconf 90' lang='lat' dir='ltr'><strong>qui</strong></span> <span class='ocrx_word' id='word_1_522' title='bbox 2996 839 3391 905; x_wconf 80' lang='lat' dir='ltr'><strong>cruciﬁxerant,</strong></span> <span class='ocrx_word' id='word_1_523' title='bbox 3418 842 3561 896; x_wconf 92' lang='lat' dir='ltr'><strong>inter</strong></span> <span class='ocrx_word' id='word_1_524' title='bbox 3592 858 3746 898; x_wconf 83' lang='lat' dir='ltr'><strong>cre-</strong></span> 
     </span>
    </p>
   </div>
   <div class='ocr_carea' id='block_1_68' title="bbox 2108 927 3744 997">
    <p class='ocr_par' dir='ltr' id='par_1_68' title="bbox 2108 927 3744 997">
     <span class='ocr_line' id='line_1_68' title="bbox 2108 927 3744 997; baseline 0.003 -15"><span class='ocrx_word' id='word_1_525' title='bbox 2108 927 2299 982; x_wconf 87' lang='lat' dir='ltr'><strong>dentes</strong></span> <span class='ocrx_word' id='word_1_526' title='bbox 2331 938 2732 997; x_wconf 86' lang='lat' dir='ltr'><strong>comparerent;</strong></span> <span class='ocrx_word' id='word_1_527' title='bbox 2768 930 2892 984; x_wconf 93' lang='lat' dir='ltr'><strong>hinc</strong></span> <span class='ocrx_word' id='word_1_528' title='bbox 2919 939 3066 986; x_wconf 89' lang='lat' dir='ltr'><strong>certe</strong></span> <span class='ocrx_word' id='word_1_529' title='bbox 3095 940 3150 985; x_wconf 90' lang='lat' dir='ltr'><strong>et</strong></span> <span class='ocrx_word' id='word_1_530' title='bbox 3173 932 3349 985; x_wconf 86' lang='lat' dir='ltr'><strong>crucis</strong></span> <span class='ocrx_word' id='word_1_531' title='bbox 3373 940 3429 987; x_wconf 90' lang='lat' dir='ltr'><strong>et</strong></span> <span class='ocrx_word' id='word_1_532' title='bbox 3459 942 3570 987; x_wconf 89' lang='lat' dir='ltr'><strong>tam</strong></span> <span class='ocrx_word' id='word_1_533' title='bbox 3610 932 3744 987; x_wconf 87' lang='lat' dir='ltr'><strong>ini-</strong></span> 
     </span>
    </p>
   </div>
   <div class='ocr_carea' id='block_1_69' title="bbox 2109 1016 3742 1087">
    <p class='ocr_par' dir='ltr' id='par_1_69' title="bbox 2109 1016 3742 1087">
     <span class='ocr_line' id='line_1_69' title="bbox 2109 1016 3742 1087; baseline 0.006 -17"><span class='ocrx_word' id='word_1_534' title='bbox 2109 1018 2197 1086; x_wconf 92' lang='lat' dir='ltr'><strong>qui</strong></span> <span class='ocrx_word' id='word_1_535' title='bbox 2226 1016 2479 1073; x_wconf 89' lang='lat' dir='ltr'><strong>facinoris</strong></span> <span class='ocrx_word' id='word_1_536' title='bbox 2509 1030 2713 1073; x_wconf 84' lang='lat' dir='ltr'><strong>eertum</strong></span> <span class='ocrx_word' id='word_1_537' title='bbox 2747 1019 2997 1074; x_wconf 87' lang='lat' dir='ltr'><strong>indicium</strong></span> <span class='ocrx_word' id='word_1_538' title='bbox 3018 1062 3034 1087; x_wconf 94' lang='lat'><strong>,</strong></span> <span class='ocrx_word' id='word_1_539' title='bbox 3062 1028 3116 1075; x_wconf 86' lang='lat' dir='ltr'><strong>et</strong></span> <span class='ocrx_word' id='word_1_540' title='bbox 3142 1022 3553 1077; x_wconf 90' lang='lat' dir='ltr'><strong>resurrectionis</strong></span> <span class='ocrx_word' id='word_1_541' title='bbox 3590 1039 3742 1079; x_wconf 85' lang='lat' dir='ltr'><strong>ma-</strong></span> 
     </span>
    </p>
   </div>
   <div class='ocr_carea' id='block_1_70' title="bbox 2109 1106 3735 1179">
    <p class='ocr_par' dir='ltr' id='par_1_70' title="bbox 2109 1106 3735 1179">
     <span class='ocr_line' id='line_1_70' title="bbox 2109 1106 3735 1179; baseline 0.006 -20"><span class='ocrx_word' id='word_1_542' title='bbox 2109 1124 2270 1178; x_wconf 90' lang='lat' dir='ltr'><strong>guum</strong></span> <span class='ocrx_word' id='word_1_543' title='bbox 2300 1106 2597 1163; x_wconf 76' lang='lat' dir='ltr'><strong>ducebatur</strong></span> <span class='ocrx_word' id='word_1_544' title='bbox 2631 1120 3021 1179; x_wconf 86' lang='lat' dir='ltr'><strong>argumentum.</strong></span> <span class='ocrx_word' id='word_1_545' title='bbox 3076 1111 3279 1167; x_wconf 86' lang='lat' dir='ltr'><strong>Deinde</strong></span> <span class='ocrx_word' id='word_1_546' title='bbox 3318 1128 3387 1167; x_wconf 89' lang='lat' dir='ltr'><strong>ne</strong></span> <span class='ocrx_word' id='word_1_547' title='bbox 3431 1113 3735 1179; x_wconf 82' lang='lat' dir='ltr'><strong>dicerent,</strong></span> 
     </span>
    </p>
   </div>
   <div class='ocr_carea' id='block_1_71' title="bbox 2110 1200 3738 1271">
    <p class='ocr_par' dir='ltr' id='par_1_71' title="bbox 2110 1200 3738 1271">
     <span class='ocr_line' id='line_1_71' title="bbox 2110 1200 3738 1271; baseline 0.004 -18"><span class='ocrx_word' id='word_1_548' title='bbox 2110 1200 2390 1270; x_wconf 91' lang='lat' dir='ltr'><strong>Quomodo</strong></span> <span class='ocrx_word' id='word_1_549' title='bbox 2427 1215 2556 1271; x_wconf 86' lang='lat' dir='ltr'><strong>ergo</strong></span> <span class='ocrx_word' id='word_1_550' title='bbox 2583 1202 2876 1271; x_wconf 91' lang='lat' dir='ltr'><strong>poterimus</strong></span> <span class='ocrx_word' id='word_1_551' title='bbox 2904 1202 3043 1257; x_wconf 90' lang='lat' dir='ltr'><strong>inter</strong></span> <span class='ocrx_word' id='word_1_552' title='bbox 3074 1210 3179 1257; x_wconf 92' lang='lat' dir='ltr'><strong>tam</strong></span> <span class='ocrx_word' id='word_1_553' title='bbox 3218 1204 3413 1257; x_wconf 91' lang='lat' dir='ltr'><strong>multos</strong></span> <span class='ocrx_word' id='word_1_554' title='bbox 3452 1203 3738 1260; x_wconf 86' lang='lat' dir='ltr'><strong>homines</strong></span> 
     </span>
    </p>
   </div>
   <div class='ocr_carea' id='block_1_72' title="bbox 2112 1293 3739 1368">
    <p class='ocr_par' dir='ltr' id='par_1_72' title="bbox 2112 1293 3739 1368">
     <span class='ocr_line' id='line_1_72' title="bbox 2112 1293 3739 1368; baseline 0.002 -19"><span class='ocrx_word' id='word_1_555' title='bbox 2112 1293 2344 1349; x_wconf 89' lang='lat' dir='ltr'><strong>nefarios</strong></span> <span class='ocrx_word' id='word_1_556' title='bbox 2371 1304 2424 1349; x_wconf 91' lang='lat' dir='ltr'><strong>et</strong></span> <span class='ocrx_word' id='word_1_557' title='bbox 2451 1294 2746 1349; x_wconf 89' lang='lat' dir='ltr'><strong>homicidas</strong></span> <span class='ocrx_word' id='word_1_558' title='bbox 2772 1294 2988 1364; x_wconf 83' lang='lat' dir='ltr'><strong>degere,</strong></span> <span class='ocrx_word' id='word_1_559' title='bbox 3024 1310 3122 1350; x_wconf 91' lang='lat' dir='ltr'><strong>nos</strong></span> <span class='ocrx_word' id='word_1_560' title='bbox 3144 1296 3231 1365; x_wconf 85' lang='lat' dir='ltr'><strong>qui</strong></span> <span class='ocrx_word' id='word_1_561' title='bbox 3265 1296 3335 1359; x_wconf 88' lang='lat' dir='ltr'><strong>ita</strong></span> <span class='ocrx_word' id='word_1_562' title='bbox 3363 1297 3518 1368; x_wconf 89' lang='lat' dir='ltr'><strong>pauci</strong></span> <span class='ocrx_word' id='word_1_563' title='bbox 3546 1307 3612 1352; x_wconf 87' lang='lat' dir='ltr'><strong>et</strong></span> <span class='ocrx_word' id='word_1_564' title='bbox 3646 1298 3739 1352; x_wconf 80' lang='lat' dir='ltr'><strong>vi-</strong></span> 
     </span>
    </p>
   </div>
   <div class='ocr_carea' id='block_1_73' title="bbox 2113 1387 3741 1460">
    <p class='ocr_par' dir='ltr' id='par_1_73' title="bbox 2113 1387 3741 1460">
     <span class='ocr_line' id='line_1_73' title="bbox 2113 1387 3741 1460; baseline 0.002 -19"><span class='ocrx_word' id='word_1_565' title='bbox 2113 1387 2191 1441; x_wconf 89' lang='lat' dir='ltr'><strong>les</strong></span> <span class='ocrx_word' id='word_1_566' title='bbox 2216 1388 2435 1441; x_wconf 87' lang='lat' dir='ltr'><strong>sumus?</strong></span> <span class='ocrx_word' id='word_1_567' title='bbox 2465 1387 2588 1442; x_wconf 90' lang='lat' dir='ltr'><strong>vide</strong></span> <span class='ocrx_word' id='word_1_568' title='bbox 2626 1388 2893 1457; x_wconf 89' lang='lat' dir='ltr'><strong>quomodo</strong></span> <span class='ocrx_word' id='word_1_569' title='bbox 2937 1387 3076 1442; x_wconf 91' lang='lat' dir='ltr'><strong>hanc</strong></span> <span class='ocrx_word' id='word_1_570' title='bbox 3112 1389 3412 1460; x_wconf 83' lang='lat' dir='ltr'><strong>angustiam</strong></span> <span class='ocrx_word' id='word_1_571' title='bbox 3453 1390 3741 1459; x_wconf 84' lang='lat' dir='ltr'><strong>expediat</strong></span> 
     </span>
    </p>
   </div>
   <div class='ocr_carea' id='block_1_74' title="bbox 2114 1477 3732 1551">
    <p class='ocr_par' dir='ltr' id='par_1_74' title="bbox 2114 1477 3732 1551">
     <span class='ocr_line' id='line_1_74' title="bbox 2114 1477 3732 1551; baseline 0.001 -18"><span class='ocrx_word' id='word_1_572' title='bbox 2114 1486 2167 1533; x_wconf 89' lang='lat' dir='ltr'><strong>et</strong></span> <span class='ocrx_word' id='word_1_573' title='bbox 2200 1478 2373 1532; x_wconf 77' lang='lat' dir='ltr'><strong>snlvat</strong></span> <span class='ocrx_word' id='word_1_574' title='bbox 2418 1477 2603 1533; x_wconf 91' lang='lat' dir='ltr'><strong>dicens</strong></span> <span class='ocrx_word' id='word_1_575' title='bbox 2632 1494 2645 1530; x_wconf 90' lang='lat'><strong>:</strong></span> <span class='ocrx_word' id='word_1_576' title='bbox 2674 1477 2781 1533; x_wconf 89' lang='lat' dir='ltr'><strong>Sed</strong></span> <span class='ocrx_word' id='word_1_577' title='bbox 2805 1490 3151 1548; x_wconf 74' lang='lat' dir='ltr'><strong>exspectarent</strong></span> <span class='ocrx_word' id='word_1_578' title='bbox 3176 1482 3561 1551; x_wconf 83' lang='lat' dir='ltr'><strong>promissionem</strong></span> <span class='ocrx_word' id='word_1_579' title='bbox 3600 1482 3732 1535; x_wconf 85' lang='lat' dir='ltr'><strong>Pa-</strong></span> 
     </span>
    </p>
   </div>
   <div class='ocr_carea' id='block_1_75' title="bbox 2117 1570 3737 1642">
    <p class='ocr_par' dir='ltr' id='par_1_75' title="bbox 2117 1570 3737 1642">
     <span class='ocr_line' id='line_1_75' title="bbox 2117 1570 3737 1642; baseline 0.004 -21"><span class='ocrx_word' id='word_1_580' title='bbox 2117 1570 2225 1635; x_wconf 86' lang='lat' dir='ltr'><strong>tris,</strong></span> <span class='ocrx_word' id='word_1_581' title='bbox 2257 1585 2409 1639; x_wconf 85' lang='lat' dir='ltr'><strong>quam</strong></span> <span class='ocrx_word' id='word_1_582' title='bbox 2441 1570 2655 1623; x_wconf 84' lang='lat' dir='ltr'><strong>audistis</strong></span> <span class='ocrx_word' id='word_1_583' title='bbox 2681 1586 2712 1623; x_wconf 92' lang='lat' dir='ltr'><strong>a</strong></span> <span class='ocrx_word' id='word_1_584' title='bbox 2736 1586 2832 1624; x_wconf 89' lang='lat' dir='ltr'><strong>me.</strong></span> <span class='ocrx_word' id='word_1_585' title='bbox 2863 1570 2931 1624; x_wconf 89' lang='lat' dir='ltr'><strong>Et</strong></span> <span class='ocrx_word' id='word_1_586' title='bbox 2955 1571 3318 1640; x_wconf 88' lang='lat' dir='ltr'><strong>quandonam,</strong></span> <span class='ocrx_word' id='word_1_587' title='bbox 3349 1572 3581 1642; x_wconf 88' lang='lat' dir='ltr'><strong>inquies,</strong></span> <span class='ocrx_word' id='word_1_588' title='bbox 3614 1589 3737 1627; x_wconf 84' lang='lat' dir='ltr'><strong>au-</strong></span> 
     </span>
    </p>
   </div>
   <div class='ocr_carea' id='block_1_76' title="bbox 2116 1661 3731 1736">
    <p class='ocr_par' dir='ltr' id='par_1_76' title="bbox 2116 1661 3731 1736">
     <span class='ocr_line' id='line_1_76' title="bbox 2116 1661 3731 1736; baseline 0.003 -20"><span class='ocrx_word' id='word_1_589' title='bbox 2116 1663 2365 1717; x_wconf 85' lang='lat' dir='ltr'><strong>dierunt?</strong></span> <span class='ocrx_word' id='word_1_590' title='bbox 2392 1661 2523 1718; x_wconf 91' lang='lat' dir='ltr'><strong>Cum</strong></span> <span class='ocrx_word' id='word_1_591' title='bbox 2555 1664 2756 1720; x_wconf 85' lang='lat' dir='ltr'><strong>diceret</strong></span> <span class='ocrx_word' id='word_1_592' title='bbox 2785 1664 3046 1732; x_wconf 78' lang='lat' dir='ltr'><strong>:Expedit</strong></span> <span class='ocrx_word' id='word_1_593' title='bbox 3087 1667 3223 1723; x_wconf 84' lang='lat' dir='ltr'><strong>vobis</strong></span> <span class='ocrx_word' id='word_1_594' title='bbox 3271 1676 3322 1719; x_wconf 88' lang='lat' dir='ltr'><strong>ut</strong></span> <span class='ocrx_word' id='word_1_595' title='bbox 3364 1682 3456 1736; x_wconf 88' lang='lat' dir='ltr'><strong>ego</strong></span> <span class='ocrx_word' id='word_1_596' title='bbox 3496 1667 3731 1721; x_wconf 79' lang='lat' dir='ltr'><strong>vadum.</strong></span> 
     </span>
    </p>
   </div>
   <div class='ocr_carea' id='block_1_77' title="bbox 2119 1752 3740 1819">
    <p class='ocr_par' dir='ltr' id='par_1_77' title="bbox 2119 1752 3740 1819">
     <span class='ocr_line' id='line_1_77' title="bbox 2119 1752 3740 1819; baseline 0.002 -12"><span class='ocrx_word' id='word_1_597' title='bbox 2119 1752 2181 1807; x_wconf 89' lang='lat' dir='ltr'><strong>Si</strong></span> <span class='ocrx_word' id='word_1_598' title='bbox 2229 1753 2362 1806; x_wconf 86' lang='lat' dir='ltr'><strong>enim</strong></span> <span class='ocrx_word' id='word_1_599' title='bbox 2416 1771 2517 1807; x_wconf 88' lang='lat' dir='ltr'><strong>non</strong></span> <span class='ocrx_word' id='word_1_600' title='bbox 2561 1755 2767 1819; x_wconf 88' lang='lat' dir='ltr'><strong>abiero,</strong></span> <span class='ocrx_word' id='word_1_601' title='bbox 2817 1754 3115 1813; x_wconf 83' lang='lat' dir='ltr'><strong>Paraclelus</strong></span> <span class='ocrx_word' id='word_1_602' title='bbox 3161 1772 3262 1809; x_wconf 87' lang='lat' dir='ltr'><strong>non</strong></span> <span class='ocrx_word' id='word_1_603' title='bbox 3308 1757 3466 1809; x_wconf 85' lang='lat' dir='ltr'><strong>veniet</strong></span> <span class='ocrx_word' id='word_1_604' title='bbox 3515 1758 3583 1809; x_wconf 89' lang='lat' dir='ltr'><strong>ad</strong></span> <span class='ocrx_word' id='word_1_605' title='bbox 3633 1773 3740 1811; x_wconf 74' lang='lat' dir='ltr'><strong>vos</strong></span> 
     </span>
    </p>
   </div>
   <div class='ocr_carea' id='block_1_78' title="bbox 2119 1840 3733 1916">
    <p class='ocr_par' dir='ltr' id='par_1_78' title="bbox 2119 1840 3733 1916">
     <span class='ocr_line' id='line_1_78' title="bbox 2119 1840 3733 1916; baseline 0.002 -21"><span class='ocrx_word' id='word_1_606' title='bbox 2119 1840 2317 1913; x_wconf 83' lang='lat' dir='ltr'><strong>(Joan.</strong></span> <span class='ocrx_word' id='word_1_607' title='bbox 2355 1843 2443 1897; x_wconf 80' lang='lat' dir='ltr'><strong>l6.</strong></span> <span class='ocrx_word' id='word_1_608' title='bbox 2485 1843 2585 1913; x_wconf 87' lang='lat'><strong>7);</strong></span> <span class='ocrx_word' id='word_1_609' title='bbox 2631 1854 2685 1898; x_wconf 90' lang='lat' dir='ltr'><strong>et</strong></span> <span class='ocrx_word' id='word_1_610' title='bbox 2728 1859 2936 1898; x_wconf 90' lang='lat' dir='ltr'><strong>rursum</strong></span> <span class='ocrx_word' id='word_1_611' title='bbox 2959 1885 2972 1906; x_wconf 90' lang='lat'><strong>,</strong></span> <span class='ocrx_word' id='word_1_612' title='bbox 3009 1844 3120 1916; x_wconf 86' lang='lat' dir='ltr'><strong>Ego</strong></span> <span class='ocrx_word' id='word_1_613' title='bbox 3150 1846 3335 1916; x_wconf 84' lang='lat' dir='ltr'><strong>rogabo</strong></span> <span class='ocrx_word' id='word_1_614' title='bbox 3369 1844 3623 1913; x_wconf 87' lang='lat' dir='ltr'><strong>Patrem,</strong></span> <span class='ocrx_word' id='word_1_615' title='bbox 3674 1856 3733 1899; x_wconf 86' lang='lat' dir='ltr'><strong>et</strong></span> 
     </span>
    </p>
   </div>
   <div class='ocr_carea' id='block_1_79' title="bbox 2119 1930 3739 2000">
    <p class='ocr_par' dir='ltr' id='par_1_79' title="bbox 2119 1930 3739 2000">
     <span class='ocr_line' id='line_1_79' title="bbox 2119 1930 3739 2000; baseline 0.002 -16"><span class='ocrx_word' id='word_1_616' title='bbox 2119 1932 2276 1985; x_wconf 85' lang='lat' dir='ltr'><strong>alium</strong></span> <span class='ocrx_word' id='word_1_617' title='bbox 2326 1930 2648 1986; x_wconf 87' lang='lat' dir='ltr'><strong>Paracletunt</strong></span> <span class='ocrx_word' id='word_1_618' title='bbox 2693 1936 2851 1988; x_wconf 87' lang='lat' dir='ltr'><strong>mittet</strong></span> <span class='ocrx_word' id='word_1_619' title='bbox 2895 1935 3028 1987; x_wconf 81' lang='lat' dir='ltr'><strong>vobis</strong></span> <span class='ocrx_word' id='word_1_620' title='bbox 3054 1976 3066 2000; x_wconf 92' lang='lat'><strong>,</strong></span> <span class='ocrx_word' id='word_1_621' title='bbox 3112 1945 3167 1989; x_wconf 87' lang='lat' dir='ltr'><strong>ut</strong></span> <span class='ocrx_word' id='word_1_622' title='bbox 3214 1946 3412 1989; x_wconf 83' lang='lat' dir='ltr'><strong>maneat</strong></span> <span class='ocrx_word' id='word_1_623' title='bbox 3453 1936 3739 1993; x_wconf 82' lang='lat' dir='ltr'><strong>vobiscum</strong></span> 
     </span>
    </p>
   </div>
   <div class='ocr_carea' id='block_1_80' title="bbox 2123 2025 2530 2098">
    <p class='ocr_par' dir='ltr' id='par_1_80' title="bbox 2123 2025 2530 2098">
     <span class='ocr_line' id='line_1_80' title="bbox 2123 2025 2530 2098; baseline 0.007 -20"><span class='ocrx_word' id='word_1_624' title='bbox 2123 2025 2248 2098; x_wconf 88' lang='lat' dir='ltr'><strong>(Id.</strong></span> <span class='ocrx_word' id='word_1_625' title='bbox 2278 2027 2364 2081; x_wconf 70' lang='lat' dir='ltr'><strong>tt.</strong></span> <span class='ocrx_word' id='word_1_626' title='bbox 2398 2025 2466 2081; x_wconf 79' lang='grc'>16</span> <span class='ocrx_word' id='word_1_627' title='bbox 2490 2027 2530 2096; x_wconf 91' lang='grc'><strong>).</strong></span> 
     </span>
    </p>
   </div>
   <div class='ocr_carea' id='block_1_81' title="bbox 2193 2120 3737 2190">
    <p class='ocr_par' dir='ltr' id='par_1_81' title="bbox 2193 2120 3737 2190">
     <span class='ocr_line' id='line_1_81' title="bbox 2193 2120 3737 2190; baseline 0.003 -15"><span class='ocrx_word' id='word_1_628' title='bbox 2193 2122 2246 2175; x_wconf 83' lang='grc'><strong>5.</strong></span> <span class='ocrx_word' id='word_1_629' title='bbox 2298 2120 2362 2174; x_wconf 87' lang='lat' dir='ltr'><strong>Et</strong></span> <span class='ocrx_word' id='word_1_630' title='bbox 2403 2134 2499 2173; x_wconf 93' lang='lat' dir='ltr'><strong>cur</strong></span> <span class='ocrx_word' id='word_1_631' title='bbox 2526 2134 2633 2174; x_wconf 92' lang='lat' dir='ltr'><strong>non</strong></span> <span class='ocrx_word' id='word_1_632' title='bbox 2673 2120 2885 2175; x_wconf 87' lang='lat' dir='ltr'><strong>Christo</strong></span> <span class='ocrx_word' id='word_1_633' title='bbox 2933 2130 3230 2190; x_wconf 64' lang='lat' dir='ltr'><strong>praesente,</strong></span> <span class='ocrx_word' id='word_1_634' title='bbox 3270 2123 3353 2177; x_wconf 89' lang='lat' dir='ltr'><strong>vel</strong></span> <span class='ocrx_word' id='word_1_635' title='bbox 3382 2138 3487 2178; x_wconf 91' lang='lat' dir='ltr'><strong>non</strong></span> <span class='ocrx_word' id='word_1_636' title='bbox 3531 2124 3737 2180; x_wconf 88' lang='lat' dir='ltr'><strong>statim</strong></span> 
     </span>
    </p>
   </div>
   <div class='ocr_carea' id='block_1_82' title="bbox 2123 2210 3734 2282">
    <p class='ocr_par' dir='ltr' id='par_1_82' title="bbox 2123 2210 3734 2282">
     <span class='ocr_line' id='line_1_82' title="bbox 2123 2210 3734 2282; baseline 0.003 -17"><span class='ocrx_word' id='word_1_637' title='bbox 2123 2219 2245 2282; x_wconf 89' lang='lat' dir='ltr'><strong>post</strong></span> <span class='ocrx_word' id='word_1_638' title='bbox 2290 2212 2406 2280; x_wconf 85' lang='lat' dir='ltr'><strong>ejus</strong></span> <span class='ocrx_word' id='word_1_639' title='bbox 2448 2211 2777 2277; x_wconf 90' lang='lat' dir='ltr'><strong>discessum,</strong></span> <span class='ocrx_word' id='word_1_640' title='bbox 2809 2212 3023 2266; x_wconf 87' lang='lat' dir='ltr'><strong>advenit</strong></span> <span class='ocrx_word' id='word_1_641' title='bbox 3049 2210 3300 2282; x_wconf 87' lang='lat' dir='ltr'><strong>Spiritus,</strong></span> <span class='ocrx_word' id='word_1_642' title='bbox 3342 2214 3435 2269; x_wconf 91' lang='lat' dir='ltr'><strong>sed</strong></span> <span class='ocrx_word' id='word_1_643' title='bbox 3465 2215 3734 2270; x_wconf 88' lang='lat' dir='ltr'><strong>Christus</strong></span> 
     </span>
    </p>
   </div>
   <div class='ocr_carea' id='block_1_83' title="bbox 2124 2302 3734 2373">
    <p class='ocr_par' dir='ltr' id='par_1_83' title="bbox 2124 2302 3734 2373">
     <span class='ocr_line' id='line_1_83' title="bbox 2124 2302 3734 2373; baseline 0.002 -19"><span class='ocrx_word' id='word_1_644' title='bbox 2124 2302 2525 2373; x_wconf 88' lang='lat' dir='ltr'><strong>quadragesima</strong></span> <span class='ocrx_word' id='word_1_645' title='bbox 2548 2303 2633 2358; x_wconf 92' lang='lat' dir='ltr'><strong>die</strong></span> <span class='ocrx_word' id='word_1_646' title='bbox 2657 2303 2918 2367; x_wconf 88' lang='lat' dir='ltr'><strong>ascendit,</strong></span> <span class='ocrx_word' id='word_1_647' title='bbox 2950 2302 3180 2372; x_wconf 91' lang='lat' dir='ltr'><strong>Spiritus</strong></span> <span class='ocrx_word' id='word_1_648' title='bbox 3205 2319 3331 2359; x_wconf 88' lang='lat' dir='ltr'><strong>vero</strong></span> <span class='ocrx_word' id='word_1_649' title='bbox 3352 2305 3573 2360; x_wconf 87' lang='lat' dir='ltr'><strong>advenit</strong></span> <span class='ocrx_word' id='word_1_650' title='bbox 3592 2320 3734 2359; x_wconf 88' lang='lat' dir='ltr'><strong>eum</strong></span> 
     </span>
    </p>
   </div>
   <div class='ocr_carea' id='block_1_84' title="bbox 2127 2395 3736 2465">
    <p class='ocr_par' dir='ltr' id='par_1_84' title="bbox 2127 2395 3736 2465">
     <span class='ocr_line' id='line_1_84' title="bbox 2127 2395 3736 2465; baseline 0.002 -16"><span class='ocrx_word' id='word_1_651' title='bbox 2127 2395 2487 2465; x_wconf 90' lang='lat' dir='ltr'><strong>compleretur</strong></span> <span class='ocrx_word' id='word_1_652' title='bbox 2508 2395 2623 2449; x_wconf 90' lang='lat' dir='ltr'><strong>dies</strong></span> <span class='ocrx_word' id='word_1_653' title='bbox 2651 2395 3036 2450; x_wconf 83' lang='lat' dir='ltr'><strong>Pentecosles?</strong></span> <span class='ocrx_word' id='word_1_654' title='bbox 3075 2397 3172 2463; x_wconf 84' lang='lat' dir='ltr'><strong>Ac,</strong></span> <span class='ocrx_word' id='word_1_655' title='bbox 3193 2397 3237 2451; x_wconf 93' lang='lat' dir='ltr'><strong>si</strong></span> <span class='ocrx_word' id='word_1_656' title='bbox 3274 2397 3509 2451; x_wconf 92' lang='lat' dir='ltr'><strong>nondum</strong></span> <span class='ocrx_word' id='word_1_657' title='bbox 3555 2397 3736 2452; x_wconf 81' lang='lat' dir='ltr'><strong>adve-</strong></span> 
     </span>
    </p>
   </div>
   <div class='ocr_carea' id='block_1_85' title="bbox 2130 2486 3735 2559">
    <p class='ocr_par' dir='ltr' id='par_1_85' title="bbox 2130 2486 3735 2559">
     <span class='ocr_line' id='line_1_85' title="bbox 2130 2486 3735 2559; baseline 0.002 -20"><span class='ocrx_word' id='word_1_658' title='bbox 2130 2495 2281 2541; x_wconf 88' lang='lat' dir='ltr'><strong>nerat</strong></span> <span class='ocrx_word' id='word_1_659' title='bbox 2315 2487 2420 2554; x_wconf 90' lang='lat' dir='ltr'><strong>ille,</strong></span> <span class='ocrx_word' id='word_1_660' title='bbox 2462 2486 2729 2556; x_wconf 86' lang='lat' dir='ltr'><strong>quomodo</strong></span> <span class='ocrx_word' id='word_1_661' title='bbox 2758 2486 3000 2542; x_wconf 90' lang='lat' dir='ltr'><strong>Christus</strong></span> <span class='ocrx_word' id='word_1_662' title='bbox 3020 2486 3231 2542; x_wconf 91' lang='lat' dir='ltr'><strong>dicebat</strong></span> <span class='ocrx_word' id='word_1_663' title='bbox 3254 2503 3268 2541; x_wconf 93' lang='lat'>:</span> <span class='ocrx_word' id='word_1_664' title='bbox 3296 2488 3520 2554; x_wconf 85' lang='lat' dir='ltr'><strong>Accipite</strong></span> <span class='ocrx_word' id='word_1_665' title='bbox 3542 2489 3735 2559; x_wconf 65' lang='lat' dir='ltr'><strong>Spiri-</strong></span> 
     </span>
    </p>
   </div>
   <div class='ocr_carea' id='block_1_86' title="bbox 2132 2579 3735 2650">
    <p class='ocr_par' dir='ltr' id='par_1_86' title="bbox 2132 2579 3735 2650">
     <span class='ocr_line' id='line_1_86' title="bbox 2132 2579 3735 2650; baseline 0.004 -19"><span class='ocrx_word' id='word_1_666' title='bbox 2132 2589 2236 2631; x_wconf 86' lang='lat' dir='ltr'><strong>tum</strong></span> <span class='ocrx_word' id='word_1_667' title='bbox 2265 2589 2492 2632; x_wconf 87' lang='lat' dir='ltr'><strong>sanctum</strong></span> <span class='ocrx_word' id='word_1_668' title='bbox 2523 2580 2542 2648; x_wconf 91' lang='lat'>(</span> <span class='ocrx_word' id='word_1_669' title='bbox 2571 2579 2657 2633; x_wconf 87' lang='lat' dir='ltr'><strong>Id.</strong></span> <span class='ocrx_word' id='word_1_670' title='bbox 2686 2580 2775 2635; x_wconf 69' lang='lat'><strong>20.</strong></span> <span class='ocrx_word' id='word_1_671' title='bbox 2804 2581 2874 2634; x_wconf 71' lang='lat'><strong>2‘2</strong></span> <span class='ocrx_word' id='word_1_672' title='bbox 2899 2579 2959 2649; x_wconf 88' lang='lat'><strong>)?</strong></span> <span class='ocrx_word' id='word_1_673' title='bbox 2985 2580 3053 2636; x_wconf 89' lang='lat' dir='ltr'><strong>Ut</strong></span> <span class='ocrx_word' id='word_1_674' title='bbox 3090 2580 3211 2635; x_wconf 90' lang='lat' dir='ltr'><strong>illos</strong></span> <span class='ocrx_word' id='word_1_675' title='bbox 3251 2595 3476 2650; x_wconf 84' lang='lat' dir='ltr'><strong>capaces</strong></span> <span class='ocrx_word' id='word_1_676' title='bbox 3521 2582 3735 2637; x_wconf 82' lang='lat' dir='ltr'><strong>redde-</strong></span> 
     </span>
    </p>
   </div>
   <div class='ocr_carea' id='block_1_87' title="bbox 2132 2671 3734 2743">
    <p class='ocr_par' dir='ltr' id='par_1_87' title="bbox 2132 2671 3734 2743">
     <span class='ocr_line' id='line_1_87' title="bbox 2132 2671 3734 2743; baseline 0.001 -17"><span class='ocrx_word' id='word_1_677' title='bbox 2132 2680 2217 2726; x_wconf 87' lang='lat' dir='ltr'><strong>ret</strong></span> <span class='ocrx_word' id='word_1_678' title='bbox 2230 2681 2386 2741; x_wconf 89' lang='lat' dir='ltr'><strong>alque</strong></span> <span class='ocrx_word' id='word_1_679' title='bbox 2403 2672 2624 2726; x_wconf 90' lang='lat' dir='ltr'><strong>idoneos</strong></span> <span class='ocrx_word' id='word_1_680' title='bbox 2643 2672 2952 2741; x_wconf 90' lang='lat' dir='ltr'><strong>accipiendo</strong></span> <span class='ocrx_word' id='word_1_681' title='bbox 2970 2672 3211 2742; x_wconf 88' lang='lat' dir='ltr'><strong>Spiritui.</strong></span> <span class='ocrx_word' id='word_1_682' title='bbox 3232 2671 3286 2727; x_wconf 92' lang='lat' dir='ltr'><strong>Si</strong></span> <span class='ocrx_word' id='word_1_683' title='bbox 3304 2673 3445 2727; x_wconf 90' lang='lat' dir='ltr'><strong>enim</strong></span> <span class='ocrx_word' id='word_1_684' title='bbox 3468 2675 3734 2743; x_wconf 84' lang='lat' dir='ltr'><strong>angelum</strong></span> 
     </span>
    </p>
   </div>
   <div class='ocr_carea' id='block_1_88' title="bbox 2134 2762 3735 2832">
    <p class='ocr_par' dir='ltr' id='par_1_88' title="bbox 2134 2762 3735 2832">
     <span class='ocr_line' id='line_1_88' title="bbox 2134 2762 3735 2832; baseline 0.001 -16"><span class='ocrx_word' id='word_1_685' title='bbox 2134 2764 2344 2818; x_wconf 90' lang='lat' dir='ltr'><strong>visurus</strong></span> <span class='ocrx_word' id='word_1_686' title='bbox 2393 2763 2609 2827; x_wconf 89' lang='lat' dir='ltr'><strong>Daniel,</strong></span> <span class='ocrx_word' id='word_1_687' title='bbox 2659 2763 3049 2819; x_wconf 86' lang='lat' dir='ltr'><strong>dissolvebatur</strong></span> <span class='ocrx_word' id='word_1_688' title='bbox 3094 2763 3251 2832; x_wconf 84' lang='lat' dir='ltr'><strong>(Dan.</strong></span> <span class='ocrx_word' id='word_1_689' title='bbox 3296 2763 3350 2823; x_wconf 90' lang='lat'><strong>8.</strong></span> <span class='ocrx_word' id='word_1_690' title='bbox 3392 2762 3518 2831; x_wconf 79' lang='lat' dir='ltr'><strong>t7),</strong></span> <span class='ocrx_word' id='word_1_691' title='bbox 3552 2765 3735 2818; x_wconf 89' lang='lat' dir='ltr'><strong>multo</strong></span> 
     </span>
    </p>
   </div>
   <div class='ocr_carea' id='block_1_89' title="bbox 2135 2854 3729 2924">
    <p class='ocr_par' dir='ltr' id='par_1_89' title="bbox 2135 2854 3729 2924">
     <span class='ocr_line' id='line_1_89' title="bbox 2135 2854 3729 2924; baseline 0 -15"><span class='ocrx_word' id='word_1_692' title='bbox 2135 2856 2304 2924; x_wconf 87' lang='lat' dir='ltr'><strong>magis</strong></span> <span class='ocrx_word' id='word_1_693' title='bbox 2336 2855 2388 2909; x_wconf 92' lang='lat' dir='ltr'><strong>hi</strong></span> <span class='ocrx_word' id='word_1_694' title='bbox 2420 2854 2470 2909; x_wconf 90' lang='lat' dir='ltr'><strong>id</strong></span> <span class='ocrx_word' id='word_1_695' title='bbox 2496 2856 2705 2924; x_wconf 88' lang='lat' dir='ltr'><strong>passuri</strong></span> <span class='ocrx_word' id='word_1_696' title='bbox 2735 2864 2907 2919; x_wconf 90' lang='lat' dir='ltr'><strong>erant,</strong></span> <span class='ocrx_word' id='word_1_697' title='bbox 2941 2862 3140 2908; x_wconf 86' lang='lat' dir='ltr'><strong>tantam</strong></span> <span class='ocrx_word' id='word_1_698' title='bbox 3163 2856 3428 2924; x_wconf 88' lang='lat' dir='ltr'><strong>accepturi</strong></span> <span class='ocrx_word' id='word_1_699' title='bbox 3463 2859 3729 2924; x_wconf 84' lang='lat' dir='ltr'><strong>gratiam.</strong></span> 
     </span>
    </p>
   </div>
   <div class='ocr_carea' id='block_1_90' title="bbox 2138 2945 3732 3017">
    <p class='ocr_par' dir='ltr' id='par_1_90' title="bbox 2138 2945 3732 3017">
     <span class='ocr_line' id='line_1_90' title="bbox 2138 2945 3732 3017; baseline 0.001 -18"><span class='ocrx_word' id='word_1_700' title='bbox 2138 2945 2235 3000; x_wconf 83' lang='lat' dir='ltr'><strong>Vel</strong></span> <span class='ocrx_word' id='word_1_701' title='bbox 2258 2945 2357 3000; x_wconf 91' lang='lat' dir='ltr'><strong>hoc</strong></span> <span class='ocrx_word' id='word_1_702' title='bbox 2384 2946 2665 3000; x_wconf 90' lang='lat' dir='ltr'><strong>dicendum</strong></span> <span class='ocrx_word' id='word_1_703' title='bbox 2693 2954 2778 3000; x_wconf 91' lang='lat' dir='ltr'><strong>est</strong></span> <span class='ocrx_word' id='word_1_704' title='bbox 2797 2987 2812 3011; x_wconf 95' lang='lat'><strong>,</strong></span> <span class='ocrx_word' id='word_1_705' title='bbox 2837 2946 2921 3000; x_wconf 91' lang='lat' dir='ltr'><strong>vel</strong></span> <span class='ocrx_word' id='word_1_706' title='bbox 2948 2946 3089 3016; x_wconf 90' lang='lat' dir='ltr'><strong>quod</strong></span> <span class='ocrx_word' id='word_1_707' title='bbox 3121 2961 3233 3000; x_wconf 91' lang='lat' dir='ltr'><strong>rem</strong></span> <span class='ocrx_word' id='word_1_708' title='bbox 3268 2947 3499 3000; x_wconf 82' lang='lat' dir='ltr'><strong>futuram</strong></span> <span class='ocrx_word' id='word_1_709' title='bbox 3531 2956 3591 3000; x_wconf 93' lang='lat' dir='ltr'><strong>ut</strong></span> <span class='ocrx_word' id='word_1_710' title='bbox 3614 2947 3732 3017; x_wconf 89' lang='lat' dir='ltr'><strong>jam</strong></span> 
     </span>
    </p>
   </div>
   <div class='ocr_carea' id='block_1_91' title="bbox 2139 3034 3736 3107">
    <p class='ocr_par' dir='ltr' id='par_1_91' title="bbox 2139 3034 3736 3107">
     <span class='ocr_line' id='line_1_91' title="bbox 2139 3034 3736 3107; baseline 0.003 -20"><span class='ocrx_word' id='word_1_711' title='bbox 2139 3034 2330 3090; x_wconf 84' lang='lat' dir='ltr'><strong>factam</strong></span> <span class='ocrx_word' id='word_1_712' title='bbox 2362 3035 2602 3101; x_wconf 90' lang='lat' dir='ltr'><strong>diceret;</strong></span> <span class='ocrx_word' id='word_1_713' title='bbox 2639 3045 2695 3089; x_wconf 93' lang='lat' dir='ltr'><strong>ut</strong></span> <span class='ocrx_word' id='word_1_714' title='bbox 2732 3051 2851 3090; x_wconf 92' lang='lat' dir='ltr'><strong>cum</strong></span> <span class='ocrx_word' id='word_1_715' title='bbox 2895 3037 2966 3089; x_wconf 90' lang='lat' dir='ltr'><strong>ait</strong></span> <span class='ocrx_word' id='word_1_716' title='bbox 2995 3053 3007 3088; x_wconf 91' lang='lat'>:</span> <span class='ocrx_word' id='word_1_717' title='bbox 3037 3035 3239 3089; x_wconf 85' lang='lat' dir='ltr'><strong>Calcate</strong></span> <span class='ocrx_word' id='word_1_718' title='bbox 3275 3053 3430 3107; x_wconf 82' lang='lat' dir='ltr'><strong>supra</strong></span> <span class='ocrx_word' id='word_1_719' title='bbox 3468 3047 3736 3105; x_wconf 81' lang='lat' dir='ltr'><strong>serpentes</strong></span> 
     </span>
    </p>
   </div>
   <div class='ocr_carea' id='block_1_92' title="bbox 2141 3125 3735 3196">
    <p class='ocr_par' dir='ltr' id='par_1_92' title="bbox 2141 3125 3735 3196">
     <span class='ocr_line' id='line_1_92' title="bbox 2141 3125 3735 3196; baseline -0.001 -17"><span class='ocrx_word' id='word_1_720' title='bbox 2141 3135 2186 3179; x_wconf 89' lang='lat' dir='ltr'><strong>et</strong></span> <span class='ocrx_word' id='word_1_721' title='bbox 2227 3127 2517 3195; x_wconf 84' lang='lat' dir='ltr'><strong>scorpiones</strong></span> <span class='ocrx_word' id='word_1_722' title='bbox 2539 3166 2555 3193; x_wconf 92' lang='lat'><strong>,</strong></span> <span class='ocrx_word' id='word_1_723' title='bbox 2599 3135 2645 3179; x_wconf 85' lang='lat' dir='ltr'><strong>et</strong></span> <span class='ocrx_word' id='word_1_724' title='bbox 2673 3142 2828 3196; x_wconf 88' lang='lat' dir='ltr'><strong>supra</strong></span> <span class='ocrx_word' id='word_1_725' title='bbox 2867 3142 3065 3179; x_wconf 87' lang='lat' dir='ltr'><strong>onmem</strong></span> <span class='ocrx_word' id='word_1_726' title='bbox 3103 3129 3330 3180; x_wconf 81' lang='lat' dir='ltr'><strong>virtutem</strong></span> <span class='ocrx_word' id='word_1_727' title='bbox 3358 3127 3549 3179; x_wconf 87' lang='lat' dir='ltr'><strong>inimici</strong></span> <span class='ocrx_word' id='word_1_728' title='bbox 3571 3125 3735 3195; x_wconf 82' lang='lat' dir='ltr'><strong>(Luc.</strong></span> 
     </span>
    </p>
   </div>
   <div class='ocr_carea' id='block_1_93' title="bbox 2142 3216 3735 3287">
    <p class='ocr_par' dir='ltr' id='par_1_93' title="bbox 2142 3216 3735 3287">
     <span class='ocr_line' id='line_1_93' title="bbox 2142 3216 3735 3287; baseline -0.001 -15"><span class='ocrx_word' id='word_1_729' title='bbox 2142 3216 2232 3272; x_wconf 78' lang='grc'><strong>10.</strong></span> <span class='ocrx_word' id='word_1_730' title='bbox 2263 3217 2372 3286; x_wconf 76' lang='lat' dir='ltr'><strong>l9).</strong></span> <span class='ocrx_word' id='word_1_731' title='bbox 2406 3217 2510 3271; x_wconf 91' lang='lat' dir='ltr'><strong>Cur</strong></span> <span class='ocrx_word' id='word_1_732' title='bbox 2538 3226 2715 3280; x_wconf 87' lang='lat' dir='ltr'><strong>autem</strong></span> <span class='ocrx_word' id='word_1_733' title='bbox 2766 3232 2871 3271; x_wconf 91' lang='lat' dir='ltr'><strong>non</strong></span> <span class='ocrx_word' id='word_1_734' title='bbox 2912 3224 3037 3271; x_wconf 92' lang='lat' dir='ltr'><strong>tunc</strong></span> <span class='ocrx_word' id='word_1_735' title='bbox 3062 3216 3239 3272; x_wconf 90' lang='lat' dir='ltr'><strong>statim</strong></span> <span class='ocrx_word' id='word_1_736' title='bbox 3268 3217 3521 3271; x_wconf 79' lang='lat' dir='ltr'><strong>advenit?</strong></span> <span class='ocrx_word' id='word_1_737' title='bbox 3546 3216 3735 3287; x_wconf 85' lang='lat' dir='ltr'><strong>Opor-</strong></span> 
     </span>
    </p>
   </div>
   <div class='ocr_carea' id='block_1_94' title="bbox 2144 3308 3738 3380">
    <p class='ocr_par' dir='ltr' id='par_1_94' title="bbox 2144 3308 3738 3380">
     <span class='ocr_line' id='line_1_94' title="bbox 2144 3308 3738 3380; baseline 0 -16"><span class='ocrx_word' id='word_1_738' title='bbox 2144 3310 2287 3374; x_wconf 87' lang='lat' dir='ltr'><strong>tebat</strong></span> <span class='ocrx_word' id='word_1_739' title='bbox 2309 3324 2400 3364; x_wconf 92' lang='lat' dir='ltr'><strong>eos</strong></span> <span class='ocrx_word' id='word_1_740' title='bbox 2430 3311 2503 3364; x_wconf 93' lang='lat' dir='ltr'><strong>rei</strong></span> <span class='ocrx_word' id='word_1_741' title='bbox 2534 3308 2800 3363; x_wconf 89' lang='lat' dir='ltr'><strong>desiderio</strong></span> <span class='ocrx_word' id='word_1_742' title='bbox 2832 3309 3023 3379; x_wconf 86' lang='lat' dir='ltr'><strong>teneri,</strong></span> <span class='ocrx_word' id='word_1_743' title='bbox 3049 3318 3209 3380; x_wconf 85' lang='lat' dir='ltr'><strong>atque</strong></span> <span class='ocrx_word' id='word_1_744' title='bbox 3236 3309 3304 3362; x_wconf 89' lang='lat' dir='ltr'><strong>ita</strong></span> <span class='ocrx_word' id='word_1_745' title='bbox 3330 3308 3554 3377; x_wconf 84' lang='lat' dir='ltr'><strong>gratiam</strong></span> <span class='ocrx_word' id='word_1_746' title='bbox 3584 3308 3738 3364; x_wconf 85' lang='lat' dir='ltr'><strong>acci-</strong></span> 
     </span>
    </p>
   </div>
   <div class='ocr_carea' id='block_1_95' title="bbox 2145 3397 3739 3469">
    <p class='ocr_par' dir='ltr' id='par_1_95' title="bbox 2145 3397 3739 3469">
     <span class='ocr_line' id='line_1_95' title="bbox 2145 3397 3739 3469; baseline -0.001 -15"><span class='ocrx_word' id='word_1_747' title='bbox 2145 3415 2291 3468; x_wconf 88' lang='lat' dir='ltr'><strong>pere.</strong></span> <span class='ocrx_word' id='word_1_748' title='bbox 2323 3399 2446 3453; x_wconf 89' lang='lat' dir='ltr'><strong>ldco</strong></span> <span class='ocrx_word' id='word_1_749' title='bbox 2482 3409 2758 3469; x_wconf 85' lang='lat' dir='ltr'><strong>postquam</strong></span> <span class='ocrx_word' id='word_1_750' title='bbox 2801 3398 2894 3452; x_wconf 92' lang='lat' dir='ltr'><strong>ille</strong></span> <span class='ocrx_word' id='word_1_751' title='bbox 2923 3397 3270 3464; x_wconf 90' lang='lat' dir='ltr'><strong>discesserat,</strong></span> <span class='ocrx_word' id='word_1_752' title='bbox 3303 3398 3531 3467; x_wconf 88' lang='lat' dir='ltr'><strong>Spiritus</strong></span> <span class='ocrx_word' id='word_1_753' title='bbox 3558 3397 3739 3452; x_wconf 85' lang='lat' dir='ltr'><strong>adve-</strong></span> 
     </span>
    </p>
   </div>
   <div class='ocr_carea' id='block_1_96' title="bbox 2145 3489 3739 3560">
    <p class='ocr_par' dir='ltr' id='par_1_96' title="bbox 2145 3489 3739 3560">
     <span class='ocr_line' id='line_1_96' title="bbox 2145 3489 3739 3560; baseline -0.004 -12"><span class='ocrx_word' id='word_1_754' title='bbox 2145 3494 2243 3556; x_wconf 87' lang='lat' dir='ltr'><strong>nit.</strong></span> <span class='ocrx_word' id='word_1_755' title='bbox 2283 3492 2338 3548; x_wconf 94' lang='lat' dir='ltr'><strong>Si</strong></span> <span class='ocrx_word' id='word_1_756' title='bbox 2366 3492 2457 3546; x_wconf 92' lang='lat' dir='ltr'><strong>illo</strong></span> <span class='ocrx_word' id='word_1_757' title='bbox 2485 3500 2748 3560; x_wconf 80' lang='lat' dir='ltr'><strong>praesente</strong></span> <span class='ocrx_word' id='word_1_758' title='bbox 2774 3490 3039 3555; x_wconf 87' lang='lat' dir='ltr'><strong>venisset,</strong></span> <span class='ocrx_word' id='word_1_759' title='bbox 3067 3504 3173 3544; x_wconf 92' lang='lat' dir='ltr'><strong>non</strong></span> <span class='ocrx_word' id='word_1_760' title='bbox 3200 3489 3252 3545; x_wconf 92' lang='lat' dir='ltr'><strong>in</strong></span> <span class='ocrx_word' id='word_1_761' title='bbox 3281 3498 3424 3545; x_wconf 89' lang='lat' dir='ltr'><strong>tanta</strong></span> <span class='ocrx_word' id='word_1_762' title='bbox 3450 3498 3739 3558; x_wconf 56' lang='lat' dir='ltr'><strong>exspecta-</strong></span> 
     </span>
    </p>
   </div>
   <div class='ocr_carea' id='block_1_97' title="bbox 2149 3577 3735 3648">
    <p class='ocr_par' dir='ltr' id='par_1_97' title="bbox 2149 3577 3735 3648">
     <span class='ocr_line' id='line_1_97' title="bbox 2149 3577 3735 3648; baseline -0.003 -13"><span class='ocrx_word' id='word_1_763' title='bbox 2149 3584 2293 3637; x_wconf 91' lang='lat' dir='ltr'><strong>tione</strong></span> <span class='ocrx_word' id='word_1_764' title='bbox 2323 3581 2567 3635; x_wconf 90' lang='lat' dir='ltr'><strong>fuissent.</strong></span> <span class='ocrx_word' id='word_1_765' title='bbox 2600 3580 2801 3634; x_wconf 88' lang='lat' dir='ltr'><strong>Idcirco</strong></span> <span class='ocrx_word' id='word_1_766' title='bbox 2823 3593 2998 3648; x_wconf 90' lang='lat' dir='ltr'><strong>neque</strong></span> <span class='ocrx_word' id='word_1_767' title='bbox 3020 3579 3197 3632; x_wconf 90' lang='lat' dir='ltr'><strong>statim</strong></span> <span class='ocrx_word' id='word_1_768' title='bbox 3218 3587 3336 3648; x_wconf 91' lang='lat' dir='ltr'><strong>post</strong></span> <span class='ocrx_word' id='word_1_769' title='bbox 3355 3577 3735 3633; x_wconf 87' lang='lat' dir='ltr'><strong>ascensionem</strong></span> 
     </span>
    </p>
   </div>
   <div class='ocr_carea' id='block_1_98' title="bbox 2148 3668 3740 3742">
    <p class='ocr_par' dir='ltr' id='par_1_98' title="bbox 2148 3668 3740 3742">
     <span class='ocr_line' id='line_1_98' title="bbox 2148 3668 3740 3742; baseline -0.004 -15"><span class='ocrx_word' id='word_1_770' title='bbox 2148 3673 2265 3742; x_wconf 88' lang='lat' dir='ltr'><strong>ejus</strong></span> <span class='ocrx_word' id='word_1_771' title='bbox 2294 3671 2540 3735; x_wconf 88' lang='lat' dir='ltr'><strong>advenit,</strong></span> <span class='ocrx_word' id='word_1_772' title='bbox 2571 3668 2667 3725; x_wconf 92' lang='lat' dir='ltr'><strong>sed</strong></span> <span class='ocrx_word' id='word_1_773' title='bbox 2713 3677 2834 3739; x_wconf 90' lang='lat' dir='ltr'><strong>post</strong></span> <span class='ocrx_word' id='word_1_774' title='bbox 2871 3678 2993 3723; x_wconf 93' lang='lat' dir='ltr'><strong>octo</strong></span> <span class='ocrx_word' id='word_1_775' title='bbox 3020 3668 3105 3724; x_wconf 91' lang='lat' dir='ltr'><strong>vel</strong></span> <span class='ocrx_word' id='word_1_776' title='bbox 3137 3684 3331 3724; x_wconf 89' lang='lat' dir='ltr'><strong>novem</strong></span> <span class='ocrx_word' id='word_1_777' title='bbox 3377 3668 3512 3723; x_wconf 90' lang='lat' dir='ltr'><strong>dies.</strong></span> <span class='ocrx_word' id='word_1_778' title='bbox 3560 3668 3638 3723; x_wconf 83' lang='lat' dir='ltr'><strong>ita</strong></span> <span class='ocrx_word' id='word_1_779' title='bbox 3680 3675 3740 3722; x_wconf 91' lang='lat' dir='ltr'><strong>et</strong></span> 
     </span>
    </p>
   </div>
   <div class='ocr_carea' id='block_1_99' title="bbox 2149 3761 3738 3831">
    <p class='ocr_par' dir='ltr' id='par_1_99' title="bbox 2149 3761 3738 3831">
     <span class='ocr_line' id='line_1_99' title="bbox 2149 3761 3738 3831; baseline -0.004 -10"><span class='ocrx_word' id='word_1_780' title='bbox 2149 3781 2249 3821; x_wconf 93' lang='lat' dir='ltr'><strong>nos</strong></span> <span class='ocrx_word' id='word_1_781' title='bbox 2288 3776 2397 3819; x_wconf 92' lang='lat' dir='ltr'><strong>tum</strong></span> <span class='ocrx_word' id='word_1_782' title='bbox 2441 3762 2674 3818; x_wconf 82' lang='lat' dir='ltr'><strong>maxime</strong></span> <span class='ocrx_word' id='word_1_783' title='bbox 2699 3763 2994 3818; x_wconf 80' lang='lat' dir='ltr'><strong>excitamur</strong></span> <span class='ocrx_word' id='word_1_784' title='bbox 3021 3776 3144 3831; x_wconf 89' lang='lat' dir='ltr'><strong>erga</strong></span> <span class='ocrx_word' id='word_1_785' title='bbox 3172 3762 3362 3826; x_wconf 91' lang='lat' dir='ltr'><strong>Deum,</strong></span> <span class='ocrx_word' id='word_1_786' title='bbox 3400 3775 3519 3815; x_wconf 88' lang='lat' dir='ltr'><strong>cum</strong></span> <span class='ocrx_word' id='word_1_787' title='bbox 3553 3761 3606 3814; x_wconf 93' lang='lat' dir='ltr'><strong>in</strong></span> <span class='ocrx_word' id='word_1_788' title='bbox 3636 3776 3738 3814; x_wconf 87' lang='lat' dir='ltr'><strong>ne-</strong></span> 
     </span>
    </p>
   </div>
   <div class='ocr_carea' id='block_1_100' title="bbox 2151 3851 3738 3921">
    <p class='ocr_par' dir='ltr' id='par_1_100' title="bbox 2151 3851 3738 3921">
     <span class='ocr_line' id='line_1_100' title="bbox 2151 3851 3738 3921; baseline -0.006 -8"><span class='ocrx_word' id='word_1_789' title='bbox 2151 3857 2401 3913; x_wconf 90' lang='lat' dir='ltr'><strong>cessitate</strong></span> <span class='ocrx_word' id='word_1_790' title='bbox 2444 3854 2726 3910; x_wconf 91' lang='lat' dir='ltr'><strong>constituti</strong></span> <span class='ocrx_word' id='word_1_791' title='bbox 2780 3866 2986 3906; x_wconf 91' lang='lat' dir='ltr'><strong>sumus.</strong></span> <span class='ocrx_word' id='word_1_792' title='bbox 3039 3852 3270 3921; x_wconf 87' lang='lat' dir='ltr'><strong>Ideoque</strong></span> <span class='ocrx_word' id='word_1_793' title='bbox 3316 3851 3550 3906; x_wconf 84' lang='lat' dir='ltr'><strong>Joannes</strong></span> <span class='ocrx_word' id='word_1_794' title='bbox 3603 3860 3738 3905; x_wconf 90' lang='lat' dir='ltr'><strong>tunc</strong></span> 
     </span>
    </p>
   </div>
   <div class='ocr_carea' id='block_1_101' title="bbox 2152 3940 3736 4013">
    <p class='ocr_par' dir='ltr' id='par_1_101' title="bbox 2152 3940 3736 4013">
     <span class='ocr_line' id='line_1_101' title="bbox 2152 3940 3736 4013; baseline -0.005 -12"><span class='ocrx_word' id='word_1_795' title='bbox 2152 3945 2312 4001; x_wconf 84' lang='lat' dir='ltr'><strong>mittit</strong></span> <span class='ocrx_word' id='word_1_796' title='bbox 2340 3943 2627 4013; x_wconf 90' lang='lat' dir='ltr'><strong>discipulos</strong></span> <span class='ocrx_word' id='word_1_797' title='bbox 2653 3956 2779 3997; x_wconf 90' lang='lat' dir='ltr'><strong>suos</strong></span> <span class='ocrx_word' id='word_1_798' title='bbox 2812 3941 2877 3996; x_wconf 90' lang='lat' dir='ltr'><strong>ad</strong></span> <span class='ocrx_word' id='word_1_799' title='bbox 2918 3940 3208 4007; x_wconf 91' lang='lat' dir='ltr'><strong>Christum,</strong></span> <span class='ocrx_word' id='word_1_800' title='bbox 3240 3940 3453 4011; x_wconf 91' lang='lat' dir='ltr'><strong>quando</strong></span> <span class='ocrx_word' id='word_1_801' title='bbox 3479 3940 3570 3994; x_wconf 92' lang='lat' dir='ltr'><strong>illo</strong></span> <span class='ocrx_word' id='word_1_802' title='bbox 3596 3952 3736 4009; x_wconf 81' lang='lat' dir='ltr'><strong>opus</strong></span> 
     </span>
    </p>
   </div>
   <div class='ocr_carea' id='block_1_102' title="bbox 2154 4031 3737 4103">
    <p class='ocr_par' dir='ltr' id='par_1_102' title="bbox 2154 4031 3737 4103">
     <span class='ocr_line' id='line_1_102' title="bbox 2154 4031 3737 4103; baseline -0.006 -10"><span class='ocrx_word' id='word_1_803' title='bbox 2154 4037 2386 4093; x_wconf 88' lang='lat' dir='ltr'><strong>habituri</strong></span> <span class='ocrx_word' id='word_1_804' title='bbox 2407 4044 2578 4099; x_wconf 90' lang='lat' dir='ltr'><strong>erant,</strong></span> <span class='ocrx_word' id='word_1_805' title='bbox 2599 4034 2802 4089; x_wconf 86' lang='lat' dir='ltr'><strong>Joanne</strong></span> <span class='ocrx_word' id='word_1_806' title='bbox 2819 4034 2872 4088; x_wconf 91' lang='lat' dir='ltr'><strong>in</strong></span> <span class='ocrx_word' id='word_1_807' title='bbox 2888 4048 3103 4089; x_wconf 88' lang='lat' dir='ltr'><strong>carcere</strong></span> <span class='ocrx_word' id='word_1_808' title='bbox 3122 4032 3364 4103; x_wconf 88' lang='lat' dir='ltr'><strong>degente.</strong></span> <span class='ocrx_word' id='word_1_809' title='bbox 3382 4031 3630 4102; x_wconf 86' lang='lat' dir='ltr'><strong>Alioquin</strong></span> <span class='ocrx_word' id='word_1_810' title='bbox 3648 4044 3737 4084; x_wconf 89' lang='lat' dir='ltr'><strong>ve-</strong></span> 
     </span>
    </p>
   </div>
   <div class='ocr_carea' id='block_1_103' title="bbox 2153 4125 3736 4199">
    <p class='ocr_par' dir='ltr' id='par_1_103' title="bbox 2153 4125 3736 4199">
     <span class='ocr_line' id='line_1_103' title="bbox 2153 4125 3736 4199; baseline -0.008 -15"><span class='ocrx_word' id='word_1_811' title='bbox 2153 4144 2217 4184; x_wconf 92' lang='lat' dir='ltr'><strong>ro</strong></span> <span class='ocrx_word' id='word_1_812' title='bbox 2236 4127 2515 4199; x_wconf 89' lang='lat' dir='ltr'><strong>oportebat</strong></span> <span class='ocrx_word' id='word_1_813' title='bbox 2545 4126 2599 4181; x_wconf 92' lang='lat' dir='ltr'><strong>in</strong></span> <span class='ocrx_word' id='word_1_814' title='bbox 2628 4125 2760 4179; x_wconf 63' lang='lat' dir='ltr'><strong>caelo</strong></span> <span class='ocrx_word' id='word_1_815' title='bbox 2788 4139 3099 4194; x_wconf 89' lang='lat' dir='ltr'><strong>comparere</strong></span> <span class='ocrx_word' id='word_1_816' title='bbox 3129 4132 3368 4177; x_wconf 87' lang='lat' dir='ltr'><strong>naturam</strong></span> <span class='ocrx_word' id='word_1_817' title='bbox 3391 4128 3652 4185; x_wconf 89' lang='lat' dir='ltr'><strong>nostram,</strong></span> <span class='ocrx_word' id='word_1_818' title='bbox 3679 4125 3736 4172; x_wconf 89' lang='lat' dir='ltr'><strong>et</strong></span> 
     </span>
    </p>
   </div>
   <div class='ocr_carea' id='block_1_104' title="bbox 2156 4209 3736 4292">
    <p class='ocr_par' dir='ltr' id='par_1_104' title="bbox 2156 4209 3736 4292">
     <span class='ocr_line' id='line_1_104' title="bbox 2156 4209 3736 4292; baseline -0.008 -16"><span class='ocrx_word' id='word_1_819' title='bbox 2156 4221 2442 4292; x_wconf 88' lang='lat' dir='ltr'><strong>perfectam</strong></span> <span class='ocrx_word' id='word_1_820' title='bbox 2472 4216 2958 4274; x_wconf 90' lang='lat' dir='ltr'><strong>reconciliationem</strong></span> <span class='ocrx_word' id='word_1_821' title='bbox 2990 4215 3135 4280; x_wconf 84' lang='lat' dir='ltr'><strong>fieri,</strong></span> <span class='ocrx_word' id='word_1_822' title='bbox 3168 4228 3232 4268; x_wconf 89' lang='lat' dir='ltr'><strong>ac</strong></span> <span class='ocrx_word' id='word_1_823' title='bbox 3262 4222 3371 4267; x_wconf 91' lang='lat' dir='ltr'><strong>tum</strong></span> <span class='ocrx_word' id='word_1_824' title='bbox 3400 4213 3583 4266; x_wconf 88' lang='lat' dir='ltr'><strong>venire</strong></span> <span class='ocrx_word' id='word_1_825' title='bbox 3610 4209 3736 4279; x_wconf 89' lang='lat' dir='ltr'><strong>Spi-</strong></span> 
     </span>
    </p>
   </div>
   <div class='ocr_carea' id='block_1_105' title="bbox 2155 4300 3735 4384">
    <p class='ocr_par' dir='ltr' id='par_1_105' title="bbox 2155 4300 3735 4384">
     <span class='ocr_line' id='line_1_105' title="bbox 2155 4300 3735 4384; baseline -0.013 -13"><span class='ocrx_word' id='word_1_826' title='bbox 2155 4316 2316 4371; x_wconf 90' lang='lat' dir='ltr'><strong>ritum</strong></span> <span class='ocrx_word' id='word_1_827' title='bbox 2342 4354 2356 4378; x_wconf 90' lang='lat'><strong>,</strong></span> <span class='ocrx_word' id='word_1_828' title='bbox 2385 4326 2680 4384; x_wconf 88' lang='lat' dir='ltr'><strong>puramque</strong></span> <span class='ocrx_word' id='word_1_829' title='bbox 2708 4310 2906 4380; x_wconf 89' lang='lat' dir='ltr'><strong>percipi</strong></span> <span class='ocrx_word' id='word_1_830' title='bbox 2933 4307 3278 4376; x_wconf 90' lang='lat' dir='ltr'><strong>voluptatem.</strong></span> <span class='ocrx_word' id='word_1_831' title='bbox 3310 4303 3440 4358; x_wconf 85' lang='lat' dir='ltr'><strong>Nam</strong></span> <span class='ocrx_word' id='word_1_832' title='bbox 3471 4303 3514 4357; x_wconf 92' lang='lat' dir='ltr'><strong>si</strong></span> <span class='ocrx_word' id='word_1_833' title='bbox 3536 4300 3735 4370; x_wconf 91' lang='lat' dir='ltr'><strong>Spiritu</strong></span> 
     </span>
    </p>
   </div>
   <div class='ocr_carea' id='block_1_106' title="bbox 2156 4393 3735 4478">
    <p class='ocr_par' dir='ltr' id='par_1_106' title="bbox 2156 4393 3735 4478">
     <span class='ocr_line' id='line_1_106' title="bbox 2156 4393 3735 4478; baseline -0.014 -15"><span class='ocrx_word' id='word_1_834' title='bbox 2156 4414 2440 4478; x_wconf 62' lang='lat' dir='ltr'><strong>praesente,</strong></span> <span class='ocrx_word' id='word_1_835' title='bbox 2470 4403 2728 4459; x_wconf 88' lang='lat' dir='ltr'><strong>Dominus</strong></span> <span class='ocrx_word' id='word_1_836' title='bbox 2756 4400 2995 4466; x_wconf 90' lang='lat' dir='ltr'><strong>abiisset,</strong></span> <span class='ocrx_word' id='word_1_837' title='bbox 3024 4398 3109 4452; x_wconf 90' lang='lat' dir='ltr'><strong>ille</strong></span> <span class='ocrx_word' id='word_1_838' title='bbox 3138 4409 3267 4450; x_wconf 89' lang='lat' dir='ltr'><strong>vero</strong></span> <span class='ocrx_word' id='word_1_839' title='bbox 3295 4393 3597 4457; x_wconf 84' lang='lat' dir='ltr'><strong>mansisset,</strong></span> <span class='ocrx_word' id='word_1_840' title='bbox 3627 4402 3735 4443; x_wconf 91' lang='lat' dir='ltr'><strong>non</strong></span> 
     </span>
    </p>
   </div>
   <div class='ocr_carea' id='block_1_107' title="bbox 2159 4479 3739 4564">
    <p class='ocr_par' dir='ltr' id='par_1_107' title="bbox 2159 4479 3739 4564">
     <span class='ocr_line' id='line_1_107' title="bbox 2159 4479 3739 4564; baseline -0.012 -13"><span class='ocrx_word' id='word_1_841' title='bbox 2159 4506 2303 4564; x_wconf 86' lang='lat' dir='ltr'><strong>tanta</strong></span> <span class='ocrx_word' id='word_1_842' title='bbox 2327 4495 2513 4551; x_wconf 90' lang='lat' dir='ltr'><strong>fuisset</strong></span> <span class='ocrx_word' id='word_1_843' title='bbox 2538 4492 2871 4558; x_wconf 90' lang='lat' dir='ltr'><strong>consolatio;</strong></span> <span class='ocrx_word' id='word_1_844' title='bbox 2901 4489 3115 4553; x_wconf 81' lang='lat' dir='ltr'><strong>Christo</strong></span> <span class='ocrx_word' id='word_1_845' title='bbox 3141 4486 3282 4542; x_wconf 89' lang='lat' dir='ltr'><strong>enim</strong></span> <span class='ocrx_word' id='word_1_846' title='bbox 3312 4484 3596 4551; x_wconf 86' lang='lat' dir='ltr'><strong>admodum</strong></span> <span class='ocrx_word' id='word_1_847' title='bbox 3626 4479 3739 4533; x_wconf 79' lang='lat' dir='ltr'><strong>ha:-</strong></span> 
     </span>
    </p>
   </div>
   <div class='ocr_carea' id='block_1_108' title="bbox 2157 4577 3740 4656">
    <p class='ocr_par' dir='ltr' id='par_1_108' title="bbox 2157 4577 3740 4656">
     <span class='ocr_line' id='line_1_108' title="bbox 2157 4577 3740 4656; baseline -0.01 -15"><span class='ocrx_word' id='word_1_848' title='bbox 2157 4595 2342 4641; x_wconf 88' lang='lat' dir='ltr'><strong>rentes</strong></span> <span class='ocrx_word' id='word_1_849' title='bbox 2361 4625 2375 4650; x_wconf 91' lang='lat'><strong>,</strong></span> <span class='ocrx_word' id='word_1_850' title='bbox 2406 4587 2475 4640; x_wconf 92' lang='lat' dir='ltr'><strong>ab</strong></span> <span class='ocrx_word' id='word_1_851' title='bbox 2503 4586 2591 4640; x_wconf 91' lang='lat' dir='ltr'><strong>illo</strong></span> <span class='ocrx_word' id='word_1_852' title='bbox 2619 4600 2760 4656; x_wconf 72' lang='lat' dir='ltr'><strong>aegre</strong></span> <span class='ocrx_word' id='word_1_853' title='bbox 2790 4582 2979 4639; x_wconf 87' lang='lat' dir='ltr'><strong>divulsi</strong></span> <span class='ocrx_word' id='word_1_854' title='bbox 3008 4579 3253 4649; x_wconf 87' lang='lat' dir='ltr'><strong>fuissent.</strong></span> <span class='ocrx_word' id='word_1_855' title='bbox 3284 4577 3434 4647; x_wconf 84' lang='lat' dir='ltr'><strong>Unde</strong></span> <span class='ocrx_word' id='word_1_856' title='bbox 3458 4584 3512 4630; x_wconf 90' lang='lat' dir='ltr'><strong>et</strong></span> <span class='ocrx_word' id='word_1_857' title='bbox 3544 4583 3740 4629; x_wconf 83' lang='lat' dir='ltr'><strong>conso-</strong></span> 
     </span>
    </p>
   </div>
   <div class='ocr_carea' id='block_1_109' title="bbox 2159 4664 3735 4745">
    <p class='ocr_par' dir='ltr' id='par_1_109' title="bbox 2159 4664 3735 4745">
     <span class='ocr_line' id='line_1_109' title="bbox 2159 4664 3735 4745; baseline -0.011 -13"><span class='ocrx_word' id='word_1_858' title='bbox 2159 4678 2275 4732; x_wconf 90' lang='lat' dir='ltr'><strong>lans</strong></span> <span class='ocrx_word' id='word_1_859' title='bbox 2304 4678 2425 4732; x_wconf 91' lang='lat' dir='ltr'><strong>illos</strong></span> <span class='ocrx_word' id='word_1_860' title='bbox 2448 4675 2661 4731; x_wconf 89' lang='lat' dir='ltr'><strong>dicebat</strong></span> <span class='ocrx_word' id='word_1_861' title='bbox 2688 4695 2701 4729; x_wconf 88' lang='lat'><strong>:</strong></span> <span class='ocrx_word' id='word_1_862' title='bbox 2730 4672 2952 4745; x_wconf 77' lang='lat' dir='ltr'><strong>Expedit</strong></span> <span class='ocrx_word' id='word_1_863' title='bbox 2988 4669 3124 4723; x_wconf 86' lang='lat' dir='ltr'><strong>vobis</strong></span> <span class='ocrx_word' id='word_1_864' title='bbox 3154 4682 3210 4724; x_wconf 84' lang='lat' dir='ltr'><strong>ut</strong></span> <span class='ocrx_word' id='word_1_865' title='bbox 3232 4686 3323 4741; x_wconf 83' lang='lat' dir='ltr'><strong>ego</strong></span> <span class='ocrx_word' id='word_1_866' title='bbox 3350 4668 3532 4722; x_wconf 82' lang='lat' dir='ltr'><strong>uadant</strong></span> <span class='ocrx_word' id='word_1_867' title='bbox 3553 4664 3735 4735; x_wconf 82' lang='lat' dir='ltr'><strong>(Joau.</strong></span> 
     </span>
    </p>
   </div>
   <div class='ocr_carea' id='block_1_110' title="bbox 2162 4748 3740 4836">
    <p class='ocr_par' dir='ltr' id='par_1_110' title="bbox 2162 4748 3740 4836">
     <span class='ocr_line' id='line_1_110' title="bbox 2162 4748 3740 4836; baseline -0.012 -12"><span class='ocrx_word' id='word_1_868' title='bbox 2162 4768 2249 4825; x_wconf 78' lang='lat' dir='ltr'><strong>ts.</strong></span> <span class='ocrx_word' id='word_1_869' title='bbox 2295 4768 2375 4836; x_wconf 76' lang='grc' dir='ltr'><strong>τ).</strong></span> <span class='ocrx_word' id='word_1_870' title='bbox 2426 4766 2549 4819; x_wconf 89' lang='lat' dir='ltr'><strong>ideo</strong></span> <span class='ocrx_word' id='word_1_871' title='bbox 2605 4748 2912 4818; x_wconf 88' lang='lat' dir='ltr'><strong>missionem</strong></span> <span class='ocrx_word' id='word_1_872' title='bbox 2958 4760 3186 4830; x_wconf 73' lang='lat' dir='ltr'><strong>Spiritus</strong></span> <span class='ocrx_word' id='word_1_873' title='bbox 3234 4754 3332 4830; x_wconf 87' lang='lat' dir='ltr'><strong>per</strong></span> <span class='ocrx_word' id='word_1_874' title='bbox 3375 4758 3578 4826; x_wconf 90' lang='lat' dir='ltr'><strong>aliquot</strong></span> <span class='ocrx_word' id='word_1_875' title='bbox 3623 4754 3740 4808; x_wconf 87' lang='lat' dir='ltr'><strong>dies</strong></span> 
     </span>
    </p>
   </div>
   <div class='ocr_carea' id='block_1_111' title="bbox 2161 4840 3744 4924">
    <p class='ocr_par' dir='ltr' id='par_1_111' title="bbox 2161 4840 3744 4924">
     <span class='ocr_line' id='line_1_111' title="bbox 2161 4840 3744 4924; baseline -0.013 -8"><span class='ocrx_word' id='word_1_876' title='bbox 2161 4859 2361 4924; x_wconf 79' lang='lat' dir='ltr'><strong>differt,</strong></span> <span class='ocrx_word' id='word_1_877' title='bbox 2391 4867 2448 4912; x_wconf 92' lang='lat' dir='ltr'><strong>ut</strong></span> <span class='ocrx_word' id='word_1_878' title='bbox 2470 4853 2792 4924; x_wconf 87' lang='lat' dir='ltr'><strong>aliquamdiu</strong></span> <span class='ocrx_word' id='word_1_879' title='bbox 2819 4850 2993 4907; x_wconf 84' lang='lat' dir='ltr'><strong>moesti</strong></span> <span class='ocrx_word' id='word_1_880' title='bbox 3014 4892 3029 4919; x_wconf 94' lang='lat'><strong>,</strong></span> <span class='ocrx_word' id='word_1_881' title='bbox 3057 4859 3141 4918; x_wconf 89' lang='lat' dir='ltr'><strong>et,</strong></span> <span class='ocrx_word' id='word_1_882' title='bbox 3170 4860 3228 4906; x_wconf 89' lang='lat' dir='ltr'><strong>ut</strong></span> <span class='ocrx_word' id='word_1_883' title='bbox 3256 4849 3396 4913; x_wconf 86' lang='lat' dir='ltr'><strong>dixi,</strong></span> <span class='ocrx_word' id='word_1_884' title='bbox 3430 4850 3482 4903; x_wconf 91' lang='lat' dir='ltr'><strong>in</strong></span> <span class='ocrx_word' id='word_1_885' title='bbox 3512 4840 3744 4903; x_wconf 85' lang='lat' dir='ltr'><strong>necessi-</strong></span> 
     </span>
    </p>
   </div>
   <div class='ocr_carea' id='block_1_112' title="bbox 2163 4939 3739 5015">
    <p class='ocr_par' dir='ltr' id='par_1_112' title="bbox 2163 4939 3739 5015">
     <span class='ocr_line' id='line_1_112' title="bbox 2163 4939 3739 5015; baseline -0.015 -8"><span class='ocrx_word' id='word_1_886' title='bbox 2163 4960 2273 5007; x_wconf 87' lang='lat' dir='ltr'><strong>tate</strong></span> <span class='ocrx_word' id='word_1_887' title='bbox 2316 4946 2613 5012; x_wconf 89' lang='lat' dir='ltr'><strong>constituti,</strong></span> <span class='ocrx_word' id='word_1_888' title='bbox 2654 4944 2811 5015; x_wconf 91' lang='lat' dir='ltr'><strong>plena</strong></span> <span class='ocrx_word' id='word_1_889' title='bbox 2853 4952 2907 4997; x_wconf 91' lang='lat' dir='ltr'><strong>ct</strong></span> <span class='ocrx_word' id='word_1_890' title='bbox 2947 4958 3077 5013; x_wconf 89' lang='lat' dir='ltr'><strong>pura</strong></span> <span class='ocrx_word' id='word_1_891' title='bbox 3122 4941 3425 4996; x_wconf 88' lang='lat' dir='ltr'><strong>fruerentur</strong></span> <span class='ocrx_word' id='word_1_892' title='bbox 3448 4939 3739 5005; x_wconf 88' lang='lat' dir='ltr'><strong>voluptate.</strong></span> 
     </span>
    </p>
   </div>
   <div class='ocr_carea' id='block_1_113' title="bbox 2162 5019 3743 5104">
    <p class='ocr_par' dir='ltr' id='par_1_113' title="bbox 2162 5019 3743 5104">
     <span class='ocr_line' id='line_1_113' title="bbox 2162 5019 3743 5104; baseline -0.014 -6"><span class='ocrx_word' id='word_1_893' title='bbox 2162 5041 2218 5099; x_wconf 90' lang='lat' dir='ltr'><strong>Si</strong></span> <span class='ocrx_word' id='word_1_894' title='bbox 2246 5054 2373 5096; x_wconf 91' lang='lat' dir='ltr'><strong>vero</strong></span> <span class='ocrx_word' id='word_1_895' title='bbox 2398 5038 2574 5093; x_wconf 90' lang='lat' dir='ltr'><strong>minor</strong></span> <span class='ocrx_word' id='word_1_896' title='bbox 2607 5042 2751 5090; x_wconf 89' lang='lat' dir='ltr'><strong>esset</strong></span> <span class='ocrx_word' id='word_1_897' title='bbox 2788 5032 2925 5088; x_wconf 91' lang='lat' dir='ltr'><strong>Filio</strong></span> <span class='ocrx_word' id='word_1_898' title='bbox 2950 5032 3200 5104; x_wconf 92' lang='lat' dir='ltr'><strong>Spiritus,</strong></span> <span class='ocrx_word' id='word_1_899' title='bbox 3232 5044 3338 5084; x_wconf 91' lang='lat' dir='ltr'><strong>non</strong></span> <span class='ocrx_word' id='word_1_900' title='bbox 3370 5027 3559 5083; x_wconf 91' lang='lat' dir='ltr'><strong>fuisset</strong></span> <span class='ocrx_word' id='word_1_901' title='bbox 3587 5019 3743 5080; x_wconf 82' lang='lat' dir='ltr'><strong>suffl-</strong></span> 
     </span>
    </p>
   </div>
   <div class='ocr_carea' id='block_1_114' title="bbox 2163 5108 3744 5194">
    <p class='ocr_par' dir='ltr' id='par_1_114' title="bbox 2163 5108 3744 5194">
     <span class='ocr_line' id='line_1_114' title="bbox 2163 5108 3744 5194; baseline -0.013 -7"><span class='ocrx_word' id='word_1_902' title='bbox 2163 5132 2310 5187; x_wconf 91' lang='lat' dir='ltr'><strong>ciens</strong></span> <span class='ocrx_word' id='word_1_903' title='bbox 2351 5125 2648 5185; x_wconf 90' lang='lat' dir='ltr'><strong>consolatio</strong></span> <span class='ocrx_word' id='word_1_904' title='bbox 2684 5124 2994 5194; x_wconf 88' lang='lat' dir='ltr'><strong>:quomodo</strong></span> <span class='ocrx_word' id='word_1_905' title='bbox 3032 5124 3175 5178; x_wconf 90' lang='lat' dir='ltr'><strong>enim</strong></span> <span class='ocrx_word' id='word_1_906' title='bbox 3217 5118 3475 5182; x_wconf 81' lang='lat' dir='ltr'><strong>dixisset,</strong></span> <span class='ocrx_word' id='word_1_907' title='bbox 3524 5108 3744 5184; x_wconf 73' lang='lat' dir='ltr'><strong>Expedit</strong></span> 
     </span>
    </p>
   </div>
   <div class='ocr_carea' id='block_1_115' title="bbox 2164 5203 3742 5285">
    <p class='ocr_par' dir='ltr' id='par_1_115' title="bbox 2164 5203 3742 5285">
     <span class='ocr_line' id='line_1_115' title="bbox 2164 5203 3742 5285; baseline -0.015 -10"><span class='ocrx_word' id='word_1_908' title='bbox 2164 5219 2335 5275; x_wconf 73' lang='lat' dir='ltr'><strong>vobis?</strong></span> <span class='ocrx_word' id='word_1_909' title='bbox 2367 5217 2491 5273; x_wconf 87' lang='lat' dir='ltr'><strong>ideo</strong></span> <span class='ocrx_word' id='word_1_910' title='bbox 2515 5214 2685 5285; x_wconf 85' lang='lat' dir='ltr'><strong>major</strong></span> <span class='ocrx_word' id='word_1_911' title='bbox 2710 5213 2783 5268; x_wconf 91' lang='lat' dir='ltr'><strong>illi</strong></span> <span class='ocrx_word' id='word_1_912' title='bbox 2808 5213 3049 5269; x_wconf 89' lang='lat' dir='ltr'><strong>doctrina</strong></span> <span class='ocrx_word' id='word_1_913' title='bbox 3075 5217 3345 5266; x_wconf 89' lang='lat' dir='ltr'><strong>reservata</strong></span> <span class='ocrx_word' id='word_1_914' title='bbox 3372 5214 3475 5270; x_wconf 91' lang='lat' dir='ltr'><strong>est,</strong></span> <span class='ocrx_word' id='word_1_915' title='bbox 3501 5220 3567 5258; x_wconf 90' lang='lat' dir='ltr'><strong>ne</strong></span> <span class='ocrx_word' id='word_1_916' title='bbox 3596 5203 3742 5256; x_wconf 87' lang='lat' dir='ltr'><strong>illurn</strong></span> 
     </span>
    </p>
   </div>
   <div class='ocr_carea' id='block_1_116' title="bbox 2166 5288 3742 5377">
    <p class='ocr_par' dir='ltr' id='par_1_116' title="bbox 2166 5288 3742 5377">
     <span class='ocr_line' id='line_1_116' title="bbox 2166 5288 3742 5377; baseline -0.016 -10"><span class='ocrx_word' id='word_1_917' title='bbox 2166 5313 2429 5367; x_wconf 89' lang='lat' dir='ltr'><strong>minorem</strong></span> <span class='ocrx_word' id='word_1_918' title='bbox 2474 5313 2738 5377; x_wconf 81' lang='lat' dir='ltr'><strong>putarent.</strong></span> <span class='ocrx_word' id='word_1_919' title='bbox 2781 5304 3100 5361; x_wconf 88' lang='lat' dir='ltr'><strong>Consideres</strong></span> <span class='ocrx_word' id='word_1_920' title='bbox 3140 5299 3295 5353; x_wconf 90' lang='lat' dir='ltr'><strong>velim</strong></span> <span class='ocrx_word' id='word_1_921' title='bbox 3343 5304 3599 5365; x_wconf 89' lang='lat' dir='ltr'><strong>quantam</strong></span> <span class='ocrx_word' id='word_1_922' title='bbox 3636 5288 3742 5346; x_wconf 89' lang='lat' dir='ltr'><strong>illis</strong></span> 
     </span>
    </p>
   </div>
   <div class='ocr_carea' id='block_1_117' title="bbox 2167 5386 3739 5467">
    <p class='ocr_par' dir='ltr' id='par_1_117' title="bbox 2167 5386 3739 5467">
     <span class='ocr_line' id='line_1_117' title="bbox 2167 5386 3739 5467; baseline -0.019 -7"><span class='ocrx_word' id='word_1_923' title='bbox 2167 5401 2540 5459; x_wconf 89' lang='lat' dir='ltr'><strong>necessitatem</strong></span> <span class='ocrx_word' id='word_1_924' title='bbox 2573 5396 2886 5467; x_wconf 90' lang='lat' dir='ltr'><strong>imposuerit</strong></span> <span class='ocrx_word' id='word_1_925' title='bbox 2927 5389 3176 5447; x_wconf 88' lang='lat' dir='ltr'><strong>manendi</strong></span> <span class='ocrx_word' id='word_1_926' title='bbox 3219 5386 3587 5455; x_wconf 84' lang='lat' dir='ltr'><strong>Jcrosolymis,</strong></span> <span class='ocrx_word' id='word_1_927' title='bbox 3620 5391 3739 5435; x_wconf 89' lang='lat' dir='ltr'><strong>cum</strong></span> 
     </span>
    </p>
   </div>
   <div class='ocr_carea' id='block_1_118' title="bbox 2168 5471 3743 5567">
    <p class='ocr_par' dir='ltr' id='par_1_118' title="bbox 2168 5471 3743 5567">
     <span class='ocr_line' id='line_1_118' title="bbox 2168 5471 3743 5567; baseline -0.018 -15"><span class='ocrx_word' id='word_1_928' title='bbox 2168 5495 2505 5567; x_wconf 89' lang='lat' dir='ltr'><strong>promisisset</strong></span> <span class='ocrx_word' id='word_1_929' title='bbox 2527 5505 2586 5546; x_wconf 91' lang='lat' dir='ltr'><strong>se</strong></span> <span class='ocrx_word' id='word_1_930' title='bbox 2616 5490 2725 5545; x_wconf 91' lang='lat' dir='ltr'><strong>illic</strong></span> <span class='ocrx_word' id='word_1_931' title='bbox 2750 5486 3005 5557; x_wconf 90' lang='lat' dir='ltr'><strong>Spiritum</strong></span> <span class='ocrx_word' id='word_1_932' title='bbox 3048 5479 3396 5567; x_wconf 67' lang='lat' dir='ltr'><strong>praebiturum</strong></span> <span class='ocrx_word' id='word_1_933' title='bbox 3440 5489 3581 5531; x_wconf 87' lang='lat' dir='ltr'><strong>esse.</strong></span> <span class='ocrx_word' id='word_1_934' title='bbox 3612 5471 3743 5567; x_wconf 72' lang='lat' dir='ltr'><strong>Nam</strong></span> 
     </span>
    </p>
   </div>
   <div class='ocr_carea' id='block_1_119' title="bbox 2169 5560 3743 5654">
    <p class='ocr_par' dir='ltr' id='par_1_119' title="bbox 2169 5560 3743 5654">
     <span class='ocr_line' id='line_1_119' title="bbox 2169 5560 3743 5654; baseline -0.021 -10"><span class='ocrx_word' id='word_1_935' title='bbox 2169 5560 2236 5645; x_wconf 78' lang='lat' dir='ltr'><strong>ne</strong></span> <span class='ocrx_word' id='word_1_936' title='bbox 2276 5600 2488 5641; x_wconf 88' lang='lat' dir='ltr'><strong>rursum</strong></span> <span class='ocrx_word' id='word_1_937' title='bbox 2528 5590 2649 5654; x_wconf 88' lang='lat' dir='ltr'><strong>post</strong></span> <span class='ocrx_word' id='word_1_938' title='bbox 2692 5576 3109 5645; x_wconf 80' lang='lat' dir='ltr'><strong>assumptionem</strong></span> <span class='ocrx_word' id='word_1_939' title='bbox 3141 5568 3307 5639; x_wconf 91' lang='lat' dir='ltr'><strong>ipsius</strong></span> <span class='ocrx_word' id='word_1_940' title='bbox 3349 5566 3611 5636; x_wconf 80' lang='lat' dir='ltr'><strong>fugerent,</strong></span> <span class='ocrx_word' id='word_1_941' title='bbox 3642 5560 3743 5614; x_wconf 85' lang='lat' dir='ltr'><strong>hac</strong></span> 
     </span>
    </p>
   </div>
   <div class='ocr_carea' id='block_1_120' title="bbox 2168 5651 3739 5751">
    <p class='ocr_par' dir='ltr' id='par_1_120' title="bbox 2168 5651 3739 5751">
     <span class='ocr_line' id='line_1_120' title="bbox 2168 5651 3739 5751; baseline -0.027 -10"><span class='ocrx_word' id='word_1_942' title='bbox 2168 5651 2603 5751; x_wconf 80' lang='lat' dir='ltr'><strong>exspectatione,</strong></span> <span class='ocrx_word' id='word_1_943' title='bbox 2634 5686 2731 5728; x_wconf 91' lang='lat' dir='ltr'><strong>ceu</strong></span> <span class='ocrx_word' id='word_1_944' title='bbox 2761 5666 2969 5723; x_wconf 79' lang='lat' dir='ltr'><strong>vinculo</strong></span> <span class='ocrx_word' id='word_1_945' title='bbox 2990 5705 3006 5732; x_wconf 93' lang='lat'><strong>,</strong></span> <span class='ocrx_word' id='word_1_946' title='bbox 3048 5663 3169 5718; x_wconf 83' lang='lat' dir='ltr'><strong>illus</strong></span> <span class='ocrx_word' id='word_1_947' title='bbox 3202 5671 3387 5713; x_wconf 90' lang='lat' dir='ltr'><strong>omnes</strong></span> <span class='ocrx_word' id='word_1_948' title='bbox 3415 5655 3485 5711; x_wconf 91' lang='lat' dir='ltr'><strong>ibi</strong></span> <span class='ocrx_word' id='word_1_949' title='bbox 3526 5651 3739 5719; x_wconf 80' lang='lat' dir='ltr'><strong>retinet.</strong></span> 
     </span>
    </p>
   </div>
  </div>
