4010 6158
218 421 224 427 ,
285 364 340 420 il
1292 354 1358 412 IN
1397 353 1580 411 ACTA
1619 344 2142 407 APOSTOLORUM.
2187 350 2418 408 llOMlL.
2461 352 2502 408 Ι.
3478 363 3550 420 ῃ

289 479 568 548 Postquam
591 483 766 530 autem
797 473 966 528 dixit:
996 469 1063 528 Ut
1087 477 1439 538 exspectarent
1476 464 1859 536 promissionem

287 568 468 634 Patris,
494 583 644 638 quam
669 565 879 629 audistis
907 582 939 618 a
965 580 1044 618 me
1061 604 1076 628 ,
1107 561 1293 617 subdit
1326 578 1340 614 :
1370 559 1425 614 5.
1470 557 1601 624 Quia
1627 557 1855 609 Joannes

285 658 472 724 quidem
508 657 778 724 baptizavit
827 673 982 725 aqua,
1030 670 1118 708 vos
1163 664 1334 706 autem
1381 648 1757 719 baptizabimini
1802 648 1855 700 in

286 749 471 820 Spiritu
511 759 687 804 sancto
727 765 827 801 non
864 756 975 815 post
1002 746 1187 798 multos
1214 744 1306 796 hos
1334 742 1459 796 dies.
1485 739 1734 794 Ostendit
1759 737 1855 791 de-

284 855 438 904 mum,
462 849 715 910 quantum
740 836 954 892 intersit
976 835 1234 890 Joannem
1265 833 1401 887 inter
1424 840 1476 886 et
1507 831 1676 900 ipsum
1703 845 1718 893 ;
1745 828 1855 896 jam

282 946 377 986 non
422 931 735 985 adumbrate
781 937 840 982 ut
880 938 1040 983 antea
1075 945 1088 980 :
1129 941 1252 980 nam
1292 925 1520 978 obscure
1565 919 1854 975 admodum

281 1021 517 1091 loquutus
558 1019 772 1083 fuerat,
805 1017 1030 1092 quando
1073 1016 1242 1071 dixit:
1276 1015 1375 1079 Qui
1404 1023 1568 1067 autent
1597 1012 1761 1065 minor
1785 1019 1856 1064 est

280 1111 324 1166 in
346 1129 498 1181 regno
525 1113 786 1177 caelorum,
817 1110 982 1180 major
1008 1117 1080 1162 est
1120 1107 1208 1161 illo
1241 1105 1450 1178 (Matth.
1485 1105 1569 1158 ll.
1598 1100 1684 1172 Η)
1721 1118 1733 1154 :
1760 1099 1852 1155 sed

281 1220 408 1259 nunc
438 1204 774 1259 manifestius
806 1219 820 1255 ι
846 1200 1070 1254 Joannes
1096 1241 1110 1265 ,
1140 1199 1348 1268 inquit,
1383 1195 1652 1265 baptizavit
1677 1208 1809 1262 aqua
1833 1233 1849 1257 ,

278 1311 352 1349 ros
379 1306 553 1349 autem
592 1293 967 1365 baptisabimini
1005 1292 1054 1345 in
1096 1291 1294 1359 Spiritu
1335 1296 1529 1344 sancto.
1575 1285 1692 1340 Non
1737 1285 1849 1354 jam

279 1387 436 1440 utitur
461 1386 797 1450 testimonio;
817 1385 910 1438 sed
941 1396 1225 1452 personam
1259 1389 1460 1434 tantum
1487 1384 1769 1439 memorat,
1797 1377 1850 1430 in

275 1477 587 1531 memoriam
631 1489 883 1530 revocans
928 1459 1013 1538 ea,
1060 1489 1179 1543 qua:
1223 1472 1367 1542 prius
1408 1471 1636 1535 dixerat,
1682 1467 1850 1537 signi-

274 1557 500 1637 licatque
531 1568 672 1635 ipsos
696 1567 801 1636 jam
827 1565 1064 1632 majores
1091 1579 1212 1618 esse
1242 1563 1486 1625 Joanne;
1511 1559 1772 1630 siquidem
1797 1560 1850 1612 in

271 1659 464 1727 Spiritu
492 1668 546 1713 et
571 1658 666 1728 ipsi
699 1658 1013 1726 baptizaturi
1056 1663 1226 1710 erant.
1275 1654 1390 1708 Non
1431 1653 1584 1716 dixit,
1621 1651 1726 1704 Vos
1751 1665 1850 1718 ego

274 1747 474 1820 baptizo
498 1749 549 1803 in
580 1749 781 1819 Spiritu
811 1756 1017 1812 sancto,
1043 1748 1160 1812 sed,
1188 1744 1580 1815 Baptizabimiui
1605 1758 1623 1795 :
1649 1742 1849 1796 docens

271 1855 362 1894 nos
401 1840 773 1894 humilitatem.
804 1838 938 1894 Nam
966 1855 1030 1892 ex
1079 1837 1384 1892 tesdmonio
1424 1833 1645 1890 Joannis
1671 1832 1846 1903 palam

272 1939 379 1984 erat
416 1932 588 2000 ipsum
631 1933 1018 2000 baptizaturnm
1053 1945 1210 1994 esse;
1246 1929 1380 1982 dixit
1407 1930 1549 1982 enim
1593 1944 1606 1979 :
1642 1924 1740 1978 Ille
1763 1940 1848 1978 vos

270 2023 533 2092 baptizabit
559 2026 610 2078 in
648 2025 845 2094 Spiritu
872 2035 1046 2080 sancto
1071 2034 1117 2078 et
1143 2025 1256 2094 igne
1282 2023 1430 2094 (Luc.
1457 2024 1509 2078 5.
1542 2022 1630 2086 16)
1665 2041 1677 2074 :
1703 2021 1849 2076 ideo-

269 2129 368 2181 que
393 2115 538 2168 illum
572 2132 732 2169 unum
763 2117 1099 2170 memoravit.
1132 2116 1418 2185 Evangelia
1447 2115 1606 2185 igitur
1629 2113 1846 2167 historia

266 2216 383 2258 sunt
415 2220 624 2270 eorum,
663 2222 782 2277 qua:
824 2206 1066 2263 Christus
1105 2206 1228 2262 fecit
1266 2215 1322 2262 et
1355 2206 1528 2261 dixit:
1559 2207 1688 2260 Acta
1720 2220 1847 2259 vero

266 2310 444 2351 eorum
491 2313 610 2367 quas
651 2299 785 2353 alius
826 2299 1132 2354 Paracletus
1157 2299 1290 2353 dixit
1313 2306 1368 2352 et
1394 2297 1538 2351 fecit.
1567 2297 1662 2352 llle
1696 2312 1848 2349 nam-

264 2401 361 2455 que
382 2389 496 2457 jam
523 2389 652 2443 olim
677 2391 842 2444 multa
870 2389 1191 2460 operabatur
1214 2431 1228 2457 ,
1254 2390 1394 2443 sicut
1423 2388 1582 2442 etiam
1605 2387 1847 2441 Christus

264 2493 402 2535 nunc
445 2492 718 2549 Operatur,
749 2492 802 2536 et
822 2483 948 2537 olim
975 2498 1188 2554 quoque
1212 2482 1568 2551 operabatur;
1598 2480 1692 2535 sed
1722 2489 1848 2536 tunc

262 2584 356 2638 per
383 2573 660 2642 templum,
696 2589 836 2628 nunc
865 2589 960 2644 per
988 2575 1278 2643 apostolos.
1313 2572 1379 2625 Et
1403 2583 1526 2626 tunc
1546 2571 1760 2640 quidem
1793 2571 1846 2624 in

260 2659 552 2730 virgineum
583 2674 788 2719 uterum
817 2667 981 2727 venit,
1011 2677 1066 2719 et
1096 2665 1354 2730 templum
1382 2663 1666 2727 lorinavit;
1707 2676 1848 2716 nunc

259 2761 433 2805 autem
483 2737 534 2807 in
574 2756 781 2809 animas
827 2757 970 2809 venit
997 2756 1316 2823 apostolicas
1350 2773 1362 2808 :
1398 2765 1522 2808 tunc
1571 2753 1622 2808 in
1669 2753 1850 2820 Specie

256 2842 540 2910 columbaa,
594 2861 736 2900 nunc
782 2847 833 2900 in
876 2847 1055 2915 specie
1099 2846 1256 2916 ignis.
1289 2845 1510 2912 Quare?
1554 2843 1668 2897 Illic
1698 2857 1850 2896 man.

255 2935 595 2990 suetudinem
628 2937 936 3002 exhibebat,
967 2936 1052 2990 hic
1079 2952 1210 2990 vero
1238 2936 1454 2989 ultionis
1481 2935 1847 2988 severitatem.

253 3024 530 3081 Judicium
576 3037 754 3081 autem
784 3035 1086 3096 opportune
1109 3035 1516 3080 commemorat.
1551 3025 1680 3080 Cum
1709 3024 1851 3078 enim

255 3129 481 3184 peccata
512 3118 864 3173 condonanda
891 3129 1064 3183 erant,
1102 3118 1265 3171 multa
1296 3131 1430 3186 opus
1455 3126 1569 3171 erat
1598 3131 1849 3170 mansue-

252 3210 444 3265 tudine
483 3210 650 3279 :quia
700 3226 824 3264 vero
869 3208 1066 3264 donum
1113 3210 1425 3279 consequuti
1482 3225 1691 3276 sumus,
1735 3209 1845 3278 jam

253 3310 467 3372 tempus
525 3312 608 3356 est
657 3302 844 3370 judicii
896 3311 950 3357 et
995 3303 1273 3356 examinis.
1335 3303 1614 3368 Quomodo
1669 3313 1845 3357 autem

254 3393 413 3460 dicit,
445 3393 878 3464 Baptizabimiui,
909 3409 1029 3449 cum
1083 3410 1217 3464 aqua
1271 3409 1377 3449 non
1430 3405 1575 3450 esset
1625 3395 1678 3448 in
1731 3409 1844 3450 ca:-

259 3489 495 3542 naculo?
543 3488 675 3556 Quia
717 3487 946 3555 Spiritus
975 3497 1091 3551 est,
1121 3502 1216 3556 per
1259 3502 1417 3556 quem
1473 3503 1609 3557 aqua
1661 3502 1850 3556 opera-

259 3587 372 3632 tur:
397 3578 860 3649 quemadmodum
897 3578 1146 3633 Christus
1186 3588 1374 3632 unctus
1416 3579 1583 3634 fuisse
1629 3579 1846 3644 dicitur,

259 3668 375 3725 licet
426 3686 728 3740 numquam
778 3671 899 3725 oleo
947 3681 1138 3725 unctus
1190 3669 1390 3737 fuerit,
1441 3670 1536 3726 sed
1591 3669 1848 3740 Spiritum

258 3765 549 3832 acceperit.
584 3763 832 3833 Alioquin
863 3777 990 3818 vero
1035 3765 1178 3833 ipsos
1222 3779 1356 3834 aqua
1401 3764 1693 3832 baptizatos
1719 3764 1851 3820 luis-

260 3867 313 3906 se
354 3856 601 3922 reperire
648 3864 763 3917 est,
797 3864 852 3909 et
898 3857 951 3909 in
1003 3855 1231 3910 diversis
1286 3856 1634 3925 temporibus.
1691 3855 1847 3927 Apud

262 3959 352 3999 nos
378 3948 525 4002 enim
561 3956 846 4016 utrumque
873 3962 980 4001 uno
1007 3947 1302 4014 eodemque
1328 3947 1388 4000 lit
1418 3957 1658 4016 tempore
1676 3989 1692 4012 ,
1724 3958 1848 4003 tunc

262 4045 428 4091 autem
468 4038 707 4092 diversis
755 4039 1101 4107 temporibus.
1148 4039 1304 4093 Initio
1335 4055 1564 4108 namque
1589 4054 1618 4091 a
1645 4039 1851 4094 Joanne

264 4126 503 4198 baptizati
532 4140 704 4195 sunt;
745 4145 843 4184 nec
875 4131 1064 4185 mirum
1093 4139 1195 4185 est.
1228 4130 1358 4184 Nam
1386 4131 1431 4184 si
1459 4132 1772 4186 meretrices
1795 4141 1851 4186 et

263 4223 520 4289 publicani
569 4223 642 4278 ad
687 4223 814 4278 illud
845 4223 1103 4293 baptisma
1149 4233 1444 4289 venerunt;
1486 4224 1654 4280 multo
1683 4224 1852 4293 magis

266 4313 328 4379 ii,
356 4316 441 4384 qui
475 4329 671 4386 postea
701 4331 731 4370 a
760 4315 958 4384 Spiritu
988 4316 1290 4385 baptizandi
1321 4325 1494 4368 erant.
1527 4313 1749 4376 Deinde,
1781 4329 1849 4368 ne

264 4403 527 4474 dicerent’,
557 4422 680 4463 rem
711 4406 761 4460 in
800 4405 1081 4476 promissis
1110 4419 1325 4472 semper
1352 4419 1470 4458 esse
1496 4403 1659 4474 (nam
1691 4402 1854 4456 multa

265 4493 353 4551 hac
373 4498 441 4553 de
465 4515 528 4554 re
558 4499 708 4555 dicta
739 4495 1028 4566 fuerant);
1061 4511 1193 4551 neve
1221 4503 1468 4564 putarent
1490 4495 1856 4565 operationem

265 4602 373 4644 esse
395 4593 512 4648 sine
542 4607 612 4647 re
639 4591 838 4663 aliqua,
869 4589 992 4643 illos
1017 4585 1084 4642 ab
1105 4585 1206 4642 hac
1234 4585 1538 4655 suspicione
1562 4584 1852 4653 abducens,

266 4681 332 4735 ait
356 4699 370 4735 :
398 4682 522 4740 Non
553 4694 675 4755 post
701 4685 887 4738 multos
912 4685 1005 4736 hos
1030 4681 1158 4735 dies.
1197 4679 1382 4751 Neque
1408 4680 1661 4736 indicavit
1689 4696 1855 4752 quan-

265 4770 364 4839 do,
405 4786 462 4830 ut
504 4790 735 4844 semper
763 4774 1074 4844 vigilarent;
1105 4773 1199 4828 sed
1236 4771 1387 4827 brevi
1425 4773 1659 4828 futurum
1684 4773 1852 4838 dixit,

267 4877 327 4917 ne
351 4867 532 4924 animo
560 4867 894 4931 deﬁcerent;
923 4882 1020 4922 nec
1049 4866 1255 4922 addidit
1279 4865 1522 4937 quando,
1551 4875 1606 4921 ut
1640 4880 1855 4937 semper

268 4955 440 5026 vigiles
465 4969 682 5015 essent.
727 4956 912 5027 Neque
940 4958 1039 5014 hoc
1065 4968 1268 5014 tantum
1297 4957 1458 5012 modo
1496 4958 1616 5013 illos
1642 4958 1709 5012 ad
1737 4973 1855 5014 creo

267 5047 490 5109 deudum
540 5053 776 5116 inducit,
817 5053 1023 5108 scilicet
1059 5069 1151 5123 per
1193 5054 1512 5110 brevitatem
1559 5052 1851 5122 temporis;

265 5142 348 5197 sed
372 5146 536 5200 etiam
559 5160 689 5201 cum
714 5144 863 5210 dicit,
885 5142 1278 5200 Promissiouem
1300 5161 1454 5214 quam
1469 5143 1680 5198 audistis
1695 5159 1726 5195 a
1743 5159 1854 5208 me;

270 5232 313 5286 id
340 5247 419 5291 est
445 5256 460 5292 :
487 5236 613 5293 Non
645 5253 787 5291 nunc
810 5236 962 5292 vobis
986 5245 1186 5291 tantum
1211 5237 1342 5304 dixi,
1366 5235 1462 5291 sed
1478 5237 1588 5305 jam
1612 5234 1852 5304 promisi,

268 5340 374 5393 qua:
415 5329 651 5384 omnino
698 5327 933 5383 facturus
971 5343 1112 5384 sum.
1155 5327 1292 5395 Quid
1335 5343 1462 5399 ergo
1511 5326 1765 5393 miraris,
1809 5325 1854 5380 si

269 5415 394 5475 diem
437 5423 930 5478 consummationis
971 5436 1079 5476 non
1122 5421 1294 5487 dicat,
1326 5422 1414 5493 qui
1455 5420 1597 5476 hunc
1623 5420 1853 5474 vicinum

269 5507 396 5568 diem
422 5514 611 5571 noluit
644 5514 922 5569 indicare?
952 5514 1114 5584 quue
1133 5513 1255 5582 jure
1279 5513 1494 5580 merito,
1521 5522 1578 5567 ut
1600 5512 1850 5568 nimirum

270 5606 634 5674 exspectando
661 5605 941 5675 vigilarent
964 5620 1027 5659 ac
1047 5603 1259 5659 solliciti
1286 5611 1484 5658 essent.

331 5698 384 5754 6.
413 5696 536 5753 Non
570 5705 758 5768 potest
783 5699 924 5760 enim
945 5737 961 5762 ,
999 5711 1105 5750 non
1149 5703 1360 5766 potest,
1403 5692 1618 5762 inquam
1639 5732 1652 5756 ,
1688 5693 1857 5762 gratia

275 5783 363 5844 imi
400 5791 494 5862 qui
540 5804 662 5846 non
704 5788 903 5860 vigilat.
945 5791 1140 5844 Annon
1168 5787 1352 5854 vides,
1381 5783 1506 5856 quid
1545 5784 1686 5839 dicat
1715 5784 1859 5840 Elias

1964 459 2265 531 discipulo?
2310 465 2374 519 Si
2419 467 2606 522 videris
2651 484 2730 521 me
2769 485 2883 523 cum
2931 488 3180 540 assumar,
3218 475 3311 528 erit
3352 476 3445 532 tibi
3477 481 3550 532 sic

1967 553 2055 622 (4.
2087 553 2213 625 Reg.
2245 554 2297 608 2.
2334 556 2442 628 10)
2469 575 2481 609 :
2511 557 2562 610 id
2591 566 2694 625 est,
2723 556 3006 631 Continget
3033 562 3125 618 tibi
3157 563 3258 620 hoc
3283 566 3422 636 quod
3453 583 3546 638 po-

1961 645 2148 699 stulas.
2175 646 2419 702 Christus
2448 665 2660 720 quoque
2685 653 2890 708 solebat
2915 656 3295 712 accedentibus
3322 659 3503 716 dicere
3525 702 3543 727 ,

1961 734 2176 789 Credis?
2205 736 2418 794 Etenim
2444 741 2544 794 nisi
2586 741 2662 795 rei
2693 742 2832 798 data:
2860 744 3149 801 admodum
3195 749 3504 805 hmscritnus
3526 791 3544 818 ,

1958 825 2276 882 beneficium
2329 846 2434 885 non
2478 831 2632 888 valde
2679 836 2992 891 sentiemus.
3038 837 3127 894 Sic
3166 849 3218 894 et
3248 840 3412 896 Paulo
3439 858 3546 899 non

1957 921 2135 975 statim
2163 922 2286 976 data
2336 934 2414 978 est
2441 927 2608 994 gratia
2631 968 2646 992 ,
2692 927 2786 982 sed
2833 929 3062 984 triduum
3108 931 3412 988 intercessit
3439 951 3546 1006 quo

1956 1026 2130 1067 caecus
2157 1025 2312 1080 erat,
2341 1024 2500 1086 atque
2531 1017 2742 1073 interim
2774 1029 2917 1075 metu
2947 1023 3268 1092 purgabatur
3303 1034 3360 1079 et
3405 1043 3540 1094 prze—

1958 1105 2263 1172 parabatur.
2296 1108 2756 1174 Quemadmodum
2802 1111 2944 1166 enim
2987 1116 3076 1182 qui
3120 1129 3406 1185 purpuram
3441 1118 3543 1172 tin-

1953 1203 2104 1262 gunt,
2136 1197 2278 1265 prius
2305 1200 2618 1268 quibusdam
2647 1202 2768 1256 aliis
2807 1215 3110 1272 praeparant
3139 1205 3210 1270 id,
3253 1206 3394 1276 quod
3440 1207 3544 1262 titt-

1955 1295 2160 1342 cturam
2183 1303 2528 1358 accepturum
2557 1301 2675 1355 est,
2704 1309 2770 1347 ne
2797 1293 2895 1349 llos
2922 1296 3180 1350 evanidus
3210 1299 3278 1352 sit
3306 1316 3321 1355 :
3350 1299 3420 1353 ita
3452 1300 3540 1354 hic

1953 1394 2167 1448 quoque
2197 1381 2342 1434 Deus
2372 1382 2518 1450 prius
2557 1383 2837 1438 sollicitam
2869 1387 3100 1441 animam
3133 1401 3396 1456 pra-parat
3422 1431 3437 1456 ,
3487 1401 3542 1445 et

1956 1481 2082 1524 tunc
2128 1471 2353 1540 gratiam
2404 1473 2654 1529 infundit.
2696 1475 2897 1531 Idcirco
2937 1493 3042 1532 non
3073 1480 3250 1534 statim
3282 1479 3539 1550 Spiritum

1953 1562 2115 1625 misit,
2140 1563 2234 1618 sed
2259 1565 2310 1618 in
2344 1565 2677 1621 Pentecoste.

2026 1651 2127 1706 Cur
2169 1654 2448 1724 baptismus
2490 1666 2712 1726 tempore
2758 1657 3102 1730 Clirysostomi
3142 1662 3196 1716 in
3245 1662 3542 1720 Pentecoste

1951 1759 2051 1796 non
2089 1744 2316 1800 daretur.
2354 1776 2427 1786 —-
2467 1747 2619 1814 Quod
2665 1749 2710 1803 si
2741 1752 2862 1820 quis
2901 1751 3095 1806 dixerit
3124 1773 3136 1808 :
3165 1753 3272 1808 Cur
3301 1769 3398 1810 nos
3429 1770 3536 1811 non

1951 1835 2054 1892 hoc
2099 1846 2340 1908 tempore
2388 1839 2762 1909 baptizamus?
2791 1844 3256 1912 respondebimus,
3309 1847 3538 1916 gratiam

1948 1929 2192 1982 eamdem
2223 1940 2351 1986 tunc
2377 1930 2539 1987 fuisse
2565 1949 2688 2002 qua:
2721 1950 2863 1989 nunc
2886 1945 2997 2000 est;
3026 1936 3118 1990 sed
3147 1949 3378 1992 mentem
3408 1937 3540 1992 sub-

1949 2019 2214 2074 limiorem
2259 2037 2401 2077 nunc
2443 2038 2586 2088 esse,
2615 2025 2756 2094 quod
2785 2025 2990 2095 jejunio
3018 2039 3368 2096 prmparetur.
3402 2029 3542 2084 Pen-

1953 2121 2186 2168 tecostes
2229 2130 2359 2169 vero
2408 2124 2617 2184 tempus
2660 2115 2822 2170 habet
2862 2119 3092 2188 aliquam
3135 2120 3390 2172 rationein
3434 2136 3539 2174 noti

1950 2203 2204 2272 ineptam.
2254 2206 2507 2271 Quaenam
2558 2207 2645 2261 illa
2693 2209 2814 2263 est?
2857 2209 3309 2265 Existimaverunt
3359 2221 3538 2280 patres

1949 2297 2140 2359 nostri,
2172 2297 2431 2366 baptisma
2464 2315 2584 2354 esse
2622 2299 2830 2354 frenum
2863 2301 3112 2356 idoneum
3157 2301 3310 2356 mala:
3340 2317 3539 2357 concu-

1948 2389 2250 2459 pisceutiae,
2301 2409 2653 2464 magnamque
2679 2395 2976 2450 doctrinam
3015 2395 3326 2458 continere,
3369 2403 3426 2448 ut
3452 2395 3534 2448 vel

1951 2493 2190 2550 tempore
2232 2481 2542 2539 deliciarum
2588 2495 2945 2555 temperantes
2987 2487 3176 2542 simus.
3229 2487 3307 2540 Ac
3335 2487 3379 2540 si
3408 2501 3537 2555 ergo

1947 2590 2066 2629 cum
2113 2577 2324 2631 Christo
2363 2579 2673 2646 epulemur,
2715 2595 2915 2634 mensa:
2953 2579 3068 2648 ejus
3115 2588 3414 2643 consortes,
3468 2593 3537 2633 nc

1948 2666 2073 2734 quid
2119 2674 2322 2721 temere
2361 2667 2636 2732 faciamus,
2679 2669 2770 2724 sed
2817 2670 2871 2723 in
2915 2669 3162 2739 jejuniis,
3193 2668 3438 2738 precibus
3483 2675 3538 2721 et

1950 2759 2301 2824 temperantia
2334 2758 2498 2810 multa
2527 2758 2801 2825 degamus.
2833 2758 2966 2812 Nam
2993 2760 3037 2812 si
3074 2760 3152 2822 is,
3191 2748 3280 2827 qui
3311 2760 3536 2813 sarcula-

1951 2862 2065 2902 rem
2095 2847 2382 2916 quamdam
2413 2846 2785 2914 praefecturam
2816 2846 3056 2900 aditurus
3084 2855 3200 2912 est,
3251 2846 3350 2901 sibi
3391 2857 3542 2916 parat

1952 2935 2209 3006 quidquid
2243 2935 2309 2989 ad
2357 2937 2514 2989 vitam
2547 2938 2812 3005 pertinet;
2845 2945 2900 2991 et
2927 2943 2983 2988 ut
3008 2935 3318 3006 dignitatem
3358 2951 3540 3005 quam-

1953 3031 2072 3084 dam
2102 3040 2454 3099 assequatur,
2487 3029 2740 3099 pecunias
2778 3029 3072 3098 impendit,
3101 3038 3310 3098 tempus
3346 3044 3542 3084 consu-

1949 3122 2066 3188 mit,
2097 3130 2149 3176 et
2192 3131 2478 3176 sexcentos
2518 3120 2664 3176 subit
2705 3121 2952 3187 labores;
2984 3137 3095 3191 quo
3121 3136 3220 3176 nos
3248 3121 3392 3192 digni
3427 3121 3540 3177 fue-

1947 3213 2118 3265 rimus
2173 3211 2436 3283 supplicio
2489 3213 2578 3282 qui
2632 3227 2752 3266 cum
2805 3219 2952 3266 tanta
3007 3213 3253 3267 socordia
3311 3227 3536 3283 regnum

1947 3305 2200 3359 caalorum
2231 3304 2463 3366 adimus,
2497 3320 2670 3373 neque
2697 3313 2983 3373 antequam
3010 3318 3361 3372 assequamur
3391 3303 3541 3358 solli-

1948 3397 2059 3462 citi,
2092 3407 2146 3450 et
2188 3403 2309 3465 post
2351 3403 2630 3464 acceptum
2658 3394 2872 3464 ignavi?
2903 3393 3030 3448 ldeo
3074 3394 3217 3448 enim
3262 3405 3538 3463 postquam

1948 3490 2275 3560 accepimus,
2324 3505 2517 3560 segnes
2542 3505 2750 3554 sumus,
2791 3490 2914 3557 quia
2956 3495 3242 3558 antequam
3273 3487 3543 3555 accipere-

1951 3597 2102 3644 mus,
2135 3597 2242 3636 non
2277 3582 2629 3651 vigilavimus.
2664 3581 2868 3636 Idcirco
2893 3580 3043 3634 multi
3073 3588 3352 3650 postquam
3389 3595 3544 3634 acce-

1950 3682 2181 3742 perunt,
2233 3675 2476 3742 protinus
2525 3671 2591 3726 ad
2636 3672 2872 3741 priorem
2916 3672 3179 3726 vomitum
3230 3671 3538 3736 redierunt,

1953 3764 2164 3833 pejores
2193 3771 2320 3818 sunt
2343 3763 2536 3827 el'l‘ecti,
2567 3772 2622 3818 et
2646 3765 2861 3833 gravius
2889 3761 2992 3815 sibi
3021 3760 3341 3830 supplicium
3374 3771 3540 3815 attra-
3592 3809 3595 3812 .

1952 3864 2161 3921 xerunt,
2193 3871 2222 3910 a
2257 3857 2529 3926 prioribus
2556 3856 2762 3910 liberati
2799 3854 3031 3924 peccatis
3062 3874 3075 3908 :
3117 3853 3348 3923 hincque
3372 3854 3542 3923 magis

1947 3947 2182 4016 judicem
2225 3947 2293 4001 ad
2335 3946 2468 4000 iram
2516 3946 2874 4012 concitarunt,
2920 3945 3061 4015 quod
3111 3960 3139 3998 a
3190 3953 3340 3999 tanto
3385 3944 3540 3999 soluti

1951 4037 2160 4102 morbo,
2212 4053 2278 4092 ne
2322 4037 2400 4091 sic
2443 4037 2659 4106 quidem
2707 4035 3071 4105 resipuerint;
3100 4034 3193 4088 sed
3230 4032 3358 4087 illud
3403 4035 3543 4103 passi

1953 4128 2082 4194 sint,
2125 4127 2593 4199 quodparalytico
2638 4127 2996 4181 comminatus
3039 4136 3121 4180 est
3159 4125 3425 4187 Christus,
3458 4124 3543 4177 di-

1952 4234 2082 4275 cens
2121 4236 2135 4272 :
2172 4219 2304 4272 Ecce
2328 4235 2484 4272 sanus
2511 4222 2675 4288 [actus
2714 4234 2798 4282 es;
2829 4217 2933 4270 noti
2961 4215 3183 4284 amplius
3210 4229 3446 4284 peccare,
3486 4229 3550 4266 ne

1954 4311 2076 4378 quid
2098 4309 2183 4362 tibi
2211 4310 2430 4361 deterius
2461 4309 2715 4374 contingat
2741 4307 2921 4377 (Joan.
2952 4308 3005 4360 5.
3037 4305 3126 4374 14)
3154 4322 3166 4355 :
3194 4304 3443 4373 quodque
3478 4304 3544 4358 do

1956 4399 2156 4454 Jud:eis
2183 4397 2449 4466 prazdixit,
2479 4397 2767 4448 ostendens
2802 4398 2946 4463 ipsos
2971 4394 3164 4463 ingrati
3195 4394 3359 4448 animi
3385 4410 3546 4448 causa

1960 4487 2310 4544 intolerabilia
2345 4501 2593 4557 passuros
2613 4500 2732 4540 esse
2761 4503 2774 4538 :
2804 4485 2866 4541 Si
2908 4501 3007 4539 non
3036 4484 3277 4538 venissem
3306 4495 3350 4537 et
3371 4485 3548 4553 loquu-

1959 4590 2040 4635 tus
2067 4579 2275 4650 fuissem
2301 4580 2390 4645 eis,
2418 4586 2674 4649 peccatum
2701 4593 2800 4631 non
2828 4577 3065 4632 haberent
3097 4574 3272 4648 (Joan.
3310 4575 3394 4632 15.
3425 4575 3535 4645 2‘2).

1959 4673 2142 4744 Itaque
2173 4671 2395 4743 posthac
2418 4670 2576 4740 dupla
2605 4679 2658 4723 et
2695 4669 2991 4740 quadrupla
3015 4678 3140 4724 sunt
3167 4678 3404 4739 peccata.
3429 4669 3546 4736 Quo

1958 4765 2159 4837 pacto?
2188 4764 2321 4831 Quia
2349 4772 2474 4834 post
2500 4762 2750 4816 collatum
2780 4762 3037 4816 honorem
3064 4760 3254 4829 ingrati
3283 4776 3469 4814 smnus
3493 4769 3547 4812 et

1957 4859 2204 4930 improbi.
2246 4858 2581 4927 Quapropter
2624 4853 2752 4909 nihil
2793 4853 2951 4908 nobis
2992 4851 3202 4922 prolicit
3231 4852 3543 4914 lavacrum,

1955 4963 2014 5009 ut
2055 4953 2236 5007 mitius
2281 4951 2582 5020 puniamur.
2628 4946 3006 5000 Animadverte
3039 4957 3236 5014 porro:
3277 4943 3328 4997 in
3365 4943 3546 5011 gravia

1959 5054 2174 5116 peccata
2204 5043 2322 5114 quis
2349 5041 2570 5104 incidit;
2599 5038 2680 5094 vel
2711 5037 2934 5102 cuidem,
2964 5037 3055 5092 vel
3084 5028 3427 5097 adulterium,
3455 5032 3541 5085 vel

1959 5137 2102 5192 aliud
2143 5134 2418 5207 quidpiam
2447 5130 2686 5187 deterius
2711 5129 2924 5186 admisit
2957 5145 2970 5182 :
3003 5127 3118 5183 haec
3147 5143 3244 5198 per
3273 5126 3542 5178 lavacrum

1960 5229 2185 5285 remissa
2228 5234 2373 5280 sunt.
2422 5224 2634 5279 Nullum
2679 5223 2877 5292 quippe
2905 5229 2987 5275 est
3011 5261 3025 5286 ,
3057 5220 3262 5274 nullum
3289 5226 3366 5269 est
3396 5225 3543 5271 certe

1962 5329 2262 5394 peccatum,
2291 5317 2433 5372 nulla
2460 5316 2722 5385 impietas,
2753 5329 2871 5383 quae
2901 5311 3023 5366 huic
3044 5311 3187 5365 dono
3214 5322 3318 5360 non
3343 5305 3496 5360 cedat
3525 5322 3542 5362 :

1959 5414 2136 5470 divina
2167 5411 2361 5480 quippe
2395 5418 2476 5463 est
2503 5406 2691 5476 gratia.
2722 5404 2958 5458 Rursum
2989 5400 3288 5456 mtechatus
3313 5409 3395 5452 est
3425 5397 3543 5468 quis

1960 5513 2014 5558 et
2043 5499 2240 5558 occidit
2270 5516 2283 5552 :
2314 5497 2542 5568 primum
2573 5494 2788 5565 quidem
2820 5489 3140 5545 adulterium
3170 5487 3400 5542 solututn
3430 5494 3536 5554 est,

1961 5608 2016 5652 et
2054 5594 2229 5651 caedes
2269 5589 2587 5655 condonata,
2617 5600 2792 5656 neque
2818 5593 3100 5639 revocatur
3126 5601 3139 5636 :
3169 5580 3317 5635 Dona
3343 5583 3539 5657 quippe

1961 5689 2058 5744 Dei
2085 5697 2133 5744 et
2157 5684 2349 5740 vacatio
2378 5683 2488 5753 ejus
2516 5689 2632 5736 sunt
2659 5679 2766 5733 sine
2793 5675 3084 5746 poenitentia
3112 5674 3284 5745 (Rom.
3311 5675 3396 5730 ll.
3420 5674 3536 5742 29).

1962 5783 2068 5841 Sed
2115 5795 2212 5854 pro
2258 5779 2342 5847 iis,
2389 5790 2508 5847 qua:
2548 5779 2668 5844 post
2705 5766 3026 5839 baptismum
3065 5776 3369 5840 perpetrata
3397 5772 3529 5822 sunt
