4010 6158
472 356 546 414 93
1222 350 1277 408 S.
1318 347 1595 405 JOANNIS
1630 339 2104 403 CllllYSOSTOMl
2144 338 2463 399 ARCHIEP.
2502 342 3035 404 CONSTANTINOP.
3677 344 3739 401 ξι

472 481 647 528 tantas
687 470 876 526 damus
920 481 1124 539 pinnas,
1168 470 1395 538 quantas
1431 467 1477 521 si
1524 465 1613 519 illa
1659 470 1909 518 revocata
1951 472 2058 512 non

472 564 736 630 fuissent,
770 563 878 617 imo
907 560 1066 631 longe
1098 560 1351 630 majores.
1383 558 1500 614 Non
1524 558 1667 612 enim
1693 557 1804 626 jam
1833 554 2059 625 simplex

470 663 554 710 est
578 661 876 723 peceatum,
905 652 997 707 sed
1027 652 1225 722 duplex
1249 662 1304 706 et
1328 652 1544 720 triplex.
1572 648 1725 716 Quod
1754 657 1933 702 autem
1964 645 2063 699 ho-

472 761 590 802 rum
612 746 783 815 major
804 746 872 799 sit
897 744 1045 809 ultio,
1075 744 1199 798 audi
1222 743 1348 813 quid
1369 743 1513 797 di’cat
1534 736 1730 797 Paulus
1759 757 1773 793 :
1805 752 1823 790 ι
1856 738 2060 793 Iri-itam

470 837 590 907 quis
634 836 838 891 faciens
887 836 1056 905 legem
1108 835 1326 906 Moysis,
1374 835 1492 890 sine
1533 834 1639 888 ulla
1690 829 2057 887 misericordia

470 930 680 984 duobus
722 929 806 983 vel
847 928 1018 983 tribus
1066 928 1292 982 testibus
1336 926 1566 981 moritur
1599 943 1613 980 :
1645 930 1846 995 quanto
1891 921 2060 991 magis

472 1021 672 1091 putatis
718 1020 983 1074 deteriora
1034 1019 1227 1074 mereri
1278 1019 1535 1088 supplicia
1582 1016 1673 1086 qui
1721 1015 1914 1069 Filium
1963 1012 2059 1067 Dei

470 1113 908 1176 conculcaverit,
961 1121 1016 1165 et
1069 1111 1383 1179 sanguinem
1436 1108 1738 1163 testamenti
1799 1107 2056 1175 pollutum

471 1206 704 1268 duxerit,
734 1213 789 1259 et
816 1204 1023 1274 spiritui
1049 1202 1235 1274 gratiae
1259 1201 1636 1258 contumeliam
1664 1194 1851 1255 fecerit
1872 1197 2056 1263 (Hebr.

473 1297 559 1351 to.
589 1296 678 1350 es.
704 1294 840 1367 29)?
877 1312 895 1346 ι

541 1384 727 1439 Contra
776 1401 859 1440 eos
912 1384 999 1454 qui
1053 1384 1302 1454 baptisma
1357 1380 1677 1448 di/Terebant.
1707 1368 2053 1434 —Fortasse

470 1477 670 1531 multos
700 1477 992 1531 avertimus
1012 1518 1027 1542 ,
1057 1492 1125 1529 ne
1154 1489 1294 1529 nunc
1328 1474 1594 1541 accipiant
1636 1471 1922 1541 baptisma.
1952 1468 2060 1523 Ve-

471 1584 589 1623 rum
621 1584 725 1624 non
757 1569 872 1623 hate
915 1568 1004 1621 illa
1042 1567 1109 1621 de
1137 1581 1298 1620 causa
1325 1565 1559 1619 diximus
1583 1605 1598 1630 ,
1627 1563 1722 1618 sed
1745 1572 1804 1615 ut
1829 1561 1918 1630 qui
1946 1560 2056 1630 jam

468 1670 812 1730 acceperunt,
838 1659 890 1713 in
919 1658 1080 1712 multa
1110 1666 1361 1711 maneant
1388 1653 1736 1723 temperantia
1783 1661 1836 1707 et
1870 1650 2057 1705 mede-

472 1752 597 1807 stia.
630 1755 703 1807 At
730 1761 929 1815 metuo,
955 1750 1095 1805 dicet
1117 1750 1327 1819 aliquis.
1358 1748 1413 1803 Si
1439 1756 1731 1810 metueres,
1756 1745 2057 1813 accepisses

470 1843 652 1913 utique
679 1853 733 1897 et
754 1856 1050 1896 servasses.
1086 1841 1302 1906 Verum,
1337 1839 1546 1909 inquies
1566 1880 1581 1905 ,
1612 1852 1673 1891 ea
1698 1837 1810 1906 ipsa
1837 1836 1903 1890 de
1931 1848 2059 1889 cau-

468 1946 526 1986 sa
555 1948 659 1987 non
691 1931 930 2001 aCCipio,
961 1930 1101 2000 quod
1134 1938 1386 1985 metuam.
1418 1931 1614 1983 Annon
1664 1927 1859 1981 metuis
1885 1926 1961 1979 sic
1984 1940 2052 1979 ex

469 2022 569 2077 hac
596 2023 702 2075 vita
732 2020 1036 2075 decedere?
1065 2019 1334 2085 Clemens,
1367 2020 1559 2089 inquit,
1588 2025 1671 2073 est
1701 2018 1860 2071 Deus.
1895 2015 2058 2084 igitur

469 2113 651 2182 accipe
678 2112 939 2181 baptisma
964 2127 977 2163 :
1003 2111 1242 2166 clemens
1275 2110 1417 2164 enim
1445 2118 1528 2164 est
1554 2116 1608 2163 et
1643 2107 1950 2176 upitulatur.
1977 2104 2054 2159 Tu

464 2221 593 2260 vero
615 2205 704 2259 ubi
735 2215 1006 2274 Oporteret
1035 2202 1270 2258 studiose
1289 2217 1401 2257 rem
1428 2216 1606 2272 agere,
1628 2200 1770 2254 illam
1801 2213 1904 2253 non
1928 2212 2057 2266 prae-

464 2296 641 2351 tendis
666 2295 1004 2350 clementiam
1029 2310 1045 2357 ;
1077 2293 1165 2347 ubi
1199 2306 1330 2347 vero
1360 2290 1577 2346 diﬂerre
1619 2299 1807 2361 optas,
1830 2299 1957 2343 tunc
1986 2287 2055 2340 il-

465 2388 571 2441 lam
609 2387 948 2442 clementiam
990 2399 1279 2440 memoras.
1317 2385 1476 2455 Atqui
1519 2394 1645 2438 tunc
1673 2392 1888 2451 tempus
1913 2390 2057 2435 esset

465 2479 648 2534 utendi
672 2478 760 2533 illa
783 2478 1091 2540 clementia,
1119 2485 1280 2546 atque
1302 2476 1445 2530 illam
1475 2484 1587 2529 tum
1613 2475 1780 2544 magis
1802 2487 2058 2541 asseque—

470 2584 607 2634 mur,
642 2584 762 2623 eum
790 2583 851 2623 ea
882 2585 1001 2637 quae
1032 2583 1201 2637 penes
1229 2582 1327 2621 nos
1356 2574 1480 2620 sunt
1506 2565 1809 2620 aﬂ'eremus.
1842 2562 2053 2618 Etenim

462 2660 529 2726 is,
557 2660 646 2730 qui
668 2660 847 2715 omnia
870 2660 924 2714 in
947 2660 1111 2715 Deum
1137 2659 1331 2727 rejicit,
1357 2667 1411 2713 et
1441 2667 1561 2726 post
1586 2656 1847 2726 baptisma
1870 2664 2055 2725 peccat

465 2760 649 2820 utpote
676 2752 858 2815 homo,
892 2768 989 2822 per
1014 2750 1384 2823 pmuitentiam
1414 2749 1569 2805 venia
1597 2749 1885 2805 donabitur
1917 2766 1930 2802 :
1963 2748 2053 2818 qui

459 2861 587 2900 vero
624 2846 691 2900 de
738 2846 830 2900 Dei
874 2846 1158 2900 clementia
1198 2846 1351 2916 quasi
1395 2854 1580 2916 argute
1620 2844 1765 2915 agit,
1796 2845 1838 2899 si
1869 2840 2054 2914 gratiae

461 2953 656 3007 expers
696 2937 820 2991 hinc
855 2938 1109 3001 decedat,
1141 2938 1435 2992 inevitabili
1478 2939 1740 3007 supplicio
1770 2938 2050 3007 plectetur.

459 3030 567 3085 Cur
596 3039 773 3084 autem
819 3029 934 3083 haec
976 3030 1237 3083 adversus
1267 3031 1493 3083 salutem
1527 3033 1667 3082 tuam
1715 3028 2053 3097 praetendis?

462 3122 799 3192 Impossibile
830 3122 970 3175 enim
1002 3131 1102 3186 est,
1140 3122 1489 3192 impossibile,
1525 3133 1581 3175 ut
1610 3131 1763 3190 puto,
1783 3128 1885 3183 est,
1904 3135 2049 3185 eum,

458 3216 546 3285 qui
576 3215 666 3269 tali
697 3230 793 3283 spe
823 3214 987 3267 fultus
1015 3214 1228 3279 differt,
1275 3223 1553 3268 strenuum
1580 3213 1705 3284 quid
1734 3223 1825 3266 aut
1852 3212 2051 3266 bonum

460 3308 691 3375 operari.
719 3306 796 3360 Tu
829 3322 956 3360 vero
991 3322 1089 3361 cur
1116 3315 1321 3360 tantum
1353 3316 1554 3360 metum
1586 3307 1847 3374 suscipis,
1878 3314 1932 3359 et
1967 3306 2050 3358 in-

456 3407 662 3451 certmn
698 3398 931 3452 futurum
957 3399 1286 3467 prmtendis?
1318 3413 1416 3452 cur
1445 3412 1550 3452 non
1584 3407 1781 3453 metum
1817 3398 1969 3451 illum
1997 3401 2049 3451 iu

458 3489 693 3543 laborem
717 3500 770 3543 et
794 3489 1127 3556 diligentiam
1157 3498 1350 3555 mutas,
1378 3500 1435 3543 ut
1466 3490 1540 3543 sis
1566 3503 1791 3559 magnus
1812 3496 1866 3543 et
1890 3489 2053 3542 mira-

458 3582 625 3637 bilis?
654 3593 831 3636 utrmu
862 3584 1052 3638 melius
1077 3594 1178 3649 est,
1204 3585 1414 3648 timere,
1443 3598 1512 3636 an
1542 3583 1826 3637 laborare?
1847 3581 1904 3636 Si
1930 3582 2051 3651 quis

457 3683 509 3729 te
532 3674 822 3729 collocaret
846 3675 1077 3729 otiosum
1123 3675 1175 3728 in
1203 3675 1365 3728 domo
1390 3676 1557 3729 ruinae
1585 3674 1828 3744 proxima
1852 3715 1865 3739 ,
1898 3673 2048 3727 dice-

457 3774 676 3833 retque,
722 3765 990 3835 ExSpecta
1044 3768 1214 3822 donec
1250 3768 1578 3836 contignatio
1613 3767 1724 3835 jam
1784 3766 1953 3835 putris
1996 3767 2049 3819 in

456 3868 618 3928 caput
650 3868 795 3912 tuum
825 3860 980 3913 cadat
1002 3860 1147 3929 (nam
1171 3858 1307 3914 forte
1334 3860 1511 3924 cadet,
1540 3858 1677 3913 forte
1700 3874 1804 3911 non
1832 3855 2008 3928 cadet)
2031 3874 2046 3923 ;

458 3951 540 4004 sin
572 3965 676 4003 non
706 3950 898 4019 placet,
923 3965 1169 4019 operare,
1195 3959 1250 4005 et
1276 3952 1327 4004 in
1349 3950 1543 4004 tutiore
1565 3949 1743 4003 habita
1770 3948 2007 4002 thalamo
2031 3966 2044 4001 :

456 4051 631 4096 utrum
664 4044 837 4111 potius
865 4044 1091 4110 eligeres
1113 4085 1128 4111 ,
1161 4043 1400 4098 otiumne
1428 4043 1558 4097 illud
1591 4044 1783 4097 timore
1808 4042 2045 4112 plenum,

451 4150 522 4189 an
564 4134 800 4189 laborem
832 4151 926 4206 spe
958 4135 1189 4190 fultum?
1214 4136 1289 4191 Ita
1316 4144 1372 4191 et
1422 4150 1563 4190 nunc
1592 4134 1772 4190 facito.
1805 4135 1936 4188 Nam
1968 4130 2050 4187 in-

454 4238 661 4281 certum
708 4226 837 4280 illud
886 4226 1120 4281 futurum
1147 4268 1161 4291 ,
1201 4236 1284 4281 est
1313 4227 1463 4297 quasi
1509 4227 1701 4281 domus
1742 4226 1794 4280 in
1836 4228 2047 4279 ruinam

458 4334 686 4389 vergens
714 4338 728 4383 ;
762 4320 849 4374 illa
883 4335 1013 4375 vero
1044 4321 1320 4390 operatio,
1349 4320 1449 4376 etsi
1479 4318 1768 4385 laboriosa,
1792 4317 2049 4373 securita-

458 4420 562 4464 tem
594 4410 841 4479 spondet.

529 4503 581 4555 7.
622 4502 787 4556 Absit
827 4518 956 4573 ergo
995 4511 1053 4557 ut
1087 4504 1139 4558 in
1184 4512 1384 4558 tantam
1428 4501 1801 4557 necessitatem
1846 4499 2051 4554 ineida~

456 4608 576 4649 mus
596 4634 610 4656 ,
643 4603 701 4647 ut
734 4605 856 4662 post
903 4596 1177 4647 lavacrum
1208 4606 1512 4663 peccemus.
1556 4594 1807 4645 Attamen
1848 4592 1892 4644 si
1919 4590 2047 4658 quid

456 4684 635 4740 simile
663 4682 869 4737 accidat
892 4723 907 4748 ,
946 4698 1012 4737 ne
1041 4683 1118 4737 sic
1144 4683 1363 4752 quidem
1392 4680 1765 4749 desperemus.
1798 4675 2048 4732 Clemens

456 4776 602 4834 enim
632 4784 714 4830 est
760 4776 1035 4837 Dominus,
1066 4776 1365 4842 multasque
1410 4772 1564 4835 nobis
1590 4772 1736 4827 dedit
1775 4770 2046 4827 remissio-

460 4872 546 4926 nis
585 4877 768 4940 postea
810 4866 1160 4938 impetrandae
1200 4867 1335 4921 vias.
1368 4865 1635 4920 Caeterum
1675 4864 1817 4918 sicut
1858 4862 1931 4928 ii,
1957 4861 2048 4932 qui

460 4972 583 5034 post
611 4963 885 5016 lavacrum
910 4969 1165 5030 peccant,
1183 4961 1397 5030 gravius
1419 4958 1741 5028 puniuntur,
1777 4970 1934 5025 quam
1960 4969 2045 5008 ca-

459 5050 769 5109 teclnuneni
803 5068 816 5104 :
848 5051 925 5104 sic
951 5050 1039 5120 qui
1072 5050 1249 5105 sciunt
1273 5049 1605 5120 paenitentia:
1638 5061 1759 5102 esse
1787 5044 2045 5111 remedia,

464 5157 562 5200 nec
607 5141 671 5195 iis
702 5141 777 5196 uti
827 5141 1033 5207 volunt,
1066 5140 1313 5211 graviora
1357 5139 1640 5197 oatientur.
1669 5137 1881 5205 Quanto
1905 5135 2049 5191 enim

463 5232 635 5305 major
663 5241 746 5288 est
776 5232 867 5287 Dei
893 5232 1174 5288 clementia
1196 5273 1211 5297 ,
1234 5238 1383 5286 tanto
1409 5245 1576 5300 magis
1606 5229 1925 5299 supplicium
1954 5242 2049 5282 au-

462 5337 618 5397 getur
639 5370 654 5395 ,
686 5328 730 5383 si
764 5344 867 5383 non
911 5326 997 5381 illa
1026 5337 1085 5381 ut
1123 5334 1335 5396 oportet
1365 5335 1599 5380 utamur.
1636 5324 1774 5389 Quid
1808 5322 1943 5377 dicis
1968 5363 1983 5388 ,
2014 5336 2049 5375 ο

463 5419 671 5475 homo?
706 5418 892 5474 Tantis
931 5418 1122 5489 plenus
1160 5417 1313 5471 malis
1348 5431 1411 5471 ac
1450 5415 1756 5483 deploratus
1786 5456 1802 5480 ,
1844 5414 2049 5467 amicus

463 5521 684 5581 repente
716 5511 886 5567 factus
911 5526 989 5575 es,
1016 5517 1072 5566 et
1099 5510 1163 5565 ad
1186 5509 1401 5565 culmen
1431 5507 1650 5561 honoris
1673 5515 1911 5570 evectus,
1941 5518 2047 5558 non

463 5617 527 5657 ex
554 5601 784 5671 propriis
818 5603 1088 5657 laboribus
1106 5644 1119 5666 ,
1152 5601 1247 5657 sed
1278 5615 1343 5655 ex
1374 5599 1515 5654 dono
1537 5598 1662 5663 Dei,
1687 5606 1741 5653 et
1769 5610 1954 5651 rursus
1980 5593 2048 5649 ad

466 5696 745 5766 pristinam
802 5710 1051 5750 reversus
1100 5711 1158 5751 es
1208 5692 1589 5764 turpitudinem
1619 5732 1634 5755 ,
1671 5688 1876 5745 etiamsi
1921 5685 2050 5742 hinc

463 5788 703 5859 graviter
727 5786 1048 5841 cruciandus
1080 5786 1191 5841 sis:
1234 5785 1323 5843 ille
1352 5798 1481 5840 vero
1534 5796 1708 5851 neque
1763 5780 1838 5834 sic
1890 5792 2049 5831 aver-

2169 472 2261 513 sus
2309 461 2553 525 est;sed
2611 463 2757 517 mille
2806 465 2995 519 salutis
3041 477 3200 519 ansas
3250 462 3392 519 Deus
3435 464 3624 527 dedit,
3658 481 3740 535 per

2166 563 2299 618 quas
2352 554 2555 605 amicus
2605 553 2856 609 efliciaris
2903 572 2920 610 :
2972 564 3028 609 tu
3078 570 3209 609 vero
3271 570 3341 610 ne
3400 557 3479 610 sic
3537 556 3739 625 quidem

2166 640 2247 695 vis
2288 642 2524 697 laborem
2577 647 2872 715 suscipere.
2934 648 3003 702 Et
3053 664 3157 717 qua
3210 648 3422 703 tandem
3471 649 3621 702 venia
3669 648 3739 702 di-

2166 749 2301 805 gnus
2345 735 2496 790 eris?
2540 738 2810 805 quomodo
2836 754 2942 792 non
2970 741 3158 807 tejure
3181 740 3411 809 gentiles
3449 739 3737 805 derideant,

2165 838 2263 882 ceu
2296 829 2472 883 fucum
2517 831 2820 899 quempiam
2862 839 3064 885 temere
3095 833 3395 901 frustraque
3434 831 3692 886 viventem
3720 834 3739 884 2

2164 916 2297 972 Nam
2329 922 2373 973 si
2398 920 2572 986 valet,
2595 921 2861 991 inquiunt,
2890 921 3227 990 philosophia
3255 931 3432 976 vestra
3454 964 3469 988 ,
3499 921 3623 991 quid
3648 922 3738 976 sibi

2163 1009 2278 1065 vult
2308 1011 2392 1071 illa
2411 1025 2516 1066 non
2541 1012 2867 1067 initiatorum
2890 1014 3171 1068 multitudo
3188 1017 3211 1067 ζ’
3239 1012 3499 1068 Prmclara
3515 1023 3658 1068 certe
3676 1020 3741 1069 at-

2163 1108 2269 1172 que
2293 1104 2587 1172 eXpetenda
2606 1107 2878 1177 mysteria.
2906 1106 3011 1161 Sed
3042 1106 3219 1161 nullus
3234 1115 3534 1177 exspectet,
3553 1114 3612 1161 ut
3629 1107 3739 1161 ani-

2164 1209 2304 1249 mam
2344 1208 2510 1265 agens
2548 1196 2817 1252 lavacrum
2849 1199 3092 1268 accipiat.
3138 1199 3254 1253 Non
3291 1200 3433 1254 enim
3466 1202 3737 1271 mysterio-

2163 1292 2280 1338 rttm
2308 1292 2517 1355 tempus
2548 1287 2676 1341 illud
2703 1298 2805 1353 εει,
2836 1291 2929 1342 sed
2954 1298 3395 1344 testamentorum
3422 1303 3436 1345 :
3467 1292 3741 1360 mysterio-

2162 1389 2280 1428 rum
2324 1384 2506 1430 autem
2537 1387 2746 1446 tempus
2775 1387 2857 1433 est
2895 1380 3098 1434 sanitas
3136 1382 3391 1434 mentium
3426 1423 3441 1448 ,
3473 1391 3528 1436 et
3553 1382 3736 1437 anima:

2164 1466 2536 1534 temperantia.
2573 1467 2667 1522 Dic
2695 1470 2838 1523 enim
2872 1470 3001 1524 mihi
3037 1489 3050 1523 :
3082 1472 3125 1524 si
3160 1481 3477 1526 testamenta
3508 1486 3612 1528 non
3636 1473 3740 1527 vult

2163 1558 2283 1625 quis
2305 1558 2381 1612 sic
2411 1558 2633 1613 affectus
2658 1561 2838 1625 edere,
2871 1561 2967 1616 sed
2999 1570 3053 1616 et
3080 1563 3125 1616 si
3152 1563 3411 1629 ediderit,
3447 1580 3626 1619 ansam
3655 1566 3740 1619 dat

2163 1658 2347 1718 postea
2394 1650 2671 1720 litigandi;
2706 1653 2933 1724 ideoque
2970 1656 3057 1725 qui
3103 1666 3364 1711 testantur
3404 1658 3518 1713 bare
3548 1659 3739 1713 addunt

2162 1739 2322 1797 verba
2349 1761 2361 1796 :
2396 1735 2509 1813 Ego
2550 1746 2734 1801 vivens
2756 1788 2771 1812 ,
2816 1757 2870 1803 et
2906 1752 3084 1804 mente
3113 1750 3296 1805 valens
3324 1767 3439 1805 mea
3472 1751 3693 1820 dispono
3722 1770 3736 1806 :

2161 1832 2432 1901 quomodo
2459 1835 2523 1900 is,
2550 1836 2637 1905 qui
2665 1838 2744 1891 sui
2770 1853 2990 1908 compos
3017 1855 3120 1893 non
3148 1850 3251 1908 est,
3277 1842 3472 1909 poterit
3499 1853 3740 1899 accurate

2161 1929 2432 1998 mysteriis
2454 1929 2693 1984 initiari?
2723 1931 2779 1985 Si
2808 1933 2951 1985 enim
2983 1933 3051 1988 de
3080 1931 3425 1988 saetularib‘us
3454 1935 3611 1990 rebus
3640 1952 3737 1989 non

2161 2020 2344 2077 sinunt
2367 2031 2601 2078 externae
2627 2023 2787 2093 leges'
2802 2026 2983 2079 testari
3008 2024 3129 2079 etim
3156 2068 3168 2088 ,
3196 2027 3282 2095 qui
3315 2027 3533 2081 omnino
3565 2035 3740 2081 mente

2161 2126 2268 2167 non
2293 2115 2466 2169 valeat
2490 2156 2505 2179 ,
2542 2130 2664 2169 cum
2694 2123 2871 2171 tamen
2898 2116 2966 2171 de
2990 2118 3103 2171 suis
3129 2117 3475 2172 facultatibus
3502 2119 3740 2187 praeseri-

2161 2211 2347 2274 pturus
2378 2205 2446 2259 sit
2475 2222 2489 2257 :
2521 2206 2794 2275 quomodo
2822 2206 2891 2261 de
2917 2223 3085 2277 regno
3105 2207 3359 2262 etelorum
3390 2208 3563 2278 deque
3588 2222 3739 2264 arca-

2162 2297 2244 2350 nis
2271 2295 2377 2351 illis
2406 2296 2561 2352 bonis
2592 2298 2865 2353 institutus
2891 2300 3093 2368 poteris
3119 2300 3264 2355 clare
3292 2301 3469 2355 Omnia
3506 2301 3737 2370 discere,

2159 2401 2280 2441 cum
2306 2403 2450 2457 srepe
2478 2388 2548 2442 ob
2575 2390 2820 2444 morbum
2848 2400 3024 2445 mente
3050 2401 3238 2459 captus
3258 2393 3331 2448 sis
3351 2394 3377 2447 ?
3404 2394 3739 2463 quandona'm

2158 2479 2321 2534 verba
2350 2478 2438 2533 illa
2469 2478 2683 2535 Christo
2713 2481 2859 2537 dices
2886 2523 2902 2547 ,
2933 2483 3292 2553 Consepultus
3321 2490 3444 2538 eum
3470 2486 3559 2539 illo
3581 2525 3595 2549 ,
3623 2500 3739 2540 cum

2155 2569 2265 2638 jam
2293 2569 2617 2639 migraturus
2640 2571 2755 2625 sis?
2778 2572 2910 2627 Nam
2933 2581 2987 2627 et
3015 2575 3269 2643 operibus
3298 2584 3352 2628 et
3377 2576 3555 2630 verbis
3585 2576 3743 2631 bene.

2159 2660 2391 2715 volentia
2423 2662 2493 2716 illi
2527 2663 2829 2719 exhibenda
2856 2673 2959 2718 est.
2990 2665 3069 2719 Tu
3098 2678 3227 2721 Vero
3254 2666 3475 2736 perinde
3504 2666 3654 2733 facis,
3682 2682 3743 2724 ac

2158 2752 2201 2805 si
2229 2752 2346 2821 quis
2371 2754 2608 2822 postulet
2634 2754 2863 2811 adscribi
2893 2757 3095 2811 militiae
3114 2798 3130 2823 ,
3157 2764 3276 2813 eum
3299 2758 3410 2828 jam
3440 2758 3632 2814 bellum
3663 2766 3744 2814 est

2159 2845 2469 2900 solvendmn
2502 2865 2517 2911 ;
2559 2855 2653 2901 aut
2700 2848 2746 2902 si
2789 2848 2986 2904 athleta
3030 2859 3138 2904 tum
3177 2860 3355 2907 vestes
3394 2860 3597 2919 exitat,
3623 2866 3741 2906 cum

2158 2946 2492 3006 spectatores
2534 2948 2777 3010 surgunt.
2811 2939 2944 2994 Nam
2972 2941 3093 2995 ideo
3131 2957 3281 2996 arma
3306 2943 3475 2997 sumis
3497 2983 3510 3007 ,
3542 2959 3646 2997 non
3686 2951 3745 2997 ut

2160 3029 2402 3094 protinus
2423 3028 2663 3100 aufugias
2687 3047 2701 3095 ;
2731 3032 2824 3086 sed
2854 3042 2912 3086 ut
2937 3032 3043 3087 illis
3084 3034 3372 3088 instructus
3394 3075 3408 3098 ,
3434 3043 3617 3088 contra
3646 3036 3741 3089 ho-

2157 3127 2294 3172 stem
2346 3128 2603 3189 tropaaum
2651 3123 2847 3191 erigas.
2899 3124 3066 3178 Nemo
3116 3134 3259 3193 putet
3313 3125 3739 3193 intempestivum

2158 3208 2302 3265 hunc
2350 3224 2654 3267 sermonem
2700 3228 2861 3279 esse,
2909 3215 3032 3284 quia
3083 3231 3187 3269 non
3234 3216 3286 3268 in
3330 3216 3741 3287 Quadragesima

2159 3319 2302 3358 nunc
2330 3320 2514 3358 sumus
2543 3306 2641 3375 (a).
2678 3304 2800 3358 Ideo
2845 3322 3076 3374 namque
3115 3306 3414 3360 discrucior
3439 3347 3453 3372 ,
3505 3309 3644 3376 quod
3690 3310 3740 3362 in

2158 3396 2353 3451 talibus
2401 3399 2560 3453 rebus
2604 3408 2815 3467 tempus
2856 3399 3173 3453 observetis.
3219 3399 3427 3453 Etenim
3468 3400 3743 3454 eunuchus

2158 3488 2249 3542 ille
2273 3497 2327 3542 et
2356 3488 2614 3544 barbarus
2641 3490 2743 3543 iter
2772 3504 2935 3559 agens
2966 3530 2979 3553 ,
3014 3489 3185 3542 media
3218 3489 3270 3543 in
3298 3490 3381 3543 via
3407 3506 3528 3544 cum
3562 3501 3704 3545 esset
3724 3532 3740 3554 ,

2158 3590 2368 3650 tempus
2406 3597 2510 3635 non
2540 3582 2827 3651 exquisivit
2856 3582 2992 3651 (Act.
3025 3581 3078 3635 8.
3107 3579 3199 3652 27)
3233 3598 3247 3635 :
3284 3596 3383 3636 nee
3410 3592 3593 3636 custos
3622 3598 3743 3635 ear-

2156 3675 2294 3728 ceris
2324 3674 2434 3737 ille,
2466 3675 2605 3728 inter
2630 3675 2837 3729 vinctos
2861 3715 2875 3739 ,
2907 3689 3028 3729 cum
3070 3675 3385 3744 magistrum
3414 3676 3616 3730 videret
3644 3676 3745 3730 fla-

2154 3765 2308 3835 gellis
2333 3780 2531 3819 caesum
2563 3775 2618 3820 et
2654 3766 2887 3820 vinctum
2913 3808 2927 3834 ,
2958 3776 3011 3821 et
3062 3767 3115 3820 in
3160 3780 3378 3822 carcere
3430 3783 3745 3822 mansurum

2159 3858 2178 3929 (
2209 3856 2295 3910 Id.
2330 3857 2416 3912 16.
2447 3856 2518 3912 29
2548 3856 2589 3928 ).
2618 3857 2716 3911 Hie
2743 3868 2920 3911 autem
2953 3858 3191 3927 plerique
3211 3898 3226 3920 ,
3257 3873 3364 3912 non
3396 3858 3448 3912 in
3480 3874 3701 3927 carcere
3725 3900 3740 3923 ,

2154 3965 2262 4003 non
2289 3948 2342 4003 in
2369 3950 2455 4003 via
2492 3950 2789 4017 constituti,
2819 3949 3072 4004 diﬂ'erunt
3097 3991 3110 4017 ,
3156 3951 3313 4020 idque
3343 3950 3410 4005 ad
3440 3960 3748 4006 extremum

2153 4056 2323 4111 usque
2358 4041 2479 4095 vita:
2511 4041 2754 4095 halitum.

2225 4134 2278 4189 8.
2319 4133 2585 4205 Baptisma
2645 4150 2746 4188 non
2799 4130 3421 4201 di/l‘erendum.—Quod
3476 4133 3520 4188 si
3568 4134 3750 4190 adhuc

2153 4227 2378 4297 ambigis
2405 4241 2528 4280 num
2559 4226 2807 4281 Christus
2830 4228 2901 4280 sit
2926 4226 3085 4291 Deus,
3120 4226 3249 4281 foris
3293 4234 3453 4291 stato,
3487 4241 3586 4279 nec
3610 4226 3750 4280 divi-

2154 4333 2220 4372 na
2269 4318 2431 4372 verba
2481 4316 2688 4382 audias,
2735 4331 2907 4387 neque
2957 4318 3098 4372 inter
3125 4316 3537 4371 catechumenos
3566 4325 3617 4370 te
3645 4331 3752 4369 an-

2155 4420 2409 4465 numeres
2439 4426 2453 4463 :
2480 4408 2560 4463 sin
2586 4407 2813 4463 conlidis
2833 4450 2848 4474 ,
2877 4417 2932 4462 et
2958 4408 3058 4462 hoc
3090 4407 3255 4476 probe
3281 4407 3581 4475 cognoscis,
3613 4408 3751 4476 quid

2154 4502 2460 4559 cunctaris?
2489 4516 2584 4557 cur
2612 4501 2813 4571 refugis
2842 4509 2897 4556 et
2924 4502 3104 4572 segnis
3125 4499 3228 4555 es?
3258 4497 3481 4561 Vereor,
3513 4498 3751 4567 inquies,

2156 4610 2223 4648 ne
2252 4609 2491 4663 peccem.
2521 4592 2675 4659 Quod
2717 4604 2848 4647 vero
2877 4592 3114 4647 deterius
3142 4599 3226 4645 est
3252 4606 3358 4644 non
3386 4590 3589 4645 vereris
3620 4629 3636 4653 ,
3680 4604 3759 4645 ne

2155 4701 2275 4739 cmn
2305 4687 2463 4739 tantis
2505 4686 2733 4739 sarcinis
2777 4685 2869 4739 illo
2901 4684 3105 4738 abeas?
3133 4682 3248 4737 Non
3280 4684 3423 4739 enim
3461 4698 3560 4754 par
3588 4682 3757 4752 culpa

2154 4785 2238 4831 est
2263 4776 2592 4847 propositam
2617 4776 2842 4845 gratiam
2869 4789 2977 4827 non
3002 4775 3215 4843 assequi
3242 4817 3257 4842 ,
3293 4785 3350 4830 et
3375 4789 3487 4829 rem
3523 4789 3757 4844 aggres-
3826 4828 3837 4846 ι

2155 4883 2300 4933 sum,
2331 4865 2525 4920 frustra
2557 4874 2808 4919 conatum
2831 4878 2971 4919 esse.
3007 4863 3099 4919 Dic
3125 4864 3284 4928 mihi,
3311 4866 3357 4919 si
3386 4865 3760 4934 redarguaris,

2154 4978 2250 5018 cur
2280 4976 2385 5016 non
2429 4959 2723 5013 accesseris
2747 4998 2761 5022 ,
2787 4971 2884 5011 cur
2914 4972 3018 5011 non
3065 4969 3212 5013 recte
3263 4974 3373 5012 rem
3416 4957 3713 5027 perfeceris
3742 4999 3761 5023 ,

2156 5052 2281 5124 quid
2322 5050 2523 5107 dices?
2569 5047 2682 5103 lllic
2728 5047 2874 5102 enim
2931 5046 3072 5103 forte
3116 5048 3350 5117 allegare
3398 5062 3581 5117 posses
3609 5060 3761 5100 onus

2157 5152 2547 5217 prmceptorum
2576 5142 2592 5173 ¹
2616 5150 2671 5197 et
2693 5141 2939 5207 virtutis;
2964 5140 3051 5195 hic
3076 5155 3204 5195 vero
3230 5139 3359 5193 nihil
3388 5139 3581 5193 simile.
3613 5136 3762 5192 Gra-

2161 5241 2230 5294 tia
2256 5240 2397 5294 enim
2439 5244 2523 5291 est
2564 5236 2727 5305 gratis
2760 5232 2895 5289 dans
2941 5233 3263 5288 libertatem.
3316 5230 3516 5284 Verum
3546 5230 3715 5291 times
3742 5266 3768 5296 ,

2158 5349 2227 5389 ne
2255 5330 2486 5402 pecces?
2516 5329 2629 5385 Hoc
2660 5339 2777 5399 post
2816 5326 3077 5399 baptisma
3104 5323 3289 5379 dicito.
3320 5322 3471 5377 Tunc
3496 5321 3624 5376 time
3644 5362 3660 5385 ,
3700 5331 3770 5375 ut

2159 5439 2342 5480 serves
2386 5422 2689 5477 libertatem
2715 5463 2729 5487 ,
2771 5436 2930 5491 quam
2976 5417 3266 5487 accepisti;
3308 5429 3416 5469 non
3442 5422 3500 5467 ut
3537 5421 3768 5467 tantum
3802 5478 3809 5481 1

2159 5520 2357 5574 donmn
2386 5515 2552 5586 gratis
2596 5528 2703 5569 non
2745 5513 2998 5583 accipias.
3024 5509 3176 5565 Nunc
3204 5515 3385 5561 autem
3413 5514 3541 5561 ante
3566 5502 3769 5575 bapti-

2224 5657 2240 5688 ι
2276 5655 2414 5704 Alius
2436 5652 2576 5718 legit,
2602 5655 2880 5718 aﬂ'erttmm,
2902 5663 3002 5713 pro,
3014 5653 3403 5718 _prtrcep_t_ortmt.

2222 5719 2294 5779 (α)
2329 5718 2382 5767 1η
2404 5706 2776 5777 φηθᾞνξιεεὲὶωε
2799 5706 3061 5778 (ιυίιῐρεόε
3080 5719 3180 5760 non
3196 5706 3478 5761 diferendo
3500 5706 3776 5769 baptismo

2161 5784 2429 5831 ronciouari
2454 5779 2694 5831 solebant.
