4010 6158
271 289 329 346 93
1242 282 1309 338 ην
1351 282 1537 339 ACTA
1576 276 2116 335 APOSTOLORUM.
2148 275 2387 333 HOMIL.
2433 277 2473 330 Ι.

269 402 363 466 ζων
391 400 597 455 τούτων
637 402 742 458 τῶν
775 402 1184 471 ἁμαρτημάτων
1220 401 1251 469 ἡ
1295 401 1419 470 δίκη
1442 440 1456 464 ,
1501 398 1732 452 ἄκουσον
1774 393 1826 447 τί

267 498 414 555 φησιν
454 486 487 536 6
517 482 748 546 Παῦλος·
789 483 1104 548 Ἆθετήσας
1141 500 1232 549 τις
1271 483 1463 551 νόμον
1510 478 1825 542 Μωῢσέως,

267 566 430 633 χωρὶς
483 563 800 635 οἰκτιρμῶν
839 565 938 618 ἐπὶ
986 565 1173 619 δυσίν
1226 566 1264 634 ἢ
1327 564 1485 632 τρισὶ
1523 562 1827 632 μάρτυσιν

265 649 640 718 ἀποθνήσκει·
672 651 843 717 πόσῳ
871 649 1103 704 δοκεῖτε
1127 650 1401 718 χείρονος
1431 646 1826 712 ἀξιωθήσεται

268 732 520 800 τιμωρίας
566 735 600 785 ὁ
660 731 768 785 τὸν
820 730 956 785 Υίόν
1003 731 1114 785 τοῦ
1169 731 1317 785 Θεοῦ
1372 728 1822 795 καταπατήσας,

264 815 347 868 καὶ
378 813 444 867 τὸ
477 809 622 884 αἷμα
657 815 769 883 τῆς
817 814 1117 881 Διαθήκης
1169 812 1375 867 κοινὸν
1419 810 1822 882 ἡγησάμενος,

267 897 348 950 καί
373 896 442 951 τὸ
471 896 711 967 πνεῦμα
750 897 860 964 τῆς
903 897 1149 967 χάριτος
1186 896 1542 964 ἐνυϐρίσαςί

319 979 468 1049 Τάχα
499 981 729 1044 πολλοὺς
768 977 1160 1050 ἀπετρέψαμεν
1186 977 1282 1030 νῦν
1312 977 1494 1032 λαϐεῖν
1536 981 1598 1030 τὸ
1632 977 1824 1036 βάπτι-

263 1079 378 1133 σμα.
421 1064 559 1118 Ἀλλ’
580 1065 643 1118 οὐ
660 1065 750 1118 διὰ
770 1063 928 1117 τοῦτο
948 1062 1119 1114 ταῦτα
1147 1062 1469 1132 εἰρήκαμεν,
1490 1062 1605 1115 ἀλλ’
1625 1061 1711 1114 ἵνα
1729 1061 1822 1114 λα-

259 1146 430 1210 ϐόντες
464 1148 723 1219 μείνωσιν
743 1148 802 1200 ἐν
835 1144 1152 1217 σωφροσύνῃ
1180 1146 1274 1199 καὶ
1321 1147 1592 1215 ἐπιεικείᾳ
1629 1144 1819 1216 πολλῇ.

268 1228 418 1283 Ἀλλὰ
436 1230 676 1293 δέδοικα,
705 1229 888 1300 φησίν.
936 1229 1001 1282 Εἰ
1049 1228 1358 1293 ἐδεδοίκεις,
1393 1229 1587 1291 ἔλαϐες
1634 1228 1703 1282 ἀν
1731 1230 1823 1282 καὶ

258 1310 537 1380 ἐφύλαξας.
585 1312 748 1365 Ἀλλά
780 1310 847 1365 δι’
875 1310 1004 1366 αὐτὸ
1030 1311 1127 1381 μὲν
1153 1308 1247 1364 οὖν
1274 1310 1433 1364 τοῦτο
1455 1313 1516 1365 οὐ
1537 1310 1818 1381 λαμϐάνω,

258 1393 397 1463 φησὶ,
425 1395 517 1448 διά
548 1395 612 1446 τὸ
634 1393 930 1464 φοϐεῖσθαι.
968 1394 1042 1446 Τὸ
1066 1393 1122 1446 δὲ
1147 1392 1320 1457 οὕτως
1351 1393 1610 1448 ἀπελθεῖν
1645 1394 1706 1447 οὐ
1736 1393 1819 1447 δέ·

253 1475 462 1541 δοικας;
515 1476 895 1548 Φιλάνθρωπός
945 1476 1084 1538 ἐστι,
1130 1478 1315 1546 φησὶν,
1349 1478 1377 1531 6
1426 1476 1580 1540 Θεός.
1611 1476 1821 1531 Οὐκοῦν

253 1556 373 1610 λάϐε
397 1558 462 1611 τὺ
493 1559 774 1629 βάπτισμα
797 1577 812 1591 ·
842 1561 1227 1631 φιλάνθρωπος
1259 1561 1368 1632 γάρ
1401 1563 1520 1614 ἐστι
1549 1562 1645 1615 καὶ
1678 1560 1821 1631 βοη-

252 1638 342 1694 θεῖ.
368 1640 442 1695 Σὺ
476 1641 553 1705 δὲ,
582 1642 709 1696 ἔνθα
740 1642 838 1713 μὲν
861 1642 927 1696 ἂν
947 1643 1043 1714 δέῃ
1074 1641 1390 1707 σπουδάσαι,
1436 1644 1496 1696 οὐ
1539 1644 1819 1716 προϐάλλῃ

251 1723 338 1793 τὴν
361 1723 766 1797 φιλανθρωπίαν
801 1726 1005 1797 ταύτην
1025 1742 1041 1758 ο
1076 1726 1204 1781 ἔνθα
1239 1726 1284 1778 δ’
1314 1727 1380 1780 ἂν
1414 1726 1576 1799 θέλῃς
1614 1727 1819 1781 ἀναϐα-

250 1805 445 1871 λέσθαι,
471 1809 592 1861 τότε
625 1810 794 1880 αὐτῆς
825 1810 1130 1881 μέμνησαι·
1171 1810 1345 1864 καίτοι
1380 1812 1498 1864 τότε
1527 1812 1717 1883 καιρὸν
1750 1812 1816 1866 ἂν

250 1886 350 1957 ἔχοι
375 1890 408 1960 ή
440 1890 820 1962 φιλανθρωπία
851 1891 1011 1961 αῦτη,
1039 1893 1135 1946 καὶ
1175 1892 1375 1963 μᾶλλον
1408 1893 1579 1963 αὐτῆς
1604 1896 1816 1948 ἐπιτευ-

249 1970 457 2041 ξόμεθα,
486 1974 613 2027 ὅταν
645 1974 739 2027 καὶ
778 1973 846 2026 τὰ
882 1975 1012 2045 παρ’
1044 1964 1253 2029 ἑαυτῶν
1293 1976 1712 2047 εἰσενέγκωμεν.
1757 1977 1813 2030 Ὀ

248 2055 339 2121 μὲν
362 2058 472 2129 γάρ
501 2057 562 2111 τὸ
587 2060 699 2112 πᾶν
727 2059 821 2111 ἐπὶ
844 2058 936 2110 τὸν
957 2058 1090 2113 Θεὸν
1121 2058 1304 2129 ῥίψας,
1329 2060 1425 2114 καὶ
1466 2061 1605 2129 μετά
1629 2060 1689 2112 τὸ
1717 2059 1811 2129 βά-

247 2156 446 2210 πτισμα
480 2142 815 2213 ἁμαρτάνων
851 2136 941 2194 οἷα
969 2141 1115 2204 εἰκὸς
1148 2142 1434 2215 ἄνθρωπον
1466 2143 1616 2206 ὄντα,
1656 2160 1810 2213 μετα·

241 2221 367 2276 νοῶν
398 2222 647 2289 τεύξεται
680 2223 1122 2295 φιλανθρωπίαςο
1153 2226 1182 2277 6
1202 2225 1258 2278 δὲ
1299 2224 1486 2297 ὥσπερ
1525 2227 1811 2297 σοφιζόμε-

242 2321 321 2368 νος
347 2305 440 2359 τοῦ
474 2306 610 2359 Θεοῦ
657 2308 757 2378 τὴν
806 2307 1238 2378 φιλανθρωπίαν,
1293 2308 1546 2361 ἀπελθὼν
1583 2310 1810 2381 ἄμοιρος

238 2385 330 2454 τῆς
351 2387 596 2459 χάριτος,
643 2388 1016 2461 ἀπαραίτητον
1043 2389 1156 2454 ἕξει
1187 2389 1286 2461 τὴν
1333 2392 1622 2462 τιμωρίαν.
1660 2394 1723 2445 Τί
1752 2393 1809 2446 δὲ

236 2468 452 2524 τοιαῦτα
469 2471 611 2526 κατὰ
627 2471 728 2542 τῆς
748 2473 977 2527 σεαυτοῦ
1006 2474 1279 2546 σωτηρίας
1304 2475 1582 2550 προϐάλλῃ
1602 2493 1614 2542 ;
1632 2476 1803 2548 Ἀμήο

236 2568 388 2619 χανον
414 2555 545 2627 γὰρ,
568 2557 865 2626 ἀμήχανον,
894 2557 970 2622 ὡς
1005 2558 1180 2627 ἔγωγε
1207 2554 1383 2629 οἶμαι,
1412 2561 1502 2615 τδν
1529 2560 1807 2625 τοιαύταις

233 2633 441 2689 ἐλπίσιν
469 2637 905 2710 ἀναϐαλλόμενον
957 2642 1293 2712 ἐργάσασθαί
1342 2659 1394 2694 τι
1428 2645 1669 2710 γενναῖον
1712 2644 1806 2696 καὶ

232 2714 453 2797 ἀγαθόν.
485 2721 558 2774 Σὺ
585 2721 641 2775 δὲ
667 2721 783 2775 ἀνθ’
813 2724 937 2776 ὅτου
960 2725 1211 2778 τοσοῦτον
1240 2724 1402 2794 φόϐον
1431 2725 1688 2797 ἀναδέχῃ,
1712 2725 1807 2780 καὶ¹

229 2796 505 2881 ἐδ-ἄδηλον
533 2803 630 2856 τοῦ
667 2804 956 2875 μέλλοντος
987 2807 1266 2879 προϐάλλῃ
1294 2824 1308 2871 ;
1340 2808 1482 2862 διατί
1536 2810 1610 2881 μὴ
1638 2796 1805 2879 μετα-

231 2876 442 2946 ϐάλλεις
468 2884 562 2938 τὸν
588 2886 751 2955 φόϐον
779 2887 971 2940 τοῦτον
1000 2876 1081 2950 είς
1107 2876 1268 2942 πόνον
1298 2891 1393 2943 καὶ⁹
1434 2876 1669 2960 σπουδὴν
1694 2930 1708 2953 ,
1739 2892 1806 2943 ἵν’

229 2962 317 3036 ἕπῃ
345 2966 531 3036 μέγας
561 2969 655 3022 καὶ
684 2970 999 3040 θαυμαστός
1023 2987 1038 3035 ;
1065 2971 1117 3023 τί
1147 2971 1377 3040 βέλτιον,
1409 2972 1720 3039 φοϐεῖσθαι,
1772 2973 1807 3042 ἢ

227 3052 439 3115 msh;
468 3051 541 3104 Εῐ
560 3051 645 3114 τίς
668 3069 729 3105 σε
761 3052 1018 3106 ἐκάθισεν
1041 3055 1097 3104 ἐν
1126 3051 1259 3122 οίκῳ
1285 3054 1618 3122 πεπονηκότι
1648 3066 1675 3094 α
1709 3055 1811 3127 ἀρ·

228 3130 446 3196 γοῦντα,
484 3133 676 3197 εἰπὼν,
707 3136 789 3188 ὅτι
819 3134 1099 3204 Προσδόκα
1147 3136 1240 3188 ἐπὶ
1280 3136 1377 3206 τὴν
1432 3136 1531 3206 σὴν
1564 3137 1805 3208 κεφαλὴν

226 3214 511 3267 πεσεῖσθαι
549 3215 647 3286 τὴν
689 3216 892 3288 ὀροφὴν
920 3216 1124 3288 σαθρὰν
1166 3213 1331 3271 οὖσαν
1361 3219 1523 3288 (ἴσως
1551 3219 1652 3288 μὲν
1685 3221 1791 3291 γάρ

225 3300 488 3363 πεσεῖται,
516 3297 647 3361 ἴσως
659 3298 716 3352 δὲ
735 3301 796 3352 οὐ
820 3303 1064 3355 πεσεῖται
1085 3300 1155 3371 ι³)·
1177 3302 1226 3365 εί
1247 3302 1302 3354 δέ
1332 3301 1407 3372 μὴ
1426 3302 1580 3356 τοῦτο
1605 3303 1797 3368 θέλεις,

225 3377 475 3446 ἐργάζου,
510 3381 605 3435 καὶ
636 3381 725 3434 τὸν
755 3383 1159 3455 ἀσφαλέστερον
1183 3384 1321 3438 οἴκει
1346 3384 1587 3457 θάλαμον
1610 3402 1624 3415 ’
1648 3386 1702 3439 τί
1732 3388 1799 3442 ἂν

224 3460 350 3515 εἵλου
375 3463 603 3532 μᾶλλον,
629 3463 728 3535 τὴν
757 3465 956 3537 ἀργίαν
978 3465 1094 3538 [12]
1111 3467 1327 3538 ἐκείνην
1347 3467 1486 3538 μετά
1497 3469 1591 3522 τοῦ
1606 3470 1794 3539 φόϐου,

226 3540 252 3609 ῆ
269 3542 361 3613 τὴν
378 3545 654 3615 ἐργασίαν
677 3547 883 3619 ταύτην
902 3549 1041 3619 μετά
1052 3549 1145 3602 τοῦ
1162 3551 1411 3622 θαρῤεῖν;
1432 3551 1638 3606 Οὐκοῦν
1656 3552 1798 3608 οὕτω

223 3625 304 3677 καὶ
318 3627 415 3680 νῦν
436 3629 608 3682 ποίει.
630 3629 704 3683 T6
735 3631 832 3700 μὲν
855 3630 965 3702 γὰρ
990 3630 1186 3702 ἄδηλον
1199 3633 1292 3686 τοῦ
1314 3635 1598 3704 μέλλοντος
1623 3636 1796 3691 καθά-

226 3722 318 3777 περ
349 3705 503 3773 οἶκός
534 3712 625 3775 τίς
654 3714 772 3765 ἐστι
799 3714 1018 3785 σαθρὸς,
1044 3716 1132 3768 ἀεὶ
1161 3716 1368 3769 πτῶσιν
1390 3717 1650 3772 ἀπειλῶν·
1685 3720 1719 3789 ἡ
1740 3718 1798 3772 δέ

223 3790 440 3859 ἐργασία
464 3793 635 3865 αὕτη,
671 3797 704 3867 ή
733 3794 894 3849 πόνον
914 3796 1133 3866 ἔχουσα,
1154 3798 1217 3852 τὸ
1244 3799 1486 3867 ἀσφαλὲς
1505 3801 1790 3869 ἐγγυᾶται.

282 3872 342 3936 ζ’.
362 3875 456 3947 Μὴ
480 3877 701 3944 γένοιτο
734 3879 831 3948 μὲν
855 3874 950 3932 οῦν
978 3880 1127 3951 ἡμᾶς
1146 3881 1409 3951 ἐμπεσεῖν
1431 3881 1512 3945 είς
1548 3883 1794 3955 ἀνάγκην

224 3957 490 4029 τοσαύτην,
512 3960 664 4013 ὥστε
695 3960 1032 4032 ἁμαρτάνειν
1049 3963 1188 4032 μετὰ
1215 3963 1277 4016 τὸ
1296 3962 1521 4030 λουτρόν
1538 3979 1553 3995 °
1586 3964 1724 4037 πλὴν
1743 3968 1793 4020 εί

223 4037 305 4119 καί
321 4040 529 4105 γένοιτό
558 4059 618 4095 τι
644 4042 904 4108 τοιοῦτον,
950 4044 1086 4115 μηδέ
1112 4044 1285 4108 οὕτως
1304 4046 1649 4119 ἀπογνῶμεν.
1669 4049 1794 4102 Φιλ-

224 4115 486 4189 ἀνθρωπός
536 4125 698 4177 ἐστιν
746 4127 775 4178 6
800 4126 952 4189 Θεὸς,
985 4127 1080 4181 καὶ
1127 4127 1325 4192 πολλὰς
1378 4130 1509 4199 ἡμῖν
1533 4115 1792 4183 ⁷δέδωκεν

221 4198 356 4283 ὁδοὺς
382 4206 640 4274 ἀφέσεως
670 4207 762 4260 καὶ
792 4208 930 4278 μετά
951 4210 1142 4263 ταῦτα.
1179 4209 1322 4279 Πλὴν
1349 4198 1538 4282 ῶσπερ
1566 4214 1618 4265 οί
1654 4213 1792 4283 μετά

222 4278 274 4332 τὺ
308 4283 524 4358 λουτρὸν
570 4289 1001 4360 ἁμαρτάνοντες,
1056 4291 1166 4344 τῶν
1195 4278 1614 4363 κατηχουμένων
1650 4278 1793 4348 κατά

218 4363 359 4420 ’τιῦτο
386 4371 593 4439 μᾶλλον
620 4373 959 4437 κολάζονται,
980 4372 1155 4436 οὕτως
1189 4375 1240 4426 οἱ
1269 4376 1491 4440 εἰδότες,
1525 4378 1608 4430 ὅτι
1630 4394 1794 4447 μετα-

221 4448 348 4529 ’θρίοις
372 4453 488 4507 ἐστὶ
524 4455 825 4526 φάρμακα,
853 4458 949 4509 καὶ
981 4456 1056 4525 μὴ
1095 4455 1340 4518 θέλοντες
1373 4457 1553 4522 αὐτοῖς
1592 4460 1795 4529 κεχρῆ-

222 4526 345 4593 σθαι,
382 4536 752 4606 χαλεπώτερα
772 4538 1190 4607 ὑποστήσονται.
1223 4538 1375 4609 Ὀσῳ
1414 4539 1521 4610 γὰρ
1566 4541 1633 4594 ἂν
1661 4526 1793 4594 ἐπι-

220 4612 436 4694 τείνηται
456 4621 492 4692 ὴ
527 4619 922 4690 φιλανθρωπία
951 4618 1046 4672 τοῦ
1078 4618 1236 4682 Θεοῦ,
1256 4620 1496 4693 τοσούτῳ
1523 4624 1669 4694 καὶὴ
1697 4626 1785 4678 κό-

220 4689 353 4778 λασις
375 4689 605 4769 αὔξεται
637 4703 859 4773 μᾶλλον,
891 4702 987 4756 ἐάν
1021 4702 1097 4773 μὴ
1133 4705 1213 4766 εἰς
1239 4703 1355 4757 δέον
1386 4689 1787 4778 τῇνιλανόρω·

220 4776 303 4861 πίῃ
326 4785 693 4855 χρησώμεθα.
724 4785 790 4838 Τί
812 4785 1011 4861 λέγεις,
1032 4785 1287 4858 ἄνθρωπε
1311 4804 1325 4853 ;
1347 4789 1559 4853 Μεστὺς
1585 4789 1661 4843 ὢν
1684 4776 1785 4845 κα-

219 4857 313 4942 ἰιῷν
365 4868 674 4932 τοσούτων,
737 4868 831 4920 καὶ
852 4857 1306 4940 ἀπεγνωσμένος,
1350 4870 1547 4942 ἀθρόον
1597 4873 1783 4940 ἐγένου

221 4940 366 5031 φίλος,
393 4951 488 5003 καὶ
529 4950 681 5023 πρὸς
721 4950 819 5021 τὴν
849 4952 1107 5007 ἀνωτάτω
1135 4953 1301 5026 τιμὴν
1328 4940 1651 5031 άνηῗνέχθης,
1682 4958 1784 5010 οὐκ

220 5023 267 5087 ἒξ
288 5030 495 5088 οἰκείων
528 5037 738 5099 πόνων,
776 5035 890 5087 ἀλλ’
913 5037 977 5088 ἐκ
1005 5036 1103 5107 τῆς
1135 5023 1230 5090 τοῦ
1260 5038 1396 5092 Θεοῦ
1419 5023 1655 5109 δωρεάς,
1689 5040 1783 5094 καὶ

224 5109 357 5194 ῖοάλιν
382 5117 475 5170 ἐπὶ
494 5119 605 5189 τὴν
636 5117 916 5189 προτέραν
937 5119 1238 5191 ἐπανῆλθες
1259 5121 1667 5194 ἀσχημοσύνην,
1690 5124 1783 5176 καὶ

223 5189 313 5247 δέον
331 5198 674 5273 κολασθῆναι
709 5200 988 5271 χαλεπῶς,
1024 5204 1052 5255 6
1082 5189 1136 5256 δὲ
1154 5205 1275 5259 οὐδὲ
1304 5189 1479 5270 οῦτως
1503 5189 1674 5259 ἀπεστ
1685 5207 1781 5278 ρά-

222 5288 296 5365 ςιη,
324 5280 433 5337 ἀλλ’
456 5285 640 5338 ἔδωκε
673 5283 872 5355 μυρίας
903 5286 1156 5356 ἀφορμὰς
1178 5289 1468 5358 σωτηρίας,
1489 5291 1556 5343 δι’
1582 5284 1658 5345 ὧν
1683 5292 1783 5365 ἔσῃ

223 5359 361 5439 φίλος.
385 5368 499 5421 Καὶ
527 5370 559 5421 δ
597 5368 702 5438 μὲν
731 5365 863 5430 Θεὸς
889 5368 1086 5429 ταῦτα,
1125 5370 1189 5423 σὺ
1224 5370 1280 5423 δὲ
1309 5374 1430 5426 οὐδὲ
1457 5374 1628 5439 οὕτως
1665 5359 1783 5429 ἐθέῖ

222 5435 309 5527 ὶεις
324 5451 528 5504 πονεῖν.
554 5435 679 5504 Καὶ
700 5448 862 5511 ποίας
888 5449 1037 5513 ἄξιος
1080 5452 1179 5523 ἔσῃ
1211 5456 1542 5527 συγγνώμης
1564 5435 1778 5523 λοιπόν;

224 5523 310 5591 ὡς
332 5529 387 5585 δὲ
407 5533 513 5587 οὐκ
542 5533 780 5595 εἰκότως
805 5532 1067 5602 Ἔλληνές
1087 5551 1148 5587 σε
1167 5523 1507 5604 γελάσονται,
1533 5540 1781 5610 καθάπερ

268 5669 481 5744 {11mg};
505 5677 573 5744 év_
601 5676 731 5739 om,»
754 5678 1007 5744 σεσηπότι,
1025 5680 1503 5744 ηοω-οιίεω-ιεοζὶο
1537 5660 1779 5744 «παίσειε-ονε

228 5736 370 5839 mest.
411 5737 616 5801 [Paulo
647 5736 768 5814 εαιε
799 5739 882 5786 καὶ
907 5736 1009 5810 ειη,
1039 5736 1190 5790 Savil.
1221 5748 1287 5815 _e:.
1313 5742 1364 5792 C.
1389 5741 1448 5789 ἵν’
1482 5736 1570 5804 ἔσ-ςῖ
1594 5749 1655 5793 Α.
1683 5746 1780 5810 D.]

302 5796 408 5846 erba
443 5800 572 5854 ἴσως
617 5799 679 5846 δε
713 5814 771 5845 ου
790 5814 1033 5854 πεσειται,
1067 5814 1098 5850 e
1120 5803 1271 5853 Sam.
1293 5809 1347 5851 el
1368 5803 1508 5852 codd.
1552 5807 1778 5854 subolem

445 5815 572 5854 ισως
617 5815 679 5846 οε
713 5815 771 5845 ου
790 5815 1033 5860 πεσειται,
1067 5815 1098 5850 e
1120 5815 1271 5853 sam.
1293 5815 1347 5851 el
1368 5815 1508 5852 οοαα.
1552 5815 1778 5867 suppleta

426 5872 491 5908 Ιτ.

485 5954 781 6014 ΡΑτιιοι..
831 5953 946 6013 Gn.
1003 5956 1126 6020 LX.

3449 261 3549 335 ρι’

1936 392 2155 462 κηφῆνά
2192 410 2311 445 τινα
2336 393 2514 455 ζῶντα
2535 393 2658 461 εἰκῆ
2699 392 2793 446 καὶ
2832 395 3006 464 μάτην
3030 411 3044 458 ;
3070 394 3131 447 Εἰ
3152 394 3260 465 γάρ
3293 378 3539 469 δυνατὴ,¹

1936 476 2121 544 φησιν,
2148 477 2181 545 ἡ
2211 479 2338 544 παρ’
2366 475 2520 547 ὑμῶν
2550 487 2571 515 ο
2599 476 2906 546 φιλοσοφία,
2930 477 3160 543 δείξατε,
3187 478 3239 531 τί
3271 477 3519 547 βούλεται

1936 556 2042 610 τῶν
2073 558 2336 629 ἀμυήτων
2361 559 2421 612 τὸ
2452 558 2653 627 πλῆθος
2677 576 2692 625 ;
2732 558 2891 612 Καλὰ
2910 560 2980 611 τὰ
3006 562 3279 632 μυστήρια
3311 563 3402 616 καὶ
3423 581 3509 616 που

1938 640 2124 695 θεινά’
2160 642 2274 694 ἀλλ’
2304 641 2477 706 οὐδεὶς
2507 641 2871 714 ψυχορῤαγῶν
2902 643 3129 712 λουτρὸν
3171 644 3515 715 λαμϐανέτω,

1933 722 2008 775 O6
2042 724 2152 795 γὰρ
2181 725 2383 788 ἐκεῖνος
2416 722 2523 777 τῶν
2553 725 2869 796 μυστηρίων
2908 726 2936 777 6
2987 726 3200 797 καιρὸς,
3240 728 3375 782 ἀλλά
3408 731 3520 783 τῶν

1930 805 2205 877 διαθηκῶν
2227 824 2239 837 ·
2270 807 2584 878 μυστηρίων
2609 808 2664 861 δὲ
2691 808 2899 880 καιρὸς,
2936 809 3095 877 ὐγεία
3134 812 3345 877 φρενῶν
3370 856 3385 877 ,
3424 817 3519 871 καὶ

1934 889 2252 962 σωφροσύνη
2286 892 2484 962 ψυχῆς.
2514 892 2645 945 Εἰπὲ
2674 892 2782 964 γάρ
2815 911 2926 961 μοι.
2960 895 3007 947 εί
3037 893 3300 966 διαθήκας
3325 897 3424 950 οὐκ
3450 899 3517 952 άν

1929 988 2014 1034 τις
2035 971 2208 1026 ἕλοιτο
2235 974 2378 1027 οὕτω
2405 975 2746 1045 διακείμενος
2778 975 2986 1045 γράψαι
3005 993 3016 1005 ⁸
3056 975 3157 1029 κᾶν
3191 978 3375 1050 γράψῃ
3423 981 3478 1034 δὲ
3496 1024 3513 1047 ,

1929 1052 2114 1107 δίδωσι
2137 1055 2250 1119 τοῖς
2278 1056 2419 1127 μετὰ
2445 1057 2621 1111 ταῦτα
2645 1057 2816 1128 λαϐὴν
2844 1058 2951 1127 (διά
2990 1060 3097 1131 γάρ
3127 1078 3206 1112 τοι
3231 1062 3391 1116 τοῦτο
3419 1066 3517 1119 καὶ

1932 1136 2293 1208 προτάττουσι
2316 1139 2472 1194 ταυτὶ¹
2495 1141 2563 1194 τὰ
2587 1142 2807 1213 ῥήματα
2835 1141 3105 1210 λέγοντες,
3131 1144 3213 1196 ὅτι
3258 1146 3396 1209 Ζῶν,
3418 1151 3514 1203 καὶ

1929 1221 2163 1289 φρονῶν,
2190 1223 2286 1276 καὶ
2317 1224 2575 1292 ὑγιαίνων
2601 1226 2923 1296 ἐπισκήπτω
2946 1226 3074 1297 περὶ
3096 1227 3205 1281 τῶν
3227 1230 3511 1300 ἐμαυτοῦ)ο

1928 1302 2046 1367 πῶς
2070 1303 2136 1358 ἀν
2166 1322 2251 1367 τις
2288 1306 2595 1377 ἐξεστηκὼς
2628 1306 2883 1377 δυνηθείη
2923 1310 3061 1379 μετά
3084 1310 3372 1382 ἀκριϐείας
3410 1332 3511 1385 μυ-

1928 1388 2376 1456 σταγωγεῖσθαι;
2421 1388 2486 1442 Εἰ
2532 1389 2638 1460 γάρ
2683 1390 2808 1460 περὶ
2860 1389 3127 1459 βιωτικῶν
3170 1397 3511 1466 πραγμάτων

1927 1468 2300 1551 βουλευομένῳ
2320 1472 2423 1525 οὐκ
2443 1472 2510 1525 ἂν
2535 1473 2887 1542 ἐπιτρέψαιεν
2909 1475 2956 1526 οἱ
2976 1474 3085 1527 τῶν
3122 1476 3323 1541 ἔξωθεν
3352 1481 3508 1551 νόμοι

1923 1550 2002 1622 τῷ
2028 1552 2104 1622 μὴ
2141 1553 2345 1624 σφόᾷοα
2381 1554 2675 1623 ὑγιαίνοντι
2698 1554 3093 1620 διατάττεσθαι,
3125 1560 3217 1612 καὶ
3257 1550 3429 1616 ταῦτα
3449 1566 3506 1618 ἐν

1922 1638 2033 1697 τοῖς
2059 1635 2225 1689 αὐτοῦ
2258 1636 2502 1706 μέλλοντι
2532 1637 2840 1709 νομοθετεῖν
2861 1657 2874 1670 ο
2922 1639 3038 1703 πῶς
3079 1644 3206 1715 περὶ
3233 1644 3506 1715 βασιλείας

1921 1722 2164 1793 οὐρανῶν
2193 1723 2505 1793 μανθάνων,
2528 1726 2621 1778 καὶ
2645 1725 2751 1778 τῶν
2773 1726 3099 1799 ἀπορρήτων
3131 1729 3355 1784 ἐκείνων
3377 1733 3506 1800 ἀγα-

1922 1803 2052 1870 θῶν,
2083 1805 2286 1877 δυνήσῃ
2314 1807 2497 1876 σαφῶς
2532 1807 2709 1861 πάντα
2743 1809 2953 1878 μαθεῖν,
2981 1808 3236 1875 πολλάκις
3284 1814 3376 1866 καὶ
3400 1832 3505 1867 πα·

1923 1889 2134 1959 ραπλὴξ
2171 1890 2275 1943 ὐπὸ
2305 1894 2405 1961 τῆς
2435 1890 2749 1964 ἀρρωστίας
2789 1893 3120 1962 γενόμενος;
3168 1895 3296 1948 πότε
3336 1895 3392 1948 δὲ
3434 1898 3503 1950 τά

1920 1974 2142 2043 ῥήματα
2166 1975 2350 2027 ἐκεῖνα
2377 1974 2512 2044 πρὸς
2545 1975 2635 2027 τὸν
2666 1973 2901 2045 Χριστὸν
2932 1979 3096 2046 ἐρεῖς,
3125 1978 3503 2049 Συνθαπτόμε-

1919 2070 2006 2117 νος
2033 2054 2203 2124 αὐτῷ,
2244 2056 2451 2125 μέλλων
2492 2057 2813 2129 ἁποπηδᾷνς
2867 2059 2976 2111 Καὶ
3004 2057 3112 2128 γάρ
3142 2059 3235 2111 καὶ
3268 2059 3357 2112 διὰ
3394 2061 3503 2115 τῶν

1916 2134 2114 2205 ἔργων,
2141 2139 2237 2191 καὶ
2260 2137 2347 2191 διὰ
2378 2140 2488 2192 τῶν
2518 2139 2780 2211 ῥημάτων
2809 2140 3217 2194 ἐπιδείκνυσθαι
3249 2142 3355 2213 χρὴ
3404 2143 3502 2213 τὴν

1915 2218 2148 2274 εὔνοιαν.
2181 2222 2253 2275 Σὺ
2275 2221 2331 2275 δὲ
2357 2223 2554 2276 ταύτὸν
2594 2226 2767 2288 ποιεῖς
2785 2265 2799 2289 ,
2829 2219 2941 2278 οἷον
2965 2226 3032 2278 ἂν
3062 2224 3118 2278 ετ
3136 2241 3221 2289 τις
3256 2226 3500 2295 ἀπογρά-

1916 2303 2111 2371 φεσθαι
2163 2304 2403 2375 βούλοιτο
2444 2305 2802 2379 στρατιώτης,
2840 2306 2933 2361 τοῦ
2988 2307 3229 2376 πολέμου
3276 2308 3499 2363 λύεσθαι

1918 2386 2199 2456 μέλλοντος
2219 2404 2232 2417 ·
2258 2384 2546 2460 ἢάθλητὴς
2567 2389 2914 2455 ἀποδύεσθαι,
2936 2390 3031 2445 τοῦ
3055 2390 3285 2463 θεάτρου
3313 2393 3497 2447 λοιπὸν

1912 2467 2261 2533 ἀναστάντος.
2290 2472 2400 2524 Καὶ
2422 2471 2529 2542 γάρ
2551 2472 2691 2527 ὅπλα
2720 2473 2807 2528 διὰ
2846 2474 3003 2528 τοῦτο
3047 2473 3361 2544 λαμϐάνεις,
3394 2477 3496 2546 οὐχ

1913 2550 2002 2604 ἵνα
2034 2552 2237 2617 εὐθέως
2288 2554 2668 2630 ἀποπηδήσῃς,
2714 2557 2832 2611 ἀλλ’
2871 2559 2957 2613 ἵνα
3006 2557 3187 2611 λαϐὼν
3221 2560 3365 2614 κατὰ
3396 2558 3494 2613 τοῦ

1913 2632 2155 2712 ἐναντίου
2189 2635 2448 2704 τρόπαιον
2474 2639 2697 2710 στήσῃς.
2726 2639 2931 2709 Μηδεὶς
2957 2640 3225 2710 νομιζέτω
3266 2640 3494 2712 ἄκαιρον

1912 2709 2054 2768 εἶναι
2087 2715 2178 2769 τὸν
2204 2717 2330 2786 περὶ
2360 2717 2566 2773 τούτων
2604 2709 2783 2788 λόγον,
2818 2723 2866 2772 εί
2904 2723 2975 2790 μή
3012 2709 3127 2773 ἐστι
3156 2709 3495 2793 τεσσαρακο-

1914 2798 2015 2869 στῆ
2038 2798 2154 2852 νῦν.
2186 2799 2285 2851 Διά
2313 2800 2422 2869 γὰρ
2454 2799 2612 2853 τοῦτο
2639 2801 2904 2871 δάκνομαι
2931 2842 2945 2865 ,
2984 2803 3066 2856 ὅτι
3099 2803 3288 2873 καιρὸν
3318 2822 3495 2875 παρα-

1913 2884 2129 2951 τηρεῖτε
2157 2883 2214 2933 ἐν
2244 2884 2357 2943 τοῖς
2391 2881 2672 2946 τοιούτοις.
2713 2884 2975 2951 Καίτοιγε
3011 2886 3039 2937 ὁ
3087 2883 3341 2954 εὐνοῦχος
3376 2885 3492 2958 [15]

1913 2964 2140 3027 ἐκεῖνος,
2167 2966 2260 3016 καὶ
2290 2964 2564 3036 βάρϐαρος
2586 2965 2662 3019 ὣν
2691 2967 2783 3019 καὶ
2809 2966 3124 3036 ὁδοιπορῶν,
3150 2970 3245 3021 καὶ
3269 2971 3327 3022 ἐν
3351 2970 3494 3042 μέσῃ

1912 3045 2165 3118 λεωφόρῳ
2183 3045 2278 3110 ὢν,
2311 3048 2502 3118 καιρὸν
2540 3048 2639 3101 οὐκ
2671 3047 2937 3118 ἐζήτησεν
2959 3066 2973 3079 ·
3018 3049 3134 3102 ἀλλ’
3180 3051 3302 3103 οὐδὲ
3337 3053 3366 3103 6
3406 3053 3492 3105 δε-

1911 3128 2211 3197 σμοφύλαξ,
2253 3130 2542 3184 καὶταῦτα
2569 3130 2771 3201 μεταξὺ
2804 3132 3098 3202 δεσμωτῶν
3134 3133 3231 3198 ὢν,
3267 3137 3363 3190 καὶ
3396 3137 3489 3191 τδν

1905 3210 2221 3266 διδάσκαλον
2262 3216 2749 3285 μεμαστιγωμένον
2772 3216 2864 3269 καὶ
2886 3217 3173 3287 δεδεμένον
3199 3219 3361 3288 ὁρῶν,
3393 3222 3491 3276 καὶ

1905 3293 2040 3359 τέως
2072 3296 2232 3350 αὐτὸν
2264 3298 2473 3368 μέλλων
2515 3298 2665 3352 ἔνδον
2697 3298 2860 3369 ἔχειν.
2907 3301 3171 3355 Ἐνταῦθα
3206 3303 3264 3356 δὲ
3309 3305 3371 3357 οὐ
3401 3305 3489 3358 δε-

1911 3379 2224 3451 σμωτήριον
2253 3381 2549 3445 οἰκοῦντες,
2581 3381 2688 3435 οὐδ’
2720 3384 2777 3434 ἐν
2799 3384 2936 3445 ὁδοῖς
2962 3384 3485 3447 ὃντες,ἀναϐἀλλον-

1902 3479 1993 3537 ται
2024 3464 2229 3530 πολλοὶ,
2264 3465 2358 3518 καὶ
2383 3465 2554 3518 ταῦτα
2586 3466 2737 3527 ὄντες
2757 3466 2893 3535 πρὸς
2933 3467 3170 3537 ἐσχάτας
3188 3469 3482 3534 ἀναπνοὰς.

1972 3532 2043 3617 η’.
2082 3547 2144 3599 El
2186 3546 2284 3617 μὲν
2305 3543 2398 3601 οὖν
2439 3547 2520 3600 ἔτι
2554 3532 2937 3617 ἀμφιϐάλλεις,
2986 3532 3068 3602 ότι
3100 3549 3231 3615 Θεός
3262 3555 3411 3606 ἐστιν
3443 3532 3486 3606 V6

1902 3627 2157 3698 Χριστὸς,
2176 3628 2280 3694 ἔξω
2304 3630 2481 3700 στῆθι,
2507 3630 2599 3683 καὶ
2626 3629 2758 3700 μηδὲ
2777 3629 2933 3684 θείων
2954 3629 3118 3685 ἄκουε
3133 3631 3326 3701 λόγων,
3347 3635 3484 3704 μηδέ

1901 3713 1960 3764 ἐν
1989 3713 2100 3775 τοῖς
2128 3713 2552 3784 κατηχουμένοις
2577 3713 2799 3784 ἀρίθμει
2829 3715 3023 3768 σαυτόν
3043 3730 3057 3743 ⁶
3087 3716 3136 3768 εί
3159 3716 3216 3769 δὲ
3240 3716 3481 3788 θαρρεῖς,

1902 3793 1995 3847 καὶ
2020 3788 2166 3857 οἶδας
2190 3793 2346 3848 τοῦτο
2379 3795 2587 3865 σαφῶς,
2624 3795 2678 3848 τί
2709 3795 2953 3865 μέλλεις;
2988 3798 3041 3851 τί
3075 3797 3132 3851 δὲ
3156 3797 3362 3872 ἀναδύῃ
3390 3802 3484 3854 καὶ

1899 3876 2114 3940 όκνεῖς;
2148 3876 2369 3931 Δέδοικα
2400 3878 2476 3950 μὴ
2499 3879 2749 3950 ἁμάρτω,
2788 3880 2941 3950 φησί.
2980 3881 3054 3935 Τὸ
3075 3881 3130 3934 δὲ
3166 3882 3481 3953 χαλεπώτε-

1903 3976 1992 4025 ρον
2019 3959 2080 4012 οὐ
2107 3958 2373 4024 δέδοικας,
2398 3962 2472 4032 μὴ
2499 3963 2637 4032 μετά
2668 3964 2903 4033 φορτίων
2938 3964 3211 4020 τοσούτων
3239 3965 3481 4039 ἀπέλθῃς

1898 4045 2044 4109 ἐκεῖ;
2070 4043 2206 4097 Οὐδὲ
2251 4045 2359 4117 γάρ
2389 4046 2536 4099 ἐστιν
2565 4046 2697 4112 ἴσον,
2735 4048 2956 4125 χάριτος
2989 4049 3357 4121 προκειμένης
3404 4053 3481 4122 μὴ

1897 4127 2101 4195 τυχεῖν,
2130 4125 2224 4179 καὶ
2243 4127 2542 4199 κατορθοῦν
2581 4129 2962 4200 ἐπιχειροῦντα
2995 4132 3307 4201 ἀποτυχεῖν.
3344 4132 3480 4184 Εἰπέ

1895 4207 1959 4276 δή
1993 4226 2103 4278 μοι,
2140 4209 2206 4262 ἂν
2232 4211 2339 4278 γὰρ
2372 4210 2574 4280 ἐγκαλῇ
2598 4253 2612 4273 ,
2640 4212 2800 4275 Τίνος
2837 4213 3022 4267 ἕνεκεν
3063 4214 3124 4267 οὐ
3151 4214 3476 4284 προσῆλθες.

1897 4289 2039 4352 τίνος
2063 4290 2247 4342 ἕνεκεν
2267 4293 2327 4343 οὐ
2361 4292 2751 4358 κατώρθωσας,
2774 4293 2830 4344 τί
2851 4295 2996 4362 ἐρεῖς
3021 4310 3036 4359 ;
3073 4288 3220 4347 Ἐκεῖ
3246 4294 3349 4363 μὲν
3370 4295 3479 4364 γάρ

1899 4370 2039 4439 τάχα
2068 4371 2128 4423 τὸ
2164 4371 2419 4440 φορτικὸν
2454 4371 2597 4439 ἔχεις
2633 4374 2808 4425 εἰπεῖν
2856 4375 2951 4426 καὶ
2988 4375 3096 4427 τῶν
3122 4378 3480 4446 προσταγμά-

1898 4447 2052 4504 τωνά
2100 4453 2195 4504 καὶ
2230 4452 2329 4521 τῆς
2373 4452 2575 4522 ἀρετῆς
2600 4467 2614 4483 ·
2654 4452 2888 4507 ἐνταῦθα
2932 4454 2987 4508 δὲ
3019 4455 3171 4510 οὐδὲν
3216 4456 3474 4512 τοιοῦτον.

1898 4534 2073 4603 Χάρις
2096 4535 2203 4605 γάρ
2227 4535 2342 4587 ἐστι
2366 4534 2577 4605 δωρεάν
2610 4536 2958 4607 παρεχομένη
2993 4537 3092 4610 τὴν
3140 4538 3476 4609 ἐλευθερίαν.

1911 4617 2070 4670 Ἀλλά
2096 4616 2340 4681 δέδοικας
2371 4616 2445 4688 μὴ
2474 4618 2725 4690 ἁμάρτῃς
2752 4635 2767 4687 ;
2796 4619 2978 4675 Ταῦτα
3015 4620 3155 4693 μετά
3178 4623 3238 4677 τὸ
3278 4622 3474 4694 βάπτι-

1897 4716 2007 4770 σμα
2037 4699 2184 4766 λέγε.
2211 4699 2344 4753 Τότε
2363 4699 2455 4771 ἔχε
2482 4700 2573 4755 τὸν
2598 4701 2784 4769 φόϐον,
2805 4702 2947 4757 ὥστε
2970 4703 3202 4773 φυλάξαι
3223 4706 3323 4777 τὴν
3343 4711 3477 4779 παῤ-

1895 4781 2108 4851 ρησίαν,
2131 4782 2199 4853 ῆν
2228 4782 2435 4847 ἔλαϐες,
2461 4783 2558 4853 οὐχ
2585 4782 2726 4837 ὥστε
2752 4786 2826 4856 μὴ
2852 4785 3036 4840 λαϐεῖν
3057 4787 3267 4859 δωρεὰν
3297 4791 3473 4845 τοιαύ‹

1890 4881 1989 4935 την
2023 4875 2069 4919 θ.
2110 4863 2224 4918 Νῦν
2246 4863 2304 4918 δὲ
2331 4865 2436 4936 πρὸ
2467 4868 2565 4938 μὲν
2584 4867 2677 4921 τοῦ
2710 4867 3087 4940 βαπτίσματος
3122 4872 3357 4942 εὐλαϐὴς
3381 4876 3466 4935 σὺ,

1893 4946 2032 5015 μετὰ
2074 4947 2132 5000 δὲ
2186 4947 2249 5000 τδ
2295 4947 2579 5020 βάπτισμα
2623 4951 2883 5021 ῥᾴθυμος.
2932 4952 3093 5006 Ἀλλά
3142 4953 3233 5007 τὸν
3280 4956 3467 5027 καιρὸν

1890 5030 2179 5100 ἀναμένεις
2222 5031 2325 5100 τῆς
2381 5034 2858 5104 τεσσαρακοστῆςς
2909 5036 3065 5099 Τίνος
3111 5037 3334 5101 ἓνεκεν;
3393 5039 3468 5109 μὴ

1889 5112 1998 5183 γάρ
2028 5111 2137 5182 ἔχει
2161 5129 2214 5164 τι
2246 5113 2402 5172 πλέον
2430 5117 2637 5179 ἐκεῖνος
2663 5118 2691 5169 6
2714 5118 2930 5188 καιρόςς
2976 5120 3038 5171 Ol
3064 5120 3195 5188 γοῦν
3232 5120 3467 5172 ἀπόστο-

1889 5193 1969 5246 λοι
2016 5194 2118 5246 οὐκ
2163 5195 2223 5245 ἐν
2268 5194 2344 5265 τῷ
2389 5197 2572 5267 πάσχα
2617 5198 3033 5270 κατηξιώθησαν
3075 5202 3174 5271 τῆς
3221 5200 3463 5272 χάριτος,

1876 5275 2004 5339 ,ἀλλ’
2036 5275 2097 5328 ἐν
2128 5275 2300 5346 ἑτέρῳ
2327 5279 2504 5350 καιρῷ
2523 5297 2535 5310 ·
2563 5281 2656 5335 καὶ
2683 5283 2731 5334 οί
2760 5282 3048 5353 τρισχίλιοι
3073 5283 3167 5336 καὶ
3187 5285 3237 5335 οἱ
3276 5298 3468 5339 πενταρ

1888 5357 2165 5429 κισχίλιοι,
2195 5359 2285 5411 ὅτε
2322 5361 2748 5432 ἐϐαπτίσθησαν,
2791 5365 2977 5434 πάσχα
3003 5365 3103 5418 οὐκ
3128 5360 3197 5435 ἦν
3233 5366 3461 5435 καιρόςο
3518 5360 3525 5367 ’

1887 5440 1981 5494 καὶ
2006 5443 2035 5494 ό
2066 5441 2383 5511 Κορνήλιος,
2423 5445 2517 5498 καὶ⁴
2545 5447 2574 5499 6
2607 5445 2880 5517 εὐνοῦχος,
2907 5448 3000 5500 καὶ
3020 5447 3196 5518 ἕτεροι
3221 5446 3458 5513 πλείους.

1886 5522 1979 5592 Μὴ
2008 5522 2189 5575 τοίνυν
2207 5524 2397 5594 καιρὸν
2423 5526 2805 5597 ἀναμένωμεν,
2830 5530 3038 5597 μήποτε
3063 5528 3345 5597 μέλλοντες
3367 5532 3460 5585 καὶ

1885 5604 2310 5674 ἀναϐαλλόμενοι
2336 5607 2657 5677 ἀπέλθωμεν
2691 5611 2836 5663 κενοὶ
2859 5610 2952 5662 καὶ
2979 5608 3173 5682 ἔρημοι
3194 5613 3460 5670 τοσούτων

1950 5753 1973 5780 ε
1996 5749 2148 5797 Savil.
2175 5748 2285 5811 παρ’
2307 5749 2440 5846 ὑμῖν..
2455 5748 2628 5798 Morel.
2657 5753 2766 5816 παρ’
2789 5752 2937 5813 ὐμῶν.
3027 5752 3055 5794 ἆ
3078 5756 3214 5808 Alius
3243 5759 3323 5807 καὶ
3359 5761 3458 5807 τῶν

1950 5809 2174 5846 κῆνηηᾶτων
2280 5811 2304 5837 θ
2332 5841 2339 5846 .
2368 5810 2463 5846 9‘11
2502 5811 2551 5846 ἰπὶ
2574 5823 2711 5846 mnta
2748 5814 2983 5846 ῬΜΜήσυ-ιι
3025 5831 3166 5846 ιιι-ιη...
3191 5822 3302 5846 1,...ιὶ
3321 5832 3453 5846 ..ιη-ιι

1886 5809 2193 5879 ιίιεπιθημιάτιιινἶ
2237 5809 2256 5879 ς
2280 5811 2304 5837 θ
2331 5809 2479 5879 Sam.
2502 5811 2551 5858 in
2574 5809 3000 5877 ωιπεξτοσαύτην,
3023 5831 3167 5879 quam
3191 5822 3304 5869 lecti
3321 5832 3455 5868 mem

1894 5878 2092 5918 secutus
2110 5872 2312 5937 τωρωι·
2348 5871 2628 5932 I.:lcrpres.-

3091 5974 3131 6033 2
