3976 6144
533 225 603 278 25
1257 226 1315 277 S.
1355 223 1644 278 JOANNIS
1680 222 2164 279 CHRYSOSTOMI
2205 222 2520 277 AﬂClllEl’.
2565 220 3114 276 CONSTANTINOP.
3701 216 3775 270 26

531 337 769 406 ἀγαθῶν.
829 337 949 400 Πῶς
1004 336 1178 390 οῖεσθε
1217 338 1509 410 ὀδυνῶμαι,
1559 342 1688 393 ὅταν
1726 341 1943 393 ἀκούσω
1972 381 1985 402 ,
2020 340 2101 391 6::

533 421 775 492 ἀμύητός
800 439 884 483 τις
915 422 1193 492 ἀπηνέχθη
1229 423 1496 488 ἐντεῦθεν,
1545 423 1643 487 τὰς
1673 425 1976 495 ἀφορήτους
2017 423 2101 474 ἐν-

530 508 665 561 νοῶν
695 507 944 568 κολάσεις
987 505 1220 571 ἐκείνας,
1257 506 1352 576 τὴν
1389 507 1760 577 ἀπαραίτητον
1793 506 2098 576 τιμωρίανς

531 591 647 653 πῶς
691 591 956 660 δάκνομαι
1008 590 1202 654 πάλιν,
1244 591 1370 642 ὅταν
1426 590 1642 660 ἐτέρους
1678 591 1770 643 ῖδω
1819 590 1954 659 πρὸς
2003 589 2099 652 τὰς

528 672 762 742 ἐσχάτας
794 673 1092 741 φθάνοντας
1113 672 1403 736 ἀναπνοὰς,
1434 673 1526 726 καὶ
1568 673 1699 742 μηδέ
1723 671 1967 725 ἐντεῦθεν
1994 687 2099 723 σω-

528 754 948 824 φρονιζομένους
969 771 983 818 ;
1004 755 1100 808 Διά
1123 771 1204 807 τοι
1229 754 1387 808 τοῦτο
1417 753 1585 807 πολλὰ
1617 755 1715 822 τῆς
1741 753 1947 823 δωρεᾶς
1971 751 2098 804 ταύ-

526 852 626 906 της
657 835 852 900 ἀνάξια
877 837 1102 902 γίνεται.
1134 837 1262 888 Δέον
1290 836 1398 908 γὰρ
1422 835 1806 906 εὐφραίνεσθαι
1825 876 1839 900 ,
1886 836 1978 888 καὶ
2009 851 2099 904 χοο

527 919 732 991 ρεύειν,
763 921 858 973 καὶ
891 919 1121 990 χαίρειν.
1151 920 1240 972 καὶ
1264 918 1655 988 στεφανοῦσθαι
1701 931 1749 982 ιι,
1783 918 1966 988 ἐτέρου
2004 935 2100 986 μυ-

528 1001 1000 1072 σταγωγουμένου,
1032 1002 1160 1055 ὅταν
1193 1001 1401 1075 ἀκούσῃ
1423 1002 1516 1054 τοῦ
1556 1002 1851 1072 κάμνοντος
1885 1000 2095 1072 ήγυνὴ,

526 1087 608 1138 6::
637 1084 793 1138 τοῦτο
813 1084 1122 1154 ἐπέσκηψεν
1155 1087 1183 1138 6
1225 1086 1429 1155 ἰατρὸς,
1460 1085 1533 1149 ὡς
1570 1085 1662 1138 ἐπὶ⁸
1695 1084 1848 1154 κακῷ
1870 1102 1973 1138 τινι
2007 1102 2098 1137 κα-

524 1167 853 1220 τακόπτεται
877 1164 906 1205 δ
943 1169 1038 1220 καὶ
1067 1167 1274 1237 θρηνεῖ,
1323 1169 1416 1220 καὶ
1449 1168 1686 1219 κωκυτοὶ
1717 1169 1808 1220 καὶ
1861 1166 2098 1238 οἰμωγαὶ

525 1249 801 1319 πανταχοῦ
857 1251 953 1319 τῆς
984 1249 1161 1312 οίκίας
1220 1248 1296 1311 ὡς
1347 1250 1438 1301 ἐπὶ
1488 1248 1794 1301 καταδίκων
1833 1248 1942 1300 τῶν
1997 1249 2096 1318 τὴν

525 1332 760 1402 ἐσχάτην
805 1331 1165 1402 ἀπαγομένων
1218 1329 1353 1383 ὁδόν.
1416 1331 1528 1384 K01
1561 1333 1767 1393 ἐκεῖνος
1820 1330 1876 1383 δὲ
1937 1330 2097 1383 πάλιν

523 1417 640 1468 τότε
676 1427 698 1453 ε
730 1415 976 1468 όδυνᾶται
1005 1413 1184 1477 πλέον,
1226 1413 1330 1466 κᾶν
1355 1413 1619 1485 ἀνενέγκῃ
1647 1413 1754 1466 ἀπὸ
1793 1414 1894 1482 τῆς
1919 1414 2098 1484 ἀρρω-

524 1500 694 1559 στίας,
727 1495 1103 1566 χαλεπώτερον
1132 1494 1288 1562 ἀλγεῖ
1338 1495 1414 1559 ὡς
1440 1493 1824 1566 ἐπηρεασθείς.
1878 1494 2094 1564 Ἐπειδὴ

521 1580 629 1650 γὰρ
657 1580 720 1631 06
758 1576 1167 1649 παρεσκεύαστο
1204 1577 1341 1647 πρὸς
1357 1578 1578 1648 ἀρετὴν,
1601 1577 1750 1630 ὀκνεῖ
1776 1576 1978 1642 λοιπὸν,
1997 1576 2090 1629 καὶ

520 1660 806 1714 ἀναδύεται
835 1659 972 1730 πρὸς
997 1660 1122 1723 τοὺς
1144 1659 1359 1727 ἀγῶνας
1380 1661 1505 1722 τοὺς
1523 1658 1661 1728 μετά
1680 1657 1869 1711 ταῦτα.
1905 1659 2090 1728 Ὁρᾷς,

519 1741 608 1798 οἷα
636 1746 664 1796 6
692 1743 936 1805 διάϐολος
964 1743 1363 1807 κατασκευάζει
1401 1743 1793 1814 μηχανήματα,
1835 1743 1966 1812 ὅσην
1993 1740 2091 1812 τὴν

519 1826 799 1897 αἰσχύνην,
827 1827 949 1878 ὅσον
977 1825 1070 1877 τὸν
1119 1824 1367 1892 γέλωτα;
1432 1823 1862 1894 Ἀπαλλαγῶμεν
1911 1823 2090 1877 τοίνυν

517 1909 706 1960 τούτου
744 1906 853 1979 [Η]
875 1905 968 1958 τοῦ
1002 1906 1259 1974 γέλωτος’
1285 1906 1541 1977 ζήσωμεν
1562 1908 1636 1970 ὡς
1654 1909 1682 1960 6
1709 1906 1940 1977 Χριστὸς
1969 1905 2089 1959 ἐκέ-

517 1989 691 2041 λευσε.
718 1989 816 2042 Διά
838 1988 994 2042 τοῦτο
1022 1988 1188 2041 ἔδωκε
1220 1988 1280 2040 :6
1302 1988 1605 2059 βάπτισμα,
1634 1990 1734 2060 οὐχ
1777 1990 1863 2041 ἵνα
1898 1988 2090 2040 λαϐόν-

516 2087 607 2132 τες
628 2071 973 2142 ἀπέλθωμεν,
1013 2071 1128 2124 ἀλλ’
1163 2072 1250 2124 ἵνα
1293 2071 1648 2141 ἐπιζήσαντες
1683 2071 1930 2142 καρποὺς
1973 2075 2092 2124 ἐπι·

515 2152 836 2224 δειξώμεθα.
868 2155 993 2216 Πῶς
1031 2155 1195 2224 ἐρεῖς,
1232 2153 1604 2225 Καρποφόρει,
1640 2153 1717 2224 τῷ
1749 2154 1983 2218 ἀπιόντι,
2014 2153 2092 2223 τῷ

519 2239 841 2301 ἐκκοπέντι;
875 2237 975 2290 οὐκ
995 2238 1253 2306 ἡκούσας,
1287 2237 1368 2290 6::
1413 2237 1466 2289 Ὁ
1507 2237 1734 2306 καρπὸς
1779 2237 1884 2291 τοῦ
1912 2238 2093 2290 Πνεύ-

584 2401 610 2428 ⁸
635 2399 803 2447 Morel.
831 2400 1151 2492 εὐφραίνεσθαι
1187 2401 1269 2448 καὶ
1301 2399 1480 2463 χαίρειν
1502 2401 1583 2448 καὶ
1603 2415 1738 2459 στεφ.
1781 2398 1810 2436 ἲ)
1834 2397 1972 2446 Alius
1996 2413 2086 2444 καο

584 2460 822 2492 κλαίωνν...
961 2461 1079 2492 τίη
1113 2461 1254 2492 ,ιοοει
1288 2462 1335 2492 ί..
1365 2461 1513 2492 ΜΛι-ΩΙ

501 2461 845 2526 ,ταθρύπτεταμ
896 2461 936 2492 ⁷⁸
961 2461 1081 2510 Τότε
1113 2461 1260 2510 deest
1288 2462 1337 2509 iu
1363 2461 1534 2511 Morel.

2197 339 2384 404 ⁴έιατός
2438 339 2608 390 ἐστιν
2653 335 2874 404 ἀγάπη,
2930 334 3104 401 χαρὰ,
3137 329 3536 400 είρήνη;Πῶς
3583 321 3680 378 οὖν
3707 325 3777 379 τὰ

2201 419 2421 473 ἐναντία
2459 419 2701 487 γίνεται;
2736 419 2842 470 K01
2888 417 2996 488 γὰρ
3041 417 3074 485 ἡ
3121 414 3259 484 γυνὴ
3301 412 3616 483 παρέστηκε
3651 425 3778 461 πενο

2201 500 2390 563 θοῦσα,
2438 502 2526 554 ὅτε
2562 501 2771 570 χαίρειν
2818 499 2924 551 ἔδει
2949 516 2961 528 ·
3001 497 3069 550 τὰ
3123 496 3292 550 τέκνα
3329 495 3650 564 ὀδυρόμενα,
3687 491 3776 543 ὅτε

2205 582 2527 652 συνήδεσθαι
2560 581 2727 651 ἐχρῆν
2751 599 2765 612 ·
2811 581 2974 644 06:6;
3017 582 3046 632 6
3083 579 3335 650 κείμενος
3381 573 3778 644 ὲσκοτωμένος,

2200 665 2432 737 θορύϐου
2471 665 2655 734 γέμων
2686 665 2780 718 x01
2809 665 3074 735 ταραχῆς,
3109 665 3197 716 ὅτε
3228 658 3618 731 πανηγυρίζειν
3645 655 3775 708 ἔδει·

2199 747 2437 818 ἀθυμίας
2458 747 2884 818 πεπληρωμένος
2910 745 3133 814 πολλῆς,
3156 745 3245 798 διὰ
3271 743 3369 812 τὴν
3389 740 3654 812 ὀρφανίαν
3668 738 3778 790 τῶν

2198 830 2426 889 τέκνων,
2461 831 2548 884 διὰ
2569 831 2667 898 τὴν
2699 829 2926 899 χηρείαν
2957 829 3057 898 τῆς
3079 827 3354 896 γυναικὸς,
3395 823 3484 877 διὰ
3508 823 3606 893 τὴν
3645 823 3777 892 ἐρη-

2203 913 2328 982 μίαν
2355 913 2455 982 τῆς
2488 913 2683 976 οίκίας.
2723 911 2880 964 Οὕτω
2929 929 3013 972 τις
3038 910 3364 980 προέρχεται
3419 902 3775 976 μυστηρίοιςς

2199 994 2318 1046 εἰπέ
2350 1011 2438 1064 μοι
2461 1011 2474 1025 ⁸
2500 993 2673 1057 οὕτως
2697 993 2927 1046 ἅπτεται
2973 991 3255 1062 τραπέζης
3281 990 3465 1059 ἱερᾶς;
3496 987 3670 1040 ταῦτα
3691 986 3779 1037 ἀν·

2197 1077 2362 1141 εκτά;
2409 1077 2528 1130 Κάν
2572 1077 2669 1147 μὲν
2699 1076 2954 1146 βασιλεὺς
2989 1075 3178 1145 πέμψῃ
3212 1074 3539 1144 γράμματα,
3565 1071 3696 1132 :06;
3721 1069 3777 1120 ἐν

2195 1159 2554 1231 δεσμωτηρίῳ
2585 1159 2749 1223 λύων,
2781 1158 3087 1228 εὐφροσύνη
3136 1159 3231 1210 καὶ
3275 1155 3451 1226 χαρά”
3499 1155 3528 1205 6
3559 1153 3616 1205 δὲ
3644 1151 3775 1212 Θεὸς

2197 1241 2545 1312 καταπέμπει
2571 1242 2632 1294 τὸ
2665 1240 2889 1310 Πνεῦμα
2911 1240 2968 1306 ἐξ
2992 1239 3257 1311 οὐρανῶν,
3283 1238 3408 1308 οὐχί
3436 1235 3776 1303 ἐλλείμματα

2196 1326 2515 1394 χρημάτων,
2572 1322 2690 1376 ἀλλ’
2721 1322 2991 1392 ὁλόκληρα
3020 1322 3398 1392 ἁμαρτήματα
3433 1315 3736 1386 συγχωρῶν
3758 1332 3770 1345 ·

2197 1407 2293 1458 καὶ
2317 1405 2517 1468 πάντες
2549 1405 2798 1475 θρηνεῖτε
2827 1405 2921 1458 καὶ
2948 1403 3237 1474 όδύρεσθε;
3289 1402 3385 1466 Τίς
3423 1402 3456 1471 ἡ
3489 1397 3776 1468 ἀνωμαλία

2197 1487 2376 1559 αὖτη;
2414 1487 2580 1541 Οὔπω
2631 1487 2741 1557 γὰρ
2779 1486 2941 1555 λέγω,
2998 1487 3080 1540 6::
3131 1486 3226 1538 καὶ
3265 1485 3477 1555 νεκροῖς
3531 1481 3772 1551 ἐπεχύθη

2198 1568 2362 1640 ὕδωρ,
2399 1571 2493 1623 καὶ
2521 1569 2588 1622 τὰ
2631 1571 2766 1636 ἀγια
2816 1571 3016 1641 ἐρρίφη
3068 1569 3148 1628 εἰς
3171 1567 3304 1638 γῆν·
3337 1566 3448 1619 ἀλλ’
3478 1564 3577 1634 οὐχ
3612 1565 3774 1633 ἡμεῖς

2195 1653 2398 1706 τούτων
2443 1654 2626 1716 αἴτιοι,
2677 1653 2792 1706 ἀλλ’
2831 1654 2882 1706 οἱ
2925 1651 3257 1720 ἀγνώμονες.
3319 1650 3410 1702 Διὸ
3469 1645 3774 1717 παρακαλῶ

2195 1735 2374 1788 πάντα
2403 1735 2640 1804 ἀφέντας
2666 1735 2966 1805 συστρέψαι
2993 1734 3219 1795 ἑαυτοὺς
3245 1733 3338 1785 καὶ
3383 1729 3665 1800 προσιέναι
3698 1727 3775 1798 τῷ

2197 1816 2531 1888 βαπτίσματι
2569 1817 2706 1888 μετά
2724 1818 2751 1857 ά
2785 1817 3091 1889 προθυμίας
3115 1817 3351 1885 ἀπάσης,
3375 1815 3461 1868 ἵνα
3490 1815 3585 1866 καὶ
3613 1814 3672 1865 ἐν
3698 1806 3788 1881 τῷ

2194 1901 2426 1972 παρόντι
2461 1901 2659 1972 πολλὴν
2689 1901 3088 1970 ἐπιδειξάμενοι
3125 1898 3388 1968 σπουδὴν,
3419 1897 3519 1966 τῆς
3549 1893 3776 1966 9.51105-

2195 1999 2293 2053 σης
2341 1981 2594 2053 τύχωμεν
2627 1984 2974 2054 παρρησίας·
3003 1979 3071 2054 ἧς
3106 1983 3318 2050 γένοιτο
3368 1980 3577 2040 πάντας
3625 1979 3774 2045 ἡμᾶς

2192 2065 2488 2133 ἐπιτυχεῖν,
2518 2066 2702 2136 χάριτι
2728 2068 2821 2119 καὶ
2849 2065 3227 2135 φιλανθρωπίᾳ
3247 2062 3339 2116 τοῦ
3376 2061 3581 2132 Κυρίου
3615 2058 3775 2130 ήμῶν

2204 2147 2379 2217 Ἰησοῦ
2433 2148 2691 2219 Χριστοῦ,
2727 2143 2772 2217 ᾧ
2805 2150 2850 2219 ἠ,
2872 2147 2998 2213 δόξα
3047 2150 3144 2202 καὶ
3185 2148 3247 2200 τὸ
3300 2147 3500 2218 κράτος
3538 2145 3619 2208 είς
3646 2144 3771 2205 τοὺς

2193 2230 2396 2293 αἰῶνας
2426 2231 2534 2284 τῶν
2575 2232 2805 2285 αίώνων.
2849 2232 3042 2302 Ἀμήν.

2254 2398 3063 2465 (ί-ᾼιξιιιιῥιφέντες,ἰι-πουδοὶσςιιιμεν¹
3087 2400 3153 2461 μὴ
3172 2397 3375 2465 ἀμύητοι
3420 2395 3507 2465 τοῦ
3534 2394 3769 2465 παρργτος

2193 2459 2406 2507 ἀπελθεῖν
2451 2455 2572 2521 βίόυ,
2617 2455 2738 2509 ἀλλὰ
2783 2460 2867 2509 τοῦ
2923 2455 3246 2523 βαπτίσματος
3289 2457 3522 2519 ἐπιτυχεῖν
3570 2455 3708 2518 μετά.

2229 2710 2640 2719 .—-—.—-——_——_

1993 2881 2231 2936 ΟΜΙΛΙΑ
2275 2881 2347 2937 B'.

500 2984 574 3042 ,οὶ
597 2982 713 3050 μὲν
741 2980 856 3057 οὖν
883 2987 1285 3057 συνελθόντες
1317 2988 1632 3056 ἐπηρώτων
1660 2987 1846 3041 αὐτὸν
1875 2991 2085 3057 λέγον-

512 3063 515 3065 ·
590 3067 685 3116 τες
708 3069 721 3080 ·
760 3054 954 3136 Ιςύριξ,
975 3058 1026 3106 εὶ
1142 3055 1224 3121 τῷ
1243 3054 1438 3136 χρόνῳ
1463 3059 1650 3136 τούτῳ
1679 3054 2084 3112 ἀποκαθιστά-

585 3139 709 3186 νεις
738 3121 853 3189 τὴν
876 3124 1204 3187 βασιλείαν
1235 3121 1313 3192 τῷ
1341 3121 1578 3194 Ἰσραήλ
1603 3144 1621 3191 ;

585 3232 652 3285 α’.
671 3233 839 3286 Ὅταν
857 3251 909 3285 τι
928 3233 1192 3304 μέλλωσιν
1208 3238 1414 3306 ἐρωτᾷν
1430 3237 1479 3289 οἱ
1496 3237 1750 3306 μαθηταὶ,
1771 3236 1904 3307 όμοῦ
1925 3253 2090 3306 προσ-

513 3318 784 3386 ἐρχονται.
823 3317 992 3370 Τοῦτο
1018 3317 1074 3369 δὲ
1106 3317 1369 3382 ποιοῦσιν,
1409 3319 1493 3370 ἵνα
1519 3317 1595 3388 τῷ
1619 3319 1812 3388 πλήθει
1838 3318 2090 3388 δυσωπή-

515 3415 699 3453 σωσιν.
732 3400 989 3470 ᾜδεισαν
1013 3399 1143 3470 γὰρ,
1171 3401 1253 3453 6::
1275 3400 1336 3453 :6
1374 3401 1566 3472 πρώην
1596 3405 1725 3472 παρ’
1749 3403 1912 3456 αὐτοῦ
1935 3405 2088 3474 εἰρη-

515 3481 699 3550 μένον,
730 3483 810 3534 ὄτι
847 3481 1055 3548 Οὐδείς
1082 3478 1205 3536 οἵδε
1229 3482 1346 3551 τὴν
1370 3484 1601 3553 ἡμέραν
1622 3523 1636 3548 ,
1663 3484 2084 3556 διακρουομένου

509 3561 600 3634 ἦν,
635 3565 734 3618 οὐκ
765 3565 1102 3634 ἀγνοοῦντος,
1128 3566 1242 3620 ἀλλ’
1269 3567 1702 3638 ἀναϐαλλομένου
1729 3567 1827 3639 τὴν
1852 3568 2083 3638 ἀπόκρι-

515 3665 599 3700 σιν
619 3665 632 3678 ·
657 3649 778 3702 ὃθεν
805 3648 966 3702 πάλιν
995 3651 1406 3720 προσέρχονται,
1437 3651 1530 3702 καὶ
1560 3650 1855 3720 ἐρωτῶσιν.
1885 3650 1996 3704 Ούκ
2019 3652 2083 3706 ἂν

511 3729 567 3780 δὲ
602 3728 910 3799 ἠρώτησαν,
939 3731 993 3783 εἴ
1016 3748 1078 3800 γε
1109 3732 1276 3794 ὅντως
1302 3727 1440 3802 ἦσαν
1467 3732 1840 3800 πεπεισμένοι.
1866 3733 2082 3802 Ἐπειδὴ

511 3810 620 3880 γὰρ
644 3811 901 3881 ἡκουσαν,
953 3815 1034 3867 ὅτι
1081 3812 1303 3882 Πνεῦμα
1365 3813 1615 3880 μέλλουσι
1659 3812 1973 3882 λαμϐάνειν,
2009 3815 2084 3877 ὡς

511 3892 650 3956 ἄξιοι
679 3893 861 3948 λοιπὸν
886 3896 1036 3958 ὄντες
1068 3895 1261 3967 ἧθελον
1293 3897 1502 3965 μαθεῖν,
1533 3895 1627 3948 καὶ
1662 3896 1801 3963 πρὸς
1840 3897 2084 3950 ἀπαλλα-

511 3975 611 4044 γὴν
629 3973 766 4047 ἦσαν
787 3979 1012 4047 ἕτοιμοι.
1038 3977 1111 4031 Οὐ
1139 3979 1246 4048 γὰρ
1273 3977 1553 4030 ἐϐούλοντο
1576 3977 1820 4032 καθεῖναι
1851 3979 2081 4043 ἐαυτοὺς

511 4061 590 4122 είς
635 4060 930 4126 κινδύνους,
985 4060 1120 4112 ἀλλὰ
1165 4059 1499 4113 ἀναπνεῦσαι
1521 4077 1535 4091 ο
1565 4059 1699 4113 διότι
1729 4061 1787 4113 o6
1816 4061 1987 4132 μικρά
2012 4057 2080 4133 ἦν

511 4142 576 4196 τὰ
611 4143 994 4212 συμϐεϐηκότα
1038 4144 1238 4205 αὐτοῖς,
1279 4142 1414 4194 ἀλλά
1454 4143 1582 4211 περὶ
1627 4143 1732 4196 τῶν
1780 4144 2023 4214 ἐσχάτων
2052 4147 2079 4198 6

512 4225 751 4288 κίνδυνος
805 4226 1215 4296 ἐπεκρεμάσθη.
1261 4226 1427 4279 Οὐδὲν
1483 4221 1574 4278 οῦν
1630 4225 1777 4298 αὑτῷ
1811 4228 1939 4298 1:591
1985 4227 2077 4281 :06

512 4309 826 4379 Πνεύματος
878 4311 1142 4374 εἰπόντες.
1194 4310 1439 4381 ἐρωτῶσι
1471 4309 1753 4377 λέγοντες’
1790 4313 1988 4379 Κύριε,
2028 4316 2079 4365 εί

508 4393 578 4444 ἐν
597 4390 676 4454 τῷ
695 4393 891 4458 χρόνῳ
906 4394 1093 4455 τούτῳ
1115 4391 1615 4458 ἀποκαθιστάνεις
1631 4393 1744 4459 τὴν
1755 4393 2082 4456 βασιλείαν

509 4471 590 4535 τῷ
637 4473 882 4538 Ἰσραήλ
903 4491 921 4537 ;
967 4474 1076 4526 K01
1099 4473 1196 4526 οὐκ
1243 4471 1417 4534 εἶπον,
1448 4475 1622 4537 Πότε;
1673 4474 1828 4540 ἀλλὰ,
1861 4477 1924 4527 Εί
1952 4474 2076 4540 νῦν;

511 4551 676 4620 φησίν
696 4567 709 4580 ·
743 4551 913 4616 οὕτως
939 4553 1242 4622 ἐπεθύμουν
1265 4555 1362 4621 τὴν
1392 4555 1602 4622 ἡμέραν
1633 4554 1841 4622 μαθεῖν.
1871 4557 1960 4608 Διὸ
1987 4557 2080 4608 καὶ

515 4632 653 4702 μετά
683 4632 922 4696 πλείονος
976 4635 1231 4705 προσίασι
1271 4635 1368 4703 τῆς
1405 4635 1588 4704 τιμῆς.
1666 4635 1819 4704 Ἐμοὶ
1851 4636 1907 4688 δέ
1935 4635 2083 4689 δοκεῖ

509 4715 629 4768 οὐδὲ
650 4715 1019 4786 τετρανῶσθαί
1045 4733 1160 4777 πως
1182 4717 1382 4780 αὐτοῖς,
1402 4716 1484 4778 τίς
1501 4733 1630 4769 ποτε
1652 4713 1719 4788 ἦν
1747 4719 1778 4786 ή
1815 4717 2075 4787 βασιλεία·

509 4796 661 4851 οὔπω
682 4797 789 4867 γάρ
810 4793 878 4868 ἦν
903 4798 963 4850 :6
989 4797 1100 4869 [15]
1133 4798 1352 4869 Πνεῦμα
1377 4799 1591 4863 διδάξαν
1618 4800 1832 4863 αὐτούς.
1854 4801 1960 4853 K01
1980 4802 2080 4854 οὐκ

511 4877 682 4944 εἷπον,
716 4881 853 4933 Πότε
884 4879 1054 4933 ταῦτα
1076 4880 1256 4945 ἕσταις
1296 4882 1430 4935 ἀλλὰ
1456 4883 1541 4947 τί;
1577 4885 1642 4935 El
1670 4882 1741 4936 ἐν
1769 4880 1848 4947 τῷ
1883 4883 2080 4950 χρόνῳ

508 4967 696 5029 τούτῳ
712 4962 1208 5030 ἀποκαθιστάνεις
1225 4964 1340 5031 τὴν
1354 4966 1682 5030 ,βασιλείαν
1696 4963 1776 5030 τῷ
1799 4965 2076 5033 Ἰσραήλ;

505 5052 582 5112 ὡς
615 5049 714 5118 ἤδη
751 5049 1187 5102 ἐκπεπτωκυῖαν.
1213 5048 1396 5102 Ταῦτα
1428 5047 1568 5100 οὕτω
1592 5048 1968 5111 πανθάνονται,
1995 5048 2078 5100 6::

507 5135 636 5199 περὶ
669 5130 737 5182 τά
759 5127 994 5198 αἰσθητὰ
1019 5128 1096 5181 ἐτι
1134 5129 1414 5192 διέκειντο,
1443 5131 1488 5184 εί
1525 5130 1618 5182 καὶ
1663 5131 1736 5200 μὴ
1770 5129 1969 5200 ὁμοίως
2001 5130 2077 5193 ὡς

505 5213 801 5283 πρότερον·
829 5211 951 5263 οὐδὲ
973 5210 1082 5281 γάρ
1101 5212 1308 5264 οὐδέπω
1329 5213 1618 5281 γεγένηντο
1638 5212 1898 5281 βελτίους.
1923 5210 2078 5264 Οὕτω

505 5295 690 5349 λοιπὸν
719 5288 865 5347 οῦτοι
900 5294 1125 5364 μείζονα
1155 5295 1283 5364 περὶ
1314 5293 1480 5346 αὐτοῦ
1520 5293 1896 5362 ἐφαντάζοντο.
1924 5294 2076 5346 Ἐπεὶ

505 5375 597 5431 οῦν
627 5379 964 5448 ἀνήχθησαν,
996 5377 1093 5430 καὶ
1116 5377 1277 5440 06:6;
1299 5377 1621 5447 ἀνηγμένως
1638 5379 1823 5442 αὐτοῖς
1842 5378 2077 5446 διαλέγε-

505 5476 614 5513 ται.
647 5462 840 5514 υύκέτι
873 5463 984 5531 γάρ
1015 5459 1160 5528 λέγει
1181 5459 1318 5530 πρὸς
1355 5460 1569 5523 αὐτοὺς,
1603 5460 1683 5513 ὃτι
1712 5460 1862 5514 Οὑδὲ
1882 5463 1915 5514 ὁ
1941 5460 2071 5525 Υἱὸς

507 5535 629 5593 οἵδε
648 5543 759 5607 τὴν
784 5543 1010 5610 ἡμέραν
1026 5559 1040 5574 ’
1065 5542 1197 5596 ἀλλὰ
1222 5541 1305 5606 τί;
1341 5545 1462 5610 Οὺχ
1493 5542 1660 5612 ὑμῶν
1695 5543 1824 5596 ἐστι
1851 5543 2070 5612 γνῶναι

511 5623 766 5693 κρόνους
797 5625 832 5689 ἢ
857 5627 1116 5692 καιροὺς,
1141 5627 1247 5692 οὓς
1279 5629 1312 5680 ό
1349 5627 1548 5693 Πατὴρ
1576 5627 1740 5680 ἔθετο
1763 5626 1833 5679 ἐν
1858 5625 1932 5694 τῇ
1958 5626 2073 5692 ἰδίῃ

507 5706 774 5771 ἐξουσίᾳ.
799 5707 1034 5769 Μείζονα
1064 5712 1284 5770 αἰτεῖτε,
1316 5711 1465 5778 φησί.
1511 5709 1620 5761 K01
1657 5709 1765 5777 μὴν
1814 5708 1914 5777 ἤδη
1939 5707 2072 5777 ἔμαη

513 5787 602 5840 θον
641 5788 733 5839 καὶ
765 5787 797 5839 ἃ
844 5788 1020 5858 πολλῷ
1055 5789 1271 5859 μείζονα
1301 5788 1387 5861 ἦν.
1434 5792 1539 5843 K01
1589 5791 1676 5843 ἵνα
1709 5792 1884 5861 μάθῃς
1914 5789 2069 5843 τοῦτο

2191 2991 2458 3064 ἀκριϐῶς,
2493 2991 2595 3062 690
2642 2991 2785 3043 πόσα
2833 2983 3280 3058 ἀπαριθμοῦμαι.
3309 2983 3374 3036 Τί
3406 2981 3614 3053 μεῖζον,
3647 2981 3768 3064 είττέ

2195 3063 2305 3143 μοι,
2335 3073 2429 3128 τοῦ
2460 3073 2655 3144 μαθεῖν
2677 3072 2874 3134 αὐτοὺς
2898 3069 3042 3139 ἅπερ
3071 3067 3308 3138 ἐμαθον;
3353 3065 3602 3135 Ἐμαθον
3618 3063 3765 3133 γοῦν,

2189 3157 2270 3209 ὄτι
2307 3156 2435 3216 Υἱὸς
2451 3154 2547 3209 τοῦ
2581 3153 2718 3207 Θεοῦ
2750 3156 2888 3217 ἐστι,
2925 3152 3021 3205 καὶ
3053 3150 3180 3203 Υίὸν
3229 3149 3343 3218 ἔχει
3369 3149 3397 3200 6
3427 3147 3562 3209 Θεὸς
3587 3147 3770 3217 69.61:-

2193 3255 2292 3306 μον
2312 3256 2325 3268 ·
2347 3237 2670 3308 ἔμαθον,ὃτι
2701 3235 2998 3297 ἀνάστασις
3030 3233 3214 3286 ἔσται·
3251 3227 3475 3302 ἔμαθον,
3506 3230 3588 3283 6::
3612 3229 3768 3283 ἀνελ-

2189 3320 2298 3373 θὼν
2330 3320 2582 3374 ἐκάθισεν
2613 3321 2672 3372 ἐν
2697 3317 2845 3390 δεξιᾷ
2873 3317 2965 3371 τοῦ
2995 3316 3211 3388 Πατρός
3229 3331 3248 3346 '
3267 3314 3329 3367 τὸ
3355 3313 3543 3366 τούτου
3571 3330 3770 3382 φρικω-

2187 3403 2438 3474 δέστερον
2455 3403 2676 3473 ἔμαθον,
2693 3404 2776 3455 ὅτι
2802 3401 2939 3471 σὰρξ
2966 3400 3078 3454 ἄνω
3099 3398 3356 3468 κάθηται,
3395 3396 3490 3449 καλ¹
3530 3413 3767 3468 προσκυ-

2187 3491 2358 3543 νεῖται
2387 3488 2492 3541 ύπὸ
2531 3488 2776 3555 ἀγγέλων
2799 3503 2811 3516 ο
2856 3484 3081 3554 ἔμαθον,
3120 3484 3204 3536 ὅτι
3233 3481 3353 3552 ἥξει
3382 3480 3546 3534 πάλιν
3582 3482 3768 3550 κρῖναι

2187 3570 2364 3624 πάντα
2394 3569 2483 3622 τὸν
2509 3569 2711 3639 κόσμον
2730 3585 2745 3598 ·
2778 3566 3002 3636 ἔμαθον,
3025 3567 3106 3619 ὅτι
3133 3564 3390 3635 μέλλουσι
3420 3561 3766 3615 καθεδεῖσθαι

2185 3653 2281 3706 καὶ
2301 3654 2454 3706 06:01
2477 3654 2597 3706 τότε
2624 3652 2806 3722 κριταὶ
2831 3649 2939 3704 τῶν
2963 3648 3172 3703 δώδεκα
3199 3647 3380 3716 φυλῶν
3403 3645 3496 3699 τοῦ
3525 3646 3761 3716 Ἰσραήλ·

2185 3734 2408 3806 ἔμαθον,
2459 3735 2542 3788 6::
2593 3733 2833 3788 Ἰουδαῖοι
2865 3731 3220 3786 ἐκϐάλλονται
3250 3742 3300 3792 ιι,
3332 3731 3384 3782 οί
3415 3729 3470 3781 δὲ
3506 3727 3566 3794 ἐξ
3593 3729 3766 3782 ἐθνῶν

2184 3818 2642 3889 ἀντεισέρχονται.
2667 3818 2741 3870 T6
2767 3815 2938 3870 ταῦτα
2973 3814 3170 3867 εἰδέναι
3191 3814 3273 3866 ὅτι
3296 3813 3470 3874 ἕσται,
3508 3813 3654 3881 μέγα
3670 3827 3682 3840 ·
3705 3813 3766 3864 :6

2182 3901 2239 3954 δὲ
2267 3895 2479 3971 μαθεῖνζ
2510 3902 2590 3953 ὅτι
2628 3898 2936 3969 βασιλεύσει
2971 3914 3055 3960 τις
3084 3897 3117 3966 ἢ
3145 3895 3204 3948 :6
3233 3895 3384 3955 πότε,
3416 3894 3568 3947 οὐδὲν
3596 3896 3760 3964 μέγα.

2188 3983 2398 4051 Ἔμαθε
2416 3982 2626 4044 Παῦλος
2648 3982 2683 4035 ἃ
2707 3983 2808 4035 οὐκ
2831 3981 2948 4047 ἐξὸν
2971 3978 3066 4033 ἀνθ
3077 3980 3243 4050 ρώπῳ
3269 3979 3500 4046 λαλῆσαι
3523 3991 3538 4006 ⁸
3564 3975 3634 4028 τὰ
3659 3977 3764 4046 πρὸ

2182 4063 2276 4118 τοῦ
2308 4065 2517 4134 κόσμου
2551 4065 2766 4118 ἅπαντα
2797 4063 2988 4133 έμαθε.
3020 4062 3085 4115 Τί
3110 4061 3303 4133 μαθεῖν
3335 4058 3759 4129 δυσκολώτερον,

2181 4147 2281 4217 τὴν
2309 4148 2504 4218 ἀρχὴν,
2536 4148 2568 4218 ἢ
2604 4147 2663 4200 :6
2688 4146 2838 4209 τέλος
2889 4144 2917 4184 δ
2945 4161 2958 4210 ;
2991 4143 3250 4215 Εῦδηλον,
3285 4145 3366 4196 6::
3418 4142 3478 4196 :6
3523 4142 3759 4212 πρῶτον.

2183 4229 2390 4283 Οὐκοῦν
2411 4229 2568 4282 τοῦτο
2592 4226 2835 4297 Μωῡσῆς
2869 4226 3059 4296 ἔμαθε,
3099 4229 3191 4280 καὶ
3221 4226 3372 4288 πότε,
3404 4225 3496 4278 καὶ
3524 4223 3630 4294 1:96
3663 4224 3761 4276 1:6-

2184 4328 2292 4364 σων
2331 4311 2560 4382 χρόνων,
2599 4311 2838 4363 δείκνυσι
2876 4309 2943 4362 δι’
2969 4301 3044 4362 ὧν
3084 4306 3399 4378 ἀριθμεῖτά
3432 4307 3549 4375 ἐτη.
3591 4304 3764 4358 Τοῦτο

2181 4396 2276 4446 καὶ
2309 4394 2580 4462 Σολομῶν,
2613 4393 2695 4446 6:6
2737 4393 2830 4447 κα)⁵
2857 4392 3012 4460 ἔλεγε
3032 4409 3046 4423 ο
3076 4391 3491 4459 Μνημονεύσω
3553 4389 3627 4442 τὰ
3657 4389 3760 4443 ἀπ’

2181 4474 2414 4542 αἰῶνος.
2450 4475 2577 4530 ’Ότι
2605 4474 2784 4528 τοίνυν
2815 4474 2982 4543 ἐγγύς
3009 4475 3158 4526 ἐστιν
3179 4511 3194 4535 ,
3238 4473 3385 4525 ἴσασι
3424 4469 3563 4541 μετά
3587 4469 3763 4522 ταῦτα

2181 4561 2274 4612 καὶ
2301 4553 2478 4612 οὗτοιι
2511 4558 2702 4628 ὥσπερ
2729 4558 2821 4612 καὶ
2846 4559 2875 4610 6
2927 4555 3157 4618 Παῦλος,
3191 4554 3366 4621 λέγων
3390 4569 3404 4582 ο
3455 4553 3517 4605 '0
3545 4552 3765 4619 Κύριος

2179 4639 2380 4708 ἐγγὺς,
2405 4639 2602 4708 μηδὲν
2618 4638 2957 4708 μεριμνᾶτε.
3005 4636 3164 4690 Ἀλλὰ
3209 4636 3329 4689 τότε
3358 4635 3459 4688 οὐκ
3489 4634 3761 4702 ἔγνωσαν,

2180 4722 2357 4774 καίτοι
2384 4722 2641 4785 λαϐόντες
2678 4724 2972 4790 τεκμήρια.
3033 4720 3090 4771 '0
3123 4719 3180 4772 δὲ
3209 4719 3442 4789 Χριστὸς
3463 4717 3658 4787 ὥσπερ
3685 4713 3767 4771 εἷ-

2180 4822 2304 4870 πεν,
2341 4807 2424 4858 Οὺ
2440 4806 2593 4873 μετὰ
2637 4803 2873 4865 πολλὰς
2914 4802 3136 4867 ταύτας
3180 4802 3423 4872 ἡμέρας,
3459 4802 3764 4871 ἀγρυπνεῖν

2179 4887 2379 4950 αὐτοὺς
2415 4885 2756 4955 βουλόμενος,
2791 4885 2884 4938 καὶ
2907 4885 3006 4937 οὐκ
3031 4885 3270 4956 ἐδήλωσε
3305 4885 3555 4955 φανερῶς
3575 4901 3589 4915 ο
3615 4884 3767 4938 οὕτω

2179 4970 2272 5022 καὶ
2299 4967 2394 5022 νῦν
2416 4970 2576 5021 ποιεῖ.
2600 4966 2811 5030 ’Ἄλλως
2841 4967 2919 5032 δὲ,
2949 4968 3041 5022 καὶ
3062 4971 3258 5023 ἐκεῖνοι
3290 4967 3521 5022 ἐνταῦθα
3542 4968 3604 5019 06
3633 4968 3770 5036 περὶ

2180 5052 2514 5115 συντελείας,
2546 5050 2684 5103 ἀλλά
2728 5051 2856 5121 περί
2903 5050 3179 5120 βασιλείας
3227 5050 3473 5122 ἐρωτῶσι
3495 5069 3507 5082 ·
3537 5049 3618 5103 6:6
3650 5052 3769 5113 καὶ,

2180 5139 2250 5190 El
2281 5136 2350 5188 ἐν
2373 5133 2452 5200 τῷ
2491 5146 2514 5173 ο
2540 5137 2737 5203 χρόνῳ
2760 5136 2948 5201 τούτῳ
2973 5135 3479 5201 ἀποκαθιστάνεις
3510 5133 3627 5201 τὴν
3655 5135 3771 5197 ,ϐα-

2177 5220 2420 5272 σιλείαν
2448 5216 2528 5282 τῷ
2561 5218 2840 5287 Ἰσραήλ;
2870 5219 3074 5287 ἔλεγον.
3122 5219 3180 5271 '0
3228 5219 3284 5272 δέ
3315 5218 3436 5271 οὐδέ
3469 5217 3630 5271 τοῦτο
3661 5219 3770 5270 06-

2176 5305 2290 5365 τοῖς
2330 5301 2649 5372 ἐξεκάλυψε.
2707 5303 2841 5373 Περὶ
2871 5302 2927 5356 δὲ
2959 5302 3053 5355 τοῦ
3087 5301 3272 5366 τέλους
3303 5303 3393 5355 x01
3426 5302 3533 5371 πρὸ
3562 5300 3766 5355 τούτου

2176 5385 2334 5438 τοῦτο
2361 5385 2588 5456 ἠρώτων
2608 5403 2621 5418 ·
2655 5385 2770 5439 ἀλλ’
2791 5388 2892 5455 οὐχ
2907 5385 3095 5456 ὥσπερ
3122 5387 3238 5439 ἐκεῖ
3269 5385 3606 5458 ἀπεκρίνατο
3633 5401 3768 5454 σφο-

2246 5555 2271 5584 .
2297 5554 2402 5618 Duo
2422 5567 2539 5618 mss.
2568 5555 2656 5610 ἔξω
2680 5555 2947 5618 βάλλονται,
2970 5554 3078 5618 Μοι
3105 5556 3253 5618 iidem
3276 5557 3417 5618 ἐθνῶν
3441 5555 3766 5618 εἰσέρχονται.

2182 5614 2211 5654 ι)
2253 5617 2390 5664 Alius
2429 5614 2807 5674 δυσκολώτερον,
2845 5617 2875 5672 ἡ
2929 5616 3050 5677 ἀρχὴ
3091 5617 3121 5672 ἢ
3163 5617 3218 5663 τὸ
3255 5617 3405 5672 τέλος.
3454 5614 3602 5664 Infl‘a"
3631 5629 3772 5677 unus

2186 5682 2332 5723 lotam
2356 5679 2538 5725 seriem
2564 5682 2718 5725 mula:
2736 5678 2842 5724 sine
2868 5677 2963 5724 ulla
2983 5676 3157 5725 sensus
3177 5679 3484 5726 diversitate.
3557 5680 3580 5706 ε
3602 5676 3765 5727 Savil.

2180 5739 2259 5843 ναξ
2278 5737 2464 5843 ,ἐκρίνοι
2504 5737 2558 5808 06
2584 5739 2688 5800 περὶ
2716 5744 2800 5796 τῆς
2821 5737 3023 5785 καθόλου
3059 5737 3199 5786 αὐτὸν
3231 5740 3431 5800 ἠρώτων
3467 5737 3768 5802 συντελής,

2180 5813 2236 5843 α).
2259 5815 2316 5843 .α.
2368 5816 2399 5843 ιι
2423 5814 2470 5843 εν
2490 5815 2576 5843 τυ).

2179 5797 2316 5856 ἀλλὰ,
2347 5799 2399 5844 Ι·ξί
2423 5798 2470 5845 ἐν
2490 5799 2576 5858 τῷ.
