4010 6158
263 308 326 365 π
1244 297 1310 355 ΙΝ
1350 294 1531 353 ACTA
1572 294 2343 354 APUSTOLORUM.HOMIL.
2389 298 2450 352 ll.
3440 287 3510 339 “26

267 415 368 456 sala
396 400 515 470 pius
542 413 619 464 es,
646 408 766 469 post
795 395 1054 466 baptisma
1084 393 1278 462 segnis.
1308 389 1416 444 Sed
1461 400 1669 456 tempus
1695 387 1830 454 Qua-

267 492 568 562 dragesimie
595 490 917 560 ex5pectas?
952 487 1066 554 Qua
1104 485 1172 540 de
1215 482 1420 538 causa?
1452 497 1576 534 num
1605 478 1830 547 amplius

264 582 377 649 quid
421 580 582 635 habet
615 580 744 634 illttd
776 579 1026 648 tempus?
1063 574 1303 646 Apustoli
1353 587 1587 642 namque
1626 587 1729 625 non
1772 570 1824 624 ill

266 669 510 724 Pascllate
555 669 720 739 gratia
768 667 967 738 dignati
1004 676 1152 728 sunt,
1181 663 1276 719 sed
1301 663 1408 716 alio
1434 671 1707 731 tempore:
1738 659 1826 713 illa

264 763 355 816 tria
383 771 438 815 et
455 761 689 831 quinque
715 759 880 814 millia
903 774 1010 814 non
1032 760 1084 812 in
1114 755 1373 811 Paschate
1397 753 1654 822 baptizata
1679 759 1823 817 sunt,

262 861 311 905 ut
354 866 523 921 neque
565 852 884 916 Cornelius,
927 849 1223 912 eunuchus,
1247 857 1301 901 et
1343 846 1430 901 alii
1471 845 1703 916 plurimi.
1751 844 1827 900 Ne

263 941 428 1010 itaque
455 950 667 1010 tempus
692 951 1099 1010 exspectemus,
1127 947 1181 992 ut
1210 952 1278 992 ne
1301 945 1609 991 cunctantes
1636 943 1691 990 et
1728 933 1829 988 dif-

259 1033 502 1098 ferentes,
532 1035 688 1089 vacui
722 1044 776 1089 et
801 1042 1050 1102 expertes
1082 1041 1343 1087 tantorum
1375 1031 1635 1085 bonorum
1668 1029 1825 1084 abea-

260 1136 388 1176 mus.
417 1122 684 1189 Quantum
734 1124 930 1193 putatis
974 1138 1060 1178 me
1097 1121 1406 1176 discruciari
1438 1162 1455 1186 ,
1501 1135 1621 1174 cum
1668 1119 1826 1175 audio

257 1214 553 1283 quempiam
583 1229 689 1269 non
732 1214 992 1268 initiatum
1028 1213 1225 1268 abiisse
1247 1253 1260 1275 ,
1293 1221 1346 1266 ct
1370 1212 1546 1281 cogito
1575 1211 1828 1266 intolera-

255 1305 371 1360 bilia
398 1305 488 1360 illa
517 1305 776 1375 supplicia
796 1304 1258 1373 inevitabilemque
1279 1302 1614 1358 cruciatum?
1641 1314 1825 1356 rursus

253 1410 404 1461 quam
435 1410 640 1464 angor,
664 1409 780 1449 cum
819 1396 951 1449 alios
982 1394 1134 1448 rideo
1161 1393 1225 1446 ad
1256 1402 1555 1446 extremum
1598 1391 1821 1445 halitum

251 1482 542 1551 deductos,
574 1501 677 1539 non
709 1495 877 1539 tamen
920 1484 1281 1554 resipiscere?
1325 1483 1450 1539 Ideo
1486 1483 1646 1537 multa
1696 1483 1824 1536 fiunt

254 1574 346 1628 hoc
379 1582 526 1628 tanto
545 1576 683 1629 dono
721 1576 949 1646 indigna.
984 1577 1053 1630 At
1091 1591 1212 1630 cum
1239 1583 1512 1645 oporteret
1539 1575 1772 1644 gaudere
1800 1615 1816 1639 ,

251 1663 470 1718 choreas
494 1681 678 1735 agere,
709 1666 896 1731 lauari,
921 1666 1187 1728 coronari,
1216 1681 1334 1719 cum
1363 1665 1623 1734 quispiam
1655 1664 1824 1718 initia-

255 1763 365 1819 tur;
397 1753 610 1824 quando
635 1756 816 1826 aegroti
846 1771 980 1810 uxor
1007 1755 1174 1820 audit,
1203 1755 1253 1809 id
1280 1771 1306 1807 a
1334 1754 1544 1809 medico
1567 1763 1821 1807 statutum

252 1843 429 1911 fuisse,
455 1847 605 1916 quasi
636 1848 689 1901 in
721 1861 912 1917 magno
942 1846 1234 1902 infortunio
1262 1847 1501 1916 plangit,
1533 1855 1588 1898 ct
1621 1844 1822 1900 lamen-

251 1943 384 1988 tatur
408 1934 482 2006 (a)
510 1953 526 1989 :
555 1935 677 1990 hinc
698 1937 925 2006 gemitus
945 1945 998 1990 et
1018 1937 1245 2005 ejulatus
1271 1950 1364 2006 per
1390 1943 1554 1989 totam
1581 1933 1818 1996 domum,

246 2041 304 2080 ac
344 2027 393 2081 si
436 2026 721 2082 damnatus
761 2029 1022 2098 quispiam
1062 2027 1129 2082 ad
1170 2043 1357 2083 necem
1383 2027 1684 2081 duceretur.
1732 2023 1822 2078 ille

248 2131 455 2186 quoque
483 2126 609 2171 tunc
634 2117 803 2187 magis
830 2119 975 2174 dolet
995 2159 1010 2183 ,
1041 2127 1096 2172 et
1120 2118 1215 2172 sia
1246 2117 1434 2172 morbo
1463 2115 1818 2180 convalescat,

245 2205 453 2270 grai-ius
478 2208 746 2260 cruciatur
764 2247 779 2271 ,
807 2223 867 2261 ac
893 2208 937 2261 si
975 2221 1165 2277 magno
1185 2207 1408 2261 allectus
1435 2214 1576 2261 esset
1601 2205 1818 2260 damno.

245 2293 371 2361 Quia
391 2297 536 2350 enim
560 2310 666 2350 non
695 2307 808 2350 erat
836 2297 900 2350 ad
925 2297 1170 2350 virtutem
1193 2305 1525 2367 przeparatus
1546 2337 1560 2360 ,
1589 2297 1822 2365 segniter

243 2383 345 2452 agit
372 2384 629 2455 deinceps
652 2427 666 2450 ,
710 2395 763 2440 et
802 2387 1089 2442 certamina
1139 2385 1347 2457 refugit.
1383 2387 1568 2442 \‘ideu’
1595 2395 1821 2456 quantas

244 2473 520 2529 machinas
546 2476 792 2531 diabolus
828 2487 1049 2547 apparet
1074 2518 1087 2541 ,
1120 2487 1377 2547 quantum
1415 2477 1581 2532 risum
1608 2517 1622 2541 ,
1652 2490 1821 2547 quan-

243 2574 347 2617 tum
378 2565 713 2620 ludibrium?
741 2566 824 2623 Ah
849 2567 952 2621 hoc
981 2568 1160 2637 itaque
1207 2567 1439 2622 ludibrio
1483 2581 1584 2622 nos
1622 2565 1820 2621 subdu-

297 2691 372 2753 (α)
399 2699 535 2759 Tunc
557 2695 727 2759 utique
750 2695 910 2759 multi,
935 2709 1058 2758 quos
1080 2695 1369 2759 frequenter
1392 2695 1820 2759 carpunt_Cbr)'so-

238 2759 441 2813 stamus,
466 2753 973 2820 Augustinusalijqué
996 2753 1190 2817 Patres,
1206 2753 1502 2820 baptismum
1529 2753 1823 2820 differebant

237 2824 393 2875 usque
416 2815 676 2880 admortis
696 2815 966 2866 articulum.
999 2820 1042 2867 si
1062 2815 1254 2880 quando
1277 2815 1432 2880 igitur
1451 2817 1632 2866 medici
1654 2830 1823 2865 mone-

233 2881 366 2949 rent:
385 2875 754 2948 periclitantem
785 2875 1106 2949 conjugatuni_
1139 2875 1476 2949 baptiza'lldum
1512 2890 1656 2949 esse“,
1693 2890 1822 2949 uxor

233 2938 370 3001 quasi
418 2949 535 2985 mox
578 2940 810 2987 amissura
849 2938 1036 3001 virum,
1063 2938 1273 3001 eiulatus
1309 2951 1512 3000 magnos
1528 2938 1746 3001 edebat;
1768 2945 1825 2986 ut

231 2994 378 3061 etiam
424 3009 564 3046 nunc
601 3009 737 3061 saepe
775 2994 1039 3059 contingit,
1059 2994 1250 3061 quando
1274 2994 1417 3060 aegro
1430 2994 1826 3047 conferenda'est

231 3059 467 3106 extrema
491 3058 677 3106 unctio.

273 3167 536 3178 Μ..

711 3170 888 3180 —c————

226 3369 340 3424 Car.
382 3371 436 3424 1.
471 3385 526 3422 v.
561 3369 614 3423 6.
667 3368 833 3439 Igitur
882 3371 966 3440 qui
1014 3380 1383 3434 conuenerant,
1437 3371 1816 3440 interroynbant

284 3477 399 3514 eum
455 3460 686 3514 dicentes
713 3475 732 3514 :
755 3460 986 3529 Domine,
1029 3461 1152 3516 siin
1196 3469 1418 3531 tempore
1455 3463 1550 3515 hoc
1591 3461 1818 3515 restitues

284 3564 505 3618 regnum
531 3548 700 3602 Israel
721 3550 748 3602 ?

285 3639 335 3691 1.
379 3639 652 3707 Discipuli
675 3639 1049 3711 iuterrogaturi
1071 3640 1228 3695 simul
1243 3639 1463 3703 adeunt,
1504 3651 1562 3694 ut
1581 3640 1816 3694 multitu-

221 3724 351 3780 dinis
379 3727 700 3782 reverentia
725 3730 1127 3798 responsionem
1150 3729 1444 3785 obtineant.
1475 3729 1725 3785 Sciebant
1761 3730 1813 3785 id

217 3816 351 3883 quod
398 3832 589 3888 nuper
635 3817 862 3883 dixerat,
914 3817 1079 3873 Nemo
1122 3822 1258 3873 novit
1289 3819 1469 3888 diem(
1493 3819 1678 3874 Matth.
1718 3819 1810 3875 24.

219 3902 352 3973 56),
385 3907 721 3976 repellentis
747 3907 932 3974 fuisse,
971 3925 1144 3980 neque
1171 3910 1484 3981 ignorantis,
1539 3910 1630 3966 sed
1656 3910 1810 3966 diffe-

218 3997 372 4051 rentis
401 3999 832 4067 responsionem
859 3999 1031 4056 :unde
1052 4017 1236 4056 rursus
1251 4001 1531 4066 accedunt,
1562 4011 1615 4078 et
1644 4003 1809 4057 inter-

217 4098 414 4154 rogant.
462 4088 595 4144 Non
637 4096 816 4143 autem
853 4089 1291 4161 interrogassent,
1321 4093 1423 4148 nisi
1453 4093 1504 4148 id
1529 4107 1654 4149 vere
1683 4108 1807 4164 per-

213 4185 418 4234 suasum
437 4178 792 4235 habuissent.
821 4181 952 4247 Quia
975 4184 1117 4238 enim
1145 4185 1445 4250 audierant,
1477 4200 1536 4240 se
1555 4185 1806 4254 Spiritum

213 4277 444 4324 sanctum
466 4279 804 4340 accepturos
824 4287 944 4328 esse
975 4283 1032 4328 ut
1044 4274 1155 4343 jam
1175 4275 1320 4344 digni
1342 4277 1394 4330 id
1424 4277 1671 4330 volebant
1690 4276 1794 4331 edi-

210 4369 370 4427 scere,
389 4362 505 4432 jam
531 4379 601 4432 pa
621 4363 721 4416 rati
745 4363 810 4418 ad
835 4364 1137 4418 libertatem
1153 4367 1517 4420 obtinendam.
1534 4367 1648 4422 Non
1666 4367 1806 4420 enim

214 4449 450 4507 volebant
466 4468 531 4508 se
556 4454 620 4508 in
642 4453 886 4524 pericula
905 4453 1194 4522 conjicere,
1216 4453 1311 4508 sed
1332 4456 1504 4523 potius
1521 4456 1805 4525 respirare,

216 4547 273 4590 eo
298 4543 435 4609 quod
466 4561 582 4600 non
609 4545 806 4614 exigua
837 4553 1040 4609 essent,
1069 4561 1184 4614 quae
1202 4546 1308 4600 illis
1327 4548 1682 4616 contigerant,
1711 4547 1806 4602 sed

216 4627 272 4681 de
287 4637 546 4692 extremis
586 4635 883 4707 periclitati
912 4645 1112 4691 essent.
1153 4635 1292 4691 Nihil
1331 4637 1490 4706 igitur
1517 4638 1584 4693 de
1608 4639 1804 4709 Spiritu

217 4714 424 4791 loquuti,
468 4729 555 4783 sic
607 4729 990 4798 interrogant:
1023 4726 1261 4794 Domine,
1308 4731 1352 4783 si
1384 4731 1434 4783 in
1472 4741 1690 4801 tempore
1711 4732 1807 4786 hoc

214 4812 422 4870 restitues
446 4834 684 4890 regnum
712 4816 878 4872 Israel
899 4820 924 4874 ?
950 4818 1064 4875 Non
1095 4819 1362 4887 dixerunt,
1394 4822 1659 4889 Quando?
1686 4825 1797 4890 sed,

215 4900 280 4956 An
311 4921 452 4963 nunc
475 4910 504 4963 τ
555 4909 708 4966 adeo
732 4909 1106 4967 desiderabant
1131 4913 1268 4967 diem
1295 4929 1635 4986 cognoscere.
1679 4917 1802 4972 Ideo

215 4995 356 5050 Illulto
383 5013 508 5054 cum
534 5001 764 5055 honore
794 5001 1010 5055 adeunt.
1038 5003 1173 5058 Puto
1200 5013 1376 5060 autem
1405 5006 1524 5060 illos
1553 5022 1658 5062 non
1687 5008 1799 5062 cla-

214 5095 258 5135 ne
289 5088 502 5147 novisse
534 5134 550 5159 ,
607 5089 893 5162 quodnam
933 5095 1221 5150 essetillud
1269 5112 1490 5168 regnum
1522 5116 1536 5152 :
1565 5101 1799 5156 nondum

213 5175 328 5232 enim
370 5180 626 5251 Spiritus
662 5182 787 5236 illos
816 5181 1084 5238 docuerat.
1125 5185 1232 5241 Nec
1258 5187 1527 5253 dixerunt,
1576 5189 1800 5257 Quando

213 5259 303 5323 lucc
320 5285 479 5328 erunt
504 5276 530 5329 ‘P
563 5275 672 5330 sed
698 5273 826 5344 quid
854 5275 878 5326 ?
916 5275 978 5329 Si
1003 5276 1055 5330 in
1085 5285 1306 5347 tempore
1335 5280 1429 5334 hoc
1455 5281 1686 5336 restitues
1713 5298 1798 5336 re-

213 5371 338 5423 m
376 5365 559 5422 Israel
588 5367 618 5421 7
648 5373 845 5434 utpote
887 5367 1027 5436 quod
1075 5367 1186 5435 jam
1223 5371 1512 5425 exciderat.
1562 5371 1687 5427 Hiec
1725 5373 1797 5428 ita

212 5451 554 5526 Iciscitantur,
600 5456 745 5530 quia
771 5471 897 5526 erga
927 5458 1197 5513 sensibilia
1225 5459 1398 5517 adhuc
1417 5462 1592 5518 affecti
1617 5473 1793 5532 erant,

212 5545 284 5598 etsi
306 5565 406 5604 non
437 5557 732 5621 quantum
759 5557 913 5602 antea
945 5566 960 5603 :
989 5547 1225 5605 nondum
1266 5552 1406 5606 enim
1443 5554 1694 5610 meliores
1722 5555 1803 5609 fa-t

212 5635 258 5687 αἱ
273 5652 432 5696 erant.
450 5643 550 5701 Sic
578 5643 822 5698 demum
853 5640 904 5694 lli
927 5641 1126 5711 majora
1145 5642 1212 5697 de
1235 5643 1321 5698 illo
1347 5643 1783 5715 imaginabuntur.

1935 404 2115 444 camus
2145 407 2159 444 :
2193 391 2429 444 vivamus
2457 400 2512 444 ut
2535 389 2794 460 ’priecepit
2813 385 3078 444 Christus.
3111 387 3232 443 ideo
3254 387 3515 456 baptisma

1947 467 2080 535 lod'it
2102 521 2117 545 ,
2149 496 2251 534 non
2283 492 2338 535 ut
2363 482 2542 536 statim
2573 478 2925 535 abscedamus
2949 521 2962 545 ,
2992 477 3087 534 sed
3118 488 3174 533 ut
3201 489 3320 547 post
3348 477 3517 546 bapti-

1933 588 2108 627 smum
2131 575 2368 628 viventes
2383 573 2582 628 fructus
2603 570 2953 641 proferamus.
2971 571 3252 636 Quomodo
3272 570 3487 624 abeunti

1932 674 1988 719 et
2017 666 2199 720 exciso
2244 667 2388 720 dices
2407 707 2422 731 ,
2453 665 2775 721 Fructilica?
2807 679 2912 719 non
2941 663 3156 731 audisti,
3185 664 3327 736 quod
3376 664 3509 718 Fru-

1933 767 2043 809 ctus
2072 756 2299 826 Spiritus
2337 759 2422 822 sit,
2449 759 2657 826 caritas,
2689 759 2952 830 gaudium,
2981 773 3086 828 paa:
3110 756 3251 826 (Gal.
3285 759 3337 812 5.
3370 757 3464 827 22)
3489 757 3512 809 ’ἶ

1933 845 2212 913 Quomodo
2259 847 2418 916 igitur
2466 847 2730 902 contraria
2775 845 3081 901 eveniunt?
3125 846 3335 900 Etenim
3383 863 3518 901 uxor

1934 934 2108 989 adstat
2133 935 2337 1005 lugens,
2362 952 2482 990 cum
2510 937 2742 1006 gaudere
2765 944 3069 1005 oporteret;
3101 935 3514 1012 liberi‘plorant.

1934 1041 2053 1080 cum
2083 1028 2333 1096 gratulari
2369 1043 2462 1096 par
2491 1036 2634 1082 esset
2658 1047 2671 1082 :
2703 1028 2746 1081 is
2769 1027 2882 1097 ipse
2906 1027 2994 1098 qui
3014 1029 3157 1095 jacet
3185 1027 3512 1081 obtcnebra-

1935 1117 2775 1189 tus,tumultuacperturbatione
2806 1118 2996 1188 plenus
3023 1126 3134 1185 est,
3182 1133 3302 1172 cum
3347 1132 3514 1188 Opur-

1935 1218 2070 1265 teret
2104 1207 2294 1264 festum
2323 1225 2522 1279 agere;
2555 1210 2606 1264 in
2638 1225 2870 1266 maerore
2899 1219 3059 1272 totus.
3090 1210 3230 1280 quod
3260 1209 3398 1266 filios
3420 1226 3516 1265 or-

1932 1299 2030 1354 bos
2077 1301 2377 1368 relinquat,
2412 1315 2630 1354 uxorem
2677 1301 2908 1364 viduam,
2959 1301 3176 1354 domum
3223 1300 3512 1356 desertam.

1932 1388 2067 1444 Num
2116 1391 2194 1444 sic
2218 1429 2233 1451 ,
2279 1404 2481 1460 qureso,
2513 1390 2784 1444 acceditur
2824 1391 2890 1445 ad
2927 1391 3220 1462 mysteria?
3261 1407 3386 1445 num
3438 1394 3516 1447 sic

1932 1481 2110 1535 aditur
2134 1497 2284 1534 sacra
2318 1482 2545 1534 mensa?
2574 1481 2808 1536 llicccinc
2834 1482 3093 1537 ferenda?
3122 1483 3177 1538 Si
3217 1483 3515 1553 Imperator

1933 1571 2110 1625 missis
2159 1570 2326 1626 literis
2354 1571 2560 1625 vinctos
2587 1573 2640 1625 in
2668 1587 2882 1628 carcere
2921 1574 3122 1635 solvat.
3153 1575 3403 1644 gaudium
3432 1587 3515 1630 est

1931 1679 1995 1719 ac
2038 1664 2220 1718 laetitia
2252 1682 2264 1716 :
2300 1665 2442 1718 Deus
2486 1673 2664 1719 autem
2715 1665 2882 1719 mittit
2926 1665 3182 1735 Spiritum
3231 1667 3296 1722 de
3324 1668 3471 1722 eielis
3497 1710 3512 1732 ,

1932 1770 2038 1808 non
2082 1754 2322 1825 pecunia:
2353 1753 2640 1824 reliquias,
2672 1754 2766 1809 sed
2799 1756 3042 1809 universa
3073 1767 3284 1825 peccata
3313 1759 3516 1812 condo-

1931 1861 2084 1908 nans,
2110 1859 2401 1915 omnesque
2425 1844 2617 1915 lugetis
2643 1853 2698 1899 et
2725 1845 3068 1915 ingemiscitis
3089 1847 3112 1899 ?
3136 1847 3265 1914 Quin
3292 1857 3373 1901 est
3403 1847 3514 1902 haec

1932 1937 2263 2008 inaequalitas
2284 1937 2306 1990 ?
2326 1934 2571 1990 Nondum
2592 1935 2734 1990 enim
2757 1936 2896 2002 dico,
2924 1936 3065 2005 quod
3094 1938 3316 1991 mortuis
3338 1937 3511 1992 infusa

1929 2029 2172 2098 sitaqua,
2205 2037 2258 2082 et
2287 2026 2427 2097 quod
2452 2035 2635 2082 sancta
2665 2029 2904 2096 projccla
2930 2027 3037 2080 sint
3064 2027 3115 2080 in
3141 2036 3337 2081 terram
3364 2044 3377 2080 :
3402 2043 3508 2081 nnn

1929 2121 2070 2175 enim
2097 2134 2196 2174 nos
2228 2119 2279 2172 ill
2307 2133 2466 2173 causa
2490 2133 2696 2180 sumus,
2726 2117 2820 2172 sed
2851 2118 3039 2188 ingrati
3060 2117 3298 2186 quidam.
3328 2117 3516 2172 Proin-

1928 2210 1995 2266 de
2025 2225 2156 2280 rogo
2183 2252 2196 2273 ,
2229 2217 2286 2264 ut
2325 2208 2572 2263 omnibus
2599 2208 2813 2263 omissis
2839 2207 3199 2278 nosmetipsos
3232 2216 3515 2262 converta-

1929 2316 2050 2356 mus
2072 2343 2088 2368 ,
2129 2310 2183 2355 et
2207 2317 2327 2356 cum
2355 2301 2498 2356 onmi
2527 2300 2804 2354 alacritate
2831 2298 2896 2354 ad
2931 2300 3252 2368 baptismum
3293 2299 3515 2354 acceda-

1928 2408 2085 2459 mus;
2111 2403 2167 2447 ut
2187 2409 2308 2448 cum
2329 2395 2345 2424 ¹
2370 2393 2420 2447 in
2445 2379 2694 2463 prmscnti
2715 2391 2820 2446 vita
2845 2407 3089 2462 magnam
3114 2389 3514 2446 exllibucrimtls

1932 2484 2303 2555 diligentiam,
2336 2483 2564 2538 futuram
2608 2498 3001 2553 consequamur
3039 2482 3284 2537 tlduciam
3309 2503 3321 2537 :
3351 2498 3513 2553 quam

1929 2591 2026 2631 nos
2075 2591 2262 2631 omnes
2301 2576 2509 2646 assequi
2549 2576 2842 2646 contingat,
2873 2577 3044 2646 gratia
3088 2585 3143 2632 et
3187 2576 3513 2647 benignitate

1931 2667 2139 2722 Domini
2170 2667 2334 2720 nostri
2365 2666 2492 2720 Jesu
2519 2666 2741 2732 Christi,
2764 2667 2849 2720 cui
2876 2667 3044 2735 gloria
3074 2677 3129 2722 et
3149 2667 3430 2739 imperium
3458 2668 3510 2722 in

1929 2758 2121 2814 sarcula
2167 2757 2504 2812 saeculorum.
2539 2756 2730 2808 Amen.

1996 2935 2012 2963 ι
2050 2928 2186 2996 A_li_u_s
2206 2927 2458 2996 ψώθια...
2486 2932 2554 2996 ut,
2581 2925 2800 2996 cautibus
2835 2927 3040 2996 optimis,
3060 2928 3434 2996 illudcuremus
3454 2945 3514 2996 ne

1930 2998 2041 3042 αηιε
2061 2988 2374 3055 infrictionem
2391 3000 2457 3038 ea:
2478 2988 2571 3038 hac
2593 2988 2694 3055 uita
2708 2988 3038 3055 egrediantur,
3065 2991 3360 3054 Baptismum
3379 2993 3509 3044 acci-

1931 3065 2045 3115 pere
2064 3051 2338 3114 festinantes
2360 3063 2470 3100 cum
2491 3049 2623 3100 omni
2644 3047 2896 3102 alacritate
2916 3063 2937 3113 ;
2959 3058 3010 3101 ut
3025 3047 3155 3112 cum',
3190 3063 3293 3102 etc.

1618 3228 1959 3292 HOMILIA
2002 3228 2081 3291 ll.

1925 3369 2056 3438 Quia
2098 3370 2258 3440 igitur
2294 3370 2360 3424 ad
2403 3370 2591 3425 altiora
2625 3371 2859 3440 provecti
2891 3382 3064 3434 erant.
3119 3380 3174 3426 et
3199 3375 3313 3442 ipse
3339 3374 3508 3428 subli-

1922 3462 2060 3514 mius
2085 3475 2178 3515 eos
2197 3460 2502 3531 alloquitur.
2524 3461 2642 3516 Non
2672 3463 2782 3531 jam
2810 3466 2952 3516 enim
2981 3464 3049 3516 ita
3077 3463 3206 3519 dicit
3232 3466 3334 3520 illis
3358 3483 3372 3522 :
3403 3465 3511 3520 Ne.

1852 3543 1866 3557 ’
1920 3569 2014 3622 que
2043 3552 2212 3607 Filius
2239 3553 2372 3607 diem
2413 3554 2550 3608 novit
2580 3555 2599 3623 (
2627 3553 2791 3607 Marc.
2820 3555 2907 3609 15.
2941 3555 3010 3611 32
3038 3556 3096 3626 );
3127 3557 3219 3611 sed
3250 3559 3418 3628 quid?
3449 3561 3502 3613 7.

1923 3644 2044 3700 Non
2064 3654 2135 3700 est
2151 3655 2367 3700 vestrum
2388 3662 2532 3700 nosse
2567 3657 2796 3717 tempora
2813 3649 2889 3702 vel
2911 3660 3180 3714 momenta,
3209 3668 3324 3722 qua
3352 3652 3506 3709 Pater

1919 3737 2085 3806 posuit
2124 3737 2175 3789 in
2214 3751 2308 3791 sua
2354 3746 2615 3805 potestate.
2649 3736 2846 3806 Majora
2879 3779 2897 3805 ,
2937 3738 3108 3809 inquit
3139 3781 3154 3804 ,
3202 3743 3503 3810 postulatis.

1919 3827 2076 3897 Atqui
2129 3827 2286 3897 longe
2333 3827 2567 3896 majora,
2613 3828 2820 3896 inquies
2851 3869 2870 3897 ,
2921 3831 3032 3900 jam
3078 3830 3392 3888 didicerant.
3435 3835 3504 3892 Ut

1915 3927 2092 3973 autem
2141 3918 2243 3972 hoc
2296 3930 2546 3974 accurate
2592 3919 2787 3985 discas,
2815 3922 3088 3992 perpende
3132 3939 3291 3994 quam
3333 3929 3501 3983 multa

1916 4022 2245 4063 recenseam.
2287 4006 2444 4075 Quid,
2475 4024 2676 4078 quieso,
2704 4011 2876 4078 majus
2903 4012 2989 4078 iis,
3014 4027 3136 4082 qua!
3163 4013 3504 4072 didicerant?

1914 4095 2015 4168 Ipsi
2048 4113 2238 4168 nempe
2260 4113 2378 4154 esse
2400 4100 2590 4154 Filium
2626 4101 2739 4165 Dei,
2768 4117 2888 4157 esse
2914 4102 3060 4158 Patri
3087 4103 3292 4162 honore
3318 4121 3500 4176 parem

1913 4189 2210 4246 didicerant
2264 4189 2469 4262 (Joan.
2499 4191 2553 4247 5.
2589 4193 2673 4246 17.
2707 4192 2801 4265 19)
2831 4210 2846 4258 ;
2897 4197 3342 4252 resurrectionem
3387 4199 3502 4254 fore

1914 4292 1932 4348 (
1959 4280 2142 4334 Matth.
2166 4283 2250 4334 17.
2275 4282 2338 4352 9)
2362 4321 2376 4343 ,
2407 4283 2580 4350 ipsum
2600 4285 2973 4339 ascendentem
2993 4300 3265 4340 sessurum
3287 4287 3353 4343 ad
3371 4289 3499 4345 dex-

1916 4377 2078 4423 teram
2107 4370 2279 4423 Patris
2301 4374 2319 4437 (
2339 4369 2463 4423 Luc.
2488 4371 2578 4422 i2.
2607 4371 2695 4424 69.
2749 4372 2911 4427 Marc.
2945 4375 3031 4429 16.
3064 4375 3192 4446 19).
3218 4378 3351 4432 Rem
3373 4381 3497 4436 item

1914 4459 2081 4528 magis
2110 4458 2428 4527 stupendam
2455 4458 2772 4524 didicerant,
2809 4462 2950 4533 quod
2991 4478 3121 4520 caro
3147 4480 3380 4537 superne
3408 4486 3498 4526 se-

1911 4548 2054 4615 deat,
2098 4557 2153 4604 et
2193 4549 2449 4606 adoretur
2473 4551 2541 4607 ab
2573 4553 2795 4623 angelis,
2844 4557 2983 4626 quod
3016 4559 3206 4614 iterum
3237 4573 3498 4622 venturus

1911 4639 1980 4694 sit
1997 4639 2236 4710 judicare
2253 4643 2504 4698 mundum
2526 4645 2833 4703 universum
2861 4648 3074 4714 (Matt/1.
3109 4653 3198 4708 16.
3226 4657 3317 4711 37.
3361 4658 3487 4714 ινιτ.

1908 4731 2000 4788 21.
2031 4734 2101 4790 27
2128 4736 2145 4806 )
2175 4751 2188 4788 :
2221 4735 2539 4803 didicerant,
2582 4741 2725 4810 quod
2763 4742 2861 4811 ipsi
2898 4759 3111 4816 quoque
3139 4758 3264 4805 tunc
3292 4753 3492 4808 sessuri

1907 4838 2086 4884 essent
2108 4829 2318 4900 judices
2347 4831 2630 4888 duodecim
2664 4835 2898 4891 tribuum
2943 4837 3102 4894 Israel
3133 4841 3150 4910 (
3178 4841 3366 4898 Matth.
3401 4846 3488 4898 19.

1905 4916 2011 4990 2'3)
2041 4937 2054 4972 :
2081 4920 2378 4976 didicerant
2397 4921 2612 4978 Iudaeos
2631 4924 2924 4994 ejiciendus
2950 4945 3090 4998 esse,
3121 4941 3279 5003 atque
3305 4948 3488 4988 eorum

1906 5008 2026 5064 loco
2058 5011 2391 5079 ingressuras
2423 5025 2611 5083 gentes
2639 5014 2804 5086 (Luc.
2833 5017 2923 5074 21.
2954 5019 3024 5076 24
3043 5021 3084 5093 ).
3133 5022 3348 5079 Discere
3377 5025 3490 5079 lucc

1906 5100 2078 5154 futura
2103 5115 2244 5168 esse,
2274 5117 2522 5174 magnum
2554 5114 2658 5172 est;
2687 5106 2898 5164 discere
2914 5126 3042 5166 vero
3060 5154 3076 5179 ,
3115 5114 3348 5184 aliquem
3368 5128 3489 5170 esse

1904 5204 2264 5264 regnaturum,
2303 5206 2358 5253 et
2380 5201 2594 5271 quando
2630 5202 2682 5258 id
2717 5207 2947 5273 accidet,
2988 5225 3095 5263 non
3136 5211 3207 5264 ita
3233 5226 3484 5281 magnum

1902 5297 2003 5342 est.
2036 5288 2227 5344 Didicit
2253 5289 2449 5346 Paulus
2479 5309 2600 5364 quae
2629 5311 2733 5351 non
2765 5298 2962 5355 licebat
2989 5295 3192 5356 homini
3218 5303 3361 5369 loqui
3387 5303 3481 5373 is.
3568 5289 3578 5298 ’

1902 5378 2018 5432 Cor.
2047 5379 2132 5434 12.
2163 5381 2196 5434 4
2216 5381 2257 5451 ),
2277 5383 2455 5439 omnia
2482 5401 2602 5456 qua:
2624 5389 2881 5444 mundum
2911 5389 3051 5445 hunc
3073 5405 3480 5460 praecesserant.

1903 5468 2088 5525 Utrum
2131 5469 2339 5529 discere
2368 5473 2640 5532 difficilius
2663 5488 2784 5545 est,
2835 5481 3156 5552 principium
3176 5497 3242 5537 an
3270 5484 3429 5541 tinem
3456 5489 3482 5544 ?

1900 5558 2106 5631 Liquet,
2138 5561 2286 5632 prius
2305 5577 2426 5619 esse
2451 5564 2744 5624 difficilius.
2769 5569 2930 5638 Atqui
2958 5569 3009 5624 id
3037 5570 3246 5644 Moyses
3269 5575 3476 5648 didicit,

1901 5661 1951 5706 et
1977 5653 2189 5724 quando
2215 5663 2270 5710 et
2296 5666 2500 5727 quanto
2529 5667 2654 5716 ante
2681 5669 2924 5731 tempore
2949 5659 3204 5734 declarat,
3228 5682 3350 5726 cum
3374 5684 3474 5726 an-
