3976 6144
506 192 575 275 ξδ’]
1227 223 1282 278 S.
1323 217 1604 280 JOANNIS'
1637 221 2111 279 CHRYSOSTOMI
2158 222 2473 278 ARCIIIEP.
2501 225 3030 284 CONSTANTINOP.
3710 231 3789 286 28

509 352 603 389 nos
630 345 921 390 enumerat.
986 337 1096 394 Hoc
1136 345 1191 392 et
1244 338 1497 392 Salomon
1544 337 1784 401 sciebat;
1818 335 1938 389 ideo
1963 335 2034 386 ait
2069 351 2079 384 :

479 441 482 444 ’
506 428 914 484 (.‘ommemorabo
931 447 1008 496 ea,
1029 445 1143 500 quia
1161 433 1368 503 fuerunt
1389 447 1422 483 a
1438 431 1622 484 steculo
1641 428 1825 496 (Eccli.
1847 428 1936 481 5|.
1974 427 2082 495 ll).

505 521 654 586 Quod
680 535 840 590 porro
872 521 1129 577 Dominus
1157 537 1323 593 prope
1350 522 1448 587 sit,
1505 521 1558 574 hi
1588 529 1769 589 postea
1800 526 2081 582 noverunt,

505 619 560 663 ut
615 621 667 664 et
715 608 940 678 Paulus,
975 615 1062 682 qui
1109 612 1549 668 dicitzbominus
1605 627 1760 680 prope
1805 619 1906 673 est,
1956 609 2086 661 nihil

510 704 718 757 :olliciti
762 706 871 759 sitis
919 704 1177 777 (Philipp.
1205 708 1260 762 4.
1289 708 1341 762 5.
1371 706 1468 777 6).
1514 704 1620 760 Sed
1665 713 1790 758 tunc
1833 716 1940 756 non
1982 716 2084 754 no-

506 807 724 862 verant,
761 798 971 852 tametsi
1000 797 1148 868 signa
1173 798 1282 868 jam
1315 804 1652 866 acceperant.
1709 793 1952 848 Christus
1983 807 2081 846 au-

502 899 610 941 tem
667 899 725 942 ut
780 889 948 953 dixit,
996 888 1117 943 Non
1170 897 1282 960 post
1331 891 1514 943 multos
1568 889 1660 942 hos
1705 887 1811 940 dies
1842 927 1856 950 ,
1897 883 2081 937 volens

500 979 623 1033 ilius
665 980 848 1050 vigiles
893 995 1034 1048 esse,
1078 995 1178 1037 nec
1207 981 1480 1037 evidenter
1506 995 1618 1033 rem
1646 978 1933 1034 declaravit
1968 994 1979 1029 :
2011 976 2079 1029 ita

503 1081 558 1122 et
581 1086 720 1126 nunc
746 1071 889 1126 facit.
920 1071 998 1126 llli
1039 1082 1214 1126 autem
1259 1073 1343 1127 hic
1373 1087 1476 1126 non
1499 1071 1568 1125 de
1599 1069 2075 1131 consummatione,

501 1155 596 1216 sed
631 1162 698 1217 de
720 1179 885 1233 regno
917 1165 1282 1234 interrogant;
1323 1165 1548 1234 ideoque
1579 1163 1826 1217 dicebant
1859 1178 1873 1214 :
1916 1161 1977 1215 Si
2025 1160 2078 1212 in

505 1265 726 1321 tmnpore
779 1257 874 1308 hoc
935 1257 1164 1310 restitues
1228 1272 1435 1325 regnum
1496 1254 1662 1308 Israel
1693 1253 1748 1307 '1
1800 1252 1892 1307 Ille
1951 1265 2079 1306 vero

508 1361 679 1414 neque
731 1346 778 1399 id
825 1347 903 1401 eis
946 1347 1219 1400 revelavit.
1261 1346 1336 1400 De
1376 1348 1479 1400 line
1521 1354 1699 1401 autem
1739 1345 1964 1400 antehac
1998 1345 2076 1398 in—

502 1439 874 1508 terrogabant;
923 1438 1016 1494 sed
1062 1455 1166 1494 non
1207 1439 1651 1510 quemadmodum
1688 1438 1797 1493 illic
1838 1437 2076 1492 severius

479 1530 808 1598 respondit,
857 1529 1124 1585 abducens
1151 1531 1290 1594 illos,
1340 1547 1404 1585 ne
1436 1539 1680 1600 putarent
1707 1530 2074 1584 liberationem

499 1637 618 1675 esse
649 1615 894 1686 vii-inam,
929 1631 982 1674 et
1009 1621 1237 1690 cnnjeeit
1268 1623 1384 1676 illos
1418 1624 1464 1675 in
1499 1621 1732 1690 pericula
1766 1639 1777 1673 :
1809 1621 1880 1675 ita
1910 1628 1963 1674 et
1989 1619 2077 1673 hic

500 1713 645 1776 facit,
701 1713 794 1766 sed
842 1714 1184 1767 mansuetius.
1217 1713 1292 1767 Ne
1315 1722 1560 1782 putarent
1582 1712 1721 1767 enim
1750 1710 1849 1765 sibi
1884 1718 2073 1764 contu-

502 1806 712 1859 nil-liam
754 1805 968 1868 inferri,
1017 1821 1151 1861 neve
1180 1807 1463 1860 crederent
1504 1804 1616 1858 lucc
1643 1803 1890 1858 obtentns
1932 1815 2070 1862 esse,

498 1897 618 1952 andi
649 1898 916 1966 quomodo
943 1898 1119 1951 statim
1146 1897 1249 1952 illis
1276 1897 1592 1966 polliceatur
1616 1910 1674 1950 se
1702 1893 1897 1962 aliquid
1922 1892 2075 1947 datu-

495 2003 632 2053 rum,
660 1989 727 2043 de
748 2005 851 2058 quo
876 1989 1187 2058 gauderent.
1215 1988 1452 2057 Subjecit
1482 1988 1636 2057 igitur
1676 2004 1688 2039 :
1715 1985 1767 2040 8.
1803 1984 1909 2040 Sed
1936 1985 2071 2038 acci-

493 2081 637 2146 pietis
662 2081 895 2134 virtutem
925 2081 1318 2149 supervenientis
1344 2080 1396 2131 in
1432 2095 1515 2132 vos
1544 2077 1768 2148 Spiritus
1811 2076 1992 2137 sancti,
2027 2085 2074 2127 et

492 2170 629 2222 eritis
650 2170 771 2222 mihi
800 2179 946 2224 testes
966 2171 1017 2222 in
1038 2169 1339 2234 Jerusalem,
1365 2179 1412 2221 et
1437 2169 1488 2220 in
1511 2167 1646 2221 omni
1671 2165 1878 2233 Judtea,
1907 2174 1952 2218 et
1973 2164 2075 2219 Sa-

495 2260 676 2326 maria,
714 2268 760 2314 et
787 2277 943 2330 usque
970 2261 1037 2313 ad
1068 2261 1298 2314 ultimum
1343 2269 1506 2313 terrte.
1555 2259 1751 2313 Deinde
1784 2273 1851 2311 ne
1889 2271 2072 2311 rursus

497 2352 668 2418 ipsum
685 2351 1094 2421 interrogarent,
1111 2352 1287 2406 statim
1302 2360 1602 2419 assumptus
1615 2347 2074 2415 est.Quemadmo—

493 2441 618 2495 dum
643 2443 803 2512 igitur
825 2443 930 2497 illic
944 2450 1086 2498 metu
1111 2443 1254 2512 ipsos
1276 2441 1666 2508 olrtenebravit,
1685 2456 1806 2496 cum
1834 2441 1983 2505 dixit,
2012 2455 2070 2495 se

496 2534 703 2588 nescire
735 2555 746 2589 :
777 2534 852 2590 sic
881 2543 934 2590 et
965 2535 1063 2588 hoc
1086 2535 1395 2589 locostatim
1426 2544 1750 2602 assumptus,
1775 2541 1833 2586 ut
1855 2531 2066 2586 dicitur.

494 2625 656 2681 Multo
685 2643 912 2698 namque
942 2628 1016 2683 rei
1040 2627 1306 2682 desiderio
1333 2629 1667 2693 tenebantur,
1701 2642 1872 2697 neque
1901 2627 2069 2682 desti-

496 2718 684 2771 tissent
699 2735 712 2782 ;
729 2733 790 2771 ac
820 2733 1037 2773 necesse
1058 2717 1342 2773 admodum
1362 2727 1496 2785 erat,
1524 2733 1590 2772 ne
1611 2718 1808 2774 scirent
1833 2717 1902 2783 id,
1928 2718 2070 2787 quod

492 2808 630 2862 scire
655 2808 958 2878 cupiebant.
1007 2809 1100 2864 Dic
1123 2809 1264 2864 enim
1288 2808 1438 2876 mihi,
1478 2809 1604 2880 quid
1635 2809 1811 2864 minus
1847 2808 2072 2864 credunt

487 2898 737 2964 gentiles,
765 2914 831 2951 an
853 2899 1079 2952 futuram
1108 2901 1640 2964 consummationem,
1673 2913 1739 2953 an
1764 2899 1906 2970 quod
1933 2901 2069 2954 Deus

497 2988 659 3039 homo
687 2986 854 3041 factus
879 2989 968 3052 sit,
999 2997 1052 3042 et
1081 3003 1144 3043 ex
1175 2987 1405 3058 Virginis
1430 2997 1581 3045 utero
1606 2989 1880 3059 prodierit,
1912 2998 2071 3060 atque

496 3098 617 3135 cum
647 3095 807 3137 carne
836 3080 904 3133 ab
934 3080 1238 3136 hominibus
1271 3083 1414 3137 visus
1459 3083 1527 3138 sit
1554 3083 1576 3135 ?
1619 3097 1796 3138 annon
1843 3082 1944 3137 hoc
1974 3098 2069 3154 po-

494 3175 786 3228 stremum?
803 3177 879 3230 ita
893 3185 1040 3231 certe
1052 3176 1331 3231 dicturesr
1343 3177 1594 3236 s.Verum
1606 3174 1872 3245 pudetme
1885 3173 1983 3227 hac
2001 3172 2071 3228 de

492 3279 550 3318 re
579 3278 722 3334 saepe
747 3264 1079 3334 loqui,quasi
1106 3263 1174 3320 de
1203 3265 1415 3336 negotio
1439 3264 1690 3336 quopiam
1712 3263 2066 3320 indiu‘erente.

497 3355 698 3409 ltursus
725 3371 790 3409 ne
816 3355 1074 3422 dicerent,
1119 3353 1227 3410 Cur
1271 3372 1386 3412 rem
1421 3355 1748 3428 suSpendis?
1801 3357 1896 3422 ait,
1943 3353 2070 3420 Quae

497 3445 652 3499 Pater
683 3452 846 3515 posuit
873 3449 923 3500 in
952 3463 1043 3501 sua
1062 3457 1324 3513 potestate.
1378 3450 1534 3519 Atqui
1563 3464 1665 3503 una
1703 3456 1786 3502 est
1814 3447 1986 3500 Patris
2017 3455 2069 3501 et

491 3538 611 3593 Filii
645 3548 896 3608 potestas,
928 3548 984 3593 ut
1011 3555 1130 3594 cum
1161 3540 1292 3595 dicit
1319 3559 1332 3594 :
1355 3539 1646 3594 Sicutenim
1667 3537 1822 3592 Pater
1844 3548 2068 3596 mortuos

487 3631 692 3686 suscitat
715 3639 765 3685 et
785 3630 1015 3698 viviﬁoat,
1046 3632 1116 3684 ita
1135 3640 1180 3684 et
1201 3629 1368 3684 Filius
1387 3647 1510 3700 quos
1527 3631 1629 3684 vult
1648 3631 1861 3697 vivi/ictu
1887 3629 2063 3700 (Joan.

495 3722 551 3778 ὅ.
584 3724 699 3794 21).
746 3721 802 3777 Si
852 3737 972 3777 cum
1020 3723 1231 3792 operari
1279 3729 1512 3792 oportet,
1558 3736 1678 3774 cum
1731 3718 1918 3774 eadem
1961 3720 2068 3788 agit

489 3823 746 3882 potestate
776 3854 790 3878 ,
842 3829 1020 3868 annon
1085 3829 1208 3868 cum
1275 3813 1414 3868 scire
1466 3811 1739 3882 quidpiam
1793 3820 2050 3881 oportet,

486 3922 607 3960 eum
655 3905 844 3961 eadem
891 3907 994 3960 scit
1044 3906 1352 3975 potestate?
1397 3905 1645 3958 Attamen
1697 3905 1852 3972 longe
1895 3902 2066 3972 majus

485 4010 569 4054 est
597 4007 835 4054 mortuos
861 3999 1140 4063 suscitare,
1181 4011 1340 4068 quam
1371 3995 1508 4050 seire
1537 3995 1676 4048 illam
1703 3995 1867 4050 diem.
1912 3994 2065 4062 Quod

487 4093 532 4145 si
561 4090 634 4154 id,
657 4090 800 4161 quod
821 4091 993 4159 majus
1012 4097 1113 4154 est,
1141 4101 1262 4142 cum
1292 4094 1550 4156 potestate
1567 4085 1710 4151 facit,
1731 4099 1906 4139 annon
1929 4084 2063 4138 mul-

486 4191 541 4235 to
572 4182 740 4252 magis
767 4180 926 4236 faciet
950 4190 1005 4234 et
1025 4179 1296 4234 alterum?

554 4277 607 4331 2.
650 4274 848 4330 Verum
896 4283 954 4328 ut
1000 4289 1112 4328 rem
1154 4272 1390 4336 discatis,
1419 4270 1665 4340 exemplo
1710 4269 1861 4324 vobis
1913 4269 2058 4323 illam

483 4369 788 4424 declarabo.
816 4368 968 4424 Sicut
1009 4381 1128 4421 cum
1159 4365 1411 4420 infantem
1451 4364 1693 4419 videmus
1724 4363 2020 4432 plorantem
2041 4399 2058 4428 ,

484 4477 548 4516 ac
573 4476 716 4529 sa~pe
737 4459 1003 4526 quidpiam
1031 4472 1060 4509 a
1092 4457 1243 4509 nobis
1266 4462 1533 4523 petentem
1556 4453 1657 4507 sibi
1682 4468 1788 4507 non
1811 4465 2060 4507 necessao

482 4553 643 4616 rium,
676 4549 730 4602 id
761 4550 1088 4601 occultamus
1112 4587 1127 4611 ,
1160 4559 1458 4612 vacuasque
1491 4544 1563 4596 illi
1603 4557 1792 4597 manus
1820 4543 2060 4599 ostendi-

482 4657 622 4706 mus,
671 4640 951 4702 dicentes,
1007 4636 1146 4692 Ecce
1201 4651 1306 4690 non
1361 4633 1660 4688 habemus:
1724 4634 1794 4687 ita
1848 4643 1902 4688 et
1947 4634 2062 4703 ipse

479 4730 736 4801 apostolis
767 4730 908 4784 fecit.
937 4727 1131 4782 Verum
1161 4737 1218 4782 ut
1261 4727 1434 4781 infans
1476 4725 1564 4781 ille
1586 4765 1602 4790 ,
1633 4724 1678 4780 si
1705 4725 1835 4780 nihil
1880 4735 2064 4788 osten-

479 4825 688 4886 damus,
718 4823 878 4876 instat
908 4821 1192 4890 plorando.
1227 4836 1286 4874 se
1327 4818 1570 4874 delusum
1607 4817 1824 4884 videns,
1856 4833 2058 4888 nosque

479 4914 808 4968 discedlmus
849 4912 1128 4966 dicentes:
1170 4911 1334 4965 Vocat
1382 4925 1467 4964 me
1507 4909 1809 4978 quispiam,
1841 4921 1893 4963 et
1941 4909 2056 4977 ejus

477 5010 618 5082 quod
667 5009 877 5081 petebat
919 5009 1075 5072 loco,
1106 5005 1247 5061 aliud
1294 5004 1562 5076 quidpiam
1612 5003 1685 5056 illi
1733 5001 1962 5069 damus,
1998 5013 2056 5056 ut

477 5118 597 5159 eum
627 5119 657 5158 a
689 5101 778 5156 tali
803 5099 1068 5154 desiderio
1095 5109 1382 5151 avocemus
1406 5136 1420 5160 ,
1448 5105 1504 5150 et
1527 5093 1803 5149 laudantes
1833 5093 1882 5147 id
1911 5092 2052 5162 quod

385 5188 401 5206 ⁸
479 5197 666 5249 dzunns
694 5209 803 5263 pra:
835 5207 894 5246 re
939 5189 1180 5260 quaesita,
1209 5187 1384 5242 statim
1424 5201 1520 5239 nos
1563 5185 1905 5240 subducimus
1937 5202 1949 5237 :
1977 5185 2056 5239 sic

477 5292 600 5345 fecit
629 5289 895 5344 Christus.
919 5285 996 5339 llli
1021 5283 1264 5352 accipere
1285 5280 1593 5350 qmerebant
1621 5295 1635 5344 ;
1666 5279 1749 5332 hic
1769 5293 1828 5333 se
1860 5277 2055 5332 habere

479 5383 708 5453 negavit.
755 5380 1003 5434 Attamen
1047 5373 1220 5444 primo
1264 5369 1561 5432 deterruit;
1608 5378 1661 5424 at
1701 5370 1821 5438 quia
1869 5381 2054 5422 "ursus

545 5543 559 5572 ⁸
595 5541 647 5589 la
673 5540 846 5589 Savilio
879 5539 950 5587 sic
978 5537 1158 5597 legitur
1183 5545 1197 5597 ς
1227 5530 1302 5580 Illi
1341 5532 1511 5597 autem
1532 5539 1622 5575 non
1659 5503 2050 5597 aeternummo-

467 5610 595 5656 ιιοηρ
622 5602 932 5666 interrogant,
960 5589 1093 5661 setl,«
1111 5595 1158 5646 si
1179 5593 1231 5645 in
1262 5599 1470 5654 tempore
1493 5589 1582 5638 Itoc
1609 5589 1826 5638 restitues
1851 5596 2052 5648 regnum

467 5666 700 5721 Israel!)

2195 334 2525 402 qnzcrebant,
2554 337 2742 392 iterum
2786 339 2915 395 dixit
2941 355 3001 397 se
3043 357 3148 398 non
3180 343 3398 400 habere.
3427 343 3624 400 Verum
3669 344 3785 414 jam

2199 439 2304 477 non
2337 426 2564 489 territat,
2600 429 2692 483 sed
2735 440 3010 500 postquam
3051 434 3284 487 ostendit
3311 433 3361 488 id
3385 434 3527 503 quod
3559 434 3782 495 fecerat,

2194 514 2349 570 allert
2401 517 2727 586 probabilem
2767 535 3015 586 causam;
3052 521 3236 588 Pater,
3264 524 3466 593 inquit,
3513 525 3682 593 possit
3727 524 3782 576 in

2197 623 2286 660 sua
2302 617 2561 678 potestate.
2595 611 2728 677 Quid
2768 615 2931 683 ergo?
2958 629 3023 668 an
3055 628 3109 668 tu
3138 616 3312 671 nescis
3341 632 3425 682 ea,
3450 633 3570 687 qua:
3601 618 3781 672 Patris

2193 700 2352 751 sunt?
2378 715 2444 754 an
2474 702 2645 771 ipsum
2678 707 2838 769 nosti,
2869 717 2924 760 et
2949 723 3068 776 quae
3095 709 3211 776 ejus
3249 718 3374 763 sunt
3403 710 3656 779 ignoras?
3686 711 3780 763 Di-

2194 789 2313 842 xisti
2347 807 2360 843 :
2394 790 2558 846 Nemo
2587 796 2722 847 novit
2743 793 2951 850 Patrem
2978 799 3076 852 nisi
3107 798 3274 852 Filius
3301 800 3320 869 (
3348 800 3468 854 Luc.
3502 800 3588 854 10.
3615 801 3688 855 22
3716 801 3734 871 )
3761 819 3778 866 ;

2192 889 2264 943 et,
2309 883 2533 950 Spiritus
2560 888 2729 939 omnia
2757 897 3008 942 scrutatur
3033 933 3046 952 ,
3081 892 3227 944 etiam
3260 893 3516 962 profunda
3541 892 3638 946 Dei
3669 895 3686 957 (
3722 895 3776 946 1.

2191 970 2308 1024 (.‘or.
2337 973 2390 1024 2.
2428 975 2488 1029 l0
2517 977 2571 1043 );
2601 985 2653 1030 et
2681 989 2735 1031 tu
2763 994 2831 1033 ne
2861 979 2960 1034 hoc
3006 981 3218 1050 quidem
3252 983 3427 1038 nosti?
3453 985 3621 1039 Absit.
3655 985 3777 1039 Non

2191 1071 2247 1116 ut
2291 1062 2390 1119 hoc
2415 1068 2746 1136 suspicemur
2770 1110 2786 1136 ,
2820 1071 2890 1124 ita
2924 1073 3170 1141 loquutus
3199 1084 3307 1136 est;
3339 1075 3433 1130 sed
3465 1089 3522 1130 se
3564 1077 3778 1131 nescire

2189 1152 2423 1217 simulat,
2481 1167 2539 1212 ut
2597 1160 2717 1214 illos
2777 1162 2844 1214 ab
2909 1163 3276 1234 intempestiva
3331 1163 3630 1236 qumstioné
3679 1169 3773 1220 ah-

2188 1244 2365 1301 ducat.
2400 1249 2516 1304 Non
2565 1254 2677 1306 ausi
2709 1263 2834 1309 sunt
2876 1271 3002 1326 ergo
3053 1258 3243 1312 iterum
3293 1259 3643 1329 interrogare,
3704 1276 3773 1316 ne

2187 1335 2474 1392 audirent:
2512 1338 2578 1394 Et
2621 1357 2708 1397 vos
2748 1344 3037 1414 insipientes
3082 1349 3197 1400 estis
3228 1348 3246 1419 (
3273 1349 3456 1402 Matth.
3491 1351 3576 1405 15.
3613 1351 3682 1404 16
3706 1349 3773 1419 )?

2187 1423 2351 1480 Multo
2403 1429 2542 1484 enim
2595 1433 2762 1502 magis
2811 1435 2955 1489 illuni
3006 1453 3145 1491 ntmc
3203 1439 3549 1505 metuebant,
3605 1456 3768 1510 quam

2186 1525 2362 1570 antea.
2421 1519 2528 1574 Sed
2579 1525 2834 1594 accipietis
2902 1527 3132 1580 virtutem
3185 1532 3577 1600 supervenientis
3633 1533 3765 1600 Spi-

2187 1609 2312 1662 ritus
2363 1615 2526 1666 sancti
2574 1615 2626 1667 in
2676 1632 2760 1670 vos
2791 1617 2811 1689 (
2843 1618 3007 1672 Marc.
3040 1621 3091 1674 7.
3123 1621 3189 1675 18
3221 1625 3258 1691 ).
3309 1622 3767 1689 Quemadmodum

2185 1701 2325 1755 enim
2379 1704 2487 1759 illic
2541 1721 2648 1761 non
2700 1709 2768 1764 ad
2821 1710 3136 1782 interrogata
3196 1715 3470 1783 respondit
3523 1716 3763 1787 (docto-

2185 1791 2258 1846 ris
2305 1795 2447 1849 enim
2495 1807 2610 1864 est,
2643 1814 2748 1854 non
2797 1802 2938 1871 quod
2994 1805 3106 1857 vult
3151 1804 3466 1874 discipulus,
3498 1807 3589 1862 sed
3621 1808 3765 1876 quod

2185 1883 2285 1952 ipsi
2318 1888 2548 1958 expedit,
2574 1891 2772 1948 docere
2796 1893 2813 1963 )
2839 1910 2852 1946 :
2885 1895 2956 1948 ita
2984 1905 3037 1950 et
3066 1912 3222 1961 nunc,
3252 1913 3369 1966 quae
3396 1899 3603 1954 discere
3629 1915 3766 1968 opm

2185 1985 2298 2030 erat
2338 1980 2610 2047 praedicit,
2648 1998 2716 2038 ne
2771 1983 3049 2040 turbentur
3079 2005 3090 2039 :
3121 1986 3345 2042 fortasse
3393 1989 3514 2059 quia
3567 1990 3764 2043 infirmi

2183 2078 2356 2124 erant.
2381 2070 2450 2128 Ut
2481 2084 2655 2128 autem
2687 2075 2931 2130 ﬁduciam
2965 2078 3129 2142 indat,
3163 2079 3398 2148 ipsorum
3429 2081 3635 2136 animos
3657 2083 3764 2136 eri-

2182 2160 2252 2228 git
2279 2203 2293 2226 ,
2317 2171 2371 2216 et
2399 2178 2626 2220 onerosa
2660 2169 2814 2221 texit.
2841 2168 2973 2235 Quia
3021 2171 3160 2224 enim
3192 2173 3350 2242 paulo
3381 2183 3498 2242 post
3529 2175 3648 2229 illos
3679 2190 3762 2228 re-

2183 2249 2402 2306 licturus
2424 2264 2558 2319 erat,
2581 2256 2710 2312 nihil
2735 2259 2862 2327 ipsis
2887 2275 3135 2329 asperum
3161 2263 3474 2330 simpliciter
3500 2263 3759 2334 loquitur;

2182 2340 2276 2394 sed
2302 2344 2468 2412 quid?
2496 2345 2627 2399 Cum
2658 2347 2886 2403 admixta
2919 2350 3073 2406 laude
3102 2354 3321 2408 molesta
3353 2355 3556 2425 mitigat
3583 2372 3598 2421 ;
3631 2371 3694 2411 ac
3718 2359 3760 2410 si

2181 2431 2422 2488 diceret:
2452 2435 2529 2490 Ne
2561 2439 2821 2507 timentis;
2847 2456 2968 2496 nam
3012 2443 3282 2510 Accipietis
3321 2447 3552 2500 virtutem
3579 2463 3763 2500 uiuer-

2181 2526 2420 2581 venientis
2459 2528 2684 2599 Spiritus
2723 2533 2882 2586 sancti
2908 2535 2958 2586 in
2986 2549 3088 2600 vos,
3117 2545 3164 2589 et
3193 2537 3330 2589 eritis
3369 2538 3494 2590 milii
3536 2543 3682 2592 testes
3709 2539 3760 2591 in

2179 2616 2463 2674 Jerusalem
2488 2661 2502 2686 ,
2536 2632 2584 2674 et
2608 2623 2660 2676 in
2685 2625 2823 2678 omni
2844 2625 3029 2679 Judaea
3051 2668 3065 2690 ,
3090 2638 3136 2680 et
3162 2627 3418 2682 Samaria.
3443 2628 3574 2696 Quia
3617 2631 3759 2683 enim

2181 2707 2385 2764 dixerat
2411 2753 2426 2775 ,
2453 2712 2516 2766 In
2547 2715 2678 2767 viam
2703 2717 2925 2785 gentium
2970 2734 3032 2770 ne
3080 2718 3320 2783 abieritis,
3345 2729 3389 2773 et
3429 2721 3482 2772 in
3510 2720 3761 2774 civitatem

2181 2799 2620 2856 Samaritanorum
2663 2821 2724 2857 ne
2765 2808 3067 2862 intraveritis
3095 2809 3114 2878 (
3142 2807 3324 2862 Matth.
3360 2810 3446 2865 10.
3477 2811 3510 2866 5
3536 2810 3594 2878 );
3624 2826 3760 2868 nunc

2183 2906 2313 2947 vero
2339 2893 2451 2948 vult
2488 2910 2580 2949 eos
2613 2897 2900 2965 prmdicare
2929 2899 2981 2953 in
3005 2900 3147 2954 omni
3174 2900 3356 2956 Judma
3397 2911 3449 2956 et
3476 2901 3714 2958 Samaria
3739 2921 3754 2968 ;

2180 3001 2297 3054 qua:
2331 2997 2455 3042 tunc
2481 3005 2585 3044 non
2613 2991 2836 3058 dixerat,
2865 2993 2951 3049 hic
2987 2995 3224 3063 addidit,
3259 2997 3324 3050 Et
3351 3013 3505 3066 usque
3542 2999 3611 3050 ad
3636 2999 3756 3051 ulti-

2179 3092 2317 3130 mum
2347 3087 2512 3134 terrae.
2548 3081 2632 3146 Et,
2681 3084 2821 3153 quod
2867 3086 3104 3139 omnium
3149 3087 3599 3142 terribilissimum
3644 3099 3757 3143 erat

2174 3169 2449 3238 loquutus,
2482 3187 2550 3226 ne
2581 3188 2765 3228 rursus
2795 3175 2940 3229 illum
2983 3178 3407 3248 interrogarent,
3438 3179 3491 3232 9.
3535 3176 3760 3233 Videnti-

2175 3258 2270 3313 bus
2315 3260 2418 3315 illis
2459 3263 2677 3316 elevatus
2715 3274 2824 3332 est,
2857 3276 2903 3320 et
2933 3267 3088 3321 nubes
3115 3269 3329 3338 suscepit
3357 3285 3469 3322 eum
3511 3269 3573 3321 ab
3598 3271 3756 3325 oculis

2179 3366 2371 3404 eorum.
2400 3352 2588 3408 Viden’
2616 3368 2710 3409 eos
2751 3357 3070 3425 pranlicasse
3107 3368 3161 3413 et
3192 3359 3496 3429 implevisse
3524 3375 3754 3431 evange-

2119 3462 2131 3474 ·
2179 3444 2304 3498 lium
2327 3445 2350 3498 ‘t
2376 3445 2513 3501 Vere
2559 3463 2670 3502 rem
2705 3465 2947 3519 magnam
2979 3450 3125 3505 dedit
3174 3451 3297 3504 illis.
3333 3451 3426 3506 Ubi
3461 3451 3712 3506 timuistis
3737 3495 3753 3516 ,

2179 3536 2382 3606 inquit,
2414 3552 2608 3608 nempe
2635 3539 2982 3610 Jerosolymze
3008 3583 3022 3606 ,
3056 3542 3124 3597 ibi
3159 3543 3330 3610 primo
3361 3543 3646 3611 prxdicate
3665 3585 3682 3610 ,
3705 3554 3756 3599 et

2178 3637 2362 3695 postea
2391 3643 2556 3698 usque
2593 3629 2658 3684 ad
2683 3631 2924 3686 ultimum
2958 3640 3134 3686 terrm.
3169 3632 3370 3687 Deinde
3396 3632 3462 3686 ad
3491 3634 3646 3688 fidem
3677 3635 3755 3688 fa-

2175 3717 2416 3772 ciendam
2445 3719 2528 3783 iis,
2551 3736 2670 3790 qum
2697 3720 2924 3788 dixerat,
2964 3721 3255 3776 Videntibus
3279 3725 3382 3777 illis
3411 3726 3628 3778 elevatus
3659 3736 3751 3789 est,

2176 3810 2364 3876 inquit.
2391 3810 2505 3864 Non
2537 3811 2641 3866 illis
2679 3812 2981 3867 videntibus
3010 3814 3334 3877 resurrexit,
3364 3815 3458 3868 sed
3477 3857 3490 3877 ,
3518 3815 3636 3868 Illis
3679 3818 3756 3869 vi-

2175 3902 2402 3955 dentibus
2428 3903 2648 3957 elevatus
2671 3912 2778 3966 est;
2809 3905 2928 3973 quia
2958 3919 3132 3973 neque
3175 3915 3421 3973 aspectus
3453 3907 3536 3960 hic
3575 3907 3753 3960 omnia

2175 3995 2364 4062 potuit.
2391 3993 2522 4049 Nam
2576 3994 2982 4049 resurrectionis
3029 3995 3184 4050 linem
3232 3995 3512 4059 viderunt,
3543 3996 3754 4050 initium

2175 4102 2278 4140 non
2308 4087 2469 4151 item;
2501 4085 2881 4156 assumptionis
2931 4101 3058 4141 vero
3099 4086 3304 4140 initium
3351 4085 3615 4152 viderunt,
3645 4102 3751 4140 non

2173 4191 2301 4230 vero
2329 4177 2508 4230 linem.
2545 4176 2731 4230 Inutile
2776 4191 3004 4245 namque
3047 4176 3231 4230 fuisset
3275 4177 3328 4229 in
3359 4176 3756 4230 resurrectione

2175 4267 2380 4322 initium
2415 4268 2616 4334 videre,
2647 4269 2763 4338 ipso
2793 4277 3057 4338 przesente
3083 4269 3173 4338 qui
3196 4267 3308 4321 haec
3334 4267 3665 4336 loqueretur,
3696 4277 3753 4321 et

2171 4364 2416 4434 scpulcro
2433 4363 2748 4418 testiﬁcante
2769 4363 2938 4432 ipsum
2965 4362 3036 4426 ibi
3053 4361 3162 4430 jam
3183 4374 3288 4414 non
3311 4375 3432 4414 esse
3465 4376 3478 4413 :
3510 4358 3602 4413 sed
3629 4373 3752 4428 qua:

2169 4454 2585 4524 assumptionem
2635 4463 2856 4524 sequuta
2904 4461 3047 4518 sunt,
3071 4450 3234 4506 verbo
3283 4449 3492 4504 discere
3535 4458 3753 4517 oporte-

2169 4543 2278 4598 bat.
2305 4545 2438 4610 Quia
2469 4544 2610 4598 enim
2640 4557 2746 4597 non
2782 4550 3025 4612 poterant
3052 4540 3191 4594 oculi
3217 4539 3281 4593 ad
3315 4548 3513 4592 tantam
3541 4538 3746 4606 pertin-

2165 4647 2293 4703 gere
2317 4634 2708 4698 celsitudinem,
2739 4648 2836 4688 nec
2862 4632 3058 4686 docere
3086 4644 3153 4684 an
3180 4629 3231 4683 in
3262 4627 3472 4692 caelum,
3503 4643 3570 4680 an
3592 4617 3758 4696 quasi

2167 4725 2222 4779 in
2249 4724 2436 4778 c:clum
2462 4725 2782 4785 ascenderit,
2814 4720 2935 4774 vide
2959 4719 3083 4788 quid
3112 4718 3306 4772 factum
3332 4719 3421 4772 sit.
3449 4715 3602 4783 Quod
3633 4717 3752 4785 ipso

2163 4814 2320 4870 Jesus
2363 4823 2505 4868 esset
2528 4854 2544 4877 ,
2593 4812 2832 4866 sciebant
2860 4825 2926 4864 es
2952 4810 3015 4862 iis
3037 4851 3052 4874 ,
3084 4824 3202 4878 qua:
3227 4809 3293 4861 ad
3322 4809 3468 4877 ipsos
3496 4807 3749 4875 loquutus

2166 4909 2364 4971 fuerat;
2412 4905 2590 4975 procul
2619 4918 2746 4958 vero
2778 4903 3003 4970 positum
3038 4917 3142 4955 non
3183 4907 3426 4969 poterant
3452 4899 3620 4953 oculis
3649 4911 3748 4950 co-

2162 5014 2423 5073 gnoscere
2450 5016 2463 5062 ;
2495 4996 2634 5067 quod
2669 5004 2846 5050 autem
2891 4995 2942 5048 in
2987 4995 3174 5048 caelum
3206 4999 3487 5060 susceptus
3525 4998 3616 5056 sn,
3644 4989 3746 5059 ipsi

2165 5101 2346 5162 postea
2371 5090 2672 5144 docuerunt
2695 5085 3031 5156 angeli.Vide
3059 5083 3327 5155 quomodo
3353 5083 3624 5153 provisum
3653 5080 3746 5146 sit,

2164 5194 2220 5239 ut
2248 5198 2351 5238 non
2377 5181 2574 5252 Spiritu
2600 5180 2775 5233 omnia
2801 5219 2816 5244 ,
2843 5179 2938 5234 sed
2963 5177 3205 5248 quaedam
3239 5175 3408 5229 oculis
3451 5189 3750 5230 cerneren-

2165 5285 2265 5330 tur.
2296 5274 2405 5328 Cur
2429 5280 2606 5327 autem
2635 5271 2804 5325 nubes
2833 5269 3066 5339 suscepit
3091 5265 3256 5323 eum?
3284 5267 3395 5322 Hoc
3423 5281 3636 5336 quoque
3667 5266 3751 5320 si-

2161 5380 2322 5436 gnum
2351 5372 2486 5427 erat,
2510 5363 2685 5432 ipsum
2708 5360 3013 5415 ascendisse
3044 5359 3094 5411 in
3125 5357 3334 5411 caelum.
3358 5355 3471 5410 Non
3501 5355 3658 5425 ignis,
3691 5364 3752 5409 ut

2161 5457 2353 5521 tiliam,
2383 5469 2558 5524 neque
2582 5467 2768 5508 currus
2799 5452 2982 5521 igneus
3007 5449 3025 5516 (
3042 5449 3094 5503 4.
3128 5448 3256 5517 Heg.
3286 5447 3340 5500 9..
3366 5447 3425 5501 li
3451 5446 3495 5515 ),
3522 5445 3614 5500 sed
3643 5461 3751 5498 nn-

2165 5549 2258 5602 bes
2288 5545 2520 5614 suscepit
2559 5559 2716 5607 eum;
2753 5540 2894 5611 quod
2924 5549 3039 5594 erat
3066 5539 3182 5594 caeli
3212 5537 3514 5608 symbolum
3538 5577 3554 5600 ,
3584 5546 3641 5589 ut
3671 5535 3753 5591 ait

2165 5635 2444 5707 propheta,
2484 5634 2581 5700 Qui
2610 5632 2774 5703 posuit
2799 5632 2851 5684 in
2901 5629 3030 5682 nube
3081 5644 3340 5684 ascensum
3385 5625 3573 5703 suum(
3598 5625 3748 5678 Psal.
