4010 6158
281 299 345 357 ω
1301 297 1364 354 ιιι
1399 265 1581 353 ACTA
1625 297 2389 359 APOS’IOLOIIUNJIOMIL.
2429 305 2494 362 ιι.
3483 323 3551 378 ω

285 420 399 475 103.
427 417 484 490 3)
555 433 876 489 quamquam
918 417 1020 473 hoc
1061 417 1127 473 de
1158 416 1314 472 I’atrc
1356 418 1559 472 dictum
1603 425 1706 470 cst.
1738 416 1858 471 Ideo

279 512 423 579 dicit,
447 511 502 565 In
547 511 711 576 nube,
743 510 1023 567 declarans
1051 509 1102 564 id
1151 524 1270 564 esse
1297 509 1354 562 in
1389 509 1637 579 symbolo
1663 508 1858 562 divinae

281 601 523 672 potentia}
554 621 568 658 :
603 618 776 672 neque
818 603 961 656 enim
991 601 1095 655 alia
1124 602 1292 655 virtus
1321 599 1432 653 ulla
1481 600 1532 653 in
1559 599 1697 653 nube
1723 614 1852 652 con-

278 695 513 762 spicitur.
566 693 702 748 Audi
754 709 942 748 rursus
995 692 1124 763 quid
1176 692 1315 746 alius
1362 692 1620 761 prepheta
1665 691 1854 745 dicat:

278 787 519 841 Dominus
538 786 672 841 sedet
697 803 849 855 super
869 786 1052 840 nubem
1082 785 1236 838 levem
1263 782 1414 854 (lsai.
1444 783 1530 838 I9.
1560 783 1636 852 I).

342 881 396 934 5.
435 877 569 932 Cum
595 893 726 950 ergo
750 878 818 933 de
844 894 903 932 re
927 919 944 943 ,
977 891 1139 946 quam
1177 876 1532 930 necessariam
1577 873 1854 944 putabant,

275 976 699 1042 interrogarent,
747 985 980 1039 cumque
1021 968 1178 1023 dictis
1221 966 1507 1022 admodum
1553 966 1742 1020 intenti
1768 979 1857 1020 cs-

271 1074 385 1120 sent
405 1105 422 1128 ,
451 1072 506 1119 et
550 1063 808 1118 concitati
856 1076 956 1116 nec
996 1059 1353 1115 dormitantes
1376 1100 1393 1127 ,
1425 1060 1528 1114 hoc
1554 1059 1765 1113 accidit.
1799 1057 1856 1114 In

268 1162 450 1224 monte
499 1168 718 1224 quoque
773 1152 940 1206 nubes
991 1160 1204 1220 promer
1253 1151 1426 1220 ipsum
1468 1160 1604 1216 erat,
1647 1149 1858 1220 quando

268 1247 476 1318 Moyses
507 1248 785 1316 ingressus
825 1255 906 1300 est
959 1246 1012 1299 in
1057 1244 1337 1314 caliginem
1365 1245 1384 1312 (
1417 1244 1584 1298 Exod.
1611 1245 1699 1300 55.
1726 1245 1758 1299 9
1791 1244 1810 1314 )
1838 1259 1854 1309 ;

266 1339 360 1394 sed
384 1354 493 1395 non
521 1347 744 1409 propter
771 1339 914 1392 illum
945 1338 1114 1392 nubes
1138 1345 1274 1393 erat.
1307 1336 1403 1392 Ille
1424 1352 1552 1392 vero
1590 1353 1696 1392 non
1723 1338 1855 1393 sim-

267 1431 483 1496 pliciter
508 1430 664 1491 dixit,
705 1426 864 1493 Vade,
894 1444 962 1483 ne
1003 1445 1215 1484 rursum
1253 1428 1537 1494 dolerent;
1567 1429 1662 1485 sed
1700 1429 1853 1494 dixit,

264 1520 528 1590 Spiritum
580 1521 719 1575 mitto
749 1521 765 1592 (
791 1519 948 1574 Ioan.
980 1522 1067 1575 16.
1111 1522 1165 1578 5.
1218 1521 1249 1574 7
1280 1521 1324 1591 ).
1377 1522 1531 1589 Quod
1575 1530 1752 1577 autem
1803 1522 1856 1577 in

262 1612 455 1666 etclam
481 1611 687 1676 abiret,
722 1611 852 1681 ipsis
884 1611 1054 1667 oculis
1083 1610 1406 1667 didicerunt.
1433 1613 1624 1682 Papae,
1656 1620 1856 1684 quanto

263 1702 572 1772 spectaculo
617 1701 819 1772 dignati
865 1703 1025 1756 sunt!
1054 1701 1142 1757 I0.
1178 1701 1401 1772 Cumque
1423 1704 1756 1771 intuerentur,
1776 1703 1856 1758 in-

263 1797 400 1866 quit,
430 1797 485 1850 in
511 1796 692 1851 caelum
731 1807 930 1851 euntem
955 1798 1100 1851 illum
1120 1839 1136 1866 ,
1163 1814 1274 1854 ecce
1300 1799 1400 1852 duo
1429 1800 1524 1853 uiri
1553 1801 1883 1864 adstiterant.

264 1889 366 1942 illis
391 1889 442 1942 in
465 1898 594 1942 veste
620 1888 737 1942 alba
758 1928 774 1954 ,
807 1889 893 1958 qui
913 1897 958 1942 et
987 1888 1224 1944 dixerunt
1265 1906 1284 1944 :
1330 1889 1433 1943 Viri
1461 1889 1663 1946 (ἔειιὶιωὶ
1683 1932 1699 1956 ,
1731 1893 1855 1962 quid

263 1981 409 2034 statis
434 1981 734 2048 aspicientes
777 1981 830 2034 in
876 1979 1098 2034 caelum?
1126 1979 1225 2033 llic
1251 1979 1425 2046 Iesus,
1454 1983 1540 2049 qui
1567 1997 1854 2052 assumptus

259 2083 335 2126 cst
362 2089 397 2124 a
423 2073 561 2125 uobis
587 2071 640 2125 in
680 2071 879 2125 caelum.
913 2072 1403 2127 Demonstrantium
1433 2088 1582 2129 more
1627 2075 1853 2144 loquun-

263 2173 385 2220 tur:
414 2161 532 2230 IIic,
552 2163 638 2232 qui
661 2170 952 2231 assumptus
979 2173 1052 2217 est
1076 2180 1107 2216 a
1131 2165 1265 2218 vobis
1284 2165 1340 2218 in
1358 2166 1558 2232 ctelum,
1581 2167 1653 2220 sic
1672 2168 1848 2233 veniet,

259 2253 685 2322 quemadmodum
733 2253 928 2308 vidistis
971 2269 1089 2306 eum
1137 2267 1336 2310 euntem
1392 2256 1447 2310 in
1492 2257 1694 2313 calum.
1743 2259 1850 2314 Ite-

261 2359 379 2397 rum
429 2343 547 2397 lu-ta
593 2345 802 2412 species
851 2353 952 2399 est.
1009 2345 1194 2415 Angeli
1237 2347 1379 2401 enim
1420 2348 1634 2418 quidam
1680 2350 1853 2404 homi-

259 2449 389 2487 num
436 2433 614 2502 specie
661 2434 936 2488 adstantes
982 2434 1276 2490 dixerunt:
1323 2437 1428 2491 Viri
1466 2437 1684 2493 Guliltei.
1721 2439 1851 2496 Fide

257 2525 407 2595 digni
460 2537 606 2582 certe
656 2526 968 2582 videbantur
1006 2541 1126 2581 cum
1175 2527 1451 2596 dicerent,
1490 2529 1593 2584 Viri
1625 2531 1850 2586 Galiltei.

261 2616 444 2688 ‘[Ad
493 2618 618 2689 quid
671 2619 816 2674 enim
912 2620 1136 2688 patriam
1186 2629 1614 2688 memorassem,
1649 2623 1748 2677 nisi
1795 2633 1853 2678 ut

257 2717 426 2773 tidem
451 2718 692 2773 Iacerent
713 2717 737 2772 ἲ
762 2715 782 2790 ]
812 2717 891 2772 Ex
927 2719 1108 2787 specie
1146 2732 1358 2788 quoque
1402 2718 1522 2774 illos
1546 2720 1611 2772 ad
1638 2735 1696 2773 se
1721 2734 1850 2774 con-

255 2811 572 2876 vertebant,
617 2811 954 2866 declarantes
997 2825 1058 2866 se
1102 2810 1170 2865 de
1211 2810 1360 2865 ett-lis
1403 2825 1525 2866 €550
1563 2813 1847 2880 profectos.

251 2904 365 2959 Cur
396 2919 506 2959 non
533 2905 647 2974 ipse
673 2899 921 2958 Christus
959 2905 1077 2957 hazc
1124 2903 1255 2972 ipsis
1308 2903 1541 2972 loquitur
1565 2943 1579 2966 ,
1608 2903 1703 2958 sed
1751 2917 1850 2958 an.

249 3005 359 3075 geli
390 3004 416 3058 ?
442 3003 600 3058 Prius
628 3003 732 3056 illis
761 3000 942 3055 omnia
972 2999 1200 3064 dixerat,
1227 2998 1338 3066 jam
1362 3013 1490 3052 vero
1513 3013 1607 3066 per
1635 2998 1855 3067 angelos

249 3097 361 3152 illis
414 3097 468 3149 in
501 3093 816 3148 memoriam
868 3098 1084 3145 revocat
1120 3104 1182 3145 ea
1210 3130 1223 3154 ,
1255 3105 1372 3159 qua:
1417 3089 1713 3144 audierant.
1742 3089 1852 3145 Nec

245 3189 539 3251 dixerunt,
565 3184 733 3252 Quem
759 3182 962 3237 vidistis
1002 3191 1357 3252 assumptum,
1387 3181 1482 3235 sed
1506 3222 1522 3249 ,
1555 3180 1770 3235 Euntem
1794 3183 1848 3236 in

247 3283 479 3342 mlunt;
505 3286 564 3332 ut
592 3276 904 3332 ostendatur
927 3276 1340 3344 assumptionem
1373 3275 1538 3342 illam,
1570 3277 1844 3330 ascensio-

248 3387 376 3425 nem
408 3369 579 3424 l'uisse
623 3385 636 3421 :
679 3367 856 3422 carnis
887 3375 1065 3420 autem
1093 3375 1174 3420 est
1203 3365 1424 3420 assumi.
1458 3365 1580 3420 Ideo
1614 3366 1798 3422 dicunt
1828 3387 1840 3422 :

253 3465 355 3530 Qui
385 3469 680 3526 assumptus
709 3469 782 3514 est
803 3475 837 3512 a
861 3457 1015 3517 vobis,
1039 3457 1111 3511 sic
1146 3459 1302 3511 ueniet
1329 3473 1347 3510 :
1375 3472 1479 3511 non
1511 3499 1526 3524 ,
1571 3457 1806 3514 Mittctur
1826 3500 1842 3526 ,

249 3555 368 3617 sed,
414 3551 610 3607 Veniet.
639 3551 753 3619 Qua
784 3552 835 3604 in
875 3566 934 3604 re
958 3565 1088 3620 ergo
1115 3549 1289 3603 minor
1313 3559 1395 3604 est
1422 3548 1630 3604 Filius?
1673 3549 1844 3605 Nubes

250 3645 476 3714 suscepit
505 3658 641 3696 eum.
679 3641 874 3706 Recte;
902 3641 1015 3710 ipse
1058 3639 1200 3693 enim
1227 3639 1467 3694 ascendit
1511 3639 1563 3693 in
1607 3641 1840 3694 nubem:

251 3735 509 3803 quoniam
543 3730 645 3796 Qui
664 3731 909 3794 ascendit,
937 3732 1046 3799 ipse
1069 3731 1247 3800 estqui
1270 3730 1525 3784 descendit
1548 3729 1762 3801 (Ep/tes.
1786 3733 1840 3788 4.

253 3825 366 3895 10).
401 3821 819 3886 Animadverte,
853 3821 1120 3889 quomodo
1149 3821 1251 3874 alia
1283 3821 1575 3876 secundum
1604 3822 1842 3892 discipu-

255 3918 428 3971 lorum
476 3922 712 3969 mentem
742 3913 986 3968 dicantur
1009 3953 1024 3979 ,
1063 3912 1166 3966 alia
1208 3913 1500 3966 secundum
1531 3911 1841 3982 dignitatem

259 4008 368 4062 Dei.
388 4004 790 4074 Sublimiorque
817 4002 1032 4058 demum
1064 4001 1203 4057 facta
1229 4012 1311 4057 est
1337 4017 1489 4058 mens
1515 4002 1840 4058 videntium:

256 4112 317 4152 ac
340 4095 565 4152 secundi
594 4094 852 4149 adventus
881 4109 986 4148 non
1016 4108 1232 4164 parvam
1265 4093 1370 4149 illis
1398 4093 1544 4148 dedit
1569 4095 1839 4162 notitiam;

258 4187 381 4242 illud
406 4188 574 4252 enim,
605 4185 696 4240 Sic
737 4186 914 4250 veniet,
942 4184 1045 4240 hoc
1074 4183 1336 4255 significat
1370 4201 1383 4239 :
1411 4199 1531 4238 cum
1575 4199 1800 4254 corpore
1824 4228 1839 4250 ,

258 4281 427 4350 inquit
455 4299 469 4333 :
501 4277 632 4334 illud
659 4279 801 4333 enim
848 4277 1034 4332 audire
1070 4277 1364 4345 optabant;
1398 4277 1616 4346 etquod
1650 4278 1841 4332 iterum

257 4372 395 4428 nube
418 4378 609 4426 vectus
637 4369 701 4423 ad
744 4369 1001 4438 judicium
1051 4376 1308 4421 venturus
1363 4367 1452 4420 sit.
1489 4366 1554 4419 Et
1583 4383 1698 4421 ecce
1723 4409 1736 4430 ,
1765 4369 1846 4421 in-

258 4465 385 4530 quit,
418 4465 526 4517 duo
555 4463 646 4515 uiri
672 4462 996 4515 adstiterant.
1038 4457 1145 4511 Cur
1172 4457 1308 4511 dixit
1333 4498 1346 4518 ,
1384 4456 1491 4510 Viri
1515 4458 1540 4509 Ξ)
1566 4457 1701 4524 Quia
1730 4474 1847 4526 per-

259 4554 444 4610 lectam
477 4553 718 4607 virorum
747 4550 980 4605 formam
1008 4546 1467 4617 repraesentabant
1491 4587 1504 4610 ,
1539 4561 1604 4601 ne
1630 4546 1704 4600 illi
1747 4547 1842 4602 ob-

259 4653 646 4715 stnpesccrent.
673 4643 773 4708 Qui
796 4653 843 4695 et
867 4640 1123 4705 dixerunt,
1153 4637 1291 4705 Quid
1309 4638 1451 4692 statis
1473 4639 1770 4708 aspicientes
1789 4641 1841 4693 in

257 4737 479 4791 ett-lunt?
504 4735 676 4792 Simul
729 4731 1156 4787 blandientium'
1208 4729 1367 4785 verba
1417 4740 1605 4796 erant,
1635 4740 1689 4784 et
1733 4746 1840 4786 non

257 4837 431 4885 tamen
482 4827 774 4883 sinentium
823 4825 930 4879 cito
974 4832 1288 4892 exspectare
1331 4822 1558 4878 reditum
1603 4822 1738 4892 ejus.
1777 4823 1842 4879 Ili

256 4920 390 4990 quod
419 4917 598 4988 majus
625 4925 708 4971 est
733 4916 936 4981 dicunt,
975 4916 1116 4985 quod
1153 4930 1280 4969 vero
1330 4914 1507 4968 minus
1537 4931 1644 4969 non
1676 4915 1837 4970 item:

259 5011 426 5079 ipsum
456 5012 537 5066 sic
565 5017 851 5063 venturum
875 5047 890 5072 ,
921 5015 968 5061 et
999 5021 1064 5061 ex
1110 5006 1244 5061 ca-lo
1273 5007 1692 5075 exspectandum
1719 5021 1841 5061 esse

259 5105 468 5173 dicunt;
498 5101 842 5175 quandonam
873 5115 1000 5155 vero
1022 5141 1036 5166 ,
1077 5099 1126 5154 id
1167 5108 1366 5155 tacent.
1398 5100 1480 5156 Ab
1528 5100 1618 5154 illo
1661 5109 1839 5154 autem

316 5333 331 5364 I
368 5333 454 5390 qui
480 5327 720 5379 clauditur
741 5325 931 5374 uncinis
968 5324 1102 5372 locus
1144 5324 1216 5372 sic
1236 5323 1444 5372 habetur
1483 5323 1530 5370 in
1575 5323 1841 5373 Grtecozrt

257 5407 319 5456 vi:
332 5404 407 5445 is»
425 5401 518 5442 τσὺς
537 5398 683 5459 δερ-ς
703 5400 770 5459 τιν
790 5393 950 5450 πατρίδα
971 5397 1108 5459 μεθιεῖ·
1133 5398 1366 5459 εὶμὴπιὲτο
1388 5390 1461 5459 ιη
1485 5397 1690 5459 quotum
1722 5396 1841 5459 599',

258 5407 319 5456 τις
332 5404 407 5445 ἴδει
425 5401 518 5442 τοὺς
537 5398 683 5446 ὀδόν-ς
703 5400 770 5459 ἢν
790 5397 950 5450 πατρίδα
971 5397 1108 5446 μυᾶν,
1133 5398 1164 5435 si
1185 5399 1366 5460 μήιψῦςῑο
1388 5397 1432 5444 ἦν
1450 5411 1461 5441 ;
1521 5397 1690 5454 ιιοτιιῐιι
1727 5397 1838 5433 sen-

258 5466 338 5504 sus
360 5465 439 5506 est
478 5469 490 5500 ε
519 5451 642 5513 quid
667 5461 796 5499 enim
818 5460 1010 5515 necesse
1040 5450 1146 5496 erat
1169 5449 1186 5505 (
1210 5397 1556 5515 όιεοιριιιιιδᾝη
1581 5458 1666 5515 qui
1707 5451 1838 5515 certe

260 5518 468 5579 patriam
490 5506 631 5579 suum
680 5516 869 5568 nerant,
893 5507 1025 5558 illius
1047 5519 1218 5556 nomen
1242 5506 1435 5566 audire,
1464 5506 1557 5556 nisi
1584 5506 1635 5555 ut
1653 5506 1838 5570 angelis

543 5573 567 5608 ⁸)

543 5579 567 5608 ν

259 5579 630 5688 αξάῖῗὲί-ᾇιοο
652 5633 831 5696 legitur
855 5645 1128 5696 ιολωεινόντων.
1151 5627 1495 5696 Alinslegisse
1515 5628 1704 5677 videtur
1721 5641 1835 5696 ιολςν

257 5712 398 5757 ζ-.ντυν,
418 5700 504 5762 qui
531 5697 680 5745 vertit
706 5689 1064 5762 castigandum.
1097 5700 1261 5762 ﬁostra
1289 5689 1563 5762 lectiqcuﬂm
1586 5693 1812 5762 sequenti

260 5749 343 5810 bus
365 5749 527 5823 ina-gis
548 5749 1061 5808 consentire'videtur.
1097 5753 1178 5802 Illa
1205 5761 1366 5802 tamen
1392 5749 1483 5800 alia
1507 5751 1622 5799 ferri
1647 5749 1828 5812 posset.

1967 422 2273 487 spectaculo
2299 431 2573 494 evocatos,
2601 427 2758 484 dictis
2805 432 2916 486 suis
2956 442 3186 491 attentos
3215 437 3463 498 reddunt.
3495 460 3548 496 ttl

1965 529 2034 567 ne
2064 516 2313 582 quoniam
2342 517 2623 575 Dominum
2645 521 2756 590 jam
2785 525 2970 581 videre
2998 542 3106 583 non
3137 538 3381 597 poterant
3407 575 3423 598 ,
3453 551 3548 603 pn-

1967 610 2140 657 tarent
2200 605 2369 674 ipsum
2423 623 2529 666 non
2581 615 2930 678 ascendisse;
2979 627 3142 689 utque
3194 623 3312 679 illos
3368 628 3545 681 verbis

1964 697 2076 751 suis
2147 703 2554 768 pra-munirent.
2628 704 2759 759 Nam
2810 708 2853 761 si
2901 711 3046 777 prius
3095 712 3386 783 dicebant,
3433 720 3544 786 Quo

1965 788 2106 843 vadis
2141 789 2161 860 (
2181 789 2336 844 Ioan.
2366 793 2453 848 15.
2479 794 2549 852 56
2569 794 2633 865 )?
2682 799 2851 853 nmlto
2880 803 3049 871 magis
3077 821 3219 861 nunc
3258 808 3540 878 dixissent,

1966 878 2110 933 Num
2163 882 2216 935 in
2273 893 2498 953 tempore
2541 887 2637 940 hoc
2679 891 2910 945 restitues
2964 909 3174 964 regnum
3224 897 3434 954 Israel?
3475 903 3547 957 lla

1965 969 2103 1024 illius
2133 977 2595 1030 mansuetudinem
2618 991 2898 1047 noverant,
2920 993 2976 1037 ut
2999 995 3119 1053 post
3140 989 3442 1056 passionem
3461 993 3546 1046 in-

1966 1071 2294 1134 terrogarent
2320 1067 2487 1132 illum,
2523 1068 2664 1125 Num
2691 1074 2923 1129 restitues
2953 1077 2979 1130 ν
3007 1079 3167 1147 Atqui
3197 1082 3345 1150 prius
3390 1084 3537 1139 dixe-

1965 1165 2046 1210 rat
2075 1157 2197 1223 illis,
2228 1160 2460 1216 Audituri
2485 1165 2601 1218 estis
2622 1166 2752 1220 bella
2787 1177 2835 1222 et
2859 1170 3122 1237 opiniones
3147 1172 3388 1230 bellorum
3414 1194 3434 1231 :
3457 1185 3550 1232 sed

1963 1247 2187 1302 nondum
2214 1250 2332 1317 ﬁnis
2360 1250 2570 1322 (Marc.
2597 1255 2683 1310 15.
2713 1255 2810 1328 7),
2841 1275 3016 1330 neque
3057 1262 3390 1336 Jerosolyma
3423 1278 3547 1324 tunc

1962 1339 2222 1408 capietur.
2247 1341 2398 1398 Nunc
2433 1355 2612 1401 autem
2654 1347 2722 1403 de
2764 1365 2931 1421 regno
2957 1354 3318 1426 interrogant,
3345 1375 3448 1415 non
3479 1363 3546 1415 de

1961 1436 2446 1491 consummatione.
2477 1438 2724 1510 Alioquin
2755 1458 2884 1498 vero
2927 1458 3046 1514 post
3089 1457 3541 1510 resurrectionem

1964 1537 2068 1577 non
2125 1524 2312 1595 longos
2362 1541 2484 1582 cum
2542 1530 2648 1586 illis
2701 1547 2977 1592 sermones
3028 1539 3206 1596 habet.
3257 1541 3418 1612 Igitur
3468 1547 3542 1602 illi

1961 1615 2107 1670 velut
2155 1618 2523 1675 celebritatem
2577 1634 2897 1692 sperantes,
2952 1643 3352 1698 percontantur.
3423 1637 3540 1707 Ipse

1963 1721 2090 1760 vero
2131 1722 2238 1762 non
2288 1708 2523 1766 declarat
2571 1728 2637 1767 an
2680 1717 3024 1775 restitnturus
3071 1723 3141 1776 sit
3191 1741 3376 1780 necne.
3413 1728 3543 1794 Qua:

1959 1801 2251 1856 necessitas
2278 1803 2441 1868 enim,
2472 1815 2530 1859 ut
2557 1805 2634 1862 illi
2661 1808 2764 1863 hoc
2803 1810 3114 1869 discerent?
3149 1816 3270 1872 ltleo
3299 1819 3398 1876 hoc
3431 1839 3546 1879 nte-

1961 1900 2170 1947 tuentes
2217 1893 2291 1948 illi
2335 1910 2441 1950 non
2487 1899 2623 1953 ultra
2665 1899 2852 1956 dicunt
2884 1923 2896 1956 :
2934 1906 3084 1972 Quod
3125 1910 3325 1978 signum
3349 1914 3541 1968 adven-

1957 1992 2037 2038 tus
2064 1985 2156 2051 tui,
2188 1995 2234 2039 et
2263 1991 2704 2045 consummationis
2732 1997 2904 2048 saeculi
2936 1997 3146 2067 (Matth.
3179 2001 3266 2057 24.
3297 2003 3395 2074 5)?
3422 2006 3540 2070 sed,

1961 2071 2102 2126 Num
2153 2076 2381 2130 restitues
2407 2095 2621 2149 regnum
2645 2080 2857 2138 Israel?
2900 2086 3286 2146 Existimabam
3311 2071 3454 2148 enim
3491 2096 3542 2150 id

1953 2165 2061 2234 jam
2092 2165 2302 2223 adesse.
2334 2170 2452 2238 Ipse
2481 2187 2611 2227 vero
2641 2176 2691 2228 in
2721 2176 2989 2244 parabolis
3011 2182 3321 2238 ostenderat
3350 2185 3400 2239 id
3438 2201 3545 2240 non

1957 2272 2124 2327 prope
2150 2274 2272 2314 esse
2299 2278 2312 2312 :
2343 2269 2398 2316 et
2421 2260 2531 2330 jam
2559 2264 2645 2318 ubi
2669 2265 3084 2338 interrogarunt,
3116 2273 3424 2342 respondet,
3447 2277 3544 2330 Ac-

1955 2351 2150 2420 cipietis
2189 2353 2418 2408 uirtutem
2449 2358 2843 2425 superuenientis
2881 2359 3107 2429 Spiritus
3149 2365 3315 2418 sancti
3353 2367 3406 2419 in
3435 2381 3542 2424 vos.

1957 2441 2335 2498 Animadverte
2361 2445 2501 2513 quod
2523 2447 2741 2515 dixerit,
2764 2447 3196 2519 Supervenientis,
3217 2471 3344 2521 non,
3364 2456 3542 2524 Missi;

1957 2541 2014 2586 ut
2037 2547 2219 2602 parem
2259 2534 2518 2592 honorem
2549 2540 2877 2597 ostenderet.
2907 2543 3187 2611 Quomodo
3223 2563 3353 2618 ergo
3375 2591 3389 2615 ,
3422 2550 3542 2619 Spi-

1959 2626 2090 2680 ritus
2115 2629 2286 2683 sancti
2317 2630 2529 2686 inimice
2551 2673 2567 2698 ,
2598 2633 2763 2689 audes
2803 2635 2949 2691 illmn
2979 2637 3159 2694 dicere
3198 2647 3543 2698 creaturam?

1960 2715 2024 2771 Et
2049 2718 2186 2770 eritis
2212 2718 2336 2773 mihi
2361 2730 2526 2776 testes.
2557 2722 2985 2795 Assumptionem
3008 2730 3361 2787 subindicavit
3388 2753 3401 2786 :
3435 2736 3542 2789 imo

1959 2809 2135 2878 potius
2167 2809 2219 2863 id
2243 2851 2260 2876 ,
2292 2811 2433 2879 quod
2473 2813 2584 2879 jam
2614 2815 2934 2884 audierant,
2963 2819 3014 2872 in
3047 2831 3279 2876 mentem
3307 2837 3538 2880 revocat.

1957 2899 2075 2954 Iam
2103 2908 2382 2956 ostensum
2407 2911 2490 2957 est
2520 2904 2691 2973 ipsum
2724 2906 2776 2960 in
2805 2909 2968 2963 cmlos
3010 2915 3338 2971 ascendisse.
3373 2917 3544 2975 Nubes

1957 2999 2005 3044 et
2029 2991 2196 3061 caligo
2233 2994 2326 3046 sub
2349 2993 2562 3063 pedibus
2590 2997 2702 3067 ejus
2731 2997 2749 3066 (
2788 2997 2930 3053 Psal.
2965 3002 3050 3058 96.
3083 3004 3115 3056 2
3137 3004 3180 3074 ),
3217 3006 3406 3076 inquit,
3436 3026 3543 3080 quo

1955 3084 2286 3153 signiﬁcatur
2315 3085 2445 3142 illud
2472 3106 2485 3141 :
2519 3087 2697 3142 Nubes
2725 3093 2944 3160 suscepit
2968 3111 3079 3148 eum
3110 3138 3125 3164 ,
3152 3113 3346 3169 nempe
3382 3103 3543 3156 caelu-

1953 3190 2070 3229 rum
2138 3177 2419 3232 Dominum
2471 3196 2484 3233 :
2531 3195 2712 3251 regem
2767 3197 2996 3255 namque
3052 3187 3288 3245 declarat
3352 3207 3540 3250 currus

1951 3270 2130 3337 regius
2174 3285 2188 3324 :
2236 3271 2315 3326 sic
2371 3271 2446 3326 illi
2502 3273 2702 3328 missus
2754 3283 2838 3330 est
2875 3291 3066 3332 currus
3117 3283 3316 3350 regius,
3360 3293 3418 3338 ut
3472 3303 3540 3341 ne

1950 3358 2076 3427 quid
2109 3360 2261 3415 triste
2290 3360 2620 3431 loqueretur,
2664 3378 2797 3418 neve
2837 3365 2885 3418 id
2929 3367 3032 3421 illis
3067 3372 3332 3425 accideret
3353 3415 3366 3438 ,
3398 3377 3537 3444 quod

1950 3450 2582 3522 Elismo,qui,assumpto
2609 3455 2884 3525 magistro,
2925 3459 3154 3513 tunicam
3187 3461 3398 3518 discidit
3446 3463 3533 3536 (4.

1953 3545 2078 3614 Reg.
2109 3544 2164 3597 2.
2201 3545 2312 3614 12).
2342 3546 2478 3613 Quid
2504 3561 2628 3600 vero
2648 3547 2835 3602 dicunt
2859 3551 3070 3621 angeli?
3119 3552 3218 3608 llic
3245 3554 3413 3620 Iesus,
3451 3561 3538 3627 qui

1949 3650 2235 3706 assumptus
2261 3648 2332 3691 est
2359 3654 2392 3689 a
2418 3639 2555 3692 vobis
2578 3639 2630 3692 in
2661 3639 2840 3694 ca'lum
2865 3643 2939 3695 sic
2966 3643 3124 3699 veniet
3143 3661 3162 3709 ;
3180 3655 3253 3710 et,
3286 3646 3417 3700 Ecce
3436 3650 3538 3702 duo

1949 3730 2040 3780 viri
2063 3727 2361 3782 adstiterant
2382 3729 2502 3782 illis.
2532 3728 2660 3785 Iure
2684 3731 2920 3800 quidem.
2949 3733 3081 3788 Nam
3109 3740 3160 3788 in
3192 3751 3284 3789 ore
3311 3738 3534 3794 duorum

1950 3821 2162 3874 testium
2193 3821 2353 3875 stabit
2381 3836 2540 3875 omne
2567 3823 2784 3877 verbum
2818 3826 2834 3894 (
2861 3823 3008 3878 Deut.
3039 3827 3127 3880 17.
3156 3827 3232 3896 (3).
3265 3827 3331 3882 Et
3361 3829 3413 3883 lii
3441 3845 3535 3885 ea-

1947 3914 2070 3968 dem
2102 3914 2213 3982 ipsa
2244 3914 2550 3982 loquuntur.
2583 3912 2650 3966 In
2686 3925 2834 3980 veste,
2869 3915 3076 3986 inquit,
3104 3919 3239 3972 alba.
3271 3920 3538 3988 Quemad-

1948 4007 2162 4062 modum
2187 4006 2298 4075 jam
2325 4016 2450 4060 ante
2477 4006 2543 4060 ad
2584 4019 2987 4062 monumentum
3018 4011 3264 4080 angelum
3293 4013 3538 4068 viderant

1949 4100 1999 4153 in
2024 4098 2259 4153 vestibus
2287 4098 2498 4168 fulgidis
2522 4140 2538 4164 ,
2566 4100 2654 4168 qui
2695 4099 2938 4168 praedixit
2969 4101 3072 4156 illis
3101 4103 3225 4171 quid
3275 4104 3328 4158 in
3355 4105 3536 4159 animo

1946 4197 2221 4245 versarent
2246 4189 2263 4259 (
2297 4189 2484 4242 Matth.
2512 4189 2601 4245 28.
2629 4191 2719 4244 25.
2751 4191 2801 4245 4.
2835 4193 2868 4246 5
2894 4195 2912 4260 )
2939 4211 2951 4246 :
2978 4193 3055 4247 sic
3081 4202 3135 4247 et
3159 4196 3536 4262 assumptionis

1947 4284 2062 4349 ejus
2095 4297 2270 4350 praeco
2297 4283 2520 4348 angelus
2549 4292 2652 4335 est.
2683 4283 2833 4348 Quod
2881 4285 3040 4337 etiam
3087 4284 3362 4353 propheta:
3391 4300 3534 4355 sirpe

1951 4373 2325 4442 pisedixerant,
2343 4381 2398 4425 ut
2417 4383 2465 4424 et
2486 4387 2549 4425 ea
2570 4387 2688 4440 quae
2709 4375 3155 4428 resurrectionem
3179 4378 3508 4444 spectabant'
3533 4425 3536 4428 ί

2022 4466 2075 4519 4.
2109 4463 2316 4534 Ubique
2345 4463 2514 4533 angeli
2541 4464 2707 4516 nuntii
2733 4475 2856 4518 sunt
2885 4482 2897 4516 :
2931 4465 3009 4519 sic
3047 4465 3098 4519 in
3132 4467 3331 4535 natali,
3362 4470 3439 4524 sic
3468 4472 3532 4525 ad

1952 4558 2168 4612 Mariam
2190 4599 2204 4624 ,
2237 4557 2314 4612 sic
2342 4558 2392 4610 in
2438 4557 2829 4613 resurrectione
2847 4599 2862 4624 ,
2890 4559 3216 4631 perindeque
3244 4562 3294 4617 in
3323 4577 3532 4618 assunn

1950 4651 2129 4722 ptione
2152 4670 2164 4705 :
2187 4651 2292 4705 imo
2317 4652 2477 4707 etiam
2510 4651 2561 4705 in
2590 4652 2827 4707 secundo
2848 4653 3076 4708 adventu
3105 4655 3276 4726 angeli
3301 4671 3529 4726 prmcura

1948 4756 2127 4799 rentes
2156 4744 2496 4799 videbuntur.
2522 4742 2652 4798 Cum
2682 4742 2943 4800 dixissent
2979 4755 3154 4801 autem
3173 4789 3187 4813 ,
3220 4745 3320 4800 Hic
3338 4747 3491 4802 Iesus
3516 4790 3529 4812 ,

1945 4839 2029 4907 qni
2057 4847 2345 4907 assumptus
2369 4847 2442 4890 est
2463 4854 2494 4890 a
2522 4838 2678 4903 vobis,
2710 4852 2776 4892 ne
2799 4847 3204 4893 consternarent
3225 4841 3367 4906 illos,
3393 4841 3532 4911 adji-

1945 4932 2109 4993 ciunt,
2144 4930 2237 5004 Sic
2257 4931 2434 4984 ueniet.
2460 4929 2678 4983 Paulum
2701 4932 3029 5000 teSpirarnnl
3050 4931 3328 4987 audientes
3359 4934 3530 5002 ipsum

1946 5024 2240 5079 rediturum
2261 5037 2399 5084 esse,
2421 5032 2468 5076 et
2488 5021 2564 5075 sic
2585 5021 2898 5087 rediturum,
2924 5039 3020 5077 nec
3043 5024 3370 5079 inaccessum
3395 5024 3529 5080 l‘ore.

1947 5114 2077 5169 Illttd
2108 5129 2254 5171 vero.
2290 5113 2331 5165 A
2361 5113 2527 5176 vobis,
2561 5128 2665 5167 non
2695 5113 2811 5168 sine
2839 5129 2995 5168 causa
3027 5114 3266 5178 additur;
3295 5115 3387 5168 sed
3414 5116 3527 5184 ejus

1945 5222 2065 5276 erga
2097 5205 2215 5259 illos
2242 5220 2480 5258 amorem
2520 5206 2786 5272 declarat,
2820 5216 2871 5260 et
2911 5207 3226 5260 electionem
3258 5207 3489 5272 ipsorum
3512 5250 3526 5273 τ.

1947 5297 2222 5364 innuitqne
2253 5312 2356 5348 non
2385 5295 2691 5350 relicturum
2719 5311 2838 5350 esse
2857 5312 2950 5350 eos
2971 5311 3104 5364 quos
3125 5295 3303 5364 elegit.
3337 5295 3531 5351 Resur—

1946 5388 2198 5443 rectionis
2215 5402 2342 5456 ergo
2358 5401 2467 5440 sua:
2487 5386 2598 5455 ipse
2613 5387 2764 5440 testis
2781 5386 2878 5440 fuit
2896 5386 3026 5458 (imo
3045 5400 3251 5447 eorum,
3272 5400 3389 5458 qua:
3407 5399 3526 5444 ante

2011 5567 2027 5598 ι
2063 5565 2204 5614 Alius
2235 5566 2306 5614 sic
2342 5566 2493 5633 habet
2513 5580 2526 5625 ;
2543 5565 2697 5633 Quod
2718 5571 2882 5633 autem
2913 5563 3162 5633 propheta
3184 5563 3317 5615 illan!
3341 5582 3525 5620 assum-

1945 5628 2151 5692 ptionem
2174 5624 2605 5692 nonprtedixerint
2628 5624 2749 5692 nihil
2770 5624 3052 5692 mirandum
3079 5638 3096 5674 :
3119 5639 3524 5692 supervacaneum

1944 5685 2072 5740 enim
2105 5695 2209 5738 erat
2254 5685 2315 5753 tle
2349 5687 2436 5736 illa
2471 5688 2722 5753 speciatim
2764 5685 2894 5753 loqui
2920 5720 2934 5744 ,
2976 5685 3365 5753 quandoquidem
3419 5693 3526 5753 ipsa

1948 5759 1991 5801 et
2017 5750 2304 5801 resurrectio
2330 5761 2424 5798 una
2442 5756 2485 5798 ct
2503 5750 2673 5799 cadent
2695 5747 2975 5811 cogitatione
2990 5747 3489 5812 comprehenduntur.
