3976 6144
410 237 475 294 31
1188 231 1245 286 S.
1282 228 1560 285 JOANNlS
1594 222 2068 282 CllRVSOSTOMI
2108 222 2423 278 ARCHIEP.
2464 214 2994 280 CONSTANTINOP.
3618 223 3703 278 59

409 360 650 423 partum,
685 357 842 419 atque
866 346 1026 401 etiam
1056 353 1179 415 post
1217 351 1425 413 partum
1462 341 1832 410 etmtigcrunt,
1866 335 1995 392 illud

2105 352 2248 389 mum
2278 351 2396 406 qua:
2423 350 2530 392 non
2568 337 2637 391 sit
2661 347 2870 392 struere
2890 379 2906 402 ,
2941 351 3009 391 an
3037 336 3302 392 desertam
3341 341 3693 393 restaurarei

411 443 643 497 maxime
666 437 968 494 mirandum
987 477 1003 501 ,
1035 434 1177 504 quod
1203 433 1438 502 seipsutn
1469 429 1825 486 suscitaverit.
1864 427 1998 482 Nam
2102 425 2322 480 Planum
2352 435 2437 482 est
2476 427 2605 482 illud
2633 441 2753 483 esse
2792 428 3015 482 facilius.
3060 428 3199 498 Ergo
3227 428 3328 483 hoc
3358 430 3700 500 impossibile

405 533 520 588 ait;
549 531 742 586 Solvite
765 528 1007 599 templum
1047 526 1175 589 hoc,
1204 534 1252 580 et
1283 524 1338 577 in
1376 524 1532 576 tribus
1560 520 1734 574 diebus
1768 519 1991 574 excitabo

407 624 539 680 illud
593 622 775 692 (Joan.
810 622 865 676 2.
900 621 1034 691 l9):
1070 619 1306 673 futurum
1347 624 1523 670 autem
1570 612 1855 667 adventum
1895 625 1993 664 an-

404 717 511 788 geli
542 715 612 770 ita
641 714 898 778 indicant,
928 712 1019 768 Sic
1045 710 1231 787 υεηίει.
1245 708 1302 763 Si
1331 707 1451 778 quis
1470 721 1597 777 ergo
1623 703 1891 760 Christum
1911 703 1992 755 vi-

406 812 535 867 dere
564 811 743 879 cupit:
772 810 817 863 si
843 808 963 879 quis
991 807 1137 863 dolet
1161 805 1303 877 quod
1335 805 1482 861 illum
1515 817 1620 858 non
1647 799 1879 854 viderit:
1911 795 1993 849 his

405 902 635 968 auditis,
662 899 1030 955 admirandam
1054 899 1216 952 vitam
1241 896 1524 958 exhibeat,
1562 904 1619 949 et
1653 892 1733 947 sic
1752 888 1988 953 videbit,

409 1009 511 1051 nec
529 993 803 1050 abcrrabit
830 1010 858 1046 a
885 1006 1070 1061 scopo.
1099 990 1232 1045 Nam
1264 1004 1384 1044 cum
1413 987 1615 1057 majore
1639 994 1892 1039 venturus
1911 989 1994 1035 est

406 1085 611 1155 gloria;
638 1083 733 1140 sed
761 1084 841 1140 sic
865 1099 988 1139 cum
1014 1083 1174 1148 nube,
1205 1081 1285 1137 sic
1303 1094 1425 1134 cum
1452 1091 1677 1147 corpore
1706 1095 1719 1130 :
1747 1089 1810 1129 ac
1836 1074 1992 1142 longe

409 1175 708 1231 mirabilius
748 1174 853 1231 erit
873 1174 953 1228 sic
990 1174 1163 1243 ipsum
1196 1170 1381 1225 videre
1403 1168 1472 1223 de
1499 1168 1632 1221 ezelo
1656 1162 1990 1220 descenden-

408 1276 554 1334 tem,
597 1281 756 1335 quam
797 1279 826 1318 a
867 1274 1008 1319 terra
1050 1261 1451 1317 ascendentem.
1492 1257 1788 1312 Venturum
1834 1253 1992 1323 igitur

406 1359 695 1415 dixerunt:
723 1372 827 1427 qua
858 1370 985 1411 vero
1006 1355 1076 1410 de
1099 1368 1257 1409 causa
1288 1360 1544 1407 venturus
1571 1350 1674 1409 sit,
1707 1363 1812 1400 non
1836 1345 1989 1398 addi-

406 1451 625 1507 derunt.
661 1449 773 1505 Hoc
801 1447 1246 1503 resurrectionem
1286 1442 1588 1498 confirmat.
1620 1439 1677 1495 Si
1704 1438 1845 1493 enim
1870 1448 1990 1491 cum

405 1556 631 1611 corpore
652 1547 956 1610 assumptus
981 1545 1064 1593 est
1081 1576 1096 1601 ,
1120 1535 1288 1591 multo
1311 1533 1482 1603 magis
1505 1547 1626 1586 eum
1651 1544 1875 1599 corpore
1906 1542 1992 1583 re-

407 1632 657 1689 surrexit.
687 1631 909 1687 Ubinam
949 1635 1075 1684 sunt
1100 1627 1172 1692 ii,
1203 1625 1292 1696 qui
1320 1622 1700 1680 resurrectioni
1731 1635 1836 1675 non
1867 1632 1989 1674 cre-

404 1723 572 1778 dunt?
598 1723 687 1793 qui
711 1730 838 1778 sunt
863 1721 966 1784 illi,
998 1719 1085 1774 dic
1111 1718 1241 1773 mihi
1261 1756 1276 1783 ,
1308 1716 1535 1787 gentiles
1574 1729 1642 1768 an
1668 1710 1991 1768 Christiani?

407 1816 466 1871 ω
508 1826 657 1871 certe
706 1813 922 1879 nescio;
970 1812 1079 1867 imo
1126 1809 1301 1880 potius
1345 1809 1514 1879 probe
1562 1806 1703 1861 novi.
1752 1804 1991 1860 Gentiles

405 1906 603 1977 quippe
627 1913 784 1970 sunt,
829 1902 921 1974 qui
963 1900 1218 1958 creationi
1254 1914 1363 1954 non
1389 1896 1632 1954 credunt.
1664 1890 1989 1950 E'orumdem

403 1998 550 2051 enim
576 2005 678 2062 est,
709 2010 816 2051 non
846 1992 1172 2057 concedere,
1200 1991 1366 2045 Deum
1406 2002 1563 2059 posse
1584 1985 1782 2057 aliquid
1810 1999 1875 2040 ex
1903 1984 1988 2038 tti-

402 2086 518 2142 hilo
548 2100 755 2152 creare,
787 2093 843 2141 et
861 2098 1078 2154 negare,
1110 2083 1280 2153 ipsum
1301 2095 1460 2150 posse
1478 2094 1541 2135 ea
1562 2078 1843 2143 suscitare,
1867 2090 1989 2147 quae

404 2177 611 2247 sepulta
641 2185 787 2230 sunt.
814 2174 1012 2231 Deinde
1034 2173 1236 2242 pudore
1260 2170 1457 2235 affecti,
1487 2168 1627 2239 quod
1658 2183 1764 2222 non
1791 2180 1991 2237 cogno-

403 2276 559 2321 scant
584 2266 837 2320 virtutem
866 2264 984 2330 Dei,
1017 2277 1085 2318 ne
1111 2261 1232 2317 ideo
1257 2262 1592 2325 iucusentur,
1620 2259 1804 2314 dicunt
1828 2276 1842 2312 :
1871 2257 1987 2312 Non

404 2358 529 2413 ideo
554 2358 655 2412 hoc
678 2357 924 2422 dicimus,
946 2355 1040 2411 sed
1065 2355 1208 2426 quod
1227 2368 1454 2425 corpore
1480 2367 1583 2407 non
1610 2352 1680 2406 sit
1700 2366 1852 2422 opus.
1881 2352 1990 2420 Ap-

405 2447 578 2516 posite
605 2445 834 2509 diesttnr,
885 2445 1089 2502 Stultus
1130 2444 1285 2499 stulta
1330 2444 1558 2513 loquetur
1583 2440 1603 2514 (
1626 2440 1751 2495 lsai.
1780 2440 1868 2496 52.
1896 2440 1985 2510 6).

401 2537 522 2594 Non
542 2554 637 2595 vos
667 2540 847 2609 pudet,
881 2538 989 2593 Deo
1016 2545 1331 2608 potestatem
1361 2533 1571 2593 auferre
1597 2532 1795 2604 aliquid
1815 2549 1880 2589 ex
1909 2533 1989 2588 ni-

402 2630 515 2687 hilo
538 2631 792 2687 creandi?
817 2630 873 2687 Si
894 2646 960 2686 ex
986 2626 1446 2700 praeexistentibus
1465 2636 1633 2693 creat,
1655 2625 1709 2682 in
1731 2641 1838 2697 quo
1859 2639 1988 2697 ergo

402 2725 581 2780 differt
597 2726 666 2780 ab
690 2724 1028 2785 hominibus?

472 2817 660 2872 Contra
689 2816 1001 2872 Manichwos
1024 2816 1104 2870 hic
1128 2815 1358 2886 pluribus
1375 2816 1576 2885 agit.—
1592 2812 1699 2870 Sed
1725 2813 1885 2879 unde,
1909 2812 1988 2867 iu-

402 2909 612 2979 quiunt,
644 2910 823 2963 mala?
856 2912 936 2963 An
964 2909 1086 2978 quia
1112 2909 1324 2978 ignoras
1353 2908 1512 2973 unde,
1542 2907 1682 2961 aliud
1709 2906 1874 2962 debes
1902 2906 1986 2960 itt-

404 3001 605 3056 ducere
649 3000 845 3054 malum
893 3000 945 3053 in
993 2999 1298 3068 cognitione
1343 2999 1640 3052 malorum?
1685 2998 1797 3052 Duo
1843 2997 1987 3053 enim

404 3090 533 3147 hinc
566 3089 796 3143 absurda
824 3097 1148 3159 sequuntur;
1179 3088 1405 3144 alterum
1437 3088 1577 3158 quod
1603 3088 1681 3143 sic
1716 3088 1862 3158 loqui
1889 3102 1987 3142 au-

404 3181 536 3237 deas
566 3202 580 3238 :
613 3195 733 3235 nam
765 3182 810 3234 si
855 3194 1017 3250 negas
1048 3180 1211 3234 Deum
1239 3195 1303 3235 ex
1342 3179 1509 3233 nihilo
1549 3194 1767 3241 creare,
1820 3177 1989 3232 multo

403 3271 572 3342 magis
611 3271 880 3342 ignorabis
908 3269 1049 3324 unde
1074 3270 1210 3324 mala
1240 3270 1382 3325 sint:
1415 3270 1643 3325 alterum
1671 3284 1817 3335 vero,
1847 3267 1988 3338 quod

401 3362 480 3418 sic
507 3363 792 3433 ingenitam
824 3361 1077 3416 malitiam
1101 3359 1246 3417 dicas
1273 3359 1369 3432 (a).
1394 3361 1575 3431 Cogita
1603 3376 1761 3430 quam
1792 3375 1990 3430 opero-

403 3470 523 3510 sum
552 3455 640 3523 sit,
667 3454 864 3510 fontem
893 3455 1154 3509 malorum
1185 3455 1442 3524 reperire,
1476 3454 1618 3509 hunc
1638 3454 1902 3524 ignorare,
1933 3462 1990 3509 et

404 3547 634 3601 alterum
667 3546 789 3601 huic
813 3544 1028 3600 addere.
1063 3542 1255 3611 Quaere
1283 3546 1422 3600 unde
1448 3545 1582 3599 mala
1611 3546 1859 3610 veniant,
1890 3558 1990 3600 nec

405 3635 744 3706 blaspbetncs
770 3646 954 3691 contra
985 3635 1168 3689 Deum.
1202 3634 1481 3703 Quomodo
1518 3634 1865 3704 blaspheme?
1904 3632 1986 3688 in—

404 3727 595 3797 quies?
635 3724 772 3794 Quid
798 3725 970 3780 dicis?
1009 3741 1113 3779 non
1145 3724 1484 3795 blasphemas
1502 3766 1519 3791 ,
1546 3724 1759 3795 quando
1788 3723 1987 3779 malum

404 3819 615 3875 inducis
638 3818 968 3889 ingenitum?
993 3832 1115 3873 cum
1145 3818 1220 3873 illi
1242 3826 1557 3888 potestatem
1585 3817 1771 3872 tribuis
1798 3817 1991 3872 divina:

404 3927 621 3984 parem,
656 3912 903 3968 virtutem
927 3912 1189 3967 malorum
1218 3911 1517 3982 aequalem?
1554 3912 1848 3981 lngenitum
1874 3926 1991 3966 ma-

406 4002 541 4058 lum.
574 4001 709 4058 Vide
737 4002 863 4074 quid
890 4002 1086 4058 Paulus
1113 4002 1256 4058 dicat
1281 4021 1291 4053 :
1323 4001 1608 4057 Invisibilia
1633 4004 1766 4057 enim
1794 4004 1988 4072 ipsius,

406 4113 441 4149 α
467 4104 701 4151 creatura
730 4096 926 4161 mundi,
955 4112 1045 4165 per
1064 4112 1122 4149 ea
1151 4110 1263 4165 quae
1287 4098 1423 4167 facta
1446 4103 1562 4149 sunt
1590 4095 1843 4149 intellecta
1871 4111 1994 4149 con-

405 4189 691 4258 spiciuntur
718 4189 736 4260 (
759 4189 909 4246 Rom.
943 4189 995 4243 1.
1024 4188 1136 4259 20).
1164 4186 1323 4243 Certe
1347 4188 1590 4244 diabolus
1616 4196 1839 4260 utraque
1862 4189 1994 4247 dicit

409 4297 532 4336 esse
560 4296 628 4337 ex
657 4282 876 4337 materia
897 4322 914 4348 ,
945 4290 1000 4335 ut
1032 4280 1174 4335 nulla
1203 4295 1268 4336 ex
1305 4296 1364 4336 re
1390 4280 1553 4335 Deum
1583 4295 1988 4352 cognoscamus.

407 4375 545 4443 Quid
574 4375 717 4431 enim
736 4416 750 4439 ,
781 4388 985 4443 quaso,
1011 4372 1278 4428 difficilius
1301 4382 1387 4428 est
1407 4413 1422 4435 ,
1468 4372 1519 4427 id
1546 4373 1686 4442 quod
1713 4384 1895 4429 natura
1923 4373 1993 4427 sit

407 4465 609 4521 malum
636 4464 814 4519 facere
841 4465 1069 4519 bonum‘
1099 4480 1113 4526 ;
1146 4465 1189 4517 si
1222 4473 1397 4518 tamen
1436 4463 1600 4517 ullum
1642 4472 1724 4517 est
1768 4464 1993 4535 (loquor

411 4559 556 4613 enim
596 4556 886 4611 secundum
916 4563 1147 4609 vestram
1189 4555 1536 4621 opinionem:
1568 4564 1754 4609 natura
1795 4558 1993 4624 quippe

411 4648 546 4705 nihil
577 4654 754 4716 potest
780 4645 890 4699 fieri
925 4643 1155 4709 malum,
1187 4643 1328 4713 quod
1356 4642 1510 4698 bonis
1545 4643 1616 4697 sit
1641 4642 1990 4715 adjumcnto),

410 4756 479 4796 an
509 4751 694 4793 creare
720 4751 787 4791 ex
825 4751 931 4790 non
972 4733 1336 4789 exstantibus?
1364 4732 1500 4798 Quid
1537 4740 1621 4788 est
1650 4732 1856 4788 facilius
1884 4733 1993 4803 (de

410 4830 667 4902 qualitate
689 4827 923 4897 loquor),
945 4839 1012 4881 an
1037 4825 1341 4894 qualitatem
1362 4839 1480 4894 quae
1503 4838 1605 4877 non
1627 4824 1698 4877 sit
1718 4823 1990 4889 inducere,

411 4933 505 4976 aut
534 4936 653 4990 qua:
682 4918 749 4972 sit
777 4918 827 4971 in
855 4914 1182 4971 contrarium
1209 4912 1453 4969 mutare?
1480 4913 1606 4983 quid
1638 4912 1866 4981 facilius,
1899 4914 1993 4970 do-

475 5055 491 5087 ¹
530 5053 585 5104 Ιιι
608 5065 705 5102 uno
726 5051 899 5102 Codice
925 5048 1130 5111 legitur,
1155 5045 1210 5111 id
1243 5047 1370 5111 quod
1405 5052 1582 5097 natura
1624 5045 1687 5111 sit
1720 5046 1900 5096 malum
1920 5048 1994 5111 [ατ

412 5129 522 5169 cere
542 5115 740 5166 malum.
765 5108 1265 5171 Omniuo'asseutior'
1288 5108 1495 5171 Βοιωωῇ
1534 5110 1830 5171 conjecturae
1870 5108 1993 5171 apud

412 5141 521 5169 που
543 5141 740 5166 luuutus.
765 5141 969 5162 muluuu
1015 5141 1245 5159 οωυιιιινι
1288 5141 1495 5166 νυιιυυνῃ
1535 5141 1830 5171 νυμδυυιηιω
1870 5141 1895 5157 u
1920 5141 1993 5157 -υυ

411 5177 651 5286 ἓξινὶιιιιὶιι,
671 5178 752 5240 qui
780 5182 915 5238 putat
955 5170 1223 5235 legendum
1242 5207 1256 5231 ,
1280 5169 1332 5219 id
1356 5168 1485 5233 quod
1514 5176 1691 5220 natura
1730 5169 1791 5219 sit
1813 5141 1994 5219 mth

430 5251 571 5286 «cere
601 5252 775 5286 tonum.
1950 5252 1969 5265 "

430 5251 571 5288 tmere
587 5251 775 5288 UOIUUN.
1950 5252 1969 5265 "

410 5241 811 5363 Fiitgeiiaiféugiit
830 5295 1197 5347 uaniehzeorum
1217 5294 1398 5363 Opinio,
1420 5293 1505 5355 qui
1526 5290 1770 5363 malitiam,
1787 5306 1879 5341 seu
1896 5307 1994 5363 uuae

410 5355 541 5423 lum,
560 5375 654 5410 non
679 5360 825 5418 nasci,
850 5363 938 5407 sed
967 5369 1167 5423 semper
1192 5355 1443 5423 exstitisse
1456 5355 1711 5423 putabant.
1740 5361 1918 5401 Bonum
1942 5362 1995 5423 et

413 5416 593 5472 malum
632 5422 778 5471 deum
814 5416 936 5468 esse
979 5416 1297 5478 asserebant,
1333 5416 1416 5478 qui
1455 5416 1584 5478 inter
1615 5427 1673 5463 se
1700 5422 1991 5478 tugnarent.

415 5484 549 5541 Quod
575 5484 755 5533 erroris
778 5488 1043 5531 monstrum
1075 5486 1196 5528 ante
1228 5475 1402 5541 Christi
1434 5475 1849 5541 adventumlapud
1874 5488 1995 5541 gen-

413 5537 529 5594 tiles
550 5545 599 5593 in
622 5542 828 5605 IEgypto
850 5541 1042 5605 fuerat,
1077 5554 1174 5601 qua
1212 5540 1277 5587 de
1309 5552 1367 5605 re
1397 5537 1676 5605 Plutarchus
1710 5537 1766 5586 iu
1787 5538 1911 5605 libro
1931 5537 1995 5587 de

417 5604 545 5656 Isidi:
570 5612 622 5653 et
636 5597 841 5654 Osirilc.
873 5602 997 5651 Infra
1015 5597 1211 5665 quottot:
1236 5604 1403 5649 centra
1424 5599 1708 5649 Μωίεὶιιιέοδ
1727 5606 1828 5663 agit
1846 5597 1994 5662 Chry-

413 5676 667 5718 ιωιυυιιιε.

2098 528 2213 584 est;
2237 518 2377 574 sicut
2400 529 2581 575 autem
2604 521 2709 575 hoc
2735 520 2848 576 fieri
2879 522 3080 591 nequit,
3112 523 3182 576 ita
3204 532 3257 577 et
3285 523 3412 579 illud
3435 525 3700 595 impossi—

2102 610 2205 666 bile
2231 621 2344 676 cst,
2367 625 2561 680 nempe
2587 612 2641 667 in
2665 613 2990 667 contrarium
3020 614 3231 683 operari

2169 704 2222 759 5.
2258 703 2354 759 Dic
2383 703 2533 769 mihi,
2560 702 2687 773 quid
2716 703 2982 758 difficilius
3007 713 3089 759 est
3107 746 3122 771 ,
3157 714 3480 775 unguentum
3509 708 3698 761 conﬂ-

2098 811 2241 862 cere,
2266 805 2358 850 aut
2386 796 2498 852 luto
2523 796 2629 850 vim
2657 795 2873 863 inferre,
2901 805 3039 851 utea
3060 811 3179 867 quae
3202 807 3528 867 unguentum
3553 813 3697 869 ope-

2099 888 2283 944 retur?
2314 888 2526 956 Utrum,
2554 903 2755 959 quaeso,
2798 902 2982 943 eorum
3011 886 3218 943 facilius
3250 889 3372 945 est?
3396 887 3693 959 (quando-

2097 980 2311 1050 quidem
2344 980 2509 1035 Deum
2538 980 2833 1036 ratiociniis
2870 980 3068 1035 nostris
3109 980 3457 1050 subjicimus;
3488 990 3544 1037 at
3570 997 3691 1037 non

2099 1085 2216 1137 nos,
2249 1071 2419 1136 absit;
2448 1071 2543 1127 sed
2568 1085 2665 1128 vos
2690 1071 2743 1126 id
2767 1070 2964 1141 facitis)
2993 1071 3179 1126 oculos
3206 1070 3470 1137 formare,
3501 1086 3571 1126 an
3597 1072 3690 1126 fa-

2094 1176 2252 1229 cere,
2283 1170 2343 1218 ut
2370 1177 2544 1218 ca-cus
2570 1177 2792 1219 manens
2818 1175 2992 1218 cmcus
3025 1162 3235 1230 videat,
3266 1171 3322 1217 et
3345 1163 3553 1218 acutius
3592 1164 3688 1217 vi-

2097 1255 2288 1319 dente,
2316 1256 2553 1312 emcitate
2586 1254 2653 1310 ad
2685 1256 2858 1311 visum
2902 1264 3101 1320 utatur,
3144 1255 3404 1311 surditate
3429 1256 3495 1310 ad
3521 1255 3686 1311 audi-

2100 1348 2248 1402 tum?
2277 1347 2499 1403 Videtur
2540 1345 2671 1403 mihi
2715 1349 2865 1418 prius
2908 1348 3035 1403 illud
3083 1347 3312 1406 facilius.
3355 1348 3509 1416 Quod
3547 1363 3688 1418 ergo

2095 1439 2363 1494 difficilius
2383 1449 2495 1504 est,
2529 1440 2638 1495 Deo
2661 1440 2938 1507 concedis,
2966 1440 3107 1511 quod
3148 1440 3354 1497 facilius
3380 1457 3487 1496 non
3510 1443 3639 1499 item
3657 1447 3685 1496 ’ξ

2096 1530 2202 1586 Sed
2230 1530 2358 1601 quid
2386 1531 2438 1585 in
2467 1530 2549 1585 his
2575 1531 2800 1585 insisto?
2827 1531 2997 1585 Etiam
3022 1532 3228 1586 animas
3256 1533 3526 1589 dicunt-ex
3551 1533 3685 1587 sub-

2094 1621 2286 1675 stantia
2313 1621 2409 1676 Dei
2438 1635 2575 1677 esse.
2604 1623 2673 1675 At
2698 1621 2817 1676 vide
2836 1631 3029 1692 quanta
3058 1622 3215 1691 impia
3241 1632 3296 1678 ct
3322 1624 3479 1678 stulta
3503 1625 3685 1693 profe-

2054 1756 2073 1773 .
2093 1724 2232 1770 rant.
2264 1715 2395 1769 Dum
2420 1715 2646 1785 probare
2671 1716 2932 1782 nituntur,
2962 1716 3099 1769 mala
3128 1731 3193 1771 ex
3223 1716 3333 1772 Deo
3360 1731 3501 1782 esse,
3532 1717 3681 1772 aliud

2094 1807 2265 1877 magis
2300 1805 2519 1876 impium
2558 1805 2852 1861 inducunt:
2882 1821 3004 1860 nam
3037 1806 3122 1861 illa
3166 1806 3267 1876 ipsi
3295 1815 3682 1876 contempora-

2094 1914 2233 1964 nea,
2292 1912 2393 1954 nec
2445 1898 2611 1953 Deum
2665 1899 2767 1953 illis
2814 1898 3171 1968 antiquiorem
3225 1913 3349 1954 esse
3398 1907 3674 1965 statuunt,

2095 1999 2294 2047 tantam
2337 1990 2443 2045 illis
2481 1991 2885 2061 praerogativam
2920 1989 3051 2044 dare
3076 2005 3182 2044 non
3211 1990 3387 2045 veriti.
3425 1988 3682 2046 Secundo

2093 2084 2254 2138 etiam
2281 2082 2535 2137 malitiam
2561 2090 2805 2136 statuunt
2835 2082 3210 2136 immortalem.
3239 2081 3390 2149 Quod
3418 2082 3563 2137 enim
3593 2082 3680 2137 in-

2091 2175 2328 2244 genitum
2358 2183 2459 2240 est,
2478 2189 2767 2245 numquam
2796 2174 2999 2230 interit.
3026 2173 3229 2229 Videtis
3248 2173 3636 2244 blasphemiam
3654 2176 3679 2227 ?

2093 2267 2274 2339 Itaque
2299 2281 2519 2323 necesse
2543 2277 2659 2335 est,
2691 2276 2783 2321 aut
2820 2266 2954 2322 nihil
2980 2284 3008 2319 a
3034 2267 3145 2322 Deo
3171 2280 3319 2333 esse;
3352 2275 3444 2321 aut
3485 2267 3529 2321 si
3562 2268 3679 2323 lucc

2092 2373 2199 2413 non
2220 2366 2365 2423 sunt,
2391 2374 2460 2413 ne
2493 2359 2655 2414 Deum
2684 2358 2897 2427 quidem
2919 2372 3059 2413 esse.
3091 2358 3293 2424 Tertio,
3318 2359 3502 2426 utjam
3526 2357 3635 2412 dixi
3656 2398 3671 2423 ,

2091 2450 2219 2505 hinc
2246 2450 2325 2506 illi
2345 2465 2526 2506 secum
2557 2458 2822 2520 pugnant,
2851 2458 2907 2504 et
2941 2449 3199 2520 majorem
3238 2448 3330 2503 Dei
3359 2449 3411 2503 in
3444 2462 3505 2504 se
3533 2448 3672 2503 indi-

2091 2544 2394 2616 gnationem
2428 2536 2739 2613 provocant.
2762 2542 2995 2610 Quarto,
3027 2542 3168 2611 quod
3194 2541 3320 2596 huic
3363 2555 3469 2595 non
3494 2541 3672 2596 subsi-

2091 2638 2250 2692 stenti
2282 2636 2515 2691 materia:
2535 2640 2736 2691 tantam
2759 2634 2864 2688 vim
2887 2633 3137 2688 tribuant.
3160 2633 3378 2701 Quinto,
3401 2633 3544 2704 quod
3572 2648 3676 2686 ma-

2092 2728 2258 2784 litiam
2291 2728 2539 2783 bonitatis
2583 2726 2676 2781 Dei
2721 2741 2934 2780 causam
2965 2726 3127 2780 fuisse
3165 2725 3378 2791 dicant,
3425 2724 3676 2796 quodque

2091 2819 2207 2874 sine
2233 2819 2330 2873 hac
2351 2860 2365 2881 ,
2398 2819 2578 2883 aiunt,
2620 2817 2791 2873 bonus
2826 2816 2914 2871 ille
2943 2830 3048 2869 non
3087 2824 3231 2869 esset
3263 2816 3452 2869 bonus.
3484 2814 3673 2882 Sexto,

2090 2911 2232 2982 quod
2260 2911 2399 2964 viam
2422 2908 2575 2963 nobis
2602 2908 2929 2978 ιιι-ωριιιιιςιιιι
2956 2908 3296 2977 perveniendi
3326 2909 3393 2963 ad
3415 2909 3681 2979 cognitio-

2092 3019 2214 3059 nem
2246 3003 2360 3060 Dci.
2384 3003 2644 3072 Septimo,
2665 3002 2805 3072 quod
2828 3002 2993 3055 Deum
3015 3000 3080 3055 ad
3107 3001 3351 3056 homines
3383 3001 3676 3069 deducant,

2092 3095 2201 3150 imo
2226 3094 2291 3148 ad
2322 3094 2528 3164 plantas
2548 3103 2602 3147 et
2623 3093 2783 3162 ligna.
2813 3093 3021 3147 Etenim
3039 3092 3082 3145 si
3102 3092 3277 3146 anima
3293 3100 3475 3146 nostra
3494 3108 3559 3147 ex
3580 3093 3677 3148 Dei

2092 3187 2385 3243 substantia
2406 3195 2508 3249 est,
2529 3184 2823 3253 eademque
2843 3183 3018 3237 anima
3034 3182 3297 3253 demigrat
3315 3183 3367 3237 in
3393 3184 3535 3237 varia
3553 3198 3678 3237 cor-

2099 3292 2257 3348 pora,
2290 3278 2343 3331 in
2380 3291 2714 3337 cucumeres,
2737 3274 2788 3328 in
2819 3288 3072 3345 peponas,
3108 3274 3158 3328 in
3186 3289 3345 3343 cepas
3374 3290 3387 3327 :
3419 3288 3549 3344 ergo
3578 3275 3679 3329 Dei

2094 3372 2295 3441 pariter
2309 3370 2602 3425 substantia
2623 3371 2674 3423 in
2696 3382 3009 3424 cucutneres
3025 3367 3154 3423 abit.
3170 3366 3285 3422 Jam
3309 3367 3352 3420 si
3378 3367 3681 3423 dixerimus

2091 3461 2344 3531 Spiritum
2364 3468 2604 3517 sanctum
2620 3459 2931 3533 efformasse
2956 3460 3209 3529 templum
3228 3460 3279 3513 in
3305 3458 3544 3529 Virgine,
3576 3474 3681 3515 nos

2094 3554 2167 3609 illi
2185 3553 2457 3608 derident:
2474 3553 2518 3607 si
2540 3552 2798 3615 dicamus,
2815 3550 3081 3606 habitasse
3101 3551 3153 3605 in
3172 3551 3433 3619 spirituali
3451 3559 3556 3606 tem
3566 3553 3675 3622 ple,

2096 3660 2281 3703 rursus
2301 3645 2542 3700 irrident.
2567 3644 2679 3701 Nec
2701 3644 2864 3714 pudet
2883 3644 3003 3698 illos
3025 3643 3117 3698 Dei
3137 3645 3489 3699 snliSIantiam
3513 3646 3566 3699 in
3584 3662 3682 3701 cu-

2093 3752 2358 3803 cumercs,
2380 3738 2431 3792 in
2455 3751 2708 3807 peponas,
2730 3737 2782 3791 in
2806 3750 3038 3802 muscas,
3064 3735 3294 3790 bruchos
3311 3744 3366 3790 et
3381 3737 3565 3792 asinos
3582 3737 3681 3793 de-

2094 3829 2310 3895 ducere,
2342 3844 2477 3884 nova
2506 3828 2818 3883 idololatria:
2838 3827 3017 3896 specie
3038 3837 3265 3896 reperta.
3293 3830 3362 3882 At
3388 3841 3491 3883 non
3519 3843 3677 3899 cepa,

2095 3920 2283 3990 inquit,
2304 3923 2357 3975 in
2379 3921 2490 3976 Deo
2514 3930 2624 3983 est;
2652 3919 2746 3975 sed
2773 3920 2910 3973 Deus
2930 3919 2985 3973 in
3005 3932 3166 3989 cepa:
3185 3934 3359 3989 neque
3378 3920 3522 3973 enim
3545 3936 3678 3990 cepa

2099 4013 2238 4067 Deus
2254 4011 2431 4067 fuerit.
2446 4012 2555 4067 Cur
2575 4009 2774 4082 refugis
2787 4011 2878 4065 Dei
2891 4009 3329 4081 demigrationem
3348 4011 3398 4064 in
3412 4026 3641 4081 corpora
3656 4013 3681 4065 ?

2096 4105 2289 4175 Turpis
2311 4119 2396 4159 res
2421 4112 2523 4170 est,
2554 4106 2741 4173 inquit.
2765 4101 2927 4158 Multo
2951 4111 3097 4157 certe
3124 4102 3326 4171 turpius
3354 4101 3455 4155 hoc
3480 4112 3585 4157 est.
3610 4104 3682 4157 At

2097 4212 2203 4251 non
2237 4196 2406 4265 turpis
2446 4210 2533 4250 res
2575 4202 2676 4249 est.
2704 4191 3020 4261 Quomodo?
3049 4190 3488 4259 Quandoquidem
3534 4192 3578 4246 si
3626 4193 3679 4246 in

2097 4287 2250 4342 nobis
2274 4287 2382 4350 ﬁat,
2410 4300 2538 4340 vere
2561 4292 2714 4354 turpe
2732 4292 2833 4339 est.
2861 4282 3129 4338 Videtisne
3150 4283 3329 4337 ﬁerem
3354 4280 3681 4350 impietatis?

2097 4381 2204 4437 Sed
2232 4396 2327 4435 cur
2353 4379 2538 4434 nolunt
2566 4393 2762 4447 eoi-pus
2804 4374 3121 4446 resurgere?
3164 4372 3298 4441 Quid
3330 4372 3419 4428 hic
3457 4373 3681 4428 dicent?

2097 4471 2230 4538 Quia
2252 4485 2447 4540 corpus
2473 4470 2606 4524 mala
2629 4483 2714 4524 res
2735 4467 2853 4523 est?
2880 4469 2944 4521 Et
2966 4464 3253 4535 quomodo,
3280 4478 3479 4533 quaeso,
3508 4463 3678 4518 Deum

2099 4562 2277 4617 nosti?
2307 4562 2447 4616 unde
2471 4576 2644 4615 terum
2672 4559 2911 4613 notitiam
2942 4556 3141 4609 habes?
3166 4555 3283 4621 Quo
3322 4544 3481 4623 pacto'
3502 4554 3681 4623 philo-

2098 4652 2298 4721 SOphus
2327 4660 2403 4706 est
2434 4650 2818 4719 philosophus,
2851 4649 2895 4700 si
2932 4645 3059 4699 nihil
3098 4645 3261 4699 efficit
3296 4643 3527 4713 corpus?
3572 4644 3680 4700 De-

2098 4750 2247 4797 strue
2284 4755 2502 4804 sensus,
2544 4750 2598 4794 et
2636 4739 2783 4793 disce
2820 4734 3014 4803 aliquid
3051 4749 3235 4789 eorum
3266 4751 3385 4805 qua:
3425 4735 3565 4790 scire
3599 4745 3684 4790 est

2098 4848 2252 4902 opus.
2277 4830 2411 4897 Quid
2434 4838 2609 4883 autem
2634 4826 2971 4895 insipientius
2993 4836 3134 4881 esset
3154 4827 3352 4890 anima,
3377 4826 3421 4880 si
3437 4825 3507 4881 ah
3529 4825 3684 4880 initio

2100 4939 2289 4981 sensus
2329 4924 2548 4978 haberet
2580 4920 2828 4974 vitiatos?
2866 4919 2997 4974 Nam
3045 4921 3089 4975 si
3132 4936 3234 4975 una
3262 4922 3508 4991 corporis
3533 4933 3685 4989 parte

2102 5017 2313 5081 vitiata,
2346 5028 2539 5082 nempe
2572 5011 2813 5078 cerebro,
2845 5020 2953 5066 tota
2992 5012 3104 5082 ipsa
3135 5011 3379 5078 lteditur;
3408 5012 3452 5066 si
3485 5020 3707 5067 steterat

2100 5122 2312 5177 quoque
2338 5105 2615 5169 vitientur,
2657 5102 2709 5156 in
2754 5118 2861 5173 quo
2901 5103 3047 5157 utilis
3084 5102 3224 5157 erit?
3268 5101 3503 5158 Ostende
3551 5102 3681 5157 mihi

2100 5199 2332 5252 animam
2359 5196 2473 5251 sine
2497 5208 2741 5264 corpore.
2766 5197 2954 5249 Annon
2982 5194 3134 5249 audis
3159 5192 3398 5249 medicos
3418 5195 3681 5261 dicentes,

2103 5289 2316 5342 Morbus
2343 5285 2688 5341 vehementer
2712 5284 2962 5339 obscurat
2986 5283 3259 5339 animam?
3281 5284 3571 5355 Quousque
3591 5297 3683 5338 vos

2101 5381 2434 5452 strangulare
2471 5378 2769 5433 diﬂ'erctis?
2798 5378 2962 5443 Num,
2996 5392 3178 5446 quaeso
3200 5418 3215 5446 ,
3257 5392 3454 5447 corpus
3476 5393 3542 5431 ex
3570 5391 3684 5430 ma-

2105 5475 2235 5529 teria
2262 5472 2380 5526 est?
2410 5470 2574 5525 Recte
2598 5469 2833 5541 quidem.
2860 5468 2999 5536 Ergo
3023 5468 3191 5535 ipsum
3217 5469 3394 5523 odisse
3412 5467 3678 5539 oportuit:

2105 5580 2199 5619 cur
2209 5580 2336 5634 ergo
2357 5564 2527 5634 ipsum
2549 5563 2669 5627 alis,
2688 5577 2784 5617 cur
2801 5560 2981 5616 foves?
3000 5558 3072 5629 (α)
3092 5558 3256 5632 [Ergo
3278 5563 3502 5631 teipsmn
3524 5562 3691 5617 inter-

2172 5658 2243 5720 (a)
2278 5666 2389 5716 Quae
2412 5657 2602 5708 uncinis
2625 5653 2915 5707 clauduntur
2930 5652 3108 5703 desunt
3133 5654 3181 5701 in
3203 5656 3490 5716 quibusdam
3510 5664 3601 5711 Mss
3616 5694 3630 5711 .
