4010 6158
217 325 274 381 55
1227 312 1294 370 IN
1332 309 1512 367 ACTA
1555 305 2325 366 APOSTOLORUHJIOMIL.
2365 306 2451 364 Ill.
2823 340 2825 342 -
3409 309 3480 368 54

223 445 363 499 ﬁcere
409 434 714 511 debuistii]
757 436 898 506 Ergo
941 442 997 490 te
1047 431 1118 486 ab
1153 429 1254 486 hoc
1291 441 1510 483 carcere
1562 425 1790 481 liberare
1899 423 1994 478 sed
2024 431 2210 479 contra
2249 425 2486 494 seipsos,
2521 436 2668 483 certe
2693 437 2837 484 stare
2865 441 3156 501 nequeunt.
3192 431 3494 491 Veranii/(5

223 534 475 604 θροιιυίιῖ
500 531 746 601 Alioquin
772 543 900 584 vero
929 527 1068 581 Deus
1096 539 1200 576 non
1230 530 1406 591 potest
1435 518 1652 572 vincere
1678 531 1780 569 ma-

221 625 414 688 teriam,
442 621 543 677 nisi
573 636 694 674 cum
721 619 809 674 illa
837 618 1143 672 misceatur.
1176 612 1291 666 Non
1329 617 1505 679 potest
1534 607 1677 660 enim
1713 605 1785 658 illi

223 714 515 783 praecipere.
542 711 718 766 donec
751 725 871 763 cum
903 707 990 760 illa
1023 703 1215 765 fuerit,
1245 716 1308 753 ac
1337 713 1430 767 per
1459 705 1621 751 totam
1667 707 1786 762 per-

221 805 382 859 vadat.
409 802 452 859 0
473 802 886 858 imbecillitatem
910 800 925 852 !
951 797 1066 851 Rex
1089 789 1398 860 imperando
1422 787 1547 842 facit
1571 784 1783 849 omnia;

222 897 342 950 Deus
369 911 498 949 vero
525 893 679 947 malis
707 906 812 945 non
843 885 1110 956 imperat?
1141 883 1197 937 1n
1223 895 1449 944 summa,
1481 878 1583 933 nisi
1614 885 1786 930 mate-

219 987 284 1040 ria
320 986 442 1040 boni
472 984 766 1052 cujuSpiam
816 986 963 1034 esset
1002 975 1301 1044 particeps,
1348 969 1638 1023 subsistere
1682 980 1786 1018 non

217 1088 400 1147 posset.
444 1077 638 1131 Malitia
680 1075 822 1128 enim
863 1068 1156 1124 subsistere
1193 1063 1412 1132 nequit,
1458 1059 1562 1113 nisi
1607 1057 1786 1147 virtuti

215 1146 600 1223 admisceatur:
650 1161 874 1233 proinde
919 1158 1018 1213 nisi
1056 1155 1239 1212 fuisset
1284 1151 1519 1206 admixta
1567 1146 1784 1210 virtuti,

210 1260 398 1328 jamdiu
432 1258 687 1328 periisset
712 1271 726 1306 :
758 1268 875 1307 nam
908 1251 1018 1304 haec
1039 1256 1120 1304 est
1143 1245 1402 1300 malorum
1423 1240 1681 1295 conditio.
1705 1239 1786 1294 Sit

213 1350 460 1420 quispiam
489 1347 751 1406 lascivus,
792 1343 878 1412 qui
921 1341 1000 1396 sui
1043 1340 1307 1406 impotens
1335 1332 1556 1388 omnino
1584 1331 1688 1397 sit,
1714 1345 1783 1384 an

211 1444 338 1497 vivet
367 1442 560 1496 decem
588 1438 738 1493 dies?
766 1436 846 1490 Sit
868 1435 1003 1487 latro
1031 1429 1292 1501 quispiam
1310 1467 1326 1492 ,
1357 1424 1449 1494 qui
1474 1422 1620 1477 nulla
1650 1422 1783 1476 reti-

212 1546 357 1591 uentc
383 1532 706 1589 conscientia
733 1529 783 1583 in
805 1539 992 1582 omnes
1015 1523 1285 1590 etiamque
1315 1519 1366 1572 in
1388 1514 1785 1572 consceleratos

207 1635 491 1696 grassetur,
526 1637 648 1676 num
679 1619 863 1674 vixerit
883 1614 1144 1671 omnino?
1174 1611 1254 1666 Sit
1280 1607 1470 1677 aliquis
1497 1603 1582 1658 fur
1611 1604 1784 1672 impu-

208 1721 345 1773 dens.
374 1716 466 1786 qui
497 1715 612 1769 sine
641 1712 835 1767 rubore
864 1709 1038 1778 palam
1063 1704 1288 1766 furctur,
1317 1714 1441 1754 num
1469 1696 1562 1752 diu
1594 1709 1782 1786 super-

205 1820 305 1862 stes
328 1785 469 1862 erit?
493 1805 748 1859 Malorum
773 1809 960 1855 natura
981 1797 1104 1852 talis
1131 1802 1234 1856 est,
1263 1801 1323 1846 ιιι
1345 1789 1446 1843 nisi
1469 1786 1593 1843 boni
1622 1785 1781 1855 quid-

206 1900 332 1968 piam
360 1897 611 1959 habeant,
640 1904 786 1949 stare
813 1907 917 1946 non
943 1889 1184 1960 possint:
1215 1887 1294 1939 sic
1319 1883 1404 1937 illa
1436 1881 1594 1944 Deus,
1619 1887 1676 1933 ιιι
1704 1877 1778 1931 illi

205 1991 404 2057 dicunt,
436 1987 730 2044 constituit.
757 1984 839 2040 Sit
862 1983 1050 2037 civitas
1077 1975 1444 2047 improborum
1474 1970 1776 2034 hominum,

203 2097 261 2133 an
295 2081 457 2135 stabit
496 2076 784 2149 umquam?
826 2075 981 2148 Stent
1014 2071 1177 2135 mali,
1209 2083 1314 2121 non
1353 2070 1541 2120 contra
1570 2061 1774 2123 bonos,

1027 2198 1562 2212 ﬂ"--.._w——_——-

207 2212 480 2223 ———

199 2437 318 2492 CAP.
370 2436 422 2491 Ι.
462 2451 515 2488 v.
547 2433 636 2489 12.
665 2430 809 2487 Tunc
851 2428 1037 2483 reversi
1074 2443 1117 2491 (ι,
1142 2423 1289 2477 ostoli
1339 2416 1710 2487 Jerosolymam
1744 2427 1777 2460 tt

262 2536 430 2581 monte
483 2526 570 2596 qui
594 2532 796 2578 vocatur
825 2519 1030 2584 Oliveti,
1073 2517 1248 2586 quiest
1279 2515 1425 2580 juxta
1465 2507 1774 2570 Jerusalem,

261 2618 456 2674 sabbati
500 2617 687 2670 habens
724 2617 837 2668 iter.

263 2714 314 2766 Ι.
351 2710 516 2776 Tunc,
559 2708 749 2779 inquit,
791 2705 973 2760 reuersi
1012 2711 1150 2758 stmt.
1181 2700 1353 2765 Tunc,
1394 2689 1779 2766 quandonam?

202 2803 480 2872 Postquam
539 2800 626 2855 illa
667 2798 976 2857 audierant,
1029 2811 1136 2848 non
1169 2795 1311 2848 enim
1359 2790 1466 2844 alio
1516 2785 1678 2842 modo
1727 2784 1778 2838 id

202 2894 597 2956 sustinuissent,
653 2891 752 2945 nisi
805 2890 942 2943 alter
994 2887 1255 2938 adventus
1320 2882 1426 2936 illis
1483 2879 1780 2948 promissus

202 2985 399 3038 fuisset.
443 2984 670 3039 Videtur
712 2990 890 3035 autem
938 2976 1069 3031 mihi
1106 2976 1222 3029 ha-c
1265 2975 1318 3026 in
1363 2970 1588 3025 Sabban
1634 2975 1782 3036 gesta

203 3075 376 3131 fuisse.
430 3073 648 3141 Alioqui
681 3086 786 3124 non
832 3067 1064 3137 spatium
1104 3063 1312 3118 itineris
1355 3061 1434 3117 sic
1461 3058 1780 3121 indicasset,

204 3169 236 3220 Δ
260 3177 435 3222 monte
473 3165 563 3236 qui
588 3163 775 3216 dicitur
820 3159 1021 3224 Oliveti,
1049 3157 1139 3228 qui
1161 3165 1239 3209 est
1266 3155 1422 3224 juxta
1458 3150 1774 3210 Jerusalem,

204 3260 382 3314 sabbati
413 3256 607 3310 habens
632 3256 768 3318 iter;
799 3252 898 3306 nisi
949 3248 1314 3319 przcscriptmn
1361 3243 1550 3298 fuisset
1573 3239 1779 3293 itineris

205 3360 440 3426 spatium,
500 3352 641 3420 quod
698 3350 874 3420 peragi
926 3332 1107 3417 posset
1159 3345 1208 3397 iu
1267 3341 1356 3396 die
1404 3337 1629 3394 sabbati.
1687 3335 1774 3426 {5.

210 3425 261 3501 Et
295 3464 410 3502 cum
453 3444 764 3505 introissent,
821 3442 873 3492 in
923 3435 1237 3492 creuaculum
1289 3431 1645 3493 ascenderunt,
1696 3425 1780 3479 ubi

207 3551 335 3594 erant
371 3544 740 3610 permanentes.
777 3533 916 3601 Ergo
945 3537 1064 3598 post
1093 3523 1536 3580 resurrectionem
1563 3519 1781 3610 Jeroso-

212 3634 348 3701 lymis
371 3608 686 3685 manebant.
725 3623 926 3688 Petrus,
955 3631 1001 3673 et
1027 3618 1266 3679 Jacobus,
1295 3625 1342 3668 et
1382 3608 1779 3701 Joannes._Non

208 3699 302 3790 jam
328 3723 413 3777 hic
441 3721 592 3775 solus
618 3732 741 3772 cum
767 3715 932 3769 fratre
957 3719 1294 3769 numeratur;
1342 3703 1435 3758 sed
1459 3713 1513 3758 et
1539 3699 1782 3790 Andreas

212 3829 316 3867 cum
347 3814 508 3868 Petro
533 3827 547 3876 ;
580 3817 628 3863 et
653 3807 902 3869 Andreas,
927 3802 1196 3870 Philippus
1225 3807 1273 3851 et
1305 3795 1544 3864 Thomas,
1570 3789 1784 3844 Bartlto-

214 3906 402 3959 lomams
433 3913 480 3957 et
515 3901 806 3960 Mattheus,
840 3895 1063 3949 Jacobus
1092 3890 1310 3959 Alphei,
1341 3895 1388 3940 et
1419 3885 1599 3941 Simon
1640 3880 1784 3936 Zelo-

215 4007 277 4049 tes
313 4008 356 4050 et
401 3995 574 4048 Judas
626 3991 826 4045 Jacobi.
891 3988 1054 4042 Recte
1099 3981 1394 4052 discipulos
1443 3974 1777 4032 memoravit.

216 4089 332 4153 Quia
373 4089 517 4143 enim
556 4085 695 4138 alius
738 4080 988 4151 prodidit,
1022 4078 1154 4130 alius
1181 4071 1430 4143 negavit‘
1452 4110 1468 4134 ,
1499 4068 1638 4122 alius
1672 4080 1780 4119 non

218 4180 460 4244 credidit;
515 4176 755 4231 declarat
799 4187 1006 4234 omnes,
1058 4183 1168 4223 uno
1217 4171 1444 4233 excepto
1488 4160 1780 4231 proditore,

218 4273 378 4326 salvos
439 4271 626 4326 fuisse.
683 4268 773 4322 14.
847 4263 919 4318 Hi
979 4278 1150 4317 omnes
1209 4266 1353 4314 erant
1412 4261 1784 4325 perseverantes

220 4363 505 4416 unanimiter
533 4361 587 4414 in
613 4359 838 4413 oratione
860 4364 908 4409 et
947 4352 1297 4421 deprecatione
1332 4363 1450 4401 cum
1471 4344 1780 4398 mulieribus.

221 4453 386 4510 Recte.
428 4454 676 4524 Magnum
711 4451 852 4504 enim
896 4445 1068 4498 oratio
1105 4442 1267 4494 telmn
1307 4448 1390 4492 est
1431 4438 1484 4492 in
1530 4432 1784 4524 tentatio—

223 4546 384 4611 uibus,
411 4555 465 4600 et
483 4521 553 4599 ad
575 4544 677 4597 hoc
698 4557 728 4595 a
761 4537 1016 4607 Magistro
1041 4547 1138 4587 suo
1158 4530 1288 4585 satis
1310 4528 1515 4582 fuerant
1538 4521 1784 4580 instituti.

226 4640 450 4711 Alioquin
475 4654 605 4694 vero
627 4648 866 4707 praesens
897 4627 1120 4684 tentatio
1159 4623 1226 4679 ad
1253 4622 1356 4676 hoc
1395 4620 1517 4711 illos
1537 4619 1784 4711 ducebat.

226 4707 436 4805 Ideoque
458 4727 769 4790 ascendunt
797 4726 848 4778 in
886 4716 1255 4777 omnaculnm:
1307 4710 1591 4767 admodum
1643 4707 1784 4763 enim

225 4801 457 4876 timebant
479 4819 726 4876 Judmos.
768 4815 892 4867 Cum
915 4808 1230 4864 mulieribus.
1273 4805 1390 4860 .Iam
1414 4803 1555 4857 enim
1577 4801 1787 4855 dixerat

227 4911 326 4968 illas
371 4913 556 4969 Iesum
606 4917 859 4978 sequutus
910 4903 1098 4958 fuisse.
1151 4899 1219 4953 Et
1251 4897 1422 4952 Maria
1451 4905 1611 4950 matre
1635 4891 1782 4952 Jesu,

225 5015 261 5057 et
289 5023 392 5061 cum
419 5004 667 5078 fratribus
695 5002 805 5070 ejus
835 4997 1007 5066 (Joau.
1039 4995 1120 5050 19.
1152 4993 1265 5062 9.6).
1309 4989 1588 5058 Quomodo
1607 4994 1788 5078 autem

229 5096 401 5151 dictum
420 5073 535 5162 est,
581 5090 902 5160 discipulum
935 5102 1048 5140 eam
1097 5096 1221 5138 tunc
1262 5084 1314 5136 in
1364 5096 1457 5135 sua
1477 5073 1786 5146 recepisse?

230 5186 319 5241 Sed
368 5203 488 5242 ευιη
552 5187 932 5251 congregasset
981 5175 1097 5230 illos
1163 5173 1428 5232 Christus,
1484 5183 1606 5222 cum
1659 5163 1788 5233 ipsis

233 5278 400 5333 iterum
449 5279 538 5333 illa
593 5271 929 5329 versabatur.
985 5267 1046 5320 fit
1089 5282 1202 5318 cum
1247 5262 1491 5335 fratribus
1531 5261 1661 5327 ejus.
1716 5255 1788 5309 De

234 5367 284 5422 iis
326 5371 578 5441 loquitur,
619 5366 709 5436 qui
744 5366 887 5434 prius
937 5373 1040 5412 non
1079 5356 1367 5412 credebant
1407 5355 1458 5407 in
1503 5367 1645 5406 enin.
1698 5349 1785 5441 15.

233 5455 288 5510 Et
329 5439 603 5514 iis—diebus
647 5457 769 5514 illis,
817 5466 1025 5521 surgens
1097 5445 1278 5500 Petrus
1327 5446 1380 5497 in
1425 5443 1588 5497 medio
1633 5439 1785 5494 disci-

235 5549 447 5615 pulorum
497 5551 648 5604 dixit.
697 5545 895 5614 Utpote
943 5543 1176 5602 fervens,
1211 5537 1294 5591 cui
1333 5551 1462 5606 grex
1506 5551 1536 5588 a
1577 5533 1790 5586 Christo

254 5707 301 5774 ..¹
335 5706 477 5773 Πῶς,
500 5708 628 5760 alius
665 5702 884 5767 negavit,
919 5699 1098 5748 desunt
1136 5697 1187 5747 in
1231 5690 1518 5757 quibusdam
1542 5687 1790 5751 exempla-

237 5775 362 5810 rium-

253 5777 363 5822 titul.

1894 515 2019 585 facti
2045 524 2194 580 sunt,
2233 532 2347 570 cum
2386 517 2557 571 dicant
2583 535 2637 572 se
2659 535 2768 575 esse
2789 524 3040 591 sapientes
3076 524 3251 586 (Rom.
3282 527 3334 580 1.
3364 526 3476 594 2‘2),

1889 604 1942 658 Si
1986 621 2182 674 corpus
2214 608 2410 661 malum
2437 617 2553 673 est,
2596 610 2790 666 frustra
2819 612 2957 667 facta
2995 627 3120 670 sunt
3157 624 3336 672 omnia
3362 635 3481 689 quas

1888 699 2312 768 conspiciuntur,
2343 717 2500 772 aqua,
2525 711 2663 757 terra
2687 745 2703 767 ,
2729 705 2832 772 sol,
2863 721 2977 760 aer.
3005 708 3138 763 Nam
3167 721 3220 764 et
3246 727 3339 767 aer
3361 728 3482 766 cor-

1892 803 1990 855 pus
2013 797 2097 843 est
2114 790 2154 856 ‘,
2175 791 2382 845 etiamsi
2411 807 2516 846 non
2563 793 2786 848 densum
2805 804 2859 849 et
2897 798 3146 854 solidum.
3167 800 3477 870 Opportune

1889 894 2017 948 ergo
2061 879 2316 936 dicatur:
2369 881 2720 938 Narraveruut
2768 887 2892 939 milii
2938 889 3096 958 iniqui
3142 891 3481 959 fabulatioues

1891 968 2064 1040 (Psal.
2095 972 2216 1027 118.
2243 974 2358 1043 85).
2395 975 2590 1030 Verum
2617 978 2731 1032 huic
2759 995 2827 1033 ne
2855 981 3166 1048 toleremus,
3197 984 3293 1039 sed
3321 1001 3480 1041 aures

1888 1062 1957 1115 ab
1985 1063 2089 1117 illis
2124 1074 2449 1120 avertamus.
2497 1068 2592 1122 Est
2631 1071 2805 1134 enim,
2846 1081 2929 1126 est
2973 1074 3153 1144 utique
3191 1091 3477 1145 corporum

1889 1155 2233 1208 resurrectio.
2281 1155 2395 1212 Hoc
2440 1157 2678 1214 declarat
2730 1164 3038 1229 sepulcrum
3086 1165 3475 1238 Jerosolymis,

1890 1260 2100 1300 necnon
2127 1247 2351 1318 lignum,
2373 1251 2458 1304 cui
2481 1252 2578 1305 fuit
2604 1254 2873 1323 alligatus,
2910 1266 2964 1309 ut
2994 1256 3216 1327 ﬂagellis
3241 1260 3478 1315 czcdere-

1891 1343 1998 1388 tur.
2027 1334 2348 1393 Contedimus
2375 1341 2527 1403 enim,
2561 1342 2748 1411 inquit,
2777 1355 2823 1398 et
2845 1347 3056 1402 bibimus
3081 1366 3197 1402 cum
3220 1351 3310 1404 illo
3338 1349 3474 1422 (Act.

1889 1425 1977 1480 10.
2003 1426 2117 1495 41).
2144 1427 2445 1484 Credamus
2470 1446 2599 1501 ergo
2620 1438 3017 1504 resurrectioni,
3047 1449 3103 1496 et
3133 1457 3251 1510 qua:
3278 1442 3377 1496 hac
3396 1443 3479 1498 di-

1886 1530 1989 1583 gna
2021 1517 2128 1572 sint
2163 1535 2472 1588 npercmur,
2510 1534 2568 1578 ut
2597 1524 2770 1581 futura
2802 1543 3193 1600 consequamur
3216 1534 3352 1589 bona
3373 1576 3388 1600 ,
3423 1536 3475 1589 in

1887 1604 2100 1660 Christo
2123 1607 2254 1663 Jesu
2281 1610 2510 1667 Domino
2536 1626 2738 1680 nostro,
2771 1619 2986 1686 quicum
3015 1621 3157 1678 Patri
3181 1634 3235 1678 et
3256 1624 3474 1694 Spiritui

1886 1707 2075 1754 sancto
2103 1700 2295 1770 gloria,
2328 1704 2613 1774 imperium
2631 1750 2646 1772 ,
2677 1709 2870 1778 honor,
2906 1728 3048 1769 nunc
3076 1725 3131 1770 et
3159 1730 3390 1786 semper,
3419 1729 3476 1773 et

1886 1789 1940 1844 in
1971 1793 2164 1848 Saecula
2187 1795 2526 1851 saeculorum.
2563 1801 2758 1855 Amen.
2925 1812 2930 1815 '

1955 1943 2186 2026 litorei:
2206 1945 2418 2026 legit...
2442 1963 2586 2015 aqua,
2626 1960 2760 2004 terra
2777 1991 2792 2016 ,
2817 1955 2903 2016 sol,
2939 1957 3096 2010 homo.
3121 1970 3241 2013 Nam
3263 1970 3309 2014 et
3331 1965 3470 2015 homo

1883 2014 2059 2066 corpus
2074 2011 2145 2056 est
2164 2019 2186 2068 ,°
2206 2009 2354 2059 male.

1723 2191 3446 2226 _________________________________

1552 2263 1894 2329 HOMILIA
1941 2265 2050 2324 Ill.

1887 2413 2228 2471 concrcditus
2257 2428 2391 2486 erat,
2423 2430 2585 2493 atque
2618 2435 2675 2479 ιιι
2701 2427 2911 2498 primus
2941 2430 2992 2484 in
3021 2430 3210 2497 choro,
3264 2437 3468 2504 primus
3563 2439 3570 2445 ”

1884 2515 2097 2573 semper
2131 2521 2436 2566 sermonem
2483 2515 2692 2570 orditur
2725 2517 2878 2589 (Erat
2919 2532 3088 2576 autem
3127 2524 3274 2579 turba
3309 2529 3472 2580 homi-

1883 2600 2212 2655 uuut‘simul
2250 2601 2356 2670 fere
2397 2614 2594 2660 centum
2645 2609 2891 2679 viginti):
2939 2612 3028 2668 16.
3099 2613 3206 2668 Viri
3265 2621 3469 2687 fratres,

1885 2691 2145 2756 Oportebat
2200 2693 2405 2761 impleri
2463 2697 2786 2767 Scriptura»:
2832 2704 2985 2769 hanc,
3034 2723 3184 2773 quam
3237 2711 3474 2777 pra'dixit

1887 2779 2114 2848 Spiritus
2149 2793 2373 2837 sanctus.
2419 2785 2524 2840 Cur
2552 2805 2658 2842 non
2695 2792 2843 2845 solus
2873 2809 2902 2848 a
2941 2793 3156 2852 Christo
3207 2799 3378 2867 petiit,
3412 2810 3472 2854 ut

1888 2871 1988 2927 sibi
2036 2871 2192 2926 daret
2218 2872 2450 2942 aliquem
2487 2876 2538 2930 in
2591 2877 2766 2933 locum
2811 2881 3000 2938 Iudae?
3041 2899 3136 2939 cur
3188 2886 3315 2942 item
3360 2905 3467 2944 non

1891 2978 1987 3031 per
2028 2965 2235 3033 seipsos
2270 2964 2590 3023 eleCtinnem
2621 2968 2864 3026 faciunt?
2905 2971 3021 3028 Jam
3067 2975 3258 3032 Petrus
3296 2980 3476 3048 seipse

1891 3055 2080 3108 melior
2109 3056 2278 3112 ﬂictus
2304 3065 2439 3113 erat.
2476 3059 2565 3114 Sic
2594 3074 2724 3130 ergo
2749 3061 2816 3116 ad
2849 3064 3082 3132 priorem
3117 3071 3468 3136 quaestionem

1888 3151 2355 3220 respondendum:
2405 3169 2502 3210 cur
2539 3167 2719 3212 autem
2758 3175 2864 3214 non
2895 3161 3231 3230 simpliciter,
3264 3165 3358 3219 sed
3402 3181 3470 3220 ex

1886 3243 2214 3298 revelatione
2241 3245 2494 3302 choream
2525 3249 2737 3319 impleri
2770 3255 3111 3322 postularint,
3159 3256 3292 3311 duas
3339 3272 3468 3312 cau-

1884 3348 1973 3388 sas
1998 3334 2304 3391 afferentes.
2333 3337 2510 3392 Prima
2538 3350 2639 3404 est,
2673 3343 2815 3412 quod
2846 3346 2966 3399 aliis
2997 3346 3158 3400 rebus
3193 3347 3469 3402 incumbe-

1885 3437 2027 3493 rent;
2048 3430 2302 3496 secunda,
2325 3433 2466 3501 quod
2489 3433 2592 3489 hoc
2608 3436 2897 3490 maximum
2915 3446 3058 3492 esset
3075 3447 3470 3508 argumentmn,

1886 3519 2156 3574 Christum
2201 3523 2307 3577 illis
2349 3523 2559 3580 adesse.
2619 3525 2687 3581 Ut
2736 3527 2878 3581 enim
2923 3542 3159 3596 praesens
3206 3528 3466 3598 eligebat,

1889 3610 1958 3664 ita
2011 3621 2064 3666 et
2125 3613 2342 3667 absens.
2399 3614 2510 3669 Nec
2581 3630 2765 3685 parum
2811 3616 2864 3670 id
2916 3617 2984 3672 ad
3051 3620 3472 3675 consolationem

1888 3701 2216 3757 conferebat.
2266 3703 2401 3761 Vide
2441 3715 2620 3760 autem
2651 3708 2920 3776 quomodo
2947 3708 3138 3764 Petrus
3167 3713 3344 3764 omnia
3365 3773 3373 3782 ,
3395 3729 3461 3767 ex

1887 3793 2159 3848 communi
2216 3797 2481 3850 sententia
2508 3795 2688 3860 faciat.
2729 3797 2969 3868 nihilque
2991 3814 3114 3856 cum
3142 3802 3464 3859 auctoritate

1888 3886 1970 3941 vel
2011 3901 2130 3940 cum
2197 3886 2444 3956 imperio.
2509 3887 2693 3957 Neque
2742 3889 3056 3959 simpliciter
3101 3891 3266 3947 dixit:
3330 3892 3478 3949 Loco

1887 3977 2040 4032 .hulae
2073 3978 2213 4032 hunc
2260 3979 2524 4048 eligimus;
2573 3979 2666 4035 sed
2701 3982 2984 4036 consolans
3015 3981 3135 4036 illos
3182 3999 3344 4052 super
3381 3999 3472 4040 eo.

1887 4068 2028 4139 quod
2077 4068 2364 4133 acciderat,
2399 4070 2518 4124 vide
2557 4072 2825 4141 quomodo
2852 4087 3154 4127 sermonem
3188 4082 3468 4143 temperet.

1888 4159 2071 4230 Neque
2091 4161 2232 4216 enim
2253 4162 2456 4218 facinus
2478 4163 2605 4218 illud
2624 4179 2838 4233 parvam
2863 4163 2966 4217 illis
2982 4165 3471 4218 consternationem

1890 4251 2162 4316 attulerat;
2195 4261 2339 4307 etne
2370 4253 2600 4308 mireris.
2632 4254 2762 4307 Nam
2791 4254 2834 4308 si
2871 4253 2998 4308 illud
3031 4254 3295 4321 hodieque
3317 4252 3470 4306 multi

1893 4350 2131 4405 versant,
2173 4341 2301 4410 quid
2352 4352 2478 4396 tunc
2530 4343 2636 4394 illis
2680 4344 2943 4395 accidisse
2992 4342 3328 4411 putandum?
3365 4340 3476 4395 Viri

1893 4437 2096 4503 fratres,
2149 4431 2340 4500 inquit.
2389 4430 2445 4486 Si
2494 4431 2749 4485 Dominus
2781 4431 2902 4484 illos
2945 4432 3139 4485 fratres
3165 4432 3473 4500 appellavit,

1895 4526 2061 4579 multo
2109 4525 2276 4594 magis
2325 4521 2442 4578 hic:
2494 4522 2614 4578 ideo
2663 4522 3018 4592 przcsentibus
3073 4524 3343 4589 omnibus,
3399 4526 3476 4580 sic

1893 4621 2012 4674 illos
2037 4617 2248 4673 affatur.
2293 4617 2432 4673 Ecce
2476 4616 2728 4672 Ecclesiae
2755 4615 3066 4684 dignitatem
3096 4623 3150 4670 et
3177 4616 3472 4686 angelicum

1892 4723 2109 4773 statum,
2153 4712 2340 4767 Nullus
2389 4720 2506 4766 erat
2539 4709 2610 4766 ibi
2638 4709 2706 4765 ab
2743 4709 2860 4764 aliis
2904 4709 3165 4775 divulsus,
3199 4725 3304 4764 non
3337 4725 3472 4777 mas,

1891 4822 1996 4860 non
2028 4805 2242 4860 femina.
2301 4804 2456 4859 Tales
2484 4819 2625 4858 nunc
2668 4803 2828 4856 etiam
2886 4800 3151 4856 Ecclesias
3177 4815 3296 4856 esse
3327 4801 3472 4855 volo.

1889 4899 2057 4954 Nemo
2101 4898 2169 4952 ibi
2217 4898 2470 4952 smculare
2513 4895 2784 4965 quidpiam
2820 4894 3080 4959 curabat;
3130 4894 3307 4947 nullus
3355 4905 3473 4946 erat

1890 4991 1956 5046 de
2013 5007 2072 5046 re
2115 4989 2407 5044 domestica
2454 4987 2735 5041 sollicitus.
2788 4985 3014 5039 Tantum
3072 4983 3197 5039 boni
3245 4981 3474 5037 afferunt

1893 5085 2233 5148 tentationes,
2295 5089 2500 5135 tantum
2569 5094 2840 5134 :crumma:
2888 5079 3116 5132 lucrum.
3195 5074 3474 5145 Oportebat

1891 5177 2094 5246 impleri
2163 5176 2482 5244 Scripturam
2532 5173 2679 5235 hanc,
2727 5185 2878 5236 quam
2940 5168 3172 5238 prtedixit
3249 5163 3475 5232 Spiritus

1893 5279 2117 5324 sanctus.
2147 5267 2372 5336 Semper
2423 5265 2730 5321 consolatur
2778 5277 2872 5318 eos
2916 5277 2944 5314 a
2976 5258 3340 5330 praedictione.
3385 5252 3475 5309 Sic

1895 5363 2053 5418 etiam
2105 5359 2347 5415 Christus
2392 5356 2590 5427 ubique
2619 5355 2763 5409 facit.
2827 5352 3135 5418 Eodemque
3184 5345 3344 5401 modo
3388 5347 3473 5401 hic

1895 5453 2130 5510 ostendit
2167 5450 2299 5505 nihil
2337 5448 2656 5519 stupendum
2689 5443 2968 5507 accidisse,
3025 5440 3116 5495 sed
3170 5437 3310 5506 quod
3360 5438 3472 5507 jam

1897 5545 2206 5619 prscdictum
2255 5541 2446 5595 fuerat.
2493 5539 2785 5608 Oportebat,
2836 5533 3025 5601 inquit,
3076 5529 3276 5599 impleri
3332 5529 3477 5585 Scri-

1896 5651 2098 5712 pturam
2145 5634 2298 5698 hanc,
2325 5647 2476 5702 quam
2515 5627 2749 5699 praedixit
2791 5621 3015 5692 Spiritus
3056 5630 3260 5675 sanctus
3305 5635 3390 5690 per
3417 5637 3476 5675 os

1903 5711 2083 5786 David.
2115 5727 2230 5785 Non
2270 5731 2380 5778 ait:
2411 5720 2576 5776 David
2607 5719 2763 5781 dixit,
2807 5711 2924 5779 sed,
2951 5712 3179 5783 Spiritus
3204 5727 3301 5783 per
3327 5729 3472 5771 cuin.
