  <div class='ocr_page' id='page_1' title='image "/cluster/home/n/w/nwhite01/storage/ocr_20150623/60/mdp.39015028539453/039.png"; bbox 0 0 3976 6144; ppageno 0'>
   <div class='ocr_carea' id='block_1_1' title="bbox 472 273 3748 354">
    <p class='ocr_par' dir='ltr' id='par_1_1' title="bbox 472 273 3748 354">
     <span class='ocr_line' id='line_1_1' title="bbox 472 273 3748 354; baseline -0.009 0"><span class='ocrx_word' id='word_1_1' title='bbox 472 297 543 354; x_wconf 77' lang='lat'><strong>55</strong></span> <span class='ocrx_word' id='word_1_2' title='bbox 1147 286 1206 341; x_wconf 89' lang='lat' dir='ltr'><strong>s.</strong></span> <span class='ocrx_word' id='word_1_3' title='bbox 1243 281 1528 341; x_wconf 82' lang='lat' dir='ltr'><strong>JOANNIS</strong></span> <span class='ocrx_word' id='word_1_4' title='bbox 1561 273 2049 335; x_wconf 81' lang='lat' dir='ltr'><strong>CllRYSOSTOMI</strong></span> <span class='ocrx_word' id='word_1_5' title='bbox 2090 280 2406 336; x_wconf 78' lang='lat' dir='ltr'><strong>ARCltlEP.</strong></span> <span class='ocrx_word' id='word_1_6' title='bbox 2447 279 2981 338; x_wconf 65' lang='lat' dir='ltr'><strong>coxsranrmor.</strong></span> <span class='ocrx_word' id='word_1_7' title='bbox 3677 289 3748 344; x_wconf 64' lang='grc' dir='ltr'><strong>εδ</strong></span> 
     </span>
    </p>
   </div>
   <div class='ocr_carea' id='block_1_2' title="bbox 474 393 2046 468">
    <p class='ocr_par' dir='ltr' id='par_1_2' title="bbox 474 393 2046 468">
     <span class='ocr_line' id='line_1_2' title="bbox 474 393 2046 468; baseline -0.013 -3"><span class='ocrx_word' id='word_1_8' title='bbox 474 412 602 467; x_wconf 84' lang='lat' dir='ltr'><strong>vide</strong></span> <span class='ocrx_word' id='word_1_9' title='bbox 624 407 808 466; x_wconf 86' lang='lat' dir='ltr'><strong>statim</strong></span> <span class='ocrx_word' id='word_1_10' title='bbox 834 405 889 461; x_wconf 90' lang='lat' dir='ltr'><strong>in</strong></span> <span class='ocrx_word' id='word_1_11' title='bbox 933 401 1160 461; x_wconf 77' lang='lat' dir='ltr'><strong>exordio</strong></span> <span class='ocrx_word' id='word_1_12' title='bbox 1201 399 1353 466; x_wconf 86' lang='lat' dir='ltr'><strong>libri,</strong></span> <span class='ocrx_word' id='word_1_13' title='bbox 1384 414 1492 468; x_wconf 91' lang='lat' dir='ltr'><strong>qua</strong></span> <span class='ocrx_word' id='word_1_14' title='bbox 1541 405 1727 451; x_wconf 90' lang='lat' dir='ltr'><strong>utatur</strong></span> <span class='ocrx_word' id='word_1_15' title='bbox 1774 393 2046 448; x_wconf 74' lang='lat' dir='ltr'><strong>doctrina.</strong></span> 
     </span>
    </p>
   </div>
   <div class='ocr_carea' id='block_1_3' title="bbox 475 485 2054 558">
    <p class='ocr_par' dir='ltr' id='par_1_3' title="bbox 475 485 2054 558">
     <span class='ocr_line' id='line_1_3' title="bbox 475 485 2054 558; baseline -0.011 0"><span class='ocrx_word' id='word_1_16' title='bbox 475 502 672 558; x_wconf 83' lang='lat' dir='ltr'><strong>Cernis</strong></span> <span class='ocrx_word' id='word_1_17' title='bbox 702 515 832 555; x_wconf 88' lang='lat' dir='ltr'><strong>vero</strong></span> <span class='ocrx_word' id='word_1_18' title='bbox 863 512 949 551; x_wconf 90' lang='lat' dir='ltr'><strong>me</strong></span> <span class='ocrx_word' id='word_1_19' title='bbox 983 511 1090 550; x_wconf 92' lang='lat' dir='ltr'><strong>non</strong></span> <span class='ocrx_word' id='word_1_20' title='bbox 1123 493 1243 548; x_wconf 88' lang='lat' dir='ltr'><strong>sine</strong></span> <span class='ocrx_word' id='word_1_21' title='bbox 1273 505 1440 546; x_wconf 89' lang='lat' dir='ltr'><strong>causa</strong></span> <span class='ocrx_word' id='word_1_22' title='bbox 1477 489 1530 542; x_wconf 91' lang='lat' dir='ltr'><strong>in</strong></span> <span class='ocrx_word' id='word_1_23' title='bbox 1558 487 1829 557; x_wconf 88' lang='lat' dir='ltr'><strong>principio</strong></span> <span class='ocrx_word' id='word_1_24' title='bbox 1869 485 2054 554; x_wconf 88' lang='lat' dir='ltr'><strong>operis</strong></span> 
     </span>
    </p>
   </div>
   <div class='ocr_carea' id='block_1_4' title="bbox 477 577 2042 656">
    <p class='ocr_par' dir='ltr' id='par_1_4' title="bbox 477 577 2042 656">
     <span class='ocr_line' id='line_1_4' title="bbox 477 577 2042 656; baseline -0.014 -7"><span class='ocrx_word' id='word_1_25' title='bbox 477 593 705 656; x_wconf 84' lang='lat' dir='ltr'><strong>dixisse,</strong></span> <span class='ocrx_word' id='word_1_26' title='bbox 741 591 890 644; x_wconf 89' lang='lat' dir='ltr'><strong>hunc</strong></span> <span class='ocrx_word' id='word_1_27' title='bbox 922 588 1120 642; x_wconf 89' lang='lat' dir='ltr'><strong>librmn</strong></span> <span class='ocrx_word' id='word_1_28' title='bbox 1149 598 1273 639; x_wconf 90' lang='lat' dir='ltr'><strong>esse</strong></span> <span class='ocrx_word' id='word_1_29' title='bbox 1321 582 1560 651; x_wconf 74' lang='lat' dir='ltr'><strong>Spiritus</strong></span> <span class='ocrx_word' id='word_1_30' title='bbox 1603 578 1778 635; x_wconf 86' lang='lat' dir='ltr'><strong>sancti</strong></span> <span class='ocrx_word' id='word_1_31' title='bbox 1831 577 2042 630; x_wconf 88' lang='lat' dir='ltr'><strong>institu-</strong></span> 
     </span>
    </p>
   </div>
   <div class='ocr_carea' id='block_1_5' title="bbox 477 674 2056 752">
    <p class='ocr_par' dir='ltr' id='par_1_5' title="bbox 477 674 2056 752">
     <span class='ocr_line' id='line_1_5' title="bbox 477 674 2056 752; baseline -0.012 -13"><span class='ocrx_word' id='word_1_32' title='bbox 477 696 614 739; x_wconf 92' lang='lat' dir='ltr'><strong>tum.</strong></span> <span class='ocrx_word' id='word_1_33' title='bbox 638 685 814 751; x_wconf 83' lang='lat' dir='ltr'><strong>Quam</strong></span> <span class='ocrx_word' id='word_1_34' title='bbox 842 681 1109 752; x_wconf 77' lang='lat' dir='ltr'><strong>prwdirit,</strong></span> <span class='ocrx_word' id='word_1_35' title='bbox 1141 677 1340 748; x_wconf 90' lang='lat' dir='ltr'><strong>inquit,</strong></span> <span class='ocrx_word' id='word_1_36' title='bbox 1378 674 1611 744; x_wconf 84' lang='lat' dir='ltr'><strong>Spiritus</strong></span> <span class='ocrx_word' id='word_1_37' title='bbox 1636 680 1852 724; x_wconf 85' lang='lat' dir='ltr'><strong>sanctus</strong></span> <span class='ocrx_word' id='word_1_38' title='bbox 1879 683 1972 735; x_wconf 86' lang='lat' dir='ltr'><strong>per</strong></span> <span class='ocrx_word' id='word_1_39' title='bbox 1999 683 2056 721; x_wconf 91' lang='lat' dir='ltr'><strong>os</strong></span> 
     </span>
    </p>
   </div>
   <div class='ocr_carea' id='block_1_6' title="bbox 478 762 2060 841">
    <p class='ocr_par' dir='ltr' id='par_1_6' title="bbox 478 762 2060 841">
     <span class='ocr_line' id='line_1_6' title="bbox 478 762 2060 841; baseline -0.009 -11"><span class='ocrx_word' id='word_1_40' title='bbox 478 777 670 831; x_wconf 86' lang='lat' dir='ltr'><strong>David.</strong></span> <span class='ocrx_word' id='word_1_41' title='bbox 699 776 1104 838; x_wconf 80' lang='lat' dir='ltr'><strong>Animadverte,</strong></span> <span class='ocrx_word' id='word_1_42' title='bbox 1158 769 1438 841; x_wconf 90' lang='lat' dir='ltr'><strong>quomodo</strong></span> <span class='ocrx_word' id='word_1_43' title='bbox 1465 767 1786 838; x_wconf 83' lang='lat' dir='ltr'><strong>prephetam</strong></span> <span class='ocrx_word' id='word_1_44' title='bbox 1823 762 1929 819; x_wconf 86' lang='lat' dir='ltr'><strong>sibi</strong></span> <span class='ocrx_word' id='word_1_45' title='bbox 1967 777 2060 817; x_wconf 85' lang='lat' dir='ltr'><strong>ac-</strong></span> 
     </span>
    </p>
   </div>
   <div class='ocr_carea' id='block_1_7' title="bbox 474 851 2057 924">
    <p class='ocr_par' dir='ltr' id='par_1_7' title="bbox 474 851 2057 924">
     <span class='ocr_line' id='line_1_7' title="bbox 474 851 2057 924; baseline -0.006 -13"><span class='ocrx_word' id='word_1_46' title='bbox 474 856 806 921; x_wconf 85' lang='lat' dir='ltr'><strong>commodet,</strong></span> <span class='ocrx_word' id='word_1_47' title='bbox 859 857 1136 924; x_wconf 89' lang='lat' dir='ltr'><strong>ipsumque</strong></span> <span class='ocrx_word' id='word_1_48' title='bbox 1183 855 1236 908; x_wconf 90' lang='lat' dir='ltr'><strong>in</strong></span> <span class='ocrx_word' id='word_1_49' title='bbox 1281 853 1512 907; x_wconf 88' lang='lat' dir='ltr'><strong>medium</strong></span> <span class='ocrx_word' id='word_1_50' title='bbox 1562 851 1824 914; x_wconf 75' lang='lat' dir='ltr'><strong>adducat;</strong></span> <span class='ocrx_word' id='word_1_51' title='bbox 1881 851 2057 904; x_wconf 88' lang='lat' dir='ltr'><strong>sciens</strong></span> 
     </span>
    </p>
   </div>
   <div class='ocr_carea' id='block_1_8' title="bbox 475 940 2057 1016">
    <p class='ocr_par' dir='ltr' id='par_1_8' title="bbox 475 940 2057 1016">
     <span class='ocr_line' id='line_1_8' title="bbox 475 940 2057 1016; baseline -0.006 -14"><span class='ocrx_word' id='word_1_52' title='bbox 475 948 605 1016; x_wconf 87' lang='lat' dir='ltr'><strong>ipsis</strong></span> <span class='ocrx_word' id='word_1_53' title='bbox 617 947 745 1001; x_wconf 86' lang='lat' dir='ltr'><strong>utile</strong></span> <span class='ocrx_word' id='word_1_54' title='bbox 765 948 899 1009; x_wconf 74' lang='lat' dir='ltr'><strong>fore,</strong></span> <span class='ocrx_word' id='word_1_55' title='bbox 919 946 1058 1015; x_wconf 90' lang='lat' dir='ltr'><strong>quod</strong></span> <span class='ocrx_word' id='word_1_56' title='bbox 1081 945 1196 1000; x_wconf 74' lang='lat' dir='ltr'><strong>lucc</strong></span> <span class='ocrx_word' id='word_1_57' title='bbox 1211 961 1242 999; x_wconf 92' lang='lat' dir='ltr'><strong>a</strong></span> <span class='ocrx_word' id='word_1_58' title='bbox 1261 944 1475 1008; x_wconf 78' lang='lat' dir='ltr'><strong>Davido,</strong></span> <span class='ocrx_word' id='word_1_59' title='bbox 1493 958 1597 996; x_wconf 90' lang='lat' dir='ltr'><strong>non</strong></span> <span class='ocrx_word' id='word_1_60' title='bbox 1619 943 1688 997; x_wconf 90' lang='lat' dir='ltr'><strong>ab</strong></span> <span class='ocrx_word' id='word_1_61' title='bbox 1704 942 1810 996; x_wconf 90' lang='lat' dir='ltr'><strong>alio</strong></span> <span class='ocrx_word' id='word_1_62' title='bbox 1823 940 2057 1011; x_wconf 82' lang='lat' dir='ltr'><strong>prophe-</strong></span> 
     </span>
    </p>
   </div>
   <div class='ocr_carea' id='block_1_9' title="bbox 478 1033 2056 1106">
    <p class='ocr_par' dir='ltr' id='par_1_9' title="bbox 478 1033 2056 1106">
     <span class='ocr_line' id='line_1_9' title="bbox 478 1033 2056 1106; baseline -0.004 -15"><span class='ocrx_word' id='word_1_63' title='bbox 478 1048 527 1091; x_wconf 90' lang='lat' dir='ltr'><strong>ta</strong></span> <span class='ocrx_word' id='word_1_64' title='bbox 545 1038 684 1091; x_wconf 87' lang='lat' dir='ltr'><strong>dicta</strong></span> <span class='ocrx_word' id='word_1_65' title='bbox 700 1040 825 1092; x_wconf 92' lang='lat' dir='ltr'><strong>sint.</strong></span> <span class='ocrx_word' id='word_1_66' title='bbox 858 1036 932 1089; x_wconf 86' lang='lat' dir='ltr'><strong>De</strong></span> <span class='ocrx_word' id='word_1_67' title='bbox 954 1036 1116 1101; x_wconf 90' lang='lat' dir='ltr'><strong>Juda,</strong></span> <span class='ocrx_word' id='word_1_68' title='bbox 1141 1037 1331 1106; x_wconf 84' lang='lat' dir='ltr'><strong>inquit,</strong></span> <span class='ocrx_word' id='word_1_69' title='bbox 1346 1037 1430 1099; x_wconf 97' lang='lat' dir='ltr'><strong>qui</strong></span> <span class='ocrx_word' id='word_1_70' title='bbox 1447 1037 1543 1106; x_wconf 79' lang='lat' dir='ltr'><strong>fuit</strong></span> <span class='ocrx_word' id='word_1_71' title='bbox 1563 1035 1688 1088; x_wconf 75' lang='lat' dir='ltr'><strong>dux.</strong></span> <span class='ocrx_word' id='word_1_72' title='bbox 1709 1033 1807 1087; x_wconf 83' lang='lat' dir='ltr'><strong>Hic</strong></span> <span class='ocrx_word' id='word_1_73' title='bbox 1824 1047 2056 1102; x_wconf 88' lang='lat' dir='ltr'><strong>perpen-</strong></span> 
     </span>
    </p>
   </div>
   <div class='ocr_carea' id='block_1_10' title="bbox 478 1122 2056 1197">
    <p class='ocr_par' dir='ltr' id='par_1_10' title="bbox 478 1122 2056 1197">
     <span class='ocr_line' id='line_1_10' title="bbox 478 1122 2056 1197; baseline -0.005 -15"><span class='ocrx_word' id='word_1_74' title='bbox 478 1126 546 1182; x_wconf 87' lang='lat' dir='ltr'><strong>de</strong></span> <span class='ocrx_word' id='word_1_75' title='bbox 588 1128 686 1181; x_wconf 86' lang='lat' dir='ltr'><strong>viri</strong></span> <span class='ocrx_word' id='word_1_76' title='bbox 733 1127 1140 1197; x_wconf 65' lang='lat' dir='ltr'><strong>philosophiam.</strong></span> <span class='ocrx_word' id='word_1_77' title='bbox 1169 1126 1284 1180; x_wconf 85' lang='lat' dir='ltr'><strong>Non</strong></span> <span class='ocrx_word' id='word_1_78' title='bbox 1336 1124 1713 1180; x_wconf 82' lang='lat' dir='ltr'><strong>contumeliam</strong></span> <span class='ocrx_word' id='word_1_79' title='bbox 1753 1122 1901 1188; x_wconf 86' lang='lat' dir='ltr'><strong>dicit,</strong></span> <span class='ocrx_word' id='word_1_80' title='bbox 1951 1137 2056 1174; x_wconf 92' lang='lat' dir='ltr'><strong>non</strong></span> 
     </span>
    </p>
   </div>
   <div class='ocr_carea' id='block_1_11' title="bbox 479 1213 2057 1283">
    <p class='ocr_par' dir='ltr' id='par_1_11' title="bbox 479 1213 2057 1283">
     <span class='ocr_line' id='line_1_11' title="bbox 479 1213 2057 1283; baseline -0.004 -9"><span class='ocrx_word' id='word_1_81' title='bbox 479 1220 720 1283; x_wconf 88' lang='lat' dir='ltr'><strong>insultat,</strong></span> <span class='ocrx_word' id='word_1_82' title='bbox 757 1234 858 1273; x_wconf 91' lang='lat' dir='ltr'><strong>nec</strong></span> <span class='ocrx_word' id='word_1_83' title='bbox 895 1229 1051 1274; x_wconf 85' lang='lat' dir='ltr'><strong>vocat</strong></span> <span class='ocrx_word' id='word_1_84' title='bbox 1089 1219 1372 1273; x_wconf 89' lang='lat' dir='ltr'><strong>seelestmn</strong></span> <span class='ocrx_word' id='word_1_85' title='bbox 1410 1227 1498 1270; x_wconf 89' lang='lat' dir='ltr'><strong>aut</strong></span> <span class='ocrx_word' id='word_1_86' title='bbox 1522 1215 1928 1276; x_wconf 79' lang='lat' dir='ltr'><strong>exsecrandum;</strong></span> <span class='ocrx_word' id='word_1_87' title='bbox 1963 1213 2057 1268; x_wconf 88' lang='lat' dir='ltr'><strong>sed</strong></span> 
     </span>
    </p>
   </div>
   <div class='ocr_carea' id='block_1_12' title="bbox 475 1299 2094 1379">
    <p class='ocr_par' dir='ltr' id='par_1_12' title="bbox 475 1299 2094 1379">
     <span class='ocr_line' id='line_1_12' title="bbox 475 1299 2094 1379; baseline -0.001 -15"><span class='ocrx_word' id='word_1_88' title='bbox 475 1327 590 1365; x_wconf 89' lang='lat' dir='ltr'><strong>rem</strong></span> <span class='ocrx_word' id='word_1_89' title='bbox 611 1311 923 1379; x_wconf 88' lang='lat' dir='ltr'><strong>simpliciter</strong></span> <span class='ocrx_word' id='word_1_90' title='bbox 941 1319 1141 1374; x_wconf 89' lang='lat' dir='ltr'><strong>narrat,</strong></span> <span class='ocrx_word' id='word_1_91' title='bbox 1167 1325 1264 1363; x_wconf 88' lang='lat' dir='ltr'><strong>nec</strong></span> <span class='ocrx_word' id='word_1_92' title='bbox 1283 1320 1434 1362; x_wconf 86' lang='lat' dir='ltr'><strong>vocat</strong></span> <span class='ocrx_word' id='word_1_93' title='bbox 1451 1323 1571 1361; x_wconf 90' lang='lat' dir='ltr'><strong>eum</strong></span> <span class='ocrx_word' id='word_1_94' title='bbox 1593 1307 1938 1376; x_wconf 88' lang='lat' dir='ltr'><strong>proditorem;</strong></span> <span class='ocrx_word' id='word_1_95' title='bbox 1963 1307 2054 1362; x_wconf 87' lang='lat' dir='ltr'><strong>sed</strong></span> <span class='ocrx_word' id='word_1_96' title='bbox 2086 1299 2094 1305; x_wconf 73' lang='grc'><strong>’</strong></span> 
     </span>
    </p>
   </div>
   <div class='ocr_carea' id='block_1_13' title="bbox 475 1400 2055 1470">
    <p class='ocr_par' dir='ltr' id='par_1_13' title="bbox 475 1400 2055 1470">
     <span class='ocr_line' id='line_1_13' title="bbox 475 1400 2055 1470; baseline -0.003 -15"><span class='ocrx_word' id='word_1_97' title='bbox 475 1404 526 1456; x_wconf 92' lang='lat' dir='ltr'><strong>in</strong></span> <span class='ocrx_word' id='word_1_98' title='bbox 555 1403 690 1455; x_wconf 83' lang='lat' dir='ltr'><strong>alios</strong></span> <span class='ocrx_word' id='word_1_99' title='bbox 711 1405 912 1456; x_wconf 82' lang='lat' dir='ltr'><strong>crimen</strong></span> <span class='ocrx_word' id='word_1_100' title='bbox 940 1403 1218 1470; x_wconf 89' lang='lat' dir='ltr'><strong>detorquet</strong></span> <span class='ocrx_word' id='word_1_101' title='bbox 1247 1409 1500 1468; x_wconf 90' lang='lat' dir='ltr'><strong>quantum</strong></span> <span class='ocrx_word' id='word_1_102' title='bbox 1547 1407 1741 1467; x_wconf 86' lang='lat' dir='ltr'><strong>potest.</strong></span> <span class='ocrx_word' id='word_1_103' title='bbox 1776 1400 1852 1451; x_wconf 85' lang='lat' dir='ltr'><strong>Ac</strong></span> <span class='ocrx_word' id='word_1_104' title='bbox 1881 1413 2055 1466; x_wconf 87' lang='lat' dir='ltr'><strong>neque</strong></span> 
     </span>
    </p>
   </div>
   <div class='ocr_carea' id='block_1_14' title="bbox 475 1491 2052 1562">
    <p class='ocr_par' dir='ltr' id='par_1_14' title="bbox 475 1491 2052 1562">
     <span class='ocr_line' id='line_1_14' title="bbox 475 1491 2052 1562; baseline -0.004 -14"><span class='ocrx_word' id='word_1_105' title='bbox 475 1494 592 1548; x_wconf 91' lang='lat' dir='ltr'><strong>illos</strong></span> <span class='ocrx_word' id='word_1_106' title='bbox 612 1495 958 1549; x_wconf 84' lang='lat' dir='ltr'><strong>vehementer</strong></span> <span class='ocrx_word' id='word_1_107' title='bbox 976 1493 1226 1562; x_wconf 80' lang='lat' dir='ltr'><strong>exagitat.</strong></span> <span class='ocrx_word' id='word_1_108' title='bbox 1248 1491 1346 1558; x_wconf 83' lang='lat' dir='ltr'><strong>Qui</strong></span> <span class='ocrx_word' id='word_1_109' title='bbox 1377 1492 1489 1556; x_wconf 79' lang='lat' dir='ltr'><strong>ruit,</strong></span> <span class='ocrx_word' id='word_1_110' title='bbox 1513 1491 1701 1560; x_wconf 84' lang='lat' dir='ltr'><strong>inquit,</strong></span> <span class='ocrx_word' id='word_1_111' title='bbox 1725 1491 1832 1543; x_wconf 80' lang='lat' dir='ltr'><strong>dua:</strong></span> <span class='ocrx_word' id='word_1_112' title='bbox 1860 1505 2052 1556; x_wconf 86' lang='lat' dir='ltr'><strong>eorum,</strong></span> 
     </span>
    </p>
   </div>
   <div class='ocr_carea' id='block_1_15' title="bbox 473 1579 2056 1654">
    <p class='ocr_par' dir='ltr' id='par_1_15' title="bbox 473 1579 2056 1654">
     <span class='ocr_line' id='line_1_15' title="bbox 473 1579 2056 1654; baseline -0.003 -18"><span class='ocrx_word' id='word_1_113' title='bbox 473 1585 558 1654; x_wconf 85' lang='lat' dir='ltr'><strong>qui</strong></span> <span class='ocrx_word' id='word_1_114' title='bbox 587 1584 1065 1653; x_wconf 84' lang='lat' dir='ltr'><strong>comprehenderunt</strong></span> <span class='ocrx_word' id='word_1_115' title='bbox 1090 1581 1286 1635; x_wconf 88' lang='lat' dir='ltr'><strong>Jesum.</strong></span> <span class='ocrx_word' id='word_1_116' title='bbox 1313 1584 1389 1634; x_wconf 87' lang='lat' dir='ltr'><strong>Ac</strong></span> <span class='ocrx_word' id='word_1_117' title='bbox 1420 1583 1725 1650; x_wconf 89' lang='lat' dir='ltr'><strong>priusquam</strong></span> <span class='ocrx_word' id='word_1_118' title='bbox 1749 1580 1911 1646; x_wconf 87' lang='lat' dir='ltr'><strong>dicat,</strong></span> <span class='ocrx_word' id='word_1_119' title='bbox 1964 1579 2056 1634; x_wconf 90' lang='lat' dir='ltr'><strong>ubi</strong></span> 
     </span>
    </p>
   </div>
   <div class='ocr_carea' id='block_1_16' title="bbox 476 1670 2056 1745">
    <p class='ocr_par' dir='ltr' id='par_1_16' title="bbox 476 1670 2056 1745">
     <span class='ocr_line' id='line_1_16' title="bbox 476 1670 2056 1745; baseline -0.003 -17"><span class='ocrx_word' id='word_1_120' title='bbox 476 1677 575 1730; x_wconf 90' lang='lat' dir='ltr'><strong>hoc</strong></span> <span class='ocrx_word' id='word_1_121' title='bbox 597 1677 903 1745; x_wconf 79' lang='lat' dir='ltr'><strong>praedixerit</strong></span> <span class='ocrx_word' id='word_1_122' title='bbox 934 1673 1116 1738; x_wconf 81' lang='lat' dir='ltr'><strong>David,</strong></span> <span class='ocrx_word' id='word_1_123' title='bbox 1138 1681 1451 1740; x_wconf 74' lang='lat' dir='ltr'><strong>narratqua:</strong></span> <span class='ocrx_word' id='word_1_124' title='bbox 1473 1672 1657 1726; x_wconf 83' lang='lat' dir='ltr'><strong>fecerit</strong></span> <span class='ocrx_word' id='word_1_125' title='bbox 1674 1670 1857 1734; x_wconf 88' lang='lat' dir='ltr'><strong>Judas,</strong></span> <span class='ocrx_word' id='word_1_126' title='bbox 1895 1678 1952 1723; x_wconf 92' lang='lat' dir='ltr'><strong>ut</strong></span> <span class='ocrx_word' id='word_1_127' title='bbox 1989 1685 2056 1723; x_wconf 76' lang='lat' dir='ltr'><strong>ex</strong></span> 
     </span>
    </p>
   </div>
   <div class='ocr_carea' id='block_1_17' title="bbox 477 1759 2053 1834">
    <p class='ocr_par' dir='ltr' id='par_1_17' title="bbox 477 1759 2053 1834">
     <span class='ocr_line' id='line_1_17' title="bbox 477 1759 2053 1834; baseline -0.004 -15"><span class='ocrx_word' id='word_1_128' title='bbox 477 1765 826 1834; x_wconf 72' lang='lat' dir='ltr'><strong>praesentibus</strong></span> <span class='ocrx_word' id='word_1_129' title='bbox 865 1763 1040 1818; x_wconf 75' lang='lat' dir='ltr'><strong>futura</strong></span> <span class='ocrx_word' id='word_1_130' title='bbox 1084 1761 1311 1826; x_wconf 88' lang='lat' dir='ltr'><strong>indicet,</strong></span> <span class='ocrx_word' id='word_1_131' title='bbox 1361 1761 1712 1829; x_wconf 87' lang='lat' dir='ltr'><strong>ostendatque</strong></span> <span class='ocrx_word' id='word_1_132' title='bbox 1748 1761 1920 1830; x_wconf 88' lang='lat' dir='ltr'><strong>ipsum</strong></span> <span class='ocrx_word' id='word_1_133' title='bbox 1945 1759 2053 1828; x_wconf 88' lang='lat' dir='ltr'><strong>jam</strong></span> 
     </span>
    </p>
   </div>
   <div class='ocr_carea' id='block_1_18' title="bbox 474 1850 2049 1925">
    <p class='ocr_par' dir='ltr' id='par_1_18' title="bbox 474 1850 2049 1925">
     <span class='ocr_line' id='line_1_18' title="bbox 474 1850 2049 1925; baseline -0.006 -15"><span class='ocrx_word' id='word_1_134' title='bbox 474 1870 660 1925; x_wconf 69' lang='lat' dir='ltr'><strong>pinnas</strong></span> <span class='ocrx_word' id='word_1_135' title='bbox 699 1854 931 1909; x_wconf 85' lang='lat' dir='ltr'><strong>dedisse.</strong></span> <span class='ocrx_word' id='word_1_136' title='bbox 961 1854 1048 1907; x_wconf 76' lang='lat' dir='ltr'><strong>l7.</strong></span> <span class='ocrx_word' id='word_1_137' title='bbox 1091 1852 1190 1918; x_wconf 83' lang='lat' dir='ltr'><strong>Qui</strong></span> <span class='ocrx_word' id='word_1_138' title='bbox 1228 1861 1614 1905; x_wconf 87' lang='lat' dir='ltr'><strong>conuumeratus</strong></span> <span class='ocrx_word' id='word_1_139' title='bbox 1643 1859 1749 1903; x_wconf 84' lang='lat' dir='ltr'><strong>erat</strong></span> <span class='ocrx_word' id='word_1_140' title='bbox 1788 1851 1839 1902; x_wconf 87' lang='lat' dir='ltr'><strong>in</strong></span> <span class='ocrx_word' id='word_1_141' title='bbox 1881 1850 2049 1914; x_wconf 88' lang='lat' dir='ltr'><strong>nobis,</strong></span> 
     </span>
    </p>
   </div>
   <div class='ocr_carea' id='block_1_19' title="bbox 471 1939 2052 2010">
    <p class='ocr_par' dir='ltr' id='par_1_19' title="bbox 471 1939 2052 2010">
     <span class='ocr_line' id='line_1_19' title="bbox 471 1939 2052 2010; baseline -0.006 -10"><span class='ocrx_word' id='word_1_142' title='bbox 471 1955 516 2000; x_wconf 78' lang='lat' dir='ltr'><strong>et</strong></span> <span class='ocrx_word' id='word_1_143' title='bbox 539 1947 742 2000; x_wconf 84' lang='lat' dir='ltr'><strong>sortitus</strong></span> <span class='ocrx_word' id='word_1_144' title='bbox 766 1955 836 1998; x_wconf 89' lang='lat' dir='ltr'><strong>est</strong></span> <span class='ocrx_word' id='word_1_145' title='bbox 857 1953 1038 1997; x_wconf 80' lang='lat' dir='ltr'><strong>sortem</strong></span> <span class='ocrx_word' id='word_1_146' title='bbox 1060 1942 1322 1995; x_wconf 76' lang='lat' dir='ltr'><strong>ministerii</strong></span> <span class='ocrx_word' id='word_1_147' title='bbox 1352 1942 1521 2010; x_wconf 82' lang='lat' dir='ltr'><strong>hujus.</strong></span> <span class='ocrx_word' id='word_1_148' title='bbox 1545 1941 1634 1995; x_wconf 78' lang='grc'><strong>18.</strong></span> <span class='ocrx_word' id='word_1_149' title='bbox 1669 1939 1731 1992; x_wconf 82' lang='lat' dir='ltr'><strong>Et</strong></span> <span class='ocrx_word' id='word_1_150' title='bbox 1755 1940 1835 1992; x_wconf 84' lang='lat' dir='ltr'><strong>hic</strong></span> <span class='ocrx_word' id='word_1_151' title='bbox 1853 1939 2052 2007; x_wconf 84' lang='lat' dir='ltr'><strong>quidem</strong></span> 
     </span>
    </p>
   </div>
   <div class='ocr_carea' id='block_1_20' title="bbox 475 2031 2054 2107">
    <p class='ocr_par' dir='ltr' id='par_1_20' title="bbox 475 2031 2054 2107">
     <span class='ocr_line' id='line_1_20' title="bbox 475 2031 2054 2107; baseline -0.004 -17"><span class='ocrx_word' id='word_1_152' title='bbox 475 2038 696 2106; x_wconf 83' lang='lat' dir='ltr'><strong>possedit</strong></span> <span class='ocrx_word' id='word_1_153' title='bbox 722 2052 900 2107; x_wconf 84' lang='lat' dir='ltr'><strong>agrum</strong></span> <span class='ocrx_word' id='word_1_154' title='bbox 926 2037 988 2089; x_wconf 87' lang='lat' dir='ltr'><strong>de</strong></span> <span class='ocrx_word' id='word_1_155' title='bbox 1014 2036 1240 2088; x_wconf 83' lang='lat' dir='ltr'><strong>mercede</strong></span> <span class='ocrx_word' id='word_1_156' title='bbox 1263 2034 1560 2104; x_wconf 87' lang='lat' dir='ltr'><strong>iniquitatis.</strong></span> <span class='ocrx_word' id='word_1_157' title='bbox 1590 2033 1844 2086; x_wconf 82' lang='lat' dir='ltr'><strong>Moralem</strong></span> <span class='ocrx_word' id='word_1_158' title='bbox 1878 2031 2054 2085; x_wconf 89' lang='lat' dir='ltr'><strong>reddit</strong></span> 
     </span>
    </p>
   </div>
   <div class='ocr_carea' id='block_1_21' title="bbox 471 2123 2049 2192">
    <p class='ocr_par' dir='ltr' id='par_1_21' title="bbox 471 2123 2049 2192">
     <span class='ocr_line' id='line_1_21' title="bbox 471 2123 2049 2192; baseline -0.003 -11"><span class='ocrx_word' id='word_1_159' title='bbox 471 2143 767 2182; x_wconf 72' lang='lat' dir='ltr'><strong>sermonem</strong></span> <span class='ocrx_word' id='word_1_160' title='bbox 793 2166 809 2192; x_wconf 92' lang='lat'><strong>,</strong></span> <span class='ocrx_word' id='word_1_161' title='bbox 841 2137 894 2180; x_wconf 90' lang='lat' dir='ltr'><strong>et</strong></span> <span class='ocrx_word' id='word_1_162' title='bbox 916 2126 1146 2180; x_wconf 90' lang='lat' dir='ltr'><strong>latenter</strong></span> <span class='ocrx_word' id='word_1_163' title='bbox 1171 2125 1470 2180; x_wconf 87' lang='lat' dir='ltr'><strong>subindicat</strong></span> <span class='ocrx_word' id='word_1_164' title='bbox 1495 2165 1508 2189; x_wconf 89' lang='lat'><strong>,</strong></span> <span class='ocrx_word' id='word_1_165' title='bbox 1542 2140 1653 2178; x_wconf 89' lang='lat' dir='ltr'><strong>rem</strong></span> <span class='ocrx_word' id='word_1_166' title='bbox 1684 2138 1804 2178; x_wconf 90' lang='lat' dir='ltr'><strong>esse</strong></span> <span class='ocrx_word' id='word_1_167' title='bbox 1829 2123 1893 2176; x_wconf 89' lang='lat' dir='ltr'><strong>ad</strong></span> <span class='ocrx_word' id='word_1_168' title='bbox 1926 2138 2049 2177; x_wconf 86' lang='lat' dir='ltr'><strong>cor-</strong></span> 
     </span>
    </p>
   </div>
   <div class='ocr_carea' id='block_1_22' title="bbox 472 2214 2050 2288">
    <p class='ocr_par' dir='ltr' id='par_1_22' title="bbox 472 2214 2050 2288">
     <span class='ocr_line' id='line_1_22' title="bbox 472 2214 2050 2288; baseline -0.003 -17"><span class='ocrx_word' id='word_1_169' title='bbox 472 2220 761 2288; x_wconf 81' lang='lat' dir='ltr'><strong>reptioucm</strong></span> <span class='ocrx_word' id='word_1_170' title='bbox 818 2227 1020 2286; x_wconf 91' lang='lat' dir='ltr'><strong>aptam.</strong></span> <span class='ocrx_word' id='word_1_171' title='bbox 1069 2215 1186 2270; x_wconf 88' lang='lat' dir='ltr'><strong>Non</strong></span> <span class='ocrx_word' id='word_1_172' title='bbox 1249 2215 1380 2270; x_wconf 87' lang='lat' dir='ltr'><strong>dicit</strong></span> <span class='ocrx_word' id='word_1_173' title='bbox 1424 2214 1674 2278; x_wconf 66' lang='lat' dir='ltr'><strong>Judacos,</strong></span> <span class='ocrx_word' id='word_1_174' title='bbox 1733 2214 1826 2268; x_wconf 90' lang='lat' dir='ltr'><strong>sed</strong></span> <span class='ocrx_word' id='word_1_175' title='bbox 1880 2215 2050 2282; x_wconf 90' lang='lat' dir='ltr'><strong>ipsum</strong></span> 
     </span>
    </p>
   </div>
   <div class='ocr_carea' id='block_1_23' title="bbox 474 2303 2048 2376">
    <p class='ocr_par' dir='ltr' id='par_1_23' title="bbox 474 2303 2048 2376">
     <span class='ocr_line' id='line_1_23' title="bbox 474 2303 2048 2376; baseline -0.003 -16"><span class='ocrx_word' id='word_1_176' title='bbox 474 2307 770 2376; x_wconf 76' lang='lat' dir='ltr'><strong>possedisse</strong></span> <span class='ocrx_word' id='word_1_177' title='bbox 814 2320 1025 2375; x_wconf 85' lang='lat' dir='ltr'><strong>agrum.</strong></span> <span class='ocrx_word' id='word_1_178' title='bbox 1069 2305 1201 2372; x_wconf 84' lang='lat' dir='ltr'><strong>Quia</strong></span> <span class='ocrx_word' id='word_1_179' title='bbox 1250 2305 1393 2358; x_wconf 88' lang='lat' dir='ltr'><strong>enim</strong></span> <span class='ocrx_word' id='word_1_180' title='bbox 1446 2303 1831 2358; x_wconf 90' lang='lat' dir='ltr'><strong>imbecillorum</strong></span> <span class='ocrx_word' id='word_1_181' title='bbox 1883 2303 2048 2356; x_wconf 90' lang='lat' dir='ltr'><strong>animi</strong></span> 
     </span>
    </p>
   </div>
   <div class='ocr_carea' id='block_1_24' title="bbox 468 2391 2048 2464">
    <p class='ocr_par' dir='ltr' id='par_1_24' title="bbox 468 2391 2048 2464">
     <span class='ocr_line' id='line_1_24' title="bbox 468 2391 2048 2464; baseline -0.003 -14"><span class='ocrx_word' id='word_1_182' title='bbox 468 2411 572 2450; x_wconf 91' lang='lat' dir='ltr'><strong>non</strong></span> <span class='ocrx_word' id='word_1_183' title='bbox 606 2397 673 2450; x_wconf 85' lang='lat' dir='ltr'><strong>ita</strong></span> <span class='ocrx_word' id='word_1_184' title='bbox 705 2395 885 2449; x_wconf 80' lang='lat' dir='ltr'><strong>futura</strong></span> <span class='ocrx_word' id='word_1_185' title='bbox 911 2404 967 2448; x_wconf 93' lang='lat' dir='ltr'><strong>ut</strong></span> <span class='ocrx_word' id='word_1_186' title='bbox 999 2394 1277 2464; x_wconf 79' lang='lat' dir='ltr'><strong>przesentia</strong></span> <span class='ocrx_word' id='word_1_187' title='bbox 1309 2393 1670 2462; x_wconf 84' lang='lat' dir='ltr'><strong>perspiciunt,</strong></span> <span class='ocrx_word' id='word_1_188' title='bbox 1701 2391 1768 2445; x_wconf 91' lang='lat' dir='ltr'><strong>de</strong></span> <span class='ocrx_word' id='word_1_189' title='bbox 1797 2392 2048 2459; x_wconf 71' lang='lat' dir='ltr'><strong>prmseuti</strong></span> 
     </span>
    </p>
   </div>
   <div class='ocr_carea' id='block_1_25' title="bbox 469 2481 2050 2553">
    <p class='ocr_par' dir='ltr' id='par_1_25' title="bbox 469 2481 2050 2553">
     <span class='ocr_line' id='line_1_25' title="bbox 469 2481 2050 2553; baseline -0.001 -15"><span class='ocrx_word' id='word_1_190' title='bbox 469 2485 672 2539; x_wconf 91' lang='lat' dir='ltr'><strong>ultione</strong></span> <span class='ocrx_word' id='word_1_191' title='bbox 717 2486 967 2553; x_wconf 84' lang='lat' dir='ltr'><strong>loquitur.</strong></span> <span class='ocrx_word' id='word_1_192' title='bbox 1002 2483 1065 2537; x_wconf 78' lang='lat' dir='ltr'><strong>Et</strong></span> <span class='ocrx_word' id='word_1_193' title='bbox 1096 2498 1366 2552; x_wconf 86' lang='lat' dir='ltr'><strong>suspensus</strong></span> <span class='ocrx_word' id='word_1_194' title='bbox 1395 2484 1586 2550; x_wconf 87' lang='lat' dir='ltr'><strong>crepuit</strong></span> <span class='ocrx_word' id='word_1_195' title='bbox 1629 2481 1842 2534; x_wconf 85' lang='lat' dir='ltr'><strong>medius.</strong></span> <span class='ocrx_word' id='word_1_196' title='bbox 1887 2481 2050 2536; x_wconf 86' lang='lat' dir='ltr'><strong>Recte</strong></span> 
     </span>
    </p>
   </div>
   <div class='ocr_carea' id='block_1_26' title="bbox 466 2565 2044 2644">
    <p class='ocr_par' dir='ltr' id='par_1_26' title="bbox 466 2565 2044 2644">
     <span class='ocr_line' id='line_1_26' title="bbox 466 2565 2044 2644; baseline -0.003 -15"><span class='ocrx_word' id='word_1_197' title='bbox 466 2589 572 2629; x_wconf 86' lang='lat' dir='ltr'><strong>non</strong></span> <span class='ocrx_word' id='word_1_198' title='bbox 601 2575 653 2628; x_wconf 92' lang='lat' dir='ltr'><strong>in</strong></span> <span class='ocrx_word' id='word_1_199' title='bbox 679 2581 899 2644; x_wconf 83' lang='lat' dir='ltr'><strong>peccato</strong></span> <span class='ocrx_word' id='word_1_200' title='bbox 920 2615 933 2639; x_wconf 90' lang='lat'><strong>,</strong></span> <span class='ocrx_word' id='word_1_201' title='bbox 962 2573 1055 2627; x_wconf 88' lang='lat' dir='ltr'><strong>sed</strong></span> <span class='ocrx_word' id='word_1_202' title='bbox 1082 2575 1131 2626; x_wconf 90' lang='lat' dir='ltr'><strong>in</strong></span> <span class='ocrx_word' id='word_1_203' title='bbox 1158 2574 1356 2627; x_wconf 91' lang='lat' dir='ltr'><strong>ultione</strong></span> <span class='ocrx_word' id='word_1_204' title='bbox 1381 2573 1593 2626; x_wconf 86' lang='lat' dir='ltr'><strong>insistit.</strong></span> <span class='ocrx_word' id='word_1_205' title='bbox 1626 2571 1692 2623; x_wconf 81' lang='lat' dir='ltr'><strong>Et</strong></span> <span class='ocrx_word' id='word_1_206' title='bbox 1718 2572 1876 2636; x_wconf 75' lang='lat' dir='ltr'><strong>e/fusa</strong></span> <span class='ocrx_word' id='word_1_207' title='bbox 1901 2565 2044 2636; x_wconf 64' lang='lat' dir='ltr'><strong>sunt,</strong></span> 
     </span>
    </p>
   </div>
   <div class='ocr_carea' id='block_1_27' title="bbox 466 2662 2048 2735">
    <p class='ocr_par' dir='ltr' id='par_1_27' title="bbox 466 2662 2048 2735">
     <span class='ocr_line' id='line_1_27' title="bbox 466 2662 2048 2735; baseline -0.003 -16"><span class='ocrx_word' id='word_1_208' title='bbox 466 2664 673 2735; x_wconf 89' lang='lat' dir='ltr'><strong>inquit,</strong></span> <span class='ocrx_word' id='word_1_209' title='bbox 705 2666 876 2719; x_wconf 83' lang='lat' dir='ltr'><strong>omnia</strong></span> <span class='ocrx_word' id='word_1_210' title='bbox 917 2665 1104 2717; x_wconf 83' lang='lat' dir='ltr'><strong>viscera</strong></span> <span class='ocrx_word' id='word_1_211' title='bbox 1151 2664 1279 2732; x_wconf 83' lang='lat' dir='ltr'><strong>ejus.</strong></span> <span class='ocrx_word' id='word_1_212' title='bbox 1314 2662 1426 2717; x_wconf 88' lang='lat' dir='ltr'><strong>Hoc</strong></span> <span class='ocrx_word' id='word_1_213' title='bbox 1475 2663 1580 2716; x_wconf 91' lang='lat' dir='ltr'><strong>illis</strong></span> <span class='ocrx_word' id='word_1_214' title='bbox 1627 2662 2048 2715; x_wconf 75' lang='lat' dir='ltr'><strong>consolationem</strong></span> 
     </span>
    </p>
   </div>
   <div class='ocr_carea' id='block_1_28' title="bbox 463 2750 2051 2821">
    <p class='ocr_par' dir='ltr' id='par_1_28' title="bbox 463 2750 2051 2821">
     <span class='ocr_line' id='line_1_28' title="bbox 463 2750 2051 2821; baseline -0.003 -12"><span class='ocrx_word' id='word_1_215' title='bbox 463 2753 738 2809; x_wconf 68' lang='lat' dir='ltr'><strong>afferebat.</strong></span> <span class='ocrx_word' id='word_1_216' title='bbox 771 2754 858 2808; x_wconf 81' lang='grc'><strong>19.</strong></span> <span class='ocrx_word' id='word_1_217' title='bbox 898 2753 961 2806; x_wconf 81' lang='lat' dir='ltr'><strong>Et</strong></span> <span class='ocrx_word' id='word_1_218' title='bbox 988 2762 1161 2806; x_wconf 86' lang='lat' dir='ltr'><strong>notum</strong></span> <span class='ocrx_word' id='word_1_219' title='bbox 1211 2755 1402 2821; x_wconf 74' lang='lat' dir='ltr'><strong>factum</strong></span> <span class='ocrx_word' id='word_1_220' title='bbox 1447 2759 1519 2804; x_wconf 84' lang='lat' dir='ltr'><strong>est</strong></span> <span class='ocrx_word' id='word_1_221' title='bbox 1546 2751 1774 2804; x_wconf 89' lang='lat' dir='ltr'><strong>omnibus</strong></span> <span class='ocrx_word' id='word_1_222' title='bbox 1815 2750 2051 2804; x_wconf 79' lang='lat' dir='ltr'><strong>habitan-</strong></span> 
     </span>
    </p>
   </div>
   <div class='ocr_carea' id='block_1_29' title="bbox 473 2843 2050 2914">
    <p class='ocr_par' dir='ltr' id='par_1_29' title="bbox 473 2843 2050 2914">
     <span class='ocr_line' id='line_1_29' title="bbox 473 2843 2050 2914; baseline -0.001 -16"><span class='ocrx_word' id='word_1_223' title='bbox 473 2845 605 2899; x_wconf 81' lang='lat' dir='ltr'><strong>tibus</strong></span> <span class='ocrx_word' id='word_1_224' title='bbox 634 2844 956 2910; x_wconf 78' lang='lat' dir='ltr'><strong>Jerusalem,</strong></span> <span class='ocrx_word' id='word_1_225' title='bbox 1012 2845 1084 2897; x_wconf 86' lang='lat' dir='ltr'><strong>ita</strong></span> <span class='ocrx_word' id='word_1_226' title='bbox 1126 2853 1181 2897; x_wconf 87' lang='lat' dir='ltr'><strong>ut</strong></span> <span class='ocrx_word' id='word_1_227' title='bbox 1220 2844 1565 2914; x_wconf 83' lang='lat' dir='ltr'><strong>appellaretur</strong></span> <span class='ocrx_word' id='word_1_228' title='bbox 1603 2860 1723 2914; x_wconf 85' lang='lat' dir='ltr'><strong>ager</strong></span> <span class='ocrx_word' id='word_1_229' title='bbox 1763 2843 1852 2897; x_wconf 88' lang='lat' dir='ltr'><strong>ille</strong></span> <span class='ocrx_word' id='word_1_230' title='bbox 1875 2843 2050 2914; x_wconf 87' lang='lat' dir='ltr'><strong>lingua</strong></span> 
     </span>
    </p>
   </div>
   <div class='ocr_carea' id='block_1_30' title="bbox 463 2933 1677 3004">
    <p class='ocr_par' dir='ltr' id='par_1_30' title="bbox 463 2933 1677 3004">
     <span class='ocr_line' id='line_1_30' title="bbox 463 2933 1677 3004; baseline -0.004 -14"><span class='ocrx_word' id='word_1_231' title='bbox 463 2951 637 2991; x_wconf 80' lang='lat' dir='ltr'><strong>eorum</strong></span> <span class='ocrx_word' id='word_1_232' title='bbox 663 2936 936 2989; x_wconf 75' lang='lat' dir='ltr'><strong>Aceldama</strong></span> <span class='ocrx_word' id='word_1_233' title='bbox 955 2977 966 2997; x_wconf 88' lang='lat'><strong>,</strong></span> <span class='ocrx_word' id='word_1_234' title='bbox 998 2934 1093 2987; x_wconf 83' lang='lat' dir='ltr'><strong>hoc</strong></span> <span class='ocrx_word' id='word_1_235' title='bbox 1116 2945 1218 2999; x_wconf 87' lang='lat' dir='ltr'><strong>est,</strong></span> <span class='ocrx_word' id='word_1_236' title='bbox 1246 2950 1364 3002; x_wconf 91' lang='lat' dir='ltr'><strong>ager</strong></span> <span class='ocrx_word' id='word_1_237' title='bbox 1393 2933 1677 3004; x_wconf 84' lang='lat' dir='ltr'><strong>sanguinis.</strong></span> 
     </span>
    </p>
   </div>
   <div class='ocr_carea' id='block_1_31' title="bbox 534 3024 2053 3095">
    <p class='ocr_par' dir='ltr' id='par_1_31' title="bbox 534 3024 2053 3095">
     <span class='ocr_line' id='line_1_31' title="bbox 534 3024 2053 3095; baseline -0.001 -14"><span class='ocrx_word' id='word_1_238' title='bbox 534 3029 590 3081; x_wconf 84' lang='lat'><strong>2.</strong></span> <span class='ocrx_word' id='word_1_239' title='bbox 637 3027 806 3082; x_wconf 75' lang='lat' dir='ltr'><strong>Judaei</strong></span> <span class='ocrx_word' id='word_1_240' title='bbox 847 3041 973 3095; x_wconf 81' lang='lat' dir='ltr'><strong>ergo</strong></span> <span class='ocrx_word' id='word_1_241' title='bbox 1014 3027 1114 3080; x_wconf 91' lang='lat' dir='ltr'><strong>hoc</strong></span> <span class='ocrx_word' id='word_1_242' title='bbox 1155 3039 1347 3079; x_wconf 88' lang='lat' dir='ltr'><strong>nomen</strong></span> <span class='ocrx_word' id='word_1_243' title='bbox 1390 3038 1518 3093; x_wconf 83' lang='lat' dir='ltr'><strong>agro</strong></span> <span class='ocrx_word' id='word_1_244' title='bbox 1554 3024 1788 3089; x_wconf 87' lang='lat' dir='ltr'><strong>dedere,</strong></span> <span class='ocrx_word' id='word_1_245' title='bbox 1833 3040 1940 3080; x_wconf 90' lang='lat' dir='ltr'><strong>non</strong></span> <span class='ocrx_word' id='word_1_246' title='bbox 1981 3025 2053 3080; x_wconf 87' lang='lat' dir='ltr'><strong>ob</strong></span> 
     </span>
    </p>
   </div>
   <div class='ocr_carea' id='block_1_32' title="bbox 469 3114 2050 3188">
    <p class='ocr_par' dir='ltr' id='par_1_32' title="bbox 469 3114 2050 3188">
     <span class='ocr_line' id='line_1_32' title="bbox 469 3114 2050 3188; baseline -0.001 -17"><span class='ocrx_word' id='word_1_247' title='bbox 469 3132 656 3188; x_wconf 89' lang='lat' dir='ltr'><strong>agrum</strong></span> <span class='ocrx_word' id='word_1_248' title='bbox 703 3120 910 3186; x_wconf 89' lang='lat' dir='ltr'><strong>ipsum,</strong></span> <span class='ocrx_word' id='word_1_249' title='bbox 950 3116 1043 3170; x_wconf 91' lang='lat' dir='ltr'><strong>sed</strong></span> <span class='ocrx_word' id='word_1_250' title='bbox 1075 3116 1144 3170; x_wconf 91' lang='lat' dir='ltr'><strong>ob</strong></span> <span class='ocrx_word' id='word_1_251' title='bbox 1170 3114 1360 3170; x_wconf 89' lang='lat' dir='ltr'><strong>Judam</strong></span> <span class='ocrx_word' id='word_1_252' title='bbox 1395 3133 1407 3167; x_wconf 89' lang='lat'>:</span> <span class='ocrx_word' id='word_1_253' title='bbox 1442 3130 1564 3168; x_wconf 86' lang='lat' dir='ltr'><strong>nam</strong></span> <span class='ocrx_word' id='word_1_254' title='bbox 1604 3115 1656 3169; x_wconf 90' lang='lat' dir='ltr'><strong>is</strong></span> <span class='ocrx_word' id='word_1_255' title='bbox 1692 3129 1820 3182; x_wconf 85' lang='lat' dir='ltr'><strong>agro</strong></span> <span class='ocrx_word' id='word_1_256' title='bbox 1857 3131 2050 3170; x_wconf 90' lang='lat' dir='ltr'><strong>nomen</strong></span> 
     </span>
    </p>
   </div>
   <div class='ocr_carea' id='block_1_33' title="bbox 470 3205 2049 3275">
    <p class='ocr_par' dir='ltr' id='par_1_33' title="bbox 470 3205 2049 3275">
     <span class='ocr_line' id='line_1_33' title="bbox 470 3205 2049 3275; baseline -0.003 -12"><span class='ocrx_word' id='word_1_257' title='bbox 470 3208 680 3263; x_wconf 90' lang='lat' dir='ltr'><strong>indidit.</strong></span> <span class='ocrx_word' id='word_1_258' title='bbox 716 3210 777 3262; x_wconf 80' lang='lat' dir='ltr'><strong>Et</strong></span> <span class='ocrx_word' id='word_1_259' title='bbox 810 3217 969 3262; x_wconf 76' lang='lat' dir='ltr'><strong>testes</strong></span> <span class='ocrx_word' id='word_1_260' title='bbox 998 3205 1154 3260; x_wconf 75' lang='lat' dir='ltr'><strong>aﬁ‘ert</strong></span> <span class='ocrx_word' id='word_1_261' title='bbox 1181 3206 1424 3258; x_wconf 91' lang='lat' dir='ltr'><strong>inimicos</strong></span> <span class='ocrx_word' id='word_1_262' title='bbox 1451 3222 1463 3259; x_wconf 92' lang='lat'>:</span> <span class='ocrx_word' id='word_1_263' title='bbox 1495 3205 1546 3259; x_wconf 92' lang='lat' dir='ltr'><strong>id</strong></span> <span class='ocrx_word' id='word_1_264' title='bbox 1587 3206 1728 3259; x_wconf 91' lang='lat' dir='ltr'><strong>enim</strong></span> <span class='ocrx_word' id='word_1_265' title='bbox 1759 3206 2049 3275; x_wconf 89' lang='lat' dir='ltr'><strong>signiﬁcat,</strong></span> 
     </span>
    </p>
   </div>
   <div class='ocr_carea' id='block_1_34' title="bbox 469 3295 2052 3367">
    <p class='ocr_par' dir='ltr' id='par_1_34' title="bbox 469 3295 2052 3367">
     <span class='ocr_line' id='line_1_34' title="bbox 469 3295 2052 3367; baseline -0.002 -14"><span class='ocrx_word' id='word_1_266' title='bbox 469 3312 593 3354; x_wconf 89' lang='lat' dir='ltr'><strong>cum</strong></span> <span class='ocrx_word' id='word_1_267' title='bbox 619 3298 784 3365; x_wconf 85' lang='lat' dir='ltr'><strong>dicit,</strong></span> <span class='ocrx_word' id='word_1_268' title='bbox 829 3300 971 3367; x_wconf 89' lang='lat' dir='ltr'><strong>ipsos</strong></span> <span class='ocrx_word' id='word_1_269' title='bbox 994 3295 1366 3365; x_wconf 84' lang='lat' dir='ltr'><strong>appellavisse,</strong></span> <span class='ocrx_word' id='word_1_270' title='bbox 1405 3304 1461 3350; x_wconf 88' lang='lat' dir='ltr'><strong>et</strong></span> <span class='ocrx_word' id='word_1_271' title='bbox 1499 3310 1618 3350; x_wconf 91' lang='lat' dir='ltr'><strong>cum</strong></span> <span class='ocrx_word' id='word_1_272' title='bbox 1645 3295 1822 3362; x_wconf 87' lang='lat' dir='ltr'><strong>addit,</strong></span> <span class='ocrx_word' id='word_1_273' title='bbox 1853 3296 2052 3366; x_wconf 84' lang='lat' dir='ltr'><strong>Lingua</strong></span> 
     </span>
    </p>
   </div>
   <div class='ocr_carea' id='block_1_35' title="bbox 465 3385 2052 3457">
    <p class='ocr_par' dir='ltr' id='par_1_35' title="bbox 465 3385 2052 3457">
     <span class='ocr_line' id='line_1_35' title="bbox 465 3385 2052 3457; baseline -0.003 -13"><span class='ocrx_word' id='word_1_274' title='bbox 465 3407 661 3445; x_wconf 85' lang='lat' dir='ltr'><strong>eorum.</strong></span> <span class='ocrx_word' id='word_1_275' title='bbox 691 3389 892 3443; x_wconf 82' lang='lat' dir='ltr'><strong>Deinde</strong></span> <span class='ocrx_word' id='word_1_276' title='bbox 915 3396 1035 3456; x_wconf 89' lang='lat' dir='ltr'><strong>post</strong></span> <span class='ocrx_word' id='word_1_277' title='bbox 1059 3396 1330 3452; x_wconf 88' lang='lat' dir='ltr'><strong>eventum,</strong></span> <span class='ocrx_word' id='word_1_278' title='bbox 1354 3388 1595 3456; x_wconf 91' lang='lat' dir='ltr'><strong>apposite</strong></span> <span class='ocrx_word' id='word_1_279' title='bbox 1620 3385 1932 3457; x_wconf 88' lang='lat' dir='ltr'><strong>pr0phetam</strong></span> <span class='ocrx_word' id='word_1_280' title='bbox 1958 3388 2052 3440; x_wconf 89' lang='lat' dir='ltr'><strong>ad-</strong></span> 
     </span>
    </p>
   </div>
   <div class='ocr_carea' id='block_1_36' title="bbox 466 3475 2051 3544">
    <p class='ocr_par' dir='ltr' id='par_1_36' title="bbox 466 3475 2051 3544">
     <span class='ocr_line' id='line_1_36' title="bbox 466 3475 2051 3544; baseline -0.001 -12"><span class='ocrx_word' id='word_1_281' title='bbox 466 3479 613 3533; x_wconf 84' lang='lat' dir='ltr'><strong>ducit</strong></span> <span class='ocrx_word' id='word_1_282' title='bbox 639 3479 822 3532; x_wconf 86' lang='lat' dir='ltr'><strong>diccns</strong></span> <span class='ocrx_word' id='word_1_283' title='bbox 851 3495 864 3530; x_wconf 91' lang='lat'><strong>:</strong></span> <span class='ocrx_word' id='word_1_284' title='bbox 896 3477 985 3532; x_wconf 89' lang='lat'><strong>20.</strong></span> <span class='ocrx_word' id='word_1_285' title='bbox 1018 3477 1281 3544; x_wconf 84' lang='lat' dir='ltr'><strong>Scriptum</strong></span> <span class='ocrx_word' id='word_1_286' title='bbox 1307 3488 1376 3529; x_wconf 91' lang='lat' dir='ltr'><strong>est</strong></span> <span class='ocrx_word' id='word_1_287' title='bbox 1405 3478 1536 3529; x_wconf 89' lang='lat' dir='ltr'><strong>enim</strong></span> <span class='ocrx_word' id='word_1_288' title='bbox 1564 3476 1616 3529; x_wconf 90' lang='lat' dir='ltr'><strong>in</strong></span> <span class='ocrx_word' id='word_1_289' title='bbox 1655 3477 1781 3530; x_wconf 87' lang='lat' dir='ltr'><strong>libro</strong></span> <span class='ocrx_word' id='word_1_290' title='bbox 1817 3475 2051 3531; x_wconf 84' lang='lat' dir='ltr'><strong>Psalmo-</strong></span> 
     </span>
    </p>
   </div>
   <div class='ocr_carea' id='block_1_37' title="bbox 466 3565 2050 3636">
    <p class='ocr_par' dir='ltr' id='par_1_37' title="bbox 466 3565 2050 3636">
     <span class='ocr_line' id='line_1_37' title="bbox 466 3565 2050 3636; baseline 0 -16"><span class='ocrx_word' id='word_1_291' title='bbox 466 3584 579 3620; x_wconf 87' lang='lat' dir='ltr'><strong>rum</strong></span> <span class='ocrx_word' id='word_1_292' title='bbox 601 3583 622 3620; x_wconf 89' lang='lat'><strong><em>:</em></strong></span> <span class='ocrx_word' id='word_1_293' title='bbox 657 3565 771 3618; x_wconf 77' lang='lat' dir='ltr'><strong>Fiat</strong></span> <span class='ocrx_word' id='word_1_294' title='bbox 799 3568 1123 3619; x_wconf 86' lang='lat' dir='ltr'><strong>commoratio</strong></span> <span class='ocrx_word' id='word_1_295' title='bbox 1165 3582 1338 3619; x_wconf 86' lang='lat' dir='ltr'><strong>eorum</strong></span> <span class='ocrx_word' id='word_1_296' title='bbox 1376 3566 1602 3631; x_wconf 87' lang='lat' dir='ltr'><strong>deserta,</strong></span> <span class='ocrx_word' id='word_1_297' title='bbox 1644 3575 1689 3619; x_wconf 89' lang='lat' dir='ltr'><strong>et</strong></span> <span class='ocrx_word' id='word_1_298' title='bbox 1730 3583 1830 3618; x_wconf 88' lang='lat' dir='ltr'><strong>non</strong></span> <span class='ocrx_word' id='word_1_299' title='bbox 1869 3568 1930 3620; x_wconf 85' lang='lat' dir='ltr'><strong>sit</strong></span> <span class='ocrx_word' id='word_1_300' title='bbox 1965 3569 2050 3636; x_wconf 87' lang='lat' dir='ltr'><strong>qui</strong></span> 
     </span>
    </p>
   </div>
   <div class='ocr_carea' id='block_1_38' title="bbox 467 3653 2051 3726">
    <p class='ocr_par' dir='ltr' id='par_1_38' title="bbox 467 3653 2051 3726">
     <span class='ocr_line' id='line_1_38' title="bbox 467 3653 2051 3726; baseline 0.001 -18"><span class='ocrx_word' id='word_1_301' title='bbox 467 3655 704 3709; x_wconf 74' lang='lat' dir='ltr'><strong>inhabitet</strong></span> <span class='ocrx_word' id='word_1_302' title='bbox 730 3657 782 3708; x_wconf 87' lang='lat' dir='ltr'><strong>in</strong></span> <span class='ocrx_word' id='word_1_303' title='bbox 804 3671 862 3708; x_wconf 91' lang='lat' dir='ltr'><strong>ea</strong></span> <span class='ocrx_word' id='word_1_304' title='bbox 889 3653 1058 3726; x_wconf 83' lang='lat' dir='ltr'><strong>(Psal.</strong></span> <span class='ocrx_word' id='word_1_305' title='bbox 1089 3655 1175 3710; x_wconf 86' lang='lat'><strong>68.</strong></span> <span class='ocrx_word' id='word_1_306' title='bbox 1207 3655 1322 3724; x_wconf 88' lang='lat'><strong>26).</strong></span> <span class='ocrx_word' id='word_1_307' title='bbox 1347 3655 1460 3709; x_wconf 89' lang='lat' dir='ltr'><strong>lloc</strong></span> <span class='ocrx_word' id='word_1_308' title='bbox 1481 3656 1548 3710; x_wconf 90' lang='lat' dir='ltr'><strong>de</strong></span> <span class='ocrx_word' id='word_1_309' title='bbox 1573 3671 1701 3725; x_wconf 80' lang='lat' dir='ltr'><strong>agro</strong></span> <span class='ocrx_word' id='word_1_310' title='bbox 1722 3665 1776 3710; x_wconf 86' lang='lat' dir='ltr'><strong>et</strong></span> <span class='ocrx_word' id='word_1_311' title='bbox 1799 3657 1866 3711; x_wconf 89' lang='lat' dir='ltr'><strong>de</strong></span> <span class='ocrx_word' id='word_1_312' title='bbox 1890 3657 2051 3711; x_wconf 90' lang='lat' dir='ltr'><strong>domo</strong></span> 
     </span>
    </p>
   </div>
   <div class='ocr_carea' id='block_1_39' title="bbox 471 3747 2046 3816">
    <p class='ocr_par' dir='ltr' id='par_1_39' title="bbox 471 3747 2046 3816">
     <span class='ocr_line' id='line_1_39' title="bbox 471 3747 2046 3816; baseline 0.001 -15"><span class='ocrx_word' id='word_1_313' title='bbox 471 3749 684 3802; x_wconf 90' lang='lat' dir='ltr'><strong>dicitur.</strong></span> <span class='ocrx_word' id='word_1_314' title='bbox 719 3747 787 3800; x_wconf 83' lang='lat' dir='ltr'><strong>Et</strong></span> <span class='ocrx_word' id='word_1_315' title='bbox 833 3747 1172 3816; x_wconf 83' lang='lat' dir='ltr'><strong>episcopatum</strong></span> <span class='ocrx_word' id='word_1_316' title='bbox 1196 3748 1308 3814; x_wconf 83' lang='lat' dir='ltr'><strong>ejus</strong></span> <span class='ocrx_word' id='word_1_317' title='bbox 1344 3748 1560 3815; x_wconf 88' lang='lat' dir='ltr'><strong>accipiat</strong></span> <span class='ocrx_word' id='word_1_318' title='bbox 1590 3747 1753 3813; x_wconf 84' lang='lat' dir='ltr'><strong>alter;</strong></span> <span class='ocrx_word' id='word_1_319' title='bbox 1796 3747 1895 3802; x_wconf 91' lang='lat' dir='ltr'><strong>hoc</strong></span> <span class='ocrx_word' id='word_1_320' title='bbox 1937 3758 2046 3816; x_wconf 85' lang='lat' dir='ltr'><strong>est,</strong></span> 
     </span>
    </p>
   </div>
   <div class='ocr_carea' id='block_1_40' title="bbox 471 3834 2046 3907">
    <p class='ocr_par' dir='ltr' id='par_1_40' title="bbox 471 3834 2046 3907">
     <span class='ocr_line' id='line_1_40' title="bbox 471 3834 2046 3907; baseline 0.001 -17"><span class='ocrx_word' id='word_1_321' title='bbox 471 3837 824 3907; x_wconf 76' lang='lat' dir='ltr'><strong>principatum</strong></span> <span class='ocrx_word' id='word_1_322' title='bbox 843 3877 860 3899; x_wconf 90' lang='lat'><strong>,</strong></span> <span class='ocrx_word' id='word_1_323' title='bbox 884 3836 1256 3889; x_wconf 87' lang='lat' dir='ltr'><strong>sacerdotium.</strong></span> <span class='ocrx_word' id='word_1_324' title='bbox 1283 3834 1459 3903; x_wconf 88' lang='lat' dir='ltr'><strong>Itaque</strong></span> <span class='ocrx_word' id='word_1_325' title='bbox 1481 3835 1596 3889; x_wconf 71' lang='lat' dir='ltr'><strong>base</strong></span> <span class='ocrx_word' id='word_1_326' title='bbox 1621 3852 1723 3890; x_wconf 91' lang='lat' dir='ltr'><strong>non</strong></span> <span class='ocrx_word' id='word_1_327' title='bbox 1748 3852 1868 3890; x_wconf 92' lang='lat' dir='ltr'><strong>meo</strong></span> <span class='ocrx_word' id='word_1_328' title='bbox 1895 3835 2046 3904; x_wconf 90' lang='lat' dir='ltr'><strong>ﬁunt,</strong></span> 
     </span>
    </p>
   </div>
   <div class='ocr_carea' id='block_1_41' title="bbox 467 3924 2050 3993">
    <p class='ocr_par' dir='ltr' id='par_1_41' title="bbox 467 3924 2050 3993">
     <span class='ocr_line' id='line_1_41' title="bbox 467 3924 2050 3993; baseline 0.001 -14"><span class='ocrx_word' id='word_1_329' title='bbox 467 3925 562 3979; x_wconf 85' lang='lat' dir='ltr'><strong>sed</strong></span> <span class='ocrx_word' id='word_1_330' title='bbox 588 3926 724 3993; x_wconf 91' lang='lat' dir='ltr'><strong>ejus,</strong></span> <span class='ocrx_word' id='word_1_331' title='bbox 743 3925 832 3993; x_wconf 89' lang='lat' dir='ltr'><strong>qui</strong></span> <span class='ocrx_word' id='word_1_332' title='bbox 855 3925 966 3978; x_wconf 64' lang='lat' dir='ltr'><strong>hinc</strong></span> <span class='ocrx_word' id='word_1_333' title='bbox 984 3924 1246 3993; x_wconf 68' lang='lat' dir='ltr'><strong>prtedixit,</strong></span> <span class='ocrx_word' id='word_1_334' title='bbox 1268 3925 1510 3980; x_wconf 91' lang='lat' dir='ltr'><strong>consilio.</strong></span> <span class='ocrx_word' id='word_1_335' title='bbox 1533 3925 1608 3980; x_wconf 86' lang='lat' dir='ltr'><strong>Ne</strong></span> <span class='ocrx_word' id='word_1_336' title='bbox 1625 3926 1892 3980; x_wconf 89' lang='lat' dir='ltr'><strong>videretur</strong></span> <span class='ocrx_word' id='word_1_337' title='bbox 1907 3929 2050 3982; x_wconf 91' lang='lat' dir='ltr'><strong>enim</strong></span> 
     </span>
    </p>
   </div>
   <div class='ocr_carea' id='block_1_42' title="bbox 472 4014 2050 4084">
    <p class='ocr_par' dir='ltr' id='par_1_42' title="bbox 472 4014 2050 4084">
     <span class='ocr_line' id='line_1_42' title="bbox 472 4014 2050 4084; baseline 0.002 -16"><span class='ocrx_word' id='word_1_338' title='bbox 472 4030 717 4083; x_wconf 84' lang='lat' dir='ltr'><strong>magnam</strong></span> <span class='ocrx_word' id='word_1_339' title='bbox 745 4029 856 4068; x_wconf 88' lang='lat' dir='ltr'><strong>rem</strong></span> <span class='ocrx_word' id='word_1_340' title='bbox 885 4015 1126 4084; x_wconf 76' lang='lat' dir='ltr'><strong>aggredi,</strong></span> <span class='ocrx_word' id='word_1_341' title='bbox 1159 4025 1213 4070; x_wconf 93' lang='lat' dir='ltr'><strong>et</strong></span> <span class='ocrx_word' id='word_1_342' title='bbox 1237 4015 1448 4084; x_wconf 88' lang='lat' dir='ltr'><strong>qualem</strong></span> <span class='ocrx_word' id='word_1_343' title='bbox 1474 4014 1718 4069; x_wconf 85' lang='lat' dir='ltr'><strong>Christus</strong></span> <span class='ocrx_word' id='word_1_344' title='bbox 1746 4016 1860 4084; x_wconf 90' lang='lat' dir='ltr'><strong>ipse</strong></span> <span class='ocrx_word' id='word_1_345' title='bbox 1895 4016 2050 4071; x_wconf 81' lang='lat' dir='ltr'><strong>fecis-</strong></span> 
     </span>
    </p>
   </div>
   <div class='ocr_carea' id='block_1_43' title="bbox 471 4103 2048 4177">
    <p class='ocr_par' dir='ltr' id='par_1_43' title="bbox 471 4103 2048 4177">
     <span class='ocr_line' id='line_1_43' title="bbox 471 4103 2048 4177; baseline 0.002 -20"><span class='ocrx_word' id='word_1_346' title='bbox 471 4113 577 4170; x_wconf 90' lang='lat' dir='ltr'><strong>sct,</strong></span> <span class='ocrx_word' id='word_1_347' title='bbox 607 4103 915 4172; x_wconf 88' lang='lat' dir='ltr'><strong>prophetam</strong></span> <span class='ocrx_word' id='word_1_348' title='bbox 962 4113 1150 4159; x_wconf 88' lang='lat' dir='ltr'><strong>testem</strong></span> <span class='ocrx_word' id='word_1_349' title='bbox 1176 4103 1410 4159; x_wconf 88' lang='lat' dir='ltr'><strong>adhibet.</strong></span> <span class='ocrx_word' id='word_1_350' title='bbox 1437 4104 1529 4171; x_wconf 82' lang='lat' dir='ltr'><strong>2i.</strong></span> <span class='ocrx_word' id='word_1_351' title='bbox 1564 4104 1772 4173; x_wconf 83' lang='lat' dir='ltr'><strong>Oportet</strong></span> <span class='ocrx_word' id='word_1_352' title='bbox 1797 4122 1935 4177; x_wconf 89' lang='lat' dir='ltr'><strong>ergo,</strong></span> <span class='ocrx_word' id='word_1_353' title='bbox 1963 4107 2048 4160; x_wconf 82' lang='lat' dir='ltr'><strong>in-</strong></span> 
     </span>
    </p>
   </div>
   <div class='ocr_carea' id='block_1_44' title="bbox 471 4194 2050 4266">
    <p class='ocr_par' dir='ltr' id='par_1_44' title="bbox 471 4194 2050 4266">
     <span class='ocr_line' id='line_1_44' title="bbox 471 4194 2050 4266; baseline 0.001 -18"><span class='ocrx_word' id='word_1_354' title='bbox 471 4195 615 4264; x_wconf 84' lang='lat' dir='ltr'><strong>quit,</strong></span> <span class='ocrx_word' id='word_1_355' title='bbox 643 4210 706 4248; x_wconf 78' lang='lat' dir='ltr'><strong>ea:</strong></span> <span class='ocrx_word' id='word_1_356' title='bbox 727 4194 805 4247; x_wconf 81' lang='lat' dir='ltr'><strong>his</strong></span> <span class='ocrx_word' id='word_1_357' title='bbox 827 4195 966 4260; x_wconf 88' lang='lat' dir='ltr'><strong>viris,</strong></span> <span class='ocrx_word' id='word_1_358' title='bbox 993 4196 1078 4264; x_wconf 87' lang='lat' dir='ltr'><strong>qui</strong></span> <span class='ocrx_word' id='word_1_359' title='bbox 1103 4196 1358 4248; x_wconf 85' lang='lat' dir='ltr'><strong>nobiscum</strong></span> <span class='ocrx_word' id='word_1_360' title='bbox 1383 4204 1498 4248; x_wconf 89' lang='lat' dir='ltr'><strong>sunt</strong></span> <span class='ocrx_word' id='word_1_361' title='bbox 1524 4196 1808 4266; x_wconf 77' lang='lat' dir='ltr'><strong>congregati</strong></span> <span class='ocrx_word' id='word_1_362' title='bbox 1834 4197 1885 4249; x_wconf 89' lang='lat' dir='ltr'><strong>in</strong></span> <span class='ocrx_word' id='word_1_363' title='bbox 1914 4197 2050 4250; x_wconf 89' lang='lat' dir='ltr'><strong>omni</strong></span> 
     </span>
    </p>
   </div>
   <div class='ocr_carea' id='block_1_45' title="bbox 473 4283 2050 4352">
    <p class='ocr_par' dir='ltr' id='par_1_45' title="bbox 473 4283 2050 4352">
     <span class='ocr_line' id='line_1_45' title="bbox 473 4283 2050 4352; baseline 0.003 -16"><span class='ocrx_word' id='word_1_364' title='bbox 473 4293 712 4352; x_wconf 86' lang='lat' dir='ltr'><strong>tempore.</strong></span> <span class='ocrx_word' id='word_1_365' title='bbox 745 4283 851 4339; x_wconf 91' lang='lat' dir='ltr'><strong>Cur</strong></span> <span class='ocrx_word' id='word_1_366' title='bbox 878 4299 997 4339; x_wconf 91' lang='lat' dir='ltr'><strong>cum</strong></span> <span class='ocrx_word' id='word_1_367' title='bbox 1030 4285 1136 4338; x_wconf 88' lang='lat' dir='ltr'><strong>illis</strong></span> <span class='ocrx_word' id='word_1_368' title='bbox 1162 4284 1266 4339; x_wconf 91' lang='lat' dir='ltr'><strong>hoc</strong></span> <span class='ocrx_word' id='word_1_369' title='bbox 1289 4285 1684 4340; x_wconf 85' lang='lat' dir='ltr'><strong>communicat?</strong></span> <span class='ocrx_word' id='word_1_370' title='bbox 1726 4285 1791 4340; x_wconf 87' lang='lat' dir='ltr'><strong>Ut</strong></span> <span class='ocrx_word' id='word_1_371' title='bbox 1823 4302 1891 4341; x_wconf 88' lang='lat' dir='ltr'><strong>ne</strong></span> <span class='ocrx_word' id='word_1_372' title='bbox 1918 4302 2050 4341; x_wconf 84' lang='lat' dir='ltr'><strong>con-</strong></span> 
     </span>
    </p>
   </div>
   <div class='ocr_carea' id='block_1_46' title="bbox 468 4375 2049 4451">
    <p class='ocr_par' dir='ltr' id='par_1_46' title="bbox 468 4375 2049 4451">
     <span class='ocr_line' id='line_1_46' title="bbox 468 4375 2049 4451; baseline 0.003 -24"><span class='ocrx_word' id='word_1_373' title='bbox 468 4375 632 4451; x_wconf 81' lang='lat' dir='ltr'><strong>tentio</strong></span> <span class='ocrx_word' id='word_1_374' title='bbox 661 4375 758 4429; x_wconf 91' lang='lat' dir='ltr'><strong>hac</strong></span> <span class='ocrx_word' id='word_1_375' title='bbox 783 4375 848 4429; x_wconf 89' lang='lat' dir='ltr'><strong>de</strong></span> <span class='ocrx_word' id='word_1_376' title='bbox 875 4391 932 4430; x_wconf 90' lang='lat' dir='ltr'><strong>re</strong></span> <span class='ocrx_word' id='word_1_377' title='bbox 957 4376 1209 4439; x_wconf 89' lang='lat' dir='ltr'><strong>oriretur,</strong></span> <span class='ocrx_word' id='word_1_378' title='bbox 1236 4385 1288 4429; x_wconf 90' lang='lat' dir='ltr'><strong>et</strong></span> <span class='ocrx_word' id='word_1_379' title='bbox 1315 4391 1382 4430; x_wconf 91' lang='lat' dir='ltr'><strong>ne</strong></span> <span class='ocrx_word' id='word_1_380' title='bbox 1403 4385 1589 4429; x_wconf 90' lang='lat' dir='ltr'><strong>mutuo</strong></span> <span class='ocrx_word' id='word_1_381' title='bbox 1607 4376 1890 4446; x_wconf 80' lang='lat' dir='ltr'><strong>litigarem.</strong></span> <span class='ocrx_word' id='word_1_382' title='bbox 1917 4377 2049 4431; x_wconf 88' lang='lat' dir='ltr'><strong>Nam</strong></span> 
     </span>
    </p>
   </div>
   <div class='ocr_carea' id='block_1_47' title="bbox 466 4464 2048 4538">
    <p class='ocr_par' dir='ltr' id='par_1_47' title="bbox 466 4464 2048 4538">
     <span class='ocr_line' id='line_1_47' title="bbox 466 4464 2048 4538; baseline 0.005 -22"><span class='ocrx_word' id='word_1_383' title='bbox 466 4464 511 4516; x_wconf 87' lang='lat' dir='ltr'><strong>si</strong></span> <span class='ocrx_word' id='word_1_384' title='bbox 557 4464 605 4516; x_wconf 91' lang='lat' dir='ltr'><strong>id</strong></span> <span class='ocrx_word' id='word_1_385' title='bbox 651 4464 779 4530; x_wconf 89' lang='lat' dir='ltr'><strong>ipsis</strong></span> <span class='ocrx_word' id='word_1_386' title='bbox 821 4466 1048 4528; x_wconf 85' lang='lat' dir='ltr'><strong>accidit,</strong></span> <span class='ocrx_word' id='word_1_387' title='bbox 1094 4467 1262 4520; x_wconf 90' lang='lat' dir='ltr'><strong>multo</strong></span> <span class='ocrx_word' id='word_1_388' title='bbox 1305 4467 1472 4534; x_wconf 88' lang='lat' dir='ltr'><strong>magis</strong></span> <span class='ocrx_word' id='word_1_389' title='bbox 1510 4466 1618 4519; x_wconf 87' lang='lat' dir='ltr'><strong>illis</strong></span> <span class='ocrx_word' id='word_1_390' title='bbox 1642 4466 1922 4521; x_wconf 84' lang='lat' dir='ltr'><strong>accidisset</strong></span> <span class='ocrx_word' id='word_1_391' title='bbox 1949 4465 2048 4538; x_wconf 86' lang='lat' dir='ltr'><strong>(a).</strong></span> 
     </span>
    </p>
   </div>
   <div class='ocr_carea' id='block_1_48' title="bbox 469 4552 2046 4626">
    <p class='ocr_par' dir='ltr' id='par_1_48' title="bbox 469 4552 2046 4626">
     <span class='ocr_line' id='line_1_48' title="bbox 469 4552 2046 4626; baseline 0.005 -22"><span class='ocrx_word' id='word_1_392' title='bbox 469 4552 579 4605; x_wconf 85' lang='lat' dir='ltr'><strong>lloc</strong></span> <span class='ocrx_word' id='word_1_393' title='bbox 607 4568 733 4605; x_wconf 86' lang='lat' dir='ltr'><strong>vero</strong></span> <span class='ocrx_word' id='word_1_394' title='bbox 759 4569 971 4620; x_wconf 88' lang='lat' dir='ltr'><strong>semper</strong></span> <span class='ocrx_word' id='word_1_395' title='bbox 1003 4554 1228 4607; x_wconf 85' lang='lat' dir='ltr'><strong>devitat.</strong></span> <span class='ocrx_word' id='word_1_396' title='bbox 1262 4555 1384 4608; x_wconf 90' lang='lat' dir='ltr'><strong>Ideo</strong></span> <span class='ocrx_word' id='word_1_397' title='bbox 1416 4558 1466 4608; x_wconf 92' lang='lat' dir='ltr'><strong>in</strong></span> <span class='ocrx_word' id='word_1_398' title='bbox 1509 4557 1768 4624; x_wconf 71' lang='lat' dir='ltr'><strong>principio</strong></span> <span class='ocrx_word' id='word_1_399' title='bbox 1800 4557 2046 4626; x_wconf 83' lang='lat' dir='ltr'><strong>dicebat,</strong></span> 
     </span>
    </p>
   </div>
   <div class='ocr_carea' id='block_1_49' title="bbox 481 4640 2051 4716">
    <p class='ocr_par' dir='ltr' id='par_1_49' title="bbox 481 4640 2051 4716">
     <span class='ocr_line' id='line_1_49' title="bbox 481 4640 2051 4716; baseline 0.006 -24"><span class='ocrx_word' id='word_1_400' title='bbox 481 4640 586 4693; x_wconf 82' lang='lat' dir='ltr'><strong>Viri</strong></span> <span class='ocrx_word' id='word_1_401' title='bbox 614 4644 814 4710; x_wconf 79' lang='lat' dir='ltr'><strong>fratres,</strong></span> <span class='ocrx_word' id='word_1_402' title='bbox 859 4651 1050 4708; x_wconf 84' lang='lat' dir='ltr'><strong>oportet</strong></span> <span class='ocrx_word' id='word_1_403' title='bbox 1092 4645 1272 4711; x_wconf 84' lang='lat' dir='ltr'><strong>eligere</strong></span> <span class='ocrx_word' id='word_1_404' title='bbox 1307 4659 1369 4695; x_wconf 82' lang='lat' dir='ltr'><strong>ea:</strong></span> <span class='ocrx_word' id='word_1_405' title='bbox 1396 4643 1555 4696; x_wconf 87' lang='lat' dir='ltr'><strong>nobis.</strong></span> <span class='ocrx_word' id='word_1_406' title='bbox 1587 4645 1898 4699; x_wconf 83' lang='lat' dir='ltr'><strong>Multitudini</strong></span> <span class='ocrx_word' id='word_1_407' title='bbox 1927 4663 2051 4716; x_wconf 84' lang='lat' dir='ltr'><strong>per-</strong></span> 
     </span>
    </p>
   </div>
   <div class='ocr_carea' id='block_1_50' title="bbox 474 4727 2048 4801">
    <p class='ocr_par' dir='ltr' id='par_1_50' title="bbox 474 4727 2048 4801">
     <span class='ocr_line' id='line_1_50' title="bbox 474 4727 2048 4801; baseline 0.004 -18"><span class='ocrx_word' id='word_1_408' title='bbox 474 4729 635 4783; x_wconf 90' lang='lat' dir='ltr'><strong>mittit</strong></span> <span class='ocrx_word' id='word_1_409' title='bbox 657 4727 935 4797; x_wconf 88' lang='lat' dir='ltr'><strong>judicium,</strong></span> <span class='ocrx_word' id='word_1_410' title='bbox 967 4731 1124 4784; x_wconf 90' lang='lat' dir='ltr'><strong>simul</strong></span> <span class='ocrx_word' id='word_1_411' title='bbox 1149 4745 1262 4796; x_wconf 91' lang='lat' dir='ltr'><strong>eos,</strong></span> <span class='ocrx_word' id='word_1_412' title='bbox 1293 4732 1382 4800; x_wconf 87' lang='lat' dir='ltr'><strong>qui</strong></span> <span class='ocrx_word' id='word_1_413' title='bbox 1409 4733 1758 4801; x_wconf 83' lang='lat' dir='ltr'><strong>eligebantur,</strong></span> <span class='ocrx_word' id='word_1_414' title='bbox 1789 4750 2048 4790; x_wconf 82' lang='lat' dir='ltr'><strong>veneran-</strong></span> 
     </span>
    </p>
   </div>
   <div class='ocr_carea' id='block_1_51' title="bbox 468 4817 2048 4892">
    <p class='ocr_par' dir='ltr' id='par_1_51' title="bbox 468 4817 2048 4892">
     <span class='ocr_line' id='line_1_51' title="bbox 468 4817 2048 4892; baseline 0.005 -20"><span class='ocrx_word' id='word_1_415' title='bbox 468 4817 566 4872; x_wconf 90' lang='lat' dir='ltr'><strong>dos</strong></span> <span class='ocrx_word' id='word_1_416' title='bbox 592 4817 842 4882; x_wconf 91' lang='lat' dir='ltr'><strong>reddens,</strong></span> <span class='ocrx_word' id='word_1_417' title='bbox 873 4834 1040 4887; x_wconf 86' lang='lat' dir='ltr'><strong>seque</strong></span> <span class='ocrx_word' id='word_1_418' title='bbox 1071 4820 1304 4874; x_wconf 87' lang='lat' dir='ltr'><strong>liberans</strong></span> <span class='ocrx_word' id='word_1_419' title='bbox 1328 4822 1394 4875; x_wconf 90' lang='lat' dir='ltr'><strong>ab</strong></span> <span class='ocrx_word' id='word_1_420' title='bbox 1420 4822 1636 4884; x_wconf 84' lang='lat' dir='ltr'><strong>invidia,</strong></span> <span class='ocrx_word' id='word_1_421' title='bbox 1667 4839 1785 4892; x_wconf 74' lang='lat' dir='ltr'><strong>qua:</strong></span> <span class='ocrx_word' id='word_1_422' title='bbox 1823 4826 2048 4880; x_wconf 90' lang='lat' dir='ltr'><strong>suboriri</strong></span> 
     </span>
    </p>
   </div>
   <div class='ocr_carea' id='block_1_52' title="bbox 473 4907 2046 4982">
    <p class='ocr_par' dir='ltr' id='par_1_52' title="bbox 473 4907 2046 4982">
     <span class='ocr_line' id='line_1_52' title="bbox 473 4907 2046 4982; baseline 0.005 -20"><span class='ocrx_word' id='word_1_423' title='bbox 473 4917 701 4979; x_wconf 85' lang='lat' dir='ltr'><strong>poterat.</strong></span> <span class='ocrx_word' id='word_1_424' title='bbox 731 4907 860 4962; x_wconf 83' lang='lat' dir='ltr'><strong>Nam</strong></span> <span class='ocrx_word' id='word_1_425' title='bbox 893 4909 1006 4964; x_wconf 82' lang='lat' dir='ltr'><strong>haec</strong></span> <span class='ocrx_word' id='word_1_426' title='bbox 1045 4927 1232 4980; x_wconf 85' lang='lat' dir='ltr'><strong>magna</strong></span> <span class='ocrx_word' id='word_1_427' title='bbox 1273 4927 1415 4981; x_wconf 67' lang='lat' dir='ltr'><strong>saepe</strong></span> <span class='ocrx_word' id='word_1_428' title='bbox 1453 4913 1628 4968; x_wconf 90' lang='lat' dir='ltr'><strong>solent</strong></span> <span class='ocrx_word' id='word_1_429' title='bbox 1666 4929 1853 4982; x_wconf 87' lang='lat' dir='ltr'><strong>parcre</strong></span> <span class='ocrx_word' id='word_1_430' title='bbox 1891 4918 2046 4970; x_wconf 86' lang='lat' dir='ltr'><strong>mala.</strong></span> 
     </span>
    </p>
   </div>
   <div class='ocr_carea' id='block_1_53' title="bbox 471 4998 2054 5072">
    <p class='ocr_par' dir='ltr' id='par_1_53' title="bbox 471 4998 2054 5072">
     <span class='ocr_line' id='line_1_53' title="bbox 471 4998 2054 5072; baseline 0.006 -20"><span class='ocrx_word' id='word_1_431' title='bbox 471 4998 624 5065; x_wconf 83' lang='lat' dir='ltr'><strong>Quod</strong></span> <span class='ocrx_word' id='word_1_432' title='bbox 651 4998 812 5068; x_wconf 84' lang='lat' dir='ltr'><strong>igitur</strong></span> <span class='ocrx_word' id='word_1_433' title='bbox 841 5001 917 5052; x_wconf 91' lang='lat' dir='ltr'><strong>sic</strong></span> <span class='ocrx_word' id='word_1_434' title='bbox 947 5000 1059 5053; x_wconf 88' lang='lat' dir='ltr'><strong>ﬁeri</strong></span> <span class='ocrx_word' id='word_1_435' title='bbox 1088 5010 1352 5069; x_wconf 88' lang='lat' dir='ltr'><strong>oporteat,</strong></span> <span class='ocrx_word' id='word_1_436' title='bbox 1400 5003 1712 5072; x_wconf 90' lang='lat' dir='ltr'><strong>prophetam</strong></span> <span class='ocrx_word' id='word_1_437' title='bbox 1739 5005 1950 5061; x_wconf 90' lang='lat' dir='ltr'><strong>adducit</strong></span> <span class='ocrx_word' id='word_1_438' title='bbox 1976 5017 2054 5061; x_wconf 91' lang='lat' dir='ltr'><strong>te-</strong></span> 
     </span>
    </p>
   </div>
   <div class='ocr_carea' id='block_1_54' title="bbox 470 5087 2050 5162">
    <p class='ocr_par' dir='ltr' id='par_1_54' title="bbox 470 5087 2050 5162">
     <span class='ocr_line' id='line_1_54' title="bbox 470 5087 2050 5162; baseline 0.004 -20"><span class='ocrx_word' id='word_1_439' title='bbox 470 5097 642 5143; x_wconf 82' lang='lat' dir='ltr'><strong>stem:</strong></span> <span class='ocrx_word' id='word_1_440' title='bbox 671 5103 735 5142; x_wconf 81' lang='lat' dir='ltr'><strong>ex</strong></span> <span class='ocrx_word' id='word_1_441' title='bbox 768 5087 959 5158; x_wconf 88' lang='lat' dir='ltr'><strong>quibus</strong></span> <span class='ocrx_word' id='word_1_442' title='bbox 983 5104 1110 5143; x_wconf 87' lang='lat' dir='ltr'><strong>vero</strong></span> <span class='ocrx_word' id='word_1_443' title='bbox 1131 5091 1441 5145; x_wconf 88' lang='lat' dir='ltr'><strong>electionem</strong></span> <span class='ocrx_word' id='word_1_444' title='bbox 1455 5092 1570 5147; x_wconf 87' lang='lat' dir='ltr'><strong>ﬁeri</strong></span> <span class='ocrx_word' id='word_1_445' title='bbox 1595 5103 1856 5162; x_wconf 88' lang='lat' dir='ltr'><strong>oporteat,</strong></span> <span class='ocrx_word' id='word_1_446' title='bbox 1885 5096 2050 5150; x_wconf 87' lang='lat' dir='ltr'><strong>inter-</strong></span> 
     </span>
    </p>
   </div>
   <div class='ocr_carea' id='block_1_55' title="bbox 473 5181 2052 5256">
    <p class='ocr_par' dir='ltr' id='par_1_55' title="bbox 473 5181 2052 5256">
     <span class='ocr_line' id='line_1_55' title="bbox 473 5181 2052 5256; baseline 0.006 -25"><span class='ocrx_word' id='word_1_447' title='bbox 473 5189 710 5249; x_wconf 85' lang='lat' dir='ltr'><strong>pretatur</strong></span> <span class='ocrx_word' id='word_1_448' title='bbox 738 5182 848 5249; x_wconf 83' lang='lat' dir='ltr'><strong>ipse</strong></span> <span class='ocrx_word' id='word_1_449' title='bbox 884 5181 1086 5245; x_wconf 89' lang='lat' dir='ltr'><strong>dicens,</strong></span> <span class='ocrx_word' id='word_1_450' title='bbox 1120 5181 1201 5235; x_wconf 78' lang='lat' dir='ltr'><strong>Ea:</strong></span> <span class='ocrx_word' id='word_1_451' title='bbox 1226 5183 1307 5249; x_wconf 84' lang='lat' dir='ltr'><strong>iis,</strong></span> <span class='ocrx_word' id='word_1_452' title='bbox 1349 5184 1434 5252; x_wconf 90' lang='lat' dir='ltr'><strong>qui</strong></span> <span class='ocrx_word' id='word_1_453' title='bbox 1473 5185 1726 5238; x_wconf 83' lang='lat' dir='ltr'><strong>nobiscum</strong></span> <span class='ocrx_word' id='word_1_454' title='bbox 1767 5189 2052 5256; x_wconf 80' lang='lat' dir='ltr'><strong>congregati</strong></span> 
     </span>
    </p>
   </div>
   <div class='ocr_carea' id='block_1_56' title="bbox 475 5271 2054 5348">
    <p class='ocr_par' dir='ltr' id='par_1_56' title="bbox 475 5271 2054 5348">
     <span class='ocr_line' id='line_1_56' title="bbox 475 5271 2054 5348; baseline 0.006 -25"><span class='ocrx_word' id='word_1_455' title='bbox 475 5280 614 5335; x_wconf 82' lang='lat' dir='ltr'><strong>sunt,</strong></span> <span class='ocrx_word' id='word_1_456' title='bbox 641 5271 691 5323; x_wconf 87' lang='lat' dir='ltr'><strong>in</strong></span> <span class='ocrx_word' id='word_1_457' title='bbox 719 5273 854 5323; x_wconf 86' lang='lat' dir='ltr'><strong>omni</strong></span> <span class='ocrx_word' id='word_1_458' title='bbox 882 5281 1119 5339; x_wconf 75' lang='lat' dir='ltr'><strong>tenipore.</strong></span> <span class='ocrx_word' id='word_1_459' title='bbox 1145 5274 1200 5326; x_wconf 91' lang='lat' dir='ltr'><strong>Si</strong></span> <span class='ocrx_word' id='word_1_460' title='bbox 1233 5275 1370 5327; x_wconf 91' lang='lat' dir='ltr'><strong>enim</strong></span> <span class='ocrx_word' id='word_1_461' title='bbox 1393 5275 1647 5340; x_wconf 79' lang='lat' dir='ltr'><strong>dixisset,</strong></span> <span class='ocrx_word' id='word_1_462' title='bbox 1673 5277 1867 5347; x_wconf 87' lang='lat' dir='ltr'><strong>Dignos</strong></span> <span class='ocrx_word' id='word_1_463' title='bbox 1894 5293 2054 5348; x_wconf 82' lang='lat' dir='ltr'><strong>Opor-</strong></span> 
     </span>
    </p>
   </div>
   <div class='ocr_carea' id='block_1_57' title="bbox 477 5360 2051 5424">
    <p class='ocr_par' dir='ltr' id='par_1_57' title="bbox 477 5360 2051 5424">
     <span class='ocr_line' id='line_1_57' title="bbox 477 5360 2051 5424; baseline 0.004 -11"><span class='ocrx_word' id='word_1_464' title='bbox 477 5369 552 5413; x_wconf 82' lang='lat' dir='ltr'><strong>tet</strong></span> <span class='ocrx_word' id='word_1_465' title='bbox 571 5360 778 5424; x_wconf 84' lang='lat' dir='ltr'><strong>adesse.</strong></span> <span class='ocrx_word' id='word_1_466' title='bbox 804 5371 1026 5416; x_wconf 60' lang='lat' dir='ltr'><strong>exteros</strong></span> <span class='ocrx_word' id='word_1_467' title='bbox 1047 5361 1311 5418; x_wconf 84' lang='lat' dir='ltr'><strong>allecisset</strong></span> <span class='ocrx_word' id='word_1_468' title='bbox 1335 5368 1676 5422; x_wconf 87' lang='lat' dir='ltr'><strong>contumelia.</strong></span> <span class='ocrx_word' id='word_1_469' title='bbox 1704 5367 1852 5422; x_wconf 89' lang='lat' dir='ltr'><strong>Nunc</strong></span> <span class='ocrx_word' id='word_1_470' title='bbox 1876 5377 2051 5421; x_wconf 90' lang='lat' dir='ltr'><strong>autem</strong></span> 
     </span>
    </p>
   </div>
   <div class='ocr_carea' id='block_1_58' title="bbox 476 5451 2055 5525">
    <p class='ocr_par' dir='ltr' id='par_1_58' title="bbox 476 5451 2055 5525">
     <span class='ocr_line' id='line_1_58' title="bbox 476 5451 2055 5525; baseline 0.003 -22"><span class='ocrx_word' id='word_1_471' title='bbox 476 5451 699 5519; x_wconf 85' lang='lat' dir='ltr'><strong>tempori</strong></span> <span class='ocrx_word' id='word_1_472' title='bbox 744 5466 855 5504; x_wconf 89' lang='lat' dir='ltr'><strong>rem</strong></span> <span class='ocrx_word' id='word_1_473' title='bbox 899 5453 1204 5518; x_wconf 65' lang='lat' dir='ltr'><strong>conmisit;</strong></span> <span class='ocrx_word' id='word_1_474' title='bbox 1253 5470 1349 5508; x_wconf 92' lang='lat' dir='ltr'><strong>nec</strong></span> <span class='ocrx_word' id='word_1_475' title='bbox 1391 5455 1522 5508; x_wconf 76' lang='lat' dir='ltr'><strong>dixit</strong></span> <span class='ocrx_word' id='word_1_476' title='bbox 1562 5456 1894 5525; x_wconf 90' lang='lat' dir='ltr'><strong>simpliciter,</strong></span> <span class='ocrx_word' id='word_1_477' title='bbox 1954 5455 2055 5520; x_wconf 85' lang='lat' dir='ltr'><strong>Qui</strong></span> 
     </span>
    </p>
   </div>
   <div class='ocr_carea' id='block_1_59' title="bbox 537 5559 2051 5627">
    <p class='ocr_par' dir='ltr' id='par_1_59' title="bbox 537 5559 2051 5627">
     <span class='ocr_line' id='line_1_59' title="bbox 537 5559 2051 5627; baseline 0.005 -21"><span class='ocrx_word' id='word_1_478' title='bbox 537 5560 611 5620; x_wconf 90' lang='lat' dir='ltr'><strong>(a)</strong></span> <span class='ocrx_word' id='word_1_479' title='bbox 652 5559 702 5608; x_wconf 86' lang='lat' dir='ltr'><strong>ld</strong></span> <span class='ocrx_word' id='word_1_480' title='bbox 725 5569 813 5627; x_wconf 69' lang='lat' dir='ltr'><strong>est</strong></span> <span class='ocrx_word' id='word_1_481' title='bbox 837 5565 907 5620; x_wconf 69' lang='grc' dir='ltr'><strong>,εἰ</strong></span> <span class='ocrx_word' id='word_1_482' title='bbox 930 5565 1159 5627; x_wconf 64' lang='lat' dir='ltr'><strong>apostolis</strong></span> <span class='ocrx_word' id='word_1_483' title='bbox 1183 5565 1352 5614; x_wconf 86' lang='lat' dir='ltr'><strong>accidit</strong></span> <span class='ocrx_word' id='word_1_484' title='bbox 1371 5571 1423 5616; x_wconf 87' lang='lat' dir='ltr'><strong>ut.</strong></span> <span class='ocrx_word' id='word_1_485' title='bbox 1443 5565 1508 5615; x_wconf 91' lang='lat' dir='ltr'><strong>de</strong></span> <span class='ocrx_word' id='word_1_486' title='bbox 1533 5567 1740 5627; x_wconf 74' lang='lat' dir='ltr'><strong>primatu</strong></span> <span class='ocrx_word' id='word_1_487' title='bbox 1779 5565 2051 5627; x_wconf 84' lang='lat' dir='ltr'><strong>contende-</strong></span> 
     </span>
    </p>
   </div>
   <div class='ocr_carea' id='block_1_60' title="bbox 477 5621 2049 5691">
    <p class='ocr_par' dir='ltr' id='par_1_60' title="bbox 477 5621 2049 5691">
     <span class='ocr_line' id='line_1_60' title="bbox 477 5621 2049 5691; baseline 0.002 -18"><span class='ocrx_word' id='word_1_488' title='bbox 477 5629 589 5691; x_wconf 62' lang='lat' dir='ltr'><strong>tetlt</strong></span> <span class='ocrx_word' id='word_1_489' title='bbox 606 5633 621 5671; x_wconf 88' lang='lat'><strong>:</strong></span> <span class='ocrx_word' id='word_1_490' title='bbox 640 5621 973 5691; x_wconf 60' lang='lat' dir='ltr'><strong>multomagis</strong></span> <span class='ocrx_word' id='word_1_491' title='bbox 987 5626 1207 5675; x_wconf 80' lang='lat' dir='ltr'><strong>accidere</strong></span> <span class='ocrx_word' id='word_1_492' title='bbox 1233 5635 1423 5691; x_wconf 82' lang='lat' dir='ltr'><strong>p0&#39;erat</strong></span> <span class='ocrx_word' id='word_1_493' title='bbox 1439 5662 1453 5679; x_wconf 92' lang='lat'><strong>.</strong></span> <span class='ocrx_word' id='word_1_494' title='bbox 1479 5621 1636 5690; x_wconf 63' lang='lat' dir='ltr'><strong>ut&#39;qui</strong></span> <span class='ocrx_word' id='word_1_495' title='bbox 1661 5626 1880 5689; x_wconf 79' lang='lat' dir='ltr'><strong>eligendi</strong></span> <span class='ocrx_word' id='word_1_496' title='bbox 1906 5632 2049 5676; x_wconf 90' lang='lat' dir='ltr'><strong>erant</strong></span> 
     </span>
    </p>
   </div>
   <div class='ocr_carea' id='block_1_61' title="bbox 473 5681 1494 5742">
    <p class='ocr_par' dir='ltr' id='par_1_61' title="bbox 473 5681 1494 5742">
     <span class='ocr_line' id='line_1_61' title="bbox 473 5681 1494 5742; baseline 0.008 -15"><span class='ocrx_word' id='word_1_497' title='bbox 473 5682 520 5729; x_wconf 87' lang='lat' dir='ltr'><strong>in</strong></span> <span class='ocrx_word' id='word_1_498' title='bbox 543 5681 702 5729; x_wconf 82' lang='lat' dir='ltr'><strong>locum</strong></span> <span class='ocrx_word' id='word_1_499' title='bbox 723 5683 878 5742; x_wconf 62' lang='lat' dir='ltr'><strong>Julia,</strong></span> <span class='ocrx_word' id='word_1_500' title='bbox 895 5681 1024 5734; x_wconf 78' lang='lat' dir='ltr'><strong>inter</strong></span> <span class='ocrx_word' id='word_1_501' title='bbox 1042 5700 1096 5736; x_wconf 88' lang='lat' dir='ltr'><strong>se</strong></span> <span class='ocrx_word' id='word_1_502' title='bbox 1119 5681 1494 5738; x_wconf 74' lang='lat' dir='ltr'><strong>contenderent.</strong></span> 
     </span>
    </p>
   </div>
   <div class='ocr_carea' id='block_1_62' title="bbox 2161 397 3755 470">
    <p class='ocr_par' dir='ltr' id='par_1_62' title="bbox 2161 397 3755 470">
     <span class='ocr_line' id='line_1_62' title="bbox 2161 397 3755 470; baseline 0.003 -21"><span class='ocrx_word' id='word_1_503' title='bbox 2161 399 2447 468; x_wconf 86' lang='lat' dir='ltr'><strong>congregati</strong></span> <span class='ocrx_word' id='word_1_504' title='bbox 2473 408 2607 464; x_wconf 89' lang='lat' dir='ltr'><strong>sunt,</strong></span> <span class='ocrx_word' id='word_1_505' title='bbox 2636 399 2728 454; x_wconf 90' lang='lat' dir='ltr'><strong>scd</strong></span> <span class='ocrx_word' id='word_1_506' title='bbox 2759 399 2988 464; x_wconf 90' lang='lat' dir='ltr'><strong>addidit,</strong></span> <span class='ocrx_word' id='word_1_507' title='bbox 3021 397 3086 452; x_wconf 83' lang='lat' dir='ltr'><strong>In</strong></span> <span class='ocrx_word' id='word_1_508' title='bbox 3117 400 3251 452; x_wconf 88' lang='lat' dir='ltr'><strong>onmi</strong></span> <span class='ocrx_word' id='word_1_509' title='bbox 3277 408 3518 469; x_wconf 83' lang='lat' dir='ltr'><strong>tempore,</strong></span> <span class='ocrx_word' id='word_1_510' title='bbox 3539 416 3650 470; x_wconf 83' lang='lat' dir='ltr'><strong>quo</strong></span> <span class='ocrx_word' id='word_1_511' title='bbox 3675 402 3755 453; x_wconf 81' lang='lat' dir='ltr'><strong>iu-</strong></span> 
     </span>
    </p>
   </div>
   <div class='ocr_carea' id='block_1_63' title="bbox 2156 489 3756 558">
    <p class='ocr_par' dir='ltr' id='par_1_63' title="bbox 2156 489 3756 558">
     <span class='ocr_line' id='line_1_63' title="bbox 2156 489 3756 558; baseline 0.002 -19"><span class='ocrx_word' id='word_1_512' title='bbox 2156 489 2304 540; x_wconf 80' lang='lat' dir='ltr'><strong>trarit</strong></span> <span class='ocrx_word' id='word_1_513' title='bbox 2332 497 2377 541; x_wconf 90' lang='lat' dir='ltr'><strong>et</strong></span> <span class='ocrx_word' id='word_1_514' title='bbox 2405 489 2554 541; x_wconf 77' lang='lat' dir='ltr'><strong>exivit</strong></span> <span class='ocrx_word' id='word_1_515' title='bbox 2582 491 2714 543; x_wconf 90' lang='lat' dir='ltr'><strong>inter</strong></span> <span class='ocrx_word' id='word_1_516' title='bbox 2737 507 2827 543; x_wconf 86' lang='lat' dir='ltr'><strong>nos</strong></span> <span class='ocrx_word' id='word_1_517' title='bbox 2855 489 3104 544; x_wconf 86' lang='lat' dir='ltr'><strong>Dominus</strong></span> <span class='ocrx_word' id='word_1_518' title='bbox 3127 489 3298 555; x_wconf 88' lang='lat' dir='ltr'><strong>Jesus,</strong></span> <span class='ocrx_word' id='word_1_519' title='bbox 3325 490 3416 544; x_wconf 74' lang='lat'><strong>22.</strong></span> <span class='ocrx_word' id='word_1_520' title='bbox 3448 490 3697 558; x_wconf 83' lang='lat' dir='ltr'><strong>incipiens</strong></span> <span class='ocrx_word' id='word_1_521' title='bbox 3723 507 3756 542; x_wconf 84' lang='grc' dir='ltr'><em>α</em></span> 
     </span>
    </p>
   </div>
   <div class='ocr_carea' id='block_1_64' title="bbox 2155 576 3757 650">
    <p class='ocr_par' dir='ltr' id='par_1_64' title="bbox 2155 576 3757 650">
     <span class='ocr_line' id='line_1_64' title="bbox 2155 576 3757 650; baseline 0.003 -22"><span class='ocrx_word' id='word_1_522' title='bbox 2155 576 2451 644; x_wconf 86' lang='lat' dir='ltr'><strong>baptismate</strong></span> <span class='ocrx_word' id='word_1_523' title='bbox 2474 578 2707 644; x_wconf 87' lang='lat' dir='ltr'><strong>Joannis,</strong></span> <span class='ocrx_word' id='word_1_524' title='bbox 2737 597 2890 650; x_wconf 85' lang='lat' dir='ltr'><strong>usque</strong></span> <span class='ocrx_word' id='word_1_525' title='bbox 2924 581 2976 632; x_wconf 88' lang='lat' dir='ltr'><strong>in</strong></span> <span class='ocrx_word' id='word_1_526' title='bbox 3001 580 3133 633; x_wconf 85' lang='lat' dir='ltr'><strong>diem</strong></span> <span class='ocrx_word' id='word_1_527' title='bbox 3159 597 3258 648; x_wconf 85' lang='lat' dir='ltr'><strong>qua</strong></span> <span class='ocrx_word' id='word_1_528' title='bbox 3285 591 3575 650; x_wconf 85' lang='lat' dir='ltr'><strong>assumptus</strong></span> <span class='ocrx_word' id='word_1_529' title='bbox 3601 591 3679 635; x_wconf 85' lang='lat' dir='ltr'><strong>est</strong></span> <span class='ocrx_word' id='word_1_530' title='bbox 3722 599 3757 633; x_wconf 79' lang='grc' dir='ltr'><em>α</em></span> 
     </span>
    </p>
   </div>
   <div class='ocr_carea' id='block_1_65' title="bbox 2159 670 3756 740">
    <p class='ocr_par' dir='ltr' id='par_1_65' title="bbox 2159 670 3756 740">
     <span class='ocr_line' id='line_1_65' title="bbox 2159 670 3756 740; baseline 0.003 -20"><span class='ocrx_word' id='word_1_531' title='bbox 2159 670 2319 732; x_wconf 86' lang='lat' dir='ltr'><strong>nobis,</strong></span> <span class='ocrx_word' id='word_1_532' title='bbox 2348 679 2519 724; x_wconf 86' lang='lat' dir='ltr'><strong>testem</strong></span> <span class='ocrx_word' id='word_1_533' title='bbox 2548 673 2924 724; x_wconf 87' lang='lat' dir='ltr'><strong>resurrectionis</strong></span> <span class='ocrx_word' id='word_1_534' title='bbox 2953 673 3060 740; x_wconf 88' lang='lat' dir='ltr'><strong>ejus</strong></span> <span class='ocrx_word' id='word_1_535' title='bbox 3087 672 3344 725; x_wconf 88' lang='lat' dir='ltr'><strong>nobiscum</strong></span> <span class='ocrx_word' id='word_1_536' title='bbox 3369 671 3482 738; x_wconf 79' lang='lat' dir='ltr'><strong>ﬁeri</strong></span> <span class='ocrx_word' id='word_1_537' title='bbox 3507 687 3669 725; x_wconf 89' lang='lat' dir='ltr'><strong>unum</strong></span> <span class='ocrx_word' id='word_1_538' title='bbox 3690 689 3756 724; x_wconf 69' lang='lat' dir='ltr'><strong>ex</strong></span> 
     </span>
    </p>
   </div>
   <div class='ocr_carea' id='block_1_66' title="bbox 2159 760 3749 831">
    <p class='ocr_par' dir='ltr' id='par_1_66' title="bbox 2159 760 3749 831">
     <span class='ocr_line' id='line_1_66' title="bbox 2159 760 3749 831; baseline 0.003 -20"><span class='ocrx_word' id='word_1_539' title='bbox 2159 760 2287 816; x_wconf 85' lang='lat' dir='ltr'><strong>istis.</strong></span> <span class='ocrx_word' id='word_1_540' title='bbox 2318 761 2396 815; x_wconf 81' lang='lat' dir='ltr'><strong>Ad</strong></span> <span class='ocrx_word' id='word_1_541' title='bbox 2423 761 2549 831; x_wconf 91' lang='lat' dir='ltr'><strong>quid</strong></span> <span class='ocrx_word' id='word_1_542' title='bbox 2575 762 2746 816; x_wconf 87' lang='lat' dir='ltr'><strong>illud?</strong></span> <span class='ocrx_word' id='word_1_543' title='bbox 2775 761 2852 816; x_wconf 88' lang='lat' dir='ltr'><strong>Ne</strong></span> <span class='ocrx_word' id='word_1_544' title='bbox 2875 762 3073 818; x_wconf 88' lang='lat' dir='ltr'><strong>chorus</strong></span> <span class='ocrx_word' id='word_1_545' title='bbox 3096 776 3323 817; x_wconf 88' lang='lat' dir='ltr'><strong>numero</strong></span> <span class='ocrx_word' id='word_1_546' title='bbox 3350 771 3629 816; x_wconf 91' lang='lat' dir='ltr'><strong>truncatus</strong></span> <span class='ocrx_word' id='word_1_547' title='bbox 3658 777 3749 816; x_wconf 88' lang='lat' dir='ltr'><strong>es-</strong></span> 
     </span>
    </p>
   </div>
   <div class='ocr_carea' id='block_1_67' title="bbox 2160 851 3756 922">
    <p class='ocr_par' dir='ltr' id='par_1_67' title="bbox 2160 851 3756 922">
     <span class='ocr_line' id='line_1_67' title="bbox 2160 851 3756 922; baseline 0.001 -18"><span class='ocrx_word' id='word_1_548' title='bbox 2160 860 2260 904; x_wconf 87' lang='lat' dir='ltr'><strong>set.</strong></span> <span class='ocrx_word' id='word_1_549' title='bbox 2287 852 2422 919; x_wconf 84' lang='lat' dir='ltr'><strong>Quid</strong></span> <span class='ocrx_word' id='word_1_550' title='bbox 2447 853 2613 922; x_wconf 83' lang='lat' dir='ltr'><strong>ergo?</strong></span> <span class='ocrx_word' id='word_1_551' title='bbox 2633 869 2699 906; x_wconf 89' lang='lat' dir='ltr'><strong>an</strong></span> <span class='ocrx_word' id='word_1_552' title='bbox 2725 853 2938 908; x_wconf 81' lang='lat' dir='ltr'><strong>Petrum</strong></span> <span class='ocrx_word' id='word_1_553' title='bbox 2970 853 3143 922; x_wconf 88' lang='lat' dir='ltr'><strong>ipsum</strong></span> <span class='ocrx_word' id='word_1_554' title='bbox 3163 853 3360 922; x_wconf 85' lang='lat' dir='ltr'><strong>eligere</strong></span> <span class='ocrx_word' id='word_1_555' title='bbox 3386 867 3492 906; x_wconf 91' lang='lat' dir='ltr'><strong>non</strong></span> <span class='ocrx_word' id='word_1_556' title='bbox 3513 851 3756 908; x_wconf 75' lang='lat' dir='ltr'><strong>licebat?</strong></span> 
     </span>
    </p>
   </div>
   <div class='ocr_carea' id='block_1_68' title="bbox 2161 940 3750 1012">
    <p class='ocr_par' dir='ltr' id='par_1_68' title="bbox 2161 940 3750 1012">
     <span class='ocr_line' id='line_1_68' title="bbox 2161 940 3750 1012; baseline 0.001 -17"><span class='ocrx_word' id='word_1_557' title='bbox 2161 940 2379 995; x_wconf 87' lang='lat' dir='ltr'><strong>Licebat</strong></span> <span class='ocrx_word' id='word_1_558' title='bbox 2406 943 2626 1012; x_wconf 87' lang='lat' dir='ltr'><strong>utique;</strong></span> <span class='ocrx_word' id='word_1_559' title='bbox 2655 942 2750 998; x_wconf 89' lang='lat' dir='ltr'><strong>sed</strong></span> <span class='ocrx_word' id='word_1_560' title='bbox 2781 959 2848 998; x_wconf 89' lang='lat' dir='ltr'><strong>ne</strong></span> <span class='ocrx_word' id='word_1_561' title='bbox 2873 943 3144 997; x_wconf 89' lang='lat' dir='ltr'><strong>videretur</strong></span> <span class='ocrx_word' id='word_1_562' title='bbox 3182 942 3246 996; x_wconf 90' lang='lat' dir='ltr'><strong>ad</strong></span> <span class='ocrx_word' id='word_1_563' title='bbox 3274 943 3498 1011; x_wconf 85' lang='lat' dir='ltr'><strong>gratiam</strong></span> <span class='ocrx_word' id='word_1_564' title='bbox 3530 943 3711 997; x_wconf 81' lang='lat' dir='ltr'><strong>facere</strong></span> <span class='ocrx_word' id='word_1_565' title='bbox 3733 983 3750 1008; x_wconf 90' lang='lat'><strong>,</strong></span> 
     </span>
    </p>
   </div>
   <div class='ocr_carea' id='block_1_69' title="bbox 2159 1031 3754 1107">
    <p class='ocr_par' dir='ltr' id='par_1_69' title="bbox 2159 1031 3754 1107">
     <span class='ocr_line' id='line_1_69' title="bbox 2159 1031 3754 1107; baseline 0.002 -23"><span class='ocrx_word' id='word_1_566' title='bbox 2159 1031 2410 1086; x_wconf 89' lang='lat' dir='ltr'><strong>abstinet.</strong></span> <span class='ocrx_word' id='word_1_567' title='bbox 2455 1033 2702 1103; x_wconf 88' lang='lat' dir='ltr'><strong>Alioquin</strong></span> <span class='ocrx_word' id='word_1_568' title='bbox 2749 1033 3154 1107; x_wconf 48' lang='lat' dir='ltr'><strong>veroprondum</strong></span> <span class='ocrx_word' id='word_1_569' title='bbox 3204 1033 3432 1102; x_wconf 89' lang='lat' dir='ltr'><strong>Spiritus</strong></span> <span class='ocrx_word' id='word_1_570' title='bbox 3481 1035 3754 1105; x_wconf 84' lang='lat' dir='ltr'><strong>particeps</strong></span> 
     </span>
    </p>
   </div>
   <div class='ocr_carea' id='block_1_70' title="bbox 2161 1121 3751 1193">
    <p class='ocr_par' dir='ltr' id='par_1_70' title="bbox 2161 1121 3751 1193">
     <span class='ocr_line' id='line_1_70' title="bbox 2161 1121 3751 1193; baseline -0.001 -16"><span class='ocrx_word' id='word_1_571' title='bbox 2161 1130 2297 1177; x_wconf 85' lang='lat' dir='ltr'><strong>erat.</strong></span> <span class='ocrx_word' id='word_1_572' title='bbox 2329 1123 2419 1178; x_wconf 79' lang='lat'><strong>23.</strong></span> <span class='ocrx_word' id='word_1_573' title='bbox 2447 1121 2516 1176; x_wconf 85' lang='lat' dir='ltr'><strong>Et</strong></span> <span class='ocrx_word' id='word_1_574' title='bbox 2541 1133 2816 1177; x_wconf 86' lang='lat' dir='ltr'><strong>statuerunt</strong></span> <span class='ocrx_word' id='word_1_575' title='bbox 2835 1165 2851 1188; x_wconf 98' lang='lat'><strong>,</strong></span> <span class='ocrx_word' id='word_1_576' title='bbox 2883 1124 3085 1193; x_wconf 91' lang='lat' dir='ltr'><strong>inquit,</strong></span> <span class='ocrx_word' id='word_1_577' title='bbox 3117 1123 3267 1188; x_wconf 84' lang='lat' dir='ltr'><strong>duos,</strong></span> <span class='ocrx_word' id='word_1_578' title='bbox 3297 1122 3513 1192; x_wconf 81' lang='lat' dir='ltr'><strong>Joseph,</strong></span> <span class='ocrx_word' id='word_1_579' title='bbox 3554 1124 3644 1193; x_wconf 85' lang='lat' dir='ltr'><strong>qui</strong></span> <span class='ocrx_word' id='word_1_580' title='bbox 3672 1138 3751 1175; x_wconf 86' lang='lat' dir='ltr'><strong>vo-</strong></span> 
     </span>
    </p>
   </div>
   <div class='ocr_carea' id='block_1_71' title="bbox 2161 1215 3752 1286">
    <p class='ocr_par' dir='ltr' id='par_1_71' title="bbox 2161 1215 3752 1286">
     <span class='ocr_line' id='line_1_71' title="bbox 2161 1215 3752 1286; baseline -0.001 -18"><span class='ocrx_word' id='word_1_581' title='bbox 2161 1215 2366 1268; x_wconf 85' lang='lat' dir='ltr'><strong>cabatur</strong></span> <span class='ocrx_word' id='word_1_582' title='bbox 2387 1215 2657 1280; x_wconf 87' lang='lat' dir='ltr'><strong>Barsabas,</strong></span> <span class='ocrx_word' id='word_1_583' title='bbox 2689 1217 2771 1284; x_wconf 87' lang='lat' dir='ltr'><strong>qui</strong></span> <span class='ocrx_word' id='word_1_584' title='bbox 2801 1217 3183 1286; x_wconf 86' lang='lat' dir='ltr'><strong>cognominatus</strong></span> <span class='ocrx_word' id='word_1_585' title='bbox 3209 1227 3280 1268; x_wconf 85' lang='lat' dir='ltr'><strong>est</strong></span> <span class='ocrx_word' id='word_1_586' title='bbox 3307 1215 3508 1279; x_wconf 81' lang='lat' dir='ltr'><strong>Justus,</strong></span> <span class='ocrx_word' id='word_1_587' title='bbox 3531 1225 3578 1267; x_wconf 77' lang='lat' dir='ltr'><strong>et</strong></span> <span class='ocrx_word' id='word_1_588' title='bbox 3618 1215 3752 1268; x_wconf 67' lang='lat' dir='ltr'><strong>diat-</strong></span> 
     </span>
    </p>
   </div>
   <div class='ocr_carea' id='block_1_72' title="bbox 2162 1305 3748 1374">
    <p class='ocr_par' dir='ltr' id='par_1_72' title="bbox 2162 1305 3748 1374">
     <span class='ocr_line' id='line_1_72' title="bbox 2162 1305 3748 1374; baseline 0 -16"><span class='ocrx_word' id='word_1_589' title='bbox 2162 1307 2337 1358; x_wconf 85' lang='lat' dir='ltr'><strong>thiam.</strong></span> <span class='ocrx_word' id='word_1_590' title='bbox 2365 1305 2480 1359; x_wconf 87' lang='lat' dir='ltr'><strong>Non</strong></span> <span class='ocrx_word' id='word_1_591' title='bbox 2521 1306 2633 1374; x_wconf 92' lang='lat' dir='ltr'><strong>ipse</strong></span> <span class='ocrx_word' id='word_1_592' title='bbox 2673 1307 2793 1360; x_wconf 90' lang='lat' dir='ltr'><strong>illos</strong></span> <span class='ocrx_word' id='word_1_593' title='bbox 2822 1306 3006 1359; x_wconf 89' lang='lat' dir='ltr'><strong>statuit</strong></span> <span class='ocrx_word' id='word_1_594' title='bbox 3031 1344 3046 1370; x_wconf 92' lang='lat'><strong>,</strong></span> <span class='ocrx_word' id='word_1_595' title='bbox 3090 1305 3183 1358; x_wconf 90' lang='lat' dir='ltr'><strong>sed</strong></span> <span class='ocrx_word' id='word_1_596' title='bbox 3214 1319 3420 1358; x_wconf 88' lang='lat' dir='ltr'><strong>omnes.</strong></span> <span class='ocrx_word' id='word_1_597' title='bbox 3451 1305 3748 1360; x_wconf 90' lang='lat' dir='ltr'><strong>Consilium</strong></span> 
     </span>
    </p>
   </div>
   <div class='ocr_carea' id='block_1_73' title="bbox 2160 1394 3748 1467">
    <p class='ocr_par' dir='ltr' id='par_1_73' title="bbox 2160 1394 3748 1467">
     <span class='ocr_line' id='line_1_73' title="bbox 2160 1394 3748 1467; baseline -0.001 -17"><span class='ocrx_word' id='word_1_598' title='bbox 2160 1413 2286 1452; x_wconf 80' lang='lat' dir='ltr'><strong>vero</strong></span> <span class='ocrx_word' id='word_1_599' title='bbox 2313 1398 2426 1466; x_wconf 90' lang='lat' dir='ltr'><strong>ipse</strong></span> <span class='ocrx_word' id='word_1_600' title='bbox 2451 1399 2690 1467; x_wconf 89' lang='lat' dir='ltr'><strong>protulit,</strong></span> <span class='ocrx_word' id='word_1_601' title='bbox 2719 1396 3010 1452; x_wconf 86' lang='lat' dir='ltr'><strong>ostendens</strong></span> <span class='ocrx_word' id='word_1_602' title='bbox 3037 1411 3144 1451; x_wconf 91' lang='lat' dir='ltr'><strong>non</strong></span> <span class='ocrx_word' id='word_1_603' title='bbox 3169 1411 3323 1450; x_wconf 91' lang='lat' dir='ltr'><strong>suum</strong></span> <span class='ocrx_word' id='word_1_604' title='bbox 3348 1409 3490 1462; x_wconf 90' lang='lat' dir='ltr'><strong>esse,</strong></span> <span class='ocrx_word' id='word_1_605' title='bbox 3515 1394 3611 1449; x_wconf 86' lang='lat' dir='ltr'><strong>sed</strong></span> <span class='ocrx_word' id='word_1_606' title='bbox 3633 1395 3748 1463; x_wconf 76' lang='lat' dir='ltr'><strong>jam</strong></span> 
     </span>
    </p>
   </div>
   <div class='ocr_carea' id='block_1_74' title="bbox 2160 1489 3746 1560">
    <p class='ocr_par' dir='ltr' id='par_1_74' title="bbox 2160 1489 3746 1560">
     <span class='ocr_line' id='line_1_74' title="bbox 2160 1489 3746 1560; baseline -0.001 -17"><span class='ocrx_word' id='word_1_607' title='bbox 2160 1491 2286 1543; x_wconf 89' lang='lat' dir='ltr'><strong>olim</strong></span> <span class='ocrx_word' id='word_1_608' title='bbox 2319 1491 2369 1543; x_wconf 90' lang='lat' dir='ltr'><strong>in</strong></span> <span class='ocrx_word' id='word_1_609' title='bbox 2401 1490 2675 1558; x_wconf 82' lang='lat' dir='ltr'><strong>pmphetia</strong></span> <span class='ocrx_word' id='word_1_610' title='bbox 2705 1489 2905 1544; x_wconf 71' lang='lat' dir='ltr'><strong>eﬁ‘erri.</strong></span> <span class='ocrx_word' id='word_1_611' title='bbox 2936 1489 3120 1560; x_wconf 89' lang='lat' dir='ltr'><strong>Itaque</strong></span> <span class='ocrx_word' id='word_1_612' title='bbox 3163 1490 3428 1560; x_wconf 89' lang='lat' dir='ltr'><strong>interpres</strong></span> <span class='ocrx_word' id='word_1_613' title='bbox 3454 1489 3554 1543; x_wconf 78' lang='lat' dir='ltr'><strong>fuit</strong></span> <span class='ocrx_word' id='word_1_614' title='bbox 3576 1530 3593 1555; x_wconf 90' lang='lat'><strong>,</strong></span> <span class='ocrx_word' id='word_1_615' title='bbox 3637 1506 3746 1542; x_wconf 90' lang='lat' dir='ltr'><strong>non</strong></span> 
     </span>
    </p>
   </div>
   <div class='ocr_carea' id='block_1_75' title="bbox 2160 1578 3745 1650">
    <p class='ocr_par' dir='ltr' id='par_1_75' title="bbox 2160 1578 3745 1650">
     <span class='ocr_line' id='line_1_75' title="bbox 2160 1578 3745 1650; baseline 0.001 -18"><span class='ocrx_word' id='word_1_616' title='bbox 2160 1588 2469 1648; x_wconf 68' lang='lat' dir='ltr'><strong>praeceptor.</strong></span> <span class='ocrx_word' id='word_1_617' title='bbox 2496 1578 2686 1649; x_wconf 83' lang='lat' dir='ltr'><strong>Joseph</strong></span> <span class='ocrx_word' id='word_1_618' title='bbox 2713 1581 2800 1648; x_wconf 89' lang='lat' dir='ltr'><strong>qui</strong></span> <span class='ocrx_word' id='word_1_619' title='bbox 2834 1581 3100 1633; x_wconf 86' lang='lat' dir='ltr'><strong>vocabatur</strong></span> <span class='ocrx_word' id='word_1_620' title='bbox 3136 1578 3410 1647; x_wconf 85' lang='lat' dir='ltr'><strong>Barsalms,</strong></span> <span class='ocrx_word' id='word_1_621' title='bbox 3437 1580 3524 1648; x_wconf 87' lang='lat' dir='ltr'><strong>qui</strong></span> <span class='ocrx_word' id='word_1_622' title='bbox 3550 1596 3745 1650; x_wconf 71' lang='lat' dir='ltr'><strong>cogno-</strong></span> 
     </span>
    </p>
   </div>
   <div class='ocr_carea' id='block_1_76' title="bbox 2159 1669 3750 1740">
    <p class='ocr_par' dir='ltr' id='par_1_76' title="bbox 2159 1669 3750 1740">
     <span class='ocr_line' id='line_1_76' title="bbox 2159 1669 3750 1740; baseline 0.001 -18"><span class='ocrx_word' id='word_1_623' title='bbox 2159 1671 2378 1724; x_wconf 88' lang='lat' dir='ltr'><strong>minatus</strong></span> <span class='ocrx_word' id='word_1_624' title='bbox 2433 1681 2504 1724; x_wconf 88' lang='lat' dir='ltr'><strong>est</strong></span> <span class='ocrx_word' id='word_1_625' title='bbox 2554 1672 2755 1724; x_wconf 80' lang='lat' dir='ltr'><strong>Justus.</strong></span> <span class='ocrx_word' id='word_1_626' title='bbox 2803 1669 2963 1726; x_wconf 86' lang='lat' dir='ltr'><strong>Forte</strong></span> <span class='ocrx_word' id='word_1_627' title='bbox 3005 1670 3146 1739; x_wconf 89' lang='lat' dir='ltr'><strong>quod</strong></span> <span class='ocrx_word' id='word_1_628' title='bbox 3179 1671 3361 1740; x_wconf 90' lang='lat' dir='ltr'><strong>plures</strong></span> <span class='ocrx_word' id='word_1_629' title='bbox 3399 1672 3750 1740; x_wconf 82' lang='lat' dir='ltr'><strong>cognomines</strong></span> 
     </span>
    </p>
   </div>
   <div class='ocr_carea' id='block_1_77' title="bbox 2157 1761 3747 1832">
    <p class='ocr_par' dir='ltr' id='par_1_77' title="bbox 2157 1761 3747 1832">
     <span class='ocr_line' id='line_1_77' title="bbox 2157 1761 3747 1832; baseline 0.002 -18"><span class='ocrx_word' id='word_1_630' title='bbox 2157 1771 2353 1823; x_wconf 88' lang='lat' dir='ltr'><strong>essent,</strong></span> <span class='ocrx_word' id='word_1_631' title='bbox 2381 1770 2662 1830; x_wconf 86' lang='lat' dir='ltr'><strong>utrumque</strong></span> <span class='ocrx_word' id='word_1_632' title='bbox 2689 1761 2903 1830; x_wconf 89' lang='lat' dir='ltr'><strong>posuit:</strong></span> <span class='ocrx_word' id='word_1_633' title='bbox 2927 1775 3049 1815; x_wconf 90' lang='lat' dir='ltr'><strong>nam</strong></span> <span class='ocrx_word' id='word_1_634' title='bbox 3069 1761 3215 1816; x_wconf 89' lang='lat' dir='ltr'><strong>inter</strong></span> <span class='ocrx_word' id='word_1_635' title='bbox 3236 1761 3506 1832; x_wconf 88' lang='lat' dir='ltr'><strong>apostolos</strong></span> <span class='ocrx_word' id='word_1_636' title='bbox 3533 1777 3747 1831; x_wconf 88' lang='lat' dir='ltr'><strong>quoque</strong></span> 
     </span>
    </p>
   </div>
   <div class='ocr_carea' id='block_1_78' title="bbox 2158 1852 3745 1921">
    <p class='ocr_par' dir='ltr' id='par_1_78' title="bbox 2158 1852 3745 1921">
     <span class='ocr_line' id='line_1_78' title="bbox 2158 1852 3745 1921; baseline 0 -15"><span class='ocrx_word' id='word_1_637' title='bbox 2158 1852 2458 1920; x_wconf 90' lang='lat' dir='ltr'><strong>complures</strong></span> <span class='ocrx_word' id='word_1_638' title='bbox 2483 1861 2636 1906; x_wconf 89' lang='lat' dir='ltr'><strong>erant.</strong></span> <span class='ocrx_word' id='word_1_639' title='bbox 2672 1853 3040 1921; x_wconf 81' lang='lat' dir='ltr'><strong>cognomines,</strong></span> <span class='ocrx_word' id='word_1_640' title='bbox 3070 1852 3302 1906; x_wconf 87' lang='lat' dir='ltr'><strong>Jacobus</strong></span> <span class='ocrx_word' id='word_1_641' title='bbox 3344 1852 3623 1918; x_wconf 71' lang='lat' dir='ltr'><strong>Zebedazi,</strong></span> <span class='ocrx_word' id='word_1_642' title='bbox 3649 1853 3745 1908; x_wconf 85' lang='lat' dir='ltr'><strong>Ja-</strong></span> 
     </span>
    </p>
   </div>
   <div class='ocr_carea' id='block_1_79' title="bbox 2157 1941 3745 2011">
    <p class='ocr_par' dir='ltr' id='par_1_79' title="bbox 2157 1941 3745 2011">
     <span class='ocr_line' id='line_1_79' title="bbox 2157 1941 3745 2011; baseline 0.001 -15"><span class='ocrx_word' id='word_1_643' title='bbox 2157 1943 2322 1996; x_wconf 79' lang='lat' dir='ltr'><strong>cobus</strong></span> <span class='ocrx_word' id='word_1_644' title='bbox 2350 1941 2554 2011; x_wconf 68' lang='lat' dir='ltr'><strong>Alphmi</strong></span> <span class='ocrx_word' id='word_1_645' title='bbox 2573 1985 2587 2006; x_wconf 91' lang='lat'><strong>,</strong></span> <span class='ocrx_word' id='word_1_646' title='bbox 2619 1942 2804 1996; x_wconf 90' lang='lat' dir='ltr'><strong>Simon</strong></span> <span class='ocrx_word' id='word_1_647' title='bbox 2835 1943 3024 1996; x_wconf 89' lang='lat' dir='ltr'><strong>Petrus</strong></span> <span class='ocrx_word' id='word_1_648' title='bbox 3043 1982 3056 2005; x_wconf 91' lang='lat'><strong>,</strong></span> <span class='ocrx_word' id='word_1_649' title='bbox 3084 1942 3268 1997; x_wconf 89' lang='lat' dir='ltr'><strong>Simon</strong></span> <span class='ocrx_word' id='word_1_650' title='bbox 3296 1942 3512 1997; x_wconf 86' lang='lat' dir='ltr'><strong>Zelotes</strong></span> <span class='ocrx_word' id='word_1_651' title='bbox 3533 1983 3547 2005; x_wconf 89' lang='lat'><strong>,</strong></span> <span class='ocrx_word' id='word_1_652' title='bbox 3581 1943 3745 1997; x_wconf 85' lang='lat' dir='ltr'><strong>Judas</strong></span> 
     </span>
    </p>
   </div>
   <div class='ocr_carea' id='block_1_80' title="bbox 2155 2033 3746 2102">
    <p class='ocr_par' dir='ltr' id='par_1_80' title="bbox 2155 2033 3746 2102">
     <span class='ocr_line' id='line_1_80' title="bbox 2155 2033 3746 2102; baseline -0.003 -14"><span class='ocrx_word' id='word_1_653' title='bbox 2155 2033 2358 2097; x_wconf 86' lang='lat' dir='ltr'><strong>Jacobi,</strong></span> <span class='ocrx_word' id='word_1_654' title='bbox 2386 2043 2442 2088; x_wconf 91' lang='lat' dir='ltr'><strong>et</strong></span> <span class='ocrx_word' id='word_1_655' title='bbox 2466 2033 2630 2088; x_wconf 89' lang='lat' dir='ltr'><strong>Judas</strong></span> <span class='ocrx_word' id='word_1_656' title='bbox 2659 2035 2957 2088; x_wconf 86' lang='lat' dir='ltr'><strong>lscariotes.</strong></span> <span class='ocrx_word' id='word_1_657' title='bbox 2986 2034 3232 2102; x_wconf 89' lang='lat' dir='ltr'><strong>Alioquin</strong></span> <span class='ocrx_word' id='word_1_658' title='bbox 3261 2049 3389 2087; x_wconf 84' lang='lat' dir='ltr'><strong>vero</strong></span> <span class='ocrx_word' id='word_1_659' title='bbox 3416 2043 3620 2102; x_wconf 88' lang='lat' dir='ltr'><strong>poterat</strong></span> <span class='ocrx_word' id='word_1_660' title='bbox 3659 2050 3746 2102; x_wconf 55' lang='lat' dir='ltr'><strong>al»</strong></span> 
     </span>
    </p>
   </div>
   <div class='ocr_carea' id='block_1_81' title="bbox 2158 2126 3750 2195">
    <p class='ocr_par' dir='ltr' id='par_1_81' title="bbox 2158 2126 3750 2195">
     <span class='ocr_line' id='line_1_81' title="bbox 2158 2126 3750 2195; baseline 0.002 -20"><span class='ocrx_word' id='word_1_661' title='bbox 2158 2126 2368 2193; x_wconf 85' lang='lat' dir='ltr'><strong>pellatio</strong></span> <span class='ocrx_word' id='word_1_662' title='bbox 2397 2140 2515 2181; x_wconf 89' lang='lat' dir='ltr'><strong>esse</strong></span> <span class='ocrx_word' id='word_1_663' title='bbox 2539 2127 2624 2180; x_wconf 85' lang='lat' dir='ltr'><strong>vel</strong></span> <span class='ocrx_word' id='word_1_664' title='bbox 2653 2141 2721 2180; x_wconf 77' lang='lat' dir='ltr'><strong>ex</strong></span> <span class='ocrx_word' id='word_1_665' title='bbox 2752 2127 2874 2179; x_wconf 63' lang='lat' dir='ltr'><strong>vitae</strong></span> <span class='ocrx_word' id='word_1_666' title='bbox 2895 2126 3209 2186; x_wconf 88' lang='lat' dir='ltr'><strong>mutatione.</strong></span> <span class='ocrx_word' id='word_1_667' title='bbox 3238 2126 3318 2178; x_wconf 77' lang='lat' dir='ltr'><strong>vel</strong></span> <span class='ocrx_word' id='word_1_668' title='bbox 3359 2141 3422 2179; x_wconf 77' lang='lat' dir='ltr'><strong>ex</strong></span> <span class='ocrx_word' id='word_1_669' title='bbox 3454 2126 3624 2195; x_wconf 88' lang='lat' dir='ltr'><strong>ipsius</strong></span> <span class='ocrx_word' id='word_1_670' title='bbox 3656 2142 3750 2178; x_wconf 76' lang='lat' dir='ltr'><strong>vo-</strong></span> 
     </span>
    </p>
   </div>
   <div class='ocr_carea' id='block_1_82' title="bbox 2156 2216 3749 2287">
    <p class='ocr_par' dir='ltr' id='par_1_82' title="bbox 2156 2216 3749 2287">
     <span class='ocr_line' id='line_1_82' title="bbox 2156 2216 3749 2287; baseline -0.001 -15"><span class='ocrx_word' id='word_1_671' title='bbox 2156 2219 2377 2273; x_wconf 88' lang='lat' dir='ltr'><strong>luntate.</strong></span> <span class='ocrx_word' id='word_1_672' title='bbox 2414 2236 2432 2268; x_wconf 76' lang='lat' dir='ltr'><strong>t</strong></span> <span class='ocrx_word' id='word_1_673' title='bbox 2451 2219 2780 2283; x_wconf 85' lang='lat' dir='ltr'><strong>Statuerunt,</strong></span> <span class='ocrx_word' id='word_1_674' title='bbox 2806 2236 2824 2270; x_wconf 81' lang='grc'><strong>›</strong></span> <span class='ocrx_word' id='word_1_675' title='bbox 2850 2217 3036 2287; x_wconf 90' lang='lat' dir='ltr'><strong>inquit,</strong></span> <span class='ocrx_word' id='word_1_676' title='bbox 3063 2236 3080 2268; x_wconf 75' lang='grc' dir='ltr'>ι</span> <span class='ocrx_word' id='word_1_677' title='bbox 3107 2216 3325 2286; x_wconf 86' lang='lat' dir='ltr'><strong>Joseph,</strong></span> <span class='ocrx_word' id='word_1_678' title='bbox 3345 2218 3434 2286; x_wconf 93' lang='lat' dir='ltr'><strong>qni</strong></span> <span class='ocrx_word' id='word_1_679' title='bbox 3458 2217 3749 2271; x_wconf 81' lang='lat' dir='ltr'><strong>vocabatur</strong></span> 
     </span>
    </p>
   </div>
   <div class='ocr_carea' id='block_1_83' title="bbox 2155 2308 3742 2379">
    <p class='ocr_par' dir='ltr' id='par_1_83' title="bbox 2155 2308 3742 2379">
     <span class='ocr_line' id='line_1_83' title="bbox 2155 2308 3742 2379; baseline -0.001 -15"><span class='ocrx_word' id='word_1_680' title='bbox 2155 2309 2414 2364; x_wconf 82' lang='lat' dir='ltr'><strong>Barsubas</strong></span> <span class='ocrx_word' id='word_1_681' title='bbox 2435 2353 2450 2376; x_wconf 94' lang='lat'><strong>,</strong></span> <span class='ocrx_word' id='word_1_682' title='bbox 2477 2312 2564 2379; x_wconf 93' lang='lat' dir='ltr'><strong>qui</strong></span> <span class='ocrx_word' id='word_1_683' title='bbox 2593 2309 2998 2379; x_wconf 84' lang='lat' dir='ltr'><strong>cognominatus</strong></span> <span class='ocrx_word' id='word_1_684' title='bbox 3018 2317 3100 2362; x_wconf 88' lang='lat' dir='ltr'><strong>est</strong></span> <span class='ocrx_word' id='word_1_685' title='bbox 3123 2309 3326 2375; x_wconf 89' lang='lat' dir='ltr'><strong>Justus,</strong></span> <span class='ocrx_word' id='word_1_686' title='bbox 3358 2316 3412 2363; x_wconf 89' lang='lat' dir='ltr'><strong>et</strong></span> <span class='ocrx_word' id='word_1_687' title='bbox 3438 2308 3742 2362; x_wconf 84' lang='lat' dir='ltr'><strong>Matllliam.</strong></span> 
     </span>
    </p>
   </div>
   <div class='ocr_carea' id='block_1_84' title="bbox 2152 2398 3749 2468">
    <p class='ocr_par' dir='ltr' id='par_1_84' title="bbox 2152 2398 3749 2468">
     <span class='ocr_line' id='line_1_84' title="bbox 2152 2398 3749 2468; baseline -0.001 -14"><span class='ocrx_word' id='word_1_688' title='bbox 2152 2400 2241 2454; x_wconf 77' lang='lat' dir='ltr'><strong>2i.</strong></span> <span class='ocrx_word' id='word_1_689' title='bbox 2273 2419 2291 2452; x_wconf 75' lang='grc' dir='ltr'>ι</span> <span class='ocrx_word' id='word_1_690' title='bbox 2322 2400 2390 2455; x_wconf 88' lang='lat' dir='ltr'><strong>Et</strong></span> <span class='ocrx_word' id='word_1_691' title='bbox 2410 2410 2628 2455; x_wconf 89' lang='lat' dir='ltr'><strong>orantes</strong></span> <span class='ocrx_word' id='word_1_692' title='bbox 2647 2401 2897 2456; x_wconf 81' lang='lat' dir='ltr'><strong>dixerunt</strong></span> <span class='ocrx_word' id='word_1_693' title='bbox 2923 2417 2936 2453; x_wconf 91' lang='lat'><strong>:</strong></span> <span class='ocrx_word' id='word_1_694' title='bbox 2961 2399 3061 2466; x_wconf 91' lang='lat' dir='ltr'><strong>Tu,</strong></span> <span class='ocrx_word' id='word_1_695' title='bbox 3091 2399 3336 2465; x_wconf 89' lang='lat' dir='ltr'><strong>Domine,</strong></span> <span class='ocrx_word' id='word_1_696' title='bbox 3355 2399 3446 2468; x_wconf 85' lang='lat' dir='ltr'><strong>qui</strong></span> <span class='ocrx_word' id='word_1_697' title='bbox 3464 2398 3628 2452; x_wconf 86' lang='lat' dir='ltr'><strong>corda</strong></span> <span class='ocrx_word' id='word_1_698' title='bbox 3653 2415 3749 2452; x_wconf 87' lang='lat' dir='ltr'><strong>no-</strong></span> 
     </span>
    </p>
   </div>
   <div class='ocr_carea' id='block_1_85' title="bbox 2153 2489 3748 2560">
    <p class='ocr_par' dir='ltr' id='par_1_85' title="bbox 2153 2489 3748 2560">
     <span class='ocr_line' id='line_1_85' title="bbox 2153 2489 3748 2560; baseline -0.003 -13"><span class='ocrx_word' id='word_1_699' title='bbox 2153 2493 2221 2548; x_wconf 92' lang='lat' dir='ltr'><strong>sti</strong></span> <span class='ocrx_word' id='word_1_700' title='bbox 2257 2492 2490 2547; x_wconf 91' lang='lat' dir='ltr'><strong>omnium</strong></span> <span class='ocrx_word' id='word_1_701' title='bbox 2515 2533 2532 2560; x_wconf 92' lang='lat'><strong>,</strong></span> <span class='ocrx_word' id='word_1_702' title='bbox 2577 2491 2800 2546; x_wconf 90' lang='lat' dir='ltr'><strong>ostende</strong></span> <span class='ocrx_word' id='word_1_703' title='bbox 2843 2506 3001 2560; x_wconf 90' lang='lat' dir='ltr'><strong>quem</strong></span> <span class='ocrx_word' id='word_1_704' title='bbox 3045 2490 3272 2559; x_wconf 79' lang='lat' dir='ltr'><strong>elegeris</strong></span> <span class='ocrx_word' id='word_1_705' title='bbox 3307 2505 3373 2543; x_wconf 80' lang='lat' dir='ltr'><strong>ex</strong></span> <span class='ocrx_word' id='word_1_706' title='bbox 3420 2489 3501 2543; x_wconf 89' lang='lat' dir='ltr'><strong>his</strong></span> <span class='ocrx_word' id='word_1_707' title='bbox 3533 2489 3748 2543; x_wconf 90' lang='lat' dir='ltr'><strong>duobus</strong></span> 
     </span>
    </p>
   </div>
   <div class='ocr_carea' id='block_1_86' title="bbox 2153 2581 3749 2652">
    <p class='ocr_par' dir='ltr' id='par_1_86' title="bbox 2153 2581 3749 2652">
     <span class='ocr_line' id='line_1_86' title="bbox 2153 2581 3749 2652; baseline -0.003 -14"><span class='ocrx_word' id='word_1_708' title='bbox 2153 2599 2347 2648; x_wconf 87' lang='lat' dir='ltr'><strong>unum,</strong></span> <span class='ocrx_word' id='word_1_709' title='bbox 2377 2584 2468 2638; x_wconf 85' lang='lat'><strong>25.</strong></span> <span class='ocrx_word' id='word_1_710' title='bbox 2499 2585 2743 2652; x_wconf 88' lang='lat' dir='ltr'><strong>accipere</strong></span> <span class='ocrx_word' id='word_1_711' title='bbox 2772 2591 2974 2637; x_wconf 87' lang='lat' dir='ltr'><strong>sortem</strong></span> <span class='ocrx_word' id='word_1_712' title='bbox 3005 2581 3284 2636; x_wconf 75' lang='lat' dir='ltr'><strong>minismrii</strong></span> <span class='ocrx_word' id='word_1_713' title='bbox 3327 2581 3484 2649; x_wconf 88' lang='lat' dir='ltr'><strong>hujus</strong></span> <span class='ocrx_word' id='word_1_714' title='bbox 3519 2589 3578 2635; x_wconf 87' lang='lat' dir='ltr'><strong>et</strong></span> <span class='ocrx_word' id='word_1_715' title='bbox 3615 2596 3749 2648; x_wconf 89' lang='lat' dir='ltr'><strong>apo--</strong></span> 
     </span>
    </p>
   </div>
   <div class='ocr_carea' id='block_1_87' title="bbox 2153 2671 3746 2742">
    <p class='ocr_par' dir='ltr' id='par_1_87' title="bbox 2153 2671 3746 2742">
     <span class='ocr_line' id='line_1_87' title="bbox 2153 2671 3746 2742; baseline -0.003 -14"><span class='ocrx_word' id='word_1_716' title='bbox 2153 2675 2379 2729; x_wconf 85' lang='lat' dir='ltr'><strong>stolatas</strong></span> <span class='ocrx_word' id='word_1_717' title='bbox 2398 2716 2411 2736; x_wconf 93' lang='lat'><strong>,</strong></span> <span class='ocrx_word' id='word_1_718' title='bbox 2444 2673 2512 2728; x_wconf 91' lang='lat' dir='ltr'><strong>de</strong></span> <span class='ocrx_word' id='word_1_719' title='bbox 2541 2690 2647 2742; x_wconf 91' lang='lat' dir='ltr'><strong>quo</strong></span> <span class='ocrx_word' id='word_1_720' title='bbox 2675 2673 3057 2742; x_wconf 72' lang='lat' dir='ltr'><strong>prmvaricatus</strong></span> <span class='ocrx_word' id='word_1_721' title='bbox 3083 2681 3164 2726; x_wconf 79' lang='lat' dir='ltr'><strong>cst</strong></span> <span class='ocrx_word' id='word_1_722' title='bbox 3182 2671 3345 2725; x_wconf 90' lang='lat' dir='ltr'><strong>Judas</strong></span> <span class='ocrx_word' id='word_1_723' title='bbox 3363 2712 3379 2738; x_wconf 90' lang='lat'><strong>,</strong></span> <span class='ocrx_word' id='word_1_724' title='bbox 3407 2680 3464 2726; x_wconf 90' lang='lat' dir='ltr'><strong>ut</strong></span> <span class='ocrx_word' id='word_1_725' title='bbox 3489 2671 3665 2725; x_wconf 86' lang='lat' dir='ltr'><strong>abiret</strong></span> <span class='ocrx_word' id='word_1_726' title='bbox 3690 2671 3746 2724; x_wconf 93' lang='lat' dir='ltr'><strong>in</strong></span> 
     </span>
    </p>
   </div>
   <div class='ocr_carea' id='block_1_88' title="bbox 2153 2761 3749 2830">
    <p class='ocr_par' dir='ltr' id='par_1_88' title="bbox 2153 2761 3749 2830">
     <span class='ocr_line' id='line_1_88' title="bbox 2153 2761 3749 2830; baseline -0.002 -12"><span class='ocrx_word' id='word_1_727' title='bbox 2153 2765 2328 2820; x_wconf 91' lang='lat' dir='ltr'><strong>locum</strong></span> <span class='ocrx_word' id='word_1_728' title='bbox 2367 2780 2542 2820; x_wconf 90' lang='lat' dir='ltr'><strong>suum.</strong></span> <span class='ocrx_word' id='word_1_729' title='bbox 2570 2783 2588 2816; x_wconf 73' lang='grc' dir='ltr'><strong><em>ι</em></strong></span> <span class='ocrx_word' id='word_1_730' title='bbox 2625 2765 2786 2818; x_wconf 73' lang='grc' dir='ltr'><strong>Ιὶεειθ</strong></span> <span class='ocrx_word' id='word_1_731' title='bbox 2815 2771 3117 2816; x_wconf 88' lang='lat' dir='ltr'><strong>memorant</strong></span> <span class='ocrx_word' id='word_1_732' title='bbox 3146 2761 3286 2816; x_wconf 92' lang='lat' dir='ltr'><strong>illius</strong></span> <span class='ocrx_word' id='word_1_733' title='bbox 3315 2770 3619 2830; x_wconf 88' lang='lat' dir='ltr'><strong>peccatum,</strong></span> <span class='ocrx_word' id='word_1_734' title='bbox 3650 2762 3749 2816; x_wconf 79' lang='lat' dir='ltr'><strong>dc-</strong></span> 
     </span>
    </p>
   </div>
   <div class='ocr_carea' id='block_1_89' title="bbox 2151 2856 3745 2923">
    <p class='ocr_par' dir='ltr' id='par_1_89' title="bbox 2151 2856 3745 2923">
     <span class='ocr_line' id='line_1_89' title="bbox 2151 2856 3745 2923; baseline -0.004 -13"><span class='ocrx_word' id='word_1_735' title='bbox 2151 2856 2416 2911; x_wconf 88' lang='lat' dir='ltr'><strong>clarantes</strong></span> <span class='ocrx_word' id='word_1_736' title='bbox 2443 2869 2502 2909; x_wconf 90' lang='lat' dir='ltr'><strong>se</strong></span> <span class='ocrx_word' id='word_1_737' title='bbox 2527 2864 2713 2908; x_wconf 89' lang='lat' dir='ltr'><strong>testem</strong></span> <span class='ocrx_word' id='word_1_738' title='bbox 2740 2868 3003 2923; x_wconf 82' lang='lat' dir='ltr'><strong>quaerere,</strong></span> <span class='ocrx_word' id='word_1_739' title='bbox 3031 2868 3134 2908; x_wconf 89' lang='lat' dir='ltr'><strong>non</strong></span> <span class='ocrx_word' id='word_1_740' title='bbox 3157 2863 3411 2923; x_wconf 86' lang='lat' dir='ltr'><strong>augentes</strong></span> <span class='ocrx_word' id='word_1_741' title='bbox 3431 2868 3745 2921; x_wconf 85' lang='lat' dir='ltr'><strong>numerum,</strong></span> 
     </span>
    </p>
   </div>
   <div class='ocr_carea' id='block_1_90' title="bbox 2154 2932 3750 3003">
    <p class='ocr_par' dir='ltr' id='par_1_90' title="bbox 2154 2932 3750 3003">
     <span class='ocr_line' id='line_1_90' title="bbox 2154 2932 3750 3003; baseline -0.003 -1"><span class='ocrx_word' id='word_1_742' title='bbox 2154 2947 2248 3003; x_wconf 89' lang='lat' dir='ltr'><strong>sed</strong></span> <span class='ocrx_word' id='word_1_743' title='bbox 2281 2963 2385 3001; x_wconf 92' lang='lat' dir='ltr'><strong>non</strong></span> <span class='ocrx_word' id='word_1_744' title='bbox 2423 2932 2662 2999; x_wconf 87' lang='lat' dir='ltr'><strong>imminui</strong></span> <span class='ocrx_word' id='word_1_745' title='bbox 2699 2945 2956 2998; x_wconf 75' lang='lat' dir='ltr'><strong>sitientes.</strong></span> <span class='ocrx_word' id='word_1_746' title='bbox 2988 2944 3078 2998; x_wconf 88' lang='lat'><strong>26.</strong></span> <span class='ocrx_word' id='word_1_747' title='bbox 3117 2965 3136 2996; x_wconf 79' lang='grc' dir='ltr'>ι</span> <span class='ocrx_word' id='word_1_748' title='bbox 3162 2945 3227 2998; x_wconf 89' lang='lat' dir='ltr'><strong>Et</strong></span> <span class='ocrx_word' id='word_1_749' title='bbox 3265 2943 3528 2998; x_wconf 88' lang='lat' dir='ltr'><strong>dederunt</strong></span> <span class='ocrx_word' id='word_1_750' title='bbox 3567 2951 3750 2998; x_wconf 80' lang='lat' dir='ltr'><strong>sortes</strong></span> 
     </span>
    </p>
   </div>
   <div class='ocr_carea' id='block_1_91' title="bbox 2155 3034 3750 3108">
    <p class='ocr_par' dir='ltr' id='par_1_91' title="bbox 2155 3034 3750 3108">
     <span class='ocr_line' id='line_1_91' title="bbox 2155 3034 3750 3108; baseline -0.003 -17"><span class='ocrx_word' id='word_1_751' title='bbox 2155 3038 2233 3092; x_wconf 92' lang='lat' dir='ltr'><strong>eis</strong></span> <span class='ocrx_word' id='word_1_752' title='bbox 2279 3037 2546 3108; x_wconf 91' lang='lat' dir='ltr'><strong>(nondum</strong></span> <span class='ocrx_word' id='word_1_753' title='bbox 2589 3035 2731 3090; x_wconf 89' lang='lat' dir='ltr'><strong>enim</strong></span> <span class='ocrx_word' id='word_1_754' title='bbox 2777 3035 3006 3103; x_wconf 86' lang='lat' dir='ltr'><strong>Spiritus</strong></span> <span class='ocrx_word' id='word_1_755' title='bbox 3042 3035 3196 3088; x_wconf 88' lang='lat' dir='ltr'><strong>datus</strong></span> <span class='ocrx_word' id='word_1_756' title='bbox 3234 3034 3416 3103; x_wconf 91' lang='lat' dir='ltr'><strong>erat),</strong></span> <span class='ocrx_word' id='word_1_757' title='bbox 3457 3042 3512 3088; x_wconf 90' lang='lat' dir='ltr'><strong>et</strong></span> <span class='ocrx_word' id='word_1_758' title='bbox 3549 3034 3750 3088; x_wconf 86' lang='lat' dir='ltr'><strong>cecidit</strong></span> 
     </span>
    </p>
   </div>
   <div class='ocr_carea' id='block_1_92' title="bbox 2156 3123 3746 3197">
    <p class='ocr_par' dir='ltr' id='par_1_92' title="bbox 2156 3123 3746 3197">
     <span class='ocr_line' id='line_1_92' title="bbox 2156 3123 3746 3197; baseline -0.001 -17"><span class='ocrx_word' id='word_1_759' title='bbox 2156 3141 2276 3182; x_wconf 90' lang='lat' dir='ltr'><strong>sors</strong></span> <span class='ocrx_word' id='word_1_760' title='bbox 2305 3141 2464 3192; x_wconf 91' lang='lat' dir='ltr'><strong>super</strong></span> <span class='ocrx_word' id='word_1_761' title='bbox 2489 3123 2780 3188; x_wconf 82' lang='lat' dir='ltr'><strong>Matthiam,</strong></span> <span class='ocrx_word' id='word_1_762' title='bbox 2812 3133 2864 3178; x_wconf 90' lang='lat' dir='ltr'><strong>et</strong></span> <span class='ocrx_word' id='word_1_763' title='bbox 2893 3133 3273 3197; x_wconf 77' lang='lat' dir='ltr'><strong>annumeratus</strong></span> <span class='ocrx_word' id='word_1_764' title='bbox 3302 3132 3385 3178; x_wconf 91' lang='lat' dir='ltr'><strong>cst</strong></span> <span class='ocrx_word' id='word_1_765' title='bbox 3413 3138 3535 3176; x_wconf 92' lang='lat' dir='ltr'><strong>cum</strong></span> <span class='ocrx_word' id='word_1_766' title='bbox 3566 3124 3746 3179; x_wconf 45' lang='lat' dir='ltr'><strong>undc‘</strong></span> 
     </span>
    </p>
   </div>
   <div class='ocr_carea' id='block_1_93' title="bbox 2154 3213 3747 3285">
    <p class='ocr_par' dir='ltr' id='par_1_93' title="bbox 2154 3213 3747 3285">
     <span class='ocr_line' id='line_1_93' title="bbox 2154 3213 3747 3285; baseline -0.001 -15"><span class='ocrx_word' id='word_1_767' title='bbox 2154 3217 2255 3270; x_wconf 79' lang='lat' dir='ltr'><strong>cini</strong></span> <span class='ocrx_word' id='word_1_768' title='bbox 2284 3216 2559 3284; x_wconf 88' lang='lat' dir='ltr'><strong>apostolis.</strong></span> <span class='ocrx_word' id='word_1_769' title='bbox 2587 3214 2770 3278; x_wconf 87' lang='lat' dir='ltr'><strong>Tunc,</strong></span> <span class='ocrx_word' id='word_1_770' title='bbox 2800 3214 3004 3283; x_wconf 88' lang='lat' dir='ltr'><strong>inquit,</strong></span> <span class='ocrx_word' id='word_1_771' title='bbox 3047 3215 3244 3269; x_wconf 88' lang='lat' dir='ltr'><strong>reversi</strong></span> <span class='ocrx_word' id='word_1_772' title='bbox 3289 3224 3413 3268; x_wconf 89' lang='lat' dir='ltr'><strong>sunt</strong></span> <span class='ocrx_word' id='word_1_773' title='bbox 3461 3213 3747 3285; x_wconf 84' lang='lat' dir='ltr'><strong>Jerosoly-</strong></span> 
     </span>
    </p>
   </div>
   <div class='ocr_carea' id='block_1_94' title="bbox 2155 3305 3749 3375">
    <p class='ocr_par' dir='ltr' id='par_1_94' title="bbox 2155 3305 3749 3375">
     <span class='ocr_line' id='line_1_94' title="bbox 2155 3305 3749 3375; baseline 0.001 -13"><span class='ocrx_word' id='word_1_774' title='bbox 2155 3323 2295 3362; x_wconf 83' lang='lat' dir='ltr'><strong>mam</strong></span> <span class='ocrx_word' id='word_1_775' title='bbox 2323 3323 2350 3358; x_wconf 87' lang='lat' dir='ltr'><strong>a</strong></span> <span class='ocrx_word' id='word_1_776' title='bbox 2383 3314 2594 3370; x_wconf 89' lang='lat' dir='ltr'><strong>monte,</strong></span> <span class='ocrx_word' id='word_1_777' title='bbox 2623 3305 2713 3374; x_wconf 92' lang='lat' dir='ltr'><strong>qui</strong></span> <span class='ocrx_word' id='word_1_778' title='bbox 2742 3316 2959 3359; x_wconf 76' lang='lat' dir='ltr'><strong>vocatur</strong></span> <span class='ocrx_word' id='word_1_779' title='bbox 2984 3306 3172 3359; x_wconf 85' lang='lat' dir='ltr'><strong>Uliveti</strong></span> <span class='ocrx_word' id='word_1_780' title='bbox 3196 3346 3214 3371; x_wconf 90' lang='lat'><strong>,</strong></span> <span class='ocrx_word' id='word_1_781' title='bbox 3243 3306 3330 3374; x_wconf 91' lang='lat' dir='ltr'><strong>qui</strong></span> <span class='ocrx_word' id='word_1_782' title='bbox 3361 3315 3444 3360; x_wconf 87' lang='lat' dir='ltr'><strong>est</strong></span> <span class='ocrx_word' id='word_1_783' title='bbox 3467 3305 3625 3375; x_wconf 81' lang='lat' dir='ltr'><strong>juxta</strong></span> <span class='ocrx_word' id='word_1_784' title='bbox 3653 3308 3749 3363; x_wconf 82' lang='lat' dir='ltr'><strong>Je-</strong></span> 
     </span>
    </p>
   </div>
   <div class='ocr_carea' id='block_1_95' title="bbox 2155 3395 3752 3466">
    <p class='ocr_par' dir='ltr' id='par_1_95' title="bbox 2155 3395 3752 3466">
     <span class='ocr_line' id='line_1_95' title="bbox 2155 3395 3752 3466; baseline 0.001 -16"><span class='ocrx_word' id='word_1_785' title='bbox 2155 3396 2512 3466; x_wconf 83' lang='lat' dir='ltr'><strong>rosolymam,</strong></span> <span class='ocrx_word' id='word_1_786' title='bbox 2542 3395 2745 3449; x_wconf 84' lang='lat' dir='ltr'><strong>sabbati</strong></span> <span class='ocrx_word' id='word_1_787' title='bbox 2783 3396 2986 3449; x_wconf 86' lang='lat' dir='ltr'><strong>habens</strong></span> <span class='ocrx_word' id='word_1_788' title='bbox 3007 3396 3126 3449; x_wconf 90' lang='lat' dir='ltr'><strong>iter.</strong></span> <span class='ocrx_word' id='word_1_789' title='bbox 3157 3414 3176 3447; x_wconf 83' lang='grc'><strong>›</strong></span> <span class='ocrx_word' id='word_1_790' title='bbox 3204 3395 3316 3450; x_wconf 90' lang='lat' dir='ltr'><strong>Hoc</strong></span> <span class='ocrx_word' id='word_1_791' title='bbox 3333 3396 3478 3448; x_wconf 90' lang='lat' dir='ltr'><strong>aitut</strong></span> <span class='ocrx_word' id='word_1_792' title='bbox 3497 3398 3752 3452; x_wconf 89' lang='lat' dir='ltr'><strong>innucret</strong></span> 
     </span>
    </p>
   </div>
   <div class='ocr_carea' id='block_1_96' title="bbox 2155 3485 3752 3556">
    <p class='ocr_par' dir='ltr' id='par_1_96' title="bbox 2155 3485 3752 3556">
     <span class='ocr_line' id='line_1_96' title="bbox 2155 3485 3752 3556; baseline 0.001 -16"><span class='ocrx_word' id='word_1_793' title='bbox 2155 3487 2298 3556; x_wconf 89' lang='lat' dir='ltr'><strong>ipsos</strong></span> <span class='ocrx_word' id='word_1_794' title='bbox 2325 3501 2431 3540; x_wconf 92' lang='lat' dir='ltr'><strong>non</strong></span> <span class='ocrx_word' id='word_1_795' title='bbox 2448 3486 2658 3555; x_wconf 82' lang='lat' dir='ltr'><strong>longum</strong></span> <span class='ocrx_word' id='word_1_796' title='bbox 2688 3486 2786 3540; x_wconf 88' lang='lat' dir='ltr'><strong>iter</strong></span> <span class='ocrx_word' id='word_1_797' title='bbox 2806 3487 3099 3555; x_wconf 84' lang='lat' dir='ltr'><strong>suscipere,</strong></span> <span class='ocrx_word' id='word_1_798' title='bbox 3118 3500 3186 3540; x_wconf 91' lang='lat' dir='ltr'><strong>ne</strong></span> <span class='ocrx_word' id='word_1_799' title='bbox 3212 3485 3338 3554; x_wconf 89' lang='lat' dir='ltr'><strong>quid</strong></span> <span class='ocrx_word' id='word_1_800' title='bbox 3362 3487 3584 3540; x_wconf 91' lang='lat' dir='ltr'><strong>terroris</strong></span> <span class='ocrx_word' id='word_1_801' title='bbox 3611 3490 3752 3542; x_wconf 84' lang='lat' dir='ltr'><strong>acci-</strong></span> 
     </span>
    </p>
   </div>
   <div class='ocr_carea' id='block_1_97' title="bbox 2154 3578 3750 3650">
    <p class='ocr_par' dir='ltr' id='par_1_97' title="bbox 2154 3578 3750 3650">
     <span class='ocr_line' id='line_1_97' title="bbox 2154 3578 3750 3650; baseline 0.001 -18"><span class='ocrx_word' id='word_1_802' title='bbox 2154 3583 2305 3637; x_wconf 82' lang='lat' dir='ltr'><strong>deret</strong></span> <span class='ocrx_word' id='word_1_803' title='bbox 2336 3582 2682 3636; x_wconf 84' lang='lat' dir='ltr'><strong>trcmentibus</strong></span> <span class='ocrx_word' id='word_1_804' title='bbox 2709 3580 2882 3634; x_wconf 88' lang='lat' dir='ltr'><strong>adhuc</strong></span> <span class='ocrx_word' id='word_1_805' title='bbox 2904 3581 3030 3650; x_wconf 88' lang='lat' dir='ltr'><strong>ipsis</strong></span> <span class='ocrx_word' id='word_1_806' title='bbox 3060 3589 3116 3634; x_wconf 89' lang='lat' dir='ltr'><strong>et</strong></span> <span class='ocrx_word' id='word_1_807' title='bbox 3140 3578 3513 3634; x_wconf 87' lang='lat' dir='ltr'><strong>metuentibus.</strong></span> <span class='ocrx_word' id='word_1_808' title='bbox 3547 3580 3750 3635; x_wconf 80' lang='lat' dir='ltr'><strong>Etcum</strong></span> 
     </span>
    </p>
   </div>
   <div class='ocr_carea' id='block_1_98' title="bbox 2154 3669 3750 3737">
    <p class='ocr_par' dir='ltr' id='par_1_98' title="bbox 2154 3669 3750 3737">
     <span class='ocr_line' id='line_1_98' title="bbox 2154 3669 3750 3737; baseline 0 -11"><span class='ocrx_word' id='word_1_809' title='bbox 2154 3674 2454 3737; x_wconf 85' lang='lat' dir='ltr'><strong>introissent,</strong></span> <span class='ocrx_word' id='word_1_810' title='bbox 2476 3672 2804 3726; x_wconf 87' lang='lat' dir='ltr'><strong>ascenderunt</strong></span> <span class='ocrx_word' id='word_1_811' title='bbox 2824 3673 2874 3724; x_wconf 88' lang='lat' dir='ltr'><strong>in</strong></span> <span class='ocrx_word' id='word_1_812' title='bbox 2895 3674 3226 3724; x_wconf 64' lang='lat' dir='ltr'><strong>carunculam.</strong></span> <span class='ocrx_word' id='word_1_813' title='bbox 3261 3669 3374 3723; x_wconf 84' lang='lat' dir='ltr'><strong>Non</strong></span> <span class='ocrx_word' id='word_1_814' title='bbox 3404 3669 3547 3723; x_wconf 88' lang='lat' dir='ltr'><strong>enim</strong></span> <span class='ocrx_word' id='word_1_815' title='bbox 3572 3672 3750 3726; x_wconf 85' lang='lat' dir='ltr'><strong>audc-</strong></span> 
     </span>
    </p>
   </div>
   <div class='ocr_carea' id='block_1_99' title="bbox 2155 3763 3751 3832">
    <p class='ocr_par' dir='ltr' id='par_1_99' title="bbox 2155 3763 3751 3832">
     <span class='ocr_line' id='line_1_99' title="bbox 2155 3763 3751 3832; baseline -0.001 -12"><span class='ocrx_word' id='word_1_816' title='bbox 2155 3766 2282 3820; x_wconf 88' lang='lat' dir='ltr'><strong>bant</strong></span> <span class='ocrx_word' id='word_1_817' title='bbox 2332 3766 2382 3819; x_wconf 93' lang='lat' dir='ltr'><strong>in</strong></span> <span class='ocrx_word' id='word_1_818' title='bbox 2430 3765 2646 3826; x_wconf 87' lang='lat' dir='ltr'><strong>civitate</strong></span> <span class='ocrx_word' id='word_1_819' title='bbox 2693 3778 3024 3832; x_wconf 87' lang='lat' dir='ltr'><strong>comparere.</strong></span> <span class='ocrx_word' id='word_1_820' title='bbox 3075 3764 3141 3815; x_wconf 80' lang='lat' dir='ltr'><strong>Et</strong></span> <span class='ocrx_word' id='word_1_821' title='bbox 3191 3770 3336 3816; x_wconf 89' lang='lat' dir='ltr'><strong>recte</strong></span> <span class='ocrx_word' id='word_1_822' title='bbox 3378 3763 3751 3818; x_wconf 87' lang='lat' dir='ltr'><strong>ascenderunt</strong></span> 
     </span>
    </p>
   </div>
   <div class='ocr_carea' id='block_1_100' title="bbox 2154 3853 3749 3922">
    <p class='ocr_par' dir='ltr' id='par_1_100' title="bbox 2154 3853 3749 3922">
     <span class='ocr_line' id='line_1_100' title="bbox 2154 3853 3749 3922; baseline -0.001 -11"><span class='ocrx_word' id='word_1_823' title='bbox 2154 3859 2206 3912; x_wconf 91' lang='lat' dir='ltr'><strong>in</strong></span> <span class='ocrx_word' id='word_1_824' title='bbox 2245 3859 2600 3922; x_wconf 74' lang='lat' dir='ltr'><strong>ctnuaculum,</strong></span> <span class='ocrx_word' id='word_1_825' title='bbox 2645 3867 2700 3910; x_wconf 92' lang='lat' dir='ltr'><strong>ut</strong></span> <span class='ocrx_word' id='word_1_826' title='bbox 2744 3870 2849 3910; x_wconf 92' lang='lat' dir='ltr'><strong>non</strong></span> <span class='ocrx_word' id='word_1_827' title='bbox 2896 3854 3051 3909; x_wconf 84' lang='lat' dir='ltr'><strong>facile</strong></span> <span class='ocrx_word' id='word_1_828' title='bbox 3102 3863 3246 3908; x_wconf 85' lang='lat' dir='ltr'><strong>esset</strong></span> <span class='ocrx_word' id='word_1_829' title='bbox 3291 3853 3436 3921; x_wconf 91' lang='lat' dir='ltr'><strong>ipsos</strong></span> <span class='ocrx_word' id='word_1_830' title='bbox 3486 3867 3749 3922; x_wconf 88' lang='lat' dir='ltr'><strong>compre-</strong></span> 
     </span>
    </p>
   </div>
   <div class='ocr_carea' id='block_1_101' title="bbox 2155 3948 3748 4016">
    <p class='ocr_par' dir='ltr' id='par_1_101' title="bbox 2155 3948 3748 4016">
     <span class='ocr_line' id='line_1_101' title="bbox 2155 3948 3748 4016; baseline -0.003 -12"><span class='ocrx_word' id='word_1_831' title='bbox 2155 3951 2407 4005; x_wconf 88' lang='lat' dir='ltr'><strong>hendere.</strong></span> <span class='ocrx_word' id='word_1_832' title='bbox 2441 3949 2506 4002; x_wconf 80' lang='lat' dir='ltr'><strong>Et</strong></span> <span class='ocrx_word' id='word_1_833' title='bbox 2553 3958 2717 4012; x_wconf 87' lang='lat' dir='ltr'><strong>erant,</strong></span> <span class='ocrx_word' id='word_1_834' title='bbox 2779 3948 2981 4016; x_wconf 90' lang='lat' dir='ltr'><strong>inquit,</strong></span> <span class='ocrx_word' id='word_1_835' title='bbox 3020 3957 3387 4016; x_wconf 80' lang='lat' dir='ltr'><strong>perseverantes</strong></span> <span class='ocrx_word' id='word_1_836' title='bbox 3431 3948 3748 4000; x_wconf 85' lang='lat' dir='ltr'><strong>unanimiter</strong></span> 
     </span>
    </p>
   </div>
   <div class='ocr_carea' id='block_1_102' title="bbox 2153 4039 3745 4109">
    <p class='ocr_par' dir='ltr' id='par_1_102' title="bbox 2153 4039 3745 4109">
     <span class='ocr_line' id='line_1_102' title="bbox 2153 4039 3745 4109; baseline -0.002 -12"><span class='ocrx_word' id='word_1_837' title='bbox 2153 4044 2204 4097; x_wconf 87' lang='lat' dir='ltr'><strong>in</strong></span> <span class='ocrx_word' id='word_1_838' title='bbox 2238 4045 2481 4097; x_wconf 86' lang='lat' dir='ltr'><strong>oratione.</strong></span> <span class='ocrx_word' id='word_1_839' title='bbox 2531 4041 2716 4095; x_wconf 79' lang='lat' dir='ltr'><strong>Viden’</strong></span> <span class='ocrx_word' id='word_1_840' title='bbox 2760 4055 2918 4109; x_wconf 90' lang='lat' dir='ltr'><strong>quam</strong></span> <span class='ocrx_word' id='word_1_841' title='bbox 2947 4039 3130 4107; x_wconf 87' lang='lat' dir='ltr'><strong>vigiles</strong></span> <span class='ocrx_word' id='word_1_842' title='bbox 3167 4046 3349 4093; x_wconf 87' lang='lat' dir='ltr'><strong>essent</strong></span> <span class='ocrx_word' id='word_1_843' title='bbox 3396 4039 3448 4092; x_wconf 92' lang='lat' dir='ltr'><strong>in</strong></span> <span class='ocrx_word' id='word_1_844' title='bbox 3495 4039 3745 4094; x_wconf 88' lang='lat' dir='ltr'><strong>oratione</strong></span> 
     </span>
    </p>
   </div>
   <div class='ocr_carea' id='block_1_103' title="bbox 2154 4129 3741 4203">
    <p class='ocr_par' dir='ltr' id='par_1_103' title="bbox 2154 4129 3741 4203">
     <span class='ocr_line' id='line_1_103' title="bbox 2154 4129 3741 4203; baseline -0.003 -16"><span class='ocrx_word' id='word_1_845' title='bbox 2154 4144 2584 4203; x_wconf 78' lang='lat' dir='ltr'><strong>perseverantes,</strong></span> <span class='ocrx_word' id='word_1_846' title='bbox 2633 4131 2790 4200; x_wconf 89' lang='lat' dir='ltr'><strong>idque</strong></span> <span class='ocrx_word' id='word_1_847' title='bbox 2823 4130 3141 4183; x_wconf 89' lang='lat' dir='ltr'><strong>unanimiter</strong></span> <span class='ocrx_word' id='word_1_848' title='bbox 3174 4129 3320 4197; x_wconf 89' lang='lat' dir='ltr'><strong>quasi</strong></span> <span class='ocrx_word' id='word_1_849' title='bbox 3363 4143 3471 4182; x_wconf 91' lang='lat' dir='ltr'><strong>uno</strong></span> <span class='ocrx_word' id='word_1_850' title='bbox 3511 4129 3741 4183; x_wconf 89' lang='lat' dir='ltr'><strong>eodem-</strong></span> 
     </span>
    </p>
   </div>
   <div class='ocr_carea' id='block_1_104' title="bbox 2153 4219 3742 4293">
    <p class='ocr_par' dir='ltr' id='par_1_104' title="bbox 2153 4219 3742 4293">
     <span class='ocr_line' id='line_1_104' title="bbox 2153 4219 3742 4293; baseline -0.002 -17"><span class='ocrx_word' id='word_1_851' title='bbox 2153 4240 2254 4293; x_wconf 91' lang='lat' dir='ltr'><strong>que</strong></span> <span class='ocrx_word' id='word_1_852' title='bbox 2299 4223 2518 4277; x_wconf 90' lang='lat' dir='ltr'><strong>animo?</strong></span> <span class='ocrx_word' id='word_1_853' title='bbox 2557 4222 2681 4276; x_wconf 69' lang='lat' dir='ltr'><strong>ch</strong></span> <span class='ocrx_word' id='word_1_854' title='bbox 2720 4221 2828 4276; x_wconf 90' lang='lat' dir='ltr'><strong>duo</strong></span> <span class='ocrx_word' id='word_1_855' title='bbox 2876 4219 2944 4274; x_wconf 90' lang='lat' dir='ltr'><strong>de</strong></span> <span class='ocrx_word' id='word_1_856' title='bbox 2989 4221 3093 4274; x_wconf 93' lang='lat' dir='ltr'><strong>illis</strong></span> <span class='ocrx_word' id='word_1_857' title='bbox 3145 4219 3478 4274; x_wconf 88' lang='lat' dir='ltr'><strong>testiﬁcatur.</strong></span> <span class='ocrx_word' id='word_1_858' title='bbox 3536 4219 3742 4288; x_wconf 87' lang='lat' dir='ltr'><strong>Joseph</strong></span> 
     </span>
    </p>
   </div>
   <div class='ocr_carea' id='block_1_105' title="bbox 2157 4306 3746 4381">
    <p class='ocr_par' dir='ltr' id='par_1_105' title="bbox 2157 4306 3746 4381">
     <span class='ocr_line' id='line_1_105' title="bbox 2157 4306 3746 4381; baseline -0.001 -16"><span class='ocrx_word' id='word_1_859' title='bbox 2157 4313 2381 4367; x_wconf 82' lang='lat' dir='ltr'><strong>fortasse</strong></span> <span class='ocrx_word' id='word_1_860' title='bbox 2441 4322 2678 4365; x_wconf 91' lang='lat' dir='ltr'><strong>mortuus</strong></span> <span class='ocrx_word' id='word_1_861' title='bbox 2721 4318 2838 4365; x_wconf 88' lang='lat' dir='ltr'><strong>erat</strong></span> <span class='ocrx_word' id='word_1_862' title='bbox 2885 4310 3020 4381; x_wconf 90' lang='lat' dir='ltr'><strong>(a).</strong></span> <span class='ocrx_word' id='word_1_863' title='bbox 3076 4308 3192 4362; x_wconf 90' lang='lat' dir='ltr'><strong>Non</strong></span> <span class='ocrx_word' id='word_1_864' title='bbox 3247 4307 3426 4371; x_wconf 89' lang='lat' dir='ltr'><strong>enim,</strong></span> <span class='ocrx_word' id='word_1_865' title='bbox 3485 4306 3746 4364; x_wconf 79' lang='lat' dir='ltr'><strong>fratribus</strong></span> 
     </span>
    </p>
   </div>
   <div class='ocr_carea' id='block_1_106' title="bbox 2153 4397 3748 4472">
    <p class='ocr_par' dir='ltr' id='par_1_106' title="bbox 2153 4397 3748 4472">
     <span class='ocr_line' id='line_1_106' title="bbox 2153 4397 3748 4472; baseline -0.005 -12"><span class='ocrx_word' id='word_1_866' title='bbox 2153 4405 2512 4469; x_wconf 86' lang='lat' dir='ltr'><strong>credentibus,</strong></span> <span class='ocrx_word' id='word_1_867' title='bbox 2559 4404 2671 4472; x_wconf 91' lang='lat' dir='ltr'><strong>ipse</strong></span> <span class='ocrx_word' id='word_1_868' title='bbox 2718 4418 2822 4456; x_wconf 92' lang='lat' dir='ltr'><strong>non</strong></span> <span class='ocrx_word' id='word_1_869' title='bbox 2867 4400 3202 4465; x_wconf 90' lang='lat' dir='ltr'><strong>credidisset,</strong></span> <span class='ocrx_word' id='word_1_870' title='bbox 3243 4397 3332 4467; x_wconf 91' lang='lat' dir='ltr'><strong>qui</strong></span> <span class='ocrx_word' id='word_1_871' title='bbox 3378 4405 3505 4451; x_wconf 89' lang='lat' dir='ltr'><strong>ante</strong></span> <span class='ocrx_word' id='word_1_872' title='bbox 3550 4412 3748 4453; x_wconf 87' lang='lat' dir='ltr'><strong>omnes</strong></span> 
     </span>
    </p>
   </div>
   <div class='ocr_carea' id='block_1_107' title="bbox 2155 4486 3746 4556">
    <p class='ocr_par' dir='ltr' id='par_1_107' title="bbox 2155 4486 3746 4556">
     <span class='ocr_line' id='line_1_107' title="bbox 2155 4486 3746 4556; baseline -0.006 -6"><span class='ocrx_word' id='word_1_873' title='bbox 2155 4496 2472 4550; x_wconf 81' lang='lat' dir='ltr'><strong>crediderat.</strong></span> <span class='ocrx_word' id='word_1_874' title='bbox 2503 4495 2660 4549; x_wconf 88' lang='lat' dir='ltr'><strong>Certe</strong></span> <span class='ocrx_word' id='word_1_875' title='bbox 2693 4508 2795 4546; x_wconf 91' lang='lat' dir='ltr'><strong>non</strong></span> <span class='ocrx_word' id='word_1_876' title='bbox 2827 4491 3100 4545; x_wconf 76' lang='lat' dir='ltr'><strong>videbatur</strong></span> <span class='ocrx_word' id='word_1_877' title='bbox 3138 4503 3359 4556; x_wconf 90' lang='lat' dir='ltr'><strong>usquam</strong></span> <span class='ocrx_word' id='word_1_878' title='bbox 3400 4486 3488 4540; x_wconf 90' lang='lat' dir='ltr'><strong>ille</strong></span> <span class='ocrx_word' id='word_1_879' title='bbox 3522 4486 3746 4542; x_wconf 85' lang='lat' dir='ltr'><strong>Christo</strong></span> 
     </span>
    </p>
   </div>
   <div class='ocr_carea' id='block_1_108' title="bbox 2155 4577 3748 4650">
    <p class='ocr_par' dir='ltr' id='par_1_108' title="bbox 2155 4577 3748 4650">
     <span class='ocr_line' id='line_1_108' title="bbox 2155 4577 3748 4650; baseline -0.006 -11"><span class='ocrx_word' id='word_1_880' title='bbox 2155 4595 2212 4639; x_wconf 93' lang='lat' dir='ltr'><strong>ut</strong></span> <span class='ocrx_word' id='word_1_881' title='bbox 2241 4586 2439 4640; x_wconf 91' lang='lat' dir='ltr'><strong>homini</strong></span> <span class='ocrx_word' id='word_1_882' title='bbox 2468 4585 2742 4639; x_wconf 88' lang='lat' dir='ltr'><strong>attendere</strong></span> <span class='ocrx_word' id='word_1_883' title='bbox 2762 4626 2776 4650; x_wconf 96' lang='lat'><strong>,</strong></span> <span class='ocrx_word' id='word_1_884' title='bbox 2818 4592 2876 4635; x_wconf 92' lang='lat' dir='ltr'><strong>ut</strong></span> <span class='ocrx_word' id='word_1_885' title='bbox 2913 4581 3080 4636; x_wconf 83' lang='lat' dir='ltr'><strong>Mater</strong></span> <span class='ocrx_word' id='word_1_886' title='bbox 3106 4578 3349 4640; x_wconf 84' lang='lat' dir='ltr'><strong>dicebat,</strong></span> <span class='ocrx_word' id='word_1_887' title='bbox 3382 4577 3492 4647; x_wconf 80' lang='lat' dir='ltr'><strong>Ego</strong></span> <span class='ocrx_word' id='word_1_888' title='bbox 3522 4585 3567 4629; x_wconf 88' lang='lat' dir='ltr'><strong>et</strong></span> <span class='ocrx_word' id='word_1_889' title='bbox 3600 4586 3748 4645; x_wconf 86' lang='lat' dir='ltr'><strong>pater</strong></span> 
     </span>
    </p>
   </div>
   <div class='ocr_carea' id='block_1_109' title="bbox 2155 4667 3749 4741">
    <p class='ocr_par' dir='ltr' id='par_1_109' title="bbox 2155 4667 3749 4741">
     <span class='ocr_line' id='line_1_109' title="bbox 2155 4667 3749 4741; baseline -0.005 -13"><span class='ocrx_word' id='word_1_890' title='bbox 2155 4686 2268 4728; x_wconf 74' lang='lat' dir='ltr'><strong>tuus</strong></span> <span class='ocrx_word' id='word_1_891' title='bbox 2292 4676 2514 4728; x_wconf 85' lang='lat' dir='ltr'><strong>dolentes</strong></span> <span class='ocrx_word' id='word_1_892' title='bbox 2539 4676 2880 4741; x_wconf 63' lang='lat' dir='ltr'><strong>quaerebamus</strong></span> <span class='ocrx_word' id='word_1_893' title='bbox 2903 4680 2951 4723; x_wconf 92' lang='lat' dir='ltr'><strong>te</strong></span> <span class='ocrx_word' id='word_1_894' title='bbox 2975 4669 3135 4737; x_wconf 87' lang='lat' dir='ltr'><strong>(Luc.</strong></span> <span class='ocrx_word' id='word_1_895' title='bbox 3162 4669 3219 4721; x_wconf 90' lang='lat'><strong>2.</strong></span> <span class='ocrx_word' id='word_1_896' title='bbox 3250 4668 3318 4722; x_wconf 73' lang='grc'><strong>48</strong></span> <span class='ocrx_word' id='word_1_897' title='bbox 3335 4667 3375 4737; x_wconf 90' lang='grc'><strong>).</strong></span> <span class='ocrx_word' id='word_1_898' title='bbox 3406 4667 3590 4735; x_wconf 82' lang='lat' dir='ltr'><strong>Itaque</strong></span> <span class='ocrx_word' id='word_1_899' title='bbox 3619 4677 3749 4720; x_wconf 86' lang='lat' dir='ltr'><strong>ante</strong></span> 
     </span>
    </p>
   </div>
   <div class='ocr_carea' id='block_1_110' title="bbox 2155 4757 3745 4821">
    <p class='ocr_par' dir='ltr' id='par_1_110' title="bbox 2155 4757 3745 4821">
     <span class='ocr_line' id='line_1_110' title="bbox 2155 4757 3745 4821; baseline -0.008 0"><span class='ocrx_word' id='word_1_900' title='bbox 2155 4781 2340 4821; x_wconf 79' lang='lat' dir='ltr'><strong>onines</strong></span> <span class='ocrx_word' id='word_1_901' title='bbox 2371 4767 2458 4820; x_wconf 92' lang='lat' dir='ltr'><strong>illc</strong></span> <span class='ocrx_word' id='word_1_902' title='bbox 2486 4766 2766 4820; x_wconf 89' lang='lat' dir='ltr'><strong>Dominum</strong></span> <span class='ocrx_word' id='word_1_903' title='bbox 2797 4770 3038 4817; x_wconf 83' lang='lat' dir='ltr'><strong>noverat.</strong></span> <span class='ocrx_word' id='word_1_904' title='bbox 3070 4759 3349 4814; x_wconf 89' lang='lat' dir='ltr'><strong>Fratribus</strong></span> <span class='ocrx_word' id='word_1_905' title='bbox 3371 4771 3498 4812; x_wconf 92' lang='lat' dir='ltr'><strong>vero</strong></span> <span class='ocrx_word' id='word_1_906' title='bbox 3525 4757 3745 4811; x_wconf 90' lang='lat' dir='ltr'><strong>diccbat</strong></span> 
     </span>
    </p>
   </div>
   <div class='ocr_carea' id='block_1_111' title="bbox 2156 4848 3750 4916">
    <p class='ocr_par' dir='ltr' id='par_1_111' title="bbox 2156 4848 3750 4916">
     <span class='ocr_line' id='line_1_111' title="bbox 2156 4848 3750 4916; baseline -0.008 -7"><span class='ocrx_word' id='word_1_907' title='bbox 2156 4856 2437 4912; x_wconf 89' lang='lat' dir='ltr'><strong>Christus:</strong></span> <span class='ocrx_word' id='word_1_908' title='bbox 2473 4853 2592 4906; x_wconf 90' lang='lat' dir='ltr'><strong>Non</strong></span> <span class='ocrx_word' id='word_1_909' title='bbox 2619 4861 2774 4916; x_wconf 83' lang='lat' dir='ltr'><strong>potest</strong></span> <span class='ocrx_word' id='word_1_910' title='bbox 2821 4849 3034 4902; x_wconf 88' lang='lat' dir='ltr'><strong>mundus</strong></span> <span class='ocrx_word' id='word_1_911' title='bbox 3079 4865 3166 4902; x_wconf 86' lang='lat' dir='ltr'><strong>vos</strong></span> <span class='ocrx_word' id='word_1_912' title='bbox 3207 4848 3372 4902; x_wconf 84' lang='lat' dir='ltr'><strong>odisse</strong></span> <span class='ocrx_word' id='word_1_913' title='bbox 3397 4887 3412 4913; x_wconf 90' lang='lat'><strong>,</strong></span> <span class='ocrx_word' id='word_1_914' title='bbox 3455 4861 3533 4897; x_wconf 91' lang='lat' dir='ltr'><strong>me</strong></span> <span class='ocrx_word' id='word_1_915' title='bbox 3572 4854 3750 4897; x_wconf 78' lang='lat' dir='ltr'><strong>autent</strong></span> 
     </span>
    </p>
   </div>
   <div class='ocr_carea' id='block_1_112' title="bbox 2157 4933 3752 5015">
    <p class='ocr_par' dir='ltr' id='par_1_112' title="bbox 2157 4933 3752 5015">
     <span class='ocr_line' id='line_1_112' title="bbox 2157 4933 3752 5015; baseline -0.008 -15"><span class='ocrx_word' id='word_1_916' title='bbox 2157 4946 2260 5000; x_wconf 88' lang='lat' dir='ltr'><strong>odit</strong></span> <span class='ocrx_word' id='word_1_917' title='bbox 2291 4943 2476 5015; x_wconf 89' lang='lat' dir='ltr'><strong>(Joan.</strong></span> <span class='ocrx_word' id='word_1_918' title='bbox 2511 4943 2572 4994; x_wconf 84' lang='lat'><strong>7.‘</strong></span> <span class='ocrx_word' id='word_1_919' title='bbox 2594 4943 2683 5010; x_wconf 89' lang='lat'><strong>7).</strong></span> <span class='ocrx_word' id='word_1_920' title='bbox 2719 4939 2847 4992; x_wconf 84' lang='lat' dir='ltr'><strong>Vide</strong></span> <span class='ocrx_word' id='word_1_921' title='bbox 2872 4948 3048 4992; x_wconf 87' lang='lat' dir='ltr'><strong>autem</strong></span> <span class='ocrx_word' id='word_1_922' title='bbox 3073 4938 3255 4993; x_wconf 86' lang='lat' dir='ltr'><strong>Jacobi</strong></span> <span class='ocrx_word' id='word_1_923' title='bbox 3289 4935 3626 4989; x_wconf 88' lang='lat' dir='ltr'><strong>modestiam.</strong></span> <span class='ocrx_word' id='word_1_924' title='bbox 3653 4933 3752 4988; x_wconf 83' lang='lat' dir='ltr'><strong>Ille</strong></span> 
     </span>
    </p>
   </div>
   <div class='ocr_carea' id='block_1_113' title="bbox 2157 5025 3753 5104">
    <p class='ocr_par' dir='ltr' id='par_1_113' title="bbox 2157 5025 3753 5104">
     <span class='ocr_line' id='line_1_113' title="bbox 2157 5025 3753 5104; baseline -0.01 -15"><span class='ocrx_word' id='word_1_925' title='bbox 2157 5049 2387 5104; x_wconf 88' lang='lat' dir='ltr'><strong>namque</strong></span> <span class='ocrx_word' id='word_1_926' title='bbox 2415 5031 2870 5100; x_wconf 86' lang='lat' dir='ltr'><strong>Jerosolymorum</strong></span> <span class='ocrx_word' id='word_1_927' title='bbox 2909 5028 3275 5097; x_wconf 81' lang='lat' dir='ltr'><strong>episcOpatum</strong></span> <span class='ocrx_word' id='word_1_928' title='bbox 3307 5025 3551 5092; x_wconf 77' lang='lat' dir='ltr'><strong>accepit,</strong></span> <span class='ocrx_word' id='word_1_929' title='bbox 3583 5031 3638 5076; x_wconf 93' lang='lat' dir='ltr'><strong>et</strong></span> <span class='ocrx_word' id='word_1_930' title='bbox 3670 5033 3753 5074; x_wconf 84' lang='lat' dir='ltr'><strong>ta-</strong></span> 
     </span>
    </p>
   </div>
   <div class='ocr_carea' id='block_1_114' title="bbox 2159 5113 3750 5187">
    <p class='ocr_par' dir='ltr' id='par_1_114' title="bbox 2159 5113 3750 5187">
     <span class='ocr_line' id='line_1_114' title="bbox 2159 5113 3750 5187; baseline -0.009 -7"><span class='ocrx_word' id='word_1_931' title='bbox 2159 5139 2280 5180; x_wconf 86' lang='lat' dir='ltr'><strong>men</strong></span> <span class='ocrx_word' id='word_1_932' title='bbox 2309 5123 2396 5177; x_wconf 90' lang='lat' dir='ltr'><strong>hic</strong></span> <span class='ocrx_word' id='word_1_933' title='bbox 2422 5120 2556 5176; x_wconf 92' lang='lat' dir='ltr'><strong>nihil</strong></span> <span class='ocrx_word' id='word_1_934' title='bbox 2575 5121 2831 5187; x_wconf 91' lang='lat' dir='ltr'><strong>loquitur.</strong></span> <span class='ocrx_word' id='word_1_935' title='bbox 2860 5118 3098 5172; x_wconf 88' lang='lat' dir='ltr'><strong>Aliorum</strong></span> <span class='ocrx_word' id='word_1_936' title='bbox 3123 5130 3334 5186; x_wconf 91' lang='lat' dir='ltr'><strong>quoque</strong></span> <span class='ocrx_word' id='word_1_937' title='bbox 3359 5113 3750 5180; x_wconf 88' lang='lat' dir='ltr'><strong>discipulorum</strong></span> 
     </span>
    </p>
   </div>
   <div class='ocr_carea' id='block_1_115' title="bbox 2159 5203 3745 5276">
    <p class='ocr_par' dir='ltr' id='par_1_115' title="bbox 2159 5203 3745 5276">
     <span class='ocr_line' id='line_1_115' title="bbox 2159 5203 3745 5276; baseline -0.014 -5"><span class='ocrx_word' id='word_1_938' title='bbox 2159 5230 2416 5271; x_wconf 91' lang='lat' dir='ltr'><strong>summam</strong></span> <span class='ocrx_word' id='word_1_939' title='bbox 2451 5212 2802 5268; x_wconf 87' lang='lat' dir='ltr'><strong>humilitatem</strong></span> <span class='ocrx_word' id='word_1_940' title='bbox 2833 5210 3132 5272; x_wconf 89' lang='lat' dir='ltr'><strong>considera,</strong></span> <span class='ocrx_word' id='word_1_941' title='bbox 3161 5223 3267 5276; x_wconf 91' lang='lat' dir='ltr'><strong>quo</strong></span> <span class='ocrx_word' id='word_1_942' title='bbox 3299 5215 3452 5274; x_wconf 90' lang='lat' dir='ltr'><strong>pacto</strong></span> <span class='ocrx_word' id='word_1_943' title='bbox 3480 5204 3568 5256; x_wconf 86' lang='lat' dir='ltr'><strong>illi</strong></span> <span class='ocrx_word' id='word_1_944' title='bbox 3597 5203 3745 5256; x_wconf 80' lang='lat' dir='ltr'><strong>thro.</strong></span> 
     </span>
    </p>
   </div>
   <div class='ocr_carea' id='block_1_116' title="bbox 2162 5291 3753 5371">
    <p class='ocr_par' dir='ltr' id='par_1_116' title="bbox 2162 5291 3753 5371">
     <span class='ocr_line' id='line_1_116' title="bbox 2162 5291 3753 5371; baseline -0.011 -11"><span class='ocrx_word' id='word_1_945' title='bbox 2162 5323 2285 5360; x_wconf 90' lang='lat' dir='ltr'><strong>num</strong></span> <span class='ocrx_word' id='word_1_946' title='bbox 2323 5304 2665 5368; x_wconf 89' lang='lat' dir='ltr'><strong>concedunt,</strong></span> <span class='ocrx_word' id='word_1_947' title='bbox 2706 5317 2878 5371; x_wconf 90' lang='lat' dir='ltr'><strong>neque</strong></span> <span class='ocrx_word' id='word_1_948' title='bbox 2911 5300 3020 5370; x_wconf 84' lang='lat' dir='ltr'><strong>jam</strong></span> <span class='ocrx_word' id='word_1_949' title='bbox 3060 5307 3242 5352; x_wconf 89' lang='lat' dir='ltr'><strong>mutuo</strong></span> <span class='ocrx_word' id='word_1_950' title='bbox 3281 5296 3601 5362; x_wconf 73' lang='lat' dir='ltr'><strong>disceptant.</strong></span> <span class='ocrx_word' id='word_1_951' title='bbox 3656 5291 3753 5346; x_wconf 86' lang='lat' dir='ltr'><strong>Illa</strong></span> 
     </span>
    </p>
   </div>
   <div class='ocr_carea' id='block_1_117' title="bbox 2160 5384 3757 5463">
    <p class='ocr_par' dir='ltr' id='par_1_117' title="bbox 2160 5384 3757 5463">
     <span class='ocr_line' id='line_1_117' title="bbox 2160 5384 3757 5463; baseline -0.01 -12"><span class='ocrx_word' id='word_1_952' title='bbox 2160 5399 2302 5451; x_wconf 90' lang='lat' dir='ltr'><strong>enim</strong></span> <span class='ocrx_word' id='word_1_953' title='bbox 2331 5395 2570 5450; x_wconf 85' lang='lat' dir='ltr'><strong>Ecclesia</strong></span> <span class='ocrx_word' id='word_1_954' title='bbox 2609 5396 2760 5463; x_wconf 88' lang='lat' dir='ltr'><strong>quasi</strong></span> <span class='ocrx_word' id='word_1_955' title='bbox 2803 5395 2853 5446; x_wconf 92' lang='lat' dir='ltr'><strong>in</strong></span> <span class='ocrx_word' id='word_1_956' title='bbox 2897 5391 3042 5445; x_wconf 83' lang='lat' dir='ltr'><strong>ca-lis</strong></span> <span class='ocrx_word' id='word_1_957' title='bbox 3083 5387 3250 5457; x_wconf 89' lang='lat' dir='ltr'><strong>posita</strong></span> <span class='ocrx_word' id='word_1_958' title='bbox 3293 5395 3443 5447; x_wconf 87' lang='lat' dir='ltr'><strong>erat,</strong></span> <span class='ocrx_word' id='word_1_959' title='bbox 3487 5384 3757 5438; x_wconf 72' lang='lat' dir='ltr'><strong>szccularc</strong></span> 
     </span>
    </p>
   </div>
   <div class='ocr_carea' id='block_1_118' title="bbox 2164 5473 3756 5556">
    <p class='ocr_par' dir='ltr' id='par_1_118' title="bbox 2164 5473 3756 5556">
     <span class='ocr_line' id='line_1_118' title="bbox 2164 5473 3756 5556; baseline -0.011 -12"><span class='ocrx_word' id='word_1_960' title='bbox 2164 5490 2296 5544; x_wconf 82' lang='lat' dir='ltr'><strong>nihil</strong></span> <span class='ocrx_word' id='word_1_961' title='bbox 2324 5490 2546 5555; x_wconf 87' lang='lat' dir='ltr'><strong>habens,</strong></span> <span class='ocrx_word' id='word_1_962' title='bbox 2579 5503 2683 5542; x_wconf 91' lang='lat' dir='ltr'><strong>non</strong></span> <span class='ocrx_word' id='word_1_963' title='bbox 2715 5484 3002 5556; x_wconf 87' lang='lat' dir='ltr'><strong>parietibus</strong></span> <span class='ocrx_word' id='word_1_964' title='bbox 3025 5521 3040 5546; x_wconf 95' lang='lat'><strong>,</strong></span> <span class='ocrx_word' id='word_1_965' title='bbox 3083 5495 3187 5534; x_wconf 78' lang='lat' dir='ltr'><strong>non</strong></span> <span class='ocrx_word' id='word_1_966' title='bbox 3217 5477 3604 5539; x_wconf 86' lang='lat' dir='ltr'><strong>marmoribus,</strong></span> <span class='ocrx_word' id='word_1_967' title='bbox 3652 5473 3756 5527; x_wconf 73' lang='lat' dir='ltr'><strong>sed</strong></span> 
     </span>
    </p>
   </div>
   <div class='ocr_carea' id='block_1_119' title="bbox 2227 5611 3761 5687">
    <p class='ocr_par' dir='ltr' id='par_1_119' title="bbox 2227 5611 3761 5687">
     <span class='ocr_line' id='line_1_119' title="bbox 2227 5611 3761 5687; baseline -0.011 -14"><span class='ocrx_word' id='word_1_968' title='bbox 2227 5636 2300 5684; x_wconf 68' lang='lat' dir='ltr'><strong>tu;</strong></span> <span class='ocrx_word' id='word_1_969' title='bbox 2317 5622 2499 5685; x_wconf 66' lang='lat' dir='ltr'><strong>Ioseph</strong></span> <span class='ocrx_word' id='word_1_970' title='bbox 2517 5635 2721 5687; x_wconf 80' lang='lat' dir='ltr'><strong>sponsus</strong></span> <span class='ocrx_word' id='word_1_971' title='bbox 2739 5620 2893 5670; x_wconf 76' lang='lat' dir='ltr'><strong>Maria:</strong></span> <span class='ocrx_word' id='word_1_972' title='bbox 2915 5616 3101 5666; x_wconf 74' lang='lat' dir='ltr'><strong>videtur</strong></span> <span class='ocrx_word' id='word_1_973' title='bbox 3119 5621 3340 5664; x_wconf 85' lang='lat' dir='ltr'><strong>mortuus</strong></span> <span class='ocrx_word' id='word_1_974' title='bbox 3360 5611 3508 5660; x_wconf 76' lang='lat' dir='ltr'><strong>fuisse</strong></span> <span class='ocrx_word' id='word_1_975' title='bbox 3532 5617 3649 5660; x_wconf 85' lang='lat' dir='ltr'><strong>ante</strong></span> <span class='ocrx_word' id='word_1_976' title='bbox 3678 5623 3761 5658; x_wconf 79' lang='lat' dir='ltr'><strong>as-</strong></span> 
     </span>
    </p>
   </div>
   <div class='ocr_carea' id='block_1_120' title="bbox 2171 5698 2802 5736">
    <p class='ocr_par' dir='ltr' id='par_1_120' title="bbox 2171 5698 2802 5736">
     <span class='ocr_line' id='line_1_120' title="bbox 2171 5698 2802 5736; baseline -0.016 0"><span class='ocrx_word' id='word_1_977' title='bbox 2171 5698 2462 5736; x_wconf 75' lang='lat' dir='ltr'><strong>censroncm,</strong></span> <span class='ocrx_word' id='word_1_978' title='bbox 2799 5701 2802 5706; x_wconf 90' lang='lat'>&#39;</span> 
     </span>
    </p>
   </div>
  </div>
