3976 6144
489 246 556 298 37
1173 241 1229 295 S.
1269 239 1555 295 JOANNIS
1589 237 2070 295 CI‘IRYSOSTOMI

2172 236 2440 294 ιιςιιιειι.
2484 218 3043 296 οοΝετΑΝτωοΡ.
3677 241 3752 295 38

555 357 624 426 γ’.
643 355 786 425 Αὕτη
814 355 1035 426 πρόνοια
1049 354 1390 410 διδασκάλου.
1411 356 1634 426 Πρῶτος
1648 348 1804 418 οὗτος
1819 355 2072 407 διδάσκα-

486 443 576 492 λον
613 438 962 505 κατέστησεν.
1012 435 1128 490 Οὐκ
1166 433 1339 501 εἶπεν,
1388 439 1470 490 ὅτι
1513 436 1840 504 Ἀρκοῦμεν
1861 435 2032 503 ἡμεῖς
2054 451 2068 463 ·

488 521 630 575 οὕτω
661 522 838 587 πάσης
867 519 1174 584 κενοδοξίας
1209 520 1365 583 ἐκτὸς
1400 515 1469 590 ἦν
1491 562 1504 582 ,
1543 521 1638 572 καὶ
1666 519 1803 590 πρὸς
1832 520 1890 570 ἓν
1924 516 2070 586 ἐώρα

486 604 666 674 μόνον,
694 601 874 656 καίτοι
925 602 1050 654 ούδέ
1097 603 1351 655 ίσότυπον
1385 603 1588 656 ἅπασιν
1625 599 1736 671 εἶχε
1771 600 1869 671 τὴν
1901 598 2072 652 κατά-

484 703 672 740 στασιν
728 685 843 738 ἀλλ’
863 685 1088 749 εἰκότως
1106 685 1278 739 ταῦτα
1299 686 1513 754 ἐγένετο
1527 686 1616 738 διὰ
1639 687 1734 756 τὴν
1751 684 1952 755 ἀρετὴν
1977 680 2070 734 τοῦ

480 767 705 838 ἀνδρός·
732 768 828 820 καὶ
856 768 937 820 ὅτι
968 768 1088 820 τότε
1129 769 1163 837 ή
1198 768 1488 821 ἐπιστασία
1519 763 1608 838 ἦν,
1640 769 1702 821 ού
1733 767 1901 837 τιμὴ,
1933 765 2069 818 ἀλλά

481 856 711 924 πρόνοια
751 853 860 909 τῶν
905 853 1243 924 ἀρχομένων.
1274 853 1446 908 Τοῦτο
1491 852 1616 906 οὒτε
1650 855 1777 915 τοὺς
1813 851 2070 923 αἱρουμέ-

481 956 606 1002 νους
627 939 800 991 ἐποίει
826 937 1147 1009 ἐπαίρεσθαι
1169 953 1183 967 ·
1208 937 1302 991 ἐπὶ
1323 937 1428 1009 γὰρ
1449 937 1724 1001 κινδύνους
1747 936 2064 991 ἐκαλοῦντο·

480 1020 603 1074 οὔτε
634 1021 760 1084 τοὺς
792 1020 866 1092 μὴ
919 1020 1242 1091 αἱρεθέντας
1294 1019 1370 1082 ὡς
1414 1020 1822 1090 ἀτιμασθέντας
1859 1018 2064 1086 ἀλγεῖν.

496 1103 636 1154 Ἀλλ’
676 1103 796 1172 οὐχὶ
837 1101 931 1155 νῦν
960 1101 1102 1154 οὕτω
1140 1101 1372 1169 γίνεται,
1402 1100 1518 1153 ἀλλ’
1548 1102 1693 1155 ἆπαν
1737 1101 2065 1154 τούναντίον.

484 1184 625 1255 Ὀρα
649 1183 778 1255 γὰρ,
816 1184 1010 1238 ἑκατὸν
1057 1185 1260 1238 εἴκοσιν
1300 1181 1462 1255 ἦσαν,
1510 1185 1604 1238 καὶ
1643 1185 1739 1237 Eva
1768 1186 1910 1237 αἰτεῖ
1962 1183 2068 1236 ἀπὸ

479 1267 679 1330 παντὸς
709 1267 803 1320 τοῦ
829 1267 1068 1339 πλήθους
1088 1283 1103 1296 ·
1149 1269 1392 1330 είκότως.
1423 1266 1645 1338 Πρῶτος
1684 1267 1776 1319 τοῦ
1817 1267 2069 1337 πράγμα-

479 1369 570 1414 τος
605 1351 873 1414 αύθεντεῖ,
917 1351 1012 1404 ᾶτε
1043 1349 1202 1412 αὐτὸς
1248 1350 1454 1412 πάντας
1505 1350 1887 1420 ἐγχειρισθείς.
1923 1350 2068 1419 Πρὸς

479 1433 588 1504 γάρ
615 1433 799 1486 τοῦτον
827 1429 979 1485 εἶπεν
1018 1434 1046 1485 6
1075 1431 1336 1501 Χριστός·
1367 1431 1479 1484 Καὶ
1503 1434 1584 1485 σύ
1611 1447 1755 1485 ποτε
1795 1430 2069 1499 ἐπιστρέ-

477 1519 622 1584 ψας,
661 1517 954 1585 στήριξον
989 1514 1132 1580 τοὺς
1169 1514 1473 1582 ἀδελφούς
1494 1529 1635 1569 σου.
1669 1515 1793 1568 Ὅτι
1822 1519 2068 1580 Κατηρι-

477 1598 778 1668 θμημένος
806 1596 904 1668 ἦν,
943 1599 1096 1668 φησι,
1127 1596 1250 1650 σὺν
1280 1596 1446 1664 ἡμῖν.
1478 1596 1578 1648 Διά
1609 1597 1767 1649 τοῦτο
1798 1599 2065 1668 προσήκει

477 1679 663 1751 ἕτερον
688 1680 1111 1750 προϐάλλεσθαι,
1139 1678 1281 1731 ὥστε
1313 1677 1568 1748 μάρτυρα
1589 1679 1840 1745 γενέσθαι
1869 1680 1948 1741 είς
1974 1677 2065 1730 τὸν

478 1764 688 1816 ἐκείνου
710 1764 892 1816 τόπον.
924 1764 1031 1815 Καὶ
1053 1763 1174 1833 ὅρα,
1198 1761 1316 1824 πῶς
1337 1760 1426 1813 τὸν
1455 1761 1773 1815 διδάσκαλον
1796 1764 2061 1833 μιμεῖται,

479 1845 752 1916 πανταχοῦ
787 1845 894 1897 ἀπὸ
934 1844 1044 1898 τῶν
1077 1830 1311 1913 Γραφῶν
1338 1841 1725 1913 διαλεγόμενος
1746 1881 1760 1905 ,
1790 1830 1885 1896 καὶ
1913 1830 2065 1895 οὐδὲν

478 1928 610 1997 περὶ
655 1927 750 1980 τοῦ
790 1926 1029 1998 Χριστοῦ
1079 1926 1255 1994 λέγων
1288 1925 1522 1988 οὐδέπω,
1562 1925 1642 1978 ὅτι
1674 1928 1902 1993 προεῖπε
1936 1923 2066 1976 πολ-

479 2012 637 2075 λάκις
666 2011 848 2074 αὐτός.
880 2011 990 2063 Καὶ
1021 2010 1080 2062 ού
1107 2009 1276 2077 λέγει,
1308 2008 1436 2061 ἐνθα
1453 2008 1552 2078 τῆς
1576 2009 1868 2080 προδοσίας
1897 2007 2063 2065 αὑτοῦ

479 2097 787 2167 μέμνηται·
857 2089 992 2156 οἷον,
1032 2095 1232 2161 Στόμα
1292 2092 1668 2160 ἀμαρτωλοῦ,
1717 2091 1820 2145 καί
1870 2093 2065 2160 στόμα

479 2178 687 2232 δολίου
730 2177 823 2230 ἐπ’
862 2176 968 2245 ἐμὲ
1001 2175 1289 2242 ἠνοίχθη·
1339 2174 1456 2227 ἀλλ’
1498 2175 1628 2244 ἔνθα
1669 2175 1768 2244 τῆς
1791 2174 2064 2244 τιμωρίας

480 2260 646 2315 αὑτοῦ
688 2261 848 2330 μόνον
873 2259 970 2328 τὴν
1015 2258 1233 2327 μνήμην
1265 2258 1562 2328 ἐποιήσατο
1581 2274 1594 2286 ·
1639 2257 1798 2310 τοῦτο
1827 2257 1933 2329 γάρ
1965 2258 2062 2309 αὒ-

482 2348 610 2409 τοὺς
663 2344 800 2406 τέως
853 2342 1074 2409 ὠφέλει.
1122 2340 1294 2393 Τοῦτο
1348 2340 1582 2409 μάλιστα
1614 2340 1855 2393 δείκνυσι
1902 2340 2064 2392 πάλιν

487 2427 576 2481 τοῦ
613 2425 886 2478 Δεσπότου
921 2423 1020 2494 τὴν
1060 2422 1492 2494 φιλανθρωπίαν.
1531 2422 1654 2475 Ὅτι
1694 2425 2066 2491 Κατηριθμη-

483 2508 662 2575 μένος
684 2503 782 2576 ἦν,
814 2507 968 2574 φησὶ,
997 2504 1118 2557 σὺν
1141 2503 1306 2572 ημῖν,
1339 2503 1436 2556 καὶ
1481 2503 1664 2571 ἔλαχε
1688 2503 1794 2556 τὸν
1838 2502 2067 2571 κλῆρον
2104 2521 2111 2529 ·

484 2591 592 2660 τῆς
614 2589 920 2654 διακονίας
945 2588 1187 2656 ταύτης.
1223 2586 1437 2656 Κλῆρον
1468 2585 1629 2639 αὐτὸν
1663 2585 1937 2655 πανταχοῦ
1976 2603 2068 2640 κα-

483 2676 582 2738 λεῖ,
610 2672 822 2734 δεικνὺς
852 2669 953 2740 τῆς
979 2669 1073 2723 τοῦ
1104 2668 1238 2722 Θεοῦ
1267 2669 1489 2740 χάριτος
1516 2669 1577 2721 τὸ
1604 2670 1711 2722 πᾶν
1738 2668 1817 2731 ὃν,
1849 2670 1942 2722 καὶ
1969 2669 2067 2738 τῆς

483 2755 731 2824 ἐκλογῆς,
773 2753 868 2806 καὶ⁵
921 2754 1355 2823 ἀναμιμνήσκων
1403 2753 1602 2816 αὐτοὺς
1644 2751 1754 2806 τῶν
1798 2752 2065 2818 παλαιῶν,

482 2838 594 2911 [27]
648 2840 730 2891 ὅτι
764 2838 793 2890 6
847 2836 977 2899 Θεὸς
1032 2835 1194 2888 αὐτὸν
1227 2834 1599 2906 ἐκληρώσατο,
1647 2835 1901 2903 καθάπερ
1941 2837 2068 2897 τοὺς

483 2925 736 2989 Λευῒτας,
764 2923 860 2976 καὶ
889 2922 1212 2991 ἐνδιατρίϐει
1241 2932 1259 2952 ⁸
1275 2925 1387 2984 τοῖς
1407 2922 1536 2993 περὶ
1556 2921 1741 2986 αὐτοῦ,
1763 2925 1791 2974 6
1816 2923 1912 2990 τῆς
1938 2939 2068 2992 προ-

483 3007 664 3066 δοσίας
699 3003 890 3074 μισθὸς
921 3002 1082 3065 αὐτὸς
1113 3003 1205 3054 καὶ
1231 3002 1332 3071 τῆς
1355 3003 1628 3072 τιμωρίας
1657 3003 1846 3070 γέγονε
1871 3002 2068 3071 κήρυξ.

495 3086 826 3153 Ἐκτήσατο
865 3084 995 3153 γὰρ,
1042 3085 1195 3153 φησὶ,
1225 3085 1443 3152 χωρίον
1467 3085 1534 3137 ἐκ
1557 3085 1781 3152 μισθοῦ
1810 3085 1919 3152 τῆς
1947 3085 2071 3137 ἀδι-

486 3170 640 3233 κίας.
672 3169 816 3237 Ὅρα
852 3166 967 3228 πῶς
995 3165 1131 3217 Θεοῦ
1176 3165 1458 3234 οἰκονομία
1497 3166 1556 3220 τὸ
1581 3167 1804 3234 γεγονὸς
1832 3164 1919 3234 ἦν.
1958 3166 2072 3234 Τῆς

486 3251 739 3316 ἀδικίας,
775 3248 927 3317 φησί.
954 3246 1152 3300 Πολλαὶ
1175 3249 1228 3300 αἱ
1259 3247 1485 3314 ἀδικίαι,
1519 3248 1655 3301 ἀλλά
1693 3248 1894 3318 ταύτης
1921 3250 2070 3302 οὐδὲν

487 3333 812 3403 ἀδικώτερον
842 3330 1030 3400 γέγονέ
1055 3346 1203 3394 ποτε,
1235 3329 1374 3382 ὥστε
1405 3329 1617 3394 ἀδικίας
1642 3327 1710 3402 ἦν
1733 3332 1794 3384 τὸ
1817 3334 2067 3402 πρᾶγμα.

487 3417 621 3487 Οὐχὶ
654 3415 710 3468 δέ
742 3417 901 3484 μόνον
932 3415 1047 3474 τοῖς
1084 3411 1319 3481 παροῦσι
1348 3411 1538 3480 γέγονε
1565 3413 1723 3482 δῆλον
1754 3415 1814 3466 τὸ
1843 3415 2070 3484 γενόμε-

489 3516 596 3564 νον,
625 3497 760 3550 ἀλλὰ
813 3495 907 3548 καὶ
956 3496 1092 3547 πᾶσι
1121 3496 1232 3557 τοῖς
1267 3493 1406 3564 μετά
1448 3493 1642 3562 ταῦτα,
1679 3495 1820 3549 ὥστε
1847 3497 2071 3559 ἄκοντες

487 3582 778 3651 ὠνόμασαν
799 3579 898 3632 οὑκ
921 3577 1141 3641 εἰδότες,
1161 3577 1412 3647 καθάπερ
1438 3579 1540 3631 καὶ.
1561 3581 1816 3648 Καϊάφας
1837 3582 2073 3651 προεφή.

489 3679 678 3716 τευσεν
723 3662 823 3714 οὐκ
865 3658 1041 3723 εἰδώς.
1087 3658 1147 3712 ’0
1187 3660 1318 3723 Θεὸς
1347 3661 1546 3724 αὐτοὺς
1588 3661 1897 3730 ἠνάγκασεν
1929 3660 2072 3715 οὕτω

490 3743 717 3798 καλέσαι
775 3741 1055 3812 Ἐϐραϊστὶ
1094 3741 1422 3811 Ἁκελδαμά.
1464 3743 1598 3796 Ἀπὸ
1642 3745 1834 3796 τούτου
1878 3745 1971 3798 καὶ
2003 3743 2073 3798 τά

502 3827 777 3889 Ἰουδαίοις
801 3827 1015 3879 ἐπιέναι
1046 3825 1308 3896 μέλλοντα
1352 3825 1501 3880 κακά
1529 3826 1662 3897 δῆλα
1688 3823 1756 3898 ἦν
1776 3843 1789 3856 ·
1842 3827 1936 3880 καὶ
1960 3827 2070 3880 δεί-

490 3925 652 3964 κιυσι
702 3909 839 3972 τέως
882 3908 982 3979 τὴν
1027 3909 1336 3979 πρόρρησιν
1375 3907 1698 3972 ἐξελθοῦσαν
1731 3911 1796 3962 ἐκ
1849 3910 2069 3981 μέρους,

491 3994 593 4062 τὴν
622 3993 652 4033 ιι
678 3991 940 4059 λέγουσαν
959 4009 972 4021 ·
1001 3993 1205 4046 Καλὸν
1223 3987 1303 4061 ἦν
1327 3991 1506 4056 αὐτῷ,
1535 3994 1590 4045 εί
1622 3994 1733 4046 οὐκ
1779 3993 2070 4063 ἐγεννήθη

493 4079 528 4130 ὁ
551 4073 864 4143 ἅνθρωπος
911 4073 1163 4140 ἐκεῖνος.
1217 4073 1329 4127 Καὶ
1378 4077 1506 4144 περὶ
1544 4074 1653 4127 τῶν
1703 4075 1970 4129 Ἰουδαίων
2005 4077 2074 4129 τά

496 4157 640 4212 αὐτὰ
687 4157 918 4230 ἁρμόζει
965 4157 1164 4226 λέγειν.
1214 4158 1274 4210 El
1304 4160 1409 4228 γὰρ
1460 4161 1488 4211 6
1523 4158 1811 4228 γενόμενος
1859 4160 2071 4230 δδηγὸς,

496 4239 676 4310 πολλῷ
713 4239 910 4311 μᾶλλον
965 4242 1058 4293 καὶ
1099 4234 1266 4294 οὗτοι.
1330 4239 1466 4293 Ἀλλ’
1495 4240 1644 4292 ούδέν
1675 4240 1876 4295 τούτων
1927 4242 2073 4311 λέγει

493 4324 652 4387 τέως.
681 4320 813 4376 Εἶτα
831 4323 1069 4386 δεικνὺς,
1089 4324 1171 4375 ὅτι
1193 4323 1320 4395 περὶ
1348 4322 1510 4374 αύτοῦ
1534 4323 1757 4387 εἰκότως
1781 4324 1846 4378 ἂν
1865 4324 2073 4394 λέγοιτο

506 4406 830 4478 Ἀκελδαμά,
865 4408 1048 4474 ἐνάγει
1081 4417 1104 4444 ο
1139 4407 1228 4458 τὸν
1269 4408 1552 4476 προφήτην
1586 4407 1816 4475 λέγοντα
1839 4450 1852 4470 ,
1881 4413 2070 4477 Γενη-

498 4492 655 4556 θήτω
685 4493 722 4558 ἡ
776 4493 1031 4554 ἔπαυλις
1076 4489 1263 4542 αὐτοῦ
1293 4488 1534 4557 ἕρημος.
1572 4490 1636 4541 Τί
1669 4492 1776 4562 γὰρ
1815 4495 2074 4563 ἐρημότε-

497 4593 590 4647 ρον
625 4573 720 4626 τοῦ
761 4575 931 4641 τάφον
977 4571 1268 4639 γενέσθαι;
1301 4572 1462 4622 Ὥστε
1498 4575 1592 4625 κα)⁸
1618 4576 1842 4636 εἰκότως
1873 4578 1937 4628 ἂν
1972 4578 2072 4630 αύ-

495 4657 591 4712 τοῦ
624 4655 846 4725 κληθείη
868 4654 930 4706 τὸ
952 4653 1172 4723 χωρίον,
1207 4653 1264 4703 '0
1287 4652 1392 4722 γὰρ
1415 4653 1475 4704 τὸ
1495 4654 1712 4724 τίμημα
1731 4658 2071 4725 καταϐαλὼν,

497 4743 548 4793 εί
588 4739 683 4792 καὶ
723 4738 899 4806 ἕτεροι
947 4737 995 4787 οί
1029 4734 1365 4804 ὴγορακότες
1403 4730 1544 4800 εἶεν,
1583 4738 1744 4800 αὐτὸς
1774 4738 1840 4791 ἂν
1867 4740 1953 4809 εἴη
1996 4741 2075 4794 δί-

499 4839 651 4885 καιος
688 4818 999 4888 λογίζεσθαι
1039 4817 1228 4887 κύριος
1263 4819 1595 4888 ἐρημώσεως
1627 4823 1889 4891 μεγάλης.
1925 4825 2073 4896 Αὕτη

500 4910 532 4978 ή
559 4908 838 4977 ἐρήμωσις
859 4902 1143 4972 προοίμιον
1168 4902 1268 4970 τῆς
1298 4902 1616 4969 Ἰουδαϊκῆς,
1644 4906 1699 4958 εἴ
1717 4908 1780 4974 γέ
1809 4926 1891 4971 τις
1923 4910 2078 4980 ἀκρι-

498 4990 612 5052 ϐῶς
632 4988 928 5052 ἐξετάσειε.
953 4985 1062 5040 Καὶ
1092 4985 1202 5056 γὰρ
1223 4987 1419 5039 ἐκεῖνοι
1443 4988 1670 5052 ἑαυτοὺς
1695 4991 1903 5046 ἀνεῖλον
1932 4993 2075 5063 λιμῷ

498 5073 596 5126 καὶ
619 5070 844 5132 πολλοὺς
871 5068 1198 5122 ἀπέκτειναν
1217 5109 1230 5132 ,
1258 5069 1352 5122 καὶ
1385 5069 1552 5136 τάφος
1583 5072 1801 5140 γέγονεν
1827 5077 1860 5145 ἠ
1886 5075 2039 5138 πόλις
2058 5114 2074 5138 ,

498 5157 608 5209 τῶν
654 5151 840 5219 ξένων,
892 5151 1002 5204 τῶν
1032 5150 1414 5220 στρατιωτῶν·
1457 5155 1697 5218 ἐκείνους
1733 5157 1841 5229 γάρ
1868 5158 1975 5210 οὐδ’
2011 5157 2076 5211 ἂν

500 5237 690 5292 εἴασαν
724 5238 979 5304 ταφῆναι,
1011 5235 1132 5288 ούδέ
1164 5234 1270 5307 γὰρ
1307 5236 1484 5306 ταφῆς
1520 5238 1950 5310 κατηξιώθησαν.
1985 5240 2085 5294 Δεῖ

502 5314 614 5374 οὖν
640 5317 759 5372 τῶν
780 5317 1199 5372 συνελθόντων
1218 5317 1386 5387 ἡμῖν.
1409 5319 1597 5388 φησὶν,
1619 5320 1875 5387 ἀνδρῶν.
1908 5322 2076 5393 Ὅρα,

503 5402 616 5466 πῶς
674 5401 921 5471 βούλεται
987 5399 1263 5463 αὐτόπτας
1326 5399 1524 5462 αὐτοὺς
1591 5397 1756 5456 εἶναι.
1818 5405 2078 5474 Καίτοιγε

503 5484 693 5551 ἔμελλε
717 5483 1047 5555 παρέσεσθαι
1071 5483 1132 5536 τὸ
1155 5481 1399 5552 Πνεῦμα·
1430 5483 1544 5536 ἀλλ’
1567 5484 1716 5553 ὅμως
1737 5485 1904 5558 πολλὴ
1923 5505 2080 5542 σπου-

501 5565 566 5634 δὴ
588 5567 713 5635 περὶ
739 5569 928 5620 τούτου
954 5563 1042 5637 ἦν.
1071 5567 1200 5621 Τῶν
1217 5566 1640 5622 συνελθόντων
1658 5568 1803 5638 ἡμῖν
1819 5571 2073 5642 ἀνδρῶν,

569 5745 596 5773 ⁸
623 5743 796 5815 Ματρί.
814 5748 992 5815 καλότι
1011 5749 1321 5815 ἐνδιατρίϐειζ
1431 5751 1604 5815 Morel.
1633 5754 1688 5802 ἐκ
1709 5754 1875 5815 μέρους
1897 5753 2076 5812 ἐκείνην

508 5806 613 5856 τήν.
686 5807 708 5835 θ
749 5801 827 5853 Sic
872 5806 1041 5855 Morel.
1073 5816 1124 5855 et
1153 5801 1267 5860 lius.
1292 5811 1446 5865 Savil.
1469 5801 1556 5866 ἐπᾶ
1571 5801 1647 5874 (ει.

2168 355 2352 422 φησὶν,
2381 355 2453 408 ἐν
2475 359 2655 411 παντὶ
2687 360 2901 426 γρόνῳ,
2926 358 2997 410 ἐν
3018 351 3066 422 ᾧ
3084 356 3332 425 εἰσῆλθε
3356 356 3455 409 καὶ
3487 354 3752 424 ἐξῆλθεν

2179 435 2256 503 ‘g’
2289 437 2448 505 ἡμᾶς
2485 443 2518 492 ό
2539 441 2751 509 Κύριος
2793 442 3042 508 Ἰησοῦς.
3083 441 3365 493 Δείκνυσιν
3393 439 3591 502 αὐτοὺς
3619 457 3750 494 συν-

2172 521 2458 588 ῳκηκότας
2496 522 2643 592 αὐτῷ
2685 526 2783 593 οὐχ
2829 523 3014 585 ἁπλῶς
3053 522 3128 586 ὡς
3161 521 3405 592 μαθητὰς
3451 521 3747 592 παρόντας.

2175 600 2317 669 ’Λρα
2344 602 2436 654 καὶ
2461 600 2520 666 ἐξ
2541 605 2714 672 ἀρχῆς
2737 607 2856 658 τότε
2890 605 3074 657 πολλοὶ
3106 603 3546 674 παρηκολούθουν
3575 603 3747 673 αὐτῷ.

2173 680 2312 752 Ὅρα
2353 683 2504 751 γοῦν,
2531 687 2647 746 πῶς
2669 693 2826 739 τοῦτο
2864 687 3012 756 δηλοῖ
3039 687 3089 751 ά,
3121 687 3248 739 ὅταν
3294 686 3428 756 λέγῃ
3448 702 3461 715 ·
3498 681 3619 740 Ἤν
3660 682 3752 751 εἷς

2168 762 2237 815 ἐκ
2273 762 2392 816 τῶν
2417 767 2527 820 δύο
2558 767 2674 821 τῶν
2702 769 3094 822 ἀκουσάντων
3119 770 3278 836 παρὰ
3311 767 3616 829 Ἰωάννου,
3648 768 3751 820 καὶ

2145 846 2718 917 ,ἀκολουθησάντων
2758 851 2838 916 τῷ
2887 852 3111 918 Ἰησοῦ.
3158 847 3254 903 Ἐν
3292 850 3471 903 παντὶ
3509 851 3710 920 χρόνῳ
3733 892 3748 910 ,

2170 930 2354 998 φησὶν,
2377 930 2446 982 ἐν
2467 924 2515 995 ᾧ
2535 931 2786 1000 εἰσῆλθε
2804 933 2902 986 καὶ
2923 932 3181 1001 ἐξῆλθεν
3203 932 3294 1000 ἐφ’
3308 931 3466 1000 ἡμᾶς
3485 936 3518 985 ό
3533 932 3750 999 Κύριος

2182 1012 2438 1079 Ἰησοῦς,
2464 1014 2794 1084 ἀρξάμενος
2818 1017 2936 1070 ἀπὸ
2967 1017 3073 1070 τοῦ
3098 1017 3519 1084 βαπτίσματος
3560 1016 3749 1070 Ἰωάν-

2166 1111 2300 1150 νου.
2322 1096 2538 1160 Καλῶς.
2573 1100 2653 1150 Τὰ
2686 1098 2797 1170 γάρ
2827 1100 2934 1170 πρὸ
2957 1099 3148 1152 τούτου
3181 1099 3354 1161 οὐδεὶς
3391 1099 3506 1170 ᾔδει
3533 1099 3744 1168 μαθὼν,

2167 1177 2303 1230 ἀλλά
2332 1180 2605 1250 Πνεύματι
2630 1181 2948 1250 ἐμάνθανον.
2980 1181 3133 1246 ’Ἕως
3153 1179 3263 1248 τῆς
3284 1183 3527 1250 ἡμέρας,
3559 1183 3744 1251 φησὶν,

2164 1256 2241 1329 ἧς
2295 1263 2606 1332 ἀνελήφθη
2657 1265 2756 1332 ἀφ’
2792 1261 2978 1332 ἡμῶν,
3033 1263 3304 1332 μάρτυρα
3338 1263 3446 1332 τῆς
3489 1263 3747 1317 ἀναστά-

2166 1359 2322 1410 σεως
2355 1345 2542 1399 αὑτοῦ
2577 1345 2700 1398 σὺν
2733 1345 2880 1414 ἡμῖν
2908 1343 3184 1416 γενέσθαι
3203 1345 3311 1398 ἕνα
3342 1346 3586 1399 τούτων.
3632 1347 3745 1398 υύκ

2165 1423 2286 1480 εἶπε
2306 1467 2320 1492 ,
2370 1427 2494 1481 Τῶν
2530 1427 2736 1481 ἄλλων
2760 1427 3067 1496 μάρτυρα,
3115 1427 3250 1481 ἀλλά
3271 1470 3284 1492 ,
3325 1428 3441 1495 Τῆς
3483 1428 3746 1480 ἀναστά-

2165 1525 2321 1576 σεως
2349 1510 2517 1582 μόνης
2550 1511 2823 1582 μάρτυρα.
2864 1511 2975 1564 Καὶ
3008 1512 3118 1583 γὰρ
3158 1510 3600 1580 ἀξιοπιστότερος
3623 1506 3690 1581 ἦν
3715 1512 3745 1562 ό

2164 1593 2462 1663 δυνάμενος
2505 1594 2702 1654 εἰπεῖν,
2747 1594 2830 1646 ὅτι
2877 1593 3112 1656 Ἐκεῖνος
3140 1595 3168 1645 6
3203 1592 3414 1663 φαγὼν,
3455 1595 3551 1645 καὶ
3580 1589 3740 1654 πιὼν,

2165 1677 2260 1730 κα)⁵
2296 1675 2628 1748 σταυρωθεὶς
2650 1715 2665 1740 ,
2701 1675 2863 1740 αὐτὸς
2901 1677 3123 1746 ἀνέστη.
3154 1677 3316 1729 ’Ὥστε
3352 1675 3475 1729 οὔτε
3505 1677 3613 1730 τῶν
3639 1677 3746 1746 πρὸ

2162 1759 2352 1812 τούτου
2385 1759 2626 1829 χρόνων,
2654 1757 2778 1810 οὔτε
2826 1759 2937 1811 τῶν
2978 1760 3116 1829 μετά
3145 1758 3319 1812 ταῦτα
3350 1760 3456 1812 ἔδει
3491 1761 3743 1830 μάρτυρα

2164 1838 2303 1896 εἷναι
2333 1844 2426 1896 καὶ
2466 1853 2490 1880 ο
2527 1841 2636 1894 τῶν
2678 1841 2940 1912 σημείων.
2992 1842 3065 1894 Τὸ
3094 1842 3204 1910 γὰρ
3232 1841 3562 1912 ζητούμενον
3586 1843 3745 1895 τοῦτο

2163 1921 2252 1996 ἦν,
2283 1925 2317 1994 ἡ
2352 1924 2647 1990 ἀνάστασις
2669 1941 2684 1955 ·
2725 1926 2846 1979 ἐπεὶ
2881 1927 3065 1978 ἐκεῖνα
3107 1925 3245 1996 δῆλα
3289 1923 3358 1996 ἦν
3387 1928 3482 1978 καὶ
3533 1926 3746 1995 ὡμολο-

2164 2008 2401 2078 γημένα,
2453 2007 2592 2077 αὓτη
2633 2008 2690 2060 δέ
2734 2007 2910 2080 λάθρα
2940 2010 3164 2076 γέγονε,
3191 2010 3288 2062 καὶ
3316 2009 3528 2073 τούτοις
3561 2013 3746 2079 μόνοις

2163 2088 2231 2162 ἦν
2262 2092 2422 2162 δήλη.
2450 2093 2560 2145 Καὶ
2583 2092 2642 2143 οὒ
2675 2090 2942 2158 λέγουσιν,
2981 2093 3064 2145 ὅτι
3098 2093 3351 2160 ’Ἄγγελοι
3391 2089 3545 2145 εἷπον
3589 2093 3742 2163 ἡμῖν,

2163 2176 2275 2228 ἀλλ’
2308 2177 2389 2228 ὅτι
2431 2175 2784 2244 Ἑωράκαμεν
2827 2173 2942 2245 [28]
2975 2177 3153 2245 ἡμεῖς.
3181 2176 3348 2229 Πόθεν
3390 2176 3587 2246 δῆλον;
3657 2175 3745 2241 Ἐξ

2165 2253 2240 2310 ῶν
2271 2255 2819 2329 θαυματουργοῦμεν.
2842 2257 2941 2309 Διά
2965 2255 3120 2311 τοῦτο
3145 2257 3376 2327 μάλιστα
3398 2258 3518 2309 τότε
3546 2257 3746 2318 αὐτοὺς

2164 2339 2512 2406 ἀξιοπίστους
2557 2340 2664 2392 ἔδει
2713 2335 2871 2393 εἶναι.
2937 2340 3046 2394 Καὶ
3087 2341 3381 2407 ἔστησαν,
3423 2341 3587 2412 φησὶ,
3612 2341 3742 2394 δύο.

2167 2421 2321 2473 Διατί
2352 2423 2426 2492 μὴ
2455 2422 2718 2486 πολλούς;
2745 2420 2862 2475 Ἵνα
2895 2421 2970 2492 μὴ
3002 2421 3200 2492 μείζων
3220 2425 3252 2494 ή
3271 2423 3477 2493 ἀθυμία
3493 2423 3742 2494 γένηται,

2170 2505 2304 2574 μηδὲ
2336 2507 2415 2567 είς
2445 2505 2671 2568 πολλοὺς
2694 2505 2754 2556 τὸ
2781 2506 3011 2575 πρᾶγμα
3047 2509 3300 2577 περιστῇ.
3335 2506 3446 2575 Οὐχ
3477 2507 3664 2567 ἁπλῶς
3688 2505 3745 2558 δέ

2167 2587 2521 2658 προστίθησιν
2561 2588 2788 2651 ἐκεῖνον,
2831 2587 2964 2640 ἀ).λά
3008 2587 3256 2652 δεικνὺς,
3301 2588 3382 2640 ὃτι
3421 2587 3684 2650 πολλάκις
3719 2589 3748 2640 ό

2169 2669 2322 2740 παρά
2348 2669 2658 2740 ἀνθρώποις
2682 2671 2883 2740 τίμιος,
2917 2668 3068 2739 παρὰ
3099 2669 3177 2739 τῷ
3201 2669 3319 2740 Θεῷ
3347 2669 3580 2722 ἐλάττων
3607 2669 3744 2723 ἐστί.

2167 2753 2278 2806 Καὶ
2317 2756 2468 2822 κοινῇ
2493 2754 2548 2806 δέ
2586 2753 2784 2813 πάντες
2819 2751 3069 2821 εὔχονται
3092 2751 3373 2818 λέγοντες·
3407 2751 3511 2816 Σὺ,
3546 2753 3746 2819 Κύριε.

2167 2835 2618 2904 καρδιογνῶστα
2663 2835 2936 2898 πάντων,
2965 2833 3304 2898 ἀνάδειξον.
3335 2835 3406 2888 Σὺ
3429 2875 3443 2897 ,
3470 2836 3601 2905 φησὶ
3621 2877 3636 2899 ,
3671 2835 3748 2903 μὴ

2167 2921 2349 2989 ἡμεῖς.
2392 2918 2678 2988 Εὑκαίρως
2714 2916 3149 2989 καρδιογνώστην
3181 2916 3466 2981 καλοῦσιν,
3501 2919 3609 2970 ἀπὸ
3638 2917 3750 2987 γάρ

2167 3002 2358 3054 τούτου
2392 2999 2668 3070 αἱρεῖσθαι
2701 3001 2890 3071 ἐχρῆν,
2943 2999 3063 3069 οὐχὶ
3104 2999 3214 3052 τῶν
3261 2999 3458 3064 ἔξωθεν
3486 2999 3528 3053 ί.
3561 2998 3751 3062 Οὕτως

2171 3081 2472 3153 ἐθάρρουν,
2519 3083 2601 3134 ὅτι
2659 3084 2876 3145 πάντως
2914 3083 3012 3136 Eva
3055 3082 3136 3134 δεῖ
3178 3081 3452 3149 γενέσθαι.
3489 3083 3598 3134 Καὶ
3648 3083 3750 3134 οὐκ

2171 3159 2357 3226 εἷπον,
2407 3165 2660 3228 Ἔκλεξαι
2683 3205 2697 3229 ,
2740 3165 2907 3227 ἀλλὰ,
2945 3163 3242 3228 Ἀνάδειξον
3275 3165 3365 3218 τὸν
3417 3163 3711 3232 ἐκλεγέντα
3733 3205 3748 3228 ,

2172 3245 2357 3314 φησὶν,
2397 3248 2507 3298 “Or
2531 3247 2817 3312 ἐξελέξω·
2855 3247 3054 3310 εἰδότες
3103 3251 3281 3303 πάντα
3309 3247 3645 3319 προωρίσθαι
3669 3248 3753 3317 τῷ

2171 3331 2308 3400 Θεῷ.
2358 3333 2457 3385 Ἐκ
2483 3334 2709 3386 τούτων
2736 3332 2855 3385 τῶν
2881 3333 2989 3386 δύο
3026 3333 3134 3386 ἕνα
3153 3333 3366 3403 λαχεῖν
3390 3334 3497 3385 τόν
3517 3331 3754 3399 κλῆρον

2168 3413 2282 3482 τῆς
2323 3412 2628 3480 διακονίας
2674 3416 2896 3481 ταύτης
2955 3416 3052 3468 καὶ
3099 3411 3601 3482 ἀποστολῆς.Ἦν
3639 3413 3753 3484 γάρ

2170 3498 2265 3550 καὶ
2296 3495 2429 3568 ἄλλη
2481 3497 2745 3552 διακονία.
2790 3497 2900 3552 Καὶ
2947 3498 3179 3553 ἔδωκαν
3223 3499 3428 3564 αὐτοῖς
3457 3501 3749 3565 κλήρους.

2173 3578 2343 3632 Οὔπω
2389 3580 2498 3650 γάρ
2538 3582 2762 3643 ἑαυτοὺς
2821 3581 3004 3645 ἀξίους
3036 3591 3063 3628 ις
3113 3581 3344 3652 ἡγοῦντο
3399 3581 3492 3650 ἀφ’
3539 3581 3753 3634 ἑαυτῶν

2171 3661 2527 3725 ἐκλέξασθαι·
2567 3662 2648 3715 διὸ
2689 3664 2782 3716 καὶ
2825 3664 3036 3716 αἰτοῦσι
3073 3665 3163 3717 διά
3200 3682 3344 3728 τινος
3387 3665 3615 3735 σημείου
3645 3680 3754 3733 μα-

2171 3743 2304 3799 θεῖν.

2241 3827 2302 3880 δ’.
2349 3829 2556 3891 ’Ἄλλως
2588 3829 2667 3892 δέ,
2722 3831 2771 3881 εί
2801 3829 2930 3884 ἔνθα
2967 3829 3090 3884 οὔτε
3137 3831 3292 3902 εὐχὴ,
3323 3829 3448 3883 οὔτε
3475 3830 3751 3899 ἀξιόλογοι

2172 3911 2385 3983 ἄνδρες,
2408 3912 2608 3983 κλῆρος
2631 3913 2883 3966 τοσοῦτον
2904 3913 3106 3983 ἴσχυσε,
3129 3913 3215 3967 διὰ
3235 3914 3294 3966 τὸ
3321 3912 3381 3978 ἐξ
3406 3913 3573 3984 ὀρθῆς
3592 3916 3751 3982 γενέ-

2175 3997 2298 4049 σθαι
2333 3997 2558 4068 γνώμης
2607 3997 2698 4048 ἐπὶ
2727 3996 2820 4048 τοῦ
2860 3996 3034 4049 Ἰωνᾶ·
3069 3995 3250 4067 πολλῷ
3284 3997 3484 4066 μᾶλλον
3516 3997 3753 4051 ἐνταῦθα

2174 4079 2459 4150 ἐπλήρωσε
2492 4079 2581 4131 τὸν
2607 4079 2785 4148 χορὸν,
2816 4079 3083 4148 ἀπήρτισε
3114 4079 3212 4149 τὴν
3239 4079 3410 4144 τάξιν.
3442 4081 3552 4134 Καὶ
3578 4081 3607 4132 6
3632 4081 3752 4134 ἐτεο

2175 4179 2266 4230 ρος
2297 4163 2393 4215 οὐκ
2430 4161 2686 4232 ήλγησεν·
2747 4162 2806 4212 ού
2841 4161 2949 4234 γὰρ
2981 4161 3046 4215 ἂν
3093 4162 3414 4232 ἀπέκρυψαν
3457 4162 3528 4215 τά
3576 4165 3753 4218 οἰκεῖα

2174 4244 2530 4314 ἐλαττώματα
2561 4245 2610 4296 οί
2635 4243 3008 4297 ἀπόστολοι-οῖ
3043 4261 3106 4312 γε
3153 4247 3281 4316 περὶ
3310 4245 3488 4299 αὐτῶν
3522 4246 3633 4299 τῶν
3660 4263 3753 4298 κο-

2176 4327 2415 4399 ρυφαίων
2444 4329 2617 4380 εἰπεῖν
2645 4328 2744 4380 οὐκ
2771 4327 3093 4398 ἀπέσχοντο,
3122 4330 3201 4381 ὅτι
3227 4328 3612 4398 ἠγανάκτησαν
3657 4328 3754 4381 άλ-

2172 4412 2356 4481 λαχοῦ·
2390 4411 2597 4480 καὶόύχ
2623 4409 2788 4476 ἅπαξ,
2814 4411 2947 4466 ἀλλὰ
2978 4415 3070 4466 καὶ
3097 4411 3178 4474 δὶς
3197 4413 3291 4464 καὶ
3317 4410 3594 4474 πολλάκις.
3611 4411 3750 4464 Τού-

2173 4513 2295 4558 τους
2321 4491 2412 4547 οὖν
2452 4495 2546 4546 καὶ
2581 4496 2739 4564 ⁴ἡμεῖς
2777 4495 3162 4565 μιμησώμεθα.
3215 4496 3327 4548 Οὐκ
3360 4495 3439 4547 ἔτι
3491 4512 3581 4564 μοι
3613 4497 3752 4565 πρὸς

2174 4580 2381 4640 πάντας
2410 4579 2438 4629 ό
2473 4577 2650 4644 λόγος,
2687 4575 2824 4629 ἀλλά
2868 4577 3006 4648 πρὸς
3034 4579 3158 4640 τοὺς
3203 4576 3380 4648 ἀρχῆς
3404 4579 3748 4645 ἐφιεμένους.

2175 4662 2237 4712 Et
2268 4660 2563 4722 πιστεύεις,
2592 4660 2673 4711 δτι
2699 4660 2834 4712 Θεοῦ
2857 4660 3006 4713 ἐστιν
3042 4659 3260 4728 ἐκλογὴ,
3329 4660 3401 4731 μὴ
3426 4661 3746 4728 ἀγανάκτει·

2174 4742 2366 4811 ἐκείνῳ
2387 4741 2494 4811 γὰρ
2527 4741 2882 4809 ἀγανακτεῖς,
2916 4741 3004 4792 καὶ
3041 4741 3178 4810 πρὸς
3210 4744 3414 4795 ἐκεῖνον
3447 4743 3752 4814 παροξύνῃ·

2174 4826 2382 4885 ἐκεῖνός
2412 4827 2559 4876 ἐστιν
2597 4825 2625 4874 6
2652 4823 3030 4891 ἐκλεξάμενος.
3063 4823 3126 4874 El
3158 4823 3214 4875 δὲ
3255 4825 3414 4888 αὐτὸς
3444 4826 3541 4894 μὲν
3572 4825 3755 4888 ἐξελέ-

2177 4907 2320 4971 ξατο,
2349 4908 2412 4958 σὺ
2435 4905 2491 4958 δέ
2504 4907 2705 4975 τολμᾷς
2733 4906 2909 4976 τούτῳ
2963 4906 3289 4975 ἀγανακτεῖν
3307 4947 3320 4967 ,
3355 4908 3550 4961 ταύτὸν
3579 4912 3754 4972 ποιεῖς

2174 4989 2286 5045 οἷον
2316 4989 2516 5044 όΚάἲν.
2555 4988 2681 5040 Δέον
2711 4989 2818 5060 γάρ
2863 4989 3245 5054 ἀποδέξασθαι,
3297 4993 3325 5043 6
3349 4991 3404 5043 δὲ
3425 4991 3504 5043 ὅτι
3535 5007 3756 5060 προετι-

2180 5074 2325 5147 μήθη
2357 5074 2576 5146 ήθυσία
2602 5073 2697 5126 τοῦ
2757 5073 3009 5143 ἀδελφοῦ,
3053 5075 3317 5145 ἐλυπήθη·
3379 5075 3752 5145 ἠγανάκτησε,

2177 5159 2294 5212 δέον
2314 5156 2704 5226 κατανυγῆναι.
2746 5156 2887 5224 Ἐγὼ
2917 5157 3057 5210 δέού
3097 5157 3254 5211 τοῦτο
3299 5158 3460 5226 λέγω,
3496 5159 3613 5211 ἀλλ’
3670 5160 3756 5212 ὃτι

2179 5241 2565 5312 συμφερόντως
2594 5235 2735 5292 οἶδεν
2760 5242 3061 5311 οἰκονομεῖν
3093 5243 3121 5293 6
3144 5240 3293 5303 Θεός.
3326 5241 3591 5302 Πολλάκις
3645 5241 3756 5313 γάρ

2176 5323 2238 5375 τὸ
2269 5324 2368 5394 μέν
2393 5318 2525 5392 ἦθος
2555 5322 2958 5393 ἐπιεικέστερος
2990 5325 3076 5388 σὺ,
3105 5324 3206 5376 οὐκ
3225 5323 3526 5393 ἐπιτήδειος
3542 5323 3618 5377 δέ.
3643 5325 3755 5376 ua-

2177 5405 2260 5459 λιν
2285 5405 2399 5458 ἐστι
2429 5407 2511 5458 σοὶ
2547 5404 2645 5475 μὲν
2679 5405 2793 5474 βίος
2825 5407 3062 5474 ἄληπτος
3077 5406 3169 5458 καί
3198 5401 3326 5476 ἦθος
3346 5406 3671 5476 ἐλευθέριον,
3695 5407 3754 5460 ἐν

2241 5507 2268 5547 d
2293 5507 2470 5564 Verba,
2514 5510 2616 5563 πῶς
2656 5507 2799 5556 τοῦτο
2843 5507 2995 5565 δηλοῖ,
3039 5519 3099 5554 ex
3147 5521 3246 5555 uno
3287 5509 3394 5556 cod.
3417 5517 3753 5559 accesserunt.

2180 5571 2316 5622 Enn.
2388 5574 2410 5598 θ
2436 5569 2609 5632 Morel.
2633 5570 2750 5632 εἶναι
2771 5567 3050 5632 μόνονριαί..
3121 5566 3142 5606 τ
3166 5570 3300 5632 Haec,
3320 5570 3427 5632 ούχὶ
3449 5571 3545 5632 τῶν
3567 5571 3753 5625 ἔξωθεν.

2176 5633 2359 5685 absunt
2411 5630 2471 5678 ab
2511 5630 2736 5679 omnibus
2757 5629 2872 5677 mss.
2902 5629 3108 5686 nostris;
3130 5631 3239 5678 'sed
3265 5629 3509 5679 habéblur
3529 5631 3580 5678 in
3603 5631 3759 5681 Savil.

2179 5701 2228 5759 ej
2265 5692 2437 5759 Morgl.
2462 5691 2671 5759 et_bepe
2693 5689 2973 5759 quadra_m._
3020 5691 3044 5728 8
3081 5691 3160 5759 S_ic
3175 5704 3300 5759 unug
3322 5692 3429 5759 ςοᾴ.
3454 5689 3620 5740 Monlf.
3644 5703 3757 5759 fu_m

2177 5753 2414 5805 Commcl.
2440 5759 2492 5802 el
2512 5752 2702 5802 dUObus
2724 5763 2838 5800 mss.
2859 5751 3060 5810 ἡγοῦντο
3083 5751 3198 5798 εἶναι
3219 5751 3305 5800 τοῦ
3329 5752 3406 5800 διά
3427 5769 3470 5801 τ.
3495 5768 3542 5800 σ.
3572 5754 3753 5814 μαθεῗν.

2181 5816 2314 5864 Ευιϊ.
