4010 6158
262 263 321 317 57
1203 271 1270 328 lN
1309 271 1489 328 ACTA
1536 269 1811 328 AI’OSTOI

1918 269 2034 326 ΚΒΜ
2049 305 2060 317 -
2078 269 2306 328 ιιοκιι.
2350 271 2438 328 ΙΙΙ.
3462 285 3526 338 53

258 406 429 447 comat
473 392 562 462 qui
589 398 946 446 convenerant
975 387 1185 442 fervore
1223 385 1594 456 resplendens.
1638 384 1826 450 Erant,

259 482 449 552 inquit,
484 486 588 551 fere
611 490 807 536 centum
848 480 1041 549 viginti.
1083 478 1244 533 Forte
1280 479 1616 548 septuaginta
1641 520 1656 543 ,
1698 493 1832 548 quos

259 571 359 639 ipse
373 573 625 641 elegerat,
649 570 762 624 sive
782 570 870 623 alii
891 584 1100 640 quoque
1121 585 1184 624 ex
1201 569 1632 635 ferventioribus,
1647 571 1830 639 quales

256 673 394 718 erant
421 663 620 732 Joseph
651 672 705 718 et
731 661 975 716 Matthias
1005 678 1022 717 :
1047 671 1100 716 et
1125 662 1380 716 mulieres
1404 662 1581 717 multa:
1604 679 1721 733 qtue
1745 677 1829 717 se-

256 755 541 822 tptebantur
582 754 750 817 illum,
788 752 943 806 simul
975 751 1172 821 ubique
1199 751 1438 806 aderant.

313 845 363 897 5.
399 843 521 898 limo
544 842 779 897 doctoris
811 841 1166 912 providentia.
1197 841 1402 895 Primus
1433 842 1518 896 hic
1547 841 1821 895 doctorem

251 935 529 987 constituit.
562 933 676 987 Non
705 933 860 996 dixit,
895 933 1003 986 Nos
1045 932 1110 985 ad
1157 931 1450 986 docendum
1491 932 1825 988 sufficimus:

250 1024 311 1078 ita
352 1023 535 1094 procul
582 1033 697 1078 erat
742 1039 772 1078 a
822 1039 954 1076 vana
983 1022 1171 1092 gloria,
1215 1031 1268 1076 et
1312 1023 1376 1075 ad
1420 1039 1580 1076 unum
1626 1031 1826 1076 tantmn

248 1115 541 1182 spectabat,
587 1129 913 1184 quamquam
947 1129 1049 1167 non
1102 1113 1212 1181 pari
1242 1112 1413 1166 forma
1456 1114 1594 1182 apud
1639 1128 1827 1167 omnes

245 1207 351 1273 ejus
378 1209 592 1276 vigebat
627 1207 937 1260 auctoritas.
965 1205 1068 1260 Sed
1102 1206 1224 1274 jure
1255 1205 1368 1259 haec
1397 1206 1474 1259 sic
1504 1205 1826 1275 gerebantur

243 1298 304 1348 ob
331 1297 583 1350 virtutem
613 1296 746 1360 viri;
780 1305 832 1350 et
859 1295 996 1366 quod
1025 1311 1164 1350 nunc
1187 1295 1500 1364 praefectura
1524 1311 1626 1351 non
1651 1297 1824 1352 honor

242 1395 392 1450 esset,
429 1386 524 1439 sed
558 1385 886 1455 providentia
931 1385 1052 1454 erga
1099 1385 1360 1440 subditos.
1407 1387 1476 1440 Ea
1503 1401 1589 1441 res
1612 1374 1820 1441 non'si-

241 1477 398 1530 nebat
426 1478 628 1532 electos
657 1477 863 1541 efferri;
895 1477 960 1531 ad
1005 1479 1238 1547 pericula
1279 1480 1420 1533 enim
1449 1479 1776 1535 vocabantur
1803 1496 1819 1546 ;

241 1581 410 1634 neque
443 1581 535 1620 eos
565 1567 650 1634 qui
680 1568 835 1621 electi
867 1581 970 1622 non
1005 1567 1234 1632 fuerant,
1266 1577 1322 1623 ut
1351 1569 1698 1625 inhonoratos
1726 1572 1821 1625 do-

241 1655 362 1710 lere.
389 1659 461 1710 At
487 1673 626 1712 nunc
664 1674 770 1712 non
799 1667 866 1712 ita
898 1674 956 1714 se
983 1675 1069 1714 res
1100 1659 1279 1725 habet,
1309 1662 1401 1715 sed
1431 1669 1616 1715 contra
1644 1662 1820 1716 omni-

240 1761 320 1802 no.
357 1747 490 1803 Vide
518 1765 765 1820 namque,
793 1760 1011 1807 centum
1040 1752 1220 1822 viginti
1249 1761 1422 1819 erant,
1449 1762 1502 1808 et
1530 1770 1690 1808 unum
1720 1769 1819 1823 po-

239 1839 392 1893 stulat
422 1839 490 1893 ab
515 1842 659 1894 omni
689 1841 1064 1906 multitudine;
1107 1852 1161 1898 et
1193 1843 1314 1912 jure
1346 1843 1579 1912 quidem.
1611 1843 1819 1898 Primus

237 1934 603 1988 auctoritatem
632 1934 793 1990 habet
820 1937 873 1990 iu
902 1937 1134 2007 negotio,
1169 1937 1332 1993 utcui
1359 1954 1546 1993 omnes
1567 1941 1820 1994 eorumis-

237 2024 279 2076 si
309 2022 554 2078 fuissent.
605 2025 736 2080 Huic
781 2028 922 2081 enim
964 2025 1209 2084 Christus
1238 2030 1446 2084 dixerat
1490 2048 1502 2084 :
1544 2029 1610 2083 Et
1639 2041 1691 2084 tu
1715 2031 1817 2085 ali-

235 2117 432 2183 quando
453 2133 738 2183 conversus,
771 2120 1017 2186 conﬁrma
1050 2121 1235 2190 fratres
1262 2130 1372 2174 tuos
1404 2120 1554 2191 (Luc.
1584 2122 1674 2175 22.
1703 2123 1814 2192 52).

235 2207 382 2274 Quia,
420 2209 610 2278 inquit,
635 2209 1035 2265 Connumeratus
1064 2222 1169 2266 erat
1189 2214 1241 2266 in
1267 2213 1428 2279 nobis,
1463 2213 1582 2269 ideo
1605 2224 1817 2281 Oportet

232 2298 388 2351 alium
420 2315 752 2370 proponere,
788 2302 879 2370 qui
913 2302 1055 2357 illius
1101 2304 1220 2357 loeti
1267 2305 1335 2358 sit
1380 2308 1549 2358 testis.
1580 2306 1645 2359 Et
1671 2307 1812 2372 vide,

231 2391 496 2458 quomodo
545 2390 816 2446 doctorem
864 2407 1016 2447 suum
1074 2396 1326 2460 imitatur,
1358 2397 1549 2466 ubique
1577 2414 1639 2452 ex
1671 2398 1814 2452 Scri-

233 2482 398 2548 pluris
426 2482 732 2548 disserens;
761 2499 860 2538 nec
881 2485 1161 2556 quidquam
1204 2487 1271 2541 de
1314 2487 1526 2542 Christo
1562 2489 1810 2559 loquens,

229 2571 362 2638 quod
394 2588 586 2642 nempe
613 2573 662 2626 id
693 2574 779 2628 ille
817 2589 960 2644 sarpc
986 2577 1335 2645 prtedixisset.
1362 2577 1546 2648 Neque
1572 2579 1702 2634 dicit
1723 2580 1811 2634 ubi

227 2659 498 2731 Scriptura
527 2663 877 2733 proditionem
901 2665 1015 2732 ejus
1039 2678 1332 2734 memoret;
1363 2684 1574 2738 nempe,
1602 2669 1672 2725 0s
1692 2687 1812 2741 pec-

227 2755 409 2807 catoris
439 2764 487 2808 et
512 2771 567 2809 os
597 2755 758 2809 dolosi
784 2773 935 2826 super
978 2773 1058 2810 me
1093 2773 1326 2822 apertum
1368 2769 1442 2813 est
1477 2759 1651 2832 (Psal.
1684 2762 1808 2817 108.

225 2842 299 2912 2);
329 2845 426 2900 sed
457 2847 542 2901 ubi
568 2855 771 2902 tantum
805 2849 942 2903 illius
963 2850 1205 2918 supplicii
1235 2852 1477 2905 meminit
1503 2871 1516 2906 :
1540 2852 1641 2907 hoc
1665 2855 1810 2907 enim

227 2935 436 2990 interim
481 2937 599 2992 illos
641 2939 781 2992 scire
811 2939 1050 3006 iuvabat.
1092 2940 1226 2993 lllud
1269 2955 1400 2994 vero
1437 2941 1666 2996 maxime
1714 2942 1817 2996 Do-

226 3027 344 3080 mini
376 3027 762 3097 benignitatem
790 3029 1044 3084 declarat.
1076 3030 1362 3095 Quoniam,
1392 3031 1582 3101 inquit,
1608 3031 1814 3087 Connu-

224 3127 447 3170 meratus
474 3126 581 3169 erat
609 3117 663 3170 in
702 3117 862 3181 nobis,
891 3128 939 3170 et
964 3119 1173 3172 sortitus
1212 3129 1284 3172 est
1326 3129 1510 3173 sortem
1548 3121 1812 3176 ministerii

226 3210 393 3277 hujus.
428 3207 640 3263 Sortem
674 3210 867 3278 ubique
909 3223 1079 3276 vocat,
1115 3211 1402 3266 ostendens
1431 3221 1596 3266 totum
1621 3229 1650 3267 a
1679 3229 1806 3283 gra-

228 3303 284 3352 tia
311 3301 405 3354 Dei
451 3311 503 3355 et
550 3303 618 3356 ab
655 3301 774 3371 ejus
819 3302 1078 3356 electione
1120 3317 1240 3357 esse
1263 3345 1278 3370 ,
1308 3315 1359 3358 et
1387 3314 1564 3358 vetera
1594 3305 1722 3374 ipsis
1753 3308 1802 3361 in

227 3398 453 3445 mentem
482 3407 761 3458 revocans,
791 3393 929 3462 quod
963 3408 1154 3464 nempe
1178 3394 1318 3449 Deus
1344 3396 1472 3465 ipsis
1493 3405 1689 3452 sortem
1711 3398 1805 3454 de-

227 3482 372 3548 derit,
407 3494 468 3538 ut
499 3485 625 3537 olim
648 3483 866 3539 Levitis.
900 3486 964 3540 Et
987 3487 1301 3541 immoratur
1322 3487 1384 3542 iis
1411 3505 1529 3558 quae
1556 3489 1806 3545 dicuntur

229 3572 286 3628 de
313 3573 470 3638 Juda,
500 3575 640 3644 quod
687 3591 878 3645 nempe
927 3577 1240 3645 proditionis
1286 3593 1512 3645 merces,
1559 3580 1804 3636 vindictae

231 3664 290 3716 sit
313 3680 516 3733 pra'co.
549 3664 807 3730 Possedit,
839 3667 1030 3736 inquit,
1053 3683 1232 3739 agrum
1260 3668 1324 3721 de
1360 3669 1586 3724 mercede
1617 3671 1804 3742 iniqui-

230 3755 351 3808 tatis.
378 3756 515 3810 Vide
543 3757 810 3825 quomodo
841 3755 943 3812 hoc
979 3773 1043 3811 ex
1085 3757 1266 3812 divina
1293 3758 1697 3828 dispensatione
1723 3764 1801 3817 la-

230 3857 356 3903 etum
375 3849 557 3906 fuerit.
582 3847 895 3917 lniquitatis,
919 3852 1110 3920 inquit.
1136 3851 1312 3906 Multae
1332 3862 1457 3906 sunt
1473 3853 1800 3923 iniquitates,

233 3939 313 3992 sed
338 3940 434 3995 hac
460 3940 598 3995 nihil
623 3941 855 4010 iniquius
884 3956 1132 4012 umquam
1164 3941 1360 3998 factum
1377 3954 1477 3999 est.
1501 3943 1681 4014 Itaque
1703 3945 1804 4000 ini-

232 4033 430 4098 quitatis
457 4041 580 4089 erat
606 4034 894 4103 negotium.
940 4034 1048 4089 Nec
1091 4036 1443 4104 praesentibus
1473 4047 1674 4092 tantum
1703 4053 1804 4092 no-

235 4130 329 4175 tutn
359 4123 477 4192 fuit,
513 4124 608 4179 sed
639 4126 797 4180 etiam
832 4127 1058 4196 posteris
1085 4128 1331 4182 omnibus
1373 4145 1386 4181 :
1419 4130 1488 4182 ita
1520 4139 1578 4185 ut
1607 4130 1690 4185 vel
1720 4131 1803 4184 iu-

235 4213 312 4266 viti
353 4225 405 4269 et
447 4216 604 4270 inscii
652 4216 824 4270 locum
875 4217 1232 4285 nominarent,
1273 4219 1720 4288 quemadmodum
1751 4229 1806 4275 et

235 4302 443 4373 (Laiphas
479 4307 822 4378 prephetavit
867 4309 1086 4362 inscius.
1135 4311 1275 4362 Deus
1322 4311 1578 4379 compulit
1625 4325 1719 4365 eos
1749 4321 1807 4365 ut

239 4392 474 4453 l‘lebraice
507 4413 703 4453 nomen
734 4399 926 4453 darent
952 4399 1258 4452 Aceldama.
1293 4399 1427 4453 llinc
1457 4400 1805 4474 declaraban-

240 4492 309 4537 tur
331 4489 462 4543 mala
491 4489 709 4545 Iudaeos
741 4491 1010 4544 invasura.
1055 4490 1229 4558 Atque
1255 4491 1486 4544 ostendit
1517 4491 1654 4545 hanc
1685 4506 1807 4560 pro-

241 4577 449 4646 phetiam
477 4599 550 4638 ex
579 4592 728 4652 parte
748 4584 1068 4652 completam
1098 4601 1110 4636 :
1138 4581 1336 4634 Bonum
1362 4593 1467 4636 erat
1491 4585 1554 4648 ei,
1587 4584 1632 4636 si
1657 4595 1806 4638 natus

239 4685 325 4725 non
346 4677 510 4743 fuisset
543 4677 695 4731 homo
714 4676 803 4731 ille
829 4674 1042 4744 (Matth.
1075 4675 1167 4728 26.
1197 4673 1312 4743 2i).
1344 4675 1416 4730 De
1441 4674 1639 4729 Judutis
1667 4692 1803 4746 quo-

238 4778 330 4832 que
353 4769 532 4824 eadem
562 4769 742 4822 dicere
770 4784 866 4837 par
895 4779 998 4822 est.
1032 4768 1240 4822 Etenim
1269 4769 1311 4820 si
1342 4767 1443 4821 dux
1471 4769 1656 4838 plexus
1685 4769 1800 4835 fuit,

240 4857 387 4911 multo
411 4861 585 4930 magis
633 4859 709 4912 bi.
763 4857 866 4913 Sed
915 4859 1108 4913 horum
1151 4857 1284 4912 nihil
1330 4858 1503 4914 adhuc
1548 4863 1800 4929 loquitur.

243 4944 418 5004 Deinde
445 4951 744 5005 05tendens
781 4950 846 5004 de
873 4950 988 5018 ipso
1013 4951 1132 5018 jure
1167 4949 1270 5003 dici
1317 4949 1443 5004 illud
1492 4951 1800 5018 Aceldama,

241 5036 419 5095 inducit
453 5044 775 5113 prophetam
805 5041 1066 5097 dicentem
1097 5061 1110 5096 :
1145 5041 1265 5096 Fiat
1295 5043 1536 5096 habitatio
1573 5045 1681 5112 ejus
1709 5043 1800 5097 de-

243 5143 353 5184 serta
381 5133 550 5206 (Psat.
584 5135 676 5191 68.
717 5133 831 5205 26).
879 5133 1014 5200 Quid
1041 5136 1182 5190 enim
1215 5133 1478 5189 desertius
1518 5135 1803 5205 sepulcro?

245 5218 347 5276 ldeo
373 5225 447 5280 sic
485 5226 611 5296 jure
636 5223 820 5280 debuit
862 5240 989 5296 ager
1029 5227 1229 5280 vocari.
1273 5225 1372 5290 Qui
1403 5225 1544 5280 enim
1573 5227 1804 5296 pretium

245 5317 541 5382 numeravit,
575 5317 784 5372 etiamsi
815 5317 902 5370 alii
943 5316 1193 5380 emerint,
1238 5315 1326 5371 ille
1365 5316 1555 5370 merito
1593 5317 1802 5371 censeri

245 5402 379 5461 debet
401 5423 568 5462 causa
597 5423 719 5464 esse
751 5417 910 5462 tantte
954 5407 1319 5461 desolatimtis.
1364 5407 1488 5462 Haec
1518 5422 1680 5478 porro
1705 5407 1801 5462 de~

245 5494 410 5551 utlstio
454 5499 776 5568 principium
821 5507 903 5553 est
944 5496 1177 5552 Judaica:
1207 5496 1573 5563 desolationis,
1616 5498 1659 5553 si
1686 5499 1805 5568 quis

246 5580 502 5657 diligenter
531 5591 820 5659 expendat.
848 5589 980 5644 Nam
1011 5597 1068 5644 et
1113 5588 1214 5657 ipsi
1257 5588 1463 5655 seipsos
1495 5588 1634 5642 tame
1657 5590 1805 5645 occi-

249 5678 436 5748 derunt,
465 5682 775 5753 multosque
805 5683 1206 5746 interemerunt,
1240 5689 1294 5735 et
1321 5678 1446 5735 urbs
1477 5680 1596 5750 ipsa
1622 5683 1801 5751 sepul-

1945 400 2094 438 crum
2125 384 2219 440 fuit
2251 385 2520 456 hospitum
2547 395 2604 442 et
2629 388 2875 445 militum.
2905 391 3028 448 lilos
3056 409 3183 451 vero
3210 411 3280 454 ne
3309 399 3523 470 sepeliri

1941 475 2156 545 quidem
2185 477 2452 545 sinebant,
2480 487 2538 532 ut
2566 480 2836 549 sepultura
2881 483 3148 556 indignos.
3191 488 3396 560 Oportet
3429 495 3523 564 igi-

1938 575 2040 631 tur,
2069 568 2257 636 inquit,
2287 586 2347 623 ea:
2370 570 2449 624 his
2496 572 2614 624 viris
2651 573 2739 642 qui
2778 574 3035 629 nobiscum
3069 592 3186 633 sunt
3212 587 3520 654 congregati.

1939 656 2090 723 Vide,
2105 662 2373 728 quomodo
2399 662 2510 716 vult
2531 663 2649 717 illos
2667 671 2827 718 testes
2845 667 3085 724 oculatos
3107 669 3288 734 fuisse.
3311 675 3520 730 etiamsi

1935 749 2260 806 adventuros
2302 765 2446 807 esset
2493 754 2766 822 Spiritus:
2796 764 3027 836 attamen
3068 775 3316 830 magnam
3362 763 3520 835 hujus

1935 839 2009 892 rei
2037 854 2214 894 curam
2241 841 2485 898 habebat.
2516 842 2601 898 Ea:
2620 846 2757 910 viris,
2788 847 2974 916 inquit,
3005 850 3092 918 qui
3112 852 3372 908 nobiscum
3399 869 3520 910 sunt

1934 933 2242 1000 congregati,
2273 933 2323 986 in
2353 935 2490 987 omni
2516 943 2741 1003 tempore
2763 953 2861 1005 quo
2889 939 3091 993 intravit
3129 952 3176 995 et
3203 945 3352 996 exiuit
3388 946 3518 1000 inter

1933 1036 2024 1074 nos
2045 1021 2286 1076 Dominus
2305 1023 2474 1079 Jesus.
2500 1025 2774 1096 Signiﬁcat
2800 1028 2943 1098 ipsos
2967 1029 3233 1088 habitasse
3253 1049 3373 1089 cum
3397 1037 3513 1103 illo,

1932 1125 2031 1164 nec
2055 1112 2364 1180 simpliciter
2387 1116 2546 1170 fuisse
2575 1116 2880 1186 discipulos.
2910 1119 3169 1177 Nimirum
3196 1139 3224 1176 a
3257 1125 3516 1196 principio

1933 1202 2083 1254 multi
2111 1204 2472 1272 sequebantur
2495 1222 2637 1260 eum.
2669 1207 2802 1264 Vide
2843 1210 3002 1279 igitur
3020 1215 3291 1281 quomodo
3324 1216 3465 1272 dicat
3497 1236 3510 1271 :

1930 1287 2058 1343 Erat
2089 1309 2221 1346 unus
2249 1311 2312 1347 ea:
2335 1296 2531 1350 duobus
2555 1299 2641 1364 qui
2661 1300 2926 1354 audierant
2945 1319 2977 1353 α
3003 1300 3228 1370 Joanne,
3249 1315 3295 1358 et
3315 1309 3513 1376 sequuti

1927 1391 2042 1433 sunt
2067 1381 2245 1436 Jesum
2271 1383 2448 1452 (Joan.
2486 1389 2536 1441 l.
2576 1389 2689 1458 40).
2733 1388 2799 1443 In
2849 1393 2986 1445 omni
3034 1403 3274 1465 tempore,
3321 1397 3506 1468 inquit,

1926 1487 2025 1540 quo
2056 1473 2262 1528 intrarit
2292 1487 2339 1528 et
2363 1478 2514 1530 exivit
2542 1479 2673 1532 inter
2698 1497 2787 1533 nos
2815 1480 3062 1539 Dominus
3088 1483 3125 1538 J
3130 1503 3241 1540 esus
3267 1489 3510 1559 incipiens

1924 1578 1957 1615 α
1984 1563 2282 1632 baptismate
2306 1566 2542 1622 Joannis.
2574 1569 2737 1624 Reme
2767 1573 2986 1638 etenim,
3015 1590 3134 1644 quae
3174 1579 3321 1646 prius
3359 1593 3506 1651 gesta

1925 1651 2152 1720 fuerant,
2185 1671 2344 1711 nemo
2380 1669 2598 1714 noverat
2627 1661 2870 1727 edoctus,
2908 1664 2998 1718 sed
3025 1681 3055 1719 a
3081 1667 3280 1738 Spiritu
3307 1671 3508 1728 didice-

1923 1754 2069 1798 runt.
2101 1743 2271 1810 Usque
2289 1749 2340 1801 in
2361 1748 2514 1816 diem,
2537 1749 2726 1820 inquit,
2753 1769 2854 1822 qua
2879 1769 3166 1826 assumptus
3193 1771 3263 1815 est
3288 1779 3319 1814 a
3345 1766 3505 1832 nobis,

1922 1841 2094 1887 testem
2117 1839 2493 1893 resurrectionis
2521 1841 2630 1911 ejus
2669 1843 2924 1898 nobiscum
2956 1847 3068 1914 ﬁeri
3097 1864 3253 1904 unum
3290 1867 3354 1908 ea:
3375 1853 3504 1907 istis.

1921 1925 2035 1980 Non
2063 1927 2216 1993 dixit,
2248 1928 2576 1986 Czrterorum
2622 1943 2812 1988 testem
2838 1951 2853 2001 ;
2885 1939 2999 2005 scd,
3052 1939 3245 1995 Testem
3277 1959 3505 1997 resurre-

1920 2017 2118 2085 ctionis,
2151 2027 2376 2074 tantum.
2420 2021 2552 2076 Nam
2587 2023 2691 2079 ﬁde
2719 2025 2933 2096 dignior
2959 2040 3074 2082 erat
3101 2031 3165 2091 is,
3198 2033 3288 2102 qui
3327 2033 3507 2091 dicere

1921 2121 2164 2180 poterat:
2198 2114 2298 2180 Qui
2343 2115 2554 2180 edebat,
2598 2117 2840 2186 bibebat,
2884 2130 2937 2176 et
2982 2124 3270 2179 cruciﬁxus
3307 2135 3407 2193 est,
3460 2129 3507 2182 is

1921 2201 2033 2269 ipse
2083 2206 2394 2258 resurrexit.
2452 2208 2636 2276 Itaque
2681 2225 2854 2279 neque
2895 2214 3173 2279 praeteriti,
3207 2230 3378 2284 neque
3421 2231 3509 2273 sco

1919 2294 2128 2359 quentis
2159 2297 2430 2364 temporis,
2464 2314 2638 2368 neque
2668 2301 2941 2370 signorum
2975 2311 3164 2357 testem
3197 2320 3316 2360 esse
3338 2322 3502 2376 opor-

1921 2385 2083 2451 tebat,
2113 2387 2206 2440 sed
2241 2392 2650 2445 resurrectionis
2681 2402 2908 2448 tantum.
2950 2394 3036 2448 Illa
3071 2411 3300 2467 namque
3325 2401 3501 2454 mani-

1920 2473 2049 2528 festa
2102 2485 2158 2531 et
2196 2477 2247 2530 iu
2288 2479 2535 2534 confesso
2583 2492 2764 2545 erant;
2807 2486 3128 2538 resurrectio
3154 2494 3332 2542 autem
3362 2489 3500 2544 clam

1917 2567 2050 2622 facta
2082 2567 2275 2633 fuerat,
2307 2571 2492 2640 hisque
2519 2575 2692 2627 solum
2739 2587 2862 2629 nuta
2889 2585 3026 2631 erat.
3054 2575 3237 2648 Neque
3266 2580 3449 2635 dicunt
3482 2600 3496 2636 :

1919 2659 2104 2726 Angeli
2145 2660 2394 2716 dixerunt
2425 2663 2606 2729 nobis;
2641 2665 2755 2727 sed.
2785 2666 2893 2721 Nos
2935 2665 3182 2723 vidimus.
3218 2669 3497 2728 Undenam

1917 2750 1967 2804 id
2001 2751 2340 2805 manifestum
2370 2755 2488 2806 est?
2519 2755 2596 2808 Ex
2636 2757 2904 2811 miraculis
2943 2774 3064 2828 quae
3097 2758 3340 2814 facimus.
3377 2763 3501 2818 Ideo

1918 2848 2043 2893 tunc
2076 2840 2408 2908 putissimum
2456 2843 2574 2897 illos
2632 2843 2734 2898 ﬁde
2765 2845 2953 2914 dignos
2987 2861 3107 2902 esse
3139 2851 3392 2916 oportuit.
3438 2851 3500 2905 Et

1914 2940 2220 2997 statuerunt,
2255 2933 2447 3002 inquit,
2475 2935 2621 2987 duos.
2666 2933 2773 2990 Cur
2811 2951 2916 2991 non
2966 2938 3182 3008 plures?
3217 2939 3296 2994 Ne
3330 2942 3501 3011 major

1915 3023 2069 3078 ﬁeret
2095 3024 2394 3079 animorum
2427 3027 2774 3095 perturbatio,
2812 3045 2944 3084 neve
2974 3046 3061 3086 res
3090 3033 3141 3087 in
3172 3035 3369 3089 multos
3392 3052 3490 3091 ex-

1913 3117 2242 3171 tenderetur.
2273 3116 2382 3172 Nec
2411 3118 2529 3173 sine
2566 3133 2724 3173 causa
2757 3121 3030 3177 Matthiam
3077 3125 3278 3195 adjicit,
3315 3129 3410 3185 sed
3440 3141 3496 3186 ut

1909 3208 2154 3263 ostendat
2174 3223 2317 3275 eum,
2341 3210 2428 3279 qui
2453 3210 2592 3281 apud
2620 3210 2860 3267 homines
2881 3213 3207 3272 honorabilis
3228 3228 3331 3287 est,
3353 3223 3494 3290 apud

1911 3300 2076 3355 Deum
2126 3315 2248 3357 esse
2296 3301 2622 3358 inferiorem.
2662 3304 2731 3358 Et
2773 3306 2929 3360 simul
2978 3323 3166 3363 omnes
3211 3323 3496 3380 precantur

1908 3392 2168 3460 dicentes,
2202 3392 2300 3460 Tu,
2327 3395 2561 3459 Domine,
2591 3399 2676 3466 qui
2703 3398 2858 3451 corda
2881 3399 3012 3452 nosti
3043 3404 3290 3469 omnium,
3323 3415 3490 3460 osten-

1908 3481 1989 3534 de.
2033 3483 2151 3550 ’l‘u,
2202 3499 2309 3538 non
2357 3500 2476 3539 nos.
2527 3484 2839 3556 Opportune
2877 3488 3119 3544 cordium
3166 3495 3492 3563 cognitorem

1907 3582 2102 3628 vocant
2132 3591 2146 3627 :
2174 3577 2242 3629 ab
2286 3575 2378 3630 illo
2423 3577 2566 3631 enim
2599 3577 2791 3631 electio
2827 3578 3062 3634 facienda
3093 3594 3226 3649 erat,
3274 3601 3378 3638 non
3425 3587 3493 3640 ab

1907 3667 2046 3722 aliis.
2099 3667 2189 3722 Sic
2234 3667 2574 3724 conﬁdenter
2628 3670 3000 3740 loquebantur,
3049 3676 3171 3744 quia
3212 3679 3495 3746 oportebat

1907 3759 2127 3812 omnino
2172 3774 2338 3814 unum
2381 3759 2526 3830 eligi.
2583 3759 2767 3830 Neque
2822 3763 3091 3825 dixerunt,
3147 3766 3321 3836 Elige;
3372 3771 3488 3835 sed,

1907 3848 2141 3904 Ostende
2193 3851 2419 3905 electum
2451 3892 2467 3916 ,
2515 3850 2674 3917 Quem
2713 3853 2961 3922 elegeris,
3008 3855 3214 3924 inquit:
3259 3859 3491 3917 scientes

1907 3944 2086 3993 omnia
2103 3956 2132 3993 a
2161 3941 2269 3995 Deo
2298 3941 2622 4010 pr:rdeﬁnita
2647 3959 2784 3998 esse.
2809 3943 2892 3998 Ex
2913 3946 2992 3998 his
3013 3947 3207 4002 duobus
3228 3967 3385 4005 unum
3407 3969 3495 4006 ac-

1907 4032 2073 4101 cipere
2091 4042 2274 4086 sortem
2302 4034 2565 4088 ministerii
2591 4037 2743 4101 hujus
2762 4047 2809 4089 et
2835 4039 3165 4106 apostolatus.
3191 4041 3323 4097 Erat
3348 4046 3490 4098 enim

1907 4125 2067 4178 etiam
2101 4124 2245 4178 aliud
2283 4125 2662 4180 ministerium.
2692 4126 2756 4180 Et
2780 4127 3024 4182 dederunt
3049 4141 3206 4185 sortes
3237 4134 3324 4187 eis.
3347 4134 3495 4188 Non-

1908 4215 2032 4269 dum
2052 4219 2193 4270 enim
2213 4233 2270 4270 se
2292 4216 2482 4285 dignos
2503 4232 2622 4272 esse
2640 4219 2916 4286 putabant,
2933 4222 3022 4290 qui
3043 4237 3108 4274 ex
3136 4238 3257 4276 sese
3285 4226 3381 4292 ipsi
3413 4227 3493 4278 fa-

1910 4316 2094 4360 cerent
2111 4308 2426 4360 electionem
2452 4325 2464 4358 :
2489 4308 2610 4361 ideo
2633 4311 2852 4376 cupiunt
2880 4311 3060 4378 aliquo
3082 4312 3234 4380 signo
3257 4315 3491 4368 edet-eri.

1985 4397 2038 4450 4.
2071 4395 2320 4463 Alioquin
2352 4411 2498 4459 vero,
2530 4397 2574 4448 si
2618 4398 2703 4449 ubi
2736 4413 2835 4452 nec
2877 4401 3114 4468 precatio
3145 4413 3278 4466 erat,
3319 4419 3493 4475 neque

1913 4485 2054 4556 digni
2085 4485 2178 4538 viri
2220 4484 2462 4549 aderant,
2496 4493 2700 4538 tantum
2732 4486 2892 4542 valuit
2917 4503 3054 4554 sors,
3083 4505 3148 4544 eo
3175 4493 3314 4562 quod
3347 4507 3495 4550 recto

1913 4576 2092 4630 animo
2120 4576 2290 4639 ﬁeret,
2334 4591 2524 4644 nempe
2561 4592 2724 4646 super
2766 4577 2900 4633 Juna
2932 4597 2944 4632 :
2996 4582 3162 4635 multo
3190 4587 3356 4655 magis
3382 4586 3489 4650 hic,

1913 4668 2000 4739 ubi
2031 4667 2252 4722 chormn
2298 4668 2552 4737 explevit,
2606 4668 2692 4723 ubi
2740 4669 2982 4726 ordinem
3033 4673 3273 4741 perfecit.
3310 4676 3494 4748 Neque

1910 4759 2046 4812 alter
2073 4758 2272 4824 doluit;
2305 4774 2407 4812 non
2435 4761 2579 4813 enim
2613 4759 2662 4813 id
2689 4761 2978 4816 tacuissent
2998 4766 3244 4831 apostoli,
3274 4769 3362 4837 qui
3387 4784 3492 4822 non

1911 4852 2280 4906 abstinuerunt
2303 4867 2333 4906 a
2365 4851 2659 4907 referendis
2688 4855 2846 4907 etiam
2873 4856 3257 4924 praecipuorum
3280 4871 3495 4928 aposto-

1912 4944 2082 4998 lorum
2109 4945 2270 5009 vittis,
2317 4945 2532 5012 quando
2581 4960 2773 5015 nempe
2819 4947 3074 5018 indignati
3119 4959 3244 5003 sunt
3273 4966 3377 5004 non
3407 4967 3493 5006 se-

1913 5038 2038 5101 mel,
2071 5036 2164 5091 sed
2192 5037 2274 5090 bis
2303 5045 2357 5090 ct
2380 5037 2598 5105 pluries.
2631 5039 2737 5091 llos
2780 5039 2954 5109 itaque
2979 5049 3034 5095 et
3063 5056 3161 5096 nos
3199 5042 3490 5097 imitemur.

1913 5128 2026 5181 Non
2074 5129 2322 5181 omnibus
2359 5129 2566 5198 loquor,
2607 5128 2700 5182 sed
2744 5129 2826 5192 iis,
2855 5131 2941 5200 qui
2977 5132 3330 5200 principatmn
3368 5132 3496 5187 alic-

1915 5227 2077 5271 ctant.
2101 5218 2154 5272 Si
2181 5219 2356 5271 credis
2379 5218 2696 5273 electionem
2719 5236 2746 5272 a
2773 5215 3047 5285 Deo'esse,
3077 5238 3142 5275 ne
3167 5221 3455 5290 indigneris
3479 5244 3492 5278 :

1915 5311 2173 5365 adversus
2205 5309 2350 5362 illum
2393 5312 2534 5364 enim
2582 5311 2872 5381 indignaris
2913 5323 2966 5368 et
3002 5312 3226 5366 irritaris
3255 5329 3269 5364 :
3299 5312 3386 5368 ille
3414 5324 3498 5370 est

1915 5405 2003 5474 qui
2053 5402 2234 5471 elegit.
2265 5400 2322 5458 Si
2343 5414 2523 5458 autem
2544 5405 2703 5474 elegit
2726 5407 2832 5470 ille,
2857 5415 2910 5460 et
2931 5405 3008 5458 sic
3025 5403 3286 5472 indignari
3307 5407 3494 5473 audes,

1914 5493 2146 5564 idipsum
2172 5490 2306 5548 facis
2329 5491 2474 5563 quod
2495 5493 2650 5548 Cain.
2671 5491 2806 5548 Cum
2832 5492 2974 5548 enim
2999 5495 3300 5562 approbare
3327 5509 3489 5566 opor-

1854 5595 1863 5606 ·
1916 5586 2123 5647 nosset.
2155 5598 2297 5652 aegre
2321 5593 2378 5642 et
2402 5584 2618 5654 indigne
2648 5585 2768 5639 tulit
2793 5583 2902 5647 ille,
2931 5583 3074 5654 quod
3101 5581 3282 5638 fratris
3303 5587 3390 5644 sui
3419 5591 3496 5644 vi-

1912 5674 2085 5736 ctima
2116 5679 2388 5740 acceptior
2413 5687 2594 5744 esset;
2633 5675 2845 5748 quando
2877 5673 3157 5750 compungi
3178 5675 3484 5746 oportebat.
