4010 6158
442 266 511 324 ω
805 232 811 237 ’
1151 256 1208 312 s.
1248 253 1526 311 JOANNIS
1561 247 2028 310 Cttavsosrout
2065 246 2385 305 ARCHIEP.
2425 245 2955 304 consras'rmor.
3648 245 3718 302 to

441 379 557 449 Ego
581 389 708 431 vero
735 387 842 428 non
869 371 971 425 hoe
996 369 1139 435 dico,
1169 368 1264 423 sed
1290 367 1432 437 quod
1463 366 1602 422 [lens
1625 365 1759 419 sciat
1787 378 1900 418 rem
1920 359 2025 418 uti-

444 474 566 527 liter
605 469 938 538 dispensare.
982 464 1139 534 Saepe
1183 478 1413 532 namque
1451 471 1509 516 tu
1533 502 1548 527 ,
1580 459 1668 529 qui
1701 456 1939 512 moribus
1966 469 2028 510 es

445 558 875 624 niodcstioribus,
907 572 1011 611 non
1040 567 1216 611 tamen
1245 555 1468 608 Idoneus
1488 567 1568 608 es.
1602 552 1804 605 Rursus
1830 557 1915 603 est
1934 546 2030 603 tibi

445 654 552 707 vita
582 649 845 719 inculpata
868 662 1154 716 moresque
1180 646 1427 700 liberales
1453 652 1578 698 sunt
1607 659 1620 695 :
1656 655 1829 711 neque
1852 648 2029 695 tamen

446 745 499 797 in
529 741 768 797 Ecclesia
810 740 924 794 haec
959 739 1106 798 .satis
1146 743 1289 791 sunt.
1338 735 1586 805 Alioquin
1624 749 1754 789 vero
1790 732 1926 785 alius
1965 729 2033 784 ad

444 834 583 888 aliml
620 841 700 887 est
745 831 988 885 idoneus.
1038 829 1225 882 Annon
1271 827 1440 890 vides,
1470 832 1722 895 quantam
1770 824 2026 877 harumce

446 941 627 980 rerum
657 923 917 977 rationem
947 919 1138 974 habeat
1162 919 1340 972 divina
1366 917 1679 987 Scriptura?

522 1012 767 1081 Epismpi
783 1008 1223 1081 ofﬁcium—Sed
1240 1008 1436 1072 dicam,
1459 1023 1559 1077 qua
1581 1008 1646 1060 dc
1662 1020 1820 1060 causa
1845 1005 1943 1061 hac
1967 1003 2037 1061 tlc

450 1119 510 1160 η
537 1102 753 1157 dissidia
783 1102 1023 1155 oriantur
1051 1117 1063 1151 :
1093 1100 1215 1169 quia
1243 1114 1437 1167 nempe
1471 1113 1576 1152 non
1619 1097 1769 1167 quasi
1800 1095 1865 1151 ad
1897 1111 2035 1165 prte-

450 1196 709 1251 feeturam
739 1204 793 1249 et
824 1193 1173 1263 patrocinium
1200 1192 1418 1247 fratrmn
1443 1190 1764 1255 accedimus,
1789 1189 1882 1244 scd
1908 1203 2041 1258 qua-

450 1288 495 1342 si
525 1287 593 1341 ad
626 1287 883 1340 honorem
915 1294 968 1339 et
997 1283 1260 1353 requiem.
1291 1282 1347 1338 Si
1370 1282 1536 1337 scires
1561 1282 1700 1335 enim
1729 1281 2037 1350 episcopum

453 1381 691 1433 omnium
722 1392 862 1443 esse,
909 1381 1147 1430 omnium
1190 1391 1352 1430 onera
1407 1376 1546 1430 ferre
1580 1384 1868 1443 Oportere;
1897 1371 2038 1442 quod

452 1470 572 1525 aliis
598 1466 951 1523 irascentibus
976 1467 1132 1521 venia
1157 1466 1332 1528 detur,
1362 1466 1439 1519 illi
1466 1479 1595 1518 vero
1620 1463 1839 1517 minime
1858 1478 1874 1526 ;
1896 1460 2038 1531 quod

452 1562 573 1616 aliis
597 1559 940 1630 peccantibus
961 1558 1235 1614 excusatio
1265 1557 1451 1618 inulta,
1482 1554 1582 1625 ipsi
1610 1569 1740 1609 vero
1766 1553 1905 1607 nulla
1933 1553 2037 1606 sit:

455 1651 520 1706 ad
552 1652 690 1706 hanc
717 1652 1029 1721 dignitatem
1062 1665 1167 1703 nun
1217 1648 1560 1702 accurrisscs.
1609 1645 1708 1699 Hic
1750 1645 1892 1700 enim
1920 1659 2041 1698 om-

457 1744 601 1798 nium
637 1743 831 1812 linguis
855 1741 1136 1808 expositus
1166 1749 1269 1804 est,
1301 1738 1541 1791 omnium
1564 1735 1794 1805 judicio,
1826 1734 2046 1803 sapien-

456 1834 584 1887 tium
608 1842 662 1887 et
693 1832 1054 1900 insipientium
1084 1846 1098 1883 :
1123 1828 1448 1899 quotitlinnis
1473 1825 1616 1882 curis
1636 1827 1901 1889 atteritur,
1932 1824 2043 1881 imo

455 1933 511 1979 ct
539 1924 814 1979 nocturnis
843 1940 855 1975 :
891 1922 1178 1977 nmltormn
1210 1920 1354 1981 odio,
1385 1918 1674 1972 multormn
1716 1916 1926 1970 invidiae
1952 1929 2046 1984 pa-

460 2024 555 2071 tet.
580 2014 657 2070 Ne
682 2014 810 2068 mihi
839 2014 983 2069 enim
1009 2012 1074 2067 de
1102 2012 1206 2067 illis
1235 2009 1487 2080 loquaris,
1510 2008 1598 2079 qni
1628 2006 1807 2061 omnia
1833 2005 1898 2060 ad
1919 2019 2046 2075 gra-

460 2108 586 2161 tiam
620 2108 838 2169 faciuut,
872 2113 923 2160 ct
970 2104 1206 2158 dormire
1253 2100 1495 2170 cupiunt,
1533 2099 1623 2169 qui
1653 2098 1719 2151 ad
1752 2099 1853 2152 hoc
1881 2111 2042 2167 negoo

460 2199 764 2267 titnn-quasi
795 2196 861 2251 ad
884 2197 1120 2265 requiem
1149 2195 1429 2250 accedunt.
1480 2194 1553 2247 De
1583 2192 1667 2245 his
1695 2207 1798 2245 non
1828 2191 2044 2259 loquor,

459 2289 554 2343 sed
584 2288 652 2343 de
682 2289 768 2353 iis,
802 2288 891 2356 qui
937 2285 1154 2355 vigilant
1201 2299 1298 2355 pro
1349 2283 1629 2338 animabus
1679 2284 1906 2347 vestris,
1956 2282 2047 2351 qui

459 2379 794 2433 subditorum
822 2377 1048 2431 salutem
1071 2391 1183 2429 sua:
1209 2384 1559 2443 anteponunt.
1591 2374 1687 2427 Dic
1709 2373 1836 2427 mihi
1865 2391 1878 2427 :
1909 2373 1951 2426 si
1980 2375 2046 2440 is,

463 2471 552 2538 qui
584 2476 769 2524 decem
800 2468 940 2523 ﬁlios
983 2467 1142 2522 habet
1170 2467 1430 2532 subditos,
1466 2482 1648 2522 secum
1697 2480 1912 2536 semper
1949 2465 2050 2521 ha-

464 2563 715 2627 bitantes,
760 2562 877 2616 sine
919 2559 1316 2614 intermissione
1358 2573 1541 2613 curam
1589 2558 1801 2611 illorum
1853 2555 2051 2612 habere

461 2654 705 2724 cogitur;
738 2653 799 2719 is,
831 2653 917 2723 qui
952 2659 1029 2706 tot
1054 2651 1234 2719 habet,
1261 2666 1368 2705 non
1394 2650 1494 2706 sub
1516 2666 1674 2705 mani.
1697 2649 1922 2720 positos.
1944 2665 2050 2705 non

462 2744 854 2810 eohahitantes,
887 2743 981 2799 sed
1008 2741 1313 2799 auctoritati
1343 2758 1455 2798 suae
1492 2742 1873 2813 obsequentes,
1915 2758 2049 2813 qua-

466 2843 568 2894 lem
600 2854 718 2895 csse
746 2837 997 2909 oportet?
1034 2836 1164 2903 Sed,
1215 2836 1443 2907 inquies,
1476 2836 1527 2891 in
1556 2835 1762 2891 honore
1806 2835 2049 2891 habetur.

464 2932 520 2985 lu
556 2943 662 3000 quo
703 2928 946 2982 honore?
996 2928 1265 2995 Paupercs
1312 2926 1554 2981 vilissimi
1605 2926 1658 2979 in
1715 2927 1828 2980 foro
1880 2926 2052 2994 ipsum

465 3020 722 3074 conviciis
771 3019 1028 3073 lacerant.
1078 3016 1186 3069 Cur
1229 3029 1359 3084 ergo
1403 3015 1509 3068 illis
1548 3029 1652 3067 non
1685 3030 1744 3067 os
1774 3014 2055 3069 occludit?

467 3110 617 3166 Belle
640 3124 769 3163 sane
791 3125 806 3173 ;
829 3107 921 3161 sed
951 3122 1056 3159 nun
1083 3120 1218 3176 opus
1235 3105 1472 3174 episcOpi
1495 3120 1700 3159 narras.
1724 3106 1930 3160 Rursus
1953 3106 2054 3163 nisi

467 3200 716 3256 omnibus
742 3198 1014 3267 largiatur,
1035 3205 1142 3251 tam
1163 3195 1371 3260 otiosis,
1401 3211 1561 3266 quam
1592 3196 1679 3259 iis,
1710 3197 1798 3265 qui
1823 3212 2052 3266 operan-

472 3305 577 3355 tur,
617 3292 763 3347 mille
800 3291 1032 3361 nmlique
1063 3287 1523 3344 criminationibus
1561 3289 1836 3359 impetitur
1863 3304 2057 3345 :nemo

471 3391 627 3444 timet
648 3388 792 3441 illum
815 3400 1002 3441 accusa
1013 3400 1071 3438 re
1099 3382 1154 3438 et
1168 3382 1461 3437 criminari.
1483 3382 1614 3436 Nam
1637 3398 1760 3452 erga
1791 3383 2057 3454 principes

471 3489 645 3535 metus
659 3478 894 3541 cohibet,
911 3490 1035 3545 erga
1061 3475 1158 3529 hos
1173 3472 1411 3529 minime.
1432 3474 1584 3543 Apud
1605 3473 1723 3528 illos
1738 3476 1878 3529 enim
1897 3475 2058 3532 timor

472 3571 566 3625 Dei
582 3568 709 3622 nihil
729 3567 889 3621 valet.
913 3565 1041 3633 Quis
1052 3572 1438 3633 repraesentare
1460 3564 1628 3633 possit
1647 3578 1829 3618 curam
1851 3564 1918 3619 de
1936 3580 2058 3619 vcr-

474 3661 543 3715 ho
561 3668 614 3714 et
639 3656 906 3721 doctrina,
938 3652 1305 3709 difficultatem
1334 3654 1385 3709 in
1412 3654 1880 3709 ordinationibus?
1922 3655 2058 3710 For-

476 3761 541 3803 ta»
557 3763 616 3804 se
636 3747 718 3802 vel
740 3762 840 3817 ego
860 3745 1149 3799 admodum
1171 3744 1467 3801 imbecillus
1490 3758 1629 3808 sum,
1655 3745 1834 3808 miser,
1856 3754 1910 3800 et
1937 3747 2056 3799 nul-

477 3842 579 3896 lius
597 3839 752 3909 pretii
772 3855 787 3903 ;
813 3837 894 3892 vel
914 3851 1000 3892 res
1019 3838 1088 3891 ita
1110 3851 1168 3891 se
1188 3835 1366 3897 habet,
1384 3846 1442 3889 ut
1457 3836 1596 3890 dico.
1617 3835 1924 3891 Sacerdotis
1943 3837 2057 3892 ani-

476 3947 561 3986 ma
577 3930 706 3985 nihil
726 3930 943 3984 differta
965 3928 1082 3982 navi
1109 3927 1356 3982 fluctibus
1377 3928 1573 3997 agitata
1598 3928 1859 3998 :umliqne
1875 3931 2056 4002 pungi-

478 4033 584 4082 tur,
607 4022 676 4075 ab
695 4022 900 4086 amicis,
941 4023 1007 4074 ah
1035 4019 1296 4084 inimicis;
1324 4033 1355 4072 a
1385 4019 1518 4084 suis,
1547 4019 1614 4072 ab
1639 4018 1848 4073 alienis.
1869 4025 2058 4077 Annon

482 4114 631 4168 orbis
657 4122 738 4167 est
769 4110 1079 4180 Imperatori
1105 4106 1488 4175 subditus;hic
1519 4123 1649 4164 vero
1674 4125 1829 4164 unam
1859 4117 2060 4168 tantum

476 4206 746 4262 civitatem
786 4200 972 4271 regit?
1018 4200 1091 4258 At
1116 4208 1264 4255 tanto
1294 4199 1524 4269 majores
1564 4207 1690 4254 sunt
1730 4199 1888 4268 hujus
1916 4201 2063 4255 solli-

478 4297 761 4362 citudines,
785 4301 986 4365 quanto
1009 4291 1178 4361 majus
1199 4299 1282 4346 est
1300 4290 1521 4362 pelagus
1550 4299 1760 4347 tumens
1788 4306 1850 4346 ac
1879 4290 2063 4348 furens

476 4404 611 4457 aqua
644 4388 894 4442 fluminis.
941 4386 1111 4452 Quam
1157 4383 1372 4439 tandem
1401 4383 1470 4439 ob
1497 4398 1714 4440 causam
1740 4384 1765 4438 ἲ
1794 4383 1925 4452 Quia
1955 4386 2062 4442 illic

476 4479 627 4533 tnulti
654 4486 777 4532 sunt
804 4476 1053 4538 ministri,
1088 4475 1374 4543 omniaque
1407 4473 1525 4542 lege
1567 4484 1622 4528 et
1655 4474 1907 4529 mandato
1938 4489 2063 4544 pcr—

476 4579 748 4638 aguutur;
793 4566 881 4621 hic
904 4580 1035 4621 vero
1079 4579 1184 4620 non
1227 4566 1357 4620 item
1402 4580 1418 4617 :
1463 4579 1636 4633 neque
1675 4567 1816 4620 enim
1846 4565 1969 4620 licet
1996 4582 2066 4622 ex

483 4659 802 4715 auctoritate
836 4657 1172 4725 prmeipere;
1211 4666 1396 4708 verum
1427 4653 1473 4706 si
1500 4654 1785 4708 admodum
1828 4668 2064 4709 commo-

481 4761 698 4811 veatur,
744 4744 978 4800 crudelis
1004 4742 1188 4807 audit;
1218 4742 1301 4796 sin
1332 4756 1518 4810 parum
1546 4785 1560 4807 ,
1592 4741 1813 4811 frigidus
1848 4742 2062 4798 dicitur.

486 4840 714 4909 Oportet
738 4844 915 4890 autem
954 4833 1069 4887 haec
1096 4832 1204 4887 duo
1232 4833 1498 4887 contraria
1519 4848 1841 4889 concurrere
1860 4876 1875 4897 ,
1908 4833 1976 4888 ita
2007 4843 2065 4891 ut

487 4945 585 4985 nec
623 4936 983 4997 contemptus,
1014 4939 1114 4978 nec
1136 4922 1317 4979 odium
1345 4924 1899 4990 excitetur.‘Alioqulu
1936 4940 2067 4985 vero

486 5022 602 5092 ipsa
635 5016 842 5086 negotia
871 5023 1264 5084 prmoccupant.
1293 5013 1434 5082 Quot
1466 5014 1710 5068 homines
1746 5015 1952 5083 cogitur
1978 5015 2065 5071 of--

489 5108 725 5171 feudcre,
755 5104 883 5160 velit
906 5103 1040 5158 nolit
1062 5104 1086 5157 ‘3
1106 5105 1154 5157 in
1188 5113 1314 5175 quot
1348 5103 1485 5159 alios
1510 5104 1703 5159 invitus
1730 5119 1916 5173 aspere
1944 5121 2072 5178 age—

498 5202 592 5259 re?
623 5202 735 5257 Non
784 5199 891 5254 alio
933 5178 1329 5267 modoqunor,
1361 5212 1518 5268 quam
1567 5207 1623 5252 ut
1666 5196 1886 5253 affectus
1923 5214 2060 5255 sum.

490 5293 605 5348 Non
646 5290 842 5345 multos
885 5297 1012 5359 puto
1041 5286 1345 5343 sacerdotes
1382 5289 1560 5343 salvos
1598 5286 1749 5353 fieri,
1778 5288 1871 5342 sed
1911 5288 2067 5357 longe

490 5387 662 5440 plures
693 5383 890 5453 perire,
914 5396 1020 5436 non
1050 5380 1152 5434 alia
1181 5378 1249 5433 de
1270 5394 1451 5443 causa,
1473 5393 1634 5449 quam
1662 5378 1802 5450 quod
1833 5394 1919 5435 res
1947 5394 2066 5435 ma-

476 5489 642 5543 },num
693 5473 923 5544 postulet
959 5471 1219 5526 animum.
1251 5469 1427 5525 Multis
1464 5471 1610 5525 enim
1659 5471 2068 5528 necessitatibus

474 5583 507 5623 π
556 5566 784 5635 propriis
831 5565 1048 5636 pellitur
1093 5562 1349 5628 moribus,
1390 5570 1446 5618 et
1491 5562 1785 5618 innumeris
1829 5561 2066 5632 undique

453 5672 613 5729 .optts
645 5656 803 5712 habet
838 5658 1025 5715 oculis.
1075 5653 1191 5713 Non
1237 5654 1387 5712 vides
1427 5669 1583 5723 quam
1624 5653 1788 5709 multa
1832 5664 1970 5723 opus
1997 5653 2065 5709 sit

2137 361 2391 433 episeopo
2419 361 2608 416 adesse
2634 363 2658 415 ‘2
2690 362 2757 418 Ut
2784 361 3023 417 doctrina
3061 359 3275 429 polleat,
3311 368 3365 413 ut
3391 360 3461 414 sit
3487 360 3716 429 patiens.

2134 461 2193 506 ut
2234 452 2442 508 fidelem
2470 468 2770 508 sermonem
2804 455 2854 508 in
2885 453 3125 508 doctrina
3157 460 3336 505 servet
3369 452 3390 519 (
3414 453 3465 533 1ἶ
3497 451 3635 505 Tim.
3662 453 3721 509 5.

2133 544 2188 600 2.
2215 545 2320 600 Tit.
2352 547 2403 601 ‘l.
2436 544 2515 617 7).
2552 546 2775 612 Quanta:
2802 547 2904 601 hoc
2929 542 3293 600 difficultatis?
3322 543 3562 598 Aliorum
3590 560 3723 615 pec-

2136 639 2269 694 catis
2309 638 2423 707 ipse
2472 636 2735 693 obnoxius
2782 648 2882 693 est.
2925 638 3041 691 Alia
3090 652 3194 691 non
3241 650 3516 701 memoro;
3545 636 3638 691 sed
3678 638 3724 691 si

2140 730 2220 785 vel
2251 745 2389 784 unus
2418 731 2637 785 decedat
2667 744 2770 782 non
2798 729 3054 793 initiatus,
3081 744 3256 783 annon
3285 728 3336 783 id
3368 735 3529 782 totam
3559 727 3730 796 ipsius

2139 825 2362 878 salutem
2392 824 2651 878 subvertit
2678 821 2701 874 ?
2730 821 2899 879 Unius
2926 822 3070 877 enim
3101 822 3292 875 anima:
3320 820 3582 890 pernicies
3609 828 3730 873 tan-

2141 925 2251 967 tum
2282 924 2364 968 est
2387 914 2671 979 dammnn,
2719 924 2773 967 ut
2804 914 2950 967 nullo
2993 913 3159 981 possit
3200 912 3424 981 exprimi
3453 926 3727 966 sermone.

2142 1002 2197 1058 Si
2244 1005 2385 1058 enim
2430 1004 2547 1072 ejus
2591 1005 2738 1057 salus
2782 988 2913 1058 tanti
2944 1014 3063 1065 est,
3104 1012 3160 1057 ut
3190 1018 3288 1072 pro
3316 1003 3402 1057 illa
3433 1002 3602 1057 Filius
3635 1003 3728 1056 Dei

2144 1096 2305 1151 homo
2337 1099 2507 1151 factus
2547 1108 2599 1151 et
2648 1107 2791 1152 tanta
2823 1112 3011 1166 passus
3040 1099 3143 1160 sit,
3188 1100 3304 1165 ejus
3341 1096 3607 1164 pernicies
3632 1111 3730 1149 co-

2144 1188 2249 1256 gita
2292 1197 2545 1257 quantum
2585 1186 2775 1242 afferet
2821 1188 3160 1257 supplicium.
3206 1187 3261 1242 Si
3313 1186 3391 1252 is,
3440 1202 3535 1256 per
3571 1202 3729 1256 quem

2144 1278 2281 1332 alius
2308 1279 2461 1345 perit,
2491 1278 2540 1330 in
2567 1276 2665 1330 hac
2693 1279 2797 1331 vita
2827 1290 2996 1331 niorte
3022 1278 3212 1347 dignus
3233 1287 3332 1338 est,
3365 1278 3532 1331 multo
3562 1278 3732 1349 magis

2146 1369 2256 1423 ille.
2300 1368 2378 1422 Ne
2418 1368 2545 1422 mihi
2577 1369 2793 1433 dixeris,
2842 1368 3086 1424 Peccavit
3118 1369 3399 1438 presbyter
3425 1380 3516 1422 aut
3547 1368 3733 1422 diacoo

2148 1466 2295 1515 nus':
2330 1462 2443 1515 lucc
2483 1463 2660 1516 ortinia
2704 1463 2757 1516 in
2802 1472 2960 1532 caput
3001 1462 3361 1517 ordinaniinm
3408 1463 3730 1516 referuntur.

2147 1554 2305 1609 Aliud
2355 1555 2546 1609 iterum
2594 1555 2734 1610 dico.
2776 1554 3065 1626 Contingit,
3096 1565 3152 1611 ut
3178 1557 3296 1627 quis
3338 1556 3732 1611 successionem

2145 1647 2374 1714 excipiat
2421 1647 2781 1716 improborum
2822 1647 3098 1702 hominum
3145 1666 3159 1702 :
3205 1648 3410 1703 dubitat
3452 1649 3574 1711 ille,
3607 1648 3732 1715 quid

2145 1738 2355 1794 Consilii
2374 1740 2581 1809 capere
2613 1749 2855 1809 oporteat
2881 1743 3023 1795 circa
3053 1741 3317 1810 prmterita
3352 1749 3588 1809 peccata.
3618 1739 3734 1793 Duo

2146 1829 2291 1884 enim
2325 1840 2449 1883 sunt
2480 1831 2790 1899 praecipitia.
2824 1842 2984 1900 atque
3012 1840 3224 1900 Oportet
3263 1846 3437 1900 neque
3469 1831 3615 1884 illum
3647 1830 3735 1884 di.

2148 1921 2360 1975 mittere
2380 1963 2394 1987 ,
2437 1937 2610 1991 neque
2640 1923 2772 1975 alios
2801 1921 3091 1977 offendere.
3123 1924 3202 1977 An
3234 1922 3626 1978 exseindendus
3653 1931 3738 1976 cst

2151 2013 2300 2079 prior
2328 2013 2353 2066 ?
2386 2011 2579 2068 Verum
2625 2028 2781 2067 causa
2830 2030 2933 2067 non
2985 2015 3153 2069 adest.
3201 2015 3282 2068 An
3337 2013 3684 2069 dimittendus
3712 2014 3737 2066 ?

2152 2105 2322 2159 Etiam
2349 2146 2364 2170 ,
2413 2106 2621 2175 inquies
2656 2124 2668 2159 :
2704 2122 2824 2160 nam
2859 2107 2974 2175 ejus
3002 2119 3084 2160 est
3130 2104 3285 2176 culpa
3315 2108 3403 2176 qui
3447 2106 3734 2160 ordinavit.

2151 2195 2286 2262 Quid
2335 2196 2512 2265 ergo?
2555 2212 2656 2250 non
2689 2207 2901 2266 Oportet
2943 2198 3223 2264 ordinare,
3269 2214 3439 2267 neque
3466 2197 3532 2252 ad
3572 2198 3735 2252 alium

2151 2286 2373 2357 gradum
2399 2285 2668 2341 evehere?
2688 2288 2793 2341 Sed
2823 2287 2945 2342 hinc
2965 2288 3210 2342 oninihus
3236 2290 3407 2357 palam
3432 2290 3556 2353 erit,
3586 2289 3735 2343 illum

2151 2392 2273 2431 esse
2317 2377 2636 2446 improbum.
2686 2379 2868 2447 Itaque
2917 2394 3100 2434 rursas
3141 2380 3247 2433 alio
3291 2379 3512 2434 olfendit
3555 2381 3737 2434 modo.

2152 2466 2289 2522 Num
2336 2469 2402 2521 ad
2447 2469 2699 2538 majorem
2745 2469 2964 2539 gradum
3016 2471 3409 2541 promovendus
3453 2472 3583 2527 est?
3626 2471 3739 2526 [Ioc

2155 2559 2326 2613 multo
2352 2558 2588 2613 deterius
2616 2570 2719 2614 cst.

2218 2650 2274 2706 5.
2289 2649 2430 2706 Onus
2444 2653 2761 2722 episcopatus
2773 2671 2872 2709 non
2886 2655 3122 2722 antbilur,
3137 2655 3226 2710 sed
3240 2656 3741 2727 dignitas—Itaque

2155 2742 2201 2797 si
2232 2744 2350 2809 quis
2377 2743 2441 2796 ad
2471 2758 2740 2799 summum
2778 2746 3141 2802 sacerdotium
3174 2748 3460 2802 accesserit
3490 2748 3633 2803 velut
3670 2748 3738 2805 ad

2156 2833 2608 2901 sollicitudinem,
2657 2852 2816 2891 nemo
2861 2838 2990 2893 illud
3033 2837 3187 2894 facile
3241 2845 3556 2910 susceperit.
3591 2841 3742 2897 Nunc

2156 2934 2333 2980 autem
2374 2926 2516 2981 velut
2543 2938 2801 2984 externos
2846 2931 3185 3000 magistratus
3233 2932 3358 2987 illud
3404 2933 3738 2988 affectamus.

2157 3014 2288 3069 Nam
2336 3028 2391 3070 ut
2435 3017 2601 3085 gloria
2642 3028 2696 3072 et
2735 3018 2938 3075 honore
2977 3021 3115 3090 apud
3148 3023 3390 3078 homines
3419 3023 3738 3091 afficiamur,

2156 3106 2295 3176 apud
2340 3108 2502 3162 Deum
2536 3111 2785 3177 perimus.
2822 3112 2971 3177 Quod
3015 3112 3233 3168 honoris
3279 3115 3537 3170 lucrum?
3579 3132 3738 3188 quam

2158 3198 2305 3255 clare
2335 3203 2592 3270 probatur
2618 3206 2743 3259 nihil
2776 3224 2897 3262 esse
2925 3209 2948 3261 ?
2975 3210 3197 3275 Quando
3223 3213 3581 3267 sacerdotium
3611 3228 3744 3268 con-

2159 3291 2408 3358 cupiscis,
2434 3309 2497 3347 ex
2528 3295 2754 3349 adverso
2782 3313 2918 3367 pone
2937 3298 3256 3369 gehennam,
3278 3305 3547 3371 perpende
3575 3306 3744 3360 ratiu-

2161 3397 2257 3436 nes
2288 3383 2394 3436 illic.
2424 3385 2725 3441 reddendas
2755 3405 2768 3441 :
2812 3404 2880 3444 ex
2921 3390 3150 3445 adverso
3181 3408 3318 3463 pone
3348 3395 3508 3448 vitam
3538 3413 3569 3462 a
3600 3398 3745 3452 curis

2161 3473 2407 3542 liberam,
2438 3491 2578 3546 pone
2605 3478 2849 3549 supplicii
2879 3496 3204 3537 mensuram.
3251 3484 3512 3553 Quoniam
3544 3489 3587 3542 si
3632 3489 3743 3557 pri-

2160 3568 2322 3621 vatim
2354 3584 2564 3638 pecces,
2594 3571 2721 3626 nihil
2750 3573 2855 3628 tale
2880 3589 3134 3644 passurus
3158 3591 3219 3631 es
3242 3579 3319 3632 :si
3345 3595 3471 3634 vero
3493 3581 3746 3638 sacerdos

2162 3659 2265 3725 sis,
2302 3661 2523 3729 periisti.
2553 3663 2734 3734 Cogita
2756 3707 2772 3732 ,
2803 3677 2997 3736 quanta
3031 3683 3244 3736 passus,
3278 3682 3475 3741 quanta
3507 3672 3745 3742 philoso-

2166 3751 2286 3820 phia
2314 3769 2441 3809 usus
2480 3757 2548 3809 sit
2584 3756 2813 3830 Moyses,
2844 3769 3042 3830 quanta
3068 3762 3371 3818 exhibuerit
3397 3765 3553 3828 bona,
3585 3775 3641 3820 et
3667 3778 3746 3821 Ia-

2163 3857 2284 3897 mcn
2323 3845 2464 3915 quod
2496 3863 2656 3902 unum
2692 3857 2965 3918 peccatum
2995 3851 3293 3919 admiserit,
3324 3856 3518 3910 acerbe
3548 3855 3742 3925 plexus

2162 3945 2292 4001 est;
2339 3953 2402 3993 ac
2432 3941 2624 3995 merito
2655 3959 2670 3995 :
2700 3943 2949 4011 quoniam
2995 3944 3044 3998 id
3094 3960 3214 4000 cum
3263 3948 3488 4000 aliorum
3532 3947 3744 4016 jactura

2165 4026 2361 4084 factum
2393 4041 2496 4086 est.
2545 4030 2620 4103 (a)
2657 4032 2842 4103 Itaque
2880 4036 3156 4105 graviores
3200 4052 3386 4106 ptenas
3410 4039 3592 4104 dedit,
3637 4057 3743 4095 non

2164 4122 2305 4193 quod
2338 4123 2508 4193 palam
2539 4123 2734 4180 factum
2767 4127 2864 4191 sit,
2909 4128 3002 4182 sed
3032 4128 3173 4198 quod
3216 4129 3510 4184 sacerdotis
3555 4146 3749 4200 pecca-

2166 4220 2276 4268 tum
2308 4224 2470 4270 esset.
2504 4215 2618 4270 Non
2640 4217 2783 4272 enim
2812 4217 2923 4287 pari
2953 4219 3114 4274 modo
3144 4220 3421 4288 plectimur
3445 4236 3541 4291 pro
3569 4224 3748 4281 mani-

2166 4303 2316 4360 festis
2342 4316 2394 4360 et
2428 4321 2525 4376 pro
2553 4308 2796 4363 occultis.
2822 4308 3103 4365 Peccatum
3127 4311 3269 4366 enim
3296 4311 3435 4367 idem
3458 4322 3560 4376 est,
3591 4328 3747 4381 [iouia

2167 4412 2274 4451 non
2326 4397 2557 4463 eadem;
2611 4399 2718 4453 imo
2762 4415 2829 4455 ne
2877 4413 3150 4471 peccatum
3189 4401 3403 4472 quidem
3445 4413 3529 4459 est
3557 4405 3746 4460 idem:

2168 4505 2343 4561 neque
2370 4492 2512 4546 enim
2567 4492 2707 4547 idem
2751 4502 2855 4560 est,
2900 4495 3110 4550 occulte
3155 4509 3417 4564 peccare,
3454 4504 3520 4550 .et
3575 4498 3751 4567 palam

2169 4583 2222 4636 id
2259 4585 2477 4641 audere.
2524 4585 2791 4657 Episcopo
2834 4598 3010 4645 autem
3057 4603 3160 4641 non
3189 4588 3311 4645 licet
3339 4590 3472 4644 clam
3502 4605 3750 4659 peccare.

2168 4671 2469 4744 Optandum
2506 4679 2647 4732 enim
2683 4680 2756 4734 illi
2786 4691 2932 4737 chet
2970 4697 3075 4735 non
3103 4693 3411 4747 peccantem
3437 4698 3468 4737 a
3494 4683 3751 4740 crimina-

2172 4764 2404 4821 tionibus
2435 4766 2685 4833 liberari;
2733 4779 2936 4826 tantum
2965 4771 3119 4826 abest
3145 4783 3201 4827 ut
3225 4789 3452 4843 peccans
3477 4776 3529 4831 id
3561 4780 3752 4847 possit.

2171 4856 2227 4914 Si
2258 4857 2536 4912 irascatur.
2569 4859 2613 4911 si
2659 4859 2846 4923 rideat,
2895 4863 2940 4915 si
2984 4864 3065 4917 vel
3120 4879 3216 4933 per
3244 4879 3489 4921 somnum
3518 4869 3756 4938 quietem

2172 4956 2408 5019 expetat,
2436 4949 2587 5003 multi
2614 4949 2872 5005 conviciis
2902 4952 3190 5021 incessunt,
3213 4957 3363 5011 multi
3386 4957 3756 5027 offenduntur,

2173 5040 2327 5095 multi
2360 5040 2504 5111 leges
2529 5041 2903 5111 praescribunt,
2934 5046 3086 5101 multi
3121 5049 3328 5116 priscos
3357 5058 3609 5120 repetunt
3638 5068 3760 5107 me-

2173 5133 2341 5186 moria
2361 5174 2378 5199 ,
2422 5141 2478 5189 et
2511 5136 2762 5203 prtesenti
2813 5134 3177 5208 improperant
3206 5156 3220 5192 :
3252 5139 3461 5213 hocque
3491 5142 3689 5199 faciunt
3719 5146 3767 5215 ',

2238 5353 2262 5421 ξ
2290 5349 2434 5421 illud,
2468 5347 2872 5421 haeque_fegiitnt,
2888 5355 3038 5421 deest
3074 5355 3124 5405 in
3167 5356 3476 5421 savll.4et_in
3496 5371 3600 5409 uno
3618 5360 3769 5421 (ωδ

2174 5412 2262 5464 sed
2290 5413 2498 5475 habetur
2523 5412 2580 5461 iu
2593 5412 2702 5463 aliis
2718 5412 2889 5475 Coddi,
2916 5425 2969 5466 et
2988 5415 3173 5466 lectum
3198 5426 3275 5468 est
3297 5419 3361 5468 ab
3382 5418 3604 5471 Erasmo.

2237 5474 2312 5536 (η)
2335 5481 2449 5539 Quae
2468 5484 2765 5539 sequuntur,
2782 5478 2949 5527 vitiata
2970 5480 3097 5539 apud
3120 5480 3305 5539 Morel.,
3333 5489 3398 5530 ex
3421 5480 3597 5531 Savilio
3622 5490 3677 5532 et
3701 5498 3716 5530 ε
3738 5496 3773 5532 x

2527 5538 2757 5587 restituta
2780 5548 2911 5611 sunt.
2927 5539 2982 5611 In
2993 5537 3158 5611 iteret.
3378 5554 3530 5611 voces
3540 5544 3777 5608 quietiam

2175 5556 2508 5599 umnuscrtpus
2528 5556 2757 5587 resututa
2780 5556 2911 5590 sunt.
2928 5556 2982 5588 In
2994 5556 3158 5591 Morel.
3181 5556 3265 5605 qut
3378 5556 3530 5593 voces
3540 5556 3777 5608 quadam

2174 5597 2558 5661 substituuntur,
2595 5612 2706 5661 qua:
2741 5601 2924 5651 seriem
2962 5605 3191 5661 turbant.
3393 5606 3588 5657 omissa:
3620 5619 3784 5659 voces

2175 5660 2357 5712 hiatum
2379 5659 2577 5710 edicere
2598 5658 2837 5713 videntur.
