  <div class='ocr_page' id='page_1' title='image "/cluster/home/n/w/nwhite01/storage/ocr_20150623/60/mdp.39015028539453/046.png"; bbox 0 0 4010 6158; ppageno 0'>
   <div class='ocr_carea' id='block_1_1' title="bbox 283 324 3560 398">
    <p class='ocr_par' dir='ltr' id='par_1_1' title="bbox 283 324 3560 398">
     <span class='ocr_line' id='line_1_1' title="bbox 283 324 3560 398; baseline 0.004 -15"><span class='ocrx_word' id='word_1_1' title='bbox 283 341 344 398; x_wconf 70' lang='grc' dir='ltr'><strong><em>ιι</em></strong></span> <span class='ocrx_word' id='word_1_2' title='bbox 1273 333 1339 390; x_wconf 82' lang='lat' dir='ltr'><strong>IN</strong></span> <span class='ocrx_word' id='word_1_3' title='bbox 1380 331 1557 389; x_wconf 63' lang='lat' dir='ltr'><strong>acra</strong></span> <span class='ocrx_word' id='word_1_4' title='bbox 1601 325 2128 384; x_wconf 66' lang='lat' dir='ltr'><strong>arosrmeuuu.</strong></span> <span class='ocrx_word' id='word_1_5' title='bbox 2182 325 2412 382; x_wconf 69' lang='lat' dir='ltr'><strong>nume.</strong></span> <span class='ocrx_word' id='word_1_6' title='bbox 2460 324 2549 382; x_wconf 85' lang='lat' dir='ltr'><strong>tv.</strong></span> <span class='ocrx_word' id='word_1_7' title='bbox 2801 329 2806 336; x_wconf 79' lang='lat'><strong><em>&#39;</em></strong></span> <span class='ocrx_word' id='word_1_8' title='bbox 3490 341 3560 396; x_wconf 68' lang='lat' dir='ltr'><strong>is</strong></span> 
     </span>
    </p>
   </div>
   <div class='ocr_carea' id='block_1_2' title="bbox 288 446 1863 528">
    <p class='ocr_par' dir='ltr' id='par_1_2' title="bbox 288 446 1863 528">
     <span class='ocr_line' id='line_1_2' title="bbox 288 446 1863 528; baseline -0.007 -17"><span class='ocrx_word' id='word_1_9' title='bbox 288 473 384 512; x_wconf 88' lang='lat' dir='ltr'><strong>non</strong></span> <span class='ocrx_word' id='word_1_10' title='bbox 422 455 566 528; x_wconf 90' lang='lat' dir='ltr'><strong>quod</strong></span> <span class='ocrx_word' id='word_1_11' title='bbox 597 455 716 511; x_wconf 86' lang='lat' dir='ltr'><strong>illos</strong></span> <span class='ocrx_word' id='word_1_12' title='bbox 741 451 960 512; x_wconf 87' lang='lat' dir='ltr'><strong>laudare</strong></span> <span class='ocrx_word' id='word_1_13' title='bbox 982 494 998 518; x_wconf 94' lang='lat'><strong>,</strong></span> <span class='ocrx_word' id='word_1_14' title='bbox 1025 451 1120 508; x_wconf 91' lang='lat' dir='ltr'><strong>sed</strong></span> <span class='ocrx_word' id='word_1_15' title='bbox 1144 450 1287 523; x_wconf 89' lang='lat' dir='ltr'><strong>quod</strong></span> <span class='ocrx_word' id='word_1_16' title='bbox 1332 450 1476 506; x_wconf 89' lang='lat' dir='ltr'><strong>hunc</strong></span> <span class='ocrx_word' id='word_1_17' title='bbox 1503 446 1752 504; x_wconf 87' lang='lat' dir='ltr'><strong>mordere</strong></span> <span class='ocrx_word' id='word_1_18' title='bbox 1779 460 1863 500; x_wconf 86' lang='lat' dir='ltr'><strong>vc-</strong></span> 
     </span>
    </p>
   </div>
   <div class='ocr_carea' id='block_1_3' title="bbox 288 538 1858 616">
    <p class='ocr_par' dir='ltr' id='par_1_3' title="bbox 288 538 1858 616">
     <span class='ocr_line' id='line_1_3' title="bbox 288 538 1858 616; baseline -0.008 -14"><span class='ocrx_word' id='word_1_19' title='bbox 288 548 398 614; x_wconf 82' lang='lat' dir='ltr'><strong>lint,</strong></span> <span class='ocrx_word' id='word_1_20' title='bbox 425 545 772 616; x_wconf 84' lang='lat' dir='ltr'><strong>coepiscopos</strong></span> <span class='ocrx_word' id='word_1_21' title='bbox 796 555 850 601; x_wconf 88' lang='lat' dir='ltr'><strong>et</strong></span> <span class='ocrx_word' id='word_1_22' title='bbox 877 545 1219 615; x_wconf 74' lang='lat' dir='ltr'><strong>presbyteros</strong></span> <span class='ocrx_word' id='word_1_23' title='bbox 1246 550 1633 597; x_wconf 76' lang='lat' dir='ltr'><strong>memorantes.</strong></span> <span class='ocrx_word' id='word_1_24' title='bbox 1671 538 1858 602; x_wconf 87' lang='lat' dir='ltr'><strong>Dulce,</strong></span> 
     </span>
    </p>
   </div>
   <div class='ocr_carea' id='block_1_4' title="bbox 286 631 1862 706">
    <p class='ocr_par' dir='ltr' id='par_1_4' title="bbox 286 631 1862 706">
     <span class='ocr_line' id='line_1_4' title="bbox 286 631 1862 706; baseline -0.005 -15"><span class='ocrx_word' id='word_1_25' title='bbox 286 638 447 702; x_wconf 89' lang='lat' dir='ltr'><strong>aiunt,</strong></span> <span class='ocrx_word' id='word_1_26' title='bbox 477 637 673 692; x_wconf 91' lang='lat' dir='ltr'><strong>bellum</strong></span> <span class='ocrx_word' id='word_1_27' title='bbox 697 637 1006 706; x_wconf 74' lang='lat' dir='ltr'><strong>inexpertis.</strong></span> <span class='ocrx_word' id='word_1_28' title='bbox 1038 636 1150 691; x_wconf 89' lang='lat' dir='ltr'><strong>lloc</strong></span> <span class='ocrx_word' id='word_1_29' title='bbox 1173 645 1227 690; x_wconf 91' lang='lat' dir='ltr'><strong>et</strong></span> <span class='ocrx_word' id='word_1_30' title='bbox 1251 647 1393 687; x_wconf 89' lang='lat' dir='ltr'><strong>nunc</strong></span> <span class='ocrx_word' id='word_1_31' title='bbox 1417 631 1595 687; x_wconf 80' lang='lat' dir='ltr'><strong>dicere</strong></span> <span class='ocrx_word' id='word_1_32' title='bbox 1620 646 1717 701; x_wconf 88' lang='lat' dir='ltr'><strong>par</strong></span> <span class='ocrx_word' id='word_1_33' title='bbox 1742 639 1862 692; x_wconf 86' lang='lat' dir='ltr'><strong>est;</strong></span> 
     </span>
    </p>
   </div>
   <div class='ocr_carea' id='block_1_5' title="bbox 288 726 1862 800">
    <p class='ocr_par' dir='ltr' id='par_1_5' title="bbox 288 726 1862 800">
     <span class='ocr_line' id='line_1_5' title="bbox 288 726 1862 800; baseline -0.004 -16"><span class='ocrx_word' id='word_1_34' title='bbox 288 731 391 785; x_wconf 73' lang='lat' dir='ltr'><strong>into</strong></span> <span class='ocrx_word' id='word_1_35' title='bbox 416 730 576 784; x_wconf 87' lang='lat' dir='ltr'><strong>etiam</strong></span> <span class='ocrx_word' id='word_1_36' title='bbox 602 729 834 786; x_wconf 88' lang='lat' dir='ltr'><strong>dicimus</strong></span> <span class='ocrx_word' id='word_1_37' title='bbox 859 738 1148 800; x_wconf 76' lang='lat' dir='ltr'><strong>antequam</strong></span> <span class='ocrx_word' id='word_1_38' title='bbox 1172 729 1224 781; x_wconf 91' lang='lat' dir='ltr'><strong>iu</strong></span> <span class='ocrx_word' id='word_1_39' title='bbox 1252 737 1521 782; x_wconf 83' lang='lat' dir='ltr'><strong>certamen</strong></span> <span class='ocrx_word' id='word_1_40' title='bbox 1546 726 1862 790; x_wconf 83' lang='lat' dir='ltr'><strong>veniamus;</strong></span> 
     </span>
    </p>
   </div>
   <div class='ocr_carea' id='block_1_6' title="bbox 287 819 1863 889">
    <p class='ocr_par' dir='ltr' id='par_1_6' title="bbox 287 819 1863 889">
     <span class='ocr_line' id='line_1_6' title="bbox 287 819 1863 889; baseline -0.004 -13"><span class='ocrx_word' id='word_1_41' title='bbox 287 836 399 876; x_wconf 90' lang='lat' dir='ltr'><strong>cum</strong></span> <span class='ocrx_word' id='word_1_42' title='bbox 431 833 606 877; x_wconf 90' lang='lat' dir='ltr'><strong>autem</strong></span> <span class='ocrx_word' id='word_1_43' title='bbox 651 838 720 878; x_wconf 89' lang='lat' dir='ltr'><strong>eo</strong></span> <span class='ocrx_word' id='word_1_44' title='bbox 758 822 1007 877; x_wconf 76' lang='lat' dir='ltr'><strong>venimus</strong></span> <span class='ocrx_word' id='word_1_45' title='bbox 1029 861 1046 884; x_wconf 95' lang='lat'><strong>,</strong></span> <span class='ocrx_word' id='word_1_46' title='bbox 1077 835 1183 875; x_wconf 91' lang='lat' dir='ltr'><strong>non</strong></span> <span class='ocrx_word' id='word_1_47' title='bbox 1223 835 1253 874; x_wconf 84' lang='lat' dir='ltr'><strong>a</strong></span> <span class='ocrx_word' id='word_1_48' title='bbox 1290 821 1443 889; x_wconf 83' lang='lat' dir='ltr'><strong>vulgo</strong></span> <span class='ocrx_word' id='word_1_49' title='bbox 1467 819 1863 889; x_wconf 83' lang='lat' dir='ltr'><strong>cognoscimur.</strong></span> 
     </span>
    </p>
   </div>
   <div class='ocr_carea' id='block_1_7' title="bbox 286 911 1868 984">
    <p class='ocr_par' dir='ltr' id='par_1_7' title="bbox 286 911 1868 984">
     <span class='ocr_line' id='line_1_7' title="bbox 286 911 1868 984; baseline -0.003 -16"><span class='ocrx_word' id='word_1_50' title='bbox 286 913 396 968; x_wconf 88' lang='lat' dir='ltr'><strong>Non</strong></span> <span class='ocrx_word' id='word_1_51' title='bbox 428 924 510 970; x_wconf 90' lang='lat' dir='ltr'><strong>est</strong></span> <span class='ocrx_word' id='word_1_52' title='bbox 536 917 680 970; x_wconf 89' lang='lat' dir='ltr'><strong>enim</strong></span> <span class='ocrx_word' id='word_1_53' title='bbox 721 916 831 984; x_wconf 88' lang='lat' dir='ltr'><strong>jam</strong></span> <span class='ocrx_word' id='word_1_54' title='bbox 861 914 1018 970; x_wconf 91' lang='lat' dir='ltr'><strong>nobis</strong></span> <span class='ocrx_word' id='word_1_55' title='bbox 1043 913 1241 968; x_wconf 90' lang='lat' dir='ltr'><strong>bellum</strong></span> <span class='ocrx_word' id='word_1_56' title='bbox 1264 922 1447 966; x_wconf 89' lang='lat' dir='ltr'><strong>contra</strong></span> <span class='ocrx_word' id='word_1_57' title='bbox 1479 927 1594 977; x_wconf 87' lang='lat' dir='ltr'><strong>eos,</strong></span> <span class='ocrx_word' id='word_1_58' title='bbox 1623 911 1712 981; x_wconf 90' lang='lat' dir='ltr'><strong>qui</strong></span> <span class='ocrx_word' id='word_1_59' title='bbox 1744 925 1868 980; x_wconf 90' lang='lat' dir='ltr'><strong>pau-</strong></span> 
     </span>
    </p>
   </div>
   <div class='ocr_carea' id='block_1_8' title="bbox 287 998 1866 1076">
    <p class='ocr_par' dir='ltr' id='par_1_8' title="bbox 287 998 1866 1076">
     <span class='ocr_line' id='line_1_8' title="bbox 287 998 1866 1076; baseline -0.003 -19"><span class='ocrx_word' id='word_1_60' title='bbox 287 1021 435 1074; x_wconf 81' lang='lat' dir='ltr'><strong>peres</strong></span> <span class='ocrx_word' id='word_1_61' title='bbox 473 1009 817 1076; x_wconf 88' lang='lat' dir='ltr'><strong>opprimunt,</strong></span> <span class='ocrx_word' id='word_1_62' title='bbox 868 1019 1042 1075; x_wconf 89' lang='lat' dir='ltr'><strong>neque</strong></span> <span class='ocrx_word' id='word_1_63' title='bbox 1080 1018 1297 1074; x_wconf 87' lang='lat' dir='ltr'><strong>gregem</strong></span> <span class='ocrx_word' id='word_1_64' title='bbox 1339 1002 1721 1065; x_wconf 85' lang='lat' dir='ltr'><strong>defendimus;</strong></span> <span class='ocrx_word' id='word_1_65' title='bbox 1773 998 1866 1053; x_wconf 89' lang='lat' dir='ltr'><strong>sed</strong></span> 
     </span>
    </p>
   </div>
   <div class='ocr_carea' id='block_1_9' title="bbox 285 1091 1861 1166">
    <p class='ocr_par' dir='ltr' id='par_1_9' title="bbox 285 1091 1861 1166">
     <span class='ocr_line' id='line_1_9' title="bbox 285 1091 1861 1166; baseline -0.003 -18"><span class='ocrx_word' id='word_1_66' title='bbox 285 1105 337 1148; x_wconf 90' lang='lat' dir='ltr'><strong>ut</strong></span> <span class='ocrx_word' id='word_1_67' title='bbox 364 1107 604 1164; x_wconf 83' lang='lat' dir='ltr'><strong>pastores</strong></span> <span class='ocrx_word' id='word_1_68' title='bbox 627 1098 702 1152; x_wconf 89' lang='lat' dir='ltr'><strong>illi</strong></span> <span class='ocrx_word' id='word_1_69' title='bbox 728 1098 797 1153; x_wconf 91' lang='lat' dir='ltr'><strong>ab</strong></span> <span class='ocrx_word' id='word_1_70' title='bbox 823 1095 1106 1151; x_wconf 77' lang='lat' dir='ltr'><strong>Ezechiele</strong></span> <span class='ocrx_word' id='word_1_71' title='bbox 1150 1093 1300 1166; x_wconf 87' lang='lat' dir='ltr'><strong>(Cap.</strong></span> <span class='ocrx_word' id='word_1_72' title='bbox 1341 1095 1430 1148; x_wconf 67' lang='grc'><strong>54.</strong></span> <span class='ocrx_word' id='word_1_73' title='bbox 1456 1092 1517 1162; x_wconf 85' lang='lat'><strong>2)</strong></span> <span class='ocrx_word' id='word_1_74' title='bbox 1561 1091 1861 1155; x_wconf 77' lang='lat' dir='ltr'><strong>memorati,</strong></span> 
     </span>
    </p>
   </div>
   <div class='ocr_carea' id='block_1_10' title="bbox 286 1185 1867 1256">
    <p class='ocr_par' dir='ltr' id='par_1_10' title="bbox 286 1185 1867 1256">
     <span class='ocr_line' id='line_1_10' title="bbox 286 1185 1867 1256; baseline -0.001 -18"><span class='ocrx_word' id='word_1_75' title='bbox 286 1197 575 1244; x_wconf 77' lang='lat' dir='ltr'><strong>mactemus</strong></span> <span class='ocrx_word' id='word_1_76' title='bbox 619 1200 674 1244; x_wconf 90' lang='lat' dir='ltr'><strong>ct</strong></span> <span class='ocrx_word' id='word_1_77' title='bbox 721 1187 1056 1243; x_wconf 73' lang='lat' dir='ltr'><strong>devertimus.</strong></span> <span class='ocrx_word' id='word_1_78' title='bbox 1087 1185 1216 1256; x_wconf 84' lang='lat' dir='ltr'><strong>Quis</strong></span> <span class='ocrx_word' id='word_1_79' title='bbox 1255 1195 1498 1240; x_wconf 62' lang='lat' dir='ltr'><strong>nostrum</strong></span> <span class='ocrx_word' id='word_1_80' title='bbox 1544 1194 1742 1237; x_wconf 82' lang='lat' dir='ltr'><strong>tantam</strong></span> <span class='ocrx_word' id='word_1_81' title='bbox 1773 1197 1867 1237; x_wconf 85' lang='lat' dir='ltr'><strong>cu-</strong></span> 
     </span>
    </p>
   </div>
   <div class='ocr_carea' id='block_1_11' title="bbox 284 1275 1866 1348">
    <p class='ocr_par' dir='ltr' id='par_1_11' title="bbox 284 1275 1866 1348">
     <span class='ocr_line' id='line_1_11' title="bbox 284 1275 1866 1348; baseline 0.001 -19"><span class='ocrx_word' id='word_1_82' title='bbox 284 1291 391 1330; x_wconf 90' lang='lat' dir='ltr'><strong>ram</strong></span> <span class='ocrx_word' id='word_1_83' title='bbox 441 1277 670 1334; x_wconf 77' lang='lat' dir='ltr'><strong>exhibet</strong></span> <span class='ocrx_word' id='word_1_84' title='bbox 708 1278 849 1333; x_wconf 93' lang='lat' dir='ltr'><strong>circa</strong></span> <span class='ocrx_word' id='word_1_85' title='bbox 899 1293 1084 1348; x_wconf 86' lang='lat' dir='ltr'><strong>greges</strong></span> <span class='ocrx_word' id='word_1_86' title='bbox 1127 1277 1348 1342; x_wconf 81' lang='lat' dir='ltr'><strong>Christi,</strong></span> <span class='ocrx_word' id='word_1_87' title='bbox 1397 1287 1652 1347; x_wconf 88' lang='lat' dir='ltr'><strong>quantam</strong></span> <span class='ocrx_word' id='word_1_88' title='bbox 1697 1275 1866 1330; x_wconf 81' lang='lat' dir='ltr'><strong>Jacob</strong></span> 
     </span>
    </p>
   </div>
   <div class='ocr_carea' id='block_1_12' title="bbox 281 1368 1860 1441">
    <p class='ocr_par' dir='ltr' id='par_1_12' title="bbox 281 1368 1860 1441">
     <span class='ocr_line' id='line_1_12' title="bbox 281 1368 1860 1441; baseline -0.001 -19"><span class='ocrx_word' id='word_1_89' title='bbox 281 1368 420 1423; x_wconf 88' lang='lat' dir='ltr'><strong>circa</strong></span> <span class='ocrx_word' id='word_1_90' title='bbox 452 1385 646 1441; x_wconf 86' lang='lat' dir='ltr'><strong>greges</strong></span> <span class='ocrx_word' id='word_1_91' title='bbox 675 1369 873 1425; x_wconf 88' lang='lat' dir='ltr'><strong>Labani</strong></span> <span class='ocrx_word' id='word_1_92' title='bbox 899 1372 922 1424; x_wconf 85' lang='lat'><strong>?</strong></span> <span class='ocrx_word' id='word_1_93' title='bbox 949 1371 1068 1439; x_wconf 89' lang='lat' dir='ltr'><strong>quis</strong></span> <span class='ocrx_word' id='word_1_94' title='bbox 1096 1369 1405 1424; x_wconf 87' lang='lat' dir='ltr'><strong>describere</strong></span> <span class='ocrx_word' id='word_1_95' title='bbox 1451 1369 1616 1438; x_wconf 83' lang='lat' dir='ltr'><strong>possit</strong></span> <span class='ocrx_word' id='word_1_96' title='bbox 1648 1377 1860 1422; x_wconf 66' lang='lat' dir='ltr'><strong>noctur.</strong></span> 
     </span>
    </p>
   </div>
   <div class='ocr_carea' id='block_1_13' title="bbox 281 1459 1866 1530">
    <p class='ocr_par' dir='ltr' id='par_1_13' title="bbox 281 1459 1866 1530">
     <span class='ocr_line' id='line_1_13' title="bbox 281 1459 1866 1530; baseline 0.003 -20"><span class='ocrx_word' id='word_1_97' title='bbox 281 1473 407 1512; x_wconf 90' lang='lat' dir='ltr'><strong>num</strong></span> <span class='ocrx_word' id='word_1_98' title='bbox 454 1461 634 1529; x_wconf 87' lang='lat' dir='ltr'><strong>gelu?</strong></span> <span class='ocrx_word' id='word_1_99' title='bbox 682 1460 760 1516; x_wconf 86' lang='lat' dir='ltr'><strong>Ne</strong></span> <span class='ocrx_word' id='word_1_100' title='bbox 797 1460 924 1515; x_wconf 89' lang='lat' dir='ltr'><strong>mihi</strong></span> <span class='ocrx_word' id='word_1_101' title='bbox 975 1460 1175 1516; x_wconf 76' lang='lat' dir='ltr'><strong>dixeris</strong></span> <span class='ocrx_word' id='word_1_102' title='bbox 1232 1459 1509 1530; x_wconf 85' lang='lat' dir='ltr'><strong>pervigilia</strong></span> <span class='ocrx_word' id='word_1_103' title='bbox 1556 1469 1866 1529; x_wconf 79' lang='lat' dir='ltr'><strong>tantamque</strong></span> 
     </span>
    </p>
   </div>
   <div class='ocr_carea' id='block_1_14' title="bbox 279 1551 1865 1625">
    <p class='ocr_par' dir='ltr' id='par_1_14' title="bbox 279 1551 1865 1625">
     <span class='ocr_line' id='line_1_14' title="bbox 279 1551 1865 1625; baseline 0.003 -21"><span class='ocrx_word' id='word_1_104' title='bbox 279 1551 574 1607; x_wconf 74' lang='lat' dir='ltr'><strong>exhibitam</strong></span> <span class='ocrx_word' id='word_1_105' title='bbox 601 1569 801 1610; x_wconf 89' lang='lat' dir='ltr'><strong>curam.</strong></span> <span class='ocrx_word' id='word_1_106' title='bbox 825 1554 1018 1609; x_wconf 86' lang='lat' dir='ltr'><strong>Totum</strong></span> <span class='ocrx_word' id='word_1_107' title='bbox 1049 1555 1207 1625; x_wconf 80' lang='lat' dir='ltr'><strong>igitur</strong></span> <span class='ocrx_word' id='word_1_108' title='bbox 1234 1555 1564 1609; x_wconf 89' lang='lat' dir='ltr'><strong>contrarium</strong></span> <span class='ocrx_word' id='word_1_109' title='bbox 1589 1564 1688 1608; x_wconf 89' lang='lat' dir='ltr'><strong>est.</strong></span> <span class='ocrx_word' id='word_1_110' title='bbox 1721 1553 1865 1609; x_wconf 89' lang='lat' dir='ltr'><strong>Con-</strong></span> 
     </span>
    </p>
   </div>
   <div class='ocr_carea' id='block_1_15' title="bbox 277 1642 1864 1715">
    <p class='ocr_par' dir='ltr' id='par_1_15' title="bbox 277 1642 1864 1715">
     <span class='ocr_line' id='line_1_15' title="bbox 277 1642 1864 1715; baseline 0.002 -19"><span class='ocrx_word' id='word_1_111' title='bbox 277 1643 429 1698; x_wconf 81' lang='lat' dir='ltr'><strong>sules</strong></span> <span class='ocrx_word' id='word_1_112' title='bbox 465 1654 518 1699; x_wconf 89' lang='lat' dir='ltr'><strong>et</strong></span> <span class='ocrx_word' id='word_1_113' title='bbox 549 1645 780 1714; x_wconf 74' lang='lat' dir='ltr'><strong>prmfecti</strong></span> <span class='ocrx_word' id='word_1_114' title='bbox 817 1660 922 1700; x_wconf 91' lang='lat' dir='ltr'><strong>non</strong></span> <span class='ocrx_word' id='word_1_115' title='bbox 956 1654 1104 1700; x_wconf 90' lang='lat' dir='ltr'><strong>tanto</strong></span> <span class='ocrx_word' id='word_1_116' title='bbox 1132 1642 1381 1700; x_wconf 87' lang='lat' dir='ltr'><strong>fruuntur</strong></span> <span class='ocrx_word' id='word_1_117' title='bbox 1412 1645 1636 1707; x_wconf 80' lang='lat' dir='ltr'><strong>honore.</strong></span> <span class='ocrx_word' id='word_1_118' title='bbox 1665 1655 1864 1715; x_wconf 89' lang='lat' dir='ltr'><strong>quanto</strong></span> 
     </span>
    </p>
   </div>
   <div class='ocr_carea' id='block_1_16' title="bbox 278 1730 1861 1807">
    <p class='ocr_par' dir='ltr' id='par_1_16' title="bbox 278 1730 1861 1807">
     <span class='ocr_line' id='line_1_16' title="bbox 278 1730 1861 1807; baseline 0.002 -21"><span class='ocrx_word' id='word_1_119' title='bbox 278 1730 324 1787; x_wconf 88' lang='lat' dir='ltr'><strong>is</strong></span> <span class='ocrx_word' id='word_1_120' title='bbox 367 1734 459 1804; x_wconf 89' lang='lat' dir='ltr'><strong>qui</strong></span> <span class='ocrx_word' id='word_1_121' title='bbox 505 1744 698 1803; x_wconf 71' lang='lat' dir='ltr'><strong>pra-est</strong></span> <span class='ocrx_word' id='word_1_122' title='bbox 742 1735 1022 1792; x_wconf 67' lang='lat' dir='ltr'><strong>Ecclesim.</strong></span> <span class='ocrx_word' id='word_1_123' title='bbox 1075 1736 1133 1792; x_wconf 90' lang='lat' dir='ltr'><strong>Si</strong></span> <span class='ocrx_word' id='word_1_124' title='bbox 1179 1737 1231 1791; x_wconf 94' lang='lat' dir='ltr'><strong>in</strong></span> <span class='ocrx_word' id='word_1_125' title='bbox 1266 1735 1463 1806; x_wconf 82' lang='lat' dir='ltr'><strong>regiam</strong></span> <span class='ocrx_word' id='word_1_126' title='bbox 1513 1736 1861 1807; x_wconf 89' lang='lat' dir='ltr'><strong>ingrediatur,</strong></span> 
     </span>
    </p>
   </div>
   <div class='ocr_carea' id='block_1_17' title="bbox 280 1823 1861 1898">
    <p class='ocr_par' dir='ltr' id='par_1_17' title="bbox 280 1823 1861 1898">
     <span class='ocr_line' id='line_1_17' title="bbox 280 1823 1861 1898; baseline 0.004 -23"><span class='ocrx_word' id='word_1_127' title='bbox 280 1823 396 1892; x_wconf 85' lang='lat' dir='ltr'><strong>quis</strong></span> <span class='ocrx_word' id='word_1_128' title='bbox 426 1825 631 1894; x_wconf 91' lang='lat' dir='ltr'><strong>primus</strong></span> <span class='ocrx_word' id='word_1_129' title='bbox 673 1835 756 1882; x_wconf 89' lang='lat' dir='ltr'><strong>est</strong></span> <span class='ocrx_word' id='word_1_130' title='bbox 781 1827 804 1881; x_wconf 83' lang='lat'><strong>?</strong></span> <span class='ocrx_word' id='word_1_131' title='bbox 833 1828 876 1882; x_wconf 89' lang='lat' dir='ltr'><strong>si</strong></span> <span class='ocrx_word' id='word_1_132' title='bbox 906 1826 1045 1897; x_wconf 87' lang='lat' dir='ltr'><strong>apud</strong></span> <span class='ocrx_word' id='word_1_133' title='bbox 1074 1837 1346 1882; x_wconf 84' lang='lat' dir='ltr'><strong>matronas</strong></span> <span class='ocrx_word' id='word_1_134' title='bbox 1365 1869 1380 1893; x_wconf 94' lang='lat'><strong>,</strong></span> <span class='ocrx_word' id='word_1_135' title='bbox 1421 1827 1466 1883; x_wconf 91' lang='lat' dir='ltr'><strong>si</strong></span> <span class='ocrx_word' id='word_1_136' title='bbox 1499 1830 1550 1883; x_wconf 88' lang='lat' dir='ltr'><strong>in</strong></span> <span class='ocrx_word' id='word_1_137' title='bbox 1581 1843 1861 1898; x_wconf 89' lang='lat' dir='ltr'><strong>procerum</strong></span> 
     </span>
    </p>
   </div>
   <div class='ocr_carea' id='block_1_18' title="bbox 277 1917 1861 1993">
    <p class='ocr_par' dir='ltr' id='par_1_18' title="bbox 277 1917 1861 1993">
     <span class='ocr_line' id='line_1_18' title="bbox 277 1917 1861 1993; baseline 0.006 -24"><span class='ocrx_word' id='word_1_138' title='bbox 277 1917 440 1983; x_wconf 81' lang='lat' dir='ltr'><strong>:edcs,</strong></span> <span class='ocrx_word' id='word_1_139' title='bbox 463 1933 622 1974; x_wconf 87' lang='lat' dir='ltr'><strong>nemo</strong></span> <span class='ocrx_word' id='word_1_140' title='bbox 649 1920 720 1974; x_wconf 91' lang='lat' dir='ltr'><strong>illi</strong></span> <span class='ocrx_word' id='word_1_141' title='bbox 756 1920 1118 1991; x_wconf 88' lang='lat' dir='ltr'><strong>anteponitur.</strong></span> <span class='ocrx_word' id='word_1_142' title='bbox 1151 1922 1338 1977; x_wconf 90' lang='lat' dir='ltr'><strong>Omnia</strong></span> <span class='ocrx_word' id='word_1_143' title='bbox 1370 1923 1642 1993; x_wconf 87' lang='lat' dir='ltr'><strong>perierunt</strong></span> <span class='ocrx_word' id='word_1_144' title='bbox 1664 1933 1861 1978; x_wconf 80' lang='lat' dir='ltr'><strong>eteor-</strong></span> 
     </span>
    </p>
   </div>
   <div class='ocr_carea' id='block_1_19' title="bbox 278 2012 1859 2085">
    <p class='ocr_par' dir='ltr' id='par_1_19' title="bbox 278 2012 1859 2085">
     <span class='ocr_line' id='line_1_19' title="bbox 278 2012 1859 2085; baseline 0.007 -25"><span class='ocrx_word' id='word_1_145' title='bbox 278 2020 433 2077; x_wconf 86' lang='lat' dir='ltr'><strong>rupta</strong></span> <span class='ocrx_word' id='word_1_146' title='bbox 457 2020 603 2065; x_wconf 78' lang='lat' dir='ltr'><strong>sunt.</strong></span> <span class='ocrx_word' id='word_1_147' title='bbox 635 2012 760 2068; x_wconf 73' lang='lat' dir='ltr'><strong>llam</strong></span> <span class='ocrx_word' id='word_1_148' title='bbox 785 2013 928 2077; x_wconf 89' lang='lat' dir='ltr'><strong>dico,</strong></span> <span class='ocrx_word' id='word_1_149' title='bbox 963 2030 1068 2068; x_wconf 90' lang='lat' dir='ltr'><strong>non</strong></span> <span class='ocrx_word' id='word_1_150' title='bbox 1098 2022 1158 2069; x_wconf 94' lang='lat' dir='ltr'><strong>ut</strong></span> <span class='ocrx_word' id='word_1_151' title='bbox 1179 2029 1273 2069; x_wconf 90' lang='lat' dir='ltr'><strong>vos</strong></span> <span class='ocrx_word' id='word_1_152' title='bbox 1302 2015 1507 2085; x_wconf 87' lang='lat' dir='ltr'><strong>pudore</strong></span> <span class='ocrx_word' id='word_1_153' title='bbox 1535 2014 1859 2083; x_wconf 75' lang='lat' dir='ltr'><strong>suffundam,</strong></span> 
     </span>
    </p>
   </div>
   <div class='ocr_carea' id='block_1_20' title="bbox 275 2099 1863 2176">
    <p class='ocr_par' dir='ltr' id='par_1_20' title="bbox 275 2099 1863 2176">
     <span class='ocr_line' id='line_1_20' title="bbox 275 2099 1863 2176; baseline 0.007 -24"><span class='ocrx_word' id='word_1_154' title='bbox 275 2099 368 2153; x_wconf 86' lang='lat' dir='ltr'><strong>sed</strong></span> <span class='ocrx_word' id='word_1_155' title='bbox 417 2110 480 2154; x_wconf 85' lang='lat' dir='ltr'><strong>ut</strong></span> <span class='ocrx_word' id='word_1_156' title='bbox 520 2111 753 2156; x_wconf 90' lang='lat' dir='ltr'><strong>vestram</strong></span> <span class='ocrx_word' id='word_1_157' title='bbox 803 2104 1084 2160; x_wconf 89' lang='lat' dir='ltr'><strong>cohibeam</strong></span> <span class='ocrx_word' id='word_1_158' title='bbox 1129 2107 1496 2176; x_wconf 89' lang='lat' dir='ltr'><strong>cupiditatem.</strong></span> <span class='ocrx_word' id='word_1_159' title='bbox 1539 2107 1657 2174; x_wconf 87' lang='lat' dir='ltr'><strong>Quo</strong></span> <span class='ocrx_word' id='word_1_160' title='bbox 1697 2108 1863 2164; x_wconf 91' lang='lat' dir='ltr'><strong>uteris</strong></span> 
     </span>
    </p>
   </div>
   <div class='ocr_carea' id='block_1_21' title="bbox 275 2188 1862 2269">
    <p class='ocr_par' dir='ltr' id='par_1_21' title="bbox 275 2188 1862 2269">
     <span class='ocr_line' id='line_1_21' title="bbox 275 2188 1862 2269; baseline 0.008 -27"><span class='ocrx_word' id='word_1_161' title='bbox 275 2191 514 2258; x_wconf 88' lang='lat' dir='ltr'><strong>conscio,</strong></span> <span class='ocrx_word' id='word_1_162' title='bbox 545 2192 591 2246; x_wconf 89' lang='lat' dir='ltr'><strong>si</strong></span> <span class='ocrx_word' id='word_1_163' title='bbox 615 2194 825 2249; x_wconf 90' lang='lat' dir='ltr'><strong>ambias</strong></span> <span class='ocrx_word' id='word_1_164' title='bbox 853 2188 939 2250; x_wconf 74' lang='lat' dir='ltr'><strong>vel</strong></span> <span class='ocrx_word' id='word_1_165' title='bbox 977 2210 1076 2263; x_wconf 88' lang='lat' dir='ltr'><strong>per</strong></span> <span class='ocrx_word' id='word_1_166' title='bbox 1105 2205 1156 2251; x_wconf 90' lang='lat' dir='ltr'><strong>te</strong></span> <span class='ocrx_word' id='word_1_167' title='bbox 1190 2197 1270 2252; x_wconf 91' lang='lat' dir='ltr'><strong>vel</strong></span> <span class='ocrx_word' id='word_1_168' title='bbox 1298 2213 1394 2266; x_wconf 90' lang='lat' dir='ltr'><strong>per</strong></span> <span class='ocrx_word' id='word_1_169' title='bbox 1429 2197 1595 2252; x_wconf 90' lang='lat' dir='ltr'><strong>alium</strong></span> <span class='ocrx_word' id='word_1_170' title='bbox 1622 2199 1645 2252; x_wconf 83' lang='lat'><strong>?</strong></span> <span class='ocrx_word' id='word_1_171' title='bbox 1669 2200 1862 2269; x_wconf 87' lang='lat' dir='ltr'><strong>quibus</strong></span> 
     </span>
    </p>
   </div>
   <div class='ocr_carea' id='block_1_22' title="bbox 273 2284 1861 2362">
    <p class='ocr_par' dir='ltr' id='par_1_22' title="bbox 273 2284 1861 2362">
     <span class='ocr_line' id='line_1_22' title="bbox 273 2284 1861 2362; baseline 0.008 -26"><span class='ocrx_word' id='word_1_172' title='bbox 273 2284 444 2338; x_wconf 88' lang='lat' dir='ltr'><strong>oculis</strong></span> <span class='ocrx_word' id='word_1_173' title='bbox 475 2286 730 2355; x_wconf 89' lang='lat' dir='ltr'><strong>respicies</strong></span> <span class='ocrx_word' id='word_1_174' title='bbox 755 2303 877 2343; x_wconf 89' lang='lat' dir='ltr'><strong>eum</strong></span> <span class='ocrx_word' id='word_1_175' title='bbox 905 2289 996 2360; x_wconf 91' lang='lat' dir='ltr'><strong>qui</strong></span> <span class='ocrx_word' id='word_1_176' title='bbox 1028 2289 1121 2344; x_wconf 90' lang='lat' dir='ltr'><strong>tibi</strong></span> <span class='ocrx_word' id='word_1_177' title='bbox 1156 2289 1258 2345; x_wconf 91' lang='lat' dir='ltr'><strong>fuit</strong></span> <span class='ocrx_word' id='word_1_178' title='bbox 1281 2291 1526 2346; x_wconf 85' lang='lat' dir='ltr'><strong>auxilio?</strong></span> <span class='ocrx_word' id='word_1_179' title='bbox 1549 2293 1674 2362; x_wconf 92' lang='lat' dir='ltr'><strong>quid</strong></span> <span class='ocrx_word' id='word_1_180' title='bbox 1707 2302 1861 2362; x_wconf 88' lang='lat' dir='ltr'><strong>pote-</strong></span> 
     </span>
    </p>
   </div>
   <div class='ocr_carea' id='block_1_23' title="bbox 272 2374 1863 2456">
    <p class='ocr_par' dir='ltr' id='par_1_23' title="bbox 272 2374 1863 2456">
     <span class='ocr_line' id='line_1_23' title="bbox 272 2374 1863 2456; baseline 0.008 -28"><span class='ocrx_word' id='word_1_181' title='bbox 272 2374 346 2428; x_wconf 87' lang='lat' dir='ltr'><strong>ris</strong></span> <span class='ocrx_word' id='word_1_182' title='bbox 389 2377 458 2431; x_wconf 86' lang='lat' dir='ltr'><strong>ad</strong></span> <span class='ocrx_word' id='word_1_183' title='bbox 504 2378 580 2432; x_wconf 89' lang='lat' dir='ltr'><strong>tui</strong></span> <span class='ocrx_word' id='word_1_184' title='bbox 619 2379 987 2438; x_wconf 78' lang='lat' dir='ltr'><strong>defensionem</strong></span> <span class='ocrx_word' id='word_1_185' title='bbox 1030 2383 1316 2453; x_wconf 86' lang='lat' dir='ltr'><strong>proferre?</strong></span> <span class='ocrx_word' id='word_1_186' title='bbox 1361 2384 1492 2440; x_wconf 86' lang='lat' dir='ltr'><strong>Nam</strong></span> <span class='ocrx_word' id='word_1_187' title='bbox 1535 2387 1624 2456; x_wconf 93' lang='lat' dir='ltr'><strong>qui</strong></span> <span class='ocrx_word' id='word_1_188' title='bbox 1667 2386 1863 2441; x_wconf 87' lang='lat' dir='ltr'><strong>invitus</strong></span> 
     </span>
    </p>
   </div>
   <div class='ocr_carea' id='block_1_24' title="bbox 270 2468 1861 2542">
    <p class='ocr_par' dir='ltr' id='par_1_24' title="bbox 270 2468 1861 2542">
     <span class='ocr_line' id='line_1_24' title="bbox 270 2468 1861 2542; baseline 0.008 -22"><span class='ocrx_word' id='word_1_189' title='bbox 270 2477 492 2523; x_wconf 89' lang='lat' dir='ltr'><strong>coactus</strong></span> <span class='ocrx_word' id='word_1_190' title='bbox 540 2468 652 2535; x_wconf 91' lang='lat' dir='ltr'><strong>fuit,</strong></span> <span class='ocrx_word' id='word_1_191' title='bbox 705 2471 936 2541; x_wconf 85' lang='lat' dir='ltr'><strong>aliquam</strong></span> <span class='ocrx_word' id='word_1_192' title='bbox 981 2475 1141 2530; x_wconf 84' lang='lat' dir='ltr'><strong>habet</strong></span> <span class='ocrx_word' id='word_1_193' title='bbox 1176 2477 1609 2542; x_wconf 82' lang='lat' dir='ltr'><strong>excusationem,</strong></span> <span class='ocrx_word' id='word_1_194' title='bbox 1651 2477 1861 2532; x_wconf 79' lang='lat' dir='ltr'><strong>etiamsi</strong></span> 
     </span>
    </p>
   </div>
   <div class='ocr_carea' id='block_1_25' title="bbox 269 2559 1863 2638">
    <p class='ocr_par' dir='ltr' id='par_1_25' title="bbox 269 2559 1863 2638">
     <span class='ocr_line' id='line_1_25' title="bbox 269 2559 1863 2638; baseline 0.01 -27"><span class='ocrx_word' id='word_1_195' title='bbox 269 2559 590 2632; x_wconf 87' lang='lat' dir='ltr'><strong>plerumque</strong></span> <span class='ocrx_word' id='word_1_196' title='bbox 619 2563 708 2619; x_wconf 92' lang='lat' dir='ltr'><strong>hic</strong></span> <span class='ocrx_word' id='word_1_197' title='bbox 735 2581 945 2638; x_wconf 91' lang='lat' dir='ltr'><strong>quoque</strong></span> <span class='ocrx_word' id='word_1_198' title='bbox 969 2569 1169 2623; x_wconf 87' lang='lat' dir='ltr'><strong>nullam</strong></span> <span class='ocrx_word' id='word_1_199' title='bbox 1199 2569 1392 2625; x_wconf 79' lang='lat' dir='ltr'><strong>habeat</strong></span> <span class='ocrx_word' id='word_1_200' title='bbox 1413 2572 1622 2626; x_wconf 90' lang='lat' dir='ltr'><strong>veniam</strong></span> <span class='ocrx_word' id='word_1_201' title='bbox 1652 2588 1667 2627; x_wconf 87' lang='lat'><strong>:</strong></span> <span class='ocrx_word' id='word_1_202' title='bbox 1699 2581 1863 2627; x_wconf 62' lang='lat' dir='ltr'><strong>crete-</strong></span> 
     </span>
    </p>
   </div>
   <div class='ocr_carea' id='block_1_26' title="bbox 268 2653 1862 2735">
    <p class='ocr_par' dir='ltr' id='par_1_26' title="bbox 268 2653 1862 2735">
     <span class='ocr_line' id='line_1_26' title="bbox 268 2653 1862 2735; baseline 0.011 -34"><span class='ocrx_word' id='word_1_203' title='bbox 268 2663 389 2704; x_wconf 84' lang='lat' dir='ltr'><strong>rum</strong></span> <span class='ocrx_word' id='word_1_204' title='bbox 421 2653 652 2722; x_wconf 77' lang='lat' dir='ltr'><strong>aliquam</strong></span> <span class='ocrx_word' id='word_1_205' title='bbox 681 2665 859 2713; x_wconf 90' lang='lat' dir='ltr'><strong>tamen</strong></span> <span class='ocrx_word' id='word_1_206' title='bbox 876 2660 1270 2717; x_wconf 78' lang='lat' dir='ltr'><strong>excusationem</strong></span> <span class='ocrx_word' id='word_1_207' title='bbox 1296 2663 1476 2718; x_wconf 90' lang='lat' dir='ltr'><strong>habet.</strong></span> <span class='ocrx_word' id='word_1_208' title='bbox 1501 2663 1708 2734; x_wconf 87' lang='lat' dir='ltr'><strong>Cogita,</strong></span> <span class='ocrx_word' id='word_1_209' title='bbox 1734 2665 1862 2735; x_wconf 88' lang='lat' dir='ltr'><strong>quid</strong></span> 
     </span>
    </p>
   </div>
   <div class='ocr_carea' id='block_1_27' title="bbox 267 2742 1863 2826">
    <p class='ocr_par' dir='ltr' id='par_1_27' title="bbox 267 2742 1863 2826">
     <span class='ocr_line' id='line_1_27' title="bbox 267 2742 1863 2826; baseline 0.012 -33"><span class='ocrx_word' id='word_1_210' title='bbox 267 2742 534 2800; x_wconf 86' lang='lat' dir='ltr'><strong>acciderit</strong></span> <span class='ocrx_word' id='word_1_211' title='bbox 559 2745 789 2804; x_wconf 88' lang='lat' dir='ltr'><strong>Simoni.</strong></span> <span class='ocrx_word' id='word_1_212' title='bbox 818 2751 952 2818; x_wconf 84' lang='lat' dir='ltr'><strong>Quid</strong></span> <span class='ocrx_word' id='word_1_213' title='bbox 981 2754 1124 2808; x_wconf 90' lang='lat' dir='ltr'><strong>enim</strong></span> <span class='ocrx_word' id='word_1_214' title='bbox 1150 2753 1336 2819; x_wconf 81' lang='lat' dir='ltr'><strong>refert,</strong></span> <span class='ocrx_word' id='word_1_215' title='bbox 1372 2756 1416 2810; x_wconf 93' lang='lat' dir='ltr'><strong>si</strong></span> <span class='ocrx_word' id='word_1_216' title='bbox 1447 2764 1724 2826; x_wconf 78' lang='lat' dir='ltr'><strong>argentum</strong></span> <span class='ocrx_word' id='word_1_217' title='bbox 1756 2773 1863 2813; x_wconf 90' lang='lat' dir='ltr'><strong>non</strong></span> 
     </span>
    </p>
   </div>
   <div class='ocr_carea' id='block_1_28' title="bbox 263 2833 1866 2913">
    <p class='ocr_par' dir='ltr' id='par_1_28' title="bbox 263 2833 1866 2913">
     <span class='ocr_line' id='line_1_28' title="bbox 263 2833 1866 2913; baseline 0.009 -25"><span class='ocrx_word' id='word_1_218' title='bbox 263 2833 488 2890; x_wconf 86' lang='lat' dir='ltr'><strong>dederis</strong></span> <span class='ocrx_word' id='word_1_219' title='bbox 514 2855 528 2902; x_wconf 90' lang='lat'><strong>;</strong></span> <span class='ocrx_word' id='word_1_220' title='bbox 562 2840 604 2892; x_wconf 85' lang='lat' dir='ltr'><strong>si</strong></span> <span class='ocrx_word' id='word_1_221' title='bbox 631 2843 836 2911; x_wconf 79' lang='lat' dir='ltr'><strong>argenti</strong></span> <span class='ocrx_word' id='word_1_222' title='bbox 865 2842 1004 2908; x_wconf 90' lang='lat' dir='ltr'><strong>loco,</strong></span> <span class='ocrx_word' id='word_1_223' title='bbox 1030 2844 1290 2913; x_wconf 87' lang='lat' dir='ltr'><strong>adulcris,</strong></span> <span class='ocrx_word' id='word_1_224' title='bbox 1319 2856 1374 2900; x_wconf 91' lang='lat' dir='ltr'><strong>et</strong></span> <span class='ocrx_word' id='word_1_225' title='bbox 1403 2849 1681 2903; x_wconf 89' lang='lat' dir='ltr'><strong>machinas</strong></span> <span class='ocrx_word' id='word_1_226' title='bbox 1708 2849 1866 2902; x_wconf 83' lang='lat' dir='ltr'><strong>adlii-</strong></span> 
     </span>
    </p>
   </div>
   <div class='ocr_carea' id='block_1_29' title="bbox 268 2927 1862 3008">
    <p class='ocr_par' dir='ltr' id='par_1_29' title="bbox 268 2927 1862 3008">
     <span class='ocr_line' id='line_1_29' title="bbox 268 2927 1862 3008; baseline 0.008 -28"><span class='ocrx_word' id='word_1_227' title='bbox 268 2927 404 2982; x_wconf 88' lang='lat' dir='ltr'><strong>beas</strong></span> <span class='ocrx_word' id='word_1_228' title='bbox 437 2931 460 2983; x_wconf 85' lang='lat'><strong>?</strong></span> <span class='ocrx_word' id='word_1_229' title='bbox 488 2932 771 3003; x_wconf 82' lang='lat' dir='ltr'><strong>Argentum</strong></span> <span class='ocrx_word' id='word_1_230' title='bbox 791 2945 928 2989; x_wconf 84' lang='lat' dir='ltr'><strong>tuum</strong></span> <span class='ocrx_word' id='word_1_231' title='bbox 953 2947 1113 2989; x_wconf 80' lang='lat' dir='ltr'><strong>tecum</strong></span> <span class='ocrx_word' id='word_1_232' title='bbox 1141 2939 1205 2990; x_wconf 84' lang='lat' dir='ltr'><strong>sit</strong></span> <span class='ocrx_word' id='word_1_233' title='bbox 1225 2938 1278 2990; x_wconf 90' lang='lat' dir='ltr'><strong>in</strong></span> <span class='ocrx_word' id='word_1_234' title='bbox 1299 2940 1631 3008; x_wconf 82' lang='lat' dir='ltr'><strong>perditionem</strong></span> <span class='ocrx_word' id='word_1_235' title='bbox 1649 2940 1786 3006; x_wconf 82' lang='lat' dir='ltr'><strong>(Act.</strong></span> <span class='ocrx_word' id='word_1_236' title='bbox 1810 2941 1862 2994; x_wconf 91' lang='lat'><strong>8.</strong></span> 
     </span>
    </p>
   </div>
   <div class='ocr_carea' id='block_1_30' title="bbox 261 3018 1867 3097">
    <p class='ocr_par' dir='ltr' id='par_1_30' title="bbox 261 3018 1867 3097">
     <span class='ocr_line' id='line_1_30' title="bbox 261 3018 1867 3097; baseline 0.009 -25"><span class='ocrx_word' id='word_1_237' title='bbox 261 3018 381 3090; x_wconf 83' lang='lat'><strong>20).</strong></span> <span class='ocrx_word' id='word_1_238' title='bbox 423 3023 537 3078; x_wconf 89' lang='lat' dir='ltr'><strong>lloc</strong></span> <span class='ocrx_word' id='word_1_239' title='bbox 566 3026 640 3079; x_wconf 90' lang='lat' dir='ltr'><strong>illi</strong></span> <span class='ocrx_word' id='word_1_240' title='bbox 668 3027 805 3080; x_wconf 73' lang='lat' dir='ltr'><strong>dixit</strong></span> <span class='ocrx_word' id='word_1_241' title='bbox 828 3044 842 3089; x_wconf 89' lang='lat'><strong>;</strong></span> <span class='ocrx_word' id='word_1_242' title='bbox 869 3026 1057 3097; x_wconf 75' lang='lat' dir='ltr'><strong>hisque</strong></span> <span class='ocrx_word' id='word_1_243' title='bbox 1082 3027 1227 3082; x_wconf 85' lang='lat' dir='ltr'><strong>dicet</strong></span> <span class='ocrx_word' id='word_1_244' title='bbox 1259 3048 1273 3084; x_wconf 90' lang='lat'><strong>:</strong></span> <span class='ocrx_word' id='word_1_245' title='bbox 1309 3031 1542 3084; x_wconf 71' lang='lat' dir='ltr'><strong>Ambitio</strong></span> <span class='ocrx_word' id='word_1_246' title='bbox 1567 3040 1741 3088; x_wconf 82' lang='lat' dir='ltr'><strong>vestra</strong></span> <span class='ocrx_word' id='word_1_247' title='bbox 1770 3048 1867 3086; x_wconf 82' lang='lat' dir='ltr'><strong>vo-</strong></span> 
     </span>
    </p>
   </div>
   <div class='ocr_carea' id='block_1_31' title="bbox 249 3115 1863 3189">
    <p class='ocr_par' dir='ltr' id='par_1_31' title="bbox 249 3115 1863 3189">
     <span class='ocr_line' id='line_1_31' title="bbox 249 3115 1863 3189; baseline 0.002 -15"><span class='ocrx_word' id='word_1_248' title='bbox 249 3119 482 3174; x_wconf 85' lang='lat' dir='ltr'><strong>biscum</strong></span> <span class='ocrx_word' id='word_1_249' title='bbox 526 3117 591 3168; x_wconf 82' lang='lat' dir='ltr'><strong>sit</strong></span> <span class='ocrx_word' id='word_1_250' title='bbox 623 3117 675 3170; x_wconf 89' lang='lat' dir='ltr'><strong>in</strong></span> <span class='ocrx_word' id='word_1_251' title='bbox 709 3115 1080 3184; x_wconf 89' lang='lat' dir='ltr'><strong>perditionem,</strong></span> <span class='ocrx_word' id='word_1_252' title='bbox 1109 3122 1230 3188; x_wconf 83' lang='lat' dir='ltr'><strong>quia</strong></span> <span class='ocrx_word' id='word_1_253' title='bbox 1265 3123 1487 3189; x_wconf 89' lang='lat' dir='ltr'><strong>putastis</strong></span> <span class='ocrx_word' id='word_1_254' title='bbox 1519 3138 1609 3178; x_wconf 86' lang='lat' dir='ltr'><strong>vos</strong></span> <span class='ocrx_word' id='word_1_255' title='bbox 1637 3123 1863 3178; x_wconf 90' lang='lat' dir='ltr'><strong>lmmana</strong></span> 
     </span>
    </p>
   </div>
   <div class='ocr_carea' id='block_1_32' title="bbox 257 3207 1864 3278">
    <p class='ocr_par' dir='ltr' id='par_1_32' title="bbox 257 3207 1864 3278">
     <span class='ocr_line' id='line_1_32' title="bbox 257 3207 1864 3278; baseline 0.008 -20"><span class='ocrx_word' id='word_1_256' title='bbox 257 3207 594 3264; x_wconf 78' lang='lat' dir='ltr'><strong>circuitione</strong></span> <span class='ocrx_word' id='word_1_257' title='bbox 630 3209 833 3264; x_wconf 88' lang='lat' dir='ltr'><strong>donum</strong></span> <span class='ocrx_word' id='word_1_258' title='bbox 887 3208 980 3262; x_wconf 87' lang='lat' dir='ltr'><strong>Dei</strong></span> <span class='ocrx_word' id='word_1_259' title='bbox 1030 3226 1377 3278; x_wconf 87' lang='lat' dir='ltr'><strong>possessures</strong></span> <span class='ocrx_word' id='word_1_260' title='bbox 1404 3227 1542 3268; x_wconf 87' lang='lat' dir='ltr'><strong>esse.</strong></span> <span class='ocrx_word' id='word_1_261' title='bbox 1575 3216 1644 3268; x_wconf 82' lang='lat' dir='ltr'><strong>At</strong></span> <span class='ocrx_word' id='word_1_262' title='bbox 1688 3216 1864 3272; x_wconf 88' lang='lat' dir='ltr'><strong>nullus</strong></span> 
     </span>
    </p>
   </div>
   <div class='ocr_carea' id='block_1_33' title="bbox 258 3298 1862 3377">
    <p class='ocr_par' dir='ltr' id='par_1_33' title="bbox 258 3298 1862 3377">
     <span class='ocr_line' id='line_1_33' title="bbox 258 3298 1862 3377; baseline 0.008 -28"><span class='ocrx_word' id='word_1_263' title='bbox 258 3298 384 3353; x_wconf 73' lang='lat' dir='ltr'><strong>talis</strong></span> <span class='ocrx_word' id='word_1_264' title='bbox 406 3300 546 3353; x_wconf 80' lang='lat' dir='ltr'><strong>est?</strong></span> <span class='ocrx_word' id='word_1_265' title='bbox 573 3299 786 3357; x_wconf 88' lang='lat' dir='ltr'><strong>Utinam</strong></span> <span class='ocrx_word' id='word_1_266' title='bbox 814 3319 920 3358; x_wconf 91' lang='lat' dir='ltr'><strong>non</strong></span> <span class='ocrx_word' id='word_1_267' title='bbox 947 3301 1016 3360; x_wconf 88' lang='lat' dir='ltr'><strong>sit</strong></span> <span class='ocrx_word' id='word_1_268' title='bbox 1035 3303 1046 3356; x_wconf 91' lang='lat'>!</span> <span class='ocrx_word' id='word_1_269' title='bbox 1064 3300 1328 3377; x_wconf 83' lang='lat' dir='ltr'><strong>Cuperem</strong></span> <span class='ocrx_word' id='word_1_270' title='bbox 1360 3319 1489 3360; x_wconf 89' lang='lat' dir='ltr'><strong>sane</strong></span> <span class='ocrx_word' id='word_1_271' title='bbox 1520 3305 1706 3361; x_wconf 89' lang='lat' dir='ltr'><strong>hortnn</strong></span> <span class='ocrx_word' id='word_1_272' title='bbox 1733 3309 1862 3363; x_wconf 89' lang='lat' dir='ltr'><strong>nihil</strong></span> 
     </span>
    </p>
   </div>
   <div class='ocr_carea' id='block_1_34' title="bbox 255 3389 1862 3460">
    <p class='ocr_par' dir='ltr' id='par_1_34' title="bbox 255 3389 1862 3460">
     <span class='ocr_line' id='line_1_34' title="bbox 255 3389 1862 3460; baseline 0.01 -21"><span class='ocrx_word' id='word_1_273' title='bbox 255 3389 321 3441; x_wconf 83' lang='lat' dir='ltr'><strong>ad</strong></span> <span class='ocrx_word' id='word_1_274' title='bbox 364 3404 476 3444; x_wconf 83' lang='lat' dir='ltr'><strong>vos</strong></span> <span class='ocrx_word' id='word_1_275' title='bbox 502 3391 774 3460; x_wconf 89' lang='lat' dir='ltr'><strong>pertinere</strong></span> <span class='ocrx_word' id='word_1_276' title='bbox 804 3409 817 3447; x_wconf 93' lang='lat'><strong>:</strong></span> <span class='ocrx_word' id='word_1_277' title='bbox 845 3409 987 3450; x_wconf 90' lang='lat' dir='ltr'><strong>nunc</strong></span> <span class='ocrx_word' id='word_1_278' title='bbox 1009 3405 1189 3452; x_wconf 88' lang='lat' dir='ltr'><strong>autem</strong></span> <span class='ocrx_word' id='word_1_279' title='bbox 1220 3411 1286 3454; x_wconf 65' lang='lat' dir='ltr'><strong>ex</strong></span> <span class='ocrx_word' id='word_1_280' title='bbox 1315 3396 1597 3451; x_wconf 79' lang='lat' dir='ltr'><strong>verborum</strong></span> <span class='ocrx_word' id='word_1_281' title='bbox 1639 3399 1778 3454; x_wconf 86' lang='lat' dir='ltr'><strong>serie</strong></span> <span class='ocrx_word' id='word_1_282' title='bbox 1809 3400 1862 3455; x_wconf 92' lang='lat' dir='ltr'><strong>in</strong></span> 
     </span>
    </p>
   </div>
   <div class='ocr_carea' id='block_1_35' title="bbox 256 3477 1884 3559">
    <p class='ocr_par' dir='ltr' id='par_1_35' title="bbox 256 3477 1884 3559">
     <span class='ocr_line' id='line_1_35' title="bbox 256 3477 1884 3559; baseline 0.01 -29"><span class='ocrx_word' id='word_1_283' title='bbox 256 3477 357 3534; x_wconf 89' lang='lat' dir='ltr'><strong>hos</strong></span> <span class='ocrx_word' id='word_1_284' title='bbox 383 3481 686 3538; x_wconf 85' lang='lat' dir='ltr'><strong>incidimus</strong></span> <span class='ocrx_word' id='word_1_285' title='bbox 711 3484 1008 3556; x_wconf 74' lang='lat' dir='ltr'><strong>sermones.</strong></span> <span class='ocrx_word' id='word_1_286' title='bbox 1040 3485 1224 3559; x_wconf 87' lang='lat' dir='ltr'><strong>Neque</strong></span> <span class='ocrx_word' id='word_1_287' title='bbox 1253 3490 1422 3556; x_wconf 90' lang='lat' dir='ltr'><strong>enim,</strong></span> <span class='ocrx_word' id='word_1_288' title='bbox 1443 3490 1659 3558; x_wconf 86' lang='lat' dir='ltr'><strong>quando</strong></span> <span class='ocrx_word' id='word_1_289' title='bbox 1685 3492 1884 3546; x_wconf 80' lang='lat' dir='ltr'><strong>avari-&#39;</strong></span> 
     </span>
    </p>
   </div>
   <div class='ocr_carea' id='block_1_36' title="bbox 258 3571 1866 3652">
    <p class='ocr_par' dir='ltr' id='par_1_36' title="bbox 258 3571 1866 3652">
     <span class='ocr_line' id='line_1_36' title="bbox 258 3571 1866 3652; baseline 0.009 -28"><span class='ocrx_word' id='word_1_290' title='bbox 258 3571 386 3626; x_wconf 83' lang='lat' dir='ltr'><strong>tiam</strong></span> <span class='ocrx_word' id='word_1_291' title='bbox 417 3574 774 3643; x_wconf 85' lang='lat' dir='ltr'><strong>insectamur,</strong></span> <span class='ocrx_word' id='word_1_292' title='bbox 797 3588 982 3634; x_wconf 87' lang='lat' dir='ltr'><strong>contra</strong></span> <span class='ocrx_word' id='word_1_293' title='bbox 1000 3595 1096 3636; x_wconf 78' lang='lat' dir='ltr'><strong>vos</strong></span> <span class='ocrx_word' id='word_1_294' title='bbox 1117 3581 1406 3652; x_wconf 88' lang='lat' dir='ltr'><strong>loquimur,</strong></span> <span class='ocrx_word' id='word_1_295' title='bbox 1427 3580 1521 3638; x_wconf 89' lang='lat' dir='ltr'><strong>sed</strong></span> <span class='ocrx_word' id='word_1_296' title='bbox 1549 3597 1722 3652; x_wconf 90' lang='lat' dir='ltr'><strong>neque</strong></span> <span class='ocrx_word' id='word_1_297' title='bbox 1744 3599 1866 3637; x_wconf 87' lang='lat' dir='ltr'><strong>con-</strong></span> 
     </span>
    </p>
   </div>
   <div class='ocr_carea' id='block_1_37' title="bbox 259 3666 1864 3745">
    <p class='ocr_par' dir='ltr' id='par_1_37' title="bbox 259 3666 1864 3745">
     <span class='ocr_line' id='line_1_37' title="bbox 259 3666 1864 3745; baseline 0.011 -31"><span class='ocrx_word' id='word_1_298' title='bbox 259 3668 340 3716; x_wconf 85' lang='lat' dir='ltr'><strong>tra</strong></span> <span class='ocrx_word' id='word_1_299' title='bbox 374 3679 556 3719; x_wconf 90' lang='lat' dir='ltr'><strong>unum</strong></span> <span class='ocrx_word' id='word_1_300' title='bbox 581 3666 817 3737; x_wconf 90' lang='lat' dir='ltr'><strong>quidem.</strong></span> <span class='ocrx_word' id='word_1_301' title='bbox 848 3669 1064 3726; x_wconf 88' lang='lat' dir='ltr'><strong>Utinam</strong></span> <span class='ocrx_word' id='word_1_302' title='bbox 1093 3687 1223 3728; x_wconf 87' lang='lat' dir='ltr'><strong>vero</strong></span> <span class='ocrx_word' id='word_1_303' title='bbox 1254 3673 1369 3728; x_wconf 70' lang='lat' dir='ltr'><strong>htec</strong></span> <span class='ocrx_word' id='word_1_304' title='bbox 1394 3674 1683 3745; x_wconf 78' lang='lat' dir='ltr'><strong>pharmace</strong></span> <span class='ocrx_word' id='word_1_305' title='bbox 1707 3690 1735 3729; x_wconf 86' lang='lat' dir='ltr'><strong>a</strong></span> <span class='ocrx_word' id='word_1_306' title='bbox 1765 3691 1864 3731; x_wconf 91' lang='lat' dir='ltr'><strong>no-</strong></span> 
     </span>
    </p>
   </div>
   <div class='ocr_carea' id='block_1_38' title="bbox 256 3749 1866 3835">
    <p class='ocr_par' dir='ltr' id='par_1_38' title="bbox 256 3749 1866 3835">
     <span class='ocr_line' id='line_1_38' title="bbox 256 3749 1866 3835; baseline 0.012 -31"><span class='ocrx_word' id='word_1_307' title='bbox 256 3749 339 3807; x_wconf 87' lang='lat' dir='ltr'><strong>bis</strong></span> <span class='ocrx_word' id='word_1_308' title='bbox 366 3754 579 3810; x_wconf 80' lang='lat' dir='ltr'><strong>frustra</strong></span> <span class='ocrx_word' id='word_1_309' title='bbox 604 3767 863 3826; x_wconf 85' lang='lat' dir='ltr'><strong>parentur</strong></span> <span class='ocrx_word' id='word_1_310' title='bbox 889 3777 904 3815; x_wconf 88' lang='lat'><strong>:</strong></span> <span class='ocrx_word' id='word_1_311' title='bbox 931 3761 1048 3818; x_wconf 74' lang='lat' dir='ltr'><strong>lucc</strong></span> <span class='ocrx_word' id='word_1_312' title='bbox 1064 3773 1190 3820; x_wconf 91' lang='lat' dir='ltr'><strong>sunt</strong></span> <span class='ocrx_word' id='word_1_313' title='bbox 1211 3765 1539 3822; x_wconf 89' lang='lat' dir='ltr'><strong>medicorum</strong></span> <span class='ocrx_word' id='word_1_314' title='bbox 1567 3778 1706 3835; x_wconf 88' lang='lat' dir='ltr'><strong>vota,</strong></span> <span class='ocrx_word' id='word_1_315' title='bbox 1736 3768 1866 3823; x_wconf 87' lang='lat' dir='ltr'><strong>nihil</strong></span> 
     </span>
    </p>
   </div>
   <div class='ocr_carea' id='block_1_39' title="bbox 252 3842 1865 3924">
    <p class='ocr_par' dir='ltr' id='par_1_39' title="bbox 252 3842 1865 3924">
     <span class='ocr_line' id='line_1_39' title="bbox 252 3842 1865 3924; baseline 0.014 -28"><span class='ocrx_word' id='word_1_316' title='bbox 252 3842 403 3899; x_wconf 85' lang='lat' dir='ltr'><strong>aliud</strong></span> <span class='ocrx_word' id='word_1_317' title='bbox 450 3849 871 3919; x_wconf 87' lang='lat' dir='ltr'><strong>postulantium,</strong></span> <span class='ocrx_word' id='word_1_318' title='bbox 899 3867 1057 3923; x_wconf 90' lang='lat' dir='ltr'><strong>quam</strong></span> <span class='ocrx_word' id='word_1_319' title='bbox 1107 3865 1162 3908; x_wconf 94' lang='lat' dir='ltr'><strong>ut</strong></span> <span class='ocrx_word' id='word_1_320' title='bbox 1202 3865 1325 3924; x_wconf 92' lang='lat' dir='ltr'><strong>post</strong></span> <span class='ocrx_word' id='word_1_321' title='bbox 1351 3857 1578 3914; x_wconf 88' lang='lat' dir='ltr'><strong>multum</strong></span> <span class='ocrx_word' id='word_1_322' title='bbox 1625 3860 1865 3918; x_wconf 89' lang='lat' dir='ltr'><strong>laborem</strong></span> 
     </span>
    </p>
   </div>
   <div class='ocr_carea' id='block_1_40' title="bbox 255 3935 1866 4022">
    <p class='ocr_par' dir='ltr' id='par_1_40' title="bbox 255 3935 1866 4022">
     <span class='ocr_line' id='line_1_40' title="bbox 255 3935 1866 4022; baseline 0.013 -35"><span class='ocrx_word' id='word_1_323' title='bbox 255 3935 510 3991; x_wconf 85' lang='lat' dir='ltr'><strong>remedia</strong></span> <span class='ocrx_word' id='word_1_324' title='bbox 542 3937 741 3994; x_wconf 84' lang='lat' dir='ltr'><strong>frustra</strong></span> <span class='ocrx_word' id='word_1_325' title='bbox 768 3951 948 4010; x_wconf 88' lang='lat' dir='ltr'><strong>parata</strong></span> <span class='ocrx_word' id='word_1_326' title='bbox 979 3943 1347 4014; x_wconf 88' lang='lat' dir='ltr'><strong>projiciantur.</strong></span> <span class='ocrx_word' id='word_1_327' title='bbox 1373 3946 1498 4004; x_wconf 70' lang='lat' dir='ltr'><strong>llzec</strong></span> <span class='ocrx_word' id='word_1_328' title='bbox 1517 3959 1571 4004; x_wconf 89' lang='lat' dir='ltr'><strong>et</strong></span> <span class='ocrx_word' id='word_1_329' title='bbox 1597 3965 1696 4005; x_wconf 88' lang='lat' dir='ltr'><strong>nos</strong></span> <span class='ocrx_word' id='word_1_330' title='bbox 1715 3961 1866 4022; x_wconf 88' lang='lat' dir='ltr'><strong>opta-</strong></span> 
     </span>
    </p>
   </div>
   <div class='ocr_carea' id='block_1_41' title="bbox 253 4027 1866 4108">
    <p class='ocr_par' dir='ltr' id='par_1_41' title="bbox 253 4027 1866 4108">
     <span class='ocr_line' id='line_1_41' title="bbox 253 4027 1866 4108; baseline 0.014 -33"><span class='ocrx_word' id='word_1_331' title='bbox 253 4035 398 4090; x_wconf 87' lang='lat' dir='ltr'><strong>mus,</strong></span> <span class='ocrx_word' id='word_1_332' title='bbox 435 4036 505 4082; x_wconf 84' lang='lat' dir='ltr'><strong>ut</strong></span> <span class='ocrx_word' id='word_1_333' title='bbox 533 4027 696 4083; x_wconf 87' lang='lat' dir='ltr'><strong>verba</strong></span> <span class='ocrx_word' id='word_1_334' title='bbox 723 4039 906 4087; x_wconf 90' lang='lat' dir='ltr'><strong>nostra</strong></span> <span class='ocrx_word' id='word_1_335' title='bbox 936 4031 1138 4089; x_wconf 86' lang='lat' dir='ltr'><strong>frustra</strong></span> <span class='ocrx_word' id='word_1_336' title='bbox 1181 4044 1236 4090; x_wconf 90' lang='lat' dir='ltr'><strong>ct</strong></span> <span class='ocrx_word' id='word_1_337' title='bbox 1266 4036 1318 4091; x_wconf 91' lang='lat' dir='ltr'><strong>in</strong></span> <span class='ocrx_word' id='word_1_338' title='bbox 1349 4052 1528 4094; x_wconf 90' lang='lat' dir='ltr'><strong>aerem</strong></span> <span class='ocrx_word' id='word_1_339' title='bbox 1569 4039 1782 4108; x_wconf 87' lang='lat' dir='ltr'><strong>abeant,</strong></span> <span class='ocrx_word' id='word_1_340' title='bbox 1809 4051 1866 4098; x_wconf 87' lang='lat' dir='ltr'><strong>et</strong></span> 
     </span>
    </p>
   </div>
   <div class='ocr_carea' id='block_1_42' title="bbox 253 4118 1865 4198">
    <p class='ocr_par' dir='ltr' id='par_1_42' title="bbox 253 4118 1865 4198">
     <span class='ocr_line' id='line_1_42' title="bbox 253 4118 1865 4198; baseline 0.012 -26"><span class='ocrx_word' id='word_1_341' title='bbox 253 4118 425 4174; x_wconf 75' lang='lat' dir='ltr'><strong>verba</strong></span> <span class='ocrx_word' id='word_1_342' title='bbox 469 4128 684 4177; x_wconf 83' lang='lat' dir='ltr'><strong>tantum</strong></span> <span class='ocrx_word' id='word_1_343' title='bbox 712 4123 842 4179; x_wconf 88' lang='lat' dir='ltr'><strong>sint.</strong></span> <span class='ocrx_word' id='word_1_344' title='bbox 878 4123 1142 4196; x_wconf 86' lang='lat' dir='ltr'><strong>Equidem</strong></span> <span class='ocrx_word' id='word_1_345' title='bbox 1173 4140 1390 4198; x_wconf 88' lang='lat' dir='ltr'><strong>paratus</strong></span> <span class='ocrx_word' id='word_1_346' title='bbox 1428 4147 1549 4188; x_wconf 90' lang='lat' dir='ltr'><strong>sum</strong></span> <span class='ocrx_word' id='word_1_347' title='bbox 1591 4133 1657 4188; x_wconf 90' lang='lat' dir='ltr'><strong>ad</strong></span> <span class='ocrx_word' id='word_1_348' title='bbox 1686 4136 1865 4191; x_wconf 88' lang='lat' dir='ltr'><strong>omnia</strong></span> 
     </span>
    </p>
   </div>
   <div class='ocr_carea' id='block_1_43' title="bbox 251 4211 1884 4293">
    <p class='ocr_par' dir='ltr' id='par_1_43' title="bbox 251 4211 1884 4293">
     <span class='ocr_line' id='line_1_43' title="bbox 251 4211 1884 4293; baseline 0.012 -29"><span class='ocrx_word' id='word_1_349' title='bbox 251 4211 613 4277; x_wconf 83' lang='lat' dir='ltr'><strong>sustinenda,</strong></span> <span class='ocrx_word' id='word_1_350' title='bbox 645 4222 705 4269; x_wconf 91' lang='lat' dir='ltr'><strong>ut</strong></span> <span class='ocrx_word' id='word_1_351' title='bbox 731 4230 840 4272; x_wconf 90' lang='lat' dir='ltr'><strong>non</strong></span> <span class='ocrx_word' id='word_1_352' title='bbox 870 4220 938 4272; x_wconf 88' lang='lat' dir='ltr'><strong>sit</strong></span> <span class='ocrx_word' id='word_1_353' title='bbox 963 4229 1098 4289; x_wconf 85' lang='lat' dir='ltr'><strong>opus</strong></span> <span class='ocrx_word' id='word_1_354' title='bbox 1129 4219 1244 4276; x_wconf 68' lang='lat' dir='ltr'><strong>haec</strong></span> <span class='ocrx_word' id='word_1_355' title='bbox 1280 4221 1480 4279; x_wconf 88' lang='lat' dir='ltr'><strong>dicere.</strong></span> <span class='ocrx_word' id='word_1_356' title='bbox 1506 4223 1645 4293; x_wconf 88' lang='lat' dir='ltr'><strong>Quin</strong></span> <span class='ocrx_word' id='word_1_357' title='bbox 1671 4227 1716 4282; x_wconf 89' lang='lat' dir='ltr'><strong>si</strong></span> <span class='ocrx_word' id='word_1_358' title='bbox 1743 4227 1884 4283; x_wconf 67' lang='lat' dir='ltr'><strong>vul-</strong></span> 
     </span>
    </p>
   </div>
   <div class='ocr_carea' id='block_1_44' title="bbox 253 4300 1869 4385">
    <p class='ocr_par' dir='ltr' id='par_1_44' title="bbox 253 4300 1869 4385">
     <span class='ocr_line' id='line_1_44' title="bbox 253 4300 1869 4385; baseline 0.014 -32"><span class='ocrx_word' id='word_1_359' title='bbox 253 4300 345 4366; x_wconf 90' lang='lat' dir='ltr'><strong>tis,</strong></span> <span class='ocrx_word' id='word_1_360' title='bbox 375 4303 713 4374; x_wconf 79' lang='lat' dir='ltr'><strong>tacebimus,</strong></span> <span class='ocrx_word' id='word_1_361' title='bbox 744 4306 870 4364; x_wconf 91' lang='lat' dir='ltr'><strong>dum</strong></span> <span class='ocrx_word' id='word_1_362' title='bbox 898 4309 1170 4366; x_wconf 89' lang='lat' dir='ltr'><strong>silentium</strong></span> <span class='ocrx_word' id='word_1_363' title='bbox 1213 4314 1284 4368; x_wconf 88' lang='lat' dir='ltr'><strong>sit</strong></span> <span class='ocrx_word' id='word_1_364' title='bbox 1324 4313 1440 4371; x_wconf 85' lang='lat' dir='ltr'><strong>sine</strong></span> <span class='ocrx_word' id='word_1_365' title='bbox 1477 4316 1736 4385; x_wconf 82' lang='lat' dir='ltr'><strong>periculo.</strong></span> <span class='ocrx_word' id='word_1_366' title='bbox 1764 4318 1869 4375; x_wconf 58' lang='lat' dir='ltr'><strong>Neo</strong></span> 
     </span>
    </p>
   </div>
   <div class='ocr_carea' id='block_1_45' title="bbox 265 4427 648 4447">
    <p class='ocr_par' dir='ltr' id='par_1_45' title="bbox 265 4427 648 4447">
     <span class='ocr_line' id='line_1_45' title="bbox 265 4427 648 4447; baseline 0.005 -3"><span class='ocrx_word' id='word_1_367' title='bbox 265 4427 648 4447; x_wconf 47' lang='lat'><strong>~—</strong></span> 
     </span>
    </p>
   </div>
   <div class='ocr_carea' id='block_1_46' title="bbox 1973 443 3568 522">
    <p class='ocr_par' dir='ltr' id='par_1_46' title="bbox 1973 443 3568 522">
     <span class='ocr_line' id='line_1_46' title="bbox 1973 443 3568 522; baseline 0.01 -27"><span class='ocrx_word' id='word_1_368' title='bbox 1973 457 2077 512; x_wconf 90' lang='lat' dir='ltr'><strong>que</strong></span> <span class='ocrx_word' id='word_1_369' title='bbox 2124 443 2268 498; x_wconf 90' lang='lat' dir='ltr'><strong>enim</strong></span> <span class='ocrx_word' id='word_1_370' title='bbox 2310 451 2439 513; x_wconf 89' lang='lat' dir='ltr'><strong>puto</strong></span> <span class='ocrx_word' id='word_1_371' title='bbox 2484 445 2788 516; x_wconf 89' lang='lat' dir='ltr'><strong>quempiam</strong></span> <span class='ocrx_word' id='word_1_372' title='bbox 2820 449 3160 516; x_wconf 86' lang='lat' dir='ltr'><strong>quantumvis</strong></span> <span class='ocrx_word' id='word_1_373' title='bbox 3202 464 3352 505; x_wconf 73' lang='lat' dir='ltr'><strong>vanze</strong></span> <span class='ocrx_word' id='word_1_374' title='bbox 3378 451 3568 522; x_wconf 84' lang='lat' dir='ltr'><strong>gloriae</strong></span> 
     </span>
    </p>
   </div>
   <div class='ocr_carea' id='block_1_47' title="bbox 1972 533 3566 605">
    <p class='ocr_par' dir='ltr' id='par_1_47' title="bbox 1972 533 3566 605">
     <span class='ocr_line' id='line_1_47' title="bbox 1972 533 3566 605; baseline 0.006 -18"><span class='ocrx_word' id='word_1_375' title='bbox 1972 533 2244 605; x_wconf 88' lang='lat' dir='ltr'><strong>cupidum,</strong></span> <span class='ocrx_word' id='word_1_376' title='bbox 2277 534 2379 589; x_wconf 81' lang='lat' dir='ltr'><strong>nisi</strong></span> <span class='ocrx_word' id='word_1_377' title='bbox 2405 543 2560 591; x_wconf 89' lang='lat' dir='ltr'><strong>vocet</strong></span> <span class='ocrx_word' id='word_1_378' title='bbox 2587 537 2882 591; x_wconf 87' lang='lat' dir='ltr'><strong>necessitas</strong></span> <span class='ocrx_word' id='word_1_379' title='bbox 2906 577 2920 600; x_wconf 89' lang='lat'><strong>,</strong></span> <span class='ocrx_word' id='word_1_380' title='bbox 2950 537 3085 594; x_wconf 88' lang='lat' dir='ltr'><strong>velle</strong></span> <span class='ocrx_word' id='word_1_381' title='bbox 3112 538 3303 597; x_wconf 88' lang='lat' dir='ltr'><strong>frustra</strong></span> <span class='ocrx_word' id='word_1_382' title='bbox 3333 557 3452 598; x_wconf 86' lang='lat' dir='ltr'><strong>sese</strong></span> <span class='ocrx_word' id='word_1_383' title='bbox 3481 543 3566 598; x_wconf 90' lang='lat' dir='ltr'><strong>ef-</strong></span> 
     </span>
    </p>
   </div>
   <div class='ocr_carea' id='block_1_48' title="bbox 1972 623 3563 704">
    <p class='ocr_par' dir='ltr' id='par_1_48' title="bbox 1972 623 3563 704">
     <span class='ocr_line' id='line_1_48' title="bbox 1972 623 3563 704; baseline 0.006 -27"><span class='ocrx_word' id='word_1_384' title='bbox 1972 623 2134 678; x_wconf 87' lang='lat' dir='ltr'><strong>ferre.</strong></span> <span class='ocrx_word' id='word_1_385' title='bbox 2161 624 2530 680; x_wconf 89' lang='lat' dir='ltr'><strong>Concedemus</strong></span> <span class='ocrx_word' id='word_1_386' title='bbox 2557 626 2706 681; x_wconf 91' lang='lat' dir='ltr'><strong>vobis</strong></span> <span class='ocrx_word' id='word_1_387' title='bbox 2727 626 3026 683; x_wconf 87' lang='lat' dir='ltr'><strong>doctrinam</strong></span> <span class='ocrx_word' id='word_1_388' title='bbox 3054 647 3068 682; x_wconf 90' lang='lat'><strong>:</strong></span> <span class='ocrx_word' id='word_1_389' title='bbox 3097 629 3212 685; x_wconf 74' lang='lat' dir='ltr'><strong>lucc</strong></span> <span class='ocrx_word' id='word_1_390' title='bbox 3233 635 3426 704; x_wconf 82' lang='lat' dir='ltr'><strong>quippe</strong></span> <span class='ocrx_word' id='word_1_391' title='bbox 3450 649 3563 688; x_wconf 88' lang='lat' dir='ltr'><strong>ma-</strong></span> 
     </span>
    </p>
   </div>
   <div class='ocr_carea' id='block_1_49' title="bbox 1967 714 3560 795">
    <p class='ocr_par' dir='ltr' id='par_1_49' title="bbox 1967 714 3560 795">
     <span class='ocr_line' id='line_1_49' title="bbox 1967 714 3560 795; baseline 0.005 -27"><span class='ocrx_word' id='word_1_392' title='bbox 1967 714 2054 784; x_wconf 89' lang='lat' dir='ltr'><strong>jor</strong></span> <span class='ocrx_word' id='word_1_393' title='bbox 2079 714 2343 782; x_wconf 88' lang='lat' dir='ltr'><strong>doctrina,</strong></span> <span class='ocrx_word' id='word_1_394' title='bbox 2368 733 2486 786; x_wconf 74' lang='lat' dir='ltr'><strong>qum</strong></span> <span class='ocrx_word' id='word_1_395' title='bbox 2508 717 2660 773; x_wconf 90' lang='lat' dir='ltr'><strong>factis</strong></span> <span class='ocrx_word' id='word_1_396' title='bbox 2685 717 2860 773; x_wconf 87' lang='lat' dir='ltr'><strong>docet.</strong></span> <span class='ocrx_word' id='word_1_397' title='bbox 2879 718 3320 792; x_wconf 85' lang='lat' dir='ltr'><strong>Quandoquidem</strong></span> <span class='ocrx_word' id='word_1_398' title='bbox 3348 734 3399 779; x_wconf 84' lang='lat' dir='ltr'><strong>et</strong></span> <span class='ocrx_word' id='word_1_399' title='bbox 3418 729 3560 795; x_wconf 72' lang='lat' dir='ltr'><strong>opti-</strong></span> 
     </span>
    </p>
   </div>
   <div class='ocr_carea' id='block_1_50' title="bbox 1971 807 3551 888">
    <p class='ocr_par' dir='ltr' id='par_1_50' title="bbox 1971 807 3551 888">
     <span class='ocr_line' id='line_1_50' title="bbox 1971 807 3551 888; baseline 0.007 -26"><span class='ocrx_word' id='word_1_400' title='bbox 1971 807 2045 862; x_wconf 91' lang='lat' dir='ltr'><strong>mi</strong></span> <span class='ocrx_word' id='word_1_401' title='bbox 2089 808 2303 875; x_wconf 90' lang='lat' dir='ltr'><strong>medici,</strong></span> <span class='ocrx_word' id='word_1_402' title='bbox 2348 810 2556 866; x_wconf 90' lang='lat' dir='ltr'><strong>etiamsi</strong></span> <span class='ocrx_word' id='word_1_403' title='bbox 2580 825 2845 882; x_wconf 68' lang='lat' dir='ltr'><strong>aegrorum</strong></span> <span class='ocrx_word' id='word_1_404' title='bbox 2880 813 3052 868; x_wconf 89' lang='lat' dir='ltr'><strong>morbi</strong></span> <span class='ocrx_word' id='word_1_405' title='bbox 3084 817 3388 872; x_wconf 88' lang='lat' dir='ltr'><strong>mercedem</strong></span> <span class='ocrx_word' id='word_1_406' title='bbox 3419 820 3551 888; x_wconf 81' lang='lat' dir='ltr'><strong>ipsis</strong></span> 
     </span>
    </p>
   </div>
   <div class='ocr_carea' id='block_1_51' title="bbox 1975 899 3558 967">
    <p class='ocr_par' dir='ltr' id='par_1_51' title="bbox 1975 899 3558 967">
     <span class='ocr_line' id='line_1_51' title="bbox 1975 899 3558 967; baseline 0.009 -17"><span class='ocrx_word' id='word_1_407' title='bbox 1975 899 2204 967; x_wconf 84' lang='lat' dir='ltr'><strong>pariant,</strong></span> <span class='ocrx_word' id='word_1_408' title='bbox 2236 901 2425 954; x_wconf 90' lang='lat' dir='ltr'><strong>malint</strong></span> <span class='ocrx_word' id='word_1_409' title='bbox 2471 911 2647 957; x_wconf 89' lang='lat' dir='ltr'><strong>tamen</strong></span> <span class='ocrx_word' id='word_1_410' title='bbox 2692 903 2894 958; x_wconf 87' lang='lat' dir='ltr'><strong>amicos</strong></span> <span class='ocrx_word' id='word_1_411' title='bbox 2932 919 3062 960; x_wconf 91' lang='lat' dir='ltr'><strong>suos</strong></span> <span class='ocrx_word' id='word_1_412' title='bbox 3091 906 3227 961; x_wconf 89' lang='lat' dir='ltr'><strong>bene</strong></span> <span class='ocrx_word' id='word_1_413' title='bbox 3254 909 3452 963; x_wconf 86' lang='lat' dir='ltr'><strong>valere.</strong></span> <span class='ocrx_word' id='word_1_414' title='bbox 3488 908 3558 964; x_wconf 85' lang='lat' dir='ltr'><strong>Et</strong></span> 
     </span>
    </p>
   </div>
   <div class='ocr_carea' id='block_1_52' title="bbox 1973 994 3558 1068">
    <p class='ocr_par' dir='ltr' id='par_1_52' title="bbox 1973 994 3558 1068">
     <span class='ocr_line' id='line_1_52' title="bbox 1973 994 3558 1068; baseline 0.009 -24"><span class='ocrx_word' id='word_1_415' title='bbox 1973 1006 2072 1046; x_wconf 92' lang='lat' dir='ltr'><strong>nos</strong></span> <span class='ocrx_word' id='word_1_416' title='bbox 2096 994 2346 1062; x_wconf 89' lang='lat' dir='ltr'><strong>cupimus</strong></span> <span class='ocrx_word' id='word_1_417' title='bbox 2375 1008 2568 1048; x_wconf 91' lang='lat' dir='ltr'><strong>omnes</strong></span> <span class='ocrx_word' id='word_1_418' title='bbox 2597 995 2732 1049; x_wconf 88' lang='lat' dir='ltr'><strong>bene</strong></span> <span class='ocrx_word' id='word_1_419' title='bbox 2757 996 2960 1051; x_wconf 88' lang='lat' dir='ltr'><strong>valere.</strong></span> <span class='ocrx_word' id='word_1_420' title='bbox 2990 996 3104 1051; x_wconf 83' lang='lat' dir='ltr'><strong>Non</strong></span> <span class='ocrx_word' id='word_1_421' title='bbox 3139 999 3282 1052; x_wconf 91' lang='lat' dir='ltr'><strong>enim</strong></span> <span class='ocrx_word' id='word_1_422' title='bbox 3313 1003 3558 1068; x_wconf 85' lang='lat' dir='ltr'><strong>cupimus</strong></span> 
     </span>
    </p>
   </div>
   <div class='ocr_carea' id='block_1_53' title="bbox 1971 1087 3559 1160">
    <p class='ocr_par' dir='ltr' id='par_1_53' title="bbox 1971 1087 3559 1160">
     <span class='ocr_line' id='line_1_53' title="bbox 1971 1087 3559 1160; baseline 0.008 -23"><span class='ocrx_word' id='word_1_423' title='bbox 1971 1099 2070 1138; x_wconf 89' lang='lat' dir='ltr'><strong>nos</strong></span> <span class='ocrx_word' id='word_1_424' title='bbox 2117 1087 2367 1153; x_wconf 87' lang='lat' dir='ltr'><strong>probatos</strong></span> <span class='ocrx_word' id='word_1_425' title='bbox 2410 1101 2566 1153; x_wconf 91' lang='lat' dir='ltr'><strong>esse,</strong></span> <span class='ocrx_word' id='word_1_426' title='bbox 2599 1103 2694 1142; x_wconf 89' lang='lat' dir='ltr'><strong>vos</strong></span> <span class='ocrx_word' id='word_1_427' title='bbox 2720 1098 2900 1143; x_wconf 89' lang='lat' dir='ltr'><strong>autem</strong></span> <span class='ocrx_word' id='word_1_428' title='bbox 2934 1090 3213 1160; x_wconf 80' lang='lat' dir='ltr'><strong>reprobus.</strong></span> <span class='ocrx_word' id='word_1_429' title='bbox 3252 1091 3476 1158; x_wconf 83' lang='lat' dir='ltr'><strong>Vellem,</strong></span> <span class='ocrx_word' id='word_1_430' title='bbox 3512 1097 3559 1150; x_wconf 78' lang='lat' dir='ltr'><strong>si</strong></span> 
     </span>
    </p>
   </div>
   <div class='ocr_carea' id='block_1_54' title="bbox 1973 1175 3557 1251">
    <p class='ocr_par' dir='ltr' id='par_1_54' title="bbox 1973 1175 3557 1251">
     <span class='ocr_line' id='line_1_54' title="bbox 1973 1175 3557 1251; baseline 0.006 -22"><span class='ocrx_word' id='word_1_431' title='bbox 1973 1175 2084 1230; x_wconf 89' lang='lat' dir='ltr'><strong>lieri</strong></span> <span class='ocrx_word' id='word_1_432' title='bbox 2108 1185 2322 1245; x_wconf 91' lang='lat' dir='ltr'><strong>posset,</strong></span> <span class='ocrx_word' id='word_1_433' title='bbox 2353 1192 2526 1232; x_wconf 89' lang='lat' dir='ltr'><strong>meam</strong></span> <span class='ocrx_word' id='word_1_434' title='bbox 2548 1193 2671 1250; x_wconf 85' lang='lat' dir='ltr'><strong>erga</strong></span> <span class='ocrx_word' id='word_1_435' title='bbox 2697 1193 2794 1232; x_wconf 82' lang='lat' dir='ltr'><strong>vos</strong></span> <span class='ocrx_word' id='word_1_436' title='bbox 2813 1181 3088 1235; x_wconf 88' lang='lat' dir='ltr'><strong>caritatem</strong></span> <span class='ocrx_word' id='word_1_437' title='bbox 3118 1181 3244 1251; x_wconf 89' lang='lat' dir='ltr'><strong>ipsis</strong></span> <span class='ocrx_word' id='word_1_438' title='bbox 3269 1183 3436 1238; x_wconf 89' lang='lat' dir='ltr'><strong>oculis</strong></span> <span class='ocrx_word' id='word_1_439' title='bbox 3467 1199 3557 1238; x_wconf 82' lang='lat' dir='ltr'><strong>ex-</strong></span> 
     </span>
    </p>
   </div>
   <div class='ocr_carea' id='block_1_55' title="bbox 1973 1264 3558 1344">
    <p class='ocr_par' dir='ltr' id='par_1_55' title="bbox 1973 1264 3558 1344">
     <span class='ocr_line' id='line_1_55' title="bbox 1973 1264 3558 1344; baseline 0.008 -26"><span class='ocrx_word' id='word_1_440' title='bbox 1973 1264 2159 1321; x_wconf 88' lang='lat' dir='ltr'><strong>hibere</strong></span> <span class='ocrx_word' id='word_1_441' title='bbox 2193 1285 2204 1319; x_wconf 91' lang='lat'>:</span> <span class='ocrx_word' id='word_1_442' title='bbox 2240 1269 2418 1323; x_wconf 91' lang='lat' dir='ltr'><strong>nullus</strong></span> <span class='ocrx_word' id='word_1_443' title='bbox 2437 1271 2582 1324; x_wconf 90' lang='lat' dir='ltr'><strong>enim</strong></span> <span class='ocrx_word' id='word_1_444' title='bbox 2616 1279 2798 1340; x_wconf 89' lang='lat' dir='ltr'><strong>postea</strong></span> <span class='ocrx_word' id='word_1_445' title='bbox 2834 1288 2919 1327; x_wconf 93' lang='lat' dir='ltr'><strong>me</strong></span> <span class='ocrx_word' id='word_1_446' title='bbox 2944 1272 3312 1344; x_wconf 87' lang='lat' dir='ltr'><strong>redargueret,</strong></span> <span class='ocrx_word' id='word_1_447' title='bbox 3345 1275 3558 1330; x_wconf 81' lang='lat' dir='ltr'><strong>etiamsi</strong></span> 
     </span>
    </p>
   </div>
   <div class='ocr_carea' id='block_1_56' title="bbox 1967 1362 3557 1436">
    <p class='ocr_par' dir='ltr' id='par_1_56' title="bbox 1967 1362 3557 1436">
     <span class='ocr_line' id='line_1_56' title="bbox 1967 1362 3557 1436; baseline 0.005 -23"><span class='ocrx_word' id='word_1_448' title='bbox 1967 1372 2162 1427; x_wconf 86' lang='lat' dir='ltr'><strong>aspero</strong></span> <span class='ocrx_word' id='word_1_449' title='bbox 2190 1374 2440 1415; x_wconf 87' lang='lat' dir='ltr'><strong>sermone</strong></span> <span class='ocrx_word' id='word_1_450' title='bbox 2469 1370 2667 1416; x_wconf 89' lang='lat' dir='ltr'><strong>uterer.</strong></span> <span class='ocrx_word' id='word_1_451' title='bbox 2716 1362 2845 1417; x_wconf 87' lang='lat' dir='ltr'><strong>Nam</strong></span> <span class='ocrx_word' id='word_1_452' title='bbox 2873 1363 3006 1418; x_wconf 82' lang='lat' dir='ltr'><strong>Fide</strong></span> <span class='ocrx_word' id='word_1_453' title='bbox 3038 1366 3271 1436; x_wconf 78' lang='lat' dir='ltr'><strong>digniora</strong></span> <span class='ocrx_word' id='word_1_454' title='bbox 3297 1375 3416 1419; x_wconf 82' lang='lat' dir='ltr'><strong>sunt</strong></span> <span class='ocrx_word' id='word_1_455' title='bbox 3445 1369 3557 1421; x_wconf 81' lang='lat' dir='ltr'><strong>rul-</strong></span> 
     </span>
    </p>
   </div>
   <div class='ocr_carea' id='block_1_57' title="bbox 1969 1449 3555 1530">
    <p class='ocr_par' dir='ltr' id='par_1_57' title="bbox 1969 1449 3555 1530">
     <span class='ocr_line' id='line_1_57' title="bbox 1969 1449 3555 1530; baseline 0.006 -28"><span class='ocrx_word' id='word_1_456' title='bbox 1969 1465 2092 1502; x_wconf 86' lang='lat' dir='ltr'><strong>nera</strong></span> <span class='ocrx_word' id='word_1_457' title='bbox 2115 1449 2285 1516; x_wconf 87' lang='lat' dir='ltr'><strong>amici,</strong></span> <span class='ocrx_word' id='word_1_458' title='bbox 2303 1466 2457 1521; x_wconf 87' lang='lat' dir='ltr'><strong>quam</strong></span> <span class='ocrx_word' id='word_1_459' title='bbox 2479 1461 2754 1521; x_wconf 83' lang='lat' dir='ltr'><strong>spontanea</strong></span> <span class='ocrx_word' id='word_1_460' title='bbox 2775 1455 2945 1508; x_wconf 86' lang='lat' dir='ltr'><strong>oscula</strong></span> <span class='ocrx_word' id='word_1_461' title='bbox 2964 1456 3189 1526; x_wconf 84' lang='lat' dir='ltr'><strong>inimici(</strong></span> <span class='ocrx_word' id='word_1_462' title='bbox 3202 1455 3350 1511; x_wconf 82' lang='lat' dir='ltr'><strong>Prov.</strong></span> <span class='ocrx_word' id='word_1_463' title='bbox 3373 1458 3458 1511; x_wconf 89' lang='lat'><strong>27.</strong></span> <span class='ocrx_word' id='word_1_464' title='bbox 3476 1458 3555 1530; x_wconf 78' lang='lat' dir='ltr'><strong>ti).</strong></span> 
     </span>
    </p>
   </div>
   <div class='ocr_carea' id='block_1_58' title="bbox 1969 1538 3555 1621">
    <p class='ocr_par' dir='ltr' id='par_1_58' title="bbox 1969 1538 3555 1621">
     <span class='ocr_line' id='line_1_58' title="bbox 1969 1538 3555 1621; baseline 0.008 -28"><span class='ocrx_word' id='word_1_465' title='bbox 1969 1538 2111 1594; x_wconf 87' lang='lat' dir='ltr'><strong>Nihil</strong></span> <span class='ocrx_word' id='word_1_466' title='bbox 2142 1541 2274 1595; x_wconf 91' lang='lat' dir='ltr'><strong>mihi</strong></span> <span class='ocrx_word' id='word_1_467' title='bbox 2297 1542 2475 1597; x_wconf 90' lang='lat' dir='ltr'><strong>carius</strong></span> <span class='ocrx_word' id='word_1_468' title='bbox 2504 1544 2680 1610; x_wconf 83' lang='lat' dir='ltr'><strong>vobis,</strong></span> <span class='ocrx_word' id='word_1_469' title='bbox 2708 1559 2777 1599; x_wconf 91' lang='lat' dir='ltr'><strong>ne</strong></span> <span class='ocrx_word' id='word_1_470' title='bbox 2799 1545 2910 1614; x_wconf 90' lang='lat' dir='ltr'><strong>ipsa</strong></span> <span class='ocrx_word' id='word_1_471' title='bbox 2936 1546 3152 1616; x_wconf 89' lang='lat' dir='ltr'><strong>quidem</strong></span> <span class='ocrx_word' id='word_1_472' title='bbox 3178 1549 3288 1603; x_wconf 79' lang='lat' dir='ltr'><strong>lux.</strong></span> <span class='ocrx_word' id='word_1_473' title='bbox 3313 1549 3555 1621; x_wconf 86' lang='lat' dir='ltr'><strong>Optarim</strong></span> 
     </span>
    </p>
   </div>
   <div class='ocr_carea' id='block_1_59' title="bbox 1969 1632 3598 1701">
    <p class='ocr_par' dir='ltr' id='par_1_59' title="bbox 1969 1632 3598 1701">
     <span class='ocr_line' id='line_1_59' title="bbox 1969 1632 3598 1701; baseline 0.008 -15"><span class='ocrx_word' id='word_1_474' title='bbox 1969 1632 2112 1686; x_wconf 91' lang='lat' dir='ltr'><strong>enim</strong></span> <span class='ocrx_word' id='word_1_475' title='bbox 2136 1633 2218 1689; x_wconf 90' lang='lat' dir='ltr'><strong>vel</strong></span> <span class='ocrx_word' id='word_1_476' title='bbox 2247 1633 2446 1688; x_wconf 91' lang='lat' dir='ltr'><strong>millies</strong></span> <span class='ocrx_word' id='word_1_477' title='bbox 2470 1636 2750 1701; x_wconf 70' lang='lat' dir='ltr'><strong>excmcari,</strong></span> <span class='ocrx_word' id='word_1_478' title='bbox 2777 1637 2821 1692; x_wconf 92' lang='lat' dir='ltr'><strong>si</strong></span> <span class='ocrx_word' id='word_1_479' title='bbox 2851 1639 2927 1692; x_wconf 93' lang='lat' dir='ltr'><strong>sic</strong></span> <span class='ocrx_word' id='word_1_480' title='bbox 2955 1639 3161 1694; x_wconf 88' lang='lat' dir='ltr'><strong>animas</strong></span> <span class='ocrx_word' id='word_1_481' title='bbox 3190 1654 3397 1696; x_wconf 63' lang='lat' dir='ltr'><strong>VCall‘aS</strong></span> <span class='ocrx_word' id='word_1_482' title='bbox 3421 1658 3554 1698; x_wconf 83' lang='lat' dir='ltr'><strong>con-</strong></span> <span class='ocrx_word' id='word_1_483' title='bbox 3591 1694 3598 1699; x_wconf 90' lang='lat'><strong>.</strong></span> 
     </span>
    </p>
   </div>
   <div class='ocr_carea' id='block_1_60' title="bbox 1971 1727 3556 1804">
    <p class='ocr_par' dir='ltr' id='par_1_60' title="bbox 1971 1727 3556 1804">
     <span class='ocr_line' id='line_1_60' title="bbox 1971 1727 3556 1804; baseline 0.009 -28"><span class='ocrx_word' id='word_1_484' title='bbox 1971 1733 2177 1780; x_wconf 88' lang='lat' dir='ltr'><strong>vertere</strong></span> <span class='ocrx_word' id='word_1_485' title='bbox 2220 1740 2430 1795; x_wconf 89' lang='lat' dir='ltr'><strong>possem</strong></span> <span class='ocrx_word' id='word_1_486' title='bbox 2463 1747 2476 1782; x_wconf 89' lang='lat'><strong>:</strong></span> <span class='ocrx_word' id='word_1_487' title='bbox 2502 1728 2580 1781; x_wconf 91' lang='lat' dir='ltr'><strong>sic</strong></span> <span class='ocrx_word' id='word_1_488' title='bbox 2617 1727 2746 1782; x_wconf 88' lang='lat' dir='ltr'><strong>mihi</strong></span> <span class='ocrx_word' id='word_1_489' title='bbox 2775 1730 2920 1785; x_wconf 88' lang='lat' dir='ltr'><strong>salus</strong></span> <span class='ocrx_word' id='word_1_490' title='bbox 2941 1743 3119 1787; x_wconf 82' lang='lat' dir='ltr'><strong>chtra</strong></span> <span class='ocrx_word' id='word_1_491' title='bbox 3149 1733 3260 1804; x_wconf 90' lang='lat' dir='ltr'><strong>ipsa</strong></span> <span class='ocrx_word' id='word_1_492' title='bbox 3291 1735 3410 1790; x_wconf 90' lang='lat' dir='ltr'><strong>luce</strong></span> <span class='ocrx_word' id='word_1_493' title='bbox 3437 1737 3556 1790; x_wconf 81' lang='lat' dir='ltr'><strong>dul-</strong></span> 
     </span>
    </p>
   </div>
   <div class='ocr_carea' id='block_1_61' title="bbox 1966 1818 3557 1894">
    <p class='ocr_par' dir='ltr' id='par_1_61' title="bbox 1966 1818 3557 1894">
     <span class='ocr_line' id='line_1_61' title="bbox 1966 1818 3557 1894; baseline 0.007 -21"><span class='ocrx_word' id='word_1_494' title='bbox 1966 1818 2082 1873; x_wconf 92' lang='lat' dir='ltr'><strong>cior</strong></span> <span class='ocrx_word' id='word_1_495' title='bbox 2119 1827 2222 1874; x_wconf 90' lang='lat' dir='ltr'><strong>est.</strong></span> <span class='ocrx_word' id='word_1_496' title='bbox 2271 1818 2408 1886; x_wconf 83' lang='lat' dir='ltr'><strong>Quid</strong></span> <span class='ocrx_word' id='word_1_497' title='bbox 2448 1819 2592 1874; x_wconf 91' lang='lat' dir='ltr'><strong>enim</strong></span> <span class='ocrx_word' id='word_1_498' title='bbox 2637 1833 2863 1890; x_wconf 89' lang='lat' dir='ltr'><strong>prosunt</strong></span> <span class='ocrx_word' id='word_1_499' title='bbox 2894 1824 3021 1878; x_wconf 91' lang='lat' dir='ltr'><strong>mihi</strong></span> <span class='ocrx_word' id='word_1_500' title='bbox 3064 1826 3270 1882; x_wconf 86' lang='lat' dir='ltr'><strong>solares</strong></span> <span class='ocrx_word' id='word_1_501' title='bbox 3310 1828 3465 1894; x_wconf 83' lang='lat' dir='ltr'><strong>radii,</strong></span> <span class='ocrx_word' id='word_1_502' title='bbox 3508 1831 3557 1884; x_wconf 87' lang='lat' dir='ltr'><strong>si</strong></span> 
     </span>
    </p>
   </div>
   <div class='ocr_carea' id='block_1_62' title="bbox 1967 1909 3556 1980">
    <p class='ocr_par' dir='ltr' id='par_1_62' title="bbox 1967 1909 3556 1980">
     <span class='ocr_line' id='line_1_62' title="bbox 1967 1909 3556 1980; baseline 0.007 -16"><span class='ocrx_word' id='word_1_503' title='bbox 1967 1909 2121 1966; x_wconf 90' lang='lat' dir='ltr'><strong>dolor</strong></span> <span class='ocrx_word' id='word_1_504' title='bbox 2161 1919 2383 1980; x_wconf 90' lang='lat' dir='ltr'><strong>propter</strong></span> <span class='ocrx_word' id='word_1_505' title='bbox 2412 1927 2507 1966; x_wconf 88' lang='lat' dir='ltr'><strong>vos</strong></span> <span class='ocrx_word' id='word_1_506' title='bbox 2549 1923 2734 1980; x_wconf 89' lang='lat' dir='ltr'><strong>ortus,</strong></span> <span class='ocrx_word' id='word_1_507' title='bbox 2764 1915 2950 1971; x_wconf 91' lang='lat' dir='ltr'><strong>oculos</strong></span> <span class='ocrx_word' id='word_1_508' title='bbox 2991 1919 3225 1974; x_wconf 90' lang='lat' dir='ltr'><strong>tenebris</strong></span> <span class='ocrx_word' id='word_1_509' title='bbox 3268 1919 3556 1975; x_wconf 83' lang='lat' dir='ltr'><strong>effundat?</strong></span> 
     </span>
    </p>
   </div>
   <div class='ocr_carea' id='block_1_63' title="bbox 1967 2001 3560 2080">
    <p class='ocr_par' dir='ltr' id='par_1_63' title="bbox 1967 2001 3560 2080">
     <span class='ocr_line' id='line_1_63' title="bbox 1967 2001 3560 2080; baseline 0.008 -24"><span class='ocrx_word' id='word_1_510' title='bbox 1967 2001 2118 2058; x_wconf 86' lang='lat' dir='ltr'><strong>Tunc</strong></span> <span class='ocrx_word' id='word_1_511' title='bbox 2145 2002 2232 2057; x_wconf 79' lang='lat' dir='ltr'><strong>lux</strong></span> <span class='ocrx_word' id='word_1_512' title='bbox 2259 2002 2398 2057; x_wconf 90' lang='lat' dir='ltr'><strong>bona</strong></span> <span class='ocrx_word' id='word_1_513' title='bbox 2429 2013 2538 2071; x_wconf 89' lang='lat' dir='ltr'><strong>est,</strong></span> <span class='ocrx_word' id='word_1_514' title='bbox 2567 2007 2784 2075; x_wconf 90' lang='lat' dir='ltr'><strong>quando</strong></span> <span class='ocrx_word' id='word_1_515' title='bbox 2809 2022 2928 2062; x_wconf 91' lang='lat' dir='ltr'><strong>cum</strong></span> <span class='ocrx_word' id='word_1_516' title='bbox 2962 2009 3142 2064; x_wconf 75' lang='lat' dir='ltr'><strong>lmtitia</strong></span> <span class='ocrx_word' id='word_1_517' title='bbox 3171 2013 3349 2080; x_wconf 90' lang='lat' dir='ltr'><strong>prodit</strong></span> <span class='ocrx_word' id='word_1_518' title='bbox 3381 2032 3394 2066; x_wconf 91' lang='lat'><strong>:</strong></span> <span class='ocrx_word' id='word_1_519' title='bbox 3418 2029 3560 2068; x_wconf 70' lang='lat' dir='ltr'><strong>mte-</strong></span> 
     </span>
    </p>
   </div>
   <div class='ocr_carea' id='block_1_64' title="bbox 1966 2094 3556 2168">
    <p class='ocr_par' dir='ltr' id='par_1_64' title="bbox 1966 2094 3556 2168">
     <span class='ocr_line' id='line_1_64' title="bbox 1966 2094 3556 2168; baseline 0.006 -20"><span class='ocrx_word' id='word_1_520' title='bbox 1966 2094 2102 2148; x_wconf 90' lang='lat' dir='ltr'><strong>renti</strong></span> <span class='ocrx_word' id='word_1_521' title='bbox 2129 2094 2327 2166; x_wconf 92' lang='lat' dir='ltr'><strong>quippe</strong></span> <span class='ocrx_word' id='word_1_522' title='bbox 2355 2095 2549 2152; x_wconf 71' lang='lat' dir='ltr'><strong>anima:</strong></span> <span class='ocrx_word' id='word_1_523' title='bbox 2569 2097 2790 2153; x_wconf 85' lang='lat' dir='ltr'><strong>molesta</strong></span> <span class='ocrx_word' id='word_1_524' title='bbox 2813 2111 2913 2155; x_wconf 87' lang='lat' dir='ltr'><strong>est.</strong></span> <span class='ocrx_word' id='word_1_525' title='bbox 2938 2100 3090 2168; x_wconf 84' lang='lat' dir='ltr'><strong>Quod</strong></span> <span class='ocrx_word' id='word_1_526' title='bbox 3119 2118 3248 2157; x_wconf 89' lang='lat' dir='ltr'><strong>vero</strong></span> <span class='ocrx_word' id='word_1_527' title='bbox 3272 2119 3375 2157; x_wconf 87' lang='lat' dir='ltr'><strong>non</strong></span> <span class='ocrx_word' id='word_1_528' title='bbox 3403 2121 3556 2161; x_wconf 85' lang='lat' dir='ltr'><strong>meu-</strong></span> 
     </span>
    </p>
   </div>
   <div class='ocr_carea' id='block_1_65' title="bbox 1967 2185 3553 2262">
    <p class='ocr_par' dir='ltr' id='par_1_65' title="bbox 1967 2185 3553 2262">
     <span class='ocr_line' id='line_1_65' title="bbox 1967 2185 3553 2262; baseline 0.008 -24"><span class='ocrx_word' id='word_1_529' title='bbox 1967 2185 2089 2251; x_wconf 88' lang='lat' dir='ltr'><strong>tiar,</strong></span> <span class='ocrx_word' id='word_1_530' title='bbox 2115 2187 2314 2240; x_wconf 90' lang='lat' dir='ltr'><strong>utinam</strong></span> <span class='ocrx_word' id='word_1_531' title='bbox 2337 2201 2625 2258; x_wconf 86' lang='lat' dir='ltr'><strong>numquam</strong></span> <span class='ocrx_word' id='word_1_532' title='bbox 2647 2190 2917 2262; x_wconf 87' lang='lat' dir='ltr'><strong>contingat</strong></span> <span class='ocrx_word' id='word_1_533' title='bbox 2939 2195 3308 2262; x_wconf 78' lang='lat' dir='ltr'><strong>experimento</strong></span> <span class='ocrx_word' id='word_1_534' title='bbox 3328 2195 3553 2251; x_wconf 88' lang='lat' dir='ltr'><strong>discere.</strong></span> 
     </span>
    </p>
   </div>
   <div class='ocr_carea' id='block_1_66' title="bbox 1967 2273 3552 2356">
    <p class='ocr_par' dir='ltr' id='par_1_66' title="bbox 1967 2273 3552 2356">
     <span class='ocr_line' id='line_1_66' title="bbox 1967 2273 3552 2356; baseline 0.009 -27"><span class='ocrx_word' id='word_1_535' title='bbox 1967 2273 2233 2331; x_wconf 73' lang='lat' dir='ltr'><strong>Cmterum</strong></span> <span class='ocrx_word' id='word_1_536' title='bbox 2280 2277 2325 2332; x_wconf 89' lang='lat' dir='ltr'><strong>si</strong></span> <span class='ocrx_word' id='word_1_537' title='bbox 2372 2280 2584 2349; x_wconf 92' lang='lat' dir='ltr'><strong>quando</strong></span> <span class='ocrx_word' id='word_1_538' title='bbox 2635 2285 2919 2354; x_wconf 88' lang='lat' dir='ltr'><strong>contigerit</strong></span> <span class='ocrx_word' id='word_1_539' title='bbox 2965 2288 3271 2356; x_wconf 89' lang='lat' dir='ltr'><strong>quempiam</strong></span> <span class='ocrx_word' id='word_1_540' title='bbox 3315 2298 3552 2344; x_wconf 84' lang='lat' dir='ltr'><strong>vestrum</strong></span> 
     </span>
    </p>
   </div>
   <div class='ocr_carea' id='block_1_67' title="bbox 1970 2367 3552 2450">
    <p class='ocr_par' dir='ltr' id='par_1_67' title="bbox 1970 2367 3552 2450">
     <span class='ocr_line' id='line_1_67' title="bbox 1970 2367 3552 2450; baseline 0.01 -31"><span class='ocrx_word' id='word_1_541' title='bbox 1970 2381 2212 2435; x_wconf 89' lang='lat' dir='ltr'><strong>peccare,</strong></span> <span class='ocrx_word' id='word_1_542' title='bbox 2242 2367 2527 2426; x_wconf 89' lang='lat' dir='ltr'><strong>dormienti</strong></span> <span class='ocrx_word' id='word_1_543' title='bbox 2560 2373 2688 2429; x_wconf 92' lang='lat' dir='ltr'><strong>mihi</strong></span> <span class='ocrx_word' id='word_1_544' title='bbox 2718 2375 2939 2443; x_wconf 89' lang='lat' dir='ltr'><strong>adeste;</strong></span> <span class='ocrx_word' id='word_1_545' title='bbox 2968 2392 3204 2447; x_wconf 90' lang='lat' dir='ltr'><strong>peream,</strong></span> <span class='ocrx_word' id='word_1_546' title='bbox 3241 2380 3284 2433; x_wconf 90' lang='lat' dir='ltr'><strong>si</strong></span> <span class='ocrx_word' id='word_1_547' title='bbox 3316 2397 3422 2434; x_wconf 83' lang='lat' dir='ltr'><strong>non</strong></span> <span class='ocrx_word' id='word_1_548' title='bbox 3457 2396 3552 2450; x_wconf 88' lang='lat' dir='ltr'><strong>pa-</strong></span> 
     </span>
    </p>
   </div>
   <div class='ocr_carea' id='block_1_68' title="bbox 1967 2459 3552 2538">
    <p class='ocr_par' dir='ltr' id='par_1_68' title="bbox 1967 2459 3552 2538">
     <span class='ocr_line' id='line_1_68' title="bbox 1967 2459 3552 2538; baseline 0.011 -26"><span class='ocrx_word' id='word_1_549' title='bbox 1967 2459 2206 2530; x_wconf 86' lang='lat' dir='ltr'><strong>ralyticis</strong></span> <span class='ocrx_word' id='word_1_550' title='bbox 2259 2471 2350 2516; x_wconf 88' lang='lat' dir='ltr'><strong>aut</strong></span> <span class='ocrx_word' id='word_1_551' title='bbox 2400 2474 2579 2520; x_wconf 90' lang='lat' dir='ltr'><strong>mente</strong></span> <span class='ocrx_word' id='word_1_552' title='bbox 2613 2469 2782 2538; x_wconf 86' lang='lat' dir='ltr'><strong>captis</strong></span> <span class='ocrx_word' id='word_1_553' title='bbox 2825 2470 3013 2534; x_wconf 87' lang='lat' dir='ltr'><strong>similis</strong></span> <span class='ocrx_word' id='word_1_554' title='bbox 3065 2472 3203 2536; x_wconf 90' lang='lat' dir='ltr'><strong>sim,</strong></span> <span class='ocrx_word' id='word_1_555' title='bbox 3258 2473 3552 2529; x_wconf 88' lang='lat' dir='ltr'><strong>secundum</strong></span> 
     </span>
    </p>
   </div>
   <div class='ocr_carea' id='block_1_69' title="bbox 1969 2551 3555 2623">
    <p class='ocr_par' dir='ltr' id='par_1_69' title="bbox 1969 2551 3555 2623">
     <span class='ocr_line' id='line_1_69' title="bbox 1969 2551 3555 2623; baseline 0.009 -19"><span class='ocrx_word' id='word_1_556' title='bbox 1969 2551 2341 2620; x_wconf 85' lang='lat' dir='ltr'><strong>propheticum</strong></span> <span class='ocrx_word' id='word_1_557' title='bbox 2371 2554 2593 2623; x_wconf 90' lang='lat' dir='ltr'><strong>dictum,</strong></span> <span class='ocrx_word' id='word_1_558' title='bbox 2628 2558 2693 2612; x_wconf 85' lang='lat' dir='ltr'><strong>Et</strong></span> <span class='ocrx_word' id='word_1_559' title='bbox 2726 2559 2897 2615; x_wconf 88' lang='lat' dir='ltr'><strong>lumen</strong></span> <span class='ocrx_word' id='word_1_560' title='bbox 2935 2564 3198 2617; x_wconf 80' lang='lat' dir='ltr'><strong>oculorum</strong></span> <span class='ocrx_word' id='word_1_561' title='bbox 3239 2582 3464 2620; x_wconf 85' lang='lat' dir='ltr'><strong>meorum</strong></span> <span class='ocrx_word' id='word_1_562' title='bbox 3505 2576 3555 2621; x_wconf 84' lang='lat' dir='ltr'><strong>et</strong></span> 
     </span>
    </p>
   </div>
   <div class='ocr_carea' id='block_1_70' title="bbox 1967 2643 3555 2727">
    <p class='ocr_par' dir='ltr' id='par_1_70' title="bbox 1967 2643 3555 2727">
     <span class='ocr_line' id='line_1_70' title="bbox 1967 2643 3555 2727; baseline 0.013 -32"><span class='ocrx_word' id='word_1_563' title='bbox 1967 2643 2135 2714; x_wconf 83' lang='lat' dir='ltr'><strong>ipsum</strong></span> <span class='ocrx_word' id='word_1_564' title='bbox 2157 2663 2260 2699; x_wconf 89' lang='lat' dir='ltr'><strong>non</strong></span> <span class='ocrx_word' id='word_1_565' title='bbox 2281 2657 2355 2700; x_wconf 84' lang='lat' dir='ltr'><strong>est</strong></span> <span class='ocrx_word' id='word_1_566' title='bbox 2380 2665 2572 2702; x_wconf 86' lang='lat' dir='ltr'><strong>mecum</strong></span> <span class='ocrx_word' id='word_1_567' title='bbox 2606 2652 2626 2723; x_wconf 91' lang='lat'>(</span> <span class='ocrx_word' id='word_1_568' title='bbox 2651 2651 2796 2706; x_wconf 83' lang='lat' dir='ltr'><strong>Psal.</strong></span> <span class='ocrx_word' id='word_1_569' title='bbox 2830 2656 2919 2708; x_wconf 78' lang='lat'><strong>57.</strong></span> <span class='ocrx_word' id='word_1_570' title='bbox 2953 2657 3022 2711; x_wconf 74' lang='grc'><strong>10</strong></span> <span class='ocrx_word' id='word_1_571' title='bbox 3045 2655 3088 2727; x_wconf 93' lang='grc'><strong>).</strong></span> <span class='ocrx_word' id='word_1_572' title='bbox 3120 2659 3252 2724; x_wconf 76' lang='lat' dir='ltr'><strong>Qua:</strong></span> <span class='ocrx_word' id='word_1_573' title='bbox 3281 2661 3424 2714; x_wconf 89' lang='lat' dir='ltr'><strong>enim</strong></span> <span class='ocrx_word' id='word_1_574' title='bbox 3451 2675 3555 2715; x_wconf 88' lang='lat' dir='ltr'><strong>no-</strong></span> 
     </span>
    </p>
   </div>
   <div class='ocr_carea' id='block_1_71' title="bbox 1969 2735 3557 2818">
    <p class='ocr_par' dir='ltr' id='par_1_71' title="bbox 1969 2735 3557 2818">
     <span class='ocr_line' id='line_1_71' title="bbox 1969 2735 3557 2818; baseline 0.011 -28"><span class='ocrx_word' id='word_1_575' title='bbox 1969 2735 2055 2790; x_wconf 91' lang='lat' dir='ltr'><strong>bis</strong></span> <span class='ocrx_word' id='word_1_576' title='bbox 2084 2749 2229 2805; x_wconf 80' lang='lat' dir='ltr'><strong>spes,</strong></span> <span class='ocrx_word' id='word_1_577' title='bbox 2259 2737 2410 2794; x_wconf 84' lang='lat' dir='ltr'><strong>vobis</strong></span> <span class='ocrx_word' id='word_1_578' title='bbox 2449 2756 2553 2796; x_wconf 91' lang='lat' dir='ltr'><strong>non</strong></span> <span class='ocrx_word' id='word_1_579' title='bbox 2582 2744 2981 2810; x_wconf 82' lang='lat' dir='ltr'><strong>proficientibus</strong></span> <span class='ocrx_word' id='word_1_580' title='bbox 3009 2749 3032 2800; x_wconf 86' lang='lat'><strong>?</strong></span> <span class='ocrx_word' id='word_1_581' title='bbox 3057 2751 3178 2818; x_wconf 90' lang='lat' dir='ltr'><strong>quis</strong></span> <span class='ocrx_word' id='word_1_582' title='bbox 3206 2767 3409 2806; x_wconf 73' lang='lat' dir='ltr'><strong>mmror</strong></span> <span class='ocrx_word' id='word_1_583' title='bbox 3435 2768 3557 2808; x_wconf 86' lang='lat' dir='ltr'><strong>esse</strong></span> 
     </span>
    </p>
   </div>
   <div class='ocr_carea' id='block_1_72' title="bbox 1971 2826 3560 2903">
    <p class='ocr_par' dir='ltr' id='par_1_72' title="bbox 1971 2826 3560 2903">
     <span class='ocr_line' id='line_1_72' title="bbox 1971 2826 3560 2903; baseline 0.013 -25"><span class='ocrx_word' id='word_1_584' title='bbox 1971 2827 2163 2895; x_wconf 84' lang='lat' dir='ltr'><strong>possit,</strong></span> <span class='ocrx_word' id='word_1_585' title='bbox 2195 2826 2348 2882; x_wconf 86' lang='lat' dir='ltr'><strong>vobis</strong></span> <span class='ocrx_word' id='word_1_586' title='bbox 2399 2832 2654 2900; x_wconf 69' lang='lat' dir='ltr'><strong>prmclare</strong></span> <span class='ocrx_word' id='word_1_587' title='bbox 2701 2835 3168 2903; x_wconf 83' lang='lat' dir='ltr'><strong>agentibus?Ccu</strong></span> <span class='ocrx_word' id='word_1_588' title='bbox 3212 2841 3313 2896; x_wconf 89' lang='lat' dir='ltr'><strong>alis</strong></span> <span class='ocrx_word' id='word_1_589' title='bbox 3361 2844 3560 2898; x_wconf 85' lang='lat' dir='ltr'><strong>instru-</strong></span> 
     </span>
    </p>
   </div>
   <div class='ocr_carea' id='block_1_73' title="bbox 1971 2919 3552 2996">
    <p class='ocr_par' dir='ltr' id='par_1_73' title="bbox 1971 2919 3552 2996">
     <span class='ocr_line' id='line_1_73' title="bbox 1971 2919 3552 2996; baseline 0.011 -24"><span class='ocrx_word' id='word_1_590' title='bbox 1971 2927 2093 2972; x_wconf 89' lang='lat' dir='ltr'><strong>ctus</strong></span> <span class='ocrx_word' id='word_1_591' title='bbox 2121 2919 2327 2988; x_wconf 89' lang='lat' dir='ltr'><strong>videor,</strong></span> <span class='ocrx_word' id='word_1_592' title='bbox 2356 2936 2476 2977; x_wconf 91' lang='lat' dir='ltr'><strong>cum</strong></span> <span class='ocrx_word' id='word_1_593' title='bbox 2509 2923 2631 2979; x_wconf 92' lang='lat' dir='ltr'><strong>boni</strong></span> <span class='ocrx_word' id='word_1_594' title='bbox 2657 2926 2927 2996; x_wconf 86' lang='lat' dir='ltr'><strong>quidpiam</strong></span> <span class='ocrx_word' id='word_1_595' title='bbox 2955 2929 3024 2985; x_wconf 90' lang='lat' dir='ltr'><strong>de</strong></span> <span class='ocrx_word' id='word_1_596' title='bbox 3054 2932 3203 2987; x_wconf 84' lang='lat' dir='ltr'><strong>vobis</strong></span> <span class='ocrx_word' id='word_1_597' title='bbox 3229 2935 3406 2989; x_wconf 83' lang='lat' dir='ltr'><strong>audio.</strong></span> <span class='ocrx_word' id='word_1_598' title='bbox 3439 2935 3552 2989; x_wconf 87' lang='lat' dir='ltr'><strong>lm-</strong></span> 
     </span>
    </p>
   </div>
   <div class='ocr_carea' id='block_1_74' title="bbox 1973 3011 3552 3093">
    <p class='ocr_par' dir='ltr' id='par_1_74' title="bbox 1973 3011 3552 3093">
     <span class='ocr_line' id='line_1_74' title="bbox 1973 3011 3552 3093; baseline 0.013 -30"><span class='ocrx_word' id='word_1_599' title='bbox 1973 3011 2104 3080; x_wconf 79' lang='lat' dir='ltr'><strong>plete</strong></span> <span class='ocrx_word' id='word_1_600' title='bbox 2127 3014 2372 3083; x_wconf 79' lang='lat' dir='ltr'><strong>gaudium</strong></span> <span class='ocrx_word' id='word_1_601' title='bbox 2396 3032 2559 3070; x_wconf 74' lang='lat' dir='ltr'><strong>ineunt</strong></span> <span class='ocrx_word' id='word_1_602' title='bbox 2587 3016 2611 3089; x_wconf 83' lang='grc'>(</span> <span class='ocrx_word' id='word_1_603' title='bbox 2641 3017 2868 3090; x_wconf 76' lang='lat' dir='ltr'><strong>Philipp.</strong></span> <span class='ocrx_word' id='word_1_604' title='bbox 2913 3020 2965 3074; x_wconf 87' lang='lat'><strong>2.</strong></span> <span class='ocrx_word' id='word_1_605' title='bbox 2998 3022 3097 3093; x_wconf 82' lang='lat'><strong>2).</strong></span> <span class='ocrx_word' id='word_1_606' title='bbox 3144 3024 3253 3080; x_wconf 90' lang='lat' dir='ltr'><strong>lloc</strong></span> <span class='ocrx_word' id='word_1_607' title='bbox 3297 3029 3467 3082; x_wconf 86' lang='lat' dir='ltr'><strong>solum</strong></span> <span class='ocrx_word' id='word_1_608' title='bbox 3499 3030 3552 3085; x_wconf 89' lang='lat' dir='ltr'><strong>in</strong></span> 
     </span>
    </p>
   </div>
   <div class='ocr_carea' id='block_1_75' title="bbox 1971 3105 3551 3182">
    <p class='ocr_par' dir='ltr' id='par_1_75' title="bbox 1971 3105 3551 3182">
     <span class='ocr_line' id='line_1_75' title="bbox 1971 3105 3551 3182; baseline 0.014 -27"><span class='ocrx_word' id='word_1_609' title='bbox 1971 3113 2094 3156; x_wconf 90' lang='lat' dir='ltr'><strong>voto</strong></span> <span class='ocrx_word' id='word_1_610' title='bbox 2133 3105 2306 3159; x_wconf 90' lang='lat' dir='ltr'><strong>habeo</strong></span> <span class='ocrx_word' id='word_1_611' title='bbox 2327 3146 2344 3172; x_wconf 94' lang='lat'><strong>,</strong></span> <span class='ocrx_word' id='word_1_612' title='bbox 2376 3108 2518 3177; x_wconf 89' lang='lat' dir='ltr'><strong>quod</strong></span> <span class='ocrx_word' id='word_1_613' title='bbox 2547 3109 2846 3166; x_wconf 89' lang='lat' dir='ltr'><strong>desiderem</strong></span> <span class='ocrx_word' id='word_1_614' title='bbox 2885 3113 3177 3182; x_wconf 85' lang='lat' dir='ltr'><strong>profectum</strong></span> <span class='ocrx_word' id='word_1_615' title='bbox 3210 3129 3461 3175; x_wconf 88' lang='lat' dir='ltr'><strong>vestrum.</strong></span> <span class='ocrx_word' id='word_1_616' title='bbox 3494 3121 3551 3177; x_wconf 86' lang='lat' dir='ltr'><strong>In</strong></span> 
     </span>
    </p>
   </div>
   <div class='ocr_carea' id='block_1_76' title="bbox 1971 3193 3553 3284">
    <p class='ocr_par' dir='ltr' id='par_1_76' title="bbox 1971 3193 3553 3284">
     <span class='ocr_line' id='line_1_76' title="bbox 1971 3193 3553 3284; baseline 0.014 -37"><span class='ocrx_word' id='word_1_617' title='bbox 1971 3193 2072 3248; x_wconf 86' lang='lat' dir='ltr'><strong>hoc</strong></span> <span class='ocrx_word' id='word_1_618' title='bbox 2093 3210 2220 3249; x_wconf 86' lang='lat' dir='ltr'><strong>vero</strong></span> <span class='ocrx_word' id='word_1_619' title='bbox 2239 3211 2360 3251; x_wconf 91' lang='lat' dir='ltr'><strong>cum</strong></span> <span class='ocrx_word' id='word_1_620' title='bbox 2387 3199 2634 3255; x_wconf 89' lang='lat' dir='ltr'><strong>omnibus</strong></span> <span class='ocrx_word' id='word_1_621' title='bbox 2654 3201 2892 3270; x_wconf 87' lang='lat' dir='ltr'><strong>decerto,</strong></span> <span class='ocrx_word' id='word_1_622' title='bbox 2908 3207 3048 3274; x_wconf 87' lang='lat' dir='ltr'><strong>quod</strong></span> <span class='ocrx_word' id='word_1_623' title='bbox 3074 3224 3170 3263; x_wconf 89' lang='lat' dir='ltr'><strong>vos</strong></span> <span class='ocrx_word' id='word_1_624' title='bbox 3193 3224 3387 3278; x_wconf 88' lang='lat' dir='ltr'><strong>amem,</strong></span> <span class='ocrx_word' id='word_1_625' title='bbox 3411 3216 3553 3284; x_wconf 85' lang='lat' dir='ltr'><strong>quod</strong></span> 
     </span>
    </p>
   </div>
   <div class='ocr_carea' id='block_1_77' title="bbox 1968 3290 3556 3373">
    <p class='ocr_par' dir='ltr' id='par_1_77' title="bbox 1968 3290 3556 3373">
     <span class='ocr_line' id='line_1_77' title="bbox 1968 3290 3556 3373; baseline 0.013 -32"><span class='ocrx_word' id='word_1_626' title='bbox 1968 3290 2298 3360; x_wconf 88' lang='lat' dir='ltr'><strong>complectar</strong></span> <span class='ocrx_word' id='word_1_627' title='bbox 2331 3310 2344 3346; x_wconf 90' lang='lat'><strong>:</strong></span> <span class='ocrx_word' id='word_1_628' title='bbox 2377 3295 2498 3363; x_wconf 86' lang='lat' dir='ltr'><strong>quia</strong></span> <span class='ocrx_word' id='word_1_629' title='bbox 2528 3311 2626 3351; x_wconf 85' lang='lat' dir='ltr'><strong>vos</strong></span> <span class='ocrx_word' id='word_1_630' title='bbox 2653 3296 2783 3352; x_wconf 91' lang='lat' dir='ltr'><strong>mihi</strong></span> <span class='ocrx_word' id='word_1_631' title='bbox 2824 3301 3002 3355; x_wconf 91' lang='lat' dir='ltr'><strong>omnia</strong></span> <span class='ocrx_word' id='word_1_632' title='bbox 3034 3304 3185 3368; x_wconf 88' lang='lat' dir='ltr'><strong>estis,</strong></span> <span class='ocrx_word' id='word_1_633' title='bbox 3216 3313 3270 3358; x_wconf 71' lang='lat' dir='ltr'><strong>et</strong></span> <span class='ocrx_word' id='word_1_634' title='bbox 3298 3315 3469 3373; x_wconf 85' lang='lat' dir='ltr'><strong>pater,</strong></span> <span class='ocrx_word' id='word_1_635' title='bbox 3501 3318 3556 3362; x_wconf 91' lang='lat' dir='ltr'><strong>et</strong></span> 
     </span>
    </p>
   </div>
   <div class='ocr_carea' id='block_1_78' title="bbox 1969 3382 3551 3466">
    <p class='ocr_par' dir='ltr' id='par_1_78' title="bbox 1969 3382 3551 3466">
     <span class='ocr_line' id='line_1_78' title="bbox 1969 3382 3551 3466; baseline 0.012 -32"><span class='ocrx_word' id='word_1_636' title='bbox 1969 3389 2160 3448; x_wconf 89' lang='lat' dir='ltr'><strong>mater,</strong></span> <span class='ocrx_word' id='word_1_637' title='bbox 2193 3392 2249 3438; x_wconf 90' lang='lat' dir='ltr'><strong>et</strong></span> <span class='ocrx_word' id='word_1_638' title='bbox 2273 3382 2487 3452; x_wconf 86' lang='lat' dir='ltr'><strong>fratres,</strong></span> <span class='ocrx_word' id='word_1_639' title='bbox 2510 3397 2562 3441; x_wconf 91' lang='lat' dir='ltr'><strong>et</strong></span> <span class='ocrx_word' id='word_1_640' title='bbox 2584 3387 2698 3444; x_wconf 84' lang='lat' dir='ltr'><strong>filii.</strong></span> <span class='ocrx_word' id='word_1_641' title='bbox 2727 3390 2803 3444; x_wconf 86' lang='lat' dir='ltr'><strong>Ne</strong></span> <span class='ocrx_word' id='word_1_642' title='bbox 2826 3394 3022 3459; x_wconf 90' lang='lat' dir='ltr'><strong>putetis</strong></span> <span class='ocrx_word' id='word_1_643' title='bbox 3040 3408 3225 3447; x_wconf 91' lang='lat' dir='ltr'><strong>eorum</strong></span> <span class='ocrx_word' id='word_1_644' title='bbox 3255 3397 3551 3466; x_wconf 80' lang='lat' dir='ltr'><strong>quidpiam,</strong></span> 
     </span>
    </p>
   </div>
   <div class='ocr_carea' id='block_1_79' title="bbox 1968 3477 3558 3552">
    <p class='ocr_par' dir='ltr' id='par_1_79' title="bbox 1968 3477 3558 3552">
     <span class='ocr_line' id='line_1_79' title="bbox 1968 3477 3558 3552; baseline 0.011 -26"><span class='ocrx_word' id='word_1_645' title='bbox 1968 3489 2087 3544; x_wconf 77' lang='lat' dir='ltr'><strong>quae</strong></span> <span class='ocrx_word' id='word_1_646' title='bbox 2128 3491 2158 3528; x_wconf 91' lang='lat' dir='ltr'><strong>a</strong></span> <span class='ocrx_word' id='word_1_647' title='bbox 2189 3491 2277 3532; x_wconf 90' lang='lat' dir='ltr'><strong>me</strong></span> <span class='ocrx_word' id='word_1_648' title='bbox 2303 3477 2570 3545; x_wconf 90' lang='lat' dir='ltr'><strong>dicuntur,</strong></span> <span class='ocrx_word' id='word_1_649' title='bbox 2600 3495 2665 3535; x_wconf 77' lang='lat' dir='ltr'><strong>ex</strong></span> <span class='ocrx_word' id='word_1_650' title='bbox 2695 3481 2819 3535; x_wconf 88' lang='lat' dir='ltr'><strong>odio</strong></span> <span class='ocrx_word' id='word_1_651' title='bbox 2841 3484 3124 3552; x_wconf 83' lang='lat' dir='ltr'><strong>proﬁcisci,</strong></span> <span class='ocrx_word' id='word_1_652' title='bbox 3160 3487 3251 3541; x_wconf 86' lang='lat' dir='ltr'><strong>sed</strong></span> <span class='ocrx_word' id='word_1_653' title='bbox 3282 3488 3347 3541; x_wconf 89' lang='lat' dir='ltr'><strong>ad</strong></span> <span class='ocrx_word' id='word_1_654' title='bbox 3376 3505 3558 3544; x_wconf 87' lang='lat' dir='ltr'><strong>emen-</strong></span> 
     </span>
    </p>
   </div>
   <div class='ocr_carea' id='block_1_80' title="bbox 1970 3565 3554 3651">
    <p class='ocr_par' dir='ltr' id='par_1_80' title="bbox 1970 3565 3554 3651">
     <span class='ocr_line' id='line_1_80' title="bbox 1970 3565 3554 3651; baseline 0.009 -30"><span class='ocrx_word' id='word_1_655' title='bbox 1970 3565 2240 3624; x_wconf 86' lang='lat' dir='ltr'><strong>dationem</strong></span> <span class='ocrx_word' id='word_1_656' title='bbox 2271 3570 2482 3640; x_wconf 86' lang='lat' dir='ltr'><strong>loquor.</strong></span> <span class='ocrx_word' id='word_1_657' title='bbox 2526 3571 2656 3627; x_wconf 86' lang='lat' dir='ltr'><strong>Nam</strong></span> <span class='ocrx_word' id='word_1_658' title='bbox 2689 3572 2895 3638; x_wconf 80' lang='lat' dir='ltr'><strong>Frater,</strong></span> <span class='ocrx_word' id='word_1_659' title='bbox 2937 3576 3126 3645; x_wconf 88' lang='lat' dir='ltr'><strong>inquit,</strong></span> <span class='ocrx_word' id='word_1_660' title='bbox 3161 3580 3248 3645; x_wconf 86' lang='lat' dir='ltr'><strong>qui</strong></span> <span class='ocrx_word' id='word_1_661' title='bbox 3281 3581 3554 3651; x_wconf 83' lang='lat' dir='ltr'><strong>adjuvatur</strong></span> 
     </span>
    </p>
   </div>
   <div class='ocr_carea' id='block_1_81' title="bbox 1978 3663 3553 3746">
    <p class='ocr_par' dir='ltr' id='par_1_81' title="bbox 1978 3663 3553 3746">
     <span class='ocr_line' id='line_1_81' title="bbox 1978 3663 3553 3746; baseline 0.01 -32"><span class='ocrx_word' id='word_1_662' title='bbox 1978 3677 2009 3714; x_wconf 91' lang='lat' dir='ltr'><strong>a</strong></span> <span class='ocrx_word' id='word_1_663' title='bbox 2037 3663 2225 3730; x_wconf 83' lang='lat' dir='ltr'><strong>fratre,</strong></span> <span class='ocrx_word' id='word_1_664' title='bbox 2267 3666 2413 3734; x_wconf 84' lang='lat' dir='ltr'><strong>quasi</strong></span> <span class='ocrx_word' id='word_1_665' title='bbox 2437 3666 2612 3720; x_wconf 77' lang='lat' dir='ltr'><strong>civitas</strong></span> <span class='ocrx_word' id='word_1_666' title='bbox 2651 3667 2800 3735; x_wconf 79' lang='lat' dir='ltr'><strong>ﬁrma</strong></span> <span class='ocrx_word' id='word_1_667' title='bbox 2825 3667 3023 3738; x_wconf 87' lang='lat' dir='ltr'><strong>(Prov.</strong></span> <span class='ocrx_word' id='word_1_668' title='bbox 3058 3671 3144 3726; x_wconf 77' lang='grc'><strong>18.</strong></span> <span class='ocrx_word' id='word_1_669' title='bbox 3178 3673 3244 3727; x_wconf 79' lang='lat' dir='ltr'><strong>l9</strong></span> <span class='ocrx_word' id='word_1_670' title='bbox 3272 3671 3312 3741; x_wconf 93' lang='lat'><strong>).</strong></span> <span class='ocrx_word' id='word_1_671' title='bbox 3345 3675 3423 3728; x_wconf 87' lang='lat' dir='ltr'><strong>Ne</strong></span> <span class='ocrx_word' id='word_1_672' title='bbox 3453 3677 3553 3746; x_wconf 86' lang='lat' dir='ltr'><strong>igi-</strong></span> 
     </span>
    </p>
   </div>
   <div class='ocr_carea' id='block_1_82' title="bbox 1974 3755 3546 3832">
    <p class='ocr_par' dir='ltr' id='par_1_82' title="bbox 1974 3755 3546 3832">
     <span class='ocr_line' id='line_1_82' title="bbox 1974 3755 3546 3832; baseline 0.011 -27"><span class='ocrx_word' id='word_1_673' title='bbox 1974 3763 2058 3807; x_wconf 88' lang='lat' dir='ltr'><strong>tur</strong></span> <span class='ocrx_word' id='word_1_674' title='bbox 2078 3755 2420 3823; x_wconf 85' lang='lat' dir='ltr'><strong>indignemini</strong></span> <span class='ocrx_word' id='word_1_675' title='bbox 2446 3775 2460 3812; x_wconf 87' lang='lat'><strong>:</strong></span> <span class='ocrx_word' id='word_1_676' title='bbox 2485 3774 2658 3829; x_wconf 89' lang='lat' dir='ltr'><strong>neque</strong></span> <span class='ocrx_word' id='word_1_677' title='bbox 2683 3760 2824 3815; x_wconf 89' lang='lat' dir='ltr'><strong>enim</strong></span> <span class='ocrx_word' id='word_1_678' title='bbox 2850 3777 2950 3832; x_wconf 89' lang='lat' dir='ltr'><strong>ego</strong></span> <span class='ocrx_word' id='word_1_679' title='bbox 2973 3778 3280 3820; x_wconf 87' lang='lat' dir='ltr'><strong>sermonem</strong></span> <span class='ocrx_word' id='word_1_680' title='bbox 3312 3776 3546 3823; x_wconf 86' lang='lat' dir='ltr'><strong>vestrum</strong></span> 
     </span>
    </p>
   </div>
   <div class='ocr_carea' id='block_1_83' title="bbox 1972 3848 3554 3922">
    <p class='ocr_par' dir='ltr' id='par_1_83' title="bbox 1972 3848 3554 3922">
     <span class='ocr_line' id='line_1_83' title="bbox 1972 3848 3554 3922; baseline 0.009 -24"><span class='ocrx_word' id='word_1_681' title='bbox 1972 3853 2280 3914; x_wconf 90' lang='lat' dir='ltr'><strong>contemno,</strong></span> <span class='ocrx_word' id='word_1_682' title='bbox 2309 3848 2403 3903; x_wconf 86' lang='lat' dir='ltr'><strong>sed</strong></span> <span class='ocrx_word' id='word_1_683' title='bbox 2435 3850 2627 3905; x_wconf 81' lang='lat' dir='ltr'><strong>vellem</strong></span> <span class='ocrx_word' id='word_1_684' title='bbox 2658 3867 2688 3905; x_wconf 89' lang='lat' dir='ltr'><strong>a</strong></span> <span class='ocrx_word' id='word_1_685' title='bbox 2720 3853 2876 3908; x_wconf 80' lang='lat' dir='ltr'><strong>vobis</strong></span> <span class='ocrx_word' id='word_1_686' title='bbox 2915 3855 3213 3922; x_wconf 87' lang='lat' dir='ltr'><strong>emendari,</strong></span> <span class='ocrx_word' id='word_1_687' title='bbox 3245 3857 3436 3914; x_wconf 78' lang='lat' dir='ltr'><strong>vellem</strong></span> <span class='ocrx_word' id='word_1_688' title='bbox 3467 3860 3554 3915; x_wconf 87' lang='lat' dir='ltr'><strong>di-</strong></span> 
     </span>
    </p>
   </div>
   <div class='ocr_carea' id='block_1_84' title="bbox 1965 3939 3558 4011">
    <p class='ocr_par' dir='ltr' id='par_1_84' title="bbox 1965 3939 3558 4011">
     <span class='ocr_line' id='line_1_84' title="bbox 1965 3939 3558 4011; baseline 0.007 -15"><span class='ocrx_word' id='word_1_689' title='bbox 1965 3955 2140 3997; x_wconf 85' lang='lat' dir='ltr'><strong>scere.</strong></span> <span class='ocrx_word' id='word_1_690' title='bbox 2191 3939 2392 3996; x_wconf 88' lang='lat' dir='ltr'><strong>Omnes</strong></span> <span class='ocrx_word' id='word_1_691' title='bbox 2419 3941 2560 3996; x_wconf 88' lang='lat' dir='ltr'><strong>enim</strong></span> <span class='ocrx_word' id='word_1_692' title='bbox 2606 3942 2798 3998; x_wconf 90' lang='lat' dir='ltr'><strong>fratres</strong></span> <span class='ocrx_word' id='word_1_693' title='bbox 2835 3960 3041 4011; x_wconf 90' lang='lat' dir='ltr'><strong>sumus,</strong></span> <span class='ocrx_word' id='word_1_694' title='bbox 3091 3962 3227 4003; x_wconf 90' lang='lat' dir='ltr'><strong>unus</strong></span> <span class='ocrx_word' id='word_1_695' title='bbox 3266 3961 3348 4006; x_wconf 89' lang='lat' dir='ltr'><strong>est</strong></span> <span class='ocrx_word' id='word_1_696' title='bbox 3375 3960 3558 4007; x_wconf 89' lang='lat' dir='ltr'><strong>autem</strong></span> 
     </span>
    </p>
   </div>
   <div class='ocr_carea' id='block_1_85' title="bbox 1970 4032 3561 4110">
    <p class='ocr_par' dir='ltr' id='par_1_85' title="bbox 1970 4032 3561 4110">
     <span class='ocr_line' id='line_1_85' title="bbox 1970 4032 3561 4110; baseline 0.008 -23"><span class='ocrx_word' id='word_1_697' title='bbox 1970 4032 2228 4102; x_wconf 82' lang='lat' dir='ltr'><strong>Magister</strong></span> <span class='ocrx_word' id='word_1_698' title='bbox 2255 4043 2457 4088; x_wconf 91' lang='lat' dir='ltr'><strong>noster.</strong></span> <span class='ocrx_word' id='word_1_699' title='bbox 2505 4033 2649 4090; x_wconf 89' lang='lat' dir='ltr'><strong>Inter</strong></span> <span class='ocrx_word' id='word_1_700' title='bbox 2679 4034 2872 4093; x_wconf 87' lang='lat' dir='ltr'><strong>fratres</strong></span> <span class='ocrx_word' id='word_1_701' title='bbox 2911 4053 3041 4093; x_wconf 90' lang='lat' dir='ltr'><strong>vero</strong></span> <span class='ocrx_word' id='word_1_702' title='bbox 3071 4055 3167 4110; x_wconf 91' lang='lat' dir='ltr'><strong>par</strong></span> <span class='ocrx_word' id='word_1_703' title='bbox 3203 4051 3306 4108; x_wconf 90' lang='lat' dir='ltr'><strong>est,</strong></span> <span class='ocrx_word' id='word_1_704' title='bbox 3336 4053 3394 4098; x_wconf 89' lang='lat' dir='ltr'><strong>ut</strong></span> <span class='ocrx_word' id='word_1_705' title='bbox 3423 4059 3561 4101; x_wconf 85' lang='lat' dir='ltr'><strong>unus</strong></span> 
     </span>
    </p>
   </div>
   <div class='ocr_carea' id='block_1_86' title="bbox 1972 4126 3558 4204">
    <p class='ocr_par' dir='ltr' id='par_1_86' title="bbox 1972 4126 3558 4204">
     <span class='ocr_line' id='line_1_86' title="bbox 1972 4126 3558 4204; baseline 0.005 -23"><span class='ocrx_word' id='word_1_706' title='bbox 1972 4129 2284 4198; x_wconf 79' lang='lat' dir='ltr'><strong>praecipiat,</strong></span> <span class='ocrx_word' id='word_1_707' title='bbox 2329 4126 2420 4181; x_wconf 84' lang='lat' dir='ltr'><strong>alii</strong></span> <span class='ocrx_word' id='word_1_708' title='bbox 2451 4129 2842 4199; x_wconf 86' lang='lat' dir='ltr'><strong>obtemperent.</strong></span> <span class='ocrx_word' id='word_1_709' title='bbox 2872 4131 2948 4186; x_wconf 88' lang='lat' dir='ltr'><strong>Ne</strong></span> <span class='ocrx_word' id='word_1_710' title='bbox 2989 4133 3148 4200; x_wconf 88' lang='lat' dir='ltr'><strong>igitur</strong></span> <span class='ocrx_word' id='word_1_711' title='bbox 3185 4133 3558 4204; x_wconf 88' lang='lat' dir='ltr'><strong>indignemini,</strong></span> 
     </span>
    </p>
   </div>
   <div class='ocr_carea' id='block_1_87' title="bbox 1971 4219 3560 4293">
    <p class='ocr_par' dir='ltr' id='par_1_87' title="bbox 1971 4219 3560 4293">
     <span class='ocr_line' id='line_1_87' title="bbox 1971 4219 3560 4293; baseline 0.003 -18"><span class='ocrx_word' id='word_1_712' title='bbox 1971 4220 2066 4275; x_wconf 89' lang='lat' dir='ltr'><strong>sed</strong></span> <span class='ocrx_word' id='word_1_713' title='bbox 2091 4220 2273 4275; x_wconf 85' lang='lat' dir='ltr'><strong>omnia</strong></span> <span class='ocrx_word' id='word_1_714' title='bbox 2305 4219 2560 4273; x_wconf 85' lang='lat' dir='ltr'><strong>faciamus</strong></span> <span class='ocrx_word' id='word_1_715' title='bbox 2587 4220 2651 4274; x_wconf 89' lang='lat' dir='ltr'><strong>ad</strong></span> <span class='ocrx_word' id='word_1_716' title='bbox 2680 4221 2905 4290; x_wconf 88' lang='lat' dir='ltr'><strong>gloriam</strong></span> <span class='ocrx_word' id='word_1_717' title='bbox 2938 4222 3027 4277; x_wconf 90' lang='lat' dir='ltr'><strong>Dei</strong></span> <span class='ocrx_word' id='word_1_718' title='bbox 3057 4239 3073 4288; x_wconf 91' lang='lat'><strong>;</strong></span> <span class='ocrx_word' id='word_1_719' title='bbox 3103 4225 3229 4293; x_wconf 91' lang='lat' dir='ltr'><strong>quia</strong></span> <span class='ocrx_word' id='word_1_720' title='bbox 3260 4225 3358 4293; x_wconf 88' lang='lat' dir='ltr'><strong>ipsi</strong></span> <span class='ocrx_word' id='word_1_721' title='bbox 3389 4224 3560 4292; x_wconf 80' lang='lat' dir='ltr'><strong>gloria</strong></span> 
     </span>
    </p>
   </div>
   <div class='ocr_carea' id='block_1_88' title="bbox 1972 4308 2830 4370">
    <p class='ocr_par' dir='ltr' id='par_1_88' title="bbox 1972 4308 2830 4370">
     <span class='ocr_line' id='line_1_88' title="bbox 1972 4308 2830 4370; baseline -0.008 0"><span class='ocrx_word' id='word_1_722' title='bbox 1972 4317 2027 4370; x_wconf 90' lang='lat' dir='ltr'><strong>in</strong></span> <span class='ocrx_word' id='word_1_723' title='bbox 2054 4312 2251 4368; x_wconf 69' lang='lat' dir='ltr'><strong>saecula</strong></span> <span class='ocrx_word' id='word_1_724' title='bbox 2272 4308 2612 4365; x_wconf 64' lang='lat' dir='ltr'><strong>smculorum.</strong></span> <span class='ocrx_word' id='word_1_725' title='bbox 2639 4312 2830 4363; x_wconf 87' lang='lat' dir='ltr'><strong>Amen.</strong></span> 
     </span>
    </p>
   </div>
   <div class='ocr_carea' id='block_1_89' title="bbox 652 4431 3557 4466">
    <p class='ocr_par' dir='ltr' id='par_1_89' title="bbox 652 4431 3557 4466">
     <span class='ocr_line' id='line_1_89' title="bbox 652 4431 3557 4466; baseline 0.007 -21"><span class='ocrx_word' id='word_1_726' title='bbox 652 4431 3557 4466; x_wconf 45' lang='grc' dir='ltr'><strong>ΜΗ,</strong></span> 
     </span>
    </p>
   </div>
   <div class='ocr_carea' id='block_1_90' title="bbox 1705 4525 2198 4599">
    <p class='ocr_par' dir='ltr' id='par_1_90' title="bbox 1705 4525 2198 4599">
     <span class='ocr_line' id='line_1_90' title="bbox 1705 4525 2198 4599; baseline 0.002 -15"><span class='ocrx_word' id='word_1_727' title='bbox 1705 4525 2050 4599; x_wconf 73' lang='lat' dir='ltr'><strong>HOMILIA</strong></span> <span class='ocrx_word' id='word_1_728' title='bbox 2094 4525 2198 4588; x_wconf 86' lang='lat' dir='ltr'><strong>IV.</strong></span> 
     </span>
    </p>
   </div>
   <div class='ocr_carea' id='block_1_91' title="bbox 252 4655 1868 4730">
    <p class='ocr_par' dir='ltr' id='par_1_91' title="bbox 252 4655 1868 4730">
     <span class='ocr_line' id='line_1_91' title="bbox 252 4655 1868 4730; baseline 0.006 -19"><span class='ocrx_word' id='word_1_729' title='bbox 252 4656 384 4711; x_wconf 63' lang='lat' dir='ltr'><strong>Car.</strong></span> <span class='ocrx_word' id='word_1_730' title='bbox 441 4655 506 4709; x_wconf 88' lang='lat'><strong>2.</strong></span> <span class='ocrx_word' id='word_1_731' title='bbox 555 4670 614 4708; x_wconf 74' lang='grc' dir='ltr'><strong>ν.</strong></span> <span class='ocrx_word' id='word_1_732' title='bbox 662 4656 714 4710; x_wconf 79' lang='grc'><strong>1.</strong></span> <span class='ocrx_word' id='word_1_733' title='bbox 761 4656 828 4711; x_wconf 83' lang='lat' dir='ltr'><strong>Et</strong></span> <span class='ocrx_word' id='word_1_734' title='bbox 871 4673 988 4712; x_wconf 87' lang='lat' dir='ltr'><strong>cum</strong></span> <span class='ocrx_word' id='word_1_735' title='bbox 1025 4657 1361 4727; x_wconf 75' lang='lat' dir='ltr'><strong>complentur</strong></span> <span class='ocrx_word' id='word_1_736' title='bbox 1400 4661 1507 4715; x_wconf 78' lang='lat' dir='ltr'><strong>dies</strong></span> <span class='ocrx_word' id='word_1_737' title='bbox 1537 4660 1868 4730; x_wconf 79' lang='lat' dir='ltr'><strong>Pentecostes,</strong></span> 
     </span>
    </p>
   </div>
   <div class='ocr_carea' id='block_1_92' title="bbox 321 4751 1863 4826">
    <p class='ocr_par' dir='ltr' id='par_1_92' title="bbox 321 4751 1863 4826">
     <span class='ocr_line' id='line_1_92' title="bbox 321 4751 1863 4826; baseline 0.008 -27"><span class='ocrx_word' id='word_1_738' title='bbox 321 4757 480 4802; x_wconf 81' lang='lat' dir='ltr'><strong>erant</strong></span> <span class='ocrx_word' id='word_1_739' title='bbox 525 4764 706 4803; x_wconf 73' lang='lat' dir='ltr'><strong>ontnes</strong></span> <span class='ocrx_word' id='word_1_740' title='bbox 746 4751 937 4820; x_wconf 79' lang='lat' dir='ltr'><strong>pariter</strong></span> <span class='ocrx_word' id='word_1_741' title='bbox 974 4751 1027 4806; x_wconf 85' lang='lat' dir='ltr'><strong>in</strong></span> <span class='ocrx_word' id='word_1_742' title='bbox 1056 4752 1230 4806; x_wconf 84' lang='lat' dir='ltr'><strong>eodem</strong></span> <span class='ocrx_word' id='word_1_743' title='bbox 1258 4752 1368 4806; x_wconf 84' lang='lat' dir='ltr'><strong>loco</strong></span> <span class='ocrx_word' id='word_1_744' title='bbox 1397 4769 1416 4807; x_wconf 89' lang='lat'><strong><em>:</em></strong></span> <span class='ocrx_word' id='word_1_745' title='bbox 1439 4753 1493 4808; x_wconf 85' lang='lat'><strong>2.</strong></span> <span class='ocrx_word' id='word_1_746' title='bbox 1519 4765 1566 4808; x_wconf 85' lang='lat' dir='ltr'><strong>et</strong></span> <span class='ocrx_word' id='word_1_747' title='bbox 1589 4759 1753 4826; x_wconf 75' lang='lat' dir='ltr'><strong>[actus</strong></span> <span class='ocrx_word' id='word_1_748' title='bbox 1791 4769 1863 4812; x_wconf 82' lang='lat' dir='ltr'><strong>est</strong></span> 
     </span>
    </p>
   </div>
   <div class='ocr_carea' id='block_1_93' title="bbox 320 4841 999 4909">
    <p class='ocr_par' dir='ltr' id='par_1_93' title="bbox 320 4841 999 4909">
     <span class='ocr_line' id='line_1_93' title="bbox 320 4841 999 4909; baseline 0.009 -17"><span class='ocrx_word' id='word_1_749' title='bbox 320 4853 548 4909; x_wconf 77' lang='lat' dir='ltr'><strong>repente</strong></span> <span class='ocrx_word' id='word_1_750' title='bbox 577 4841 646 4896; x_wconf 85' lang='lat' dir='ltr'><strong>de</strong></span> <span class='ocrx_word' id='word_1_751' title='bbox 667 4842 792 4896; x_wconf 65' lang='lat' dir='ltr'><strong>calo</strong></span> <span class='ocrx_word' id='word_1_752' title='bbox 823 4859 999 4898; x_wconf 84' lang='lat' dir='ltr'><strong>sonus.</strong></span> 
     </span>
    </p>
   </div>
   <div class='ocr_carea' id='block_1_94' title="bbox 321 4932 1866 5009">
    <p class='ocr_par' dir='ltr' id='par_1_94' title="bbox 321 4932 1866 5009">
     <span class='ocr_line' id='line_1_94' title="bbox 321 4932 1866 5009; baseline 0.008 -22"><span class='ocrx_word' id='word_1_753' title='bbox 321 4933 378 4988; x_wconf 75' lang='grc'><strong>1.</strong></span> <span class='ocrx_word' id='word_1_754' title='bbox 439 4932 560 4988; x_wconf 84' lang='lat' dir='ltr'><strong>Cur</strong></span> <span class='ocrx_word' id='word_1_755' title='bbox 612 4934 667 4988; x_wconf 82' lang='lat' dir='ltr'><strong>in</strong></span> <span class='ocrx_word' id='word_1_756' title='bbox 705 4933 997 4991; x_wconf 82' lang='lat' dir='ltr'><strong>Pentecoste</strong></span> <span class='ocrx_word' id='word_1_757' title='bbox 1037 4938 1238 4992; x_wconf 80' lang='lat' dir='ltr'><strong>advenit</strong></span> <span class='ocrx_word' id='word_1_758' title='bbox 1283 4937 1508 5009; x_wconf 81' lang='lat' dir='ltr'><strong>Spiritus</strong></span> <span class='ocrx_word' id='word_1_759' title='bbox 1545 4953 1768 4999; x_wconf 82' lang='lat' dir='ltr'><strong>sanctus.</strong></span> <span class='ocrx_word' id='word_1_760' title='bbox 1795 4974 1866 4985; x_wconf 91' lang='lat'><strong>—</strong></span> 
     </span>
    </p>
   </div>
   <div class='ocr_carea' id='block_1_95' title="bbox 252 5021 1868 5091">
    <p class='ocr_par' dir='ltr' id='par_1_95' title="bbox 252 5021 1868 5091">
     <span class='ocr_line' id='line_1_95' title="bbox 252 5021 1868 5091; baseline 0.009 -14"><span class='ocrx_word' id='word_1_761' title='bbox 252 5021 382 5090; x_wconf 66' lang='lat' dir='ltr'><strong>Quae</strong></span> <span class='ocrx_word' id='word_1_762' title='bbox 408 5035 507 5082; x_wconf 85' lang='lat' dir='ltr'><strong>est</strong></span> <span class='ocrx_word' id='word_1_763' title='bbox 540 5025 665 5081; x_wconf 69' lang='lat' dir='ltr'><strong>hare</strong></span> <span class='ocrx_word' id='word_1_764' title='bbox 697 5024 1016 5083; x_wconf 86' lang='lat' dir='ltr'><strong>Pentecoste</strong></span> <span class='ocrx_word' id='word_1_765' title='bbox 1045 5032 1068 5082; x_wconf 84' lang='lat'><strong>&#39;!</strong></span> <span class='ocrx_word' id='word_1_766' title='bbox 1109 5029 1240 5086; x_wconf 89' lang='lat' dir='ltr'><strong>Cum</strong></span> <span class='ocrx_word' id='word_1_767' title='bbox 1285 5031 1394 5087; x_wconf 78' lang='lat' dir='ltr'><strong>falx</strong></span> <span class='ocrx_word' id='word_1_768' title='bbox 1438 5033 1694 5089; x_wconf 89' lang='lat' dir='ltr'><strong>mittenda</strong></span> <span class='ocrx_word' id='word_1_769' title='bbox 1724 5044 1868 5091; x_wconf 89' lang='lat' dir='ltr'><strong>esset</strong></span> 
     </span>
    </p>
   </div>
   <div class='ocr_carea' id='block_1_96' title="bbox 257 5118 1864 5196">
    <p class='ocr_par' dir='ltr' id='par_1_96' title="bbox 257 5118 1864 5196">
     <span class='ocr_line' id='line_1_96' title="bbox 257 5118 1864 5196; baseline 0.009 -28"><span class='ocrx_word' id='word_1_770' title='bbox 257 5118 305 5168; x_wconf 88' lang='lat' dir='ltr'><strong>in</strong></span> <span class='ocrx_word' id='word_1_771' title='bbox 351 5134 640 5185; x_wconf 78' lang='lat' dir='ltr'><strong>messem,</strong></span> <span class='ocrx_word' id='word_1_772' title='bbox 685 5133 807 5174; x_wconf 90' lang='lat' dir='ltr'><strong>cum</strong></span> <span class='ocrx_word' id='word_1_773' title='bbox 857 5119 1061 5175; x_wconf 88' lang='lat' dir='ltr'><strong>fructus</strong></span> <span class='ocrx_word' id='word_1_774' title='bbox 1097 5133 1280 5179; x_wconf 90' lang='lat' dir='ltr'><strong>essent</strong></span> <span class='ocrx_word' id='word_1_775' title='bbox 1322 5126 1628 5196; x_wconf 84' lang='lat' dir='ltr'><strong>colligendi.</strong></span> <span class='ocrx_word' id='word_1_776' title='bbox 1677 5125 1864 5183; x_wconf 81' lang='lat' dir='ltr'><strong>Vidisti</strong></span> 
     </span>
    </p>
   </div>
   <div class='ocr_carea' id='block_1_97' title="bbox 255 5209 1867 5282">
    <p class='ocr_par' dir='ltr' id='par_1_97' title="bbox 255 5209 1867 5282">
     <span class='ocr_line' id='line_1_97' title="bbox 255 5209 1867 5282; baseline 0.006 -20"><span class='ocrx_word' id='word_1_777' title='bbox 255 5217 441 5280; x_wconf 80' lang='lat' dir='ltr'><strong>typum</strong></span> <span class='ocrx_word' id='word_1_778' title='bbox 477 5215 496 5244; x_wconf 79' lang='grc'>⁸</span> <span class='ocrx_word' id='word_1_779' title='bbox 535 5209 565 5266; x_wconf 81' lang='lat'><strong>?</strong></span> <span class='ocrx_word' id='word_1_780' title='bbox 614 5210 746 5266; x_wconf 78' lang='lat' dir='ltr'><strong>Vide</strong></span> <span class='ocrx_word' id='word_1_781' title='bbox 779 5209 890 5282; x_wconf 82' lang='lat' dir='ltr'><strong>jam</strong></span> <span class='ocrx_word' id='word_1_782' title='bbox 940 5213 1238 5270; x_wconf 81' lang='lat' dir='ltr'><strong>veritatem.</strong></span> <span class='ocrx_word' id='word_1_783' title='bbox 1269 5213 1399 5270; x_wconf 92' lang='lat' dir='ltr'><strong>Cum</strong></span> <span class='ocrx_word' id='word_1_784' title='bbox 1453 5216 1555 5272; x_wconf 81' lang='lat' dir='ltr'><strong>falx</strong></span> <span class='ocrx_word' id='word_1_785' title='bbox 1601 5219 1867 5272; x_wconf 88' lang='lat' dir='ltr'><strong>sermonis</strong></span> 
     </span>
    </p>
   </div>
   <div class='ocr_carea' id='block_1_98' title="bbox 255 5303 1869 5380">
    <p class='ocr_par' dir='ltr' id='par_1_98' title="bbox 255 5303 1869 5380">
     <span class='ocr_line' id='line_1_98' title="bbox 255 5303 1869 5380; baseline 0.003 -20"><span class='ocrx_word' id='word_1_786' title='bbox 255 5315 396 5360; x_wconf 83' lang='lat' dir='ltr'><strong>esset</strong></span> <span class='ocrx_word' id='word_1_787' title='bbox 427 5303 948 5370; x_wconf 84' lang='lat' dir='ltr'><strong>immittenda,cum</strong></span> <span class='ocrx_word' id='word_1_788' title='bbox 979 5305 1171 5360; x_wconf 87' lang='lat' dir='ltr'><strong>messis</strong></span> <span class='ocrx_word' id='word_1_789' title='bbox 1197 5307 1512 5377; x_wconf 88' lang='lat' dir='ltr'><strong>colligenda,</strong></span> <span class='ocrx_word' id='word_1_790' title='bbox 1546 5317 1671 5363; x_wconf 91' lang='lat' dir='ltr'><strong>tunc</strong></span> <span class='ocrx_word' id='word_1_791' title='bbox 1698 5308 1869 5380; x_wconf 86' lang='lat' dir='ltr'><strong>Spiri-</strong></span> 
     </span>
    </p>
   </div>
   <div class='ocr_carea' id='block_1_99' title="bbox 256 5395 1862 5466">
    <p class='ocr_par' dir='ltr' id='par_1_99' title="bbox 256 5395 1862 5466">
     <span class='ocr_line' id='line_1_99' title="bbox 256 5395 1862 5466; baseline 0.004 -19"><span class='ocrx_word' id='word_1_792' title='bbox 256 5404 335 5451; x_wconf 89' lang='lat' dir='ltr'><strong>tus</strong></span> <span class='ocrx_word' id='word_1_793' title='bbox 360 5408 422 5453; x_wconf 88' lang='lat' dir='ltr'><strong>ut</strong></span> <span class='ocrx_word' id='word_1_794' title='bbox 454 5407 634 5452; x_wconf 78' lang='lat' dir='ltr'><strong>acuta</strong></span> <span class='ocrx_word' id='word_1_795' title='bbox 662 5395 766 5450; x_wconf 83' lang='lat' dir='ltr'><strong>falx</strong></span> <span class='ocrx_word' id='word_1_796' title='bbox 795 5396 1026 5451; x_wconf 76' lang='lat' dir='ltr'><strong>advolat.</strong></span> <span class='ocrx_word' id='word_1_797' title='bbox 1059 5397 1194 5451; x_wconf 79' lang='lat' dir='ltr'><strong>Audi</strong></span> <span class='ocrx_word' id='word_1_798' title='bbox 1222 5407 1450 5466; x_wconf 84' lang='lat' dir='ltr'><strong>namque</strong></span> <span class='ocrx_word' id='word_1_799' title='bbox 1480 5400 1749 5454; x_wconf 87' lang='lat' dir='ltr'><strong>Christum</strong></span> <span class='ocrx_word' id='word_1_800' title='bbox 1779 5404 1862 5455; x_wconf 83' lang='lat' dir='ltr'><strong>di-</strong></span> 
     </span>
    </p>
   </div>
   <div class='ocr_carea' id='block_1_100' title="bbox 256 5486 1860 5562">
    <p class='ocr_par' dir='ltr' id='par_1_100' title="bbox 256 5486 1860 5562">
     <span class='ocr_line' id='line_1_100' title="bbox 256 5486 1860 5562; baseline 0.002 -21"><span class='ocrx_word' id='word_1_801' title='bbox 256 5500 470 5545; x_wconf 81' lang='lat' dir='ltr'><strong>centem</strong></span> <span class='ocrx_word' id='word_1_802' title='bbox 509 5509 526 5544; x_wconf 89' lang='lat'>:</span> <span class='ocrx_word' id='word_1_803' title='bbox 568 5486 762 5541; x_wconf 68' lang='lat' dir='ltr'><strong>Levat:</strong></span> <span class='ocrx_word' id='word_1_804' title='bbox 781 5489 953 5543; x_wconf 85' lang='lat' dir='ltr'><strong>oculos</strong></span> <span class='ocrx_word' id='word_1_805' title='bbox 977 5498 1185 5556; x_wconf 83' lang='lat' dir='ltr'><strong>vestros,</strong></span> <span class='ocrx_word' id='word_1_806' title='bbox 1209 5498 1255 5542; x_wconf 86' lang='lat' dir='ltr'><strong>et</strong></span> <span class='ocrx_word' id='word_1_807' title='bbox 1279 5489 1438 5543; x_wconf 81' lang='lat' dir='ltr'><strong>ridete</strong></span> <span class='ocrx_word' id='word_1_808' title='bbox 1464 5492 1711 5562; x_wconf 82' lang='lat' dir='ltr'><strong>regiones,</strong></span> <span class='ocrx_word' id='word_1_809' title='bbox 1741 5493 1860 5561; x_wconf 83' lang='lat' dir='ltr'><strong>quia</strong></span> 
     </span>
    </p>
   </div>
   <div class='ocr_carea' id='block_1_101' title="bbox 255 5578 1865 5650">
    <p class='ocr_par' dir='ltr' id='par_1_101' title="bbox 255 5578 1865 5650">
     <span class='ocr_line' id='line_1_101' title="bbox 255 5578 1865 5650; baseline 0.001 -19"><span class='ocrx_word' id='word_1_810' title='bbox 255 5579 378 5636; x_wconf 66' lang='lat' dir='ltr'><strong>alba-</strong></span> <span class='ocrx_word' id='word_1_811' title='bbox 406 5591 546 5636; x_wconf 80' lang='lat' dir='ltr'><strong>snm</strong></span> <span class='ocrx_word' id='word_1_812' title='bbox 582 5579 692 5644; x_wconf 79' lang='lat' dir='ltr'><strong>iam</strong></span> <span class='ocrx_word' id='word_1_813' title='bbox 727 5578 796 5631; x_wconf 84' lang='lat' dir='ltr'><strong>ad</strong></span> <span class='ocrx_word' id='word_1_814' title='bbox 833 5595 1041 5634; x_wconf 85' lang='lat' dir='ltr'><strong>messem</strong></span> <span class='ocrx_word' id='word_1_815' title='bbox 1071 5579 1248 5650; x_wconf 79' lang='lat' dir='ltr'><strong>(Joan.</strong></span> <span class='ocrx_word' id='word_1_816' title='bbox 1280 5580 1331 5634; x_wconf 71' lang='grc'><strong>4.</strong></span> <span class='ocrx_word' id='word_1_817' title='bbox 1365 5579 1435 5634; x_wconf 76' lang='lat'><strong>35</strong></span> <span class='ocrx_word' id='word_1_818' title='bbox 1462 5579 1483 5650; x_wconf 92' lang='lat'>)</span> <span class='ocrx_word' id='word_1_819' title='bbox 1514 5597 1528 5636; x_wconf 89' lang='lat'><strong>:</strong></span> <span class='ocrx_word' id='word_1_820' title='bbox 1559 5597 1621 5635; x_wconf 89' lang='lat' dir='ltr'><strong>ac</strong></span> <span class='ocrx_word' id='word_1_821' title='bbox 1659 5597 1865 5646; x_wconf 71' lang='lat' dir='ltr'><strong>rursus,</strong></span> 
     </span>
    </p>
   </div>
   <div class='ocr_carea' id='block_1_102' title="bbox 313 5711 1871 5777">
    <p class='ocr_par' dir='ltr' id='par_1_102' title="bbox 313 5711 1871 5777">
     <span class='ocr_line' id='line_1_102' title="bbox 313 5711 1871 5777; baseline 0.001 -13"><span class='ocrx_word' id='word_1_822' title='bbox 313 5719 327 5746; x_wconf 82' lang='grc'>¹</span> <span class='ocrx_word' id='word_1_823' title='bbox 361 5716 417 5766; x_wconf 84' lang='lat' dir='ltr'><strong>in</strong></span> <span class='ocrx_word' id='word_1_824' title='bbox 443 5729 562 5766; x_wconf 84' lang='lat' dir='ltr'><strong>uno</strong></span> <span class='ocrx_word' id='word_1_825' title='bbox 585 5712 772 5765; x_wconf 82' lang='lat' dir='ltr'><strong>Codice</strong></span> <span class='ocrx_word' id='word_1_826' title='bbox 793 5711 988 5777; x_wconf 84' lang='lat' dir='ltr'><strong>h_omilia</strong></span> <span class='ocrx_word' id='word_1_827' title='bbox 1009 5715 1080 5765; x_wconf 90' lang='lat' dir='ltr'><strong>sic</strong></span> <span class='ocrx_word' id='word_1_828' title='bbox 1104 5714 1272 5777; x_wconf 84' lang='lat' dir='ltr'><strong>incipit</strong></span> <span class='ocrx_word' id='word_1_829' title='bbox 1301 5729 1312 5764; x_wconf 87' lang='lat'>:</span> <span class='ocrx_word' id='word_1_830' title='bbox 1343 5713 1516 5765; x_wconf 70' lang='lat' dir='ltr'><strong>Vidisti</strong></span> <span class='ocrx_word' id='word_1_831' title='bbox 1538 5721 1725 5776; x_wconf 81' lang='lat' dir='ltr'><strong>typum.</strong></span> <span class='ocrx_word' id='word_1_832' title='bbox 1755 5726 1871 5776; x_wconf 68' lang='lat' dir='ltr'><strong>qua!</strong></span> 
     </span>
    </p>
   </div>
   <div class='ocr_carea' id='block_1_103' title="bbox 256 5772 959 5831">
    <p class='ocr_par' dir='ltr' id='par_1_103' title="bbox 256 5772 959 5831">
     <span class='ocr_line' id='line_1_103' title="bbox 256 5772 959 5831; baseline -0.007 -4"><span class='ocrx_word' id='word_1_833' title='bbox 256 5783 318 5827; x_wconf 72' lang='lat' dir='ltr'><strong>est</strong></span> <span class='ocrx_word' id='word_1_834' title='bbox 338 5778 454 5831; x_wconf 73' lang='lat' dir='ltr'><strong>Im</strong></span> <span class='ocrx_word' id='word_1_835' title='bbox 486 5781 785 5829; x_wconf 77' lang='lat' dir='ltr'><strong>Pentecoste</strong></span> <span class='ocrx_word' id='word_1_836' title='bbox 814 5772 839 5824; x_wconf 82' lang='lat'><em>?</em></span> <span class='ocrx_word' id='word_1_837' title='bbox 862 5783 959 5823; x_wconf 89' lang='lat' dir='ltr'><strong>etc.</strong></span> 
     </span>
    </p>
   </div>
   <div class='ocr_carea' id='block_1_104' title="bbox 1979 4667 3555 4748">
    <p class='ocr_par' dir='ltr' id='par_1_104' title="bbox 1979 4667 3555 4748">
     <span class='ocr_line' id='line_1_104' title="bbox 1979 4667 3555 4748; baseline 0.004 -25"><span class='ocrx_word' id='word_1_838' title='bbox 1979 4669 2163 4724; x_wconf 69' lang='lat' dir='ltr'><strong>Messi:</strong></span> <span class='ocrx_word' id='word_1_839' title='bbox 2178 4669 2378 4741; x_wconf 83' lang='lat' dir='ltr'><strong>quidem</strong></span> <span class='ocrx_word' id='word_1_840' title='bbox 2396 4668 2578 4739; x_wconf 75' lang='lat' dir='ltr'><strong>multa,</strong></span> <span class='ocrx_word' id='word_1_841' title='bbox 2603 4667 2823 4740; x_wconf 85' lang='lat' dir='ltr'><strong>operarii</strong></span> <span class='ocrx_word' id='word_1_842' title='bbox 2841 4679 3011 4723; x_wconf 81' lang='lat' dir='ltr'><strong>autem</strong></span> <span class='ocrx_word' id='word_1_843' title='bbox 3028 4672 3176 4741; x_wconf 86' lang='lat' dir='ltr'><strong>pauci</strong></span> <span class='ocrx_word' id='word_1_844' title='bbox 3194 4670 3343 4740; x_wconf 86' lang='lat' dir='ltr'><strong>(Luc.</strong></span> <span class='ocrx_word' id='word_1_845' title='bbox 3368 4673 3453 4729; x_wconf 81' lang='lat' dir='ltr'><strong>l0.</strong></span> <span class='ocrx_word' id='word_1_846' title='bbox 3477 4674 3555 4748; x_wconf 84' lang='lat'><strong>2).</strong></span> 
     </span>
    </p>
   </div>
   <div class='ocr_carea' id='block_1_105' title="bbox 1975 4760 3555 4836">
    <p class='ocr_par' dir='ltr' id='par_1_105' title="bbox 1975 4760 3555 4836">
     <span class='ocr_line' id='line_1_105' title="bbox 1975 4760 3555 4836; baseline 0.004 -21"><span class='ocrx_word' id='word_1_847' title='bbox 1975 4761 2158 4832; x_wconf 84' lang='lat' dir='ltr'><strong>Itaque</strong></span> <span class='ocrx_word' id='word_1_848' title='bbox 2188 4761 2279 4816; x_wconf 92' lang='lat' dir='ltr'><strong>ille</strong></span> <span class='ocrx_word' id='word_1_849' title='bbox 2306 4761 2454 4831; x_wconf 89' lang='lat' dir='ltr'><strong>prior</strong></span> <span class='ocrx_word' id='word_1_850' title='bbox 2479 4760 2669 4815; x_wconf 90' lang='lat' dir='ltr'><strong>falcem</strong></span> <span class='ocrx_word' id='word_1_851' title='bbox 2703 4761 2946 4816; x_wconf 74' lang='lat' dir='ltr'><strong>immisit.</strong></span> <span class='ocrx_word' id='word_1_852' title='bbox 2981 4761 3076 4818; x_wconf 89' lang='lat' dir='ltr'><strong>Ille</strong></span> <span class='ocrx_word' id='word_1_853' title='bbox 3119 4765 3262 4818; x_wconf 90' lang='lat' dir='ltr'><strong>enim</strong></span> <span class='ocrx_word' id='word_1_854' title='bbox 3295 4765 3555 4836; x_wconf 82' lang='lat' dir='ltr'><strong>primitias</strong></span> 
     </span>
    </p>
   </div>
   <div class='ocr_carea' id='block_1_106' title="bbox 1969 4851 3562 4928">
    <p class='ocr_par' dir='ltr' id='par_1_106' title="bbox 1969 4851 3562 4928">
     <span class='ocr_line' id='line_1_106' title="bbox 1969 4851 3562 4928; baseline 0.005 -23"><span class='ocrx_word' id='word_1_855' title='bbox 1969 4851 2036 4907; x_wconf 86' lang='lat' dir='ltr'><strong>ad</strong></span> <span class='ocrx_word' id='word_1_856' title='bbox 2079 4851 2267 4906; x_wconf 66' lang='lat' dir='ltr'><strong>cielum</strong></span> <span class='ocrx_word' id='word_1_857' title='bbox 2296 4852 2529 4914; x_wconf 83' lang='lat' dir='ltr'><strong>advexit,</strong></span> <span class='ocrx_word' id='word_1_858' title='bbox 2561 4860 2740 4905; x_wconf 89' lang='lat' dir='ltr'><strong>nostra</strong></span> <span class='ocrx_word' id='word_1_859' title='bbox 2767 4866 3040 4925; x_wconf 87' lang='lat' dir='ltr'><strong>assumpta</strong></span> <span class='ocrx_word' id='word_1_860' title='bbox 3068 4862 3254 4909; x_wconf 87' lang='lat' dir='ltr'><strong>natura</strong></span> <span class='ocrx_word' id='word_1_861' title='bbox 3286 4872 3300 4908; x_wconf 88' lang='lat'><strong>:</strong></span> <span class='ocrx_word' id='word_1_862' title='bbox 3335 4856 3562 4928; x_wconf 85' lang='lat' dir='ltr'><strong>ideoque</strong></span> 
     </span>
    </p>
   </div>
   <div class='ocr_carea' id='block_1_107' title="bbox 1973 4942 3561 5017">
    <p class='ocr_par' dir='ltr' id='par_1_107' title="bbox 1973 4942 3561 5017">
     <span class='ocr_line' id='line_1_107' title="bbox 1973 4942 3561 5017; baseline 0.004 -21"><span class='ocrx_word' id='word_1_863' title='bbox 1973 4943 2100 4997; x_wconf 90' lang='lat' dir='ltr'><strong>illud</strong></span> <span class='ocrx_word' id='word_1_864' title='bbox 2130 4959 2362 4998; x_wconf 91' lang='lat' dir='ltr'><strong>messem</strong></span> <span class='ocrx_word' id='word_1_865' title='bbox 2393 4943 2643 5012; x_wconf 86' lang='lat' dir='ltr'><strong>appellat.</strong></span> <span class='ocrx_word' id='word_1_866' title='bbox 2677 4942 2804 4996; x_wconf 86' lang='lat' dir='ltr'><strong>Cum</strong></span> <span class='ocrx_word' id='word_1_867' title='bbox 2847 4947 3200 5014; x_wconf 84' lang='lat' dir='ltr'><strong>compleretur,</strong></span> <span class='ocrx_word' id='word_1_868' title='bbox 3234 4946 3429 5017; x_wconf 87' lang='lat' dir='ltr'><strong>inquit,</strong></span> <span class='ocrx_word' id='word_1_869' title='bbox 3455 4947 3561 5003; x_wconf 81' lang='lat' dir='ltr'><strong>dies</strong></span> 
     </span>
    </p>
   </div>
   <div class='ocr_carea' id='block_1_108' title="bbox 1975 5031 3560 5103">
    <p class='ocr_par' dir='ltr' id='par_1_108' title="bbox 1975 5031 3560 5103">
     <span class='ocr_line' id='line_1_108' title="bbox 1975 5031 3560 5103; baseline 0.005 -19"><span class='ocrx_word' id='word_1_870' title='bbox 1975 5031 2330 5098; x_wconf 81' lang='lat' dir='ltr'><strong>Pentecostes;</strong></span> <span class='ocrx_word' id='word_1_871' title='bbox 2362 5033 2462 5088; x_wconf 91' lang='lat' dir='ltr'><strong>hoc</strong></span> <span class='ocrx_word' id='word_1_872' title='bbox 2486 5043 2588 5097; x_wconf 88' lang='lat' dir='ltr'><strong>est,</strong></span> <span class='ocrx_word' id='word_1_873' title='bbox 2611 5048 2716 5087; x_wconf 92' lang='lat' dir='ltr'><strong>non</strong></span> <span class='ocrx_word' id='word_1_874' title='bbox 2748 5045 2872 5089; x_wconf 89' lang='lat' dir='ltr'><strong>ante</strong></span> <span class='ocrx_word' id='word_1_875' title='bbox 2895 5036 3267 5103; x_wconf 77' lang='lat' dir='ltr'><strong>Pentecostcn,</strong></span> <span class='ocrx_word' id='word_1_876' title='bbox 3297 5038 3391 5092; x_wconf 90' lang='lat' dir='ltr'><strong>sed</strong></span> <span class='ocrx_word' id='word_1_877' title='bbox 3417 5041 3560 5093; x_wconf 90' lang='lat' dir='ltr'><strong>circa</strong></span> 
     </span>
    </p>
   </div>
   <div class='ocr_carea' id='block_1_109' title="bbox 1973 5123 3556 5197">
    <p class='ocr_par' dir='ltr' id='par_1_109' title="bbox 1973 5123 3556 5197">
     <span class='ocr_line' id='line_1_109' title="bbox 1973 5123 3556 5197; baseline 0.007 -22"><span class='ocrx_word' id='word_1_878' title='bbox 1973 5123 2178 5192; x_wconf 89' lang='lat' dir='ltr'><strong>ipsam,</strong></span> <span class='ocrx_word' id='word_1_879' title='bbox 2215 5133 2270 5177; x_wconf 93' lang='lat' dir='ltr'><strong>ut</strong></span> <span class='ocrx_word' id='word_1_880' title='bbox 2306 5123 2376 5176; x_wconf 93' lang='lat' dir='ltr'><strong>ita</strong></span> <span class='ocrx_word' id='word_1_881' title='bbox 2423 5123 2618 5190; x_wconf 83' lang='lat' dir='ltr'><strong>dicam,</strong></span> <span class='ocrx_word' id='word_1_882' title='bbox 2662 5123 3034 5181; x_wconf 84' lang='lat' dir='ltr'><strong>Pentecosteu.</strong></span> <span class='ocrx_word' id='word_1_883' title='bbox 3081 5128 3374 5197; x_wconf 86' lang='lat' dir='ltr'><strong>Oportebat</strong></span> <span class='ocrx_word' id='word_1_884' title='bbox 3415 5134 3556 5186; x_wconf 89' lang='lat' dir='ltr'><strong>enim</strong></span> 
     </span>
    </p>
   </div>
   <div class='ocr_carea' id='block_1_110' title="bbox 1975 5214 3559 5289">
    <p class='ocr_par' dir='ltr' id='par_1_110' title="bbox 1975 5214 3559 5289">
     <span class='ocr_line' id='line_1_110' title="bbox 1975 5214 3559 5289; baseline 0.004 -21"><span class='ocrx_word' id='word_1_885' title='bbox 1975 5214 2090 5269; x_wconf 76' lang='lat' dir='ltr'><strong>lucc</strong></span> <span class='ocrx_word' id='word_1_886' title='bbox 2134 5229 2322 5269; x_wconf 90' lang='lat' dir='ltr'><strong>rursus</strong></span> <span class='ocrx_word' id='word_1_887' title='bbox 2359 5214 2479 5270; x_wconf 65' lang='grc' dir='ltr'><strong>[θειὶ</strong></span> <span class='ocrx_word' id='word_1_888' title='bbox 2512 5226 2756 5286; x_wconf 89' lang='lat' dir='ltr'><strong>tempore</strong></span> <span class='ocrx_word' id='word_1_889' title='bbox 2795 5219 3126 5288; x_wconf 84' lang='lat' dir='ltr'><strong>contingere,</strong></span> <span class='ocrx_word' id='word_1_890' title='bbox 3173 5229 3232 5274; x_wconf 93' lang='lat' dir='ltr'><strong>ut</strong></span> <span class='ocrx_word' id='word_1_891' title='bbox 3275 5221 3364 5289; x_wconf 92' lang='lat' dir='ltr'><strong>qui</strong></span> <span class='ocrx_word' id='word_1_892' title='bbox 3411 5223 3559 5275; x_wconf 89' lang='lat' dir='ltr'><strong>cruci</strong></span> 
     </span>
    </p>
   </div>
   <div class='ocr_carea' id='block_1_111' title="bbox 1972 5304 3560 5382">
    <p class='ocr_par' dir='ltr' id='par_1_111' title="bbox 1972 5304 3560 5382">
     <span class='ocr_line' id='line_1_111' title="bbox 1972 5304 3560 5382; baseline 0.005 -23"><span class='ocrx_word' id='word_1_893' title='bbox 1972 5304 2168 5360; x_wconf 86' lang='lat' dir='ltr'><strong>Christi</strong></span> <span class='ocrx_word' id='word_1_894' title='bbox 2220 5305 2521 5370; x_wconf 88' lang='lat' dir='ltr'><strong>adfuerant,</strong></span> <span class='ocrx_word' id='word_1_895' title='bbox 2569 5307 2688 5364; x_wconf 78' lang='lat' dir='ltr'><strong>lucc</strong></span> <span class='ocrx_word' id='word_1_896' title='bbox 2729 5325 2943 5381; x_wconf 89' lang='lat' dir='ltr'><strong>quoque</strong></span> <span class='ocrx_word' id='word_1_897' title='bbox 2989 5311 3253 5366; x_wconf 81' lang='lat' dir='ltr'><strong>viderent.</strong></span> <span class='ocrx_word' id='word_1_898' title='bbox 3289 5310 3356 5364; x_wconf 84' lang='lat' dir='ltr'><strong>Et</strong></span> <span class='ocrx_word' id='word_1_899' title='bbox 3395 5313 3560 5382; x_wconf 81' lang='lat' dir='ltr'><strong>[actus</strong></span> 
     </span>
    </p>
   </div>
   <div class='ocr_carea' id='block_1_112' title="bbox 1973 5398 3558 5467">
    <p class='ocr_par' dir='ltr' id='par_1_112' title="bbox 1973 5398 3558 5467">
     <span class='ocr_line' id='line_1_112' title="bbox 1973 5398 3558 5467; baseline 0.006 -18"><span class='ocrx_word' id='word_1_900' title='bbox 1973 5407 2044 5450; x_wconf 82' lang='lat' dir='ltr'><strong>est</strong></span> <span class='ocrx_word' id='word_1_901' title='bbox 2086 5407 2290 5467; x_wconf 81' lang='lat' dir='ltr'><strong>repente</strong></span> <span class='ocrx_word' id='word_1_902' title='bbox 2316 5398 2380 5452; x_wconf 85' lang='lat' dir='ltr'><strong>de</strong></span> <span class='ocrx_word' id='word_1_903' title='bbox 2406 5400 2530 5453; x_wconf 81' lang='lat' dir='ltr'><strong>cwlo</strong></span> <span class='ocrx_word' id='word_1_904' title='bbox 2565 5416 2738 5455; x_wconf 83' lang='lat' dir='ltr'><strong>sonus.</strong></span> <span class='ocrx_word' id='word_1_905' title='bbox 2769 5401 2878 5456; x_wconf 89' lang='lat' dir='ltr'><strong>Cur</strong></span> <span class='ocrx_word' id='word_1_906' title='bbox 2903 5418 3009 5458; x_wconf 86' lang='lat' dir='ltr'><strong>non</strong></span> <span class='ocrx_word' id='word_1_907' title='bbox 3045 5402 3094 5456; x_wconf 93' lang='lat' dir='ltr'><strong>id</strong></span> <span class='ocrx_word' id='word_1_908' title='bbox 3123 5403 3240 5457; x_wconf 88' lang='lat' dir='ltr'><strong>sine</strong></span> <span class='ocrx_word' id='word_1_909' title='bbox 3285 5405 3558 5459; x_wconf 53' lang='lat' dir='ltr'><strong>sensibili.</strong></span> 
     </span>
    </p>
   </div>
   <div class='ocr_carea' id='block_1_113' title="bbox 1977 5489 3560 5564">
    <p class='ocr_par' dir='ltr' id='par_1_113' title="bbox 1977 5489 3560 5564">
     <span class='ocr_line' id='line_1_113' title="bbox 1977 5489 3560 5564; baseline 0.007 -23"><span class='ocrx_word' id='word_1_910' title='bbox 1977 5489 2074 5544; x_wconf 88' lang='lat' dir='ltr'><strong>bus</strong></span> <span class='ocrx_word' id='word_1_911' title='bbox 2102 5490 2267 5560; x_wconf 85' lang='lat' dir='ltr'><strong>signis</strong></span> <span class='ocrx_word' id='word_1_912' title='bbox 2299 5489 2491 5545; x_wconf 86' lang='lat' dir='ltr'><strong>factum</strong></span> <span class='ocrx_word' id='word_1_913' title='bbox 2514 5493 2632 5546; x_wconf 72' lang='lat' dir='ltr'><strong>est?</strong></span> <span class='ocrx_word' id='word_1_914' title='bbox 2657 5495 2942 5562; x_wconf 88' lang='lat' dir='ltr'><strong>Quoniam.</strong></span> <span class='ocrx_word' id='word_1_915' title='bbox 2970 5494 3013 5548; x_wconf 92' lang='lat' dir='ltr'><strong>si</strong></span> <span class='ocrx_word' id='word_1_916' title='bbox 3042 5511 3098 5548; x_wconf 90' lang='lat' dir='ltr'><strong>re</strong></span> <span class='ocrx_word' id='word_1_917' title='bbox 3128 5495 3206 5549; x_wconf 90' lang='lat' dir='ltr'><strong>sic</strong></span> <span class='ocrx_word' id='word_1_918' title='bbox 3235 5504 3382 5564; x_wconf 91' lang='lat' dir='ltr'><strong>gesta</strong></span> <span class='ocrx_word' id='word_1_919' title='bbox 3410 5496 3560 5553; x_wconf 88' lang='lat' dir='ltr'><strong>dice-</strong></span> 
     </span>
    </p>
   </div>
   <div class='ocr_carea' id='block_1_114' title="bbox 1975 5580 3558 5660">
    <p class='ocr_par' dir='ltr' id='par_1_114' title="bbox 1975 5580 3558 5660">
     <span class='ocr_line' id='line_1_114' title="bbox 1975 5580 3558 5660; baseline 0.008 -26"><span class='ocrx_word' id='word_1_920' title='bbox 1975 5580 2121 5638; x_wconf 90' lang='lat' dir='ltr'><strong>bant.</strong></span> <span class='ocrx_word' id='word_1_921' title='bbox 2157 5581 2325 5636; x_wconf 81' lang='lat' dir='ltr'><strong>Musto</strong></span> <span class='ocrx_word' id='word_1_922' title='bbox 2349 5583 2484 5651; x_wconf 79' lang='lat' dir='ltr'><strong>pleni</strong></span> <span class='ocrx_word' id='word_1_923' title='bbox 2513 5595 2653 5653; x_wconf 85' lang='lat' dir='ltr'><strong>sunt,</strong></span> <span class='ocrx_word' id='word_1_924' title='bbox 2683 5587 2784 5640; x_wconf 86' lang='lat' dir='ltr'><strong>nisi</strong></span> <span class='ocrx_word' id='word_1_925' title='bbox 2825 5600 2911 5638; x_wconf 83' lang='lat' dir='ltr'><strong>res</strong></span> <span class='ocrx_word' id='word_1_926' title='bbox 2938 5585 3016 5639; x_wconf 90' lang='lat' dir='ltr'><strong>sic</strong></span> <span class='ocrx_word' id='word_1_927' title='bbox 3046 5587 3176 5640; x_wconf 86' lang='lat' dir='ltr'><strong>facta</strong></span> <span class='ocrx_word' id='word_1_928' title='bbox 3203 5587 3408 5652; x_wconf 86' lang='lat' dir='ltr'><strong>fuisset,</strong></span> <span class='ocrx_word' id='word_1_929' title='bbox 3434 5593 3558 5660; x_wconf 88' lang='lat' dir='ltr'><strong>quid</strong></span> 
     </span>
    </p>
   </div>
   <div class='ocr_carea' id='block_1_115' title="bbox 1977 5675 3556 5748">
    <p class='ocr_par' dir='ltr' id='par_1_115' title="bbox 1977 5675 3556 5748">
     <span class='ocr_line' id='line_1_115' title="bbox 1977 5675 3556 5748; baseline 0.003 -19"><span class='ocrx_word' id='word_1_930' title='bbox 1977 5691 2081 5730; x_wconf 89' lang='lat' dir='ltr'><strong>non</strong></span> <span class='ocrx_word' id='word_1_931' title='bbox 2112 5675 2405 5730; x_wconf 73' lang='lat' dir='ltr'><strong>dixissent?</strong></span> <span class='ocrx_word' id='word_1_932' title='bbox 2449 5675 2634 5745; x_wconf 80' lang='lat' dir='ltr'><strong>Neque</strong></span> <span class='ocrx_word' id='word_1_933' title='bbox 2675 5677 2990 5746; x_wconf 89' lang='lat' dir='ltr'><strong>simpliciter</strong></span> <span class='ocrx_word' id='word_1_934' title='bbox 3031 5692 3196 5734; x_wconf 90' lang='lat' dir='ltr'><strong>sonus</strong></span> <span class='ocrx_word' id='word_1_935' title='bbox 3236 5679 3405 5738; x_wconf 86' lang='lat' dir='ltr'><strong>factus</strong></span> <span class='ocrx_word' id='word_1_936' title='bbox 3453 5697 3556 5748; x_wconf 56' lang='lat' dir='ltr'><strong>est,</strong></span> 
     </span>
    </p>
   </div>
   <div class='ocr_carea' id='block_1_116' title="bbox 1978 5765 3562 5845">
    <p class='ocr_par' dir='ltr' id='par_1_116' title="bbox 1978 5765 3562 5845">
     <span class='ocr_line' id='line_1_116' title="bbox 1978 5765 3562 5845; baseline 0.003 -25"><span class='ocrx_word' id='word_1_937' title='bbox 1978 5766 2096 5834; x_wconf 87' lang='lat' dir='ltr'><strong>sed,</strong></span> <span class='ocrx_word' id='word_1_938' title='bbox 2125 5767 2202 5826; x_wconf 77' lang='lat' dir='ltr'><strong>De</strong></span> <span class='ocrx_word' id='word_1_939' title='bbox 2222 5767 2369 5826; x_wconf 58' lang='lat' dir='ltr'><strong>calo.</strong></span> <span class='ocrx_word' id='word_1_940' title='bbox 2396 5765 2461 5822; x_wconf 82' lang='lat' dir='ltr'><strong>Et</strong></span> <span class='ocrx_word' id='word_1_941' title='bbox 2489 5767 2616 5836; x_wconf 87' lang='lat' dir='ltr'><strong>quia</strong></span> <span class='ocrx_word' id='word_1_942' title='bbox 2643 5765 2956 5837; x_wconf 81' lang='lat' dir='ltr'><strong>repentinus</strong></span> <span class='ocrx_word' id='word_1_943' title='bbox 2981 5777 3122 5845; x_wconf 70' lang='lat' dir='ltr'><strong>erat,</strong></span> <span class='ocrx_word' id='word_1_944' title='bbox 3145 5771 3395 5826; x_wconf 67' lang='lat' dir='ltr'><strong>excitavit</strong></span> <span class='ocrx_word' id='word_1_945' title='bbox 3441 5772 3562 5837; x_wconf 71' lang='lat' dir='ltr'><strong>illos</strong></span> 
     </span>
    </p>
   </div>
  </div>
