3976 6144
450 280 522 335 ιε
1185 274 1242 333 s.
1272 275 1550 335 ttulile
1583 272 2055 334 Cttnvsosront
2083 276 2399 335 AllClllEP.
2431 283 2962 346 CONSTANTI’SOP.
3667 289 3737 347 η

455 394 519 450 Et
540 393 748 464 replevit
764 403 918 448 totam
942 392 1170 448 domum.
1197 392 1441 464 Magnam
1465 393 1596 451 dicit
1622 394 1850 466 Spiritus
1874 396 2035 453 velte-

453 488 730 542 mcntiam.
768 484 1021 540 Attende.
1065 484 1266 543 Omnes
1315 485 1439 540 illuc
1483 487 1844 557 congregavit,
1883 500 1936 541 ut
1983 497 2036 541 et

450 589 740 648 praesentes
769 577 1076 645 crederent,
1120 593 1183 633 ac
1211 577 1355 648 digni
1385 579 1816 634 ostenderentur.
1855 580 2036 649 Neque

453 674 554 731 hoc
581 680 807 737 tantum,
840 669 935 726 sed
972 678 1027 726 et
1050 669 1196 727 aliud
1237 669 1394 740 longe
1422 669 1712 727 terribilius
1740 670 1950 741 adjecit.
1981 673 2032 724 5.

455 763 514 819 Et
536 773 884 833 apparuerunt
917 760 1020 815 illis
1050 759 1326 831 dispertita
1359 761 1549 831 lingua
1591 770 1850 831 tamquam
1881 762 2032 832 ignis.

450 854 640 924 inquit.
689 853 855 908 [lecte
902 851 1097 920 ubique
1140 852 1355 908 additur
1401 852 1553 920 illud,
1604 851 1925 923 Tamquam,
1967 867 2035 906 ne

448 946 573 1014 quid
600 944 854 1001 sensibile
879 943 947 999 de
989 943 1193 1013 Spiritu
1230 945 1526 1002 existimes.
1559 945 1836 1014 Tamquam
1877 945 2030 1014 ignis.

448 1038 639 1109 inquit,
686 1046 741 1093 et
781 1045 1046 1107 tamquam
1089 1036 1329 1106 spiritus.
1373 1036 1489 1093 Non
1531 1047 1646 1093 erat
1688 1053 1821 1108 ergo
1846 1049 2035 1092 ventus

446 1127 760 1197 simpliciter
790 1142 883 1197 per
912 1141 1093 1185 aerem
1134 1127 1357 1184 ell'usns.
1384 1127 1518 1185 Nam
1547 1144 1668 1185 eum
1698 1129 1890 1185 Joanui
1917 1130 2036 1199 Spi-

448 1221 582 1274 ritus
606 1219 789 1278 debuit
814 1220 1171 1285 innotcscere,
1190 1220 1341 1289 quasi
1371 1220 1423 1275 in
1453 1223 1633 1291 specie
1662 1220 1921 1276 columbae
1944 1236 2031 1276 su-

447 1329 541 1381 pra
569 1312 766 1370 Christi
813 1326 973 1386 caput
1016 1315 1156 1371 venit
1197 1313 1392 1386 (Mare.
1433 1316 1485 1371 1.
1531 1314 1619 1371 10.
1660 1314 1793 1369 Luc.
1840 1316 1893 1371 5.
1937 1315 2031 1371 22.

444 1404 601 1459 Joan.
633 1407 683 1460 t.
709 1406 803 1477 52)
827 1424 840 1462 :
874 1421 1014 1481 nunc
1042 1421 1187 1470 vero,
1211 1422 1331 1462 cum
1364 1415 1470 1461 tota
1501 1406 1786 1462 multitudo
1805 1421 2031 1463 conver-

447 1496 606 1557 tenda
650 1508 813 1565 esset,
865 1508 1132 1568 tamquam
1176 1497 1319 1568 ignis
1370 1498 1538 1553 venit.
1586 1497 1830 1570 Seditque
1875 1514 2032 1569 supra

442 1588 669 1658 singulos
690 1604 900 1655 eorum;
928 1587 980 1645 id
1028 1597 1129 1654 est,
1180 1589 1398 1653 mansit,
1440 1589 1740 1659 requievit;
1787 1604 1908 1644 nam
1938 1605 2030 1644 se-

443 1677 592 1741 dere.
621 1687 766 1733 stare
793 1687 849 1734 et
893 1693 1113 1744 manere
1151 1678 1438 1749 signiﬁcat.
1485 1679 1623 1747 Quid
1663 1681 1829 1735 vero?
1868 1695 1938 1735 an
1976 1681 2029 1734 in

441 1768 721 1824 duodecim
741 1778 944 1826 tantum
969 1771 1134 1838 venit,
1153 1786 1260 1826 non
1288 1772 1345 1825 in
1361 1773 1627 1828 caeteros?
1650 1771 2027 1843 Nequaquam;

439 1863 537 1919 sed
562 1863 710 1919 venit
735 1867 897 1919 etiam
935 1863 988 1919 in
1028 1863 1147 1918 illos
1182 1873 1394 1921 centum
1427 1864 1633 1935 viginti.
1674 1864 1857 1934 Neque
1882 1864 2031 1921 enim

439 1957 556 2010 sine
577 1968 737 2011 causa
762 1953 952 2010 Petrus
993 1954 1272 2026 pr0pheta:
1302 1955 1665 2012 testimonium
1696 1955 1916 2025 protulit
1941 1955 2026 2011 diu

437 2062 565 2107 cens
594 2065 607 2101 :
642 2047 709 2100 Et
729 2048 820 2101 erit
845 2047 898 2101 in
923 2048 1207 2104 novissimis
1232 2048 1426 2115 diebus,
1451 2049 1573 2104 dicit
1589 2048 1843 2105 Dominus
1865 2049 2023 2122 Deus,

436 2138 695 2206 e/fundam
719 2141 783 2195 de
807 2139 1010 2210 Spiritu
1038 2157 1150 2196 meo
1175 2158 1329 2212 super
1356 2158 1554 2197 omnem
1580 2159 1783 2198 carnem
1806 2159 1827 2200 :
1845 2154 1892 2198 et
1907 2160 2026 2214 pro-

436 2230 708 2293 phetabunt
736 2231 834 2299 ﬁlii
872 2232 1046 2298 vestri,
1079 2242 1128 2286 et
1155 2233 1278 2301 [ilia
1310 2243 1520 2298 vestrm;
1553 2243 1599 2289 ct
1633 2235 1846 2304 juvenes
1874 2236 2024 2290 vestri

434 2326 647 2381 risiones
668 2325 922 2393 videbunt,
939 2336 986 2379 et
1005 2342 1148 2382 senes
1165 2327 1312 2382 vestri
1324 2327 1520 2382 sonmia
1536 2329 1857 2382 somniabunt
1887 2328 2033 2399 (Joel

432 2416 489 2471 2.
521 2416 640 2488 28).
682 2416 1073 2497 Animadverte
1094 2432 1254 2487 porro
1301 2418 1446 2473 illum
1476 2434 1582 2474 non
1614 2420 1772 2475 modo
1810 2428 1869 2475 ut
1903 2436 2023 2490 per-

434 2509 671 2577 eelleret,
701 2509 797 2565 sed
827 2510 987 2566 etiam
1016 2518 1075 2567 ut
1099 2510 1265 2580 gratia
1298 2510 1551 2579 repleret,
1584 2512 1637 2565 in
1667 2511 1867 2583 Spiritu
1893 2527 2020 2568 san-

433 2608 521 2655 eto
547 2610 604 2656 et
632 2600 743 2673 igni
767 2601 978 2657 venisse
1007 2619 1022 2657 :
1050 2601 1321 2672 subjungit
1340 2603 1505 2668 enim,
1535 2603 1590 2658 1.
1620 2603 1683 2657 Et
1707 2604 1882 2674 repleti
1903 2616 2019 2659 sunt

431 2708 603 2747 ontnes
631 2691 829 2762 Spiritu
855 2702 1028 2746 sancto
1049 2734 1064 2759 ,
1105 2701 1153 2746 et
1183 2701 1436 2762 caperent
1465 2692 1601 2763 loqui
1629 2695 1781 2748 variis
1807 2695 2017 2766 linguis,

430 2791 579 2849 prout
608 2781 832 2852 Spiritus
860 2792 1065 2837 sanctus
1092 2783 1244 2838 dabat
1271 2783 1437 2852 eloqui
1464 2784 1589 2840 illis.
1631 2785 1746 2841 Non
1772 2786 1915 2843 aliud
1941 2788 2018 2841 si-

428 2891 588 2943 gnum
617 2870 902 2944 accipiunt,
932 2875 1024 2930 sed
1053 2874 1156 2931 hoc
1181 2877 1413 2944 primum
1437 2894 1452 2932 :
1482 2893 1677 2935 novum
1709 2879 1852 2934 enim
1878 2888 2012 2945 erat,

431 2983 531 3022 nec
570 2981 705 3037 opus
734 2965 831 3021 fuit
857 2967 963 3020 alio
989 2967 1162 3037 signo.
1187 2967 1353 3033 Sedit,
1383 2968 1575 3037 inquit,
1606 2987 1763 3040 supra
1791 2972 2017 3043 singulos

427 3075 621 3113 eorum.
649 3058 789 3128 Ergo
814 3057 972 3113 etiam
1012 3074 1172 3128 supra
1200 3059 1372 3123 illum,
1401 3061 1491 3130 qui
1525 3061 1728 3119 electus
1756 3078 1860 3116 non
1903 3064 2017 3119 fuco

428 3159 534 3205 rat.
581 3150 702 3207 Ideo
726 3167 829 3205 non
851 3149 962 3221 jam
997 3149 1144 3207 dolet
1185 3151 1331 3222 quod
1372 3167 1479 3208 non
1511 3153 1715 3209 electus
1762 3154 1919 3209 fuerit
1959 3164 2018 3210 ut

426 3243 680 3300 Matthias
700 3243 814 3299 '-Et
844 3243 1025 3314 repleti
1045 3254 1184 3310 sunt,
1206 3243 1401 3315 inquit,
1421 3262 1614 3303 attines.
1643 3246 1759 3301 Non
1788 3247 2012 3316 gratiam

426 3335 657 3405 Spiritus
684 3334 998 3408 simpliciter
1037 3345 1379 3409 acceperunt,
1407 3335 1501 3391 sed
1528 3336 1616 3392 illa
1642 3337 1831 3407 repleti
1866 3348 2008 3393 sunt.

429 3425 499 3482 Et
527 3437 783 3498 eruperunt
808 3428 946 3501 loqui
969 3429 1121 3484 rariis
1143 3428 1358 3500 linguis,
1379 3439 1526 3498 prout
1556 3430 1780 3500 Spiritus
1809 3441 2012 3487 sanctus

426 3519 580 3574 dabat
602 3521 766 3591 eloqui
791 3521 915 3575 illis.
942 3520 1056 3577 Non
1090 3521 1333 3589 dixisset,
1381 3521 1588 3592 Omnes,
1618 3524 1743 3581 licet
1778 3539 2013 3594 praesen-

428 3621 509 3665 tes
531 3611 981 3683 cssentapostoli,
1028 3612 1130 3668 nisi
1174 3613 1263 3669 alii
1305 3628 1520 3684 quoque
1566 3616 1854 3686 participes
1879 3617 2008 3672 luis-

424 3713 564 3756 sent.
597 3702 846 3776 Alioquin
870 3714 1074 3769 autem,
1102 3720 1223 3760 eum
1272 3705 1391 3761 illos
1416 3716 1542 3762 ante
1578 3708 1891 3765 nominatim
1922 3724 2009 3764 re-

425 3793 746 3861 euanuisset,
777 3809 883 3850 non
914 3793 1034 3849 illos
1060 3810 1201 3850 nuttc
1228 3809 1351 3851 cum
1387 3796 1508 3852 aliis
1541 3796 1792 3867 jungeret
1827 3799 1881 3855 in
1909 3799 2011 3856 hoe

426 3884 660 3956 negotio.
683 3883 814 3941 Nam
836 3884 906 3953 si,
935 3885 1025 3940 ubi
1048 3884 1331 3941 dicendum
1360 3894 1565 3943 tantum
1593 3896 1712 3944 erat
1735 3889 2010 3960 apostolos

424 3976 681 4046 adfuiSSc,
711 3976 858 4048 ipsos
877 3976 1192 4032 nominatim
1219 3977 1508 4044 recensuit,
1541 3980 1709 4035 multo
1729 3980 1902 4051 magis
1921 3981 2010 4041 hic

425 4067 546 4123 illos
572 4067 925 4124 distinxisset.

498 4159 727 4229 Spiritus
768 4166 974 4212 sanctus
1014 4157 1066 4212 in
1106 4158 1307 4214 orantes
1351 4157 1626 4215 descendit.
1652 4191 1726 4203 —
1749 4163 2008 4222 Animad-

423 4260 573 4305 verte
599 4257 799 4311 autem,
841 4247 1110 4318 quomodo
1144 4263 1267 4304 emn
1296 4261 1641 4321 perseverant
1665 4253 1715 4308 in
1742 4256 2005 4323 oratione,

422 4356 544 4394 eum
586 4339 861 4394 caritatem
897 4348 1149 4407 servant,
1190 4348 1316 4398 tunc
1361 4342 1590 4413 Spiritus
1632 4345 1899 4402 adveniat.
1949 4348 2005 4404 In

425 4429 741 4486 memoriam
780 4428 885 4484 illis
905 4440 1123 4486 revocat
1147 4433 1372 4488 alteram
1398 4435 1679 4504 visionem,
1704 4454 1825 4494 eum
1856 4439 2005 4509 dicit,

426 4522 704 4590 Tantquam
746 4521 899 4593 ignis.
958 4522 1249 4593 Tamquam
1291 4524 1427 4595 ignis
1475 4526 1617 4580 enim
1660 4530 1905 4598 apparuit
1952 4532 2007 4587 in

427 4612 584 4668 rubo.
626 4609 793 4666 Prout
832 4611 1058 4684 Spiritus
1096 4625 1303 4670 sanctus
1343 4616 1494 4671 dabat
1515 4620 1678 4688 eloqui
1719 4620 1843 4678 illis.
1875 4622 2005 4680 Nam

420 4706 630 4777 eloquia
654 4719 843 4761 eorum
879 4705 1034 4776 quasi
1073 4707 1518 4778 apophthegmata
1557 4719 1730 4765 erant.
1756 4712 1811 4769 5.
1840 4710 2009 4770 Erant

422 4806 591 4855 autem
618 4797 672 4852 in
698 4793 1009 4862 Jerusalem,
1038 4797 1229 4868 inquit,
1263 4798 1545 4857 habitantes
1564 4799 1739 4860 Judai
1768 4806 1862 4861 viri
1889 4808 2006 4862 reli-

418 4890 567 4959 giosi.
587 4888 712 4946 [hec
736 4888 995 4945 habitatio
1023 4890 1233 4961 signum
1263 4892 1533 4963 religionis
1553 4896 2005 4965 erat.Qnomodol

416 4983 551 5043 Cum
581 4997 614 5040 e
640 4991 721 5039 tot
746 4982 1052 5038 nationibus
1077 4992 1276 5053 essent,
1306 4986 1554 5055 patriam,
1572 4987 1783 5057 domos,
1810 5005 2007 5062 cogna-

418 5084 504 5129 tos
543 5074 892 5145 reliquerant,
924 5084 973 5131 et
1005 5073 1115 5130 illic
1151 5074 1479 5133 habitabant.
1518 5072 1655 5135 Nat’n
1696 5082 1812 5137 ait:
1846 5082 2010 5141 Erant

416 5165 471 5220 in
513 5164 807 5223 Jerusalem
849 5164 1130 5223 habitantes
1157 5164 1347 5231 Judaei,
1373 5169 1470 5223 uiri
1504 5170 1749 5242 religiosi,
1777 5189 1841 5228 ea:
1867 5178 2008 5230 omni

417 5255 641 5324 natione,
682 5270 799 5324 quis
835 5257 929 5312 sub
972 5258 1097 5313 ctelo
1135 5267 1228 5314 est.
1258 5258 1311 5315 6.
1339 5256 1503 5315 Facta
1543 5272 1712 5319 autem
1756 5266 1853 5321 liae
1889 5284 2008 5324 voce

416 5348 647 5403 convenit
675 5348 966 5418 ntultitudo,
987 5357 1034 5403 et
1059 5359 1225 5404 mente
1246 5352 1462 5422 confusa
1480 5360 1573 5408 est.
1596 5353 1733 5423 Quia
1758 5356 1813 5411 in
1844 5356 2010 5415 domo

423 5452 510 5494 res
535 5448 687 5510 gesta
711 5449 818 5507 est,
840 5439 965 5510 jure
987 5440 1079 5511 qui
1103 5438 1234 5496 loris
1259 5448 1415 5497 erant
1432 5445 1804 5503 accersebant.
1830 5448 2008 5506 Mente

417 5529 643 5586 confusa
671 5541 755 5588 est
790 5532 1098 5591 multitudo.
1119 5531 1259 5602 Quid
1299 5533 1560 5606 signiﬁcat
1595 5535 1752 5610 illud,
1781 5539 2006 5611 Confusa

476 5665 505 5736 f-
530 5661 629 5732 _Alii
663 5664 900 5733 legunt...
940 5686 965 5736 ᾳ
996 5682 1154 5736 supra
1193 5668 1424 5736 singulos
1445 5684 1633 5736 eorum.
1675 5689 1717 5736 s_
1738 5675 2007 5729 Considera

554 5726 793 5791 quoniam)
813 5742 908 5779 non
925 5726 1083 5783 doleat
1112 5733 1240 5793 quod
1268 5726 1363 5785 itan
1378 5733 1559 5787 electus
1581 5734 1755 5795 fuerit.

2140 400 2260 455 est?
2306 401 2575 474 Turbata,
2626 408 2888 467 admirata
2931 421 3031 468 est.
3077 413 3279 470 Deinde
3323 412 3734 475 admirationem

2143 493 2285 549 illam
2325 495 2607 553 declarans
2636 501 2710 555 ita
2743 504 2916 573 pergit
2949 521 2962 558 :
2996 504 3251 572 Quoniam
3294 507 3530 562 audiebat
3572 526 3731 563 unus-

2141 584 2351 654 quisque
2374 587 2551 658 lingua
2589 604 2682 643 sua
2705 592 2821 646 illos
2846 594 3124 663 loquentes.
3155 597 3208 651 7.
3237 594 3304 649 Et
3334 600 3569 651 conuenit
3595 602 3733 652 mul-

2142 675 2323 740 titudo,
2347 688 2392 731 et
2421 679 2552 733 inter
2579 698 2633 734 se
2653 683 2887 737 dicebant
2916 701 2938 739 :
2971 684 3158 740 Nonne
3184 705 3295 741 erce
3321 688 3409 742 isti
3433 705 3629 747 attines.
3648 693 3736 761 qui

2141 771 2434 835 loquuntur,
2486 768 2689 825 Galiltvi
2726 777 2885 828 sunt?
2915 777 2993 830 Ad
3019 779 3294 847 apostolos
3333 782 3515 834 statim
3562 785 3732 850 respi-

2139 856 2308 913 ciunt.
2339 858 2391 914 8.
2435 860 2501 915 Et
2548 864 2797 930 quomodo
2826 882 2920 920 nos
2959 868 3197 922 audimus
3234 872 3579 940 unusquisque
3628 875 3732 926 lin-

2138 964 2292 1014 guam
2329 961 2569 1020 nostram,
2585 955 2636 1007 in
2661 973 2761 1025 qua
2790 960 2898 1012 nati
2920 960 3139 1015 sumus?
3167 960 3378 1028 Parthi,
3405 972 3452 1017 et
3479 964 3619 1019 Medi
3637 1008 3650 1027 ,
3685 979 3733 1019 et

2139 1041 2409 1112 Elamitas,
2441 1056 2488 1100 et
2508 1122 2511 1125 _
2532 1050 2619 1116 qui
2649 1049 2874 1105 habitant
2916 1052 3368 1122 Mesopotamiam,
3398 1056 3638 1111 Judwam
3682 1068 3733 1112 et

2137 1135 2553 1208 Cappadociam,
2612 1142 2834 1197 Pontum
2871 1156 2919 1199 et
2961 1147 3162 1211 Asiam,
3214 1147 3300 1202 40.
3354 1147 3637 1221 Phrygiam
3682 1161 3731 1205 et

2141 1228 2502 1300 Pamphyliam
2526 1276 2542 1298 ,
2574 1233 2861 1306 (Egyptum
2885 1247 2929 1289 et
2955 1250 3123 1307 partes
3150 1238 3343 1310 Libym,
3366 1256 3481 1310 quae
3493 1253 3574 1295 est
3595 1246 3730 1295 circa

2138 1321 2385 1393 Cyrenen,
2420 1336 2466 1377 et
2485 1328 2690 1380 attenuat
2714 1328 2952 1391 Romani.
2984 1332 3042 1387 11
3100 1330 3275 1386 Jntltt'i
3308 1349 3505 1403 quoque
3530 1344 3575 1386 tl
3606 1353 3728 1400 prn—

2136 1415 2301 1485 srlgti,
2334 1416 2499 1471 Cretes
2523 1430 2567 1471 et
2601 1420 2786 1473 Arabes
2816 1424 3088 1475 :audimtts
3125 1439 3208 1476 eos
3239 1423 3496 1494 lotptrntes
3543 1424 3734 1477 nos'ril

2136 1506 2321 1577 linguis
2363 1511 2616 1579 mugnalia
2656 1511 2771 1567 Dei.
2818 1512 2901 1566 ΓΞ.
2950 1514 3235 1583 Stupebant
3271 1526 3441 1569 autem
3483 1533 3655 1571 attines
3681 1532 3729 1569 «ἐ

2135 1598 2447 1655 mirabantur
2471 1644 2485 1663 ,
2527 1603 2594 1655 ad
2637 1604 2847 1657 invicem
2895 1605 3113 1659 dicentes
3140 1622 3158 1659 :
3182 1606 3440 1673 Quidnam
3483 1608 3586 1660 vult
3632 1609 3723 1661 ho;

2134 1691 2273 1745 esse?
2297 1690 2467 1747 Viden
2489 1693 2611 1748 illos
2637 1695 2704 1748 ali
2728 1695 2945 1750 Oriente
2975 1697 3027 1749 in
3053 1698 3395 1753 Occidentem
3421 1714 3678 1753 accurrcu
3698 1729 3714 1739 -

2136 1791 2216 1837 tes
2241 1783 2297 1836 ’Ἰ
2321 1784 2405 1838 15.
2433 1783 2536 1838 Alii
2560 1794 2749 1853 autem,
2780 1786 2971 1857 inquit,
3004 1789 3267 1844 irridentes
3304 1790 3555 1857 dicebant,
3593 1792 3729 1857 Qui:

2133 1886 2299 1930 musto
2322 1877 2459 1946 pleni
2481 1887 2618 1931 stmt.

2201 1968 2256 2024 2.
2287 1968 2331 2023 0
2359 1971 2657 2024 vesaniam!
2680 1985 2716 2029 ο
2745 1971 3013 2042 ingentem
3056 1974 3383 2043 nvtpaitiam!
3432 1976 3591 2046 Atqui
3625 1992 3726 2031 nee

2133 2068 2340 2129 tempus
2367 2069 2483 2115 erat
2512 2062 2828 2116 vindemia):
2860 2075 2972 2117 erat
2998 2065 3139 2119 enim
3172 2066 3505 2122 Pentecoste.
3537 2068 3720 2136 ρωπί-

2129 2166 2233 2221 que
2276 2153 2492 2222 gravius
2540 2164 2640 2219 est,
2690 2154 3068 2210 Conﬁtentihus
3115 2158 3388 2223 omnibus,
3438 2159 3720 2223 Ilutnanis,

2129 2246 2430 2317 proselytis,
2452 2256 2505 2301 et
2532 2247 2669 2303 forte
2689 2264 2753 2303 ex
2794 2250 2858 2303 iis
2895 2253 2984 2320 qui
3035 2252 3430 2315 crucilixcranl,
3484 2253 3557 2306 illi
3610 2264 3716 2307 tam

2130 2337 2310 2391 multis
2346 2338 2512 2409 signis
2543 2338 2703 2394 editis
2728 2339 2933 2405 dicunt,
2955 2340 3125 2395 illustri
3152 2343 3287 2409 pleni
3309 2353 3445 2399 sinit.
3466 2343 3571 2399 Sed
3598 2362 3719 2415 qua:

2126 2442 2283 2497 supra
2311 2427 2451 2482 dicta
2475 2439 2600 2483 sum
2630 2441 2957 2498 repetamus.
2994 2431 3241 2507 lleplcrit,
3271 2434 3460 2504 inquit,
3486 2435 3719 2491 domum.

2125 2519 2354 2588 Spiritus
2381 2520 2533 2589 quasi
2558 2520 2758 2590 piscina
2787 2536 2939 2591 aqua:
2961 2522 3074 2575 fuit.
3109 2523 3248 2593 Ignis
3272 2539 3400 2578 vero
3422 2535 3478 2580 et
3507 2527 3716 2594 cupiam

2124 2619 2179 2669 et
2205 2612 2596 2669 vehementiam
2643 2614 2926 2683 signiﬁcat.
2968 2614 3110 2669 Nihil
3153 2617 3258 2672 tale
3281 2619 3473 2683 accidit
3513 2620 3564 2673 in
3592 2636 3719 2690 pro-

2125 2702 2334 2771 phetis;
2362 2705 2454 2761 sed
2474 2720 2615 2761 nunc
2641 2706 2719 2762 sic
2747 2706 2869 2769 illis,
2893 2708 3170 2777 prophetis
3199 2719 3376 2764 autem
3400 2711 3504 2765 alio
3531 2715 3712 2768 modo.

2124 2794 2425 2866 Capitulum
2473 2797 2616 2853 enim
2675 2797 2794 2854 libri
2837 2797 3018 2852 datmn
3046 2809 3129 2853 est
3156 2800 3446 2869 Ezechieli,
3475 2813 3529 2857 et
3568 2816 3736 2860 curnt

2122 2887 2231 2945 edit
2259 2903 2323 2943 ea
2348 2904 2468 2959 qua:
2499 2890 2737 2945 dicturus
2762 2899 2880 2944 erat
2912 2907 2925 2942 :
2959 2888 3175 2944 Factum
3196 2903 3265 2946 est
3296 2905 3484 2962 autem,
3520 2895 3709 2965 inquit,

2120 2981 2175 3035 in
2218 2997 2303 3037 ore
2347 2982 2456 3051 ejus
2499 2992 2552 3035 ut
2586 2974 3013 3037 mel'duleescens
3040 2980 3256 3049 (Exerit.
3288 2984 3345 3039 5.
3378 2984 3452 3056 '5).
3490 2986 3554 3039 lit
3597 3001 3712 3039 rur-

2118 3060 2238 3131 Sutn
2280 3092 2469 3132 manus
2516 3077 2612 3132 Dei
2655 3076 2823 3147 tangit
2865 3076 3103 3144 linguam
3157 3077 3382 3135 alterius
3435 3078 3710 3150 prophetat

2122 3169 2139 3235 (
2146 3166 2178 3222 J
2185 3185 2258 3221 er.
2285 3169 2335 3223 1.
2352 3167 2436 3237 9).
2460 3167 2557 3222 llic
2582 3184 2711 3225 vero
2729 3170 2842 3240 ipse
2867 3171 3095 3243 Spiritus
3124 3179 3346 3226 sanctus
3370 3180 3452 3225 est
3476 3187 3490 3222 :
3523 3171 3708 3241 sicque

2119 3274 2214 3328 par
2239 3269 2323 3314 est
2368 3260 2570 3315 ltonore
2610 3261 2749 3316 l’atri
2777 3271 2831 3319 et
2859 3263 3016 3319 Filio.
3052 3263 3360 3333 Rursusque
3397 3261 3521 3317 alibi
3563 3263 3639 3318 ait
3688 3280 3703 3317 :

2117 3349 2455 3414 Latiimtatio,
2486 3361 2533 3406 et
2558 3355 2829 3417 canticum,
2851 3366 2898 3410 et
2926 3371 3001 3410 ea:
3024 3355 3237 3427 (Ezeclt.
3254 3354 3311 3409 2.
3333 3357 3410 3425 9).
3436 3354 3546 3410 Illis
3574 3368 3715 3425 ergo

2112 3444 2235 3511 jure
2262 3444 2312 3497 in
2350 3442 2489 3499 libro
2530 3443 2717 3499 datum
2758 3457 2888 3502 est:
2930 3463 3054 3502 nam
3098 3446 3542 3501 similitudinibus
3578 3461 3705 3517 egeo

2119 3534 2245 3590 bant
2263 3552 2280 3590 :
2298 3550 2520 3605 remque
2548 3535 2624 3593 illi
2639 3535 2905 3593 habebant
2930 3555 3050 3594 eum
3071 3554 3171 3593 una
3195 3550 3399 3594 tantum
3420 3549 3581 3610 gente
3604 3540 3704 3596 sibi

2116 3626 2329 3696 propria
2363 3645 2377 3680 :
2410 3626 2464 3683 hi
2494 3642 2622 3684 vero
2654 3644 2774 3684 eum
2806 3631 3058 3687 universo
3083 3630 3236 3698 urbe,
3255 3641 3309 3686 et
3332 3648 3451 3686 eum
3479 3631 3543 3686 iis
3567 3647 3710 3702 quos

2116 3734 2224 3774 non
2252 3729 2531 3776 noverant.
2569 3721 2797 3777 Elismus
2826 3737 2921 3793 per
2960 3723 3195 3779 melotcn
3241 3725 3465 3794 gratiam
3510 3725 3707 3793 accipit

2117 3809 2327 3881 (LIleg.
2355 3809 2436 3881 2);
2460 3812 2601 3867 alius
2618 3828 2711 3881 per
2728 3813 2924 3881 oleum,
2956 3825 3012 3868 ut
3045 3814 3207 3867 David
3230 3816 3304 3883 (t.
3328 3815 3451 3885 Reg.
3476 3815 3704 3886 tG.l3);

2115 3901 2327 3974 Moyses
2373 3919 2466 3973 per
2514 3905 2688 3974 ignem
2730 3905 2848 3960 rnhi
2899 3917 3120 3960 vocatur
3145 3905 3345 3977 (Exod.
3385 3909 3436 3962 3.
3464 3906 3546 3976 2).
3597 3908 3703 3963 Sed

2115 3990 2203 4053 hic
2224 4007 2412 4058 secus;
2444 3994 2558 4063 ipse
2601 4011 2832 4065 namque
2857 3996 2992 4065 ignis
3039 3998 3252 4052 insedit.
3284 3998 3388 4053 Sed
3430 4015 3527 4053 cur
3568 4000 3705 4069 ignis

2115 4100 2220 4141 non
2251 4085 2324 4141 ita
2366 4087 2611 4156 apparuit
2638 4096 2695 4141 ut
2734 4088 2981 4157 impleret
3007 4089 3258 4143 domum?
3283 4090 3418 4157 Quia
3457 4092 3705 4148 exterriti

2116 4175 2357 4234 fuissent.
2389 4177 2491 4233 Sed
2520 4178 2755 4234 ostendit
2784 4179 3015 4249 idipsum
3044 4182 3307 4238 evenisse.
3334 4183 3414 4238 Ne
3445 4187 3697 4241 attendas

2113 4270 2255 4327 enim
2285 4270 2426 4340 quod
2447 4272 2659 4339 dixerit,
2685 4273 3048 4344 Apparuerunt
3070 4274 3174 4328 illis
3195 4264 3473 4342 dispertita
3491 4276 3698 4349 lingula,

2112 4362 2208 4420 sed
2235 4364 2408 4434 ignem
2436 4362 2598 4419 fuisse
2623 4365 2953 4423 consideres.
2987 4366 3191 4422 Tantus
3218 4368 3356 4438 ignis
3379 4369 3699 4425 immensam

2112 4455 2319 4526 sylvam
2359 4463 2534 4525 potest
2576 4457 2877 4513 incendere.
2912 4459 2992 4513 Ae
3023 4468 3164 4514 recte
3190 4457 3339 4525 dicit,
3384 4459 3694 4530 Dispertitte.

2112 4544 2189 4599 Ex
2219 4561 2320 4599 una
2347 4548 2487 4600 enim
2534 4549 2714 4604 radice
2740 4551 2760 4581 ³
2792 4558 2973 4615 erant;
3003 4559 3060 4604 ut
3086 4549 3261 4605 discas
3293 4550 3399 4605 vim
3439 4554 3699 4622 operandi

2111 4652 2234 4693 esse
2262 4653 2292 4692 a
2314 4638 2593 4695 Paraclcto
2640 4641 2881 4698 missam.
2912 4642 3188 4712 Perpende
3217 4652 3391 4699 autem
3435 4644 3556 4700 illos
3584 4646 3697 4716 pri—

2110 4744 2257 4784 mum
2285 4728 2475 4800 dignos
2503 4730 2800 4811 declaratos
2820 4747 2940 4788 esse
2957 4774 2971 4798 ,
3004 4741 3059 4786 et
3080 4732 3205 4789 hinc
3224 4734 3497 4805 accepisse
3526 4736 3701 4806 Spiri-

2113 4831 2224 4878 tum
2269 4831 2541 4888 sanctum,
2573 4834 2633 4877 ut
2657 4826 2707 4878 in
2742 4823 2939 4878 Davide
2962 4823 3157 4879 accidit
3187 4843 3202 4877 :
3230 4842 3354 4881 nam
3377 4843 3495 4897 qua:
3520 4828 3613 4883 ille
3641 4828 3696 4896 in

2110 4912 2337 4967 ovilibus
2383 4911 2602 4979 fecerm,
2629 4911 2816 4967 eadem
2857 4912 2982 4968 fecit
3026 4924 3150 4987 post
3191 4917 3473 4972 victoriam
3503 4928 3556 4974 et
3582 4929 3699 4974 tro~

2112 5011 2305 5075 patum,
2339 5013 2398 5058 ut
2427 5004 2599 5074 [alam
2624 5012 2768 5059 esset
2807 5003 2941 5060 fides
2969 5006 3103 5076 ejus.
3140 5007 3277 5064 Vide
3300 5023 3512 5065 rursum
3544 5010 3698 5083 Moy-

2107 5108 2226 5150 sem
2246 5096 2335 5166 qui
2357 5096 2469 5167 ipse
2485 5092 2696 5167 quoque
2715 5097 2914 5168 regiam
2936 5100 3264 5172 destriciebat
3296 5101 3552 5175 (Exod.2.
3580 5104 3699 5175 ll),

2111 5197 2165 5243 et
2187 5195 2306 5258 post
2346 5187 2695 5259 quadraginta
2723 5203 2895 5245 annos
2944 5193 3328 5263 rempublicam
3355 5196 3703 5251 administra-

2109 5280 2216 5348 vit;
2264 5280 2566 5338 Samuelem
2608 5280 2665 5338 in
2708 5284 2913 5385 t‘emplo
2951 5285 3231 5343 educatum
3258 5288 3333 5356 (l.
3366 5287 3494 5361 Reg.
3520 5288 3579 5347 3.
3605 5289 3697 5359 3);

2175 5437 2193 5469 ι
2228 5443 2358 5489 Unus
2399 5437 2553 5489 habet
2580 5448 2595 5488 :
2640 5436 2813 5507 riden'
2839 5439 2970 5507 wide
3004 5438 3302 5507 aligerorum
3337 5442 3494 5495 inter
3532 5442 3702 5507 manu

2109 5504 2356 5550 terrarum
2377 5501 2726 5564 percurrerint.
2763 5508 2893 5551 Itane
2912 5501 3175 5554 lectionem
3202 5514 3464 5571 1equutus
3486 5513 3564 5558 est
3586 5506 3703 5555 lira-

2110 5571 2600 5700 Ηῗῗῖη.¹¹ἔ¹ίῖῗξ
2613 5622 2807 5700 dilui:
2835 5636 2966 5700 ΡΨ]
2978 5624 3176 5700 Ῑίέίέξίθ·
3199 5626 3259 5676 Et
3284 5627 3465 5700 ίέξίῖθα·
3484 5641 3530 5700 9.
3542 5636 3701 5699 ,μηθ’

2111 5679 2453 5799 ξιῶξῗὺτᾶξέἴυη
2474 5695 2491 5737 :
2513 5684 2600 5748 qui
2610 5679 2737 5749 ignis
2755 5679 2910 5735 iratior
2934 5679 3133 5748 peccata
3162 5688 3333 5740 mundi
3356 5690 3494 5752 quasi
3516 5688 3703 5754 tignum
