4010 6158
273 291 348 358 ιε,¹
955 309 958 314 -
1282 278 1351 334 IN
1388 277 1564 336 ACTA
1609 274 2378 342 APOSTOLORUMJIOMIL.
2422 284 2512 342 IV.
3478 295 3558 354 η

270 408 514 463 Elismum
540 445 556 470 ,
591 401 682 474 qui
725 397 904 459 omnia
939 395 1141 454 dimisit
1173 397 1250 467 ('5.
1286 395 1410 465 Reg.
1442 394 1673 465 {9.21);
1713 394 1847 448 Eze-

267 499 490 554 chielem
537 498 683 550 item.
731 490 884 560 Quod
914 505 1041 546 vera
1088 491 1167 544 sic
1196 489 1458 553 evenerit,
1505 488 1758 558 liqnctex
1789 488 1853 542 iis

267 609 379 662 qnze
427 597 650 660 sequuta
696 595 821 642 sunt
853 599 1014 642 :nam
1045 583 1099 637 hi
1127 597 1221 637 sua
1266 583 1446 636 omnia
1499 583 1848 652 reliquerunt.

199 705 206 710 ·
269 684 384 738 Ideo
429 690 557 735 tunc
592 677 847 748 Spiritum
883 674 1194 745 accipiunt.
1244 687 1366 727 cum
1406 673 1652 728 virtutem
1695 685 1848 726 suam

264 773 640 828 ostendissent.
682 767 988 822 Didicerant
1036 764 1322 819 humanam
1347 762 1706 818 inﬁrmitatem
1752 777 1851 833 per

265 880 341 927 ea,
363 878 484 934 quae
511 861 651 932 passi
668 860 878 916 fuerant
902 857 1231 912 :didicerant
1252 869 1310 908 se
1332 870 1436 908 non
1461 853 1654 908 frustra
1679 853 1848 923 probe

266 972 374 1012 rem
397 956 647 1026 gessisse.
667 957 756 1012 Sic
783 963 840 1010 et
859 953 991 1011 Saul
1017 965 1139 1006 cum
1162 949 1525 1005 testimonium
1553 946 1850 1014 accepisset

264 1064 318 1104 se
355 1049 555 1104 bonum
587 1063 711 1104 esse
737 1045 1206 1114 virum,Spiritum
1229 1041 1464 1129 accepit;
1494 1039 1586 1094 sed
1603 1054 1669 1094 eo
1689 1037 1849 1093 modo

262 1157 364 1211 quo
391 1156 539 1197 nunc
577 1139 848 1211 discipuli,
873 1147 1275 1206 netnorneque
1305 1133 1515 1206 Moyses
1555 1133 1645 1204 qui
1677 1133 1849 1202 major

262 1232 541 1303 prophetis
577 1240 717 1289 erat.
741 1229 876 1287 Nam
921 1229 1030 1295 ille,
1062 1242 1182 1283 cum
1210 1234 1484 1296 oporteret
1521 1225 1654 1280 alios
1683 1224 1847 1294 Spiri-

262 1325 434 1380 tuales
481 1323 668 1391 effici,
715 1321 1024 1377 imminutus
1061 1327 1161 1373 est.
1191 1316 1289 1372 llic
1334 1331 1462 1372 vero
1501 1329 1608 1370 non
1653 1315 1846 1370 eodem

258 1416 444 1481 modo,
472 1414 569 1470 sed
616 1410 1060 1485 quemadmodum
1088 1408 1155 1464 ad
1182 1409 1359 1480 ignem
1388 1417 1519 1478 quot
1557 1406 1699 1462 volet
1717 1406 1845 1478 qui-

254 1511 336 1564 vis
362 1509 614 1563 lucernas
637 1505 908 1568 accendet,
938 1518 1039 1560 nec
1061 1493 1263 1557 minuet
1291 1502 1492 1572 ignem,
1524 1500 1602 1555 sic
1629 1509 1683 1556 et
1710 1513 1848 1569 apo-

254 1602 416 1657 stolis
464 1609 590 1655 tunc
617 1598 855 1670 contigit.
899 1596 1035 1651 Nam
1067 1611 1162 1667 per
1191 1595 1366 1666 ignem
1405 1609 1509 1649 non
1538 1593 1698 1648 modo
1726 1607 1848 1664 gra-

256 1694 342 1746 tia:
371 1692 594 1747 ubertas
619 1687 1031 1754 ostendebatur;
1077 1686 1172 1742 sed
1195 1687 1417 1757 quisque
1446 1684 1646 1740 fontem
1671 1684 1845 1753 Spiri-

258 1793 338 1838 tus
363 1783 685 1851 accipiebat,
715 1789 772 1835 ut
796 1780 932 1836 dixit
983 1779 1094 1846 ille,
1124 1793 1219 1835 eos
1245 1779 1336 1849 qui
1365 1782 1416 1833 in
1437 1793 1499 1834 se
1535 1776 1841 1846 crederent,

257 1882 575 1944 accepturos
605 1886 724 1927 esse
745 1871 948 1926 fontem
978 1885 1132 1941 aqua:
1156 1870 1396 1925 salientis
1423 1870 1475 1924 in
1495 1870 1656 1924 vitam
1687 1879 1846 1925 mter-

257 1981 376 2019 nam
409 1963 592 2036 (Joan.
625 1965 677 2020 4.
710 1963 800 2034 ll)
830 1982 843 2016 :
877 1962 1039 2034 idque
1081 1962 1204 2030 jure
1250 1962 1463 2018 merito.
1489 1961 1672 2032 Neque
1699 1962 1842 2016 enim

252 2070 372 2110 eum
401 2056 680 2111 Pharaone
709 2055 1028 2126 disputaturi
1057 2054 1332 2120 abierant,
1361 2052 1455 2108 sed
1483 2069 1602 2108 cum
1630 2052 1844 2109 diabolo

255 2148 562 2219 pugnaturi.
600 2145 862 2218 Quodque
904 2146 1202 2202 mirabilius
1243 2154 1346 2212 est,
1380 2145 1529 2200 missi
1561 2161 1667 2202 non
1693 2160 1845 2216 repu-

252 2250 501 2310 gnarunt,
530 2257 629 2295 nec
654 2240 900 2296 dixerunt
930 2254 990 2296 se
1007 2240 1194 2312 gracili
1219 2253 1349 2295 voce
1376 2248 1431 2295 et
1454 2239 1628 2310 lingua
1661 2239 1842 2296 tardos

251 2349 370 2390 esse
401 2334 598 2406 (Exod.
625 2335 678 2391 ι.
710 2333 832 2406 10);
864 2331 1074 2406 Moyses
1100 2333 1244 2391 enim
1275 2333 1398 2390 illos
1428 2334 1494 2389 ad
1525 2335 1629 2390 hoc
1654 2333 1840 2389 erudi-

250 2427 516 2483 erat.Non
534 2427 804 2494 dixerunt,
820 2427 1128 2497 sejuniores
1147 2441 1287 2492 esse;
1309 2443 1431 2482 nam
1449 2427 1708 2484 Jeremias
1721 2428 1840 2484 illos

250 2519 559 2575 instituerat
588 2519 722 2589 (Jer.
753 2521 806 2575 l.
835 2521 914 2590 6).
943 2519 1104 2590 Atqui
1147 2520 1314 2574 multa
1356 2518 1639 2576 audierant
1679 2521 1840 2577 terri-

248 2611 398 2676 bilia,
443 2612 738 2684 multoque,
771 2629 930 2684 quam
977 2615 1073 2679 illi,
1104 2615 1346 2686 majora:
1375 2623 1430 2671 et
1460 2625 1637 2669 tamen
1681 2615 1837 2670 veriti

248 2715 373 2761 sunt
398 2706 790 2763 comradicere.
835 2706 971 2762 Hinc
998 2708 1170 2778 palam
1199 2717 1282 2764 est
1307 2723 1402 2763 eos
1430 2707 1594 2762 fuisse
1623 2707 1842 2776 angelos

247 2795 401 2861 lucis,
425 2806 481 2850 et
505 2812 855 2866 supernarum
885 2813 1065 2853 rerum
1100 2799 1396 2854 ministros.
1413 2798 1480 2852 Et
1499 2799 1603 2852 illis
1627 2798 1841 2868 quidem

247 2887 299 2940 in
329 2898 472 2942 terra
501 2888 780 2958 agentibus
801 2888 976 2962 nullus
1004 2889 1072 2944 de
1098 2890 1234 2945 caelo
1257 2891 1538 2959 apparuit;
1570 2889 1665 2944 sed
1697 2897 1844 2958 post-

245 2994 406 3048 quam
444 2979 691 3034 ascendit
735 2980 908 3033 llomo
948 2995 1161 3034 sursum
1187 3022 1203 3044 ,
1250 2979 1488 3050 Spiritus
1521 2996 1552 3036 e
1597 2981 1846 3051 supernis

243 3069 498 3133 advenit;
526 3068 804 3138 Tamquam
827 3071 1236 3138 supervenientis,
1259 3070 1450 3141 inquit,
1475 3071 1684 3141 spiritus
1699 3073 1845 3125 velte-

243 3160 456 3215 tnentis.
503 3159 638 3213 llinc
672 3158 906 3214 declarat
933 3160 1064 3224 fore,
1096 3169 1151 3215 ut
1175 3160 1305 3218 nihil
1333 3163 1498 3232 possit
1525 3163 1654 3232 ipsis
1691 3163 1837 3218 obsi-

243 3260 410 3316 stere,
444 3249 542 3303 sed
574 3249 816 3304 inimicos
842 3251 910 3306 ab
935 3251 1064 3321 ipsis
1109 3251 1344 3320 pulveris
1379 3253 1545 3308 instar
1573 3254 1836 3309 ventilan-

246 3337 341 3393 dos
381 3353 531 3393 esse.
577 3337 644 3392 Et
691 3341 898 3406 replevit
945 3349 1101 3395 totam
1154 3341 1378 3396 domum.
1398 3342 1596 3399 Domus
1652 3345 1835 3400 mundi

250 3430 550 3501 symbolum
571 3439 703 3484 erat.
725 3431 966 3502 Seditque
993 3448 1151 3502 supra
1169 3433 1396 3504 singulos
1412 3450 1604 3490 eorum.
1625 3435 1693 3490 Et
1714 3452 1834 3492 con-

246 3523 377 3575 venit
395 3521 688 3588 multitudo,
707 3531 751 3575 et
768 3533 928 3577 mente
942 3539 1034 3577 con
1039 3527 1153 3595 fusa
1167 3533 1259 3579 est.
1268 3525 1614 3586 Viden‘illoru
1623 3547 1672 3586 m
1683 3533 1852 3603 pieta-

251 3620 376 3678 tem,
408 3621 467 3667 et
498 3612 768 3681 quomodo
789 3614 921 3668 nihil
947 3617 1124 3670 statim
1147 3619 1508 3687 pronuntient,
1554 3622 1648 3676 sed
1678 3621 1838 3676 haesi-

250 3705 395 3758 tcntl
440 3705 520 3759 llli
566 3720 694 3759 vero
720 3705 945 3776 improbi
985 3711 1333 3778 pronuntiant
1368 3711 1628 3773 dicentes.
1667 3713 1834 3768 Musto

253 3794 381 3859 pleni
416 3807 554 3849 sunt.
578 3796 840 3862 Quoniam
863 3798 1155 3853 secundum
1185 3801 1357 3870 legem
1398 3802 1593 3858 licebat
1623 3805 1728 3861 illis
1751 3816 1835 3862 ter

255 3885 535 3951 quotannis
566 3887 617 3939 in
662 3888 862 3957 templo
888 3903 1223 3958 comparere,
1250 3891 1373 3948 ideo
1398 3894 1502 3948 illic
1527 3895 1834 3954 habitabant

253 3989 314 4029 ex
339 3977 590 4032 omnibus
617 3980 918 4034 nationibus
945 3982 1042 4037 viri
1075 3983 1329 4054 religiosi.
1373 3985 1508 4042 llinc
1536 3989 1829 4059 perpende,

257 4081 402 4133 qnam
433 4084 542 4122 non
589 4069 834 4125 adnletur
857 4072 962 4127 illis
991 4075 1079 4144 qui
1120 4074 1233 4130 haee
1264 4077 1496 4146 scripsit.
1522 4080 1636 4135 Non
1686 4083 1837 4137 enim-

256 4155 376 4214 dicit
400 4160 526 4217 illos
556 4162 683 4232 quid
721 4168 1115 4234 pronuntiasse,
1143 4170 1234 4223 sed
1265 4172 1426 4240 quid?
1459 4171 1622 4226 Facta
1660 4187 1831 4229 autent

258 4248 344 4303 hac
366 4267 484 4306 voce
508 4255 734 4309 convenit
762 4256 1031 4313 multitudo
1048 4269 1094 4313 et
1122 4271 1286 4316 mente
1313 4268 1524 4335 confusa
1545 4275 1636 4322 est.
1665 4266 1825 4322 iure:

255 4343 508 4409 putabant
536 4347 676 4402 enim
703 4363 816 4404 rem
843 4351 1006 4404 linem
1032 4354 1303 4422 accepisse
1331 4371 1426 4425 per
1450 4373 1603 4414 suum
1644 4370 1830 4415 contra

255 4432 518 4492 Christum
546 4439 769 4497 facinus.
801 4443 1055 4512 Alioquin
1076 4458 1228 4510 vero,
1266 4449 1593 4504 conscientia
1617 4451 1829 4508 illorum

257 4525 455 4581 animos
481 4531 822 4600 exagitabat,
852 4547 975 4587 cum
999 4532 1178 4589 ctcdes
1203 4535 1380 4592 adhuc
1403 4541 1554 4608 quasi
1582 4541 1632 4594 in
1659 4543 1829 4597 mani-

255 4613 350 4671 bus
390 4631 556 4688 esset,
587 4632 643 4678 et
669 4625 848 4680 omnia
881 4625 1005 4681 illos
1049 4629 1341 4684 terrebant.
1366 4629 1554 4686 Nonne
1593 4650 1724 4700 ecce,
1747 4635 1829 4690 in-

257 4713 380 4779 quit,
419 4716 474 4768 hi
515 4733 711 4786 omnes,
745 4719 832 4788 qui
877 4719 1182 4788 loquuntur,
1222 4722 1428 4779 Galiltei
1463 4729 1620 4782 sunt?
1661 4729 1828 4787 Recte

256 4799 377 4855 dixit
407 4822 571 4860 :nam
595 4823 656 4862 se
677 4809 812 4866 tales
841 4809 1246 4881 proﬁtebantur.
1293 4816 1442 4872 Adeo
1469 4818 1588 4875 illos
1618 4823 1828 4880 sonitus

257 4895 480 4951 terrebat
521 4915 537 4951 :
577 4913 700 4953 nam
741 4916 934 4972 magna
980 4919 1104 4974 pars
1141 4907 1286 4962 orbis
1326 4909 1428 4965 huc
1472 4911 1823 4970 conﬂuxerat.

256 4981 373 5040 illud
401 5003 536 5043 vero
562 4991 836 5057 apostolos
866 4994 1172 5064 roborabat,
1216 4999 1357 5068 quod
1385 5016 1508 5056 cum
1550 5005 1826 5061 nescirent

255 5076 364 5169 quid
404 5090 553 5136 esset
598 5081 847 5140 Parthico
885 5085 1048 5158 loqui,
1079 5091 1148 5144 ab
1185 5092 1288 5147 illis
1334 5103 1458 5150 tunc
1486 5111 1547 5152 se
1573 5097 1642 5150 ita
1671 5100 1824 5169 loqui

255 5163 537 5224 discebant.
574 5171 742 5227 Porro
768 5185 956 5243 gentes
984 5194 1244 5236 memorat
1274 5185 1379 5239 illis
1405 5186 1667 5254 inimicas,
1694 5191 1827 5246 Cre-

254 5261 344 5322 tas,
387 5261 615 5327 Arabes,
652 5262 951 5336 Egyptios,
976 5268 1172 5327 Persas
1201 5287 1214 5326 :
1246 5273 1526 5333 declarans
1562 5279 1685 5336 illos
1727 5283 1825 5338 has

251 5360 426 5406 omnes
448 5353 767 5411 subacturos
791 5371 927 5414 esse.

314 5440 363 5494 '5.
401 5442 535 5498 Cum
577 5455 755 5502 autem
799 5448 971 5506 Judzei
1017 5460 1143 5507 tunc
1193 5454 1244 5510 in
1274 5459 1579 5526 captivitate
1619 5475 1820 5534 essent,

255 5533 532 5626 verisimile
569 5547 688 5594 erat
734 5539 806 5596 ibi
847 5541 1046 5600 multos
1087 5558 1401 5616 comparere
1440 5567 1506 5606 ex
1534 5533 1821 5626 gentibus;

255 5619 353 5706 sive
377 5627 519 5696 quod
547 5628 662 5698 jam
682 5630 820 5701 apud
849 5642 1039 5704 gentes
1059 5634 1305 5706 dogmata
1331 5619 1592 5698 seminaia
1617 5619 1819 5705 essent.

257 5705 469 5788 Ideoque
499 5719 653 5777 multi
692 5719 804 5792 jam
850 5723 958 5788 illic
985 5705 1243 5797 aderant,
1271 5743 1459 5786 eorum
1489 5747 1607 5804 quae
1629 5739 1822 5796 audie-

1963 406 2083 451 rant
2106 414 2394 456 memores.
2418 401 2810 458 Testimonium
2835 419 2964 476 ergo
2984 405 3218 478 undique
3242 417 3410 465 tntum
3431 423 3551 468 erant

1960 496 2012 542 et
2037 491 2154 545 sine
2173 493 2562 560 controversia,
2591 509 2620 548 a
2646 495 2870 564 civibus,
2894 498 2962 552 ab
2990 501 3278 565 extraneis,
3308 516 3339 556 a
3362 518 3549 572 prose-

1959 579 2105 651 lytis.
2140 581 2437 638 Audiuimus
2456 601 2542 639 eos
2569 586 2825 656 loquentes
2847 589 3034 644 nostris
3060 591 3250 663 tinguis
3286 595 3548 661 umqnalia

1955 669 2075 726 Dei.
2099 671 2216 726 Non
2244 673 2386 729 enim
2410 675 2667 748 vulgaria,
2684 677 2780 734 sed
2811 679 3070 736 mirabilia
3092 683 3338 752 quaidam
3358 685 3546 756 loque-

1955 763 2167 820 bantur.
2214 765 2343 822 Jure
2369 783 2497 840 ergo
2544 769 2858 826 luesitabant
2891 789 2906 826 :
2938 773 3068 828 nihil
3113 775 3256 831 enim
3285 793 3537 847 umquam

1953 853 2129 908 simile
2158 855 2446 912 acciderat.
2480 857 2610 914 Vide
2651 860 2928 916 hominum
2976 864 3314 932 probitatem.
3345 868 3538 938 Stupe-

1953 945 2078 1000 bant
2107 957 2162 1002 et
2187 948 2522 1013 dubitabant.
2551 951 2792 1008 dicentes
2823 970 2835 1005 :
2872 953 3132 1022 Quidnam
3161 959 3262 1010 uult
3290 957 3386 1012 hoc
3406 957 3541 1014 esse?

1953 1038 2057 1092 Alii
2084 1050 2250 1096 autem
2275 1042 2542 1098 irridentes
2569 1045 2820 1113 dicebant,
2853 1046 2905 1100 ll!
2913 1057 3023 1102 usto
3049 1049 3187 1119 pleni
3214 1059 3348 1104 sunt.
3371 1051 3416 1105 Ο
3439 1051 3540 1104 im-

1952 1131 2297 1202 pudentiam!
2326 1136 2384 1193 Si
2411 1152 2476 1192 ea
2504 1137 2573 1194 de
2595 1153 2758 1194 causa
2791 1140 3063 1208 ridebant,
3093 1143 3288 1214 ecquid
3320 1143 3543 1200 mirum?

1954 1225 2385 1296 quandoquidem
2430 1229 2602 1299 ipsum
2636 1229 2917 1287 Dominum
2961 1231 3237 1289 da'monas
3264 1235 3538 1305 expelleno

1952 1323 2082 1383 tem,
2110 1317 2432 1375 daemonium
2453 1319 2651 1377 habere
2671 1320 2917 1379 dicebant
2961 1323 3138 1397 (loan.
3166 1325 3222 1383 8.
3246 1325 3367 1398 48).
3406 1327 3539 1382 Nam

1951 1409 2246 1479 petulantia
2273 1410 2598 1483 ubicumque
2621 1413 2808 1480 adest;
2841 1431 3002 1472 unum
3027 1419 3222 1490 qumrit
3262 1419 3448 1486 modo,
3477 1430 3539 1476 ut

1953 1499 2227 1570 loquatur,
2256 1518 2363 1557 non
2393 1504 2689 1560 secundum
2716 1507 2977 1563 rationem
3003 1549 3020 1576 ,
3053 1509 3148 1564 sed
3174 1510 3433 1581 quidquid
3481 1512 3538 1566 in

1951 1589 2172 1646 buccam
2204 1593 2432 1648 venerit.
2477 1593 2648 1649 Μαιειο
2688 1596 2826 1667 pleni
2869 1607 3008 1654 sunt.
3040 1599 3183 1657 Sane
3209 1617 3339 1657 vero
3370 1620 3384 1656 :
3416 1602 3542 1672 quia

1950 1679 2196 1737 homines
2238 1683 2290 1737 in
2337 1685 2498 1739 tantis
2523 1687 2803 1755 periculis,
2850 1698 3087 1746 extrema
3118 1701 3450 1756 metuentes,
3484 1693 3537 1747 in

1951 1780 2100 1838 tanto
2126 1788 2360 1830 maerore
2386 1784 2682 1842 versantes,
2712 1778 2833 1832 talia
2867 1779 3010 1851 loqui
3040 1781 3257 1837 audent.
3289 1783 3532 1854 Perpen-

1949 1863 2045 1919 das
2072 1866 2229 1920 velim
2254 1866 2530 1936 quomodo
2553 1907 2570 1934 ,
2598 1883 2722 1923 cum
2761 1870 2864 1925 hoc
2886 1873 3179 1930 verisimile
3223 1890 3328 1929 non
3353 1883 3536 1940 esset,

1949 1965 2007 2012 ut
2030 1956 2365 2013 auditoribus
2409 1959 2727 2030 imponant,
2759 1970 2814 2016 et
2847 1963 3139 2019 ostendant
3185 1965 3330 2034 ipsos
3358 1964 3541 2020 ebrios

1947 2061 2068 2103 esse
2087 2089 2101 2114 ,
2130 2047 2322 2120 agendi
2352 2059 2408 2105 et
2436 2049 2688 2120 loquendi
2737 2052 2898 2108 modo
2927 2061 3096 2108 totum
3139 2054 3450 2110 adscribam
3479 2063 3537 2109 et

1948 2139 2148 2207 dicant,
2182 2140 2354 2196 Musto
2383 2142 2522 2211 pleni
2549 2152 2687 2198 sunt.
2719 2143 2880 2199 Stans
2901 2154 3070 2200 autem
3098 2144 3281 2201 Petrus
3311 2163 3424 2201 cum
3449 2164 3536 2201 un-

1949 2231 2130 2296 decim,
2162 2231 2342 2287 levavit
2367 2248 2537 2288 vocem
2559 2250 2737 2303 suam,
2765 2245 2812 2290 et
2860 2236 3099 2308 loquutus
3124 2246 3200 2294 est
3224 2239 3314 2293 eis.
3348 2237 3540 2295 Vidisti
3572 2308 3575 2310 g

1949 2321 2111 2377 modo
2137 2321 2282 2378 illius
2315 2324 2705 2392 providentiam
2730 2367 2746 2393 ,
2772 2326 2859 2382 bic
2879 2326 3000 2383 vide
3026 2327 3419 2384 fortitudinem.
3446 2328 3541 2383 Et-

1947 2413 2092 2469 enim
2122 2414 2167 2470 si
2196 2414 2599 2472 admirabantur
2622 2417 2698 2472 illi
2719 2459 2733 2483 ,
2765 2419 2808 2474 si
2840 2419 3148 2491 stupebant,
3173 2435 3354 2477 annon
3380 2436 3535 2492 teque

1945 2504 2246 2561 mirandum
2271 2515 2425 2574 erat,
2453 2507 2725 2564 hominem
2776 2510 3084 2567 illiteratum
3128 2519 3184 2567 et
3226 2513 3446 2569 idiotam
3479 2513 3532 2567 in

1947 2604 2093 2650 tanta
2121 2596 2464 2654 multitudine
2512 2614 2672 2670 posse
2702 2601 2754 2655 in
2793 2601 2957 2657 verba
2984 2604 3370 2674 prorumpere?
3396 2603 3531 2659 Nam

1946 2689 1992 2742 si
2018 2689 2136 2758 quis
2157 2689 2300 2744 inter
2321 2689 2608 2747 familiares
2632 2693 2856 2764 loquens
2885 2696 3147 2761 turbatur,
3173 2698 3340 2754 multo
3365 2698 3534 2766 magis

1951 2777 2094 2832 inter
2115 2778 2362 2834 inimicos
2389 2789 2446 2834 et
2473 2781 2675 2836 caedem
2720 2783 2988 2852 spirantes
3029 2785 3257 2855 loquens
3289 2787 3533 2842 turbabi-

1949 2877 2056 2922 tu-r.
2083 2868 2239 2936 Quod
2260 2879 2440 2926 autem
2463 2869 2603 2926 ebrii
2629 2887 2732 2926 non
2751 2882 2958 2938 essent,
2977 2875 3153 2929 statim
3175 2889 3246 2930 ex
3269 2876 3384 2946 ipsa
3407 2891 3536 2934 voce

1945 2961 2260 3028 declaravit,
2284 2962 2534 3035 quodque
2559 2978 2666 3019 non
2693 2979 2842 3020 more
2873 2975 3050 3022 vatum
3095 2966 3277 3023 furore
3297 2968 3533 3039 correpti

1942 3064 2150 3120 essent,
2181 3070 2355 3125 neque
2381 3058 2430 3112 vi
2454 3056 2680 3127 quadam
2709 3058 3096 3117 detinerentur.
3124 3061 3260 3129 Quid
3288 3061 3390 3118 sibi
3418 3061 3530 3118 vult

1944 3144 2098 3212 illud,
2125 3144 2252 3200 Cum
2282 3147 2557 3204 undecim?
2580 3146 2934 3204 Communem
2961 3150 3277 3206 emittebant
3303 3166 3488 3207 vocem
3508 3191 3524 3218 ,

1941 3246 1997 3290 et
2027 3235 2141 3304 ipse
2161 3252 2223 3292 os
2248 3237 2486 3292 omnium
2513 3247 2651 3294 erat.
2681 3237 2910 3296 Adstant
2931 3256 3059 3297 vero
3083 3241 3353 3308 undecim,
3380 3241 3526 3299 dicta

1938 3328 2252 3384 testimonio
2301 3343 2403 3386 suo
2427 3329 2828 3388 continuantes.
2877 3332 3083 3387 Levavit
3132 3348 3303 3388 vocem
3343 3351 3527 3404 suam,

1941 3417 2148 3488 inquit,
2181 3418 2284 3475 hoc
2313 3429 2431 3487 est,
2462 3436 2653 3492 magna
2679 3437 2801 3478 cum
2828 3422 3020 3478 ﬁducia
3047 3424 3390 3494 loquebatur.

2013 3506 2200 3564 Petrus
2226 3526 2379 3580 quam
2404 3521 2647 3567 mutatus.
2672 3542 2746 3554 —
2772 3513 2886 3570 Hoc
2914 3523 3092 3570 autem
3141 3514 3286 3582 facit,
3319 3525 3377 3571 ut
3401 3516 3521 3588 Spi-

1939 3597 2076 3653 ritus
2120 3601 2344 3670 gratiam
2392 3599 2717 3658 ediscerent.
2762 3602 2810 3658 Is
2848 3603 2991 3659 enim
3035 3604 3126 3676 qui
3163 3606 3284 3662 vilis
3330 3607 3523 3677 puellae

1942 3689 2416 3760 interrogationem
2461 3709 2568 3750 non
2600 3694 2826 3762 tulerat,
2849 3694 2961 3766 jam
2991 3696 3046 3751 in
3087 3696 3266 3753 medio
3293 3698 3524 3768 populo-

1939 3795 2080 3845 rum,
2107 3781 2196 3851 qui
2220 3797 2410 3838 omnes
2433 3782 2635 3839 emdem
2663 3786 2965 3855 spirabant,
2990 3802 3113 3842 cum
3143 3795 3284 3842 tanta
3307 3786 3527 3845 disserit

1940 3869 2152 3937 ﬁducia,
2188 3880 2246 3927 ut
2272 3882 2418 3929 esset
2449 3873 2581 3929 illud
2625 3874 2980 3932 indubitatum
3010 3880 3424 3936 resurrectionis
3451 3880 3527 3934 si-

1937 3976 2144 4032 gnum:
2179 3978 2301 4018 nam
2349 3965 2489 4021 inter
2532 3965 2772 4023 ridentes
2823 3968 3068 4026 homines
3110 3980 3168 4026 et
3217 3972 3307 4026 tali
3362 3970 3525 4026 modo

1935 4053 2335 4110 subsannantes
2356 4071 2484 4112 cum
2536 4057 2784 4116 libertate
2829 4059 3086 4132 loquitur.
3117 4061 3341 4130 Quanta:
3367 4071 3526 4135 putas

1933 4144 2264 4213 petulantiae,
2297 4158 2513 4216 quanta:
2541 4149 2834 4220 impietatis
2856 4194 2872 4220 ,
2902 4163 3118 4224 quantae
3143 4155 3524 4225 impudentiae,

1937 4235 2255 4303 stupendum
2278 4237 2406 4293 illud
2435 4239 2734 4310 linguarum
2757 4242 2954 4298 donum
2975 4244 3222 4299 ebrietati
3251 4246 3524 4301 adscribe-

1937 4327 2035 4379 re?
2063 4326 2171 4381 Sed
2202 4328 2336 4381 nihil
2362 4329 2463 4383 hoc
2493 4333 2768 4399 apostolos
2797 4333 3062 4399 turbavit,
3095 4349 3270 4404 neque
3299 4337 3527 4394 timidio-

1933 4427 2024 4468 res
2049 4427 2118 4468 ει
2143 4415 2237 4468 tali
2265 4415 2378 4469 risu
2431 4416 2556 4471 facti
2580 4427 2726 4472 sunt.
2755 4419 2887 4475 Nam
2913 4436 2976 4476 ex
3020 4421 3250 4477 adventu
3295 4424 3526 4494 Spiritus

1935 4503 2090 4574 quasi
2140 4504 2540 4569 transformati.
2585 4509 2866 4579 corporeis
2913 4511 3166 4568 omnibus
3213 4516 3546 4586 superiores-

1933 4603 2108 4650 erant.
2138 4594 2195 4651 Si
2223 4609 2358 4667 quos
2385 4598 2528 4652 enim
2555 4598 2710 4654 adeat
2738 4598 2995 4671 Spiritus,
3044 4617 3238 4661 aureos
3267 4622 3330 4662 ex
3363 4607 3521 4662 luteis

1928 4684 2116 4742 efﬁcit.
2143 4685 2262 4742 Jam
2293 4687 2422 4744 mihi
2447 4689 2662 4747 Petrum
2692 4694 2973 4750 considera
2996 4737 3011 4764 ,
3042 4703 3098 4752 et
3141 4699 3361 4770 explora
3389 4700 3520 4755 mihi

1932 4779 2178 4836 timidum
2209 4781 2356 4837 illum
2385 4824 2400 4848 ,
2431 4793 2486 4838 et
2514 4784 2884 4856 insipientem;
2916 4800 2972 4845 ιιι
2995 4792 3070 4846 ait
3097 4789 3345 4849 Christus
3374 4811 3388 4848 :
3420 4794 3522 4848 Ad-

1932 4871 2031 4926 huc
2061 4882 2106 4928 et
2135 4889 2220 4929 vos
2247 4876 2541 4946 insipientes
2584 4881 2704 4935 estis
2742 4880 2976 4948 (Matth.
3006 4884 3094 4939 l5.
3125 4884 3250 4956 16);
3278 4886 3368 4956 qui
3393 4895 3532 4956 post

1930 4965 2322 5023 confessionem
2376 4969 2518 5024 illam
2565 4971 2900 5041 mirabilem,
2949 4984 3100 5031 salan
3147 4987 3370 5034 vocatus
3418 4976 3528 5035 fuit

1932 5055 2043 5130 (Id.
2094 5059 2180 5114 l6.
2202 5058 2316 5132 25).
2347 5061 2626 5133 Perpende
2664 5065 2794 5122 item
2820 5069 2839 5099 ί
2869 5070 3235 5139 apostolorum
3275 5087 3510 5128 concor-

1930 5147 2096 5212 diam,
2126 5151 2400 5219 quomodo
2429 5153 2589 5209 Petro
2613 5158 2880 5214 cesserint
2903 5161 3256 5218 concionandi
3285 5163 3468 5216 ofﬁcio
3496 5182 3513 5218 :

1928 5253 2105 5308 neque
2125 5239 2273 5295 enim
2301 5245 2586 5312 Oportebat
2611 5263 2799 5303 oumcs
2824 5249 2984 5306 simul
3001 5251 3167 5321 loqui.
3201 5251 3269 5315 Et
3300 5252 3512 5322 levavit,

1928 5329 2102 5403 inquit
2121 5370 2139 5398 ,
2167 5347 2339 5388 vocem
2373 5352 2546 5405 suam,
2576 5347 2630 5396 et
2656 5355 2843 5411 tiiagrm
2871 5357 2991 5396 cum
3035 5343 3223 5398 fiducia
3267 5345 3516 5416 loquutus

2164 5501 2273 5561 ,ψιο
2312 5493 2419 5561 cod.
2475 5494 2546 5543 sic
2593 5494 2804 5561 effertur
2831 5495 2920 5561 hic
2961 5495 3268 5561 locus....._et
3311 5498 3514 5561 αριστ.

2307 5545 2464 5623 illum,
2489 5562 2534 5604 et
2547 5554 2923 5623 adeo‘timidunt
2945 5565 2996 5606 ut
3010 5545 3399 5623 ne:t'nttlie'reuvl'’0r

1932 5608 2492 5687 (ἐςῖὶιμίθὲἔὲζζίέίὲψξίέηίῑίη
2531 5617 2662 5687 [me
2688 5616 2928 5687 ,ροίιιςνίιν
2955 5618 3112 5687 qualis
3155 5608 3512 5687 essentne:

1929 5682 2076 5746 quum
2097 5674 2306 5746 pfintutu
2327 5679 2373 5727 et
2395 5674 2659 5746 abundanti
2682 5674 2934 5741 largitione
2952 5674 3155 5746 Spiritus
3182 5674 3393 5735 dolatus
3409 5691 3509 5739 α.

1931 5732 2181 5797 Perpende
2208 5732 2336 5795 item,
2363 5742 2458 5784 etc.
