3976 6144
453 229 522 285 .7
1252 216 1306 273 s.
1349 217 1626 301 massis
1656 216 2123 279 ettnvsosront
2150 223 2466 280 ARCIIIEP.
2506 223 3034 287 consummari.
3657 245 3731 304 ,ιδ

453 353 537 401 est
562 347 662 401 eis.
706 345 832 399 'l‘ale
860 341 1130 413 quidpiam
1164 347 1250 393 est
1297 350 1420 393 esse
1455 336 1626 391 virum
1676 335 2032 405 spiritualem.

452 438 679 493 Tantum
709 450 808 489 nos
832 447 1063 502 superna
1091 429 1264 501 gratia
1295 428 1487 498 dignos
1528 426 1916 481 constituamus
1938 466 1954 493 ,
1981 433 2038 480 et

451 534 629 588 omnia
650 536 807 586 erunt
836 526 1029 585 facilia.
1048 524 1199 581 Sicut
1217 522 1358 578 enim
1379 521 1539 576 homo
1555 521 1739 590 igneus
1761 518 1812 574 in
1835 516 2038 573 medias

450 626 671 697 stipulas
692 623 966 686 incidens,
993 616 1127 674 nihil
1153 616 1398 680 laeditur,
1430 613 1525 669 sed
1556 613 1723 682 magis
1746 619 2033 681 operatur;

452 732 624 787 neque
638 715 782 771 enim
806 714 898 768 ille
912 711 1035 783 quid
1045 711 1184 779 piam
1202 707 1417 777 patitur,
1436 704 1529 760 sed
1549 704 1638 775 qui
1658 703 1731 757 illi
1754 700 2033 767 resistunt,

450 813 657 881 seipsos
697 807 962 878 perdunt:
991 804 1062 859 ita
1112 816 1254 856 nunc
1300 804 1513 870 quoque
1558 797 1751 851 factum
1780 803 1880 849 est.
1924 793 2036 848 imo

450 904 629 974 potius
670 911 724 956 ut
769 901 812 955 si
855 898 974 969 quis
1014 897 1187 968 ignem
1216 903 1431 964 gestans
1454 901 1649 961 pugnet
1673 905 1794 945 cum
1824 904 1918 952 eo,
1946 886 2037 955 qui

449 1000 595 1053 freno
624 1003 848 1049 onustus
876 1000 997 1047 est:
1032 990 1111 1043 sic
1138 998 1193 1043 et
1234 985 1461 1056 apostoli
1507 985 1625 1039 illos
1674 997 1795 1037 eum
1845 994 2037 1050 magna

408 1120 413 1129 -
452 1086 762 1143 fortitudine
791 1083 1024 1155 aggressi
1051 1088 1194 1136 sunt.
1223 1078 1361 1146 Quid
1386 1077 1530 1132 enim
1571 1073 1710 1129 laesit
1740 1073 1859 1128 illos
1889 1077 2036 1125 tanta

452 1176 778 1234 multitudo?
823 1175 917 1230 Dic
945 1173 1087 1229 enim
1128 1170 1257 1225 mihi
1286 1186 1299 1222 :
1328 1183 1509 1222 annon
1553 1180 1682 1221 eum
1723 1170 1960 1233 egestate
1984 1169 2039 1215 et

453 1271 595 1326 fame
621 1265 966 1339 pugnabant?
990 1278 1167 1319 annon
1207 1275 1328 1316 cum
1382 1256 1665 1328 ignominia
1704 1263 1759 1309 et
1787 1252 2036 1308 infamia?

411 1354 417 1369 ’
452 1371 469 1435 (
503 1379 626 1419 nam
663 1364 976 1431 deceptores
1020 1374 1141 1414 esse
1180 1351 1574 1421 credebantur)
1604 1365 1778 1404 annon
1824 1347 1955 1404 risui
1985 1354 2039 1401 et

453 1457 681 1513 ludibrio
710 1448 1070 1525 praesentium
1115 1447 1341 1517 expositi
1387 1444 1577 1501 erant?
1625 1441 1680 1496 lu
1727 1442 1848 1497 illos
1891 1438 2036 1495 enim

451 1560 673 1619 utraque
713 1544 1061 1608 incidebant,
1087 1554 1209 1595 eum
1238 1538 1326 1593 alii
1366 1535 1687 1598 irriderent,
1718 1533 1807 1588 alii
1848 1531 2036 1588 illude-

452 1652 590 1697 rent.
624 1639 815 1695 Nonne
849 1635 1008 1691 furori
1039 1645 1095 1689 et-
1119 1630 1339 1687 iusanlze
1365 1630 1689 1698 integrarum
1719 1626 1992 1680 civitatum
2014 1665 2029 1688 ,

453 1748 632 1789 nonne
662 1728 1014 1787 seditionibus
1041 1734 1098 1783 et
1141 1723 1347 1778 insidiis
1373 1720 1603 1791 expositi
1629 1718 1822 1774 erant?
1860 1731 2040 1792 nonne

452 1824 597 1893 igni,
631 1822 792 1886 ferro,
825 1819 987 1875 furis?
1012 1809 1453 1882 nonne'undique
1498 1809 1627 1880 ipsis
1655 1810 1927 1863 innumera
1959 1807 2041 1862 in-

452 1917 663 1972 stabant
698 1912 874 1970 bella?
900 1924 1079 1965 nonne
1107 1908 1220 1962 haec
1244 1905 1471 1960 molesta
1496 1902 1737 1958 videntes
1763 1902 1832 1958 ita
1861 1899 2038 1957 affecti

452 2015 605 2064 erant
623 2046 639 2069 ,
669 2019 731 2059 ac
759 2003 804 2057 si
834 2000 1040 2057 somnia
1069 2007 1160 2053 aut
1198 1998 1457 2067 picturam
1484 1994 1739 2049 vidissent
1766 1990 2038 2064 (a)?Quid

382 2151 387 2157 .
452 2098 622 2154 vero?
644 2109 822 2151 nonne
845 2092 1063 2150 iilorum-
1088 2091 1321 2165 furorem
1346 2083 1833 2155 consumpserunt?
1861 2097 2039 2138 nonne

450 2190 505 2247 in
532 2192 678 2260 ipsos
701 2187 865 2242 animi
902 2184 1200 2254 angustiam
1248 2179 1618 2235 retorserunt?
1649 2191 1826 2231 nonne
1856 2176 1929 2233 illi
1959 2174 2040 2230 fu-

452 2298 575 2338 rore
601 2290 655 2337 et
680 2290 827 2335 metu
853 2276 1091 2333 omnium
1116 2275 1345 2328 maxime
1374 2269 1727 2326 tenebantur?
1757 2282 1935 2324 nottne
1963 2267 2039 2323 illi

453 2373 594 2427 anxii
619 2381 790 2436 erant,
812 2367 1074 2423 timebant
1094 2363 1539 2432 tremebantqne?
1562 2360 1694 2415 Audi
1719 2360 1834 2415 illos
1855 2358 2038 2415 dicen-

455 2475 537 2519 tes
581 2481 595 2517 :
651 2459 816 2514 Vultis
856 2458 1096 2512 inducere
1141 2470 1294 2525 super
1346 2469 1437 2507 nos
1482 2450 1781 2522 sanguinem
1824 2450 2041 2505 hominis

454 2557 600 2609 istius
632 2552 768 2622 (Act.
797 2552 848 2605 5.
881 2548 996 2619 28).

526 2644 853 2716 Compaan'o
882 2640 1232 2713 apostolorum
1259 2655 1374 2693 cum
1400 2637 1738 2708 philosOpIu's.
1766 2663 1837 2676 ι-
1860 2635 2043 2703 Quod—

457 2754 559 2809 que
579 2734 825 2792 mirabile
845 2741 947 2799 est,
971 2731 1200 2802 apostoli
1219 2729 1349 2785 nudi
1366 2730 1535 2784 aciem
1562 2727 1896 2783 instruebant
1915 2742 2045 2783 con-

456 2843 539 2885 ira
560 2836 816 2890 armatos,
840 2835 1025 2881 contra
1049 2822 1316 2894 principes
1336 2820 1390 2875 in
1421 2834 1480 2875 se
1498 2827 1819 2890 potestatem
1844 2818 2043 2875 haben-

381 2969 398 2990 ,
458 2937 543 2979 tes
572 2921 800 2992 imperiti
826 2936 844 2985 ;
867 2920 1126 2987 elingues,
1157 2914 1355 2979 idiotae,
1388 2924 1575 2969 contra
1605 2913 2039 2983 praestigiatores,

457 3018 796 3084 deceptores,
818 3009 1088 3079 sophistas
1119 3006 1339 3072 multos,
1370 3004 1638 3067 rhetoras,
1670 3002 2040 3072 philosophos.

459 3109 548 3179 qui
595 3109 650 3162 in
686 3102 973 3160 Academia
1019 3109 1074 3155 et
1117 3097 1254 3168 apud
1304 3095 1689 3164 Peripateticos
1741 3094 2042 3163 putrefacti,

460 3199 734 3254 instabant
778 3203 833 3250 et
874 3190 1200 3264 pugnabant.
1234 3189 1300 3242 Et
1332 3187 1398 3254 is,
1429 3185 1519 3256 qui
1543 3185 1687 3240 circa
1713 3193 1899 3255 stagna
1928 3200 2047 3240 vcr-

460 3302 610 3347 satus
631 3300 846 3356 semper
876 3282 1070 3346 fuerat,
1100 3281 1168 3335 ita
1201 3280 1326 3334 illos
1347 3277 1658 3349 superavit,
1690 3291 1754 3332 ac
1780 3277 1826 3332 si
1855 3286 2043 3332 contra

461 3393 639 3439 mutos
661 3380 834 3453 pisces
856 3387 1131 3433 certamen
1165 3371 1440 3427 habuisset
1462 3385 1622 3425 :vere
1658 3369 1800 3425 enim
1821 3410 1837 3434 ,
1862 3378 1922 3424 ut
1959 3369 2045 3440 pi-

460 3485 640 3532 scator
668 3483 800 3527 voce
826 3468 1113 3525 destitutos
1153 3464 1357 3535 pisces,
1395 3461 1515 3517 illos
1542 3460 1760 3516 devicit.
1801 3459 1871 3514 Et
1894 3459 2046 3515 Plato

480 3570 571 3631 ile,
603 3564 690 3635 qui
722 3572 828 3616 tam
857 3561 1021 3614 multa
1053 3565 1279 3627 nugatus
1304 3562 1417 3619 est,
1462 3553 1627 3633 tacuit
1648 3565 1664 3609 :
1689 3550 1775 3606 hic
1802 3565 1930 3605 vero
1958 3550 2043 3605 lo-

460 3660 638 3726 ηιιὶιυι·
683 3671 790 3712 non
834 3652 995 3709 modo
1036 3650 1187 3715 suis,
1218 3646 1316 3705 sed
1360 3646 1521 3702 etiam
1569 3643 1813 3709 Parthis,
1843 3642 2045 3710 Medis,

465 3751 728 3814 Elamitis,
753 3756 809 3804 ct
834 3745 999 3811 indis,
1032 3743 1230 3810 ubique
1257 3748 1541 3804 terrarum,
1569 3746 1624 3792 et
1650 3750 1819 3806 usque
1836 3734 1905 3791 ad
1933 3742 2043 3789 ter-

463 3845 638 3901 minos
663 3841 830 3899 orbis.
848 3836 949 3895 Ubi
974 3849 1115 3892 nunc
1130 3834 1349 3890 Grtceia:
1372 3831 1538 3886 fastus
1560 3830 1674 3885 ille?
1695 3828 1783 3883 ubi
1810 3828 2049 3884 Athenas

464 3954 582 3992 rum
632 3931 863 3990 nomen?
909 3930 998 3984 ubi
1042 3924 1482 3999 philosophorum
1520 3919 1915 3977 deliramenta?
1955 3919 2049 3975 llle

463 4030 732 4090 Galiizeus,
770 4025 858 4080 ille
886 4038 952 4079 ex
979 4017 1287 4084 Bethsaida,
1319 4016 1410 4070 ille
1441 4014 1672 4070 rusticus
1697 4012 1830 4067 istos
1856 4024 2047 4071 omnes

462 4122 754 4194 superavit.
803 4116 919 4173 Non
970 4111 1287 4170 erubescitis
1310 4150 1324 4171 ,
1354 4120 1539 4178 qumso
1559 4148 1573 4173 ,
1604 4104 1690 4161 vel
1719 4104 1789 4159 de
1830 4103 2047 4157 nomine

464 4218 650 4292 patriae
677 4216 791 4286 ejus
811 4255 825 4279 ,
856 4210 945 4281 qui
978 4223 1071 4263 vos
1099 4203 1328 4262 devicit?
1352 4201 1409 4257 Si
1437 4214 1565 4256 vero
1590 4212 1794 4292 nomen
1816 4195 1932 4266 ejus
1955 4210 2052 4292 au-

463 4286 690 4371 dieritis,
722 4301 861 4377 quod
891 4314 1082 4369 nempe
1108 4295 1317 4367 Cephas
1340 4300 1625 4348 vocaretur
1642 4331 1657 4356 ,
1686 4286 1857 4344 multo
1880 4286 2050 4355 magis

466 4420 564 4460 vos
594 4398 841 4472 pudebit.
874 4394 985 4451 Hoc
1009 4391 1206 4463 quippe
1232 4402 1349 4451 vos,
1377 4386 1499 4451 hoc,
1533 4384 1769 4453 inquam,
1797 4377 2047 4472 perdidit,

467 4494 611 4568 quod
629 4489 1023 4559 simplicitatem
1048 4482 1322 4554 probrum,
1344 4476 1703 4568 eloquentiam
1726 4471 2049 4568 laudabilem

467 4561 589 4645 esse
610 4581 827 4654 putatis.
848 4577 965 4632 Non
988 4590 1091 4643 qua
1111 4573 1191 4626 via
1216 4567 1449 4639 oportuit
1467 4564 1718 4626 venistis;
1738 4562 1831 4616 sed
1852 4561 2051 4615 omissa

470 4675 673 4748 regali,
716 4668 857 4726 facili
888 4673 942 4721 et
986 4663 1140 4733 plana
1168 4659 1248 4715 via
1273 4698 1288 4722 ,
1335 4669 1577 4725 asperam
1597 4695 1612 4720 ,
1644 4660 1968 4748 praeruptam
1999 4656 2054 4703 et

468 4740 738 4827 difﬁcilem
758 4759 1013 4827 ,teuulstis
1043 4774 1057 4811 :
1085 4755 1313 4823 ideoque
1345 4764 1448 4804 non
1494 4743 1814 4816 pervenistis
1842 4740 1913 4797 ad
1962 4756 2052 4797 re-

467 4877 630 4938 gnum
661 4858 936 4915 calorum.

499 4996 575 5059 (α)
594 4993 738 5047 “me
751 4989 909 5059 est!!!
928 4966 2057 5059 ίὲοημ111³.ίξιὲίέυὲᾗ,ίὲίέἓὲεέἔὲξητᾉῗξηῗί,τῖ’ξῗῖ

474 5039 573 5110 ut;
593 5039 834 5106 ifaEchsibi
857 5048 987 5097 illata
1008 5044 1254 5110 "tatam
1277 5039 1702 5110 sesesese}!!!
1712 5039 2055 5110 2519931519.“

470 5091 834 5172 essent};
850 5091 1038 5172 ιὶὶέὶῐτέ
1064 5091 1328 5172 “distant;
1357 5091 1450 5150 ’έεά
1466 5099 1542 5172 si?
1561 5091 2058 5172 .i".‘?!“,3§9_d.‘ifit?.‘_‘:

469 5152 659 5234 ii'i'i'i;
680 5152 2058 5236 ii’éiép'é'éiie'eﬁdiiihaevsint91039522393?

472 5212 1239 5301 nsa'rrraaz'sﬁfsraa‘ia
1261 5212 1957 5301 Βὶίεειξΐθ,ί¹ἑοίῖιέὶ¹¹ζῖτίὲ.ί3.ἱ¹ἓξί
1968 5213 2057 5301 ,ἵέ’

471 5273 883 5359 ῒιῖἔὲιῖιέῗὲἔτῖὀ
1156 5273 1483 5359 aaqu
1499 5293 1646 5359 Μῖνι
1668 5273 2057 5359 ρὲξῖιἮ,Ξ⁰;

469 5337 711 5420 me.
724 5337 804 5413 is?
818 5337 1351 5420 aestatemagis
1378 5337 1634 5420 amarit.
1656 5337 2059 5420 93%”:ng

1203 5406 1389 5489 sese
1408 5399 2051 5489 remanerem:

472 5458 666 5541 ῗέῗηἫ
677 5458 2057 5546 Jﬁ’iﬁiﬁbﬁ'tnui!tea£=_esaersa'fets€ﬁttwm:

473 5641 1348 5735 ﬁgmentum
1384 5650 1541 5714 specie
1578 5641 1761 5699 tantum
1784 5641 1915 5709 passi
1935 5641 2059 5702 [uts-

478 5751 495 5773 ς

473 5741 595 5787 salt.

2214 339 2269 394 4.
2311 337 2511 394 Eadem
2532 347 2846 415 comparatio
2870 350 3160 421 peragitur.
3181 383 3251 393 -
3276 353 3414 422 Quid
3458 372 3587 430 ergo
3602 358 3624 412 ?
3640 363 3731 419 in-

2143 432 2329 501 quies;
2357 449 2456 488 cur
2484 451 2592 492 non
2621 438 2672 492 in
2721 440 2940 500 Platone
2966 453 3022 500 et
3050 445 3101 501 in
3136 447 3440 521 Pythagora
3470 432 3733 524 operatus

2144 534 2227 578 est
2251 523 2523 584 Christus?
2551 528 2682 599 Quia
2710 531 2853 587 Petri
2881 550 3039 605 quam
3086 538 3298 595 illorum
3352 523 3517 601 mens
3556 550 3732 605 multo

2143 617 2341 672 eratad
2370 617 2758 691 philosophiam
2785 625 2980 694 aptior.
3004 628 3085 684 Illi
3115 645 3344 703 namque
3367 649 3518 704 pueri
3546 649 3728 707 erant,
3824 691 3833 698 .

2145 708 2341 778 ubique
2389 711 2457 765 ad
2505 713 2716 768 inanem
2743 714 2968 785 gloriam
2997 725 3242 777 conversi
3273 740 3287 776 :
3318 725 3405 780 hic
3434 736 3613 782 autem
3638 726 3730 785 ’vir

2141 800 2489 873 pbilosoplms
2514 815 2649 874 erat,
2672 816 2725 862 et
2744 811 2930 879 gratias
2949 827 3144 881 capax.
3167 815 3319 885 Quod
3347 819 3391 873 si
3420 820 3506 874 his
3528 822 3731 878 auditis

2142 893 2339 958 rideas,
2363 894 2494 950 nihil
2516 897 2740 965 mirum;
2769 902 3200 975 quandoquidem
3222 920 3275 962 et
3309 909 3383 964 illi
3418 919 3547 967 tunc
3574 914 3725 969 ride-

2141 982 2288 1052 bant,
2312 1000 2512 1057 eosque
2537 999 2712 1045 musto
2733 992 2920 1061 plenos
2939 1010 3063 1052 esse
3078 996 3362 1066 dicebant;
3388 1004 3483 1058 sed
3514 1015 3727 1076 postea,

2139 1088 2260 1130 eum
2289 1076 2402 1131 dira
2433 1079 2519 1132 illa
2554 1089 2612 1136 et
2652 1082 3000 1143 acerbissima
3030 1088 3172 1157 passi
3212 1100 3372 1160 sunt,
3401 1109 3522 1150 eum
3552 1111 3727 1166 expu-

2140 1175 2358 1233 gnatam
2384 1168 2571 1225 urbem
2596 1172 2848 1231 viderunt
2867 1217 2884 1243 ,
2916 1178 3198 1236 incensum
3228 1182 3404 1255 ignem
3431 1227 3447 1250 ,
3478 1187 3725 1257 deiectos

2140 1271 2347 1327 muros,
2379 1260 2603 1331 illasque
2625 1266 2983 1338 calamitates,
3012 1287 3132 1341 qua:
3157 1289 3317 1330 nemo
3340 1278 3509 1351 possit
3537 1295 3727 1334 recen-

2141 1363 2298 1417 sere,
2330 1368 2438 1409 non
2482 1354 2619 1411 ultra
2665 1356 2934 1415 ridebant.
2984 1359 3063 1417 Ita
3100 1374 3155 1420 et
3180 1381 3275 1422 vos
3315 1382 3420 1422 non
3455 1369 3721 1435 ridebitis,

2142 1455 2264 1496 cum
2286 1443 2475 1513 judicii
2506 1446 2525 1478 ί
2555 1455 2764 1518 tempus
2788 1451 3102 1521 advenerit,
3149 1471 3270 1513 eum
3295 1458 3557 1528 gehennae
3586 1462 3728 1532 ignis

2141 1547 2401 1590 accensus
2425 1534 2602 1593 fuerit.
2627 1539 2731 1596 Sed
2757 1557 2853 1597 cur
2875 1543 2943 1599 de
2967 1543 3162 1601 futuris
3186 1548 3401 1619 loquor?
3423 1552 3514 1607 Vis
3539 1564 3726 1609 oslen-

2142 1624 2264 1681 dam
2296 1628 2389 1683 tibi
2420 1630 2538 1699 quis
2563 1632 2632 1687 sit
2659 1632 2869 1702 Petrus,
2896 1637 3017 1708 quis
3045 1638 3242 1695 Plato?
3270 1641 3486 1698 illorum
3518 1660 3721 1713 mores,

2142 1717 2187 1771 si
2239 1717 2487 1783 videtur,
2514 1723 2918 1794 expendamus,
2967 1728 3348 1803 videamusque
3393 1736 3518 1803 quid
3567 1739 3728 1792 ambo

2141 1810 2426 1898 gesserint.
2456 1812 2551 1869 llic
2573 1822 2737 1872 totam
2755 1821 3088 1892 consumpsit
3114 1823 3280 1879 vitam
3309 1829 3451 1881 circa
3476 1827 3727 1898 dogmata

2142 1897 2349 1955 inutilia
2378 1910 2434 1957 et
2461 1917 2880 1975 supervacanea.
2922 1909 3059 1977 Quid
3090 1914 3233 1968 enim
3284 1915 3500 1983 prodest
3551 1897 3725 1984 scire,

2141 1990 2285 2059 quod
2313 1993 2489 2049 anima
2521 1995 2823 2069 philosophi
2849 2015 3030 2057 musca
3058 2003 3182 2058 ﬂat?
3209 2004 3349 2062 Vere
3376 2023 3584 2076 musca,
3620 2029 3727 2065 non

2142 2080 2197 2137 in
2225 2099 2464 2142 muscam
2507 2097 2709 2146 mutata
2756 2091 2891 2161 fuit,
2922 2094 3016 2150 sed
3060 2099 3284 2153 accessit
3316 2101 3382 2154 ad
3409 2104 3645 2158 animam
3676 2109 3729 2160 in

2143 2175 2366 2235 Platone
2412 2180 2763 2239 habitantem.
2797 2185 2928 2254 Quae
2972 2204 3127 2260 nugae
3173 2192 3260 2247 his
3303 2199 3732 2266 comparandzc?

2143 2269 2288 2325 unde
2332 2272 2456 2327 talia
2485 2274 2695 2332 eil’utire
2741 2278 2794 2333 in
2842 2289 3082 2336 mentem
3126 2285 3307 2360 venit?
3337 2287 3507 2341 ironia
3540 2290 3735 2360 plerms

2143 2360 2224 2412 vir
2248 2371 2401 2429 erat,
2426 2375 2481 2419 et
2504 2365 2759 2423 adversus
2784 2385 2971 2426 omnes
3001 2357 3264 2445 zelotvpia
3293 2357 3591 2434 laborabat.
3622 2382 3730 2437 ita-

2144 2466 2249 2520 que
2273 2455 2422 2523 quasi
2452 2457 2692 2515 studeret
2723 2460 2775 2515 iu
2805 2460 2928 2530 hoc,
2952 2474 3011 2519 ut
3034 2481 3135 2521 nec
3154 2482 3219 2522 ex
3245 2483 3386 2536 sese,
3411 2487 3511 2528 nec
3531 2473 3601 2527 ab
3623 2475 3733 2530 alio

2145 2544 2425 2616 quicquam
2453 2546 2668 2607 all‘erret
2692 2552 2857 2608 utile:
2880 2555 2959 2611 sic
2977 2556 3044 2611 ab
3067 2557 3172 2613 alio
3194 2564 3730 2634 metempsychosim,

2145 2650 2173 2688 a
2194 2652 2249 2690 se
2271 2639 2653 2708 rempublicam
2678 2644 2730 2698 in
2761 2645 2993 2702 medium
3011 2650 3211 2715 attulit,
3236 2651 3327 2707 ubi
3350 2654 3531 2709 multa:
3559 2658 3726 2728 turpiv

2148 2729 2505 2801 tudinisleges
2530 2734 2767 2801 protulit.
2780 2735 3124 2806 Communes,
3143 2742 3333 2813 inquit,
3364 2754 3523 2803 sunto
3540 2748 3733 2804 mulle-

2147 2836 2235 2876 res
2257 2863 2272 2888 ,
2316 2824 2473 2879 nuda:
2508 2826 2742 2897 virgines
2776 2830 2882 2887 sub
2907 2833 3077 2889 oculis
3105 2837 3397 2892 amantium
3427 2839 3732 2909 luctantor,

2145 2929 2459 2972 communes
2487 2926 2646 2975 sunto
2673 2931 2727 2976 et
2769 2922 3030 2992 parentes'
3049 2934 3103 2980 et
3150 2926 3266 2982 ﬁlii.
3299 2927 3472 2996 Quam
3503 2930 3620 2986 haec
3648 2933 3733 2986 in-

2145 3008 2348 3063 saniam
2383 3025 2488 3066 non
2528 3015 2823 3083 superant?
2864 3016 3013 3073 Talia
3043 3028 3167 3075 sunt
3205 3034 3268 3075 ea
3289 3061 3307 3089 ,
3333 3037 3453 3092 qua:
3483 3023 3549 3078 ad
3582 3025 3736 3080 illum

2147 3110 2408 3168 spectant.
2443 3102 2538 3158 llic
2568 3120 2730 3174 porro
2754 3120 2861 3162 non
2890 3118 3082 3165 natura
3110 3126 3423 3167 conmmnes
3454 3124 3633 3182 patres
3656 3114 3735 3169 ef-

2148 3192 2293 3258 lieit,
2322 3195 2414 3251 sed
2443 3196 2588 3253 Petri
2619 3199 2957 3270 philosophia
2990 3217 3003 3253 :
3037 3218 3156 3257 nam
3194 3203 3322 3259 illud
3363 3204 3603 3261 Platonis
3646 3206 3735 3263 hic

2147 3288 2381 3343 sustulit.
2418 3287 2558 3343 Nihil
2587 3290 2730 3345 enim
2773 3293 2917 3348 aliud
2958 3294 3051 3349 ille
3077 3294 3381 3363 efﬁciebat,
3426 3299 3527 3352 nisi
3558 3301 3733 3370 utqui

2149 3390 2303 3450 pater
2326 3389 2442 3436 erat
2471 3382 2823 3452 ignoraretur,
2853 3394 2908 3441 et
2935 3388 3027 3456 qui
3059 3403 3163 3444 non
3195 3400 3312 3445 erat
3344 3389 3734 3447 induceretur:

2146 3486 2311 3545 atque
2357 3479 2408 3533 in
2453 3477 2765 3534 ebrietatem
2802 3480 3084 3550 quamdam
3133 3490 3189 3537 et
3238 3482 3291 3538 in
3337 3484 3737 3554 sterquiliuium

2149 3569 2381 3638 coniecit
2399 3572 2654 3626 animam.
2678 3571 2897 3638 Omnes,
2922 3574 3115 3644 inquit,
3145 3576 3457 3632 mulieribus
3478 3577 3740 3633 audacter

2150 3669 2387 3725 utuntur.
2414 3660 2539 3717 Ideo
2561 3672 2833 3732 poetarum
2855 3664 3101 3734 dogmata
3125 3680 3230 3720 non
3257 3667 3500 3736 exploro,
3529 3682 3598 3721 ne
3618 3668 3742 3737 quis

2151 3751 2297 3808 dicat
2338 3768 2427 3808 me
2472 3752 2679 3809 fabulas
2705 3755 3022 3825 explorare,
3052 3757 3146 3810 sed
3174 3757 3307 3810 alias
3332 3758 3498 3812 affero
3531 3756 3742 3813 fabulas

2154 3845 2379 3915 poeticis
2408 3846 2563 3915 longe
2591 3848 2762 3915 magis
2799 3847 3071 3903 ridiculas.
3099 3848 3327 3905 Ubinam
3356 3848 3482 3918 quid
3514 3850 3586 3903 ita
3614 3865 3746 3920 pro-

2152 3939 2419 4010 digiosum
2444 3940 2764 3994 invenerunt
2792 3940 3006 4009 poetae?
3034 3940 3138 3996 Sed
3165 3941 3233 4006 is,
3266 3941 3356 4010 qui
3389 3940 3744 4010 philosopho-

2152 4047 2268 4087 rum
2299 4032 2548 4101 princeps
2569 4030 2884 4096 babebatur,
2912 4047 3058 4086 arma
3087 4031 3399 4086 mulieribus
3425 4031 3813 4123 circumpo-I.‘

2152 4125 2266 4189 nit,
2292 4124 2531 4180 cassides
2557 4165 2570 4188 ,
2601 4137 2787 4179 ocreas
2809 4164 2823 4189 ,
2856 4138 2954 4177 nec
2981 4122 3264 4193 quidquam
3298 4122 3430 4176 dicit
3458 4121 3742 4176 hominum

2153 4233 2321 4290 genus
2349 4233 2379 4272 a
2410 4217 2633 4272 canibus
2654 4214 2910 4287 ,diﬂ‘erre:
2953 4215 3086 4283 Quia
3129 4216 3269 4271 enim
3292 4255 3306 4279 ,
3354 4214 3560 4285 inquit,
3589 4214 3744 4267 canis

2154 4311 2353 4368 femina
2380 4320 2435 4366 et
2464 4324 2579 4363 mas
2603 4308 3003 4364 communicent
3034 4308 3085 4362 in
3116 4308 3266 4361 factis
3294 4349 3308 4371 ,
3337 4305 3744 4360 communicent

2154 4413 2212 4461 et
2238 4404 2512 4469 mulieres,
2540 4411 2702 4471 atque
2731 4402 2909 4456 omnia
2938 4415 3034 4456 sus
3058 4400 3232 4468 deque
3260 4406 3558 4453 vertantur.
3585 4397 3746 4452 Sem—

2158 4514 2254 4569 per
2279 4499 2421 4552 enim
2454 4511 2549 4567 per
2588 4497 2709 4550 illas
2750 4494 2852 4550 hoc
2897 4495 3005 4565 egit
3033 4491 3312 4558 diabolus,
3346 4498 3403 4544 ut
3430 4489 3747 4545 ostenderet

2155 4604 2324 4658 genus
2353 4597 2593 4641 nostrum
2639 4601 2747 4642 non
2795 4585 3076 4655 pretiosius
3103 4597 3224 4637 esse
3252 4580 3422 4634 brutis
3450 4596 3464 4633 :
3496 4578 3745 4648 quando-

2158 4677 2374 4750 quidem
2401 4678 2643 4732 nonnulli
2668 4678 2720 4732 in
2745 4686 2850 4731 tam
2880 4673 3166 4730 absurdam
3192 4682 3246 4725 et
3268 4686 3454 4725 vanam
3480 4678 3753 4723 venerunt

2159 4769 2467 4839 Opinionem
2492 4810 2506 4830 .
2535 4777 2590 4823 ut
2637 4769 2880 4822 dicerent
2909 4765 3061 4818 bruta
3106 4763 3354 4816 animalia
3405 4760 3750 4817 rationabilis

2157 4880 2301 4922 esse.
2334 4865 2399 4919 Et
2426 4863 2550 4918 vide
2575 4904 2589 4927 .
2621 4876 2779 4931 quam
2820 4859 2965 4913 varie
2998 4856 3052 4911 in
3082 4858 3365 4911 animabus
3408 4856 3625 4910 illorum
3653 4854 3752 4909 de-

2160 4957 2450 5015 bacchatus
2473 4955 2562 5009 sit.
2593 4953 2807 5008 Illorum
2831 4964 3084 5019 proceres
3106 4948 3360 5004 dixerunt
3384 4947 3623 5005 animam
3649 4962 3753 4999 no-

2160 5060 2326 5108 stram
2371 5047 2423 5101 in
2456 5058 2666 5099 muscas
2696 5051 2751 5097 et
2788 5055 2949 5096 canes
2996 5050 3051 5095 et
3079 5040 3233 5095 bruta
3267 5036 3462 5092 mutari
3497 5050 3511 5086 :
3546 5035 3752 5090 horum

2162 5153 2502 5197 successores
2527 5136 2650 5191 hinc
2678 5133 2878 5204 pudore
2908 5131 3083 5188 ali'ecti
3116 5132 3166 5186 iu
3199 5130 3358 5184 aliam
3386 5128 3594 5196 delapsi
3624 5136 3759 5180 sunt

2162 5230 2567 5303 turpitudinem,
2597 5224 2969 5282 rationabilem
3017 5236 3231 5279 omnem
3263 5218 3544 5273 scientiam
3579 5215 3758 5270 brutis

2163 5323 2642 5388 communicantes,
2671 5328 2726 5373 et
2756 5318 2953 5385 ubique
2984 5321 3350 5368 monstrantes
3379 5324 3444 5363 ea
3474 5321 3593 5373 qu-n
3624 5321 3757 5375 pro-

2165 5430 2285 5491 pter
2316 5432 2414 5475 nos
2443 5419 2577 5473 facta
2618 5421 2771 5477 sunt,
2804 5410 2960 5467 nobis
2985 5422 3108 5464 esse
3139 5402 3534 5491 prmstantiora.
3567 5398 3761 5491 Neque

2167 5489 2268 5566 hoc
2298 5519 2535 5572 tantum,
2564 5504 2661 5561 sed
2687 5504 2847 5559 etiam
2893 5496 3286 5569 praescientiatn
3329 5501 3381 5548 et
3428 5489 3760 5560 religionem

2286 5692 2396 5742 Duo
2418 5698 2525 5740 Mss.
2551 5688 2739 5748 legunt,
2767 5679 3012 5748 gcltenmr,
3040 5688 3147 5741 pro,
3176 5669 3374 5739 judicii.
