4010 6158
415 320 486 378 ιο
1108 310 1166 367 S.
1206 302 1490 366 JOANNIS
1528 294 2012 361 CHRYSOSTOMI
2049 295 2370 357 ARCHIEP.
2409 294 2954 356 CONSTANTINOP.
3599 291 3675 352 ω

414 436 508 488 καὶ
535 434 718 498 ἀνοίας
753 431 945 504 μεστὰ,
982 427 1083 482 οὑκ
1124 429 1403 498 ἐνοήσατε,
1429 424 1580 494 φασί.
1610 422 1760 492 Μηδὲ
1787 423 1993 492 νοήσω·

420 518 520 586 μέν
554 533 683 570 ποτε
717 517 808 569 τὸν
827 513 1081 567 τοσοῦτον
1109 523 1135 551 α
1167 512 1196 562 ὑ
1207 509 1324 580 μῶν
1355 507 1588 576 γέλωτα.
1640 505 1850 574 Σφόδρα
1893 519 1989 570 γε·

413 601 476 652 οὑ
509 601 616 670 γὰρ
650 599 845 669 φρενὸς
878 595 1102 667 βαθείας
1131 592 1231 657 δεῖ,
1280 593 1366 644 ῖνα
1400 590 1684 661 μάθωμεν,
1716 589 1769 640 τί
1806 586 1994 656 βούλε-

415 699 505 736 ται
541 685 572 751 ἡ
608 682 844 747 τοσαύτη
890 679 1114 733 ἀσέϐεια
1143 678 1239 730 καὶ
1272 675 1553 746 σύγχυσις.
1589 672 1681 742 Μὴ
1711 671 1996 742 κορακιστὶ

419 764 745 835 φθέγγεσθε,
797 758 842 816 ὧ
892 763 1129 831 ἀνόητοι,
1164 759 1414 828 καθάπερ
1445 757 1512 810 τὰ
1545 755 1765 814 παιδία;
1800 754 1996 817 Παῖδες

420 847 530 920 γάρ
557 848 726 910 ὅντως
767 846 910 908 ἐστέ,
946 844 1195 914 καθάπερ
1239 843 1444 895 ἐκεῖνα.
1479 838 1638 893 Ἀλλά
1671 838 1876 908 Πέτρος
1909 837 1998 889 οὑ-

419 933 509 986 δέν
534 931 777 984 τοιοῦτον
808 929 1028 998 ἔφησεν·
1073 926 1188 980 ἀλλ’
1221 925 1400 994 ἀφῆκε
1449 921 1650 992 φωνὴν,
1683 921 1718 993 ἢ
1748 921 1998 992 καθάπερ

422 1017 482 1068 ἐν
513 1013 689 1083 σκότῳ
717 1013 827 1065 τινὶ
854 1011 968 1080 φῶς
1003 1007 1374 1080 άπολάμψασα
1413 1006 1440 1046 ι)
1486 1006 1649 1075 μέγα,
1700 1003 1798 1074 τήν
1829 1003 2000 1072 ἀχλὺν

421 1092 734 1151 διεσκέδασε
755 1095 853 1165 τῆς
872 1093 1219 1164 οἰκουμένης.
1257 1089 1417 1142 Ἀλλά
1443 1088 1502 1141 τὸ
1529 1084 1663 1158 ἦθος
1691 1085 1856 1140 αὑτοῦ
1883 1086 2000 1150 πῶς

422 1181 632 1250 ἥμερον
654 1173 741 1250 ἦν,
771 1176 888 1240 πῶς
913 1175 1183 1238 ἐπιεικές·
1215 1171 1331 1237 πῶς
1354 1173 1534 1240 πάσης
1557 1171 1812 1240 ἀνωτέρω
1843 1168 2002 1240 δόξης

425 1263 612 1317 ἵστατο
659 1255 858 1330 κενῆς·
911 1259 1027 1322 πῶς
1081 1259 1160 1322 εἰς
1192 1251 1282 1310 τὸν
1323 1254 1550 1329 οὐρανὸν
1603 1253 1749 1325 ἐώρα
1799 1253 2001 1322 ἄτυφος

424 1337 522 1410 ὣν,
569 1343 664 1398 καί
711 1344 882 1398 ταῦτα
927 1341 1156 1412 νεκροὺς
1203 1340 1453 1394 ἀνιστῶν.
1509 1339 1572 1392 Εἰ
1621 1339 1679 1391 δὲ
1728 1337 2004 1406 ἐξεγένετο

424 1425 648 1482 ἐκείνων
677 1426 784 1480 τινὶ
815 1425 923 1478 τῶν
953 1423 1087 1496 [40].
1120 1424 1380 1493 ἀνοήτων,
1416 1421 1690 1491 φαντασίᾳ
1717 1419 1847 1488 γοῦν
1891 1436 2004 1472 τοι-

385 1507 388 1511 ’
423 1506 582 1562 οῦτόν
609 1527 660 1562 τι
689 1507 1041 1579 ἐργάζεσθαι,
1075 1503 1162 1577 ἆρ’
1192 1507 1295 1558 οὑκ
1337 1505 1403 1558 ἃν
1429 1503 1631 1565 εὐθέως
1660 1501 1842 1572 βωμὸν
1871 1500 2002 1571 ἐζή-

425 1606 558 1661 τησε
588 1593 682 1645 καὶ
708 1592 855 1655 ναὸν,
884 1591 980 1643 καὶ
1011 1588 1214 1652 ἰσόθεός
1241 1606 1326 1650 τις
1354 1583 1496 1642 εἶναι
1523 1585 1823 1655 ὴθέλησεν;
1867 1585 2002 1638 ὅπου

424 1693 490 1745 γε
519 1675 730 1737 οὐδενὸς
759 1675 961 1728 τούτων
987 1673 1140 1737 ὄντος
1166 1671 1395 1725 τοιαῦτα
1430 1669 1788 1740 φαντάζονται
1811 1669 1919 1722 ἀεί.
1938 1667 2004 1721 Τί

423 1758 536 1830 γάρ
560 1750 806 1824 βούλεται
828 1758 1013 1819 αὑτοῖς
1026 1755 1248 1826 Ἀθηνᾶ,
1273 1752 1366 1808 καὶ
1398 1752 1687 1814 Ἀπόλλων,
1717 1751 1814 1804 καὶ
1835 1751 2003 1819 Ἦρα;

426 1842 565 1911 Γένη
603 1843 731 1912 παρ’
760 1842 944 1902 αὐτοῖς
975 1839 1090 1891 ἐστι
1118 1836 1409 1907 δαιμόνων.
1439 1836 1550 1889 Καὶ
1595 1833 1847 1904 βασιλεύς
1891 1835 2008 1887 ἐστι

426 1926 559 1996 παρ’
595 1924 777 1985 αὐτοῖς
808 1923 894 1975 διὰ
923 1921 1082 1974 τοῦτο
1124 1919 1290 1985 ἀξιῶν
1335 1918 1650 1980 ἀποθανεῖν,
1684 1918 1770 1970 ἵνα
1803 1916 2010 1980 ἰσόθεος

426 2009 721 2076 νομίζοιτο.
759 2005 896 2059 Ἀλλ’
941 1997 1088 2057 οὗτοι
1131 2003 1231 2073 οὐχ
1279 2000 1472 2064 οὕτως,
1501 1999 1638 2054 ἀλλά
1681 1999 2007 2054 τούναντίον.

433 2091 633 2143 ’Ἄκουε
663 2088 772 2159 γὰρ
813 2085 994 2142 αὑτῶν
1024 2085 1294 2154 λεγόντων
1332 2084 1424 2136 ἐπὶ
1449 2083 1546 2153 τῆς
1579 2081 1876 2153 θεραπείας
1913 2080 2006 2134 τοῦ

425 2171 624 2244 χωλοῦ·
674 2171 915 2240 Ἄνδρες
962 2167 1336 2237 Ἰσραηλῖται,
1386 2166 1444 2219 τί
1485 2165 1628 2236 ἡμῖν
1655 2165 2005 2234 προσέχετε,

494 2368 519 2398 ⁸
544 2369 637 2418 Alii
682 2368 764 2416 τὸν
800 2365 1033 2416 τοιοῦτον.
1123 2363 1155 2404 δ
1192 2366 1263 2417 ιιι
1305 2379 1399 2415 ms.
1431 2377 1583 2424 unus;
1626 2362 1795 2413 Montf.
1837 2363 2016 2426 φωνὴν,

432 2431 551 2478 καὶ..
562 2466 592 2479 ..
629 2429 1004 2492 ἀπολάμψασαν.
1027 2428 1168 2478 Enn.

463 2565 3469 2596 ΜΨ*

2099 421 2179 487 ὡς
2207 421 2327 488 ἰδίᾳ
2354 420 2603 489 δυνάμει
2629 421 2664 488 ἢ
2693 417 2967 485 εὐσεϐείᾳ
2997 415 3357 482 πεποιηκόσι
3392 411 3500 466 τοῦ
3526 429 3679 481 περι·

2100 504 2311 557 πατεῖν
2339 504 2561 568 αὺτόν;
2608 503 2716 556 Καὶ
2750 500 3017 571 ἀλλαχοῦ·
3059 497 3167 553 Καὶ
3208 499 3224 518 ⁸
3270 494 3440 566 ἡμεῖς
3479 499 3676 562 duom-

2101 586 2308 653 παθεῖς
2348 587 2492 655 ὑμῖν
2539 586 2728 654 ἐσμεν
2772 584 3086 651 ἄνθρωποι.
3127 581 3275 632 Ἐκεῖ
3327 580 3385 632 δὲ
3439 579 3605 640 πολὺς
3649 579 3679 630 ὀ

2101 669 2288 739 τῦφος,
2323 670 2490 740 πολλὴ
2518 671 2550 741 ή
2574 667 2889 734 ἀλαζονεία·
2923 669 3103 722 πάντα
3135 667 3226 720 διὰ
3252 667 3352 728 τάς
3393 665 3543 735 παρά
3567 661 3676 717 τῶν

2102 753 2403 826 ἀνθρώπων
2449 753 2636 824 τιμὰς,
2681 753 2833 806 οὐδὲν
2880 751 3196 821 φιλοσοφίας
3247 750 3455 803 ἕνεκεν.
3509 747 3679 799 Ὅταν

2103 837 2212 910 γάρ
2266 855 2320 890 τι
2358 838 2445 892 διά
2480 838 2636 902 δόξαν
2674 837 2911 907 γίνηται,
2953 837 3128 890 πάντα
3181 835 3435 906 μένουσιν
3461 831 3678 900 εὐτελῆ.

2104 920 2226 975 Κᾶν
2255 921 2364 992 γάρ
2396 922 2572 975 πάντα
2603 939 2687 985 τις
2710 921 2830 994 ἔχῃ,
2861 920 3051 983 τούτου
3079 919 3136 972 δὲ
3173 918 3248 988 μὴ
3274 917 3472 986 κρατῇ.
3490 910 3682 984 ’πάσης

2106 1006 2423 1076 φιλοσοφίας
2443 1005 2688 1070 ἐξέπεσε,
2711 1005 2790 1076 τῷ
2814 1002 3264 1075 τυραννικωτέρῳ
3291 999 3680 1070 κατεχόμενος,

2106 1089 2202 1142 καὶ
2231 1089 2570 1161 αἰσχροτέρῳ
2622 1087 2806 1142 πάθει.
2862 1086 3080 1156 Ταύτης
3125 1087 3158 1155 ή
3200 1081 3471 1153 ὑπεροψία
3502 1079 3682 1134 πάντα

2105 1170 2314 1236 διδάξαι
2348 1172 2419 1224 τά
2438 1171 2619 1239 ἀγαθά
2649 1169 2825 1241 ἱκανὴ,
2849 1170 2943 1222 καὶ
2968 1169 3066 1238 τῆς
3094 1166 3273 1238 ψυχῆς
3302 1165 3541 1236 ἐξορίσαι
3572 1162 3685 1216 πᾶν

2108 1255 2279 1318 πάθος
2302 1254 2563 1324 ὀλέθριον.
2600 1254 2691 1307 Διὸ
2720 1253 2970 1325 παραινῶ
2993 1253 3087 1306 καὶ
3122 1252 3252 1322 ὑμῖν
3284 1249 3485 1319 πολλὴν
3513 1247 3683 1299 ποιεῖ-

2109 1335 2234 1390 σθαι
2262 1337 2362 1407 τήν
2392 1334 2649 1407 σπουδὴν,
2678 1335 2818 1390 ὥστε
2866 1335 3022 1390 τοῦτο
3062 1335 3123 1388 τὸ
3171 1331 3342 1396 πάθος
3385 1329 3684 1402 πρόρριζον

2108 1419 2332 1484 ἐξελεῖν·
2359 1419 2419 1474 ού
2464 1419 2574 1491 γὰρ
2603 1420 2750 1472 ἐστιν
2791 1419 2966 1482 ἄλλως
3014 1413 3368 1487 εὐδοκιμῆσαι
3413 1413 3563 1485 παρὰ
3602 1410 3684 1483 τῷ

2109 1504 2248 1576 Θεῷ,
2273 1503 2368 1557 καί
2396 1501 2495 1574 τὴν
2537 1503 2688 1574 παρὰ
2716 1501 2809 1554 τοῦ
2839 1502 3140 1572 ἀκοιμήτου
3164 1498 3372 1553 ἐκείνου
3400 1492 3682 1566 ὀφθαλμοῦ

2109 1584 2323 1643 εὔνοιαν
2353 1585 2779 1641 ἐπισπάσασθαι.
2807 1583 3014 1640 Οὐκοῦν
3044 1585 3221 1639 πᾶσαν
3255 1581 3490 1652 σποοδήν
3519 1577 3684 1632 ποιὼ-

2114 1671 2273 1744 μεθα,
2301 1670 2443 1724 ὥστε
2471 1670 2568 1740 τῆς
2605 1669 2814 1723 ἐκεῖθεν
2858 1670 3004 1740 ἡμᾶς
3039 1668 3211 1741 ῥοπῆς
3244 1663 3558 1727 ἀπολαύειν,
3596 1663 3684 1715 ἵνα

2110 1756 2204 1808 καὶ
2227 1753 2336 1806 τῶν
2368 1754 2649 1823 παρόντων
2681 1752 2942 1824 λυπηρῶν
2971 1751 3323 1821 διαφύγωμεν
3346 1749 3444 1821 τὴν
3465 1748 3681 1817 πεῖραν,

2109 1839 2206 1892 καὶ
2236 1837 2345 1890 τῶν
2379 1837 2682 1907 μελλόντων
2714 1835 2936 1906 ἀγαθῶν
2965 1834 3392 1905 καταξιωθῶμεν
3423 1844 3470 1898 ο,
3501 1831 3685 1901 χάριτι

2110 1921 2205 1976 καὶ
2242 1919 2624 1991 φιλανθρωπίᾳ
2657 1918 2750 1972 τοῦ
2784 1919 2989 1990 Κυρίου
3023 1919 3179 1991 ήμῶν
3212 1916 3387 1988 Ἰησοῦ
3421 1911 3684 1985 Χριστοῦ,

2114 2003 2232 2074 μεθ’
2280 1996 2342 2056 οὖ
2388 2002 2465 2072 τῷ
2514 2003 2690 2074 Πατρί
2727 2001 2845 2073 ἃμα
2891 2002 2970 2074 τῷ
3019 2002 3158 2072 ἁγίῳ
3211 2000 3490 2071 Πνεύματι
3537 1994 3687 2060 δόξα,

2113 2086 2335 2158 κράτος,
2379 2086 2535 2158 τιμὴ,
2569 2087 2665 2140 νῦν
2695 2088 2790 2140 καὶ
2824 2086 2934 2154 ἀεὶ,
2962 2086 3056 2140 καὶ
3083 2086 3164 2152 εἰς
3195 2085 3320 2149 τοὺς
3351 2083 3552 2145 αἰῶνας
3578 2079 3691 2133 τῶν

2114 2172 2348 2225 αἰώνων.
2390 2172 2584 2242 Ἀμήν.

2171 2300 2202 2334 ⁸
2223 2295 2405 2356 Verba,
2445 2297 2526 2345 καὶ
2547 2294 2759 2360 ἀλλαχοῦ
2780 2312 2792 2324 ο
2819 2295 2921 2360 καί,
2942 2308 3054 2357 quae
3075 2295 3136 2360 ab
3186 2294 3387 2344 Erasmo
3408 2295 3537 2342 lecta
3579 2291 3694 2341 fue-

2117 2367 2250 2416 ram,
2273 2372 2335 2406 ex
2365 2371 2462 2407 uno
2485 2359 2655 2407 codice
2690 2359 3041 2406 remeavimus.
3096 2359 3234 2407 Enrr.

2187 2422 2209 2451 ⁸
2257 2421 2358 2471 Alii
2411 2420 2699 2481 ἀξιωθῶμεν.

3485 2564 3680 2584 ﬁ

687 2694 721 2723 ⁸
1939 2677 2183 2732 ΟΜΙΛῙΛ
2222 2674 2298 2732 E’.

436 2797 679 2866 ΙἌνδρες
717 2795 1003 2859 Ἰουδαῖοι,
1039 2793 1139 2866 καί
1168 2797 1223 2848 οἰ
1269 2791 2010 2866 κατοικοῦντεςμἹερουσατ

503 2858 631 2936 λῆμ
657 2858 965 2931 ’ἅπαντεᾳ
991 2858 1186 2936 τοῦτο
1213 2863 1358 2936 ὑμῖν
1381 2864 1655 2933 γνωστὸν
1684 2862 1864 2926 ἔστω,
1909 2858 2009 2912 καί

504 2933 873 2993 ἐνωτίσασθε
905 2937 976 2990 τὰ
997 2933 1239 3002 ῥήματά
1269 2952 1412 3002 μου.

507 3041 577 3093 α’.
590 3039 697 3102 Οὑς
715 3039 899 3102 ξένους
914 3033 1066 3088 εἶπεν
1079 3035 1359 3104 ἀνωτέρω,
1373 3033 1608 3087 ἐνταῦθα
1621 3033 1756 3103 πρὸς
1773 3031 2013 3095 ἐκείνους

433 3121 709 3177 ἀποτείνει
736 3119 828 3170 τὸν
865 3117 1041 3185 λόγον·
1072 3116 1166 3169 καὶ
1203 3115 1351 3168 δοκεῖ
1383 3116 1481 3185 μὲν
1511 3113 1738 3176 ἐκείνοις
1770 3113 2014 3180 διαλέγε-

436 3207 581 3268 σθαι,
612 3203 764 3275 ὀρθοῖ
801 3201 858 3255 δὲ
888 3202 1012 3263 τοὺς
1043 3198 1514 3269 διαχλευάζοντας.
1544 3199 1654 3250 Καὶ
1676 3197 1786 3268 γὰρ
1814 3197 2015 3267 ᾠκονο-

437 3288 586 3359 μήθη
615 3285 767 3348 τινάς
797 3283 1169 3353 διαχλευάσαι,
1221 3280 1307 3334 ἴνα
1357 3281 1530 3352 ἀρχὴν
1575 3280 1675 3350 τῆς
1720 3279 2014 3347 ἀπολογίας

431 3368 596 3442 λάϐῃ,
638 3369 734 3422 καὶ
772 3363 1208 3434 ἀπολογούμενος
1256 3363 1462 3436 διδάξῃ.
1509 3363 1669 3431 Μέγα
1699 3361 1806 3432 ἄρα
1835 3359 2012 3430 ἐγκώ-

435 3473 561 3528 μιον
589 3453 837 3525 ἡγοῦντο,
870 3451 965 3504 καὶ
1007 3449 1070 3502 τὸ
1101 3450 1159 3502 ἐν
1191 3444 1580 3518 Ἰεροσολύμοις
1613 3448 1801 3501 οἰκεῖν.
1835 3444 2014 3500 Τοῦτο

431 3540 600 3609 ὑμῖν,
637 3538 792 3607 φησι,
832 3532 1108 3604 γνωστὸν
1145 3532 1322 3596 ἔστω,
1372 3531 1470 3584 καί
1521 3529 1890 3584 ἐνωτίσασθε
1943 3528 2015 3582 τὰ

425 3619 666 3694 ῥήματά
677 3636 815 3687 μου.
845 3616 1392 3687 Προσεκτικωτέρους
1416 3613 1552 3676 τέως
1582 3611 1777 3674 αὐτοὺς
1799 3612 1941 3663 ποιεῖ
1961 3621 2009 3666 ε.

436 3701 573 3760 Εἶτα
609 3703 709 3756 καὶ
742 3699 1118 3768 ἀπολογεῖται.
1148 3698 1230 3751 Οὐ
1269 3697 1400 3766 γὰρ,
1430 3696 1508 3762 ὡς
1535 3694 1705 3763 ὑμεῖς
1737 3697 2012 3762 ὑπολαμ-

433 3785 667 3849 ϐάνετε,
717 3779 885 3839 οὗτοι
930 3782 1285 3850 μεθύουσιν.
1343 3779 1506 3848 Ὀρᾷς
1548 3775 1646 3846 τὴν
1692 3775 2010 3842 ἀπολογίαν,

435 3870 556 3934 πῶς
601 3867 918 3939 προσηνής;
965 3864 1158 3919 Καίτοι
1198 3863 1262 3916 τὸ
1313 3861 1475 3914 πλέον
1523 3860 1662 3930 ἔχων
1695 3859 1786 3912 τοῦ
1838 3857 2011 3929 δήμου

436 3953 559 4024 μεθ’
593 3949 812 4012 ἑαυτοῦ,
843 3948 1243 4018 ἐπιεικέστερον
1271 3946 1421 4014 ὅμως
1456 3943 1638 4003 αὑτοῖς
1667 3941 2008 4024 διαλέγεται·

433 4023 532 4091 καὶ
565 4035 829 4105 πρότερον
856 4033 1070 4102 ἀναιρεῖ
1092 4029 1191 4100 τὴν
1221 4026 1458 4096 ὑποψίαν
1483 4024 1582 4095 τήν
1618 4024 1878 4094 πονηρὰν,
1919 4023 2013 4077 καὶ

434 4121 554 4174 τότε
592 4117 808 4186 ἐκείνην
838 4117 1039 4187 ἵστησι.
1085 4113 1174 4166 Διὸ
1214 4111 1310 4165 καὶ
1345 4111 1445 4163 οὑκ
1472 4105 1646 4171 εἶπεν,
1688 4108 1763 4161 Οὑ
1802 4107 1910 4179 γὰρ
1941 4107 2017 4170 ὡς

435 4203 593 4270 ὑμεῖς
624 4198 934 4271 χλευάζετε,
970 4195 1119 4260 οὔτε,
1179 4194 1268 4257 Ὠς
1301 4193 1456 4264 ὑμεῖς
1479 4192 1695 4261 γελᾶτε,
1737 4189 1874 4255 ἀλλ’,
1916 4189 2011 4254 Ὠς

432 4281 907 4351 ὑπολαμϐάνετε,
942 4279 1265 4350 βουλόμενος
1296 4277 1398 4329 οὑκ
1441 4273 1693 4345 ἐπίτηδες
1733 4272 1890 4326 τοῦτο
1928 4272 2016 4325 λέ-

433 4383 631 4435 γοντας
652 4364 844 4431 δεῖξαι,
884 4362 1020 4417 ἀλλά
1050 4361 1186 4424 τέως
1212 4359 1398 4422 αὑτοῖς
1441 4357 1746 4427 περιθεῖναι
1791 4355 2015 4424 ἀγνοίας

433 4450 638 4520 μᾶλλον
712 4449 745 4519 ἢ
787 4444 1125 4514 κακουργίας
1164 4441 1436 4512 ἔγκλημα.
1479 4435 1610 4512 [41].
1645 4441 1728 4493 Οὐ
1774 4438 1905 4507 γὰρ,
1933 4439 2016 4505 ὡς

433 4532 601 4599 ὑμεῖς
640 4528 1111 4596 ὑπολαμϐάνετε,
1142 4521 1309 4580 οὗτοι
1340 4524 1692 4592 μεθύουσιν·
1740 4521 1873 4574 ἔστι
1903 4522 2012 4591 γὰρ

429 4605 554 4679 ¹ὥρα
604 4612 766 4676 τρίτη
804 4609 916 4676 τῆς
956 4607 1200 4676 ἡμέρας.
1239 4608 1349 4658 Kal
1386 4605 1440 4658 τί
1488 4621 1621 4675 φησι
1671 4603 1870 4669 τοῦτο;
1913 4605 2016 4657 οὑκ

430 4694 514 4748 Evr.
556 4694 650 4747 καὶ
700 4694 759 4744 ἐν
805 4695 872 4760 τῇ
911 4691 1072 4762 τρίτη
1119 4688 1240 4759 ὥρᾳ
1294 4687 1546 4756 μεθύειν;
1581 4687 1721 4748 Ἔνι,
1768 4685 1882 4738 ἀλλ’
1916 4687 2017 4739 οὑκ

429 4776 456 4828 ἐ
478 4793 566 4845 ῖτη
596 4774 732 4845 πρὸς
762 4772 919 4825 τοῦτο
967 4773 1059 4823 ἐπὶ
1089 4770 1249 4823 πολύ·
1284 4767 1406 4822 οὑδὲ
1438 4767 1547 4837 γὰρ
1581 4765 1609 4807 1⁵
1644 4766 1818 4830 οὑτως
1843 4763 2012 4837 εἰχον,

433 4860 507 4920 ὡς
563 4854 1010 4927 διαχλευάζοντες
1055 4852 1212 4906 αὐτοὶ
1251 4851 1456 4918 ἔλεγον.
1511 4847 1721 4902 Οὐκοῦν
1766 4848 2014 4904 ἐντεῦθεν

437 4939 803 5010 μανθάνομεν,
832 4939 912 4991 ὃτι
944 4937 1080 5007 πρὸς
1109 4935 1177 4990 τά
1226 4936 1302 5006 μὴ
1333 4935 1607 5003 ἀναγκαῖα
1635 4934 1696 4986 οὑ
1735 4933 1816 4986 δεῖ
1849 4933 2015 4987 πολὺν

434 5021 747 5075 ἀναλίσκειν
773 5020 952 5088 λόγον.
984 5018 1195 5082 Ἄλλως
1221 5018 1276 5071 δὲ
1305 5019 1398 5071 καὶ
1431 5015 1499 5070 τά
1537 5015 1852 5086 ἐπαγόμενα
1891 5015 2016 5070 τού-

433 5121 528 5157 του
562 5105 678 5157 ἐστί
706 5101 1026 5156 συστατικὰ·
1064 5101 1158 5154 καὶ
1189 5101 1373 5153 λοιπὸν
1401 5101 1553 5170 κοινῇ
1587 5099 1722 5170 πρὸς
1751 5099 1958 5163 πάντας
1985 5102 2014 5154 ὁ

371 5192 376 5195 ’
433 5188 590 5257 λόγος
615 5188 844 5257 γίνεται.
878 5185 1065 5240 Ἀλλὰ
1099 5184 1280 5238 τοῦτό
1308 5184 1439 5236 ἐστι
1474 5184 1539 5237 τὸ
1573 5182 1887 5252 εἰρημένον
1915 5184 2014 5238 διὰ

432 5275 541 5329 τοῦ
567 5271 880 5344 προφήτου
912 5269 1097 5337 Ἰωήλ·
1125 5269 1234 5323 Kal
1259 5268 1430 5321 ἐσται
1459 5267 1530 5320 ἐν
1555 5267 1686 5331 ταῖς
1722 5266 2012 5337 ἐσχάταις

434 5357 702 5426 ἡμέραις,
736 5356 900 5424 λέγει
939 5353 1150 5421 Κύριος
1190 5355 1224 5405 o'
1260 5351 1420 5416 Θεός.
1454 5347 1705 5419 Οὑδαμοῦ
1735 5349 1872 5412 τέως
1898 5348 2016 5402 ὀνο-

433 5458 514 5510 μα
549 5439 644 5493 τοῦ
681 5437 944 5508 Χριστοῦ,
975 5437 1094 5492 οὐδὲ
1135 5437 1168 5508 ή
1219 5433 1541 5504 ἐπαγγελία,
1581 5433 1748 5486 αὑτοῦ
1779 5435 2015 5502 ἐπαγγε-

428 5525 546 5588 λία,
586 5523 722 5577 ἀλλὰ
762 5522 857 5576 τοῦ
897 5521 1132 5593 Πατρός.
1180 5520 1325 5591 Ὅρα
1369 5517 1606 5574 σύνεσιν.
1646 5518 1719 5571 Οὐ
1769 5515 2014 5588 παρῆλθε

430 5608 528 5661 καὶ
561 5603 712 5660 εἶπεν
746 5605 947 5670 εὐθέως
977 5605 1046 5659 τά
1077 5605 1219 5658 κατά
1248 5602 1338 5656 τὸν
1383 5601 1639 5673 Χριστὸν,
1685 5601 1766 5654 ὅτι
1807 5602 2015 5664 ἐκεῖνος

435 5688 804 5760 ἐπηγγείλατο
831 5687 1004 5741 ταῦτα
1040 5689 1180 5758 μετά
1207 5686 1268 5739 τὸ
1302 5683 1715 5756 σταυρωθῆναι·
1751 5679 1787 5754 ἦ
1815 5683 1922 5754 γὰρ
1947 5681 2013 5737 ἆν

493 5816 523 5846 ⁸
546 5814 688 5863 Alius
720 5811 889 5868 αὐτοὺς
911 5812 1149 5870 ἐποίησεν.

493 5879 528 5919 δ
554 5872 696 5929 Alius
713 5874 830 5938 πρὸς
848 5873 993 5924 τοῦτο
1030 5873 1252 5936 ἀκριϐῶς·
1285 5873 1394 5923 οὐδὲ
1426 5872 1530 5935 γάρ.

2118 2789 2298 2843 πάντα
2349 2788 2643 2862 ἀνέτρεψεν
2685 2788 2860 2854 οὑτως
2897 2789 3088 2844 εἰπών.
3135 2789 3246 2843 Καὶ
3295 2788 3402 2860 μὴν
3435 2789 3596 2845 ἱκανά
3624 2785 3698 2864 ἦν

2115 2872 2286 2936 δεῖξαι
2317 2873 2505 2938 αὑτοῦ,
2535 2873 2689 2944 φησί,
2719 2873 2816 2944 τὴν
2852 2873 3100 2943 θεότητα.
3137 2872 3299 2925 Ἀλλά
3327 2873 3697 2944 πιστευόμενα

2117 2954 2200 3027 (τό
2217 2956 2276 3009 δὲ
2305 2954 2636 3027 ζητούμενον
2660 2956 2796 3020 τέως
2824 2954 3174 3025 πιστευθῆναι
3200 2950 3311 3026 ῆν),
3349 2955 3425 3026 μὴ
3451 2955 3701 3010 πιστευό-

2121 3057 2259 3110 μενα
2308 3041 2387 3104 δὲ,
2433 3042 2526 3094 καί
2571 3043 3006 3112 καταλευσθῆναι
3053 3041 3251 3104 αὐτοὺς
3300 3041 3367 3094 ἂν
3413 3040 3692 3111 ἐποίησεν.

2131 3123 2345 3192 Ἐκχεῶ
2400 3126 2519 3179 ἀπὸ
2578 3127 2686 3181 τοῦ
2755 3127 3101 3196 Πνεύματός
3155 3143 3277 3193 μου
3335 3125 3433 3179 ἐπὶ
3487 3123 3696 3180 πᾶσαν

2118 3207 2335 3276 σάρκα.
2381 3209 2575 3262 Δίδωσι
2607 3211 2698 3263 καί¹
2749 3210 2931 3272 αὑτοῖς
2983 3209 3203 3273 ἐλπίδας
3247 3209 3510 3280 χρηστὰς,
3551 3209 3695 3278 εἴγε

2119 3297 2342 3352 θέλοιεν.
2373 3299 2484 3352 Καὶ
2511 3299 2611 3352 οὑκ
2641 3299 2868 3369 ἀφίησιν
2900 3298 3080 3352 αὑτῶν
3105 3295 3242 3353 εἶναι
3273 3301 3333 3353 τὸ
3365 3300 3697 3371 πλεονέκτη-

2121 3400 2219 3454 μα,
2247 3383 2382 3452 ὅπερ
2409 3382 2504 3435 καὶ
2537 3383 2834 3452 βασκανίαν
2873 3381 3065 3446 ἐποίει,
3093 3383 3187 3436 καὶ
3217 3382 3391 3454 ταύτῃ
3428 3383 3520 3435 τὸν
3562 3381 3696 3450 φθό-

2118 3483 2208 3518 νον
2241 3465 2698 3536 ὑποτεμνόμενος.
2732 3465 2840 3520 Kal
2872 3467 3382 3536 προφητεύσουσι,
3415 3466 3600 3536 φησὶν,
3642 3469 3700 3521 οι

2117 3549 2234 3603 υἱοὶ
2276 3548 2463 3618 ὑμῶν.
2513 3546 2653 3603 Οῦτε
2701 3548 2876 3620 ὑμῶν,
2931 3549 3086 3620 φησὶ,
3137 3549 3473 3621 κατόρθωμα
3515 3548 3694 3614 τοῦτο,

2119 3631 2244 3684 οὔτε
2284 3631 2390 3703 μὴν
2413 3631 2704 3702 ἐγκώμιον·
2740 3635 2820 3696 είς
2849 3632 2916 3686 τά
2946 3632 3135 3687 παιδία
3163 3632 3233 3686 τά
3266 3633 3511 3703 ὑμέτερα
3541 3631 3696 3702 διέϐη

2118 3715 2152 3785 ή
2187 3716 2365 3787 χάρις·
2398 3716 2576 3770 αὐτῶν
2606 3718 2754 3780 υἰοὺς
2789 3717 3017 3780 ἑαυτοὺς
3044 3716 3222 3770 καλῶν
3254 3726 3304 3778 ο,
3331 3717 3422 3769 καὶ
3452 3716 3699 3785 πατέρας

2120 3798 2384 3863 ἐκείνους.
2418 3801 2527 3854 Καὶ
2567 3803 2622 3854 ol
2655 3801 2965 3854 νεανίσκοι
3017 3797 3187 3868 ὑμῶν
3233 3797 3473 3864 ὁράσεις
3519 3797 3702 3865 ὄψον-

2118 3898 2234 3944 ται,
2259 3883 2358 3936 καί
2395 3884 2450 3936 οἱ
2497 3885 2885 3951 πρεσϐύτεροι
2917 3883 3084 3953 ὑμῶν
3119 3883 3375 3936 ἐνύπνια
3408 3883 3699 3936 ἐνυπνια-

2118 3964 2474 4031 σθήσονται·
2501 3967 2603 4019 καί
2624 3983 2690 4036 γε
2720 3965 2818 4019 ἐπὶ
2855 3965 2996 4030 τοὺς
3026 3965 3286 4031 δούλους
3309 3982 3427 4034 μου
3465 3965 3562 4018 καί
3593 3965 3695 4019 ἐπὶ

2117 4049 2225 4114 τὰς
2258 4047 2481 4114 δούλας
2510 4065 2630 4118 μου
2660 4050 2730 4102 ἐν
2770 4047 2894 4112 ταῖς
2922 4047 3166 4117 ἡμέραις
3204 4047 3460 4112 ἐκείναις
3503 4046 3696 4114 ἐκχεῶ

2116 4131 2234 4186 ἀπὸ
2285 4131 2390 4186 τοῦ
2434 4133 2780 4202 Πνεύματός
2820 4151 2962 4202 μου,
3020 4132 3117 4186 καὶ
3174 4132 3690 4200 προφητεύσουσι.

2117 4215 2266 4278 Τέως
2303 4213 2576 4268 δείκνυσιν
2620 4217 2818 4280 αὑτοὺς
2870 4215 3318 4286 εὑδοκιμηκότας,
3376 4214 3697 4285 Πνεύματος

2116 4299 2213 4352 ἆτε
2247 4297 2718 4362 καταξιωθέντας·
2774 4299 3014 4362 ἐκείνους
3047 4299 3104 4352 δὲ
3138 4299 3276 4369 οὐχὶ,
3309 4298 3404 4352 ἀτε
3446 4299 3699 4370 σταυρῶ-

2118 4397 2335 4445 σαντας.
2371 4381 2525 4434 Οὕτω
2557 4383 2652 4435 καὶ
2697 4383 2726 4435 ό
2762 4383 2999 4455 Χριστὸς
3033 4381 3356 4453 βουλόμενος
3382 4381 3562 4435 αὑτῶν
3590 4398 3696 4452 μα·-

2115 4464 2273 4532 λάξαι
2323 4466 2413 4518 τὸν
2465 4465 2634 4537 θυμὸν
2679 4465 2884 4536 ἔλεγεν·
2930 4469 2996 4521 Οἱ
3038 4467 3107 4520 δὲ
3135 4467 3249 4521 vlo!
3277 4465 3445 4535 ὑμῶν
3479 4467 3549 4520 ἐν
3576 4466 3696 4520 τίνι

2114 4548 2484 4603 ἐκϐάλλουσι
2522 4549 2595 4603 τὰ
2626 4548 2936 4619 δαιμόνια;
2979 4549 3097 4604 Οὑκ
3129 4545 3303 4615 εἶπεν,
3343 4549 3408 4604 Οί
3457 4548 3698 4621 μαθηταί

2118 4647 2252 4700 μου·
2290 4631 2384 4684 καὶ
2410 4632 2518 4702 γὰρ
2547 4632 2721 4687 ἐδόκει
2746 4631 3004 4688 κολακεία
3030 4630 3190 4686 εἶναι.
3223 4630 3379 4686 Οὕτω
3406 4634 3500 4685 καί
3531 4632 3698 4696 αὑτὸς

2115 4713 2217 4766 οὑκ
2247 4709 2422 4780 εἶπεν,
2457 4715 2538 4768 ὅτι
2569 4715 2631 4768 οὑ
2674 4715 2984 4786 μεθύουσιν,
3013 4714 3172 4780 ἀλλά,
3219 4715 3496 4786 Πνεύματι
3528 4713 3698 4784 φθέγ-

2118 4813 2304 4863 γονται
2325 4812 2339 4826 ·
2379 4798 2471 4851 καὶ
2502 4798 2602 4870 οὐχ
2627 4798 2836 4864 ἁπλῶς,
2864 4799 2980 4853 ἀλλ’
3009 4798 3102 4852 ἐπὶ
3134 4799 3227 4853 τὸν
3257 4800 3542 4872 προφήτην
3568 4815 3700 4852 κατ-

2119 4879 2307 4948 έφυγε,
2343 4881 2436 4933 καὶ
2463 4882 2625 4935 αὑτὸν
2664 4881 2865 4944 ὑποδὺς
2893 4879 3248 4953 ἰσχυρίζεται.
3279 4882 3435 4937 Οὑτω
3464 4881 3564 4954 τῆς
3591 4882 3696 4950 μὲν

2118 4963 2448 5035 κατηγορίας
2478 4963 2505 5004 ά
2546 4965 2742 5028 αὐτοὺς
2789 4963 3064 5038 ἀπήλλαξε
3113 4967 3182 5020 δι’
3226 4966 3442 5030 ἐαυτοῦ,
3495 4968 3594 5036 τῆς
3635 4966 3695 5019 δέ

2116 5047 2336 5118 χάριτος
2366 5049 2572 5102 ἐκεῖνον
2606 5049 2846 5121 παράγει
2878 5050 3151 5122 μάρτυρα.
3193 5048 3408 5120 Ἐκχεῶ
3439 5050 3554 5105 ἀπὸ
3585 5047 3695 5102 τοῦ

2117 5131 2462 5199 Πνεύματός
2493 5149 2615 5201 μου
2651 5131 2988 5190 ἐπιστᾶσαν
3017 5134 3239 5203 σάρκα.
3283 5133 3468 5196 Οῦτως
3517 5126 3693 5196 εἶπεν,

2118 5213 2198 5266 ὅτι
2222 5217 2329 5278 τοῖς
2359 5214 2459 5284 μὲν
2483 5215 2551 5268 δι’
2579 5216 2824 5287 ὀνείρων,
2848 5219 2960 5282 τοῖς
2987 5218 3044 5271 δὲ
3074 5218 3169 5272 καὶ
3194 5215 3452 5288 ἐμφανῶς
3474 5217 3506 5286 ἡ
3535 5215 3697 5285 χάρις

2118 5297 2376 5367 ἐξεχεῖτο.
2409 5298 2519 5351 Καὶ
2541 5300 2649 5369 γάρ
2678 5301 2775 5354 καὶ
2801 5301 2869 5355 δι’
2892 5300 3116 5373 ὀνείρων
3145 5295 3286 5354 εῖδον
3314 5301 3362 5353 οἱ
3398 5300 3696 5371 προφῆται,

2120 5383 2214 5431 καί
2245 5381 2615 5452 ἀποκαλύψεις
2639 5383 2912 5452 ἐδέξαντο.
2935 5380 3067 5438 Εἶτα
3090 5382 3444 5455 ἐπεξέρχεται
3472 5385 3538 5453 τῇ
3566 5397 3704 5452 προ-

2120 5464 2320 5534 φητείᾳ
2358 5463 2556 5537 ἐχούσῃ
2605 5483 2656 5520 τι
2701 5467 2801 5523 καὶ
2857 5468 3105 5540 φοϐερόν.
3157 5467 3269 5522 Καὶ
3315 5466 3506 5530 δώσω,
3539 5463 3702 5534 φησὶὲ

2120 5547 2335 5614 τέρατα
2370 5549 2442 5602 ἐν
2475 5549 2555 5616 τῷ
2595 5552 2830 5621 οὐρανῷ
2859 5553 3003 5618 ἀνω,
3046 5552 3145 5607 καί
3186 5550 3405 5621 σημεῖα
3443 5547 3546 5604 ἐπὶ
3589 5565 3623 5600 τ
3627 5547 3705 5616 ἧς

2121 5629 2234 5700 γῆς
2261 5632 2440 5688 κάτω.
2472 5634 2656 5690 Ταῦτα
2688 5636 2783 5690 καὶ
2815 5635 2946 5707 περὶ
2990 5635 3092 5707 τῆς
3126 5632 3430 5705 μελλούσης
3466 5629 3706 5702 κρίσεως

3341 5805 3367 5845 ά
3394 5804 3492 5857 Alii
3529 5803 3711 5863 ὑποδὺς

2189 5807 2211 5836 ε
2247 5806 2382 5856 L'nus
2425 5806 2530 5856 cod.
2557 5808 2685 5863 υἱοὺς
2710 5807 2880 5864 αὐτοὺς
2915 5808 3072 5856 αὐτῶν
3103 5807 3258 5860 καλεῖ.

2126 5871 2252 5918 οὕτω
2293 5871 2434 5930 λέγει.
2475 5872 2569 5928 Τῆς
2611 5871 2693 5930 μὲν
2735 5869 2817 5919 οὖν
2861 5871 3162 5941 κατηγορίας.

2181 5969 2198 5972 η
2211 5966 2318 5975 ......-
