4010 6158
297 321 364 380 is
1277 321 1345 381 IN
1382 321 1565 380 Αοτιι
1604 315 2378 381 Αροδτοιοιιυιωιοιιιι.
2421 323 2488 381 v.
2607 393 2612 398 ,
3512 343 3582 400 bo

298 441 434 512 apud
462 440 582 496 illos
605 456 725 499 esse
745 442 945 499 dicunt.
966 443 1198 510 Corvus,
1225 443 1492 514 inquiunt,
1516 444 1665 498 novit
1684 443 1874 511 Deum,

297 543 350 586 ut
371 542 423 587 et
439 533 649 600 cornix,
671 549 734 589 ac
755 533 1048 605 prophetia:
1065 535 1267 591 donum
1296 536 1516 601 habent,
1542 535 1714 590 futura
1741 547 1880 604 pra:-

298 621 476 676 tlicunt
495 641 510 678 :
528 624 666 694 apud
686 624 807 680 illos
822 625 1051 695 justitia,
1074 625 1398 695 respublica,
1419 626 1583 695 leges,
1605 625 1879 680 invidiam-

295 727 395 781 que
412 714 550 781 apud
571 714 692 770 illos
709 716 857 771 canis
876 716 1040 772 habet
1065 715 1360 772 secundum
1392 717 1688 772 Platonem.
1711 715 1873 772 Dictis

296 805 516 860 fortasse
542 805 698 862 fidem
718 823 824 861 non
850 807 1093 863 habetis?
1111 806 1274 877 quue
1294 807 1504 870 merito,
1530 816 1714 878 utpote
1733 805 1880 863 sanis

293 894 499 949 educati
523 895 882 968 dogmatibus.
915 897 1104 965 Quiris
1133 897 1274 953 enim
1314 897 1414 954 hoc
1439 898 1562 954 cibo
1589 899 1880 965 educatus,

293 1001 578 1056 numquam
610 989 799 1045 credet
829 989 1102 1044 hominem
1133 1003 1254 1045 esse
1273 1029 1291 1055 ,
1318 990 1405 1060 qui
1433 999 1672 1046 stercora
1709 990 1884 1046 liben-

292 1083 370 1131 ter
392 1076 659 1148 degustet.
688 1080 824 1134 Cum
846 1095 976 1152 ergo
995 1080 1221 1136 dicimus
1245 1081 1369 1146 illis,
1395 1081 1511 1137 haec
1536 1081 1740 1137 fabulas
1759 1097 1880 1139 esse

289 1175 342 1220 et
367 1167 675 1240 insipientia
705 1171 862 1240 plena
895 1186 912 1236 ;
955 1186 1062 1226 non
1089 1171 1386 1242 intelligitis
1415 1213 1431 1238 ,
1462 1171 1726 1242 inquiunt.
1754 1171 1870 1229 Uti-

294 1274 415 1314 nam
445 1275 562 1315 rem
595 1270 702 1315 tam
753 1262 1031 1318 ridiculam
1069 1278 1363 1334 numquam
1399 1263 1877 1335 intelligamulet

286 1365 417 1408 sane
437 1367 548 1408 non
579 1353 649 1409 ita
672 1354 933 1424 profundo
958 1371 1118 1412 sensu
1141 1371 1276 1428 opus
1309 1365 1393 1412 est
1419 1397 1435 1422 ,
1474 1366 1532 1412 ut
1556 1358 1827 1414 discamus
1854 1399 1872 1426 ,

283 1442 416 1510 quid
460 1445 565 1499 sibi
593 1447 702 1501 vult
727 1447 815 1502 illa
841 1456 981 1502 tanta
1022 1449 1268 1519 impietas
1306 1459 1360 1505 et
1399 1464 1580 1505 rerum
1607 1450 1872 1507 confusio.

281 1533 425 1591 Num
447 1552 728 1593 corvorum
756 1555 905 1596 more
933 1542 1244 1611 loquimini,
1276 1557 1310 1597 ο
1332 1542 1504 1597 insani
1532 1585 1548 1609 ,
1583 1553 1642 1598 ut
1671 1543 1874 1599 faciunt

280 1629 485 1696 pueri?
511 1629 743 1686 Infantes
781 1632 979 1702 quippe
1008 1633 1145 1688 estis
1164 1673 1178 1696 ,
1211 1642 1265 1686 ut
1296 1633 1391 1686 illi.
1424 1633 1493 1688 At
1523 1634 1712 1688 Petrus
1740 1634 1872 1690 nihil

283 1719 388 1775 tale
418 1719 575 1789 dixit,
607 1721 702 1776 sed
733 1737 915 1778 vocem
953 1725 1133 1780 emisit
1163 1767 1178 1791 ,
1217 1740 1336 1794 qua:
1360 1726 1512 1795 quasi
1544 1725 1596 1779 in
1634 1725 1872 1781 tenebris

283 1811 454 1867 lucem
473 1828 719 1883 magnam
749 1818 1053 1882 emitteret,
1079 1825 1134 1872 et
1162 1817 1443 1887 caliginem
1468 1817 1520 1872 in
1550 1817 1680 1872 orbe
1703 1817 1870 1873 dissi-

261 1913 452 1973 paret.
489 1903 686 1960 Verum
734 1923 914 1964 [mres
954 1909 1098 1964 ilrtus
1150 1924 1310 1980 quam
1357 1918 1512 1964 erant
1558 1910 1866 1976 mansueti,

279 2011 438 2066 quam
463 1999 697 2059 humani.
723 2014 882 2068 quam
912 1999 979 2052 ab
1002 2002 1148 2055 omni
1179 2016 1310 2056 vana
1339 2002 1508 2072 gloria
1530 2002 1710 2068 alieni,
1737 2017 1870 2073 quo-

278 2087 443 2142 modo
470 2089 538 2143 ad
561 2090 752 2144 cazlum
787 2092 1108 2161 respiciebat
1139 2093 1256 2148 sine
1285 2092 1421 2148 fastu
1442 2135 1457 2160 ,
1483 2093 1608 2148 licet
1627 2103 1869 2150 mortuos

278 2179 570 2234 suscitaret
602 2181 619 2234 ῑ
645 2181 797 2248 Quod
815 2183 858 2236 si
883 2183 968 2237 eui
993 2183 1357 2253 insipientium
1383 2185 1595 2239 illorum
1638 2185 1866 2240 accidis-

276 2278 377 2336 set,
410 2279 470 2325 ut
495 2287 590 2341 per
611 2271 944 2342 phantasiam
974 2285 1029 2328 et
1053 2275 1289 2345 speciem
1320 2275 1424 2330 tale
1446 2275 1715 2346 quidpiam
1736 2291 1863 2346 age-

276 2371 358 2417 ret
391 2403 411 2428 ,
466 2378 645 2418 annon
689 2366 870 2420 statim
921 2381 1068 2420 aram
1121 2366 1436 2436 expetiisset
1471 2382 1536 2422 ac
1572 2369 1864 2438 templum,

275 2466 338 2506 ac
390 2454 504 2508 Deo
557 2471 651 2523 par
697 2455 881 2512 haberi
934 2458 1292 2529 postulasset;
1340 2473 1461 2514 cum
1507 2459 1642 2514 nihil
1683 2459 1866 2529 hujus.

273 2543 419 2599 modi
485 2557 750 2617 agentes,
801 2549 923 2604 talia
985 2550 1385 2622 imaginentur?
1427 2552 1564 2618 Quid
1613 2553 1714 2608 sibi
1766 2568 1860 2608 vo-

271 2635 390 2692 lunt
426 2639 566 2708 apud
607 2640 729 2696 illos
764 2639 1003 2697 Minerva
1033 2681 1051 2709 ,
1103 2643 1298 2712 Apollo
1339 2650 1396 2698 et
1443 2642 1625 2698 Juno?
1652 2641 1864 2699 Genera

1983 437 2289 496 dremonum
2321 451 2447 496 sunt
2476 443 2618 513 apud
2647 444 2789 502 illos.
2843 445 3046 521 Estque
3096 467 3192 510 rex
3241 469 3404 525 penes
3453 459 3577 518 Illos

1985 532 2077 602 qui
2110 534 2246 587 mori
2277 543 2449 603 Optat,
2477 547 2535 590 ut
2563 552 2658 607 par
2683 538 2787 596 diis
2810 541 3090 602 habeatur.
3119 546 3312 603 Verum
3343 552 3572 622 apostoli

1985 637 2093 676 non
2115 623 2214 684 sic.
2245 625 2340 679 sed
2361 637 2546 681 contra
2578 627 2798 686 faciunt.
2827 633 2963 688 Audi
2996 651 3225 708 namque
3253 641 3372 698 illos
3398 645 3554 701 dicrn

1985 724 2086 780 tes,
2112 725 2391 788 postquam
2412 720 2634 777 claudus
2657 733 2876 801 sanatus
2907 727 3118 783 fuerat:
3153 730 3263 787 Viri
3279 733 3533 792 Israelita:
3553 779 3568 801 ,

1982 809 2107 877 quid
2153 827 2247 864 nos
2289 812 2551 868 intuemini
2585 857 2598 879 ,
2629 799 2774 886 quasi
2831 828 3005 873 nostra
3048 823 3229 878 virtute
3273 837 3362 881 aut
3387 830 3572 899 pietate

1986 901 2256 970 fecerimus
2286 902 2455 974 ipsum
2475 906 2735 962 ambulare
2763 908 2898 978 (Act.
2927 911 2981 966 3.
3013 912 3104 984 12)
3131 914 3155 968 τ
3185 931 3370 973 rursus
3397 921 3525 976 alibi
3549 963 3566 987 ,

1988 988 2102 1045 Nos
2125 992 2315 1047 similes
2344 994 2482 1050 vobis
2509 999 2771 1066 passibiles
2815 1003 3045 1060 homines
3090 1023 3268 1062 sumus
3307 1010 3442 1081 (Act.
3478 1015 3568 1071 14.

1983 1079 2094 1150 14).
2126 1081 2240 1138 lllic
2269 1099 2397 1141 vero
2426 1089 2625 1143 multus
2668 1100 2751 1146 est
2795 1091 2961 1150 fasms
2981 1137 2996 1159 .
3027 1098 3190 1153 multa
3219 1079 3520 1175 arrogantia
3548 1124 3568 1158 :

1982 1175 2163 1228 omnia
2203 1176 2346 1231 enim
2387 1193 2486 1248 pro
2514 1180 2763 1238 humanis
2786 1184 3082 1245 honoribus
3109 1228 3128 1258 ,
3171 1192 3302 1248 nihil
3333 1195 3572 1265 phlloso-

1979 1261 2122 1333 phia:
2153 1267 2323 1336 gratia
2352 1269 2601 1339 agebant.
2641 1273 2739 1330 Ubi
2768 1277 2910 1332 enim
2959 1279 3145 1350 gloria:
3189 1261 3349 1340 causa
3373 1287 3570 1357 agitur,

1979 1355 2162 1409 omnia
2194 1356 2321 1413 vilia
2347 1371 2586 1418 manent.
2628 1363 2780 1421 Licet
2812 1370 2954 1425 enim
2979 1374 3159 1429 omnia
3186 1377 3309 1447 quis
3331 1355 3525 1436 habeat

1978 1443 2027 1498 si
2049 1443 2151 1502 hoc
2173 1461 2282 1502 non
2312 1457 2510 1516 teneat,
2541 1452 2612 1507 ab
2629 1457 2775 1510 omni
2807 1458 3144 1538 philosophia
3165 1443 3359 1523 excidit
3396 1512 3412 1536 ,
3449 1443 3566 1526 rio;

1978 1533 2208 1592 lentiore
2250 1553 2315 1593 ac
2347 1541 2588 1610 turpiore
2624 1547 2816 1602 morbo
2848 1533 3118 1608 detentus.
3167 1555 3338 1626 Hujus
3380 1533 3567 1631 gloria:

1980 1635 2323 1699 contemptus
2348 1631 2415 1686 ad
2448 1634 2585 1689 bona
2614 1639 2793 1694 omnia
2818 1639 3058 1697 docenda
3075 1655 3156 1702 est
3175 1648 3398 1706 idoneus
3425 1665 3476 1706 et
3499 1654 3566 1710 ad

1976 1720 2354 1788 expellendum
2378 1738 2444 1779 ex
2462 1727 2642 1781 anima
2665 1743 2879 1787 omnem
2911 1735 3269 1803 perniciosum
3292 1742 3563 1800 affectum.

1976 1807 2104 1864 Ideo
2124 1826 2218 1865 vos
2242 1810 2432 1869 hortor
2462 1856 2478 1880 ,
2509 1824 2568 1871 ut
2599 1833 2794 1891 magno
2818 1824 2996 1880 studio
3032 1830 3276 1887 morbum
3305 1835 3565 1892 radicitus

1974 1900 2262 1956 evellatis:
2299 1905 2449 1958 nullo
2492 1907 2691 1979 quippe
2735 1911 2846 1966 alio
2889 1916 3049 1972 modo
3097 1934 3380 1989 possumus
3422 1928 3563 1996 apud

1975 1989 2143 2046 Deum
2169 2007 2292 2049 esse
2317 1996 2528 2066 probati
2557 2041 2572 2065 ,
2623 2011 2678 2056 et
2710 2004 2973 2062 insomnis
2999 2009 3144 2067 illius
3168 2016 3307 2070 oeuli
3334 1989 3568 2076 benevo-

1972 2082 2192 2140 lentiam
2223 2087 2382 2143 nobis
2405 2092 2704 2152 attrahere.
2735 2095 2922 2168 Itaque
2948 2116 3134 2158 curam
3161 2121 3377 2164 omnem
3405 2110 3563 2166 adhi-

1971 2172 2194 2230 beamus
2225 2215 2244 2243 ,
2275 2186 2332 2231 ut
2358 2193 2590 2249 superna
2619 2183 2710 2239 illa
2736 2184 2981 2246 fruamur
3009 2195 3180 2263 gratia
3205 2234 3224 2263 ,
3265 2206 3324 2252 ut
3348 2208 3405 2254 et
3428 2217 3564 2270 pra:-

1970 2265 2143 2319 sentia
2193 2268 2332 2322 mala
2376 2268 2641 2341 fugiamus
2673 2315 2690 2342 ,
2717 2285 2776 2332 et
2820 2280 3009 2338 futuris
3053 2283 3338 2355 dignemur
3366 2265 3521 2348 bonis
3544 2333 3560 2358 ,

1968 2355 2138 2424 gratia
2166 2367 2221 2411 et
2243 2357 2570 2430 benignitate
2597 2365 2804 2424 Domini
2835 2377 3005 2430 nostri
3022 2375 3154 2433 Jesu
3180 2378 3406 2451 Christi,
3430 2387 3546 2455 qui-

1968 2460 2088 2500 cum
2115 2446 2260 2503 Patri
2287 2459 2340 2505 et
2365 2452 2583 2522 Spiritui
2610 2468 2797 2516 sancto
2813 2463 3002 2533 gloria,
3027 2467 3335 2542 imperium,
3363 2446 3558 2543 honor,

1969 2553 2111 2595 nunc
2125 2551 2180 2596 et
2199 2555 2438 2615 semper,
2464 2556 2519 2603 et
2547 2549 2602 2604 in
2630 2554 2826 2611 saecula
2845 2559 3187 2618 saeculorum.
3210 2565 3404 2624 Amen.

1671 2855 2022 2920 HOMILIA
2064 2856 2144 2920 V.

263 2991 398 3049 Car.
427 2993 559 3054 Qui.
597 2994 686 3048 M.
722 2992 828 3047 Viri
854 2993 1030 3048 Judtei
1061 3035 1078 3060 ,
1115 3004 1162 3049 et
1197 2996 1282 3065 qui
1310 2995 1550 3049 habitatis
1574 2994 1863 3050 Jerusalem

330 3085 565 3140 universi
593 3125 609 3150 ,
654 3085 750 3138 hoc
776 3085 913 3139 vobis
943 3095 1117 3140 notum
1143 3087 1210 3141 sit
1234 3127 1250 3153 ,
1305 3096 1354 3142 et
1377 3088 1584 3142 auribus
1611 3089 1862 3159 percipite

333 3175 497 3230 verba
521 3192 652 3230 mea.

331 3269 387 3323 1.
419 3267 572 3334 Quos
616 3267 864 3336 superius
913 3269 1227 3338 peregrinos
1268 3269 1439 3335 dixit,
1493 3269 1561 3324 ad
1608 3271 1727 3325 illos
1771 3269 1859 3326 hic

264 3371 577 3413 sermonem
599 3358 867 3413 convertit
895 3377 909 3412 :
938 3369 994 3413 et
1017 3358 1229 3414 videtur
1247 3360 1465 3430 quidem
1489 3361 1608 3416 illos
1629 3361 1852 3431 alloqui,

264 3451 353 3504 sed
405 3449 661 3504 irrisores
713 3450 984 3505 emendat.
1030 3450 1164 3506 Nam
1219 3452 1398 3507 divina
1447 3452 1856 3524 dispensatione

266 3538 470 3596 factum
499 3549 586 3595 est
614 3548 672 3594 ut
695 3542 911 3610 quidam
944 3542 1254 3610 irriderent,
1286 3559 1394 3615 quo
1424 3545 1550 3599 h'nc
1577 3544 1855 3600 defensio.

265 3644 385 3686 nem
417 3630 733 3698 ordiretur,
771 3646 836 3686 ac
882 3647 978 3702 per
1023 3633 1168 3688 illam
1213 3633 1452 3690 doceret.
1494 3635 1698 3706 Magnae
1751 3635 1855 3691 sibi

268 3718 405 3774 laudi
450 3735 576 3775 csse
623 3722 882 3790 putabant
910 3765 926 3790 ,
968 3724 1108 3794 quod
1146 3725 1498 3798 Jerosolymis
1525 3729 1850 3782 habitarent.

272 3809 382 3864 Iloc
398 3811 559 3874 vobis,
602 3810 793 3882 inquit,
826 3823 998 3867 nolunt
1019 3815 1084 3868 sit
1107 3856 1123 3882 ,
1145 3825 1191 3869 et
1211 3817 1421 3871 auribus
1447 3818 1689 3888 percipite
1706 3818 1856 3873 verba

271 3915 395 3954 mea.
425 3902 762 3956 Attentiores
791 3902 1005 3959 interim
1033 3905 1152 3960 illos
1181 3906 1355 3962 reddit
1390 3949 1406 3972 ,
1446 3917 1501 3962 et
1536 3917 1720 3979 postea
1746 3910 1842 3966 de-

271 3989 566 4048 fensionem
595 4003 766 4063 parat.
800 3996 888 4050 15.
923 3995 1044 4051 Νοη
1071 3998 1234 4065 enim,
1263 3999 1391 4053 sicut
1418 4015 1504 4055 vos
1542 4002 1850 4072 suspicanti-

273 4081 360 4146 ui,
391 4083 445 4136 Ιιὶ
495 4082 621 4137 ebrii
665 4093 806 4140 sunt.
858 4085 1048 4141 Viden'
1067 4103 1226 4158 quam
1274 4090 1419 4144 mitis
1461 4091 1532 4146 sit
1560 4091 1853 4148 defensio?

273 4170 416 4229 Licet
442 4175 704 4245 majorem
736 4179 914 4248 populi
946 4191 1150 4248 partem
1180 4197 1366 4238 secum
1408 4183 1667 4253 haberet,
1694 4201 1850 4241 man-

273 4265 470 4320 suetius
499 4274 676 4322 tamen
700 4267 823 4323 illos
861 4269 1154 4340 alloquitur
1187 4289 1202 4329 :
1234 4288 1298 4328 ac
1326 4274 1500 4344 primo
1528 4275 1722 4330 malam
1751 4291 1848 4330 su-

271 4358 564 4426 spicionem
634 4361 817 4427 tollit,
863 4361 1162 4433 deindeque
1208 4364 1578 4422 defensionem
1645 4367 1851 4421 statuit.

273 4446 500 4520 Ideoque
544 4469 650 4508 non
679 4455 836 4523 dicit,
861 4454 977 4510 Non
1000 4456 1142 4510 enim
1172 4455 1312 4512 sicut
1337 4473 1434 4513 vos
1463 4459 1806 4515 subsanuatis
1836 4502 1852 4529 ,

273 4539 356 4593 vel
382 4541 584 4609 ridetis,
610 4544 728 4610 sed,
758 4545 908 4600 Sicut
939 4546 1272 4617 suspicamt'm'
1301 4564 1322 4602 :
1351 4551 1639 4606 ostendere
1668 4551 1856 4608 volens

272 4628 390 4686 illos
419 4648 524 4688 non
544 4637 685 4691 serio
712 4636 828 4693 hazc
852 4636 1076 4703 dixisse,
1111 4651 1169 4693 ut
1187 4640 1358 4711 magis
1377 4641 1482 4697 illis
1504 4641 1849 4712 ignorantia,

274 4736 424 4791 qnam
451 4727 669 4784 malitiae
698 4731 902 4786 crimen
928 4729 1166 4787 offerret.
1192 4730 1315 4788 Non
1342 4735 1639 4801 enim,sicut
1662 4752 1748 4791 vos
1766 4754 1855 4792 su-

271 4817 556 4886 spicamiui,
587 4821 643 4875 Ιιὶ
675 4822 797 4876 ebrii
817 4831 934 4878 sunt
957 4864 974 4890 ,
1004 4839 1120 4878 cum
1147 4825 1212 4880 sit
1241 4824 1368 4880 liora
1409 4826 1511 4882 diei
1554 4830 1718 4885 tertia.
1743 4827 1853 4884 Cur

271 4904 367 4963 hoc
395 4911 786 4968 dicit?annon
843 4923 1095 4985 poterant
1139 4918 1269 4974 hora
1328 4919 1486 4975 tertia
1539 4921 1851 4979 inebriari?

274 4995 520 5057 Poterant
545 5017 678 5060 sane
708 5020 724 5071 ;
753 5004 848 5061 sed
875 5006 926 5060 in
957 5005 1058 5063 hoc
1087 5008 1176 5064 ille
1197 5025 1303 5066 non
1333 5011 1560 5066 multum
1595 5013 1850 5071 instabat:

274 5100 439 5160 neque
457 5093 606 5149 enim
629 5093 702 5150 ita
724 5110 784 5152 se
803 5109 1098 5167 gesserant,
1125 5110 1185 5156 ut
1207 5101 1454 5159 irrisores
1477 5103 1550 5158 illi
1575 5104 1850 5161 dicebant.

273 5175 402 5237 Hinc
429 5198 563 5255 ergo
587 5185 848 5243 discimus
881 5229 897 5254 ,
930 5188 984 5243 in
1029 5190 1195 5246 rebus
1240 5207 1349 5247 non
1393 5196 1715 5252 necessariis
1743 5211 1851 5252 non

273 5266 426 5342 longo
469 5275 732 5330 utendum
779 5292 900 5333 esse
939 5292 1218 5336 sermone.
1264 5283 1516 5354 Alioquin
1560 5301 1692 5342 vero
1734 5285 1852 5343 hmo

274 5364 591 5421 confirmant
635 5383 754 5438 qua:
797 5378 1137 5440 sequuntur:
1169 5387 1230 5427 ac
1269 5373 1484 5430 demum
1545 5376 1612 5431 ad
1662 5393 1852 5434 omnes

273 5463 445 5510 sermo
471 5456 740 5527 dirigitur.
781 5460 872 5516 16.
897 5461 1006 5516 Sed
1030 5462 1126 5516 hoc
1158 5472 1235 5518 est
1274 5466 1408 5534 quod
1449 5468 1640 5522 dictum
1661 5478 1736 5524 est
1762 5487 1854 5538 per

271 5547 566 5615 prophetam
590 5549 712 5605 Joel
737 5567 758 5605 :
791 5553 882 5607 17.
907 5551 975 5608 Et
999 5555 1092 5610 erit
1117 5556 1171 5610 in
1200 5558 1481 5614 novissimis
1505 5561 1702 5630 diebus,
1724 5564 1852 5618 dicit

270 5629 522 5694 Dominus
546 5639 686 5696 Deus
717 5641 858 5712 (Joel
886 5644 944 5699 2.
992 5645 1108 5716 28).
1139 5646 1389 5704 Nondum
1417 5651 1631 5706 auditur
1652 5629 1849 5712 nomen

274 5720 464 5785 Christi
494 5769 512 5798 ,
541 5745 644 5787 nec
669 5733 956 5804 promissio
985 5735 1129 5793 illius
1171 5747 1254 5795 est
1287 5781 1304 5808 ,
1332 5738 1428 5796 sed
1467 5739 1648 5798 Patris
1717 5745 1850 5805 Vide

1969 3000 2308 3069 sapientiam.
2341 3003 2458 3062 Non
2483 3010 2663 3066 statim
2693 3016 2905 3073 transiit
2924 3020 2992 3076 ad
3021 3037 3104 3089 ea,
3137 3039 3258 3096 qua:
3283 3027 3556 3086 Christum

1965 3093 2318 3161 spectabant;
2351 3113 2542 3170 nempe
2567 3105 2708 3174 quod
2735 3106 2851 3176 ipse
2883 3111 2997 3169 hare
3027 3093 3373 3188 promiserit,
3401 3133 3556 3194 post-

1962 3197 2120 3252 quam
2146 3187 2437 3244 crucilixus
2461 3191 2669 3252 fuerat:
2698 3199 2932 3272 alioquin
2973 3209 3152 3264 omnia
3201 3213 3557 3271 subvertisset

1961 3273 2078 3330 haec
2101 3276 2352 3336 dicendo.
2380 3284 2541 3355 Atqui
2587 3297 2857 3361 poterant,
2890 3296 3099 3368 inquies
3119 3341 3134 3366 ,
3161 3304 3279 3370 ejus
3303 3307 3556 3366 divinita-

1962 3372 2072 3422 tem
2117 3373 2426 3430 ostendere.
2471 3377 2615 3435 Sane
2660 3384 2914 3453 quidem,
2947 3391 2991 3444 si
3037 3392 3240 3448 credita
3285 3396 3550 3454 fuissent:

1961 3463 2106 3531 quod
2143 3473 2325 3520 autem
2369 3466 2480 3536 jam
2511 3477 2856 3542 qumrcbatur
2885 3522 2900 3546 ,
2933 3492 3052 3538 erat
3077 3493 3134 3538 ut
3162 3487 3550 3546 crederentur:

1959 3567 2068 3607 non
2096 3556 2301 3611 credita
2329 3571 2510 3616 autem
2535 3564 2586 3619 id
2615 3566 2938 3638 effecissent,
2965 3582 3022 3628 ut
3046 3575 3122 3630 illi
3158 3577 3548 3648 lapidarcntur.

1962 3642 2246 3710 Effundam
2272 3649 2336 3704 de
2362 3651 2564 3722 Spiritu
2608 3673 2718 3712 meo
2745 3677 2896 3730 super
2941 3682 3142 3726 omnem
3185 3642 3408 3726 carnem.
3455 3675 3554 3732 Dat

1961 3735 2068 3792 illis
2093 3753 2308 3811 quoque
2333 3759 2483 3814 spem
2506 3746 2721 3817 bonam,
2745 3752 2788 3806 si
2821 3755 3038 3823 quidem
3061 3759 3245 3814 velint.
3288 3762 3396 3819 Nec
3421 3766 3552 3822 sinit

1959 3829 2081 3886 illos
2104 3833 2308 3903 majore
2336 3840 2488 3908 copia
2516 3839 2642 3906 frui,
2677 3846 2820 3914 quod
2850 3848 3070 3906 livorem
3099 3857 3430 3925 peperisset,
3460 3869 3546 3914 ιιι-

1957 3935 2064 3992 que
2101 3923 2228 3979 hinc
2252 3926 2504 3986 invidiam
2531 3935 2776 3991 succidit.
2813 3937 2882 3992 Et
2913 3923 3307 4016 prapltetabuut,
3332 3923 3544 4021 inquit,

1959 4013 2058 4081 ﬁlii
2085 4016 2254 4070 vestri.
2291 4017 2408 4074 Non
2449 4035 2622 4078 vestra
2651 4037 2733 4082 est
2765 4029 2880 4086 hace
2922 4049 3009 4088 res
3039 4039 3294 4106 praeclara
3319 4081 3336 4107 ,
3373 4057 3545 4112 neque

1957 4113 2134 4159 vestra
2167 4105 2318 4175 laus;
2345 4111 2439 4167 sed
2470 4114 2538 4168 ad
2581 4116 2719 4171 filios
2749 4130 2959 4178 vestros
2985 4105 3152 4194 gratia
3182 4105 3412 4184 transiit.
3459 4105 3545 4186 lti-

1957 4195 2197 4264 scipulos
2224 4210 2380 4256 vocat
2405 4204 2542 4259 lllios
2563 4246 2578 4270 ,
2610 4218 2666 4262 et
2694 4209 2817 4265 illos
2844 4222 3042 4280 patres.
3074 4216 3141 4270 Et
3164 4221 3375 4288 juvenes
3400 4222 3547 4277 vestri

1959 4286 2174 4340 visiones
2197 4289 2454 4359 videbunt,
2475 4305 2522 4348 et
2547 4298 2767 4351 seniores
2796 4304 2945 4356 vestri
2972 4307 3169 4359 somnia
3197 4311 3551 4379 somniabunt,‘

1961 4372 2051 4426 18.
2069 4382 2116 4425 et
2141 4376 2346 4443 quidem
2372 4395 2526 4448 super
2550 4399 2718 4437 servos
2742 4403 2876 4442 meos
2914 4401 2961 4443 et
2986 4399 3381 4464 superant-illas
3410 4372 3546 4459 meas

1957 4461 2012 4514 in
2039 4461 2214 4517 diebus
2240 4463 2344 4519 illis
2369 4466 2627 4547 e/fundam
2646 4471 2711 4526 de
2726 4473 2924 4545 Spiritu
2941 4461 3069 4548 meo,
3085 4493 3130 4537 et
3157 4487 3547 4557 prophetabunt.

1960 4551 2177 4609 Interim
2205 4558 2439 4614 ostendit
2469 4575 2527 4617 se
2553 4565 2803 4633 probatos
2833 4584 2984 4642 esse,
3013 4551 3198 4646 utpote
3224 4551 3312 4651 qui
3343 4580 3543 4653 Spiritu

1959 4656 2146 4703 essent
2173 4647 2375 4722 dignati
2409 4668 2424 4718 ;
2456 4653 2578 4711 illos
2603 4670 2730 4712 vero
2753 4661 2974 4720 minime
3005 4707 3019 4731 ,
3054 4647 3361 4744 utpote—qui
3385 4647 3544 4730 121»τὶ-

1959 4746 2098 4793 stum
2120 4741 2533 4802 cruciﬁxissent.
2568 4747 2693 4804 ldeo
2718 4760 2774 4806 et
2800 4751 3046 4813 Christus
3069 4769 3124 4824 ut
3153 4741 3366 4819 illorum
3399 4766 3547 4825 luro-

1957 4844 2073 4886 rem
2101 4830 2316 4889 sedaret
2342 4876 2357 4901 ,
2413 4837 2627 4894 dicebat
2656 4859 2668 4895 :
2703 4842 2830 4898 Filii
2867 4858 3034 4903 autent
3060 4854 3210 4907 vestri
3238 4855 3290 4908 in
3317 4873 3417 4927 quo
3445 4859 3544 4928 eji-

1958 4923 2096 4977 ciunt
2121 4925 2372 4982 dtentonia
2417 4929 2631 5002 (Matth.
2661 4935 2915 5010 12.27)?
2943 4942 3058 4998 Νοη
3083 4944 3217 5001 dixit
3247 4991 3264 5015 ,
3293 4923 3546 5023 Discipuli

1959 5014 2064 5069 mei
2091 5031 2107 5081 ;
2157 5031 2282 5072 nam
2312 5019 2415 5075 sibi
2445 5021 2752 5082 adulantem
2779 5033 3064 5102 sapuisset.
3091 5036 3185 5094 Sic
3212 5014 3301 5096 ille
3331 5014 3535 5100 nou-di-

1962 5103 2044 5158 xit
2073 5146 2088 5170 ,
2121 5105 2270 5175 ipsos
2313 5125 2419 5165 non
2447 5112 2628 5171 ebrios
2657 5131 2780 5174 esse
2808 5159 2826 5185 ,
2876 5123 2972 5178 sed
2999 5141 3065 5182 ex
3095 5127 3298 5198 Spiritu
3347 5131 3490 5202 loqui
3526 5154 3540 5190 :

1960 5210 2136 5266 neque
2157 5196 2286 5252 illud
2308 5200 2625 5272 simpliciter
2648 5249 2665 5275 ,
2697 5209 2794 5265 sed
2817 5211 2886 5268 ad
2913 5196 3226 5286 praphetam
3253 5196 3492 5293 confugit
3523 5266 3542 5295 ,

1959 5305 2015 5350 et
2045 5295 2137 5350 illo
2168 5295 2335 5354 fretus
2363 5299 2574 5360 fortiter
2597 5308 2726 5378 agit.
2755 5309 2844 5365 Sic
2873 5327 2969 5381 per
2995 5330 3056 5370 se
3087 5315 3303 5386 quidem
3333 5319 3451 5375 illos
3475 5325 3545 5378 ab

1960 5387 2302 5444 accusatione
2324 5396 2570 5464 purgavit
2594 5439 2611 5464 ,
2638 5400 2954 5469 prophetam
2977 5419 3109 5460 vero
3134 5407 3318 5474 gratiae
3349 5418 3540 5468 testem

1960 5476 2184 5532 inducit.
2218 5478 2498 5548 E/fundam
2523 5486 2588 5542 de
2622 5488 2822 5558 Spiritu
2864 5507 2974 5546 meo
3015 5511 3171 5561 super
3200 5513 3398 5554 omnem
3424 5516 3543 5558 car-

1960 5585 2100 5624 nem.
2121 5568 2211 5626 Sic
2233 5571 2388 5639 dixit,
2417 5577 2541 5646 quia
2563 5579 2684 5635 aliis
2711 5595 2807 5650 per
2828 5584 3038 5640 somnia
3073 5627 3089 5653 ,
3117 5587 3237 5643 aliis
3263 5592 3543 5652 manifeste

1961 5661 2127 5746 gratia
2150 5661 2317 5717 effusa
2341 5674 2440 5719 est.
2461 5665 2594 5722 Nam
2615 5679 2670 5724 et
2697 5670 2800 5740 per‘
2813 5673 3019 5730 somnia
3043 5677 3288 5737 viderunt
3311 5684 3542 5755 prophe-

1964 5759 2037 5810 t:e
2064 5797 2080 5824 ,
2109 5764 2164 5812 et
2205 5756 2569 5818 revelationes
2597 5776 2942 5830 acceperunt.
2973 5767 3175 5830 Deinde
3199 5777 3543 5849 progreditur
