3976 6144
392 314 453 374 si
1124 309 1179 364 s.
1221 307 1507 368 massis
1532 294 2006 365 Cttavsosront
2043 300 2377 365 ARCHIEP:
2399 300 2927 361 ευΝετΑΝγιΝορ.
3611 305 3683 361 5:

370 480 377 497 η.
395 430 450 483 in
472 425 748 496 prophetia
785 464 799 485 ,
831 437 950 493 qua:
993 422 1263 491 quidpiam
1297 421 1535 476 terribile
1579 421 1757 474 habet.
1793 418 1881 476 l9.
1910 418 1980 474 Et

356 511 368 520 ’
399 521 529 571 dabo
558 559 574 584 ,
623 516 795 585 inquit
818 557 833 582 ,
894 515 1129 585 prodigia
1153 514 1206 567 in
1231 517 1357 568 crclo
1400 526 1639 577 sursum,
1682 523 1728 566 et
1756 512 1902 583 signa
1926 513 1980 567 in

397 623 532 665 terra
546 611 801 662 deorsum.
831 607 925 662 llis
943 618 991 661 et
1019 606 1250 662 futurum
1272 606 1527 675 judicium
1552 614 1606 659 et
1622 602 1984 675 Jerosolymo-

398 717 517 757 rum
542 698 813 754 excidium
835 698 1154 753 subindieat.
1187 697 1500 773 Sanguinem
1531 706 1575 751 et
1601 698 1789 767 ignem,
1821 704 1870 750 et
1896 710 1984 749 sa-

402 809 577 864 porem
602 793 748 861 fumi.
791 790 922 846 Vide
944 832 959 857 ,
989 789 1261 860 quomodo
1290 791 1555 845 excidium
1581 790 1868 846 describat.
1887 789 1991 845 20.

401 882 497 938 Sol
517 890 830 935 convertetur
859 882 913 935 in
944 881 1171 935 tenebras
1198 920 1212 945 ,
1258 891 1305 934 et
1335 880 1457 934 luna
1484 881 1535 933 in
1564 883 1878 951 sanguinem.
1908 881 1985 935 Ex

398 972 593 1026 adectu
617 971 931 1042 patientium
967 971 1038 1026 ita
1059 970 1312 1040 loquitur.
1335 970 1592 1025 Narratur
1617 980 1792 1026 tamen
1822 971 1985 1024 multa

401 1062 593 1117 similia
615 1063 667 1116 in
689 1064 820 1117 eicio
838 1063 947 1116 visa
972 1062 1156 1127 fuisse,
1172 1071 1233 1117 ut
1258 1062 1572 1117 testiﬁcatur
1590 1062 1859 1133 Josephus
1885 1058 1983 1131 (α).

401 1153 624 1210 Interim
653 1154 774 1209 illos
812 1166 1025 1224 quoque
1064 1152 1392 1223 perstrinxit,
1425 1153 1670 1207 tenebras
1692 1151 1986 1223 qumacci-

405 1244 538 1307 dore
608 1258 959 1311 memorans,
1010 1254 1066 1299 et
1114 1244 1273 1299 futuri
1322 1243 1780 1313 exspectationem
1833 1240 1988 1296 indu-

406 1351 559 1393 cens.
603 1337 884 1408 Antequam
910 1338 1074 1391 veniat
1098 1336 1207 1390 dies
1235 1334 1441 1389 Domini
1466 1348 1680 1404 magnus
1708 1344 1752 1387 et
1772 1334 1991 1403 manife-

408 1439 538 1484 stus.
584 1428 664 1484 Ne
703 1431 825 1499 quia
865 1443 1008 1501 nunc
1055 1428 1272 1496 impune
1312 1426 1547 1496 peccatis
1577 1467 1592 1490 ,
1626 1425 1797 1495 inquit
1825 1464 1841 1491 ,
1870 1421 1991 1478 ideo

406 1519 712 1575 conﬁdatis.
768 1519 896 1575 Hace
942 1520 1198 1589 prowmia
1236 1527 1361 1573 sunt
1406 1518 1581 1589 magni
1617 1517 1894 1587 cujusdam
1939 1522 1995 1572 et

408 1613 712 1684 gravissimi
733 1612 861 1667 dict.
890 1613 1095 1678 Videu’,
1120 1612 1392 1682 quomodo
1411 1613 1622 1667 animos
1648 1625 1834 1667 eorum
1860 1623 1992 1665 exa-

410 1705 619 1776 gitavit,
646 1712 702 1759 et
728 1705 894 1759 risum
925 1702 1191 1759 convertit
1212 1703 1263 1756 in
1288 1701 1735 1757 excusationem?
1767 1700 1823 1755 Si
1849 1700 1995 1756 enim

412 1797 531 1851 inec
552 1804 679 1851 sunt
702 1797 964 1866 prooemia
992 1795 1097 1851 diei
1130 1796 1271 1850 illius
1297 1837 1311 1862 ,
1343 1806 1567 1850 necesse
1589 1800 1665 1850 est
1699 1794 1994 1865 periculum

412 1889 484 1944 de
509 1890 765 1944 extremis
787 1889 898 1958 jam
945 1888 1247 1942 imminere.
1277 1888 1414 1954 Quid
1456 1888 1634 1942 vero?
1664 1902 1790 1941 num
1823 1886 1998 1957 pergit

412 1980 674 2034 terribilia
705 1976 928 2035 dicere?
956 1977 1326 2050 Nequaquam.
1359 1978 1463 2033 Sed
1493 1978 1661 2048 quid?
1687 1978 1893 2032 Rursus
1909 1977 2000 2031 dat

414 2071 525 2125 illis
552 2070 854 2140 respirandi
881 2071 1078 2133 locum,
1113 2080 1164 2126 ct
1194 2070 1271 2123 ait
1292 2086 1307 2123 :
1328 2069 1420 2123 2|.
1451 2067 1520 2122 Et
1544 2070 1638 2122 erit
1666 2110 1682 2134 ,
1714 2069 1874 2122 omnis
1899 2070 2002 2138 qui-

416 2176 627 2233 euntque
649 2163 953 2218 invocaret-it
981 2178 1161 2217 nomen
1192 2160 1419 2228 Domini,
1449 2161 1620 2215 salvus
1647 2162 1759 2215 erit.
1794 2160 1907 2215 lluc
1936 2160 2003 2216 de

417 2255 640 2309 tlhristo
661 2253 860 2309 dictum
887 2264 989 2319 est,
1024 2264 1082 2308 ut
1108 2255 1302 2310 Paulus
1330 2253 1404 2307 ait
1432 2249 1607 2322 (Rom.
1637 2252 1723 2307 10.
1753 2253 1839 2323 15)
1873 2271 1884 2307 :
1918 2252 2006 2307 hic

420 2361 551 2398 vero
579 2361 684 2399 non
714 2344 877 2400 audet
899 2345 949 2399 id
977 2345 1148 2414 palam
1182 2345 1439 2400 revelare.
1476 2342 1623 2398 Dicta
1644 2357 1772 2399 vero
1802 2358 1831 2397 a
1860 2343 2007 2415 prin-

412 2435 566 2503 .cipio
606 2442 930 2503 repetamus.
986 2435 1155 2490 Recte
1191 2434 1343 2498 quasi
1390 2433 1649 2488 adversus
1694 2430 1928 2487 ridentes
1953 2441 2009 2487 et

424 2526 1082 2597 subsannantcsinsurgit,
1115 2524 1338 2580 dicens:
1375 2524 1568 2578 Notaui
1585 2524 1649 2578 sit
1672 2522 1902 2577 onmibus
1922 2534 2009 2577 vo-

425 2618 523 2681 bis,
546 2627 593 2670 et
622 2616 828 2670 auribus
857 2617 1099 2686 percipite
1124 2617 1271 2671 verba
1310 2632 1439 2669 mea.
1474 2615 1628 2669 Initio
1653 2624 1832 2669 autem
1860 2614 2008 2670 dice-

406 2710 540 2786 _bat,
575 2708 685 2763 Viri
709 2709 903 2763 Judtei.
934 2708 1151 2764 Judaros
1181 2708 1309 2763 mihi
1337 2710 1516 2765 dicere
1544 2708 1756 2764 videtur
1787 2721 1900 2773 eos,
1922 2706 2013 2777 qui

428 2801 482 2854 in
510 2799 692 2855 Judaea
727 2798 1061 2854 habitabant.
1099 2800 1162 2854 Et
1186 2841 1202 2866 ,
1242 2800 1284 2853 si
1314 2801 1488 2871 placet
1519 2842 1535 2866 ,
1585 2800 1870 2853 all‘eranns
1922 2797 2014 2852 illa

432 2893 704 2962 Evangelii
739 2893 901 2947 verba
935 2934 951 2959 ,
998 2902 1054 2947 ut
1080 2893 1257 2947 discas
1292 2894 1461 2962 qualis
1497 2903 1718 2961 repente
1754 2892 1919 2945 lactus
1946 2889 2017 2944 sit

430 2986 649 3046 Petrus.
699 2984 841 3039 Exiit
859 3026 875 3052 ,
904 2985 1113 3054 inquit,
1146 2986 1316 3056 puella
1343 2986 1513 3038 dicens
1542 3001 1561 3039 :
1590 2980 1656 3038 Et
1684 2995 1739 3038 tu
1764 2998 1878 3038 eras
1902 2997 2016 3036 cum

431 3076 558 3131 Jesu
588 3074 878 3129 Nazarene.
915 3075 1014 3129 Ille
1041 3086 1206 3129 autem
1232 3077 1511 3145 respondit,
1539 3073 1590 3127 Ν
1596 3073 1726 3128 escio
1743 3074 2014 3126 hominem.

439 3163 508 3218 Et
532 3181 710 3219 rursus
738 3165 1073 3235 interrogatus
1102 3165 1247 3234 carpit
1270 3164 1502 3218 detestari
1529 3174 1574 3219 et
1596 3165 1778 3235 jurare
1798 3161 2016 3234 (Matth.

435 3257 528 3311 as.
557 3255 768 3324 69-72).
1986 3294 1989 3295 ,

507 3349 563 3402 2.
606 3348 843 3403 Adulatio
872 3349 1096 3404 vitanda.
1124 3378 1194 3389 —
1212 3347 1315 3405 Sed
1344 3349 1432 3405 hic
1454 3349 1577 3405 vide
1603 3348 1743 3403 illius
1774 3347 2018 3403 ﬁduciam

439 3454 792 3510 magnamque
815 3440 1025 3495 dicendi
1050 3440 1370 3496 libertatem.
1394 3440 1510 3496 Non
1536 3440 1771 3497 laudavit
1795 3455 1909 3503 eos,
1932 3442 2022 3511 qui

436 3530 684 3586 dixerant
717 3549 730 3584 :
760 3531 1056 3585 Audiuimus
1083 3548 1166 3586 eos
1195 3533 1454 3602 loquentes
1483 3533 1667 3587 nostris
1696 3533 1883 3603 linguis
1912 3546 2023 3586 ma-

440 3622 616 3692 gnalia
640 3620 769 3685 Dei;
791 3621 883 3676 sed
907 3622 994 3677 illa
1016 3638 1117 3692 qua
1145 3638 1267 3694 erga
1295 3625 1426 3678 alios
1452 3639 1579 3679 usus
1601 3633 1716 3679 erat
1744 3625 2024 3694 gravitate,

444 3716 543 3769 hos
584 3714 934 3769 studiosiores
979 3714 1204 3771 reddere
1249 3716 1470 3782 volens,
1521 3726 1576 3771 et
1619 3731 1921 3772 sermonem
1961 3717 2029 3770 ab

446 3807 752 3861 adulatione
792 3805 1028 3861 alienum
1063 3807 1370 3863 ostendere.
1402 3809 1514 3863 Hoc
1540 3809 1682 3862 enim
1716 3808 1910 3878 ubique
1935 3807 2033 3861 oh-

418 3964 422 3968 ,
448 3896 770 3952 servandum
801 3906 912 3964 est,
941 3899 1210 3968 quomodo
1248 3899 1584 3970 indulgenter
1613 3900 1734 3953 licet
1766 3900 2027 3968 loquatur,

446 4002 627 4044 sermo
655 3998 829 4043 tamen
855 3989 924 4043 ab
952 3988 1260 4045 adulatione
1292 3990 1449 4044 simul
1475 3999 1530 4044 et
1552 4005 1582 4043 a
1612 3990 1932 4045 contumelia
1963 3991 2033 4043 sit

447 4081 693 4143 alienus;
724 4078 864 4148 quod
898 4089 1072 4134 tamen
1109 4079 1328 4136 difﬁcile
1365 4090 1467 4135 est.
1509 4080 1659 4149 Quod
1698 4089 1877 4135 autem
1918 4080 2034 4136 lure

451 4171 580 4225 hora
606 4170 759 4226 tertia
781 4169 917 4226 facta
939 4170 1067 4237 sint,
1094 4186 1198 4226 non
1222 4171 1339 4228 sine
1359 4186 1519 4227 causa
1540 4172 1906 4240 dispensatum
1928 4181 2032 4228 est.

448 4263 585 4318 Cum
617 4263 760 4319 enim
789 4263 924 4319 lueis
948 4263 1204 4332 splendor
1233 4273 1486 4334 apparet,
1521 4274 1648 4319 tunc
1674 4264 1787 4320 non
1828 4264 2035 4334 prandii

450 4356 594 4411 euris
624 4355 868 4426 homines
895 4363 1261 4426 occupantur,
1294 4366 1422 4411 tunc
1455 4356 1575 4411 laeta
1603 4356 1718 4411 dies
1754 4364 1870 4419 est,
1913 4364 2038 4410 tunc

451 4462 642 4503 enines
668 4448 721 4502 in
751 4446 868 4502 foro
897 4457 1040 4503 sunt.
1075 4447 1261 4503 Viden‘
1290 4462 1592 4503 sermonem
1636 4445 1880 4502 libertate
1918 4447 2036 4517 ple-

451 4540 620 4595 num?
646 4538 712 4591 Et
740 4538 945 4594 auribus
976 4540 1216 4609 pereipite
1241 4540 1390 4594 verba
1416 4555 1546 4594 mea.
1588 4539 1680 4594 His
1703 4540 1861 4593 dictis
1885 4552 1948 4594 ex
1979 4554 2040 4595 se

452 4629 585 4684 nihil
612 4628 830 4693 addidit,
856 4630 948 4684 sed
973 4630 1088 4684 haac
1112 4630 1391 4698 subiunxit
1413 4647 1427 4684 :
1450 4627 1562 4682 Hoc
1580 4640 1674 4694 est,
1697 4631 1831 4699 quod
1851 4631 2040 4684 dictum

450 4732 525 4777 est
565 4737 654 4790 per
690 4721 985 4791 prophetam
1024 4720 1142 4775 Joel
1169 4736 1191 4776 :
1220 4721 1287 4775 Et
1313 4723 1408 4775 erit
1440 4722 1494 4775 in
1528 4722 1813 4776 novissimis
1842 4722 2036 4778 diebus.

453 4814 704 4870 Ostendit
726 4816 869 4869 enim
892 4823 1075 4886 postea
1102 4817 1616 4873 consummationem
1648 4830 1813 4886 prope
1849 4815 2042 4871 ah‘utu-

452 4924 590 4965 ram.
614 4908 704 4963 Sic
728 4906 856 4962 illud
875 4949 890 4972 ,
916 4906 984 4962 In
1024 4907 1306 4963 novissimis
1330 4908 1505 4964 diebus
1524 4951 1537 4975 ,
1570 4909 1854 4980 quamdam
1882 4909 2042 4964 habet

451 4999 773 5068 emphasim.
823 4999 1024 5055 Deinde
1066 5014 1136 5056 ne
1172 4999 1416 5056 videatur
1455 5001 1569 5056 hinc
1608 5001 1674 5055 ad
1719 5002 1862 5057 solos
1902 5001 2042 5059 filios

457 5090 747 5161 pertinere,
769 5089 1042 5161 subjungit
1065 5110 1081 5147 :
1107 5089 1177 5145 Et
1194 5093 1413 5148 saliares
1430 5093 1579 5148 vestri
1601 5095 2044 5153 somnia_somnia-

455 5184 598 5238 bunt.
632 5182 766 5238 Vide
791 5182 869 5237 rei
894 5182 1111 5237 seriem.
1140 5180 1318 5238 Primo
1345 5183 1438 5238 lilii
1463 5200 1478 5249 ;
1501 5184 1640 5239 sicut
1660 5194 1710 5240 et
1740 5185 1902 5240 David
1927 5186 2039 5242 ait:

458 5271 566 5329 Pro
593 5273 817 5345 patribus
845 5273 943 5329 tuis
982 5274 1090 5328 nati
1126 5283 1244 5328 sunt
1277 5274 1367 5329 tibi
1391 5276 1488 5343 ﬁlii
1512 5272 1684 5346 (Psal.
1712 5275 1799 5332 44.
1836 5276 1961 5347 i7);
1989 5287 2044 5333 et

456 5379 643 5420 rursus
671 5364 957 5420 Halachias
989 5382 1003 5419 :
1035 5363 1336 5420 Camertem
1375 5366 1533 5419 corda
1575 5376 1776 5436 patrum
1802 5369 1857 5422 in
1885 5369 2040 5437 ﬁlios.

457 5453 527 5508 Et
551 5472 704 5526 super:
721 5471 886 5511 servos
913 5471 1048 5510 meos
1072 5497 1087 5521 ,
1117 5465 1165 5511 et
1190 5471 1347 5525 super
1379 5456 1595 5509 ancillas
1622 5471 1757 5510 meas
1786 5459 1804 5525 (
1828 5457 1956 5511 Mal.
1986 5458 2038 5511 4.

459 5547 542 5617 6).
582 5548 650 5603 Et
685 5549 787 5604 hoc
824 5549 1036 5605 virtutis
1069 5548 1325 5604 indicium
1357 5566 1373 5603 :
1400 5548 1539 5603 servi
1580 5548 1724 5604 enim
1762 5549 1880 5618 ejus
1920 5548 2042 5604 facti

525 5678 599 5739 (η)
618 5686 757 5734 signa
780 5692 893 5790 qtae
910 5680 1329 5754 Jerosnlymorum
1355 5684 1606 5734 excidium
1642 5693 2007 5748 prmeesserunt
2024 5722 2039 5749 ,

525 5749 627 5790 rrat
644 5741 776 5790 Jose.
811 5755 888 5790 ius
908 5741 974 5790 de
998 5741 1131 5790 nullo
1152 5743 1363 5790 Judatco.

461 5749 627 5792 πιπτει
644 5741 779 5805 lose,
796 5741 888 5792 bus
908 5741 974 5792 de
998 5741 1131 5792 uelle
1152 5743 1363 5794 iudaice.

2091 432 2314 484 sumus,
2346 416 2557 474 liberati
2594 432 2626 473 a
2669 427 2908 488 peccato.
2953 415 3198 487 Magnum
3235 428 3412 473 autem
3452 429 3536 473 est
3577 418 3680 477 hoc

2088 511 2287 567 donum
2308 548 2324 577 ,
2349 509 2568 581 quando
2604 510 2859 575 inalium
2884 523 3097 581 quoque
3122 524 3310 565 sexum
3340 512 3530 566 transit
3558 525 3681 581 gra-

2089 603 2192 668 tia;
2221 618 2326 658 non
2356 602 2407 658 in
2434 617 2596 658 unam
2622 602 2920 659 alterumve
2943 602 3083 656 sicut
3110 602 3259 668 olim,
3282 617 3478 673 nempe
3500 602 3557 657 in
3581 604 3686 657 De-

2092 693 2275 748 boram
2299 702 2355 749 et
2377 693 2587 750 Oldam.
2614 694 2798 765 Neque
2817 695 2958 750 dixit
2981 708 3101 750 esse
3122 694 3380 765 Spiritum
3409 706 3679 760 sanctum,

2094 798 2266 855 neque
2295 785 2568 855 propheta:
2594 786 2757 841 verba
2787 785 3108 857 explicavit;
3139 784 3234 842 sed
3270 786 3441 841 solam
3474 787 3687 841 induxit

2092 875 2428 947 prophetiam
2452 892 2547 947 per
2568 877 2802 947 seipsam
2830 884 3149 933 certantem.
3182 876 3431 948 Nihilque
3453 878 3521 933 de
3545 877 3683 932 Juda

2088 968 2198 1037 jam
2220 966 2478 1039 loquitur,
2497 968 2619 1037 quia
2640 969 2889 1024 ontnibus
2911 968 3092 1039 palam
3104 976 3222 1023 erat
3241 969 3428 1039 quales
3446 966 3689 1024 dedisset

2097 1072 2318 1126 ptenas;
2350 1057 2447 1113 sed
2475 1058 2633 1124 silet,
2665 1059 2845 1115 sciens
2873 1058 3006 1113 nihil
3033 1058 3258 1113 validius
3286 1072 3405 1114 esse
3428 1072 3589 1128 quam
3618 1074 3688 1113 ex

2062 1176 2065 1180 -
2098 1148 2374 1219 prophetis
2404 1150 2547 1220 loqui
2576 1151 2681 1206 illis
2712 1168 2726 1205 :
2759 1150 2863 1206 hoc
2888 1151 3030 1207 enim
3071 1151 3203 1222 ipsis
3239 1152 3403 1207 etiam
3433 1150 3691 1220 operibus

2095 1240 2286 1296 fortius
2320 1250 2426 1297 est.
2467 1241 2599 1298 Nam
2636 1257 2764 1298 cum
2802 1243 2955 1314 signa
2996 1243 3200 1298 faceret
3230 1242 3506 1309 Christus,
3545 1257 3692 1310 saepe

2098 1332 2564 1399 contradicebsnt;
2587 1349 2709 1389 eum
2730 1342 2908 1389 autem
2936 1333 3252 1406 prophetam
3279 1333 3561 1389 induceret
3584 1333 3693 1387 illis

2100 1421 2370 1479 dieentem
2397 1441 2410 1477 :
2433 1423 2577 1478 Dixit
2605 1424 2854 1479 Dominus
2878 1426 3094 1479 Domino
3119 1440 3250 1489 meo,
3281 1424 3418 1480 Sede
3439 1441 3473 1478 a
3497 1425 3694 1479 dextris

2101 1515 2223 1569 meis
2239 1513 2450 1585 (Matth.
2468 1515 2557 1569 22.
2572 1517 2661 1571 44.
2684 1515 2831 1571 Psal.
2854 1516 2975 1572 109.
2998 1519 3073 1588 l),
3090 1516 3161 1571 ita
3188 1516 3440 1583 silebant,
3456 1526 3514 1571 ut
3531 1529 3694 1572 nemo

2102 1603 2359 1676 deinceps
2374 1617 2551 1676 posset
2569 1607 2641 1662 illi
2658 1608 3002 1679 respondere.
3024 1609 3102 1663 Ac
3126 1623 3269 1678 saepe
3287 1609 3377 1664 ille
3388 1608 3696 1679 Scriptores

2103 1706 2389 1765 memorat,
2417 1698 2623 1766 dicens,
2652 1700 2840 1756 Siillos
2865 1702 2995 1755 dixit
3022 1701 3163 1768 deos,
3181 1701 3249 1755 ad
3266 1718 3390 1774 quos
3405 1716 3567 1756 sermo
3597 1701 3694 1756 Dei

2106 1793 2276 1860 {acuis
2297 1799 2370 1844 est
2393 1790 2674 1858 (Joan.10.
2692 1793 2804 1862 55).
2822 1792 2932 1846 lmo
2947 1792 3140 1862 ubique
3159 1793 3260 1848 hoc
3274 1794 3395 1864 quis
3407 1794 3693 1848 invenerit.

2107 1881 2232 1937 ideo
2267 1882 2354 1937 hic
2392 1883 2467 1937 ait
2497 1901 2510 1936 :
2543 1883 2822 1951 Effundant
2850 1885 2913 1938 de
2941 1883 3141 1955 Spiritu
3173 1902 3284 1940 meo
3320 1901 3471 1955 super
3497 1902 3700 1940 omnem

2105 1987 2353 2039 carnem;
2384 1972 2487 2029 hoc
2514 1981 2618 2041 est,
2643 1974 2696 2028 in
2720 1982 2928 2045 gentes.
2955 1973 3062 2030 Sed
3093 1975 3326 2030 nondum
3352 1976 3573 2039 revelat,
3598 1991 3701 2031 nec

2108 2064 2525 2136 interpretatur;
2553 2082 2726 2137 neque
2745 2068 2886 2122 enim
2911 2066 3246 2137 expediebat,
3270 2067 3391 2138 quia
3412 2068 3571 2123 etiam
3598 2067 3703 2122 hoc

2109 2159 2396 2214 obscurum
2425 2168 2558 2215 erat.
2589 2158 2735 2213 Dabo
2767 2161 2998 2231 prodigia
3029 2161 3083 2214 in
3125 2159 3248 2216 (telo
3285 2175 3504 2215 sursum.
3537 2161 3705 2230 Magis

2113 2250 2233 2305 illos
2277 2249 2383 2304 hoc
2421 2251 2694 2318 terrebat,
2727 2250 2866 2321 quod
2908 2260 3053 2307 esset
3095 2252 3401 2307 obscurum.
3435 2253 3490 2307 Si
3519 2261 3701 2306 autem

2114 2343 2219 2398 hoc
2243 2345 2622 2414 interpretatus
2643 2356 2806 2411 esset,
2831 2346 3003 2415 magis
3029 2346 3134 2400 illis
3155 2345 3470 2400 obstitisset.
3501 2343 3706 2399 Deinde

2116 2434 2245 2489 illud
2274 2436 2516 2504 praeterit
2548 2436 2696 2504 quasi
2738 2435 3112 2499 manifestum,
3156 2437 3316 2489 talem
3354 2435 3539 2489 volens
3573 2433 3708 2488 dare

2115 2525 2448 2594 opinionem.
2496 2524 2735 2595 Denique
2775 2525 2878 2580 hoc
2917 2526 3019 2579 illis
3058 2528 3459 2594 interpretatur,
3488 2540 3610 2577 cum
3638 2523 3710 2578 de

2117 2619 2512 2673 resurrectione
2540 2620 2795 2689 loquitur,
2824 2628 2879 2674 et
2906 2618 2972 2673 ad
3005 2618 3055 2672 id
3087 2631 3340 2672 sermone
3370 2618 3506 2670 viam
3536 2624 3707 2686 parat.

2120 2706 2246 2762 Ideo
2275 2717 2464 2777 sponte
2496 2710 2735 2778 pra-terit
2758 2751 2772 2775 ,
2806 2709 3055 2779 quoniam
3089 2709 3223 2763 bona
3252 2708 3318 2763 ad
3348 2708 3471 2762 illos
3508 2717 3714 2777 pertra-

2124 2798 2329 2853 heudos
2372 2815 2474 2852 non
2512 2801 2641 2852 satis
2680 2809 2833 2853 erant
2866 2818 2880 2853 :
2911 2815 3233 2870 quannluatn
3275 2799 3378 2852 hoc
3418 2812 3712 2867 numquam

2124 2888 2321 2944 factum
2353 2902 2453 2946 est.
2488 2891 2655 2946 Nemo
2681 2892 2822 2959 enim
2853 2901 2977 2945 tunc
3006 2891 3220 2960 cll‘ngit;
3251 2906 3392 2943 nunc
3422 2903 3550 2943 vero
3578 2887 3713 2942 lide-

2125 2981 2203 3035 les
2228 2980 2528 3051 ethigcrunt
2552 2980 2652 3036 sub
2683 2980 3025 3050 Vespasiano.
3054 2980 3120 3034 Et
3144 2983 3248 3034 hoc
3272 2978 3517 3048 estquod
3542 2979 3713 3033 dicit:

2110 3072 2247 3126 Nisi
2275 3074 2545 3128 abbreviati
2570 3075 2782 3145 fuissent
2807 3074 2913 3128 dies
2942 3074 3039 3139 illi,
3068 3089 3168 3126 non
3190 3075 3385 3126 saluata
3407 3072 3582 3140 fuisset
3606 3087 3720 3124 om-

2130 3167 2207 3220 nis
2237 3183 2356 3218 caro
2384 3165 2597 3237 (Matth.
2628 3167 2716 3220 2i.
2748 3166 2863 3236 22).
2893 3165 3044 3233 Quod
3075 3165 3350 3219 molestius
3378 3172 3515 3230 erat,
3544 3162 3719 3232 primo

2128 3256 2350 3325 contigit
2379 3274 2392 3310 :
2427 3258 2597 3326 primo
2623 3256 2765 3310 enim
2797 3255 2991 3310 accidit
3016 3265 3072 3309 ut
3102 3254 3428 3308 habitatores
3455 3264 3720 3323 caperen-

2133 3356 2239 3412 tur,
2265 3355 2321 3402 et
2351 3346 2477 3403 urbs
2507 3347 2910 3404 subverteretur
2935 3354 2987 3400 et
3014 3346 3453 3402 succenderetur.

2208 3441 2345 3508 Quid
2365 3450 2459 3508 est,
2488 3442 2660 3495 lunam
2686 3441 2871 3495 mutari
2897 3440 2950 3494 in
2977 3441 3270 3511 sanguinem
3295 3439 3320 3493 7
3342 3468 3415 3479 —-
3441 3436 3642 3493 Deinde
3670 3438 3722 3492 in

2135 3533 2446 3604 metaphora
2488 3533 2682 3587 insi-tit
2705 3570 2721 3599 ,
2753 3533 2852 3587 sub
2886 3532 3070 3586 oculos
3109 3530 3415 3584 auditorum
3451 3529 3724 3584 excidium

2138 3627 2427 3682 adducens.
2459 3626 2555 3681 Sol
2579 3635 2892 3679 convertatur
2923 3626 2975 3678 in
3007 3625 3234 3677 tenebras
3256 3665 3271 3689 ,
3302 3633 3349 3678 et
3376 3624 3497 3677 luna
3521 3627 3575 3676 in
3601 3636 3725 3675 san-

2138 3719 2360 3788 guinem.
2390 3716 2505 3789 (a)[
2530 3717 2664 3785 Quid
2687 3723 2770 3772 est
2792 3758 2807 3781 ,
2829 3716 3004 3769 lunam
3034 3715 3225 3768 mutari
3254 3716 3305 3768 in
3337 3709 3725 3783 sanguinem?)

2140 3808 2363 3865 Videtur
2391 3810 2521 3863 mihi
2555 3810 2639 3863 hic
2664 3808 2950 3863 maximam
2984 3806 3187 3861 cmdem
3215 3805 3451 3860 indicare
3473 3846 3486 3865 ,
3513 3818 3726 3859 sermo-

2144 3915 2371 3969 nemque
2414 3900 2486 3954 ita
2531 3900 2907 3954 concinnatum
2955 3910 3105 3962 esse,
3150 3905 3207 3951 ut
3248 3897 3484 3950 inaximo
3525 3904 3731 3948 terrore

2143 3992 2381 4062 impleat.
2415 3992 2483 4045 Et
2511 3993 2639 4057 erit,
2674 3991 2836 4045 omnis
2870 3990 3167 4059 quicumque
3205 3987 3508 4042 invocat-erit
3548 4000 3731 4039 nomen

2145 4085 2372 4152 Domini,
2402 4085 2570 4140 salvus
2609 4085 2721 4139 erit.
2758 4074 2956 4147 Omnis,
2991 4085 3181 4153 inquit,
3213 4090 3268 4136 et
3296 4081 3342 4134 si
3379 4079 3634 4134 sacerdos
3662 4078 3733 4131 sit

2146 4177 2264 4248 (sed
2292 4177 2525 4231 nondum
2552 4176 2798 4243 revelat),
2821 4176 2932 4229 sive
2952 4189 3139 4230 servus
3160 4175 3249 4241 sit,
3278 4174 3391 4227 sive
3411 4172 3547 4226 liber
3570 4187 3584 4224 :
3610 4170 3731 4225 Non

2146 4278 2217 4324 ert
2244 4270 2375 4323 enim
2400 4285 2510 4322 mas
2536 4283 2697 4337 neque
2722 4268 2911 4339 femina
2936 4267 2991 4321 in
3018 4266 3217 4321 Christo
3241 4264 3384 4331 Jesu,
3408 4281 3509 4319 non
3537 4279 3730 4327 servus,

2146 4376 2247 4416 non
2272 4361 2395 4416 liber
2423 4361 2563 4433 (Gal.
2591 4362 2644 4416 '5.
2670 4359 2786 4433 98).
2813 4360 2939 4416 Jure
2964 4360 3175 4430 quidem
3205 4375 3218 4411 :
3247 4358 3348 4412 hoc
3377 4358 3520 4412 enim
3547 4355 3735 4410 discri-

2148 4470 2272 4509 men
2303 4454 2388 4509 hic
2414 4464 2495 4510 est
2515 4495 2529 4521 ,
2559 4454 2647 4509 ubi
2673 4454 2850 4509 omnia
2878 4454 3060 4508 umbra
3102 4460 3242 4506 sunt.
3274 4450 3408 4504 Nam
3439 4450 3482 4503 si
3512 4450 3564 4503 in
3594 4448 3734 4517 regia

2151 4560 2307 4600 nemo
2335 4545 2549 4613 nobilis,
2580 4560 2736 4601 nemo
2761 4546 3027 4618 ignobilis,
3054 4544 3145 4599 sed
3171 4558 3264 4598 sua
3287 4556 3553 4612 quemque
3572 4555 3736 4613 opera

2149 4644 2354 4701 notant,
2376 4639 2493 4693 etsi
2515 4638 2568 4693 in
2590 4646 2703 4695 arte
2725 4654 2860 4709 Opus
2884 4635 3222 4694 commendat
3247 4635 3502 4690 artificem
3531 4652 3546 4687 :
3570 4634 3739 4686 multo

2151 4728 2317 4798 magis
2343 4728 2394 4781 in
2420 4728 2510 4782 illo
2534 4737 2693 4784 statu.
2721 4730 2898 4784 Omnis
2921 4730 3216 4798 quicumque
3239 4727 3556 4780 invocaverit.
3586 4723 3742 4777 Invo-

2151 4821 2358 4887 caverit,
2382 4820 2619 4891 inquam,
2643 4834 2747 4875 non
2770 4821 2953 4889 quavis
2974 4820 3179 4873 ratione
3200 4818 3280 4891 (Ν
3282 4835 3347 4873 on
3368 4819 3519 4881 enim,
3544 4817 3738 4886 inquit,

2152 4912 2315 4967 onmis
2341 4911 2428 4981 qui
2447 4911 2569 4965 dicit
2596 4912 2739 4978 mihi,
2770 4909 3002 4979 Domine,
3028 4908 3245 4965 Domine
3269 4910 3479 4982 [ΜαιιΙι.
3506 4908 3560 4963 7.
3588 4906 3682 4979 2‘2)
3699 4910 3741 4978 ),

2151 5005 2245 5061 sed
2267 5004 2497 5074 quicum
2525 5002 2737 5069 ali‘ectu,
2759 5014 2879 5057 cum
2903 5005 3102 5073 optima
3126 5005 3254 5071 vita,
3279 5016 3400 5058 cum
3428 4986 3744 5072 congruenti

2152 5094 2364 5150 ﬁducia.
2398 5093 2611 5148 Interim
2641 5108 2746 5148 non
2776 5090 3000 5149 moleSte
3028 5095 3280 5165 loquitur,
3309 5093 3378 5148 de
3409 5092 3513 5147 lide
3542 5107 3741 5162 agens,

2153 5202 2329 5258 neque
2354 5187 2595 5258 supplicii
2625 5197 2883 5243 terrorem
2919 5188 3272 5244 abscondens.
3301 5187 3616 5254 Quomodo?
3641 5185 3744 5241 Os-

2156 5279 2326 5337 tendit
2349 5281 2401 5334 in
2432 5279 2768 5337 invocatione
2791 5282 3018 5337 salutem
3048 5294 3187 5336 esse.

2226 5370 2280 5424 5.
2311 5368 2468 5436 Quid,
2497 5385 2698 5439 quasso,
2729 5371 2902 5427 diois?
2924 5372 3148 5426 salutem
3174 5383 3441 5426 memoras
3473 5378 3593 5439 post
3617 5384 3746 5423 rru-

2154 5461 2313 5517 cem?
2350 5461 2614 5533 Exspecta
2656 5463 2867 5519 interim
2897 5480 2911 5518 :
2940 5476 3127 5533 magna
3171 5470 3254 5517 est
3298 5461 3391 5517 Dei
3435 5459 3744 5517 clementia.

2154 5552 2221 5608 Et
2251 5554 2352 5610 hoc
2392 5569 2499 5610 non
2539 5556 2712 5612 minus
2756 5554 2986 5611 ostendit
3014 5554 3163 5610 ilium
3200 5567 3320 5609 esse
3352 5554 3515 5608 Deum
3538 5594 3552 5616 ,
3583 5564 3747 5621 quam

2161 5690 2627 5815 adgggguglt‘mciuis
2649 5691 2956 5755 clauduntur,
2973 5690 3180 5742 deerant
3217 5687 3273 5781 in,
3288 5687 3451 5750 editis,
3472 5692 3526 5739 et
3543 5699 3606 5738 ex
3635 5691 3749 5734 με.
