4010 6158
441 240 514 297 53
1035 240 1093 296 S.
1128 239 1416 299 JOANNIS
1448 230 1940 295 CHRYSOSTOMI
1976 228 2301 286 ARCIIIEP.
2343 229 2893 288 CONSTANTINOP.
3577 195 3586 203 ⁹
3632 229 3703 283 54

436 355 601 409 αὐτὸν
626 353 862 408 δείκνυσι
889 355 1042 420 Θεὸν,
1085 361 1181 411 καὶ
1207 359 1315 413 τῶν
1342 358 1604 429 σημείων,
1640 355 1699 408 16
1732 352 1953 412 τούτους
1981 361 2008 396 β

438 438 881 509 προσκαλεῖσθαι.
918 440 993 492 Τὸ
1035 441 1145 512 γὰρ
1181 428 1405 511 σφόδρα
1427 440 1650 508 ἀγαθὸν,
1685 436 1844 489 τοῦτο
1873 428 2009 485 Θεοῦ

440 520 676 589 μάλιστα
713 520 860 573 ἴδιον.
886 521 985 574 Διά
1009 522 1168 576 τοῦτο
1195 526 1291 576 καὶ
1318 524 1487 592 λέγει·
1526 521 1736 585 Οὐδεὶς
1763 516 2005 586 ἀγαθὸς.

434 603 489 653 εἰ
524 600 610 669 μὴ
649 595 736 664 εἷς
786 605 818 654 ό
866 604 1027 668 Θεός.
1071 604 1231 657 Ἀλλά
1279 606 1354 675 μὴ
1414 604 1511 673 τὴν
1564 601 1875 669 ἀγαθότητα
1918 599 1999 660 εἰς

436 682 690 754 ἀῖθορμῆν
742 684 1017 755 ῥᾳθυμίας
1072 688 1346 759 λάϐωμεν·
1396 685 1629 755 καὶγὰρ
1662 684 1756 737 καὶ
1792 680 2010 743 κολάζει

434 767 687 839 καθάπερ
723 768 873 831 Θεός.
917 771 1068 824 Λύτά
1098 771 1227 839 γοῦν
1251 771 1424 824 ταῦτα
1457 770 1618 831 αὐτὸς
1651 766 1944 838 εἰργάσατο
1982 764 2010 815 6

434 850 623 911 εἰπὼν,
678 853 777 918 Ὃς
829 852 906 906 ἂν
945 853 1376 922 ἐπικαλέσηται
1417 852 1485 906 τὸ
1533 851 1721 920 ὄνομα
1760 847 2009 917 Κυρίου,

432 932 795 998 σωθήσεται.
833 935 911 987 Τὰ
964 935 1107 988 κατὰ
1157 935 1254 1006 τὴν
1288 934 1645 1006 Ἰερουσαλὴμ
1694 931 1859 999 λέγω,
1910 927 2009 999 τὴν

431 1017 703 1088 ἀφόρητον
748 1017 963 1088 ἐκείνην
996 1019 1239 1071 κόλασιψ
1274 1012 1343 1087 ἦς
1382 1017 1641 1087 βούλομαι
1681 1014 1837 1082 ὀλίγα
1872 1010 2010 1082 1196;

433 1100 578 1169 ὑμᾶς
617 1103 809 1162 εἰπεῖν,
847 1103 1252 1173 χρησιμεύοντα
1278 1104 1407 1173 ἡμῖν
1451 1102 1546 1155 καὶ
1577 1099 1712 1171 πρὸς
1743 1099 2010 1168 Μαρκιω-

431 1184 620 1246 νιστὰς
680 1184 769 1237 καὶ
825 1185 961 1256 πρὸς
1008 1185 1201 1248 ἄλλους
1254 1185 1482 1246 πολλοὺς
1534 1183 1643 1236 τῶν
1692 1179 2003 1251 αίρετικῶν.

444 1266 659 1337 Ἐπειδὴ
688 1266 795 1338 γὰρ
824 1268 1073 1337 λέγουσιν
1096 1268 1298 1334 ἀγαθὸν
1324 1266 1456 1320 Θεὸν
1480 1267 1572 1319 τὸν
1596 1265 1848 1337 Χριστὸν,
1873 1263 2010 1316 ἐκεῖ·

430 1366 519 1402 νον
546 1350 604 1403 δὲ
651 1352 906 1423 πονηρὸν,
951 1353 1150 1423 ίδωμεν
1183 1353 1266 1415 τίς
1300 1351 1471 1404 ταῦτα
1505 1349 1745 1419 ἐποίησε.
1774 1348 1869 1411 Τίς
1899 1346 2008 1399 τοί-

430 1450 524 1486 νυν
567 1433 741 1489 ταῦτα
791 1436 1117 1507 εἰργάσατος
1173 1436 1202 1487 6
1252 1434 1508 1505 πονηρὸς,
1541 1434 1716 1504 τούτῳ
1743 1430 2002 1502 ἀμύνων;

429 1518 718 1586 Οὐδαμῶς.
749 1518 872 1582 Πῶς
896 1514 988 1573 οὖν
1012 1519 1174 1573 αὐτοῦ
1204 1519 1517 1589 ἀλλότριος;
1554 1516 1693 1570 Ἀλλ’
1721 1519 1748 1569 6
1770 1514 2000 1583 ἀγαθός;

442 1601 605 1655 Ἀλλά
633 1603 907 1656 δείκνυται
941 1604 1034 1656 καὶ
1057 1606 1084 1657 6
1119 1603 1307 1674 Πατὴρ
1333 1604 1425 1657 καὶ
1453 1606 1482 1656 6
1515 1603 1641 1662 Υἱὸς
1664 1598 2001 1671 πεποιηκώςο

428 1685 457 1735 6
492 1684 589 1754 μὲν
616 1685 806 1755 Πατὴρ
836 1686 1127 1756 πολλαχοῦ,
1159 1687 1234 1749 ὡς
1270 1687 1398 1739 ὅταν
1438 1686 1590 1756 λέγῃ,
1631 1686 1689 1737 ὲν
1718 1682 1798 1754 τῷ
1823 1684 2005 1751 ἀμπε-

429 1765 559 1818 λῶνι
605 1767 845 1839 πέμπειν
891 1768 958 1822 τά
1005 1768 1391 1839 στρατεύματα
1449 1767 1649 1821 αὐτοῦ·
1692 1768 1720 1819 ό
1764 1765 1822 1819 δὲ
1855 1764 2003 1828 Υἱὸς,

428 1848 558 1901 ὅταν
607 1848 761 1921 λέγῃ,
819 1851 965 1916 ΊὈὺς
1005 1850 1074 1904 δὲ
1135 1853 1387 1921 ἐχθρούς
1437 1868 1558 1920 μου
1605 1848 1853 1918 ἀγάγετε
1902 1845 2004 1899 καὶ

428 1932 855 2001 κατασφάξατε
880 1934 1138 1988 ἐνώπιόν
1167 1953 1309 2005 μου,
1344 1934 1485 2000 τοὺς
1508 1932 1595 2003 μὴ
1624 1927 2001 1999 θελήσαντάς

427 2034 501 2079 με
527 2016 725 2072 αὐτῶν
753 2019 1147 2082 βασιλεῦσαι.
1181 2018 1392 2081 ’Ἄλλως
1440 2018 1497 2070 δὲ
1538 2018 1633 2070 καὶ
1666 2014 1828 2079 αὐτὸς
1856 2013 2003 2081 λέγει

426 2098 525 2161 τὰς
558 2099 763 2168 θλίψεις
789 2099 887 2162 τὰς
919 2102 1205 2173 ἐσομένας,
1232 2094 1305 2154 ὧν
1329 2101 1481 2154 οὐδὲν
1508 2099 1787 2170 ὠμότερον
1810 2098 2003 2165 γέγονε

425 2182 537 2235 τῶν
561 2182 781 2235 πώποτε
818 2185 1246 2254 πεπραγμένων,
1276 2185 1368 2237 καὶ
1393 2183 1556 2246 αὐτὸς
1584 2181 1753 2245 αὐτάς
1784 2179 2003 2248 ἀπεφή-

427 2282 573 2319 νατο.
613 2266 804 2329 Θέλεις
852 2263 946 2320 οὖν
997 2267 1227 2321 ἀκοῦσαι
1265 2267 1336 2321 τὰ
1380 2266 1751 2337 γεγενημένας
1793 2263 2005 2317 Ὀϐελί-

429 2364 579 2409 σκοις
605 2348 803 2411 αὐτοὺς
839 2348 1138 2420 διέπειραν.
1182 2350 1247 2402 Τί
1276 2348 1480 2403 τούτων
1512 2350 1642 2402 ἰδεῖν
1670 2348 2001 2419 βαρύτερον;

441 2429 599 2483 Ἀλλά
628 2430 689 2483 16
718 2431 816 2500 τῆς
841 2432 1099 2498 γυναικὸς
1129 2431 1310 2502 βούλει
1342 2432 1512 2496 πάθος
1540 2432 1874 2504 διηγήσομαι
1911 2430 2005 2484 καὶ

427 2513 525 2583 τὴν
546 2513 854 2582 τραγῳδίαν
903 2514 1137 2583 ἐκείνην,
1172 2515 1294 2585 ἥτις
1325 2517 1506 2568 πᾶσαν
1538 2514 1825 2586 ἀπέκρυψε
1867 2531 2006 2584 συμ-

427 2595 633 2665 φοράν;
688 2595 823 2648 ἀλλά
855 2599 981 2660 10-3;
1033 2596 1225 2667 λιμοὺς
1273 2599 1365 2651 καὶ
1414 2600 1540 2661 τοὺς
1586 2596 1839 2668 λοιμούς;
1892 2596 2004 2650 Καὶ

427 2677 665 2749 παρίημι
722 2678 789 2732 τὰ
839 2679 1047 2733 τούτων
1102 2680 1481 2752 χαλεπώτερα.
1542 2679 1814 2752 Ἠγνοήθη
1873 2678 2002 2750 παρ’

423 2760 654 2825 ἐκείνοις
686 2763 718 2833 ὴ
748 2762 928 2831 φύσις,
959 2764 1200 2836 ήγνοήθη
1253 2766 1281 2817 6
1324 2764 1510 2835 νόμοςο
1536 2764 1610 2818 τὰ
1634 2763 1800 2835 θηρία
1829 2764 2002 2836 ὑπερ-

420 2842 733 2912 ηκόντισαν.
788 2846 973 2901 Πάντα
1020 2846 1076 2899 δὲ
1126 2846 1447 2900 ταῦταηύπδ
1489 2847 1586 2918 τῆς
1612 2848 1860 2917 ἀνάγκης
1892 2845 2003 2900 τῶν

422 2926 673 2997 πολέμων
701 2927 914 2996 γέγονε,
946 2930 1037 2982 τοῦ
1078 2930 1214 2983 Θεοῦ
1258 2931 1580 3001 βουλομένου
1611 2933 1706 2984 καὶ
1734 2931 1829 2985 τοῦ
1862 2931 1999 3004 Χρι-

423 3008 571 3063 στοῦ.
605 3008 791 3063 Ταῦτα
820 3012 915 3063 καὶ
967 3011 1105 3082 πρὸς
1144 3014 1567 3083 Μαρκιωνιστάς
1607 3014 1859 3083 ἁρμόσει,
1906 3015 2000 3067 καὶ

422 3090 559 3160 πρὸς
584 3092 710 3154 τοὺς
753 3092 1118 3155 ἀπιστοῦντας
1144 3096 1209 3163 τῇ
1241 3095 1453 3165 γεέννῃ’
1490 3094 1649 3147 ἱκανά
1683 3094 1790 3165 γάρ
1821 3093 2000 3149 αὐτῶν

419 3174 772 3243 ἐπιστομίσαι
797 3174 893 3245 τὴν
924 3177 1325 3246 ἀναισχυντίαν.
1351 3177 1471 3230 Τῶν
1502 3181 1560 3231 ὲν
1590 3178 1870 3231 Βαϐυλῶνι
1899 3196 1999 3231 κα-

420 3253 533 3308 κῶν
564 3256 684 3326 οὐχὶ
714 3258 883 3311 ταῦτα
944 3258 1335 3330 χαλεπώτερα;
1386 3259 1496 3314 τῶν
1556 3260 1731 3331 λιμῶν
1774 3262 1998 3314 ἐκείνων

418 3340 542 3410 οὐχὶ
571 3339 743 3395 ταῦτα
773 3342 952 3413 πολλῷ
981 3342 1283 3414 βαρύτερα;
1318 3345 1453 3414 Περὶ
1479 3344 1685 3399 τούτων
1714 3345 1808 3398 καὶ
1837 3347 1997 3410 αὐτὸς

418 3424 735 3495 ἀπεφήνατο
763 3428 791 3480 6
813 3428 1066 3497 Χριστὸς,
1092 3427 1287 3496 λέγων’
1315 3430 1521 3482 Ἔσται
1555 3430 1763 3497 θλίψις
1789 3430 1886 3483 οἵα
1924 3432 1996 3485 οὐ

416 3505 684 3582 γέγονεν,
717 3509 860 3563 οὐδὲ
882 3510 969 3580 μὴ
1002 3509 1261 3580 γένηται.
1296 3511 1420 3574 Πῶς
1453 3507 1546 3565 οὖν
1575 3511 1797 3580 λέγουσί
1829 3529 1993 3578 τινες,

415 3588 727 3645 ὅτιοεῖασεν
776 3592 958 3656 αὐτοῖς
1003 3596 1032 3647 6
1064 3593 1295 3665 Χριστὸς
1346 3594 1443 3664 τὴν
1486 3594 1789 3665 ἁμαρτίαν;
1842 3595 1998 3666 Τάχα

414 3670 565 3724 δοκεῖ
592 3672 769 3727 κοινὸν
798 3670 937 3729 εἶναι
963 3675 1024 3728 16
1053 3678 1295 3747 ζήτημαο
1332 3676 1445 3730 ἀλλ’
1480 3678 1637 3747 ὑμεῖς
1665 3677 1797 3730 αὐτὸ
1819 3678 1996 3730 ἱκανοὶ

414 3753 596 3809 λῦσαι.
646 3757 833 3821 οὐδεὶς
862 3759 1097 3829 οὐδαμοῦ
1128 3760 1356 3831 πλάσμα
1387 3760 1626 3813 τοιοῦτον
1654 3760 1766 3829 ἔχει
1801 3761 1991 3825 δεῖξαι,

413 3832 526 3891 οἷον
553 3840 647 3892 ἐπὶ
674 3841 770 3911 τῆς
798 3841 1056 3911 ἀληθείας
1086 3842 1299 3911 γέγονε.
1336 3844 1444 3896 Καὶ
1467 3844 1515 3896 εί
1547 3842 1647 3912 μὲν
1672 3845 1996 3914 Χριστιανὸς

413 3922 444 3973 6
476 3920 647 3975 ταῦτα
676 3923 905 3993 γράφων
944 3920 1033 3996 ἦν,
1066 3926 1166 3980 κᾶν
1198 3925 1437 3991 ὕποπτος
1460 3931 1487 3981 6
1516 3927 1673 3995 λόγος
1702 3924 1771 3999 ἦν
1795 3945 1809 3959 ’
1858 3930 1906 3981 εἰ
1938 3929 1994 3981 δὲ

428 4004 696 4071 Ἰουδαῖος,
720 4008 814 4061 καὶ
846 4008 1092 4072 Ἰουδαῖος
1116 4009 1380 4082 ζηλωτὴς,
1410 4010 1549 4080 μετά
1580 4012 1640 4064 16
1664 4011 1993 4080 Εὐαγγέλιω

414 4086 605 4153 ἐλθὼν,
641 4090 758 4153 πῶς
790 4090 852 4144 οὐ
886 4094 1021 4144 πᾶσι
1068 4092 1344 4163 κατάδηλα
1387 4093 1455 4147 τὰ
1497 4093 1797 4164 γενόμενας
1835 4094 1993 4164 Ὄψει

411 4170 523 4243 γὰρ
571 4172 736 4228 αὐτὸν
780 4173 1054 4245 πανταχοῦ
1101 4177 1195 4230 καὶ
1257 4177 1554 4247 ἐπαίροντα
1598 4177 1668 4231 τά
1702 4178 1990 4235 Ἰουδαῖκά.

410 4254 623 4310 Οὐκοῦν
679 4257 794 4312 ἐστι
833 4260 927 4313 καὶ
974 4258 1186 4328 γέεννα,
1216 4260 1311 4315 καὶ
1357 4261 1559 4330 ἀγαθός
1600 4263 1748 4315 ἐστιν
1781 4264 1810 4316 6
1837 4262 1989 4327 Θεός.

409 4333 556 4408 Ἀρα
591 4340 845 4412 ὲφρίξατε
871 4341 1043 4397 ταῦτα
1084 4343 1445 4412 ἀκούσαντες;
1487 4343 1648 4399 Ἀλλά
1693 4343 1866 4399 ταῦτα
1906 4347 1985 4399 ἐν·

407 4420 584 4476 ταῦθα
612 4425 872 4495 γινόμενα
898 4425 1053 4479 οὐδέν
1078 4428 1195 4481 ἐστι
1223 4427 1360 4499 πρὸς
1382 4429 1451 4482 τά
1470 4429 1603 4481 ἐκεῖ.
1635 4427 1805 4482 Πάλιν
1819 4430 1991 4498 ἀναγο

408 4503 646 4573 κάζομαι
689 4506 861 4578 ἀηδὴς
887 4508 1171 4576 φαίνεσθαι
1228 4510 1322 4561 καὶ
1379 4510 1633 4582 φορτικὸς
1667 4510 1762 4563 καὶ
1791 4509 1987 4582 βαρύς⁸

409 4587 548 4641 ἀλλά
583 4588 636 4641 τί
676 4590 866 4653 πάθω;
924 4590 1018 4653 Εἰς
1053 4591 1214 4644 τοῦτο
1262 4594 1470 4662 κεῖμαι.
1515 4592 1783 4663 Καθάπερ
1835 4594 1993 4647 παιδ-

408 4668 626 4737 αγωγὸς
675 4669 907 4739 χαλεπὸς
956 4672 1037 4734 είς
1078 4671 1237 4725 τοῦτο
1271 4676 1471 4739 κεῖται,
1502 4675 1582 4736 εἰς
1628 4673 1690 4726 16
1719 4676 1990 4743 μισεῖσθαι

410 4749 565 4820 παρά
612 4749 721 4804 τῶν
751 4750 1306 4822 παιδαγωγουμένωνο
1360 4754 1502 4808 οὕτω
1547 4756 1613 4826 δὴ
1663 4756 1757 4809 καὶ
1804 4759 1987 4827 ἡμεῖς.

410 4832 537 4896 Πῶς
564 4832 673 4904 γὰρ
703 4833 805 4887 οὐκ
830 4832 1053 4899 ἄτοπον,
1082 4836 1208 4900 τούς
1240 4837 1338 4907 μὲν
1369 4839 1519 4910 παρά
1547 4838 1810 4909 βασιλέων
1836 4840 1989 4907 τάξιν

406 4914 530 4968 τινὰ
551 4914 664 4987 [45]
688 4916 1009 4986 ταχθέντας,
1026 4917 1129 4972 κᾶν
1149 4919 1310 4990 ἀηδὲς
1395 4921 1455 4974 16
1475 4923 1941 4993 προσταττόμενον
1960 4926 1988 4966 b

408 4999 604 5051 ποιεῖν·
640 4999 787 5069 ἡμᾶς
808 4998 865 5053 δέ
892 4998 983 5053 διὰ
1008 5001 1107 5071 τὴν
1144 5004 1274 5074 παρ’
1305 5003 1459 5075 ὐμῶν
1486 5004 1695 5077 μέμψιν
1723 5006 1987 5064 ἐλλείπειν

406 5079 507 5151 τὴν
534 5078 711 5147 τάξιν,
748 5082 815 5154 ἢν
842 5082 1187 5154 ἐτάχθημεν;

478 5163 669 5227 Ἀλλος
700 5164 860 5237 ἔργον
888 5165 999 5237 ἔχει
1039 5168 1257 5238 ἕτερον·
1309 5168 1463 5239 ὐμῶν
1491 5170 1548 5223 δέ
1596 5170 1780 5226 πολλοὶ
1825 5173 1985 5245 ἔργον

404 5244 607 5315 ἔχουσι,
637 5246 699 5300 16
730 5247 923 5315 ἐλεεῖν,
968 5250 1028 5303 τὸ
1067 5251 1626 5323 φιλανθρωπεύεσθαι,
1669 5256 1816 5325 ἡδεῖς
1843 5253 1984 5311 εἶναι

403 5329 499 5381 καὶ
527 5332 815 5400 προσηνεῖς
841 5333 952 5395 τοῖς
994 5332 1489 5404 εὐεργετουμένοις.
1546 5338 1736 5407 ’Πμεῖς
1773 5339 1829 5392 δὲ
1872 5343 1984 5405 τοῖς

402 5410 800 5483 ὠφελουμένοις
854 5415 1041 5485 βαρεῖς
1090 5417 1391 5489 φαινόμεθα
1445 5419 1537 5472 καὶ
1581 5420 1836 5489 χαλεποὶ,
1889 5426 1983 5477 καὶ

403 5494 650 5572 φορτικοὶ
711 5495 805 5549 καὶ
868 5496 1050 5564 ἀηδεῖς
1078 5513 1094 5525 ·
1163 5498 1222 5550 οὐ
1288 5498 1396 5569 γάρ
1461 5499 1527 5551 δι’
1574 5495 1648 5553 ὧν
1708 5501 1983 5572 τέρπομεν

406 5571 748 5644 ὼφελοῦμεν,
808 5578 949 5631 ἀλλὰ
1022 5580 1088 5632 δι’
1123 5572 1197 5634 ὧν
1234 5579 1520 5651 δάκνομεν.
1580 5583 1828 5647 Τοιοῦτός
1867 5571 1981 5640 ἐστι

402 5654 496 5707 καὶ
557 5657 585 5707 6
642 5660 844 5728 ἰατρός.
906 5661 1043 5716 Ἀλλ’
1094 5665 1301 5727 ἐκεῖνος
1355 5663 1451 5735 μὲν
1509 5665 1571 5718 οὐ
1616 5667 1820 5736 σφόδρα
1877 5670 1981 5739 ἀη-

462 5788 487 5847 f
528 5776 660 5826 Idem
681 5782 776 5828 τῶν
801 5782 1013 5843 σημείων
1036 5785 1124 5847 οὐχ
1154 5785 1295 5844 ἧττον
1332 5786 1387 5835 τὸ
1413 5786 1622 5842 τούτους.
1691 5788 1718 5829 ι)
1750 5789 1882 5840 Unus
1923 5793 1979 5841 16

397 5837 701 5900 πρόσταγμα.

2117 348 2244 417 δής·
2299 349 2499 412 εὐθέως
2551 348 2659 419 γὰρ
2697 351 2796 421 τῆς
2838 347 3002 402 αὐτοῦ
3058 347 3251 418 τέχνης
3304 344 3401 416 τὴν
3433 343 3708 412 ὠφέλειαν

2117 433 2416 503 παρέχεται
2445 452 2459 465 ·
2511 435 2672 505 ἡμεῖς
2702 436 2757 488 δὲ
2792 437 2850 488 ἐν
2882 434 2960 504 τῷ
2996 433 3261 503 μέλλοντι.
3297 429 3550 491 Τοιοῦτός
3588 431 3706 484 ἐστι

2116 516 2211 567 καὶ
2226 518 2252 568 ό
2273 516 2550 587 δικαστὴς,
2569 517 2810 589 λυπηρὸς
2830 520 2941 580 τοῖς
2955 515 3171 570 νοσοῦσι
3199 514 3293 567 καὶ
3324 512 3700 570 στασιάζουσι.

2112 598 2356 662 τοιοῦτος
2385 602 2413 653 6
2454 600 2769 671 νομοθέτης,
2794 601 3035 671 λυπηρὸς
3055 601 3167 661 τοῖς
3192 597 3702 668 νομοθετουμένοις.

2126 682 2265 735 Ἀλλ’
2285 685 2383 752 οὐχ
2400 686 2429 737 6
2449 684 2627 737 καλῶν
2649 685 2740 736 ἐπὶ¹
2754 684 2983 755 τρυφὴν,
3002 681 3122 735 οὐδέ
3142 684 3170 735 6
3189 680 3504 751 δημοτελεῖς
3534 680 3705 732 ποιῶν

2112 764 2305 834 ἐορτάς
2338 767 2432 818 καὶ
2462 766 2819 838 πανηγύρεις,
2849 767 2970 819 οὐδὲ
3002 767 3031 818 6
3064 763 3341 832 στεφανῶν
3370 763 3461 815 τὸν
3493 763 3699 832 δῆμονο

2111 846 2249 900 ἀλλά
2276 852 2567 918 προσηνεῖς
2586 842 2751 912 οὗτοι,
2779 848 3110 919 εὐωχοῦντες
3130 847 3231 910 τὰς
3256 846 3439 908 πόλεις
3461 845 3702 915 θεάμασι

2110 930 2493 997 παντοδαποῖς,
2539 932 2884 1003 εἰσφέροντες
2913 972 2927 996 ,
2952 929 3355 992 ἀναλίσκοντες.
3409 928 3507 980 Διὰ
3541 929 3702 981 τοῦτο

2110 1012 2205 1065 καὶ
2233 1012 2530 1082 εὐφημίαις
2562 1024 2584 1052 ο
2617 1014 2813 1077 αὐτοὺς
2848 1014 3166 1085 ἀμείϐονται
3209 1013 3259 1065 οἰ
3304 1011 3566 1074 παθόντες
3611 1006 3696 1076 εὖ,

2109 1095 2204 1148 καὶ
2269 1096 2749 1167 παραπετάσμασι,
2800 1098 2895 1149 καὶ⁵
2950 1096 3251 1166 λαμπάδων
3315 1096 3548 1166 πλήθει,
3603 1097 3699 1149 καὶ

2112 1178 2407 1248 στέμμασι,
2438 1180 2533 1231 καὶ
2562 1178 2799 1242 κλάδοις,
2837 1179 2933 1233 καὶ
2975 1180 3161 1249 ἐσθῆτι
3195 1179 3442 1250 λαμπρᾷ.
3500 1179 3599 1231 Ἂν
3637 1178 3698 1230 δὲ
3808 1198 3809 1201 η

2106 1262 2198 1315 τὸν
2225 1263 2405 1333 ἰατρὸν
2426 1264 2606 1315 ἴδωσιν
2634 1264 2682 1315 οἱ
2717 1263 3037 1333 κάμνοντες.
3063 1262 3282 1331 στυγνοὶ
3307 1264 3401 1314 καὶ
3429 1264 3698 1331 κατηφεῖς

2106 1344 2378 1412 γίνονται·
2416 1344 2481 1398 ἂν
2519 1347 2610 1398 τὸν
2654 1345 2916 1417 δικαστὴν
2962 1345 3162 1416 ὁμοίιος
3188 1346 3240 1398 οἱ
3292 1343 3692 1409 στασιάζοντες,

2110 1428 2527 1497 συνεσταλμένοι
2570 1429 2831 1495 γίνονται,
2885 1429 3008 1499 οὐχὶ
3054 1426 3379 1498 διαχέονται,
3434 1427 3555 1480 οὐδὲ
3608 1428 3696 1496 69-

2106 1510 2348 1579 χοῦνται,
2373 1511 2513 1581 πλὴν
2543 1512 2672 1565 ὅταν
2699 1513 2949 1575 κάκεῖνος
2978 1513 3055 1575 εἰς
3086 1512 3302 1582 ἐκείνην
3330 1512 3568 1581 μεταστῇ
3593 1512 3692 1581 τὴν

2106 1591 2277 1657 τάξιν.
2324 1594 2553 1664 ’Ῑδωμεν
2581 1591 2675 1648 οὖν
2707 1594 2852 1657 τίνες
2904 1593 3135 1663 μάλιστα
3183 1593 3280 1655 τὰς
3326 1593 3509 1656 πόλεις
3551 1593 3694 1662 ὠφε-

2106 1676 2307 1742 λοῦσιν,
2334 1678 2384 1729 οἰ
2417 1677 2514 1741 τὰς
2552 1677 2745 1749 ἑορτὰς
2796 1677 2998 1741 ταύτας
3029 1676 3274 1745 ἄγοντες,
3321 1675 3416 1729 καὶ
3449 1674 3549 1738 τὰς
3596 1676 3694 1728 θαι

2108 1759 2249 1823 λίας,
2285 1760 2376 1815 καὶ
2411 1760 2510 1823 τὰς
2534 1760 2811 1830 τραπέζας
2843 1761 2942 1823 τὰς
2971 1759 3304 1822 πολυτελεῖς,
3328 1757 3545 1821 καὶτὰς
3574 1758 3695 1829 τέρ-

2107 1842 2231 1911 ψεις
2256 1842 2352 1907 τὰς
2390 1843 2641 1906 ποικίλας
2661 1859 2674 1872 ο
2711 1844 2744 1913 ἦ
2774 1845 2823 1896 οἰ
2858 1842 3040 1896 πάντα
3070 1844 3255 1895 ἐκεῖνα
3290 1840 3690 1905 συστείλαντες,

2108 1928 2204 1980 καὶ
2241 1926 2303 1979 τὸ
2347 1926 2501 1993 ξύλον
2536 1927 2941 1998 ἐπιφερόμενοι,
2994 1927 3087 1979 καὶ
3140 1924 3431 1996 μάστιγας,
3467 1925 3561 1978 καὶ
3593 1924 3690 1995 δη-

2110 2010 2287 2080 μίους,
2318 2011 2412 2062 καὶ
2457 2009 2795 2081 στρατιώτας
2827 2009 3112 2079 φοϐεροὺς,
3146 2009 3241 2062 καὶ
3275 2007 3458 2078 φωνὴν
3506 2010 3693 2079 προϊέ-

2110 2113 2259 2167 μενοι
2289 2095 2483 2149 πολλοῦ
2515 2096 2717 2166 τρόμου
2758 2096 3056 2166 γέμουσαν,
3100 2095 3194 2148 καὶ
3235 2094 3690 2163 ἐπισκήπτοντες,

2106 2180 2200 2232 καὶ
2255 2181 2519 2250 κατηφεῖν
2574 2177 2872 2243 ποιοῦντες,
2920 2179 3014 2232 καὶ
3069 2177 3250 2250 ῥάϐδῳ
3292 2176 3693 2240 ἀποσοϐοῦντες

2104 2263 2231 2325 τοὺς
2271 2263 2363 2313 ἐπὶ
2387 2265 2486 2331 τῆς
2526 2263 2756 2331 ἀγορᾶς.
2802 2261 3031 2330 Ἴδωμεν
3060 2260 3238 2313 τοίνυν
3267 2258 3371 2312 ποῦ
3401 2259 3463 2312 16
3502 2259 3693 2330 κέρδος

2105 2345 2281 2415 λήγει.
2328 2339 2486 2398 Οὗτοι
2523 2345 2620 2414 μὲν
2649 2345 2757 2414 γάρ
2792 2345 2928 2396 εἰσιν
2960 2343 3162 2414 ἀηδεῖς,
3197 2344 3394 2396 ἐκεῖνοι
3422 2343 3478 2395 δὲ
3507 2343 3692 2395 ποθει-

2105 2428 2207 2481 νοί.
2237 2427 2303 2480 Τί
2338 2422 2431 2480 οῦν
2460 2427 2555 2479 ἀπ’
2585 2427 2809 2481 ἐκείνων
2836 2428 3044 2494 γίνεται
3075 2426 3177 2479 τῶν
3202 2426 3540 2496 τερπόντων;
3598 2425 3692 2477 Ἡ-

2104 2512 2227 2581 δονή
2256 2528 2340 2575 τις
2390 2510 2595 2583 ψυχρὰ,
2633 2511 2793 2583 μέχρι
2825 2511 2923 2581 τῆς
2956 2510 3194 2582 ἑσπέρας
3231 2510 3467 2580 μένουσα
3496 2508 3592 2561 καὶ
3617 2510 3689 2580 τῇ

2104 2594 2333 2669 ἐπιούσῃ
2360 2595 2703 2668 διαρῤέουσα,
2731 2592 2903 2663 γέλως
2930 2593 3185 2656 ἀτακτος,
3214 2593 3434 2663 ῥήματα
3462 2592 3691 2662 ἀπρεπῆ

2104 2677 2197 2730 καὶ
2225 2677 2610 2748 διακεχυμένα.
2640 2676 2707 2729 Τί
2749 2676 2970 2730 δαὶ.ἀπὸ
2993 2675 3226 2743 τούτωνς
3257 2674 3443 2737 Φόϐος,
3478 2692 3693 2746 σωφρο-

2105 2758 2261 2831 σύνη,
2316 2759 2573 2831 λογισμὸς
2634 2758 3092 2830 συνεσταλμένος,
3153 2758 3333 2828 ψυχῆς
3390 2758 3686 2821 ἐπιείκεια,

2104 2843 2374 2914 ῥᾳθυμίας
2421 2843 2719 2914 ἀναίρεσις,
2764 2841 2978 2913 χαλινὸς
3007 2841 3115 2895 τῶν
3141 2841 3167 2880 ἀ
3201 2840 3348 2895 ἔνδον
3386 2841 3554 2894 ὅντων
3581 2856 3691 2891 πα-

2102 2923 2230 2990 θῶν,
2283 2928 2459 2997 τεῖχος
2491 2926 2598 2979 τῶν
2640 2924 2837 2990 ἔξωθεν
2873 2925 3151 2978 ἐπιόντων.
3210 2925 3309 2977 Διά
3333 2923 3553 2986 τούτους
3587 2922 3689 2985 τὰς

2100 3007 2287 3071 οὐσίας
2314 3008 2507 3079 ἔχομεν
2535 3008 2784 3072 ἕκαστος,
2815 3007 2882 3060 δι’
2910 3008 3120 3071 ἐκείνας
3149 3007 3206 3060 δὲ
3245 3007 3343 3066 τάς
3376 3007 3568 3077 ἑορτὰς
3593 3006 3688 3058 καὶ

2100 3089 2409 3153 ἐπιϐλαϐῶς
2449 3089 2712 3161 κενοῦμεν
2744 3090 2933 3153 αὐτὰς,
2983 3091 3042 3143 οὐ
3087 3088 3299 3162 λῃστῶν
3342 3088 3686 3141 ἐπεισελθόν-

2099 3189 2228 3237 των,
2278 3173 2415 3227 ἀλλά
2446 3176 2546 3243 τῆς
2577 3176 2695 3244 μεθ’
2727 3175 2921 3245 ἡδονῆς
2957 3172 3326 3245 λῃστευούσης
3354 3171 3684 3236 κενοδοξίας.

2112 3256 2243 3326 Ὁρᾷ
2291 3257 2385 3311 τὸν
2433 3257 2635 3329 λῃστὴν
2682 3256 2913 3320 ἕκαστος
2959 3255 3294 3327 ἐκφοροῦντα
3343 3254 3540 3318 πάντα,
3587 3254 3688 3307 καὶ

2098 3340 2301 3410 ἥδεται.
2339 3340 2537 3403 Καινδς
2568 3341 2667 3410 τῆς
2693 3340 2948 3412 λῃστείας
2982 3343 3010 3394 ό
3047 3340 3280 3412 τρόπος·
3327 3340 3510 3393 ἔπεισε
3556 3340 3685 3402 τοὺς

2097 3424 2497 3493 ἀποδυομένους
2526 3424 2935 3495 εὐφραίνεσθαι.

2167 3519 2229 3572 δ’.
2249 3519 2388 3572 Ἀλλ’
2408 3521 2508 3574 οὐκ
2528 3521 2643 3573 ἐκεῖ
2669 3520 2907 3575 τοιοῦτον
2926 3521 3097 3575 οὐδέν·
3125 3520 3261 3576 ἀλλά
3279 3522 3443 3575 πᾶσιν
3464 3518 3688 3574 ἀπετεί-

2097 3620 2247 3674 χισεν
2273 3604 2304 3655 6
2322 3603 2455 3667 Θεὸς
2484 3603 2738 3675 καθάπερ
2767 3606 2944 3670 κοινὸς
2975 3605 3183 3677 Πατὴρ,
3210 3607 3304 3659 καὶ
3327 3608 3439 3667 τοῖς
3468 3603 3685 3676 ὁρωμέ-

2095 3702 2229 3752 νοις,
2275 3687 2370 3739 καὶ
2419 3689 2532 3749 τοῖς
2576 3687 2651 3757 μὴ
2688 3688 3003 3759 ὁρωμένοις.
3062 3687 3326 3741 Βλέπετε
3358 3687 3487 3757 γὰρ,
3521 3686 3680 3756 φησὶ,

2096 3769 2212 3838 τὴν
2269 3770 2690 3839 ἐλεημοσύνην
2738 3771 2907 3840 ὑμῶν
2950 3770 3037 3841 μὴ
3101 3770 3296 3825 ποιεῖν
3339 3771 3685 3839 ἔμπροσθεν

2095 3851 2214 3905 τῶν
2247 3853 2591 3922 ἀνθρώπων.
2644 3853 2921 3907 Μανθάνει
2971 3853 3118 3926 ψυχὴ
3166 3851 3414 3907 ἐντεῦθεν
3465 3852 3683 3905 ἀδικίαν

2094 3935 2337 4005 φεύγειν.
2391 3936 2597 3991 Ἀδικία
2640 3937 2768 4007 γάρ,
2826 3937 2888 3990 06
2940 3937 3002 3990 16
3054 3939 3309 4008 χρήματα
3338 3937 3682 3990 πλεονεκτεῖν

2097 4018 2277 4088 μόνον,
2308 4017 2442 4073 ἀλλά
2482 4020 2578 4074 καὶ
2609 4018 2670 4072 16
2696 4019 2857 4073 πλέον
2884 4020 2982 4088 τῆς
3003 4020 3315 4092 ὡρισμένης
3349 4020 3554 4092 τροφῆς
3595 4019 3681 4072 δι-

2092 4106 2239 4160 δόναι
2269 4109 2336 4178 τῇ
2366 4108 2585 4178 γαστρὶ,
2635 4107 2729 4160 καὶ
2785 4105 2885 4177 τὴν
2926 4107 3264 4179 εὐφροσύνην
3307 4108 3414 4161 τῶν
3459 4106 3681 4160 οἰκείων

2094 4190 2310 4259 ἐξάγειν
2340 4191 2573 4262 μέτρων,
2607 4191 2701 4244 καὶ
2729 4192 2905 4244 ποιεῖν
2932 4189 3386 4262 ἐκϐακχεύεσθαι.
3436 4189 3681 4244 Ἐκεῖθεν

2096 4274 2447 4345 σωφροσύνην
2496 4273 2777 4344 μανθάνει,
2829 4273 3078 4327 ἐντεῦθεν
3107 4273 3419 4327 ἀκολασίαν.
3465 4273 3541 4326 οὐ
3567 4273 3679 4344 γάρ

2092 4357 2154 4410 16
2200 4358 2424 4427 μιγῆναι
2457 4357 2678 4424 γυναικὶ
2734 4357 2893 4427 μόνον
2947 4357 3233 4419 ἀκολασία,
3286 4356 3422 4410 ἀλλὰ
3480 4356 3574 4409 καὶ
3614 4356 3681 4408 τὸ

2092 4441 2413 4504 ἀκολάστοις
2472 4440 2597 4493 ἰδεῖν
2656 4439 2976 4511 ὀφθαλμοῖς.
3059 4439 3297 4493 Ἐκεῖθεν
3374 4440 3678 4493 ἐπιείκειαν

2096 4523 2376 4594 μανθάνει,
2410 4523 2658 4578 ἐντεῦθεν
2687 4523 2875 4592 τῦφον.
2929 4523 3131 4578 Πάντα
3169 4524 3279 4593 γάρ
3318 4542 3440 4592 μοι,
3485 4525 3673 4593 φησιν.

2091 4606 2362 4671 ἔξεστιν,
2408 4607 2546 4662 ἀλλ’
2573 4609 2644 4662 οὐ
2683 4608 2882 4662 πάντα
2911 4607 3222 4677 συμφέρει.
3266 4606 3382 4680 με]
3435 4607 3677 4660 Ἐκεῖθεν

2092 4690 2428 4760 κοσμιότητα
2447 4729 2463 4754 ,
2492 4690 2745 4744 ἐντεῦθεν
2791 4690 3200 4763 ἀσχημοσύνην.
3238 4690 3319 4742 Τά
3345 4690 3453 4761 γὰρ
3480 4692 3537 4742 ἐν
3557 4692 3675 4753 τοῖς

2092 4771 2338 4844 θεάτροις
2392 4773 2653 4845 παρίημι.
2707 4776 2829 4827 ’Ότι
2874 4775 2931 4826 δὲ
2988 4773 3109 4827 οὐδὲ
3161 4773 3319 4843 ἡδονή
3370 4773 3452 4837 τίς
3502 4775 3673 4838 ἐστιν,

2090 4857 2227 4912 ἀλλά
2277 4856 2443 4928 λύπη,
2485 4858 2693 4923 δείξατέ
2725 4876 2815 4928 μοι
2846 4859 2983 4930 μετά
3013 4859 3142 4928 μίαν
3167 4859 3376 4929 ἡμέραν
3407 4858 3506 4928 τῆς
3546 4859 3675 4925 ἐορ-

2088 4943 2186 5012 τῆς
2228 4941 2353 5005 τούς
2378 4958 2437 4993 τε
2490 4939 2897 5005 ἀναλώσαντας,
2925 4941 3051 5005 τούς
3080 4959 3140 4994 τε
3174 4941 3524 5005 ἐστιάθέντας
3556 4943 3675 5005 τοῖς

2089 5026 2344 5096 θεάμασι,
2376 5023 2469 5077 καὶ
2495 5022 2613 5092 ὗψει
2636 5024 2832 5086 αὐτοὺς
2868 5025 2966 5094 μὲν
3000 5027 3057 5077 ὲν
3099 5024 3372 5096 κατηφείᾳ
3402 5025 3671 5089 ἅπαντας,

2086 5108 2145 5160 ἐν
2176 5106 2380 5179 μείζονι
2418 5106 2472 5159 δὲ
2510 5107 2715 5159 ἐκεῖνον
2758 5106 2849 5159 τὸν
2884 5108 3223 5162 ἀναλωκότα.
3261 5110 3371 5161 Καὶ
3404 5109 3629 5170 εἰκότως
3656 5126 3673 5139 ·

2086 5190 2279 5262 ἔτερψε
2315 5189 2424 5261 γάρ
2465 5190 2531 5259 τῇ
2568 5190 2871 5262 προτεραίᾳ
2896 5191 2987 5243 τὸν
3034 5192 3249 5261 ἰδιώτην
3275 5207 3291 5223 ο
3348 5190 3443 5243 καὶ
3485 5194 3516 5243 6
3569 5190 3675 5260 μὲν

2089 5273 2303 5344 ἰδιώτης
2327 5275 2387 5327 ἐν
2408 5273 2645 5344 εὐθυμία
2672 5267 2740 5343 ἦν
2764 5274 2856 5327 καὶ
2880 5273 3040 5344 ἠδονῇ
3073 5274 3263 5345 πολλῇ’
3297 5273 3438 5336 τέως
3463 5272 3572 5341 γὰρ
3602 5275 3671 5343 τῇ

2084 5370 2270 5440 ἐσθῆτι
2297 5370 2482 5440 ἔχαιρε
2510 5373 2575 5441 τῇ
2604 5370 2861 5441 λαμπρᾷ·
2898 5370 2997 5441 τὴν
3040 5370 3238 5440 χρῆσιν
3268 5370 3324 5423 δὲ
3355 5372 3525 5439 αὐτῆς
3570 5372 3677 5423 οὐκ

2083 5452 2239 5521 ἔχων,
2272 5452 2385 5506 ἀλλ’
2412 5452 2554 5523 ὁρῶν
2585 5454 2779 5507 ἑαυτὸν
2817 5453 3205 5523 ἀποδυόμενον,
3238 5453 3394 5524 ήλγει
3426 5456 3518 5507 καὶ
3552 5454 3677 5508 €62-

2083 5551 2258 5590 κνετο.
2300 5536 2533 5601 Ἐκεῖνος
2585 5537 2643 5591 δὲ
2699 5538 2727 5590 6
2770 5536 3095 5603 ἀναλίσκων,
3151 5537 3243 5589 καὶ
3310 5536 3411 5607 τὴν
3460 5536 3673 5590 οἰκείαν

2139 5671 2162 5700 θ
2212 5669 2384 5720 Morel.
2427 5671 2556 5720 male
2596 5670 2840 5732 εὐφημίας.
2909 5667 2934 5709 δ
2963 5668 3135 5718 Morel.
3159 5668 3365 5732 111016;
3387 5669 3674 5732 6v1m;_1&'w

2081 5732 2424 5802 E1603._Codgx
2449 5746 2577 5802 gnos
2596 5730 2785 5802 χαλινός
2821 5731 2924 5802 ἐστι
2962 5734 3065 5802 τῶν.
3101 5731 3247 5802 ἔνδον.
3284 5731 3444 5802 βίηφι.
3478 5730 3673 5802 χαλινὸς

2078 5794 2176 5839 τῶν
2192 5793 2337 5855 ἔνδον.
2356 5794 2506 5843 Paulo
2650 5807 2777 5855 unus
2797 5792 2955 5843 codex
2973 5794 3033 5841 δι’
3046 5791 3226 5855 ἐκείνας
3246 5791 3328 5855 μέν
3345 5792 3436 5854 γὰρ
3456 5791 3539 5855 τᾲς
3558 5792 3677 5854 £09-

2080 5855 2163 5910 τὰς
2185 5854 2451 5912 ἐπιωαόεἷς
2471 5853 2742 5918 στενοῦμιν.
2759 5854 3000 5904 Prasure
3015 5854 3210 5903 videtur
3230 5853 3475 5902 editorum
3489 5853 3643 5903 lectio
