4010 6158
319 295 383 350 53
1264 289 1331 346 iN
1371 288 1550 346 ACTA
1591 289 2361 349 APOSTOLORUMJIOMIL.
2410 293 2469 346 V.
3528 291 3592 342 51

311 412 625 470 resurrectio
651 419 706 467 et
734 410 882 480 signa
904 451 918 476 ,
947 408 1085 480 quod
1118 423 1310 479 nempe
1337 409 1455 463 illos
1484 407 1728 462 advocet.
1758 406 1890 461 Nam

312 505 445 574 quod
472 505 757 560 admodum
788 503 985 558 bonum
1006 545 1022 568 ,
1063 501 1172 556 Deo
1210 501 1444 555 maxime
1484 499 1755 569 proprium
1786 507 1889 552 est.

310 595 426 652 Ideo
451 596 594 659 dicit,
626 594 790 648 Nemo
815 593 994 659 bonus,
1018 592 1121 646 nisi
1155 608 1285 646 unus
1311 589 1450 644 Deus
1475 589 1622 659 (Luc.
1659 590 1744 645 i8.
1779 587 1887 659 l9).

306 688 406 743 Sed
437 703 503 743 ne
527 687 822 742 bonitatem
851 687 901 740 in
921 684 1142 740 desidia:
1169 683 1504 738 occasionem
1531 669 1848 751 arripiamus
1873 697 1885 731 :

306 796 420 833 nam
449 779 598 846 punit
617 779 778 832 etiam
800 787 858 832 ut
885 777 1048 832 Dens.
1073 775 1198 830 limo
1221 789 1346 844 ergo
1371 773 1490 828 fecit
1518 774 1579 836 is,
1608 772 1696 843 qui
1718 771 1885 830 dixit:

305 870 479 924 Omnis
521 872 820 940 quicumque
862 868 1166 922 inoocaoerit
1210 883 1388 920 nomen
1433 863 1681 931 Domini,
1717 865 1888 919 saluus

299 961 411 1016 erit.
445 961 518 1017 De
549 961 708 1016 rebus
736 960 1088 1030 Jerosolyma:
1114 959 1324 1028 loquor,
1353 957 1421 1012 de
1448 956 1770 1012 intolerabili
1799 956 1884 1010 illa

299 1051 495 1106 ultione
521 1069 533 1104 :
565 1051 631 1106 de
661 1066 766 1121 qua
796 1050 945 1104 vobis
975 1065 1116 1104 nunc
1155 1063 1319 1118 pauca
1350 1048 1539 1118 loquar
1564 1047 1736 1110 utilia,
1771 1054 1882 1100 tum

294 1150 474 1195 contra
505 1141 898 1206 Marcionistas,
932 1149 1040 1194 tum
1067 1148 1248 1194 contra
1276 1138 1412 1192 alios
1442 1137 1636 1192 multos
1666 1137 1880 1191 lucreti-

294 1246 402 1286 cos.
432 1231 564 1298 Quia
596 1232 740 1286 enim
771 1232 951 1286 dicunt
976 1231 1173 1286 bonum
1207 1230 1375 1286 Deum
1405 1230 1697 1296 Christum,
1730 1229 1878 1284 ilhun

291 1338 418 1379 vero
458 1325 658 1379 malum
693 1339 710 1386 ;
738 1323 1042 1388 videamus,
1072 1323 1190 1394 quis
1230 1322 1343 1377 hmc
1367 1321 1574 1377 fecerit.
1606 1321 1737 1390 Quis
1763 1321 1878 1376 haec

2007 407 2398 473 misereantur,
2453 407 2711 474 humani,
2759 423 2984 479 suaves,
3017 412 3278 484 mitesque
3327 413 3430 468 sint
3480 414 3584 483 iis,

1996 498 2188 568 quibus
2218 499 2474 554 beneﬁcia
2523 510 2797 566 pra-stant.
2823 501 2929 557 Nos
2961 518 3089 558 vero
3119 513 3177 559 ut
3207 505 3428 560 subditis
3460 522 3586 576 pro-

1993 590 2198 656 simus,
2241 607 2430 662 graves
2457 592 2733 657 videmur,
2766 592 2885 648 duri
2912 637 2925 658 ,
2976 597 3187 650 onerosi
3211 637 3227 661 ,
3263 597 3534 666 injucundi
3564 614 3580 665 ;

1993 696 2168 751 neque
2193 683 2334 736 enim
2369 698 2653 752 prosumus
2682 700 2778 753 per
2820 700 2882 739 ea
2910 701 3029 754 qua:
3071 687 3317 756 placent,
3363 689 3459 743 sed
3488 705 3582 758 per

1990 786 2052 827 ea
2077 790 2196 843 qua:
2241 785 2499 846 pungunt.
2531 776 2675 832 Talis
2700 793 2914 848 quoque
2960 789 3042 833 cst
3079 780 3319 836 medicus
3347 798 3359 834 :
3393 797 3578 838 verum

1991 864 2083 920 ille
2134 883 2237 921 non
2287 877 2394 922 tam
2443 869 2800 938 injucundus;
2848 873 3027 926 statim
3074 873 3272 944 quippe
3318 884 3434 931 arte
3481 891 3578 931 sua

1988 957 2269 1012 utilitatem
2303 960 2498 1028 praebet
2533 978 2546 1014 :
2581 976 2677 1016 nos
2707 971 2884 1017 autem
2917 965 2968 1017 in
3001 964 3200 1019 futuro.
3234 964 3378 1022 Talis
3407 979 3489 1022 est
3516 983 3574 1024 et

1985 1050 2148 1119 judex
2173 1093 2188 1118 ,
2237 1053 2440 1108 invisus
2490 1055 2750 1110 morbidis
2785 1071 2848 1110 ac
2877 1057 3148 1112 seditiosis
3186 1075 3199 1112 :
3237 1059 3357 1114 talis
3406 1059 3571 1131 legis-

1989 1143 2166 1232 lator,
2194 1147 2453 1201 molestus
2476 1149 2574 1202 sub
2598 1147 2714 1219 lege
2745 1149 2950 1218 positis.
2985 1152 3054 1204 At
3092 1166 3196 1204 non
3221 1152 3264 1206 is
3284 1151 3373 1221 qui
3416 1162 3572 1208 vocat

1983 1237 2050 1290 ad
2099 1237 2354 1303 delicias,
2409 1255 2510 1294 nec
2559 1241 2648 1311 qui
2701 1241 2832 1296 festa
2879 1242 3324 1314 cclcbritatesque
3370 1254 3566 1314 parat,

1984 1341 2085 1381 nec
2112 1328 2202 1397 qui
2233 1329 2486 1398 populum
2527 1342 2747 1387 coronat
2775 1349 2788 1385 :
2838 1332 2890 1387 hi
2918 1342 3065 1388 certe
3091 1336 3226 1405 grati
3268 1335 3529 1392 habentur
3548 1378 3566 1405 ,

286 1431 417 1487 ergo
446 1416 593 1482 fecit,
623 1417 860 1472 malusne
884 1415 1030 1470 illum
1063 1413 1362 1470 ulciscens?
1384 1413 1617 1468 Minime.
1645 1413 1879 1481 Quomo—
1979 1419 2070 1488 qui
2100 1420 2344 1475 civitates
2371 1425 2696 1491 sumptoosis
2722 1427 3038 1494 spectaculis
3063 1427 3371 1497 excipiunt,
3405 1445 3567 1498 pecn-

283 1507 356 1560 do
401 1506 565 1575 igitur
602 1506 670 1560 ab
709 1507 799 1561 illo
835 1505 1078 1560 alienus?
1109 1505 1192 1559 An
1231 1503 1403 1559 bonus
1442 1503 1547 1558 hoc
1578 1501 1741 1558 fecit?
1769 1502 1874 1558 Sed

281 1597 684 1653 demonstratur
720 1607 775 1653 ct
817 1599 1028 1653 Patrem
1056 1607 1109 1652 et
1148 1597 1341 1652 Filium
1368 1596 1473 1652 hoc
1501 1595 1692 1651 fecisse
1725 1614 1738 1650 :
1769 1595 1874 1650 Pa-

285 1697 419 1744 trem
453 1690 632 1745 multis
662 1690 712 1744 in
743 1689 907 1754 locis,
941 1699 993 1742 ut
1021 1703 1146 1744 cum
1171 1687 1366 1743 dicitur
1386 1729 1400 1753 ,
1433 1689 1718 1743 missurum
1749 1702 1871 1742 eum

281 1795 400 1835 esse
427 1782 690 1836 exercitus
711 1795 840 1836 suos
866 1781 918 1834 in
942 1781 1151 1834 vineam
1173 1779 1387 1850 (Matth.
1416 1778 1507 1833 20.
1534 1777 1589 1846 2)
1613 1795 1626 1843 ;
1655 1777 1867 1843 Filium,

280 1881 335 1925 ιιι
359 1872 575 1941 quando
602 1872 765 1927 dicit:
791 1871 1032 1926 Inimicos
1056 1881 1224 1926 autem
1252 1887 1387 1925 meos
1415 1871 1652 1924 adducite
1671 1881 1716 1924 et
1737 1871 1870 1924 occi-

279 1964 380 2014 dite
407 1980 578 2015 coram
604 1980 684 2016 me
702 2005 716 2028 ,
747 1979 831 2018 eos
855 1965 940 2034 qni
967 1964 1236 2018 noluerunt
1264 1979 1344 2016 me
1371 1980 1584 2032 regnare
1609 1980 1760 2032 super
1785 1980 1868 2019 eos

278 2054 298 2120 (
315 2053 440 2107 Luc.
476 2054 562 2110 l9.
590 2053 719 2126 27).
753 2057 1002 2126 Alioquin
1034 2072 1161 2110 vero
1192 2064 1247 2111 et
1287 2055 1400 2126 ipse
1443 2066 1622 2111 narrat
1658 2057 1868 2113 futuras

279 2146 672 2212 tribulationcs,
700 2147 892 2217 quibus
923 2148 1062 2202 nulla
1093 2163 1340 2218 umquam
1373 2148 1638 2203 crudelior
1667 2146 1780 2215 fuit,
1813 2159 1869 2204 et

275 2238 390 2306 ipse
424 2239 542 2293 illas
577 2239 930 2294 annuntiavit.
965 2239 1056 2294 Vis
1083 2240 1291 2308 audire,
1322 2255 1440 2311 quze
1471 2239 1602 2296 facta
1633 2239 1866 2295 fuerint?

276 2329 518 2385 Verubus
551 2332 669 2385 illos
693 2334 1099 2388 transli‘xerunt.
1126 2333 1262 2401 Quid
1290 2332 1390 2387 hoc
1416 2332 1722 2402 spectaculo
1746 2346 1867 2404 gra-

270 2424 387 2478 vius
405 2423 432 2476 ’ἔ
457 2423 563 2479 Sed
593 2424 671 2478 vis
701 2441 911 2479 narrem
950 2426 1092 2480 illam
1121 2425 1359 2481 mulieris
1385 2426 1716 2496 tragoediam,
1744 2441 1864 2496 qua:

271 2530 486 2571 omnem
518 2527 734 2586 superat
769 2517 1166 2573 calamitatem?
1198 2521 1276 2574 vis
1311 2518 1506 2573 latnem
1538 2529 1590 2575 et
1613 2519 1862 2590 pestem?

265 2605 360 2662 His
385 2609 630 2679 graviora
656 2617 946 2681 prmtcreo.
971 2609 1292 2679 ignorabant
1319 2610 1392 2663 illi
1421 2594 1685 2677 naturam,
1707 2611 1864 2680 igno-

266 2699 463 2754 rabant
492 2699 686 2771 legem,
717 2700 917 2756 belluas
937 2701 1154 2756 feritate
1172 2701 1523 2771 superabant.
1552 2701 1675 2756 llaec
1700 2716 1860 2770 porro

265 2792 447 2845 omnia
475 2806 544 2846 ex
573 2791 698 2846 belli
726 2793 976 2847 violentia
1007 2791 1280 2862 contigere
1298 2835 1312 2858 ,
1343 2802 1398 2848 et
1426 2793 1532 2847 Deo
1561 2803 1616 2848 et
1645 2793 1860 2848 Christo

263 2885 500 2940 volente.
527 2883 652 2940 llazc
679 2894 730 2940 et
750 2893 936 2940 contra
955 2884 1318 2940 Marcionistas
1338 2883 1438 2956 (a),
1464 2893 1518 2938 et
1535 2893 1721 2939 contra
1739 2876 1857 2950 'eos,

261 2976 350 3047 qui
382 2991 494 3031 non
521 2977 748 3031 credunt
775 2992 896 3032 esse
919 2977 1248 3046 gehennam,
1274 2985 1395 3044 apta
1426 2985 1618 3039 erunt;
1650 2976 1860 3032 illorum

259 3070 406 3123 enim
430 3067 836 3148 impudentiam
877 3067 1235 3138 comprimere
1273 3067 1470 3121 valent.
1510 3068 1702 3122 Annon
1745 3067 1859 3123 lucc

256 3158 611 3229 Babylonicis
657 3158 810 3212 malis
847 3158 1091 3226 graviora
1130 3159 1286 3212 sunt?
1321 3172 1498 3214 annon
1536 3157 1653 3213 haec
1687 3157 1855 3214 fames

257 3251 343 3305 illa
370 3249 695 3304 crudelior?
724 3249 798 3304 De
827 3248 909 3304 his
949 3249 1063 3320 ipse
1099 3263 1308 3320 quoque
1335 3248 1578 3305 Christus
1613 3264 1851 3319 pronun-

261 3342 410 3397 tiavit
443 3358 458 3393 :
491 3338 607 3394 Erit
633 3340 908 3406 tribulatio,
941 3340 1108 3410 qualis
1132 3357 1403 3410 nttnrquam
1432 3342 1547 3412 fuit,
1578 3357 1737 3411 neque
1758 3342 1852 3397 erit

258 3435 475 3501 (Matth.
504 3433 595 3489 24.
634 3434 746 3504 2i).
776 3433 1056 3500 Quomodo
1083 3449 1212 3505 ergo
1240 3424 1424 3490 dicunt
1450 3435 1665 3506 quidam
1693 3435 1849 3491 Chri-

258 3537 393 3581 stum
424 3525 700 3581 remisisse
727 3525 828 3581 illis
857 3534 1130 3596 peccatum
1152 3527 1177 3580 ?
1200 3525 1360 3582 Forte
1380 3525 1611 3598 vulgaris
1641 3526 1851 3582 videtur

257 3633 372 3676 esse
411 3619 681 3691 qumstio;
727 3619 819 3675 sed
861 3633 958 3674 vos
1003 3618 1223 3688 potestis
1253 3617 1393 3674 illam
1421 3619 1652 3675 solvere.
1682 3617 1851 3674 Nemo

257 3726 512 3782 umquam
539 3711 734 3781 poterit
759 3711 868 3767 tale
897 3710 1206 3780 ﬁgmentum
1237 3710 1521 3766 ostendere
1538 3750 1554 3776 ,
1585 3710 1742 3782 quale
1767 3717 1851 3765 est

259 3802 306 3855 id
322 3801 468 3872 quod
498 3815 682 3857 revera
695 3801 912 3857 accidit.
938 3800 1003 3856 Et
1026 3801 1070 3856 si
1091 3801 1307 3872 quidem
1327 3800 1663 3858 Christianus
1682 3809 1845 3870 esset,

259 3895 342 3962 qui
370 3895 493 3949 haec
521 3895 769 3962 scripsit,
795 3907 887 3950 res
912 3901 1057 3950 esset
1085 3892 1221 3950 forte
1246 3903 1494 3966 suspecta
1528 3912 1542 3948 :
1569 3909 1690 3950 cum
1718 3908 1848 3950 vero

260 3984 472 4040 Judaeus
499 3983 661 4041 fuerit
678 3993 732 4040 ct
749 3984 1092 4041 Judaicorum
1116 3983 1410 4052 studiosus,
1433 3985 1520 4056 qui
1545 3991 1662 4055 post
1685 3998 1856 4041 evan-

261 4078 450 4145 gelium
487 4077 674 4144 venit,
704 4077 976 4148 quomodo
1005 4092 1111 4133 non
1140 4077 1389 4133 omnibus
1426 4077 1709 4134 manifesta
1737 4078 1847 4134 sint

261 4183 340 4234 ea,
364 4184 486 4240 qum
513 4178 663 4239 gesta
693 4171 850 4224 sunt?
873 4167 1091 4226 Videbis
1117 4183 1349 4240 namque
1375 4169 1521 4224 illum
1543 4169 1738 4240 ubique
1758 4183 1845 4225 res

261 4261 508 4319 Judaicas
530 4261 894 4318 extollentem.
924 4262 1020 4318 Est
1057 4262 1235 4335 itaque
1263 4261 1506 4334 gehenna
1529 4303 1546 4328 ,
1577 4270 1632 4316 et
1671 4262 1846 4318 bonus

262 4363 339 4407 est
364 4353 528 4408 Deus.
553 4354 747 4409 Annon
772 4351 1128 4408 exhorruistis
1154 4351 1270 4406 hmc
1295 4351 1615 4406 audieMes?
1645 4349 1843 4405 Verum

263 4458 373 4509 qua:
414 4444 505 4498 hic
540 4443 709 4504 ﬁunt,
753 4441 886 4496 nihil
928 4447 1056 4495 sunt
1091 4439 1144 4495 in
1180 4440 1579 4509 comparatione
1607 4440 1842 4494 illorum.

265 4530 462 4590 Rursus
503 4546 662 4606 cogor
701 4536 944 4603 ingratus
978 4528 1148 4586 videri
1178 4539 1238 4586 et
1278 4530 1570 4596 molestus;
1597 4530 1690 4585 sed
1717 4528 1843 4599 quid

265 4624 483 4681 faciam?
513 4625 570 4680 ln
610 4626 712 4680 hoc
740 4623 948 4696 positus
983 4637 1122 4678 sum.
1162 4623 1311 4678 Sicut
1343 4621 1661 4693 paedagogus
1685 4636 1844 4692 asper

260 4714 633 4787 discipulorum
659 4716 785 4772 odio
809 4715 1084 4785 expositus
1107 4722 1210 4780 est,
1233 4713 1312 4770 sic
1338 4723 1393 4769 et
1420 4726 1536 4768 nos.
1562 4713 1841 4782 Quomodo

259 4809 390 4863 enim
416 4808 711 4863 absurdum
741 4823 846 4864 non
885 4808 1074 4874 fuerit,
1111 4806 1157 4862 si
1196 4806 1322 4862 dum
1351 4805 1422 4874 ii,
1455 4806 1544 4877 qui
1571 4823 1600 4862 a
1626 4806 1840 4877 regibus

259 4911 370 4956 suut
396 4901 698 4965 constituti,
725 4916 812 4957 res
835 4903 1171 4972 quantumvis
1198 4900 1512 4972 injucundas
1533 4901 1835 4971 perficiunt,

262 5007 363 5060 nos,
395 5012 461 5052 ne
483 5012 517 5050 a
543 4996 696 5050 vobis
726 4995 1199 5065 reprehendamur,
1230 4994 1466 5052 ofﬁcium
1493 4995 1716 5065 implere
1743 4993 1839 5050 de-

260 5087 482 5144 sinamus
501 5089 527 5141 ?

323 5180 607 5250 Episcopus
651 5195 788 5249 stupe
833 5196 932 5234 non
979 5179 1182 5248 prodest
1226 5197 1316 5249 per
1340 5197 1402 5234 ea
1429 5194 1546 5247 qua
1588 5178 1832 5247 placent,

259 5269 335 5319 sed
360 5288 448 5338 per
477 5286 538 5324 ea
565 5286 682 5340 qua:
723 5277 972 5340 pungunt.
1014 5298 1086 5308 —
1114 5269 1265 5324 Alius
1293 5269 1437 5325 aliud
1468 5270 1630 5325 habet
1655 5285 1788 5339 opus
1818 5286 1833 5323 :

262 5361 538 5416 multorum
607 5370 788 5416 autem
830 5378 895 5417 ex
949 5361 1099 5416 vobis
1159 5361 1260 5417 hoc
1323 5362 1556 5418 ofﬁcium
1615 5371 1729 5428 est,
1779 5373 1838 5418 ut

314 5493 618 5568 (a).atarcion_
637 5494 831 5568 dicebat
853 5493 1097 5568 Christum
1123 5507 1234 5568 non
1259 5493 1371 5568 fore.
1381 5493 1593 5568 iudicem
1610 5498 1837 5568 mortuo—

260 5555 373 5614 rum,
392 5557 550 5619 inquit
571 5556 853 5606 Philastrius
877 5559 924 5605 in
945 5555 1136 5605 Πενθεῖ
1156 5555 1558 5604 Marcionistarum
1577 5569 1590 5604 :
1609 5556 1720 5605 hinc
1741 5568 1835 5618 ge-

263 5611 461 5667 hennam
505 5617 857 5668 excludebant.
898 5617 1142 5669 Ceterum
1174 5617 1489 5666 Marcionistte
1527 5629 1623 5665 non
1663 5628 1838 5667 mones

263 5653 461 5790 Ei;
480 5653 860 5732 eBEEéB‘HJEéKE
875 5653 1152 5732 εἶὲἇῖἰιῖἓίι
1174 5653 1835 5740 ἓῖᾰηῖῑρῖιῖὧιιῖὧῖῖὶ

1979 1514 2082 1570 nia:
2125 1529 2229 1568 non
2278 1526 2581 1585 parcentes.
2638 1519 2869 1590 Ideoque
2916 1521 3252 1577 celebrantur
3294 1539 3323 1577 a
3371 1525 3565 1594 populo

1978 1605 2116 1662 bene
2158 1619 2384 1680 excepto
2407 1652 2423 1674 ,
2474 1625 2595 1665 cum
2645 1612 2910 1681 tapetibus
2940 1655 2954 1678 ,
3004 1615 3236 1670 lucernis
3258 1657 3271 1680 ,
3301 1616 3515 1672 coronis
3545 1658 3563 1680 ,

1975 1700 2140 1753 ramis
2169 1708 2223 1754 et
2264 1699 2541 1770 Splendida
2588 1711 2755 1757 veste.
2804 1702 3002 1758 inﬁrmi
3045 1721 3173 1760 vero
3209 1706 3253 1761 si
3293 1707 3559 1762 medicum

1974 1791 2236 1861 viderint,
2271 1794 2468 1864 maesti.
2491 1803 2648 1858 sunt;
2705 1803 2763 1850 et
2792 1796 2835 1850 si
2874 1796 3107 1865 judicem
3154 1798 3428 1865 seditiosi,
3461 1799 3558 1854 dc-

1969 1883 2097 1953 jccti
2147 1884 2313 1949 ﬁunt,
2357 1901 2462 1939 non
2492 1885 2681 1950 effusi,
2731 1902 2830 1942 nec
2877 1889 3236 1955 exsultantes,
3283 1889 3422 1957 quod
3468 1889 3560 1944 ille

1971 1974 2038 2030 ad
2068 1975 2170 2030 hoc
2199 1975 2435 2030 ofﬁcium
2464 1979 2532 2031 sit
2572 1979 2910 2032 constitutus.
2961 1979 3247 2035 Videamus
3277 1996 3406 2048 ergo
3431 1981 3554 2051 qui-

1971 2081 2093 2121 nam
2125 2067 2356 2121 maxime
2392 2066 2692 2122 civitatibus
2724 2071 2930 2138 prosint
2956 2085 2972 2134 ;
3002 2083 3066 2123 an
3095 2071 3164 2134 ii,
3199 2071 3285 2140 qui
3315 2070 3446 2125 talcs
3468 2086 3558 2125 cc-

1970 2157 2244 2212 lebritatcs
2269 2167 2486 2226 parant,
2531 2157 2943 2226 thalias,lautas
2991 2175 3204 2215 mensas
3220 2169 3274 2215 et
3308 2160 3554 2227 delicias;

1967 2262 2036 2302 an
2068 2248 2126 2314 ii,
2157 2248 2280 2317 qui,
2327 2247 2411 2301 his
2453 2248 2677 2304 sublatis
2721 2250 3003 2312 omnibus,
3039 2251 3236 2320 lignum
3283 2251 3552 2320 inferunt,

1971 2338 2198 2408 ﬂagella,
2238 2339 2554 2404 carniliccs,
2619 2340 2816 2394 milites
2879 2341 3184 2407 terribiles,
3249 2343 3554 2398 tremendas

1966 2447 2161 2498 voces,
2196 2434 2441 2502 mandata
2462 2477 2478 2500 ,
2521 2436 2826 2490 maestitiam
2851 2475 2869 2502 ,
2901 2437 2989 2505 qui
3014 2437 3157 2506 virga
3201 2451 3296 2491 eos
3320 2478 3336 2504 ,
3367 2437 3454 2507 qui
3495 2438 3549 2492 in

1968 2523 2086 2578 foro
2124 2533 2282 2590 sunt,
2315 2535 2609 2581 semovent.
2657 2524 2977 2591 Videamus,
3025 2526 3270 2596 inquam,
3315 2537 3434 2582 utra
3465 2543 3551 2583 res

1964 2615 2020 2670 in
2065 2615 2271 2670 lucrum
2323 2617 2550 2672 desinat.
2599 2619 2665 2672 lli
2723 2635 2950 2689 namque
2996 2621 3206 2676 molesti
3256 2630 3418 2687 sunt,
3472 2621 3548 2677 illi

1963 2707 2242 2762 amabiles.
2286 2708 2422 2775 Quid
2464 2711 2624 2778 igitur
2671 2712 2848 2764 evenit
2892 2726 2956 2765 ex
3002 2714 3067 2765 iis
3099 2713 3187 2782 qui
3231 2714 3550 2768 oblectant?

1966 2797 2222 2866 Voluptas
2245 2798 2431 2866 frigida
2446 2840 2459 2863 ,
2483 2815 2601 2867 qu:e
2621 2815 2786 2869 usque
2803 2801 2868 2854 ad
2885 2815 3160 2869 vesperam
3185 2813 3383 2868 manet,
3404 2812 3457 2858 et
3477 2804 3551 2858 in-

1963 2889 2209 2958 sequenti
2232 2887 2509 2943 dieeflluit
2526 2929 2541 2954 ,
2565 2889 2703 2943 risus
2725 2889 3138 2959 incompositus,
3161 2892 3322 2947 verba
3341 2892 3551 2949 indeco-

1964 2994 2021 3034 ra
2051 2989 2103 3034 et
2129 2979 2408 3034 dissoluta.
2442 2979 2578 3048 Quid
2619 2995 2682 3035 ex
2725 2980 2844 3035 aliis
2865 2981 2887 3034 ?
2908 2981 3126 3047 Timor,
3157 2986 3506 3053 temperantia
3526 3027 3545 3056 ,

1959 3072 2212 3142 cogitatio
2239 3071 2528 3127 demissior
2549 3113 2564 3139 ,
2603 3073 2767 3127 animi
2797 3073 3056 3129 modestia
3077 3115 3094 3142 ,
3136 3075 3356 3131 desidiae
3386 3077 3539 3149 fuga,

1958 3162 2169 3219 frenum
2212 3162 2528 3218 interiorum
2575 3164 2900 3229 affectuum,
2951 3180 3136 3220 murus
3182 3167 3438 3223 adversus
3477 3184 3541 3226 ea

1955 3269 2075 3326 qua:
2116 3254 2246 3309 foris
2276 3255 2545 3324 ingruunt.
2580 3254 2683 3310 Per
2729 3254 2826 3310 hos
2848 3255 3078 3326 quisque
3108 3256 3386 3314 facultates
3413 3273 3540 3316 suas

1955 3345 2223 3416 possidet,
2255 3360 2349 3414 per
2373 3345 2460 3399 illa
2491 3355 2668 3399 autem
2699 3345 2832 3400 festa
2862 3361 2952 3401 eas
2980 3346 3122 3416 ipsas
3149 3347 3536 3416 dilapidamus,

1954 3449 2062 3489 non
2096 3434 2466 3490 invadentihus
2496 3434 2827 3501 latronibus,
2860 3435 2956 3490 sed
2982 3450 3118 3490 vana
3160 3437 3326 3506 gloria
3357 3447 3412 3492 et
3439 3453 3534 3492 vo-

1952 3523 2154 3594 luptate
2179 3524 2469 3595 praedante.
2500 3525 2736 3594 Quisque
2761 3525 2902 3580 videt
2925 3527 3183 3582 latronem
3207 3527 3538 3584 auferentem

1953 3614 2134 3670 omnia
2162 3655 2178 3678 ,
2222 3622 2280 3669 et
2323 3615 2553 3669 lu'tatur.
2615 3614 2794 3670 Novus
2841 3614 3104 3671 latrocinii
3167 3617 3402 3675 modus:
3445 3620 3538 3690 qui

1952 3705 2128 3762 exutis
2146 3745 2162 3770 ,
2193 3715 2252 3761 ut
2277 3705 2575 3777 gaudeam,
2606 3706 2817 3763 suadet.

2022 3797 2078 3852 4.
2124 3797 2319 3855 Verum
2348 3797 2457 3853 illic
2485 3792 2615 3852 nihil
2637 3797 2771 3863 tale;
2806 3797 2899 3854 sed
2929 3798 2999 3854 ab
3025 3800 3275 3858 omnibus
3310 3803 3540 3859 removit

1951 3889 2114 3957 Deus,
2147 3898 2208 3945 ut
2233 3891 2534 3945 communis
2561 3889 2742 3955 Pater,
2776 3897 2887 3944 tum
2939 3907 3058 3962 qua:
3103 3893 3374 3961 videntur,
3422 3904 3533 3949 tum

1949 3999 2071 4057 qua:
2097 3999 2203 4040 non
2234 3983 2500 4040 videntur.
2538 3984 2669 4040 Nam
2711 3983 2818 4040 ait:
2855 3983 3030 4040 Videte
3065 4003 3127 4041 ne
3167 3987 3534 4058 eleemosynam

1949 4087 2164 4134 vestram
2192 4079 2395 4150 faciatis
2433 4093 2605 4133 coram
2652 4077 2940 4134 hominibus
2973 4078 3182 4150 (Matth.
3212 4080 3265 4135 6.
3294 4081 3368 4150 1).
3400 4079 3536 4136 llinc

1948 4171 2105 4227 discit
2146 4171 2324 4226 anima
2363 4170 2675 4240 injustitiam
2719 4169 2920 4240 fugere.
2956 4170 3212 4239 lnjustitia
3257 4172 3399 4226 enim
3428 4181 3531 4234 est,

1949 4277 2056 4317 non
2099 4261 2262 4316 modo
2289 4260 2542 4329 pecunias
2582 4276 2677 4331 per
2703 4259 2940 4329 rapinam
2981 4275 3190 4330 parare,
3235 4260 3329 4315 sed
3369 4260 3531 4316 etiam

1949 4351 2070 4433 plus
2095 4349 2199 4405 cibi
2225 4349 2354 4403 dare
2380 4349 2574 4412 ventri,
2608 4365 2766 4418 quam
2788 4348 2920 4402 satis
2939 4349 3024 4412 sit,
3053 4357 3107 4402 et
3127 4349 3362 4404 lzetitiam
3381 4361 3532 4408 extra

1951 4440 2210 4498 terminos
2251 4439 2466 4505 efferre,
2493 4447 2653 4510 atque
2685 4438 3025 4495 debacchari.
3051 4439 3202 4495 Illinc
3234 4443 3531 4499 castitatem
3586 4451 3594 4457 '

1948 4531 2126 4598 discit,
2162 4530 2288 4587 hinc
2313 4529 2612 4586 libidinem.
2633 4529 2750 4585 Non
2788 4528 2962 4584 solum
3007 4531 3149 4585 enim
3189 4531 3397 4588 mulieri
3427 4533 3530 4588 mi-

1947 4623 2087 4680 sceri
2112 4622 2280 4679 libido
2303 4630 2409 4690 est,
2455 4620 2551 4678 sed
2579 4621 2739 4678 etiam
2784 4620 2996 4678 lascivis
3037 4622 3208 4678 oculis
3236 4623 3528 4694 reSpicer.-.

1946 4714 2096 4773 illinc
2124 4715 2442 4772 modestiam
2467 4715 2642 4783 discit,
2675 4714 2800 4771 hinc
2829 4713 3044 4770 fastum.
3064 4715 3248 4770 Omnia
3271 4718 3532 4785 ettim,in-

1945 4811 2080 4881 quit,
2113 4811 2236 4864 mihi
2266 4809 2438 4877 licent,
2463 4809 2555 4863 sed
2574 4825 2675 4864 non
2702 4809 2874 4864 omnia
2913 4811 3188 4878 expediunt
3211 4812 3290 4881 (l.
3323 4811 3439 4866 Cor.
3473 4812 3525 4876 6.

1945 4903 2058 4973 f2).
2104 4903 2256 4958 lllinc
2303 4901 2662 4968 honestatem,
2693 4901 2816 4956 hinc
2845 4901 3244 4970 turpitudinem.
3287 4901 3435 4955 Mitto
3464 4916 3528 4956 ea

1944 5015 2064 5069 quae
2103 5000 2154 5054 in
2205 4999 2446 5053 theatris.
2491 4996 2644 5064 Quod
2671 5005 2851 5052 autem
2898 4996 3039 5050 nulla
3071 4995 3140 5050 ibi
3170 4996 3412 5064 voluptas
3436 4995 3526 5061 sit,

1945 5090 2040 5146 sed
2071 5091 2247 5159 potius
2270 5088 2557 5145 maestitia:
2585 5087 2851 5143 ostendite
2876 5086 3005 5141 mihi
3033 5087 3119 5142 die
3154 5085 3350 5141 festum
3378 5086 3527 5148 inse-

1943 5193 2141 5255 quentc
2168 5198 2261 5238 cos
2279 5184 2368 5253 qui
2391 5190 2636 5252 sumptus
2664 5180 2984 5245 effuderunt,
3007 5193 3206 5250 eosque
3226 5180 3312 5246 qui
3327 5177 3393 5230 ad
3407 5192 3527 5244 spe-

1943 5275 2149 5332 ctacula
2178 5274 2382 5328 invitati
2406 5272 2652 5327 fuerunt:
2678 5271 3083 5340 videbimusque
3111 5281 3300 5322 omnes
3323 5267 3526 5322 mosti-

1947 5371 2018 5423 tia
2044 5376 2342 5436 correptos,
2373 5365 2603 5420 maxime
2632 5378 2761 5419 vero
2786 5363 2958 5428 illum,
2985 5361 3074 5432 qui
3097 5369 3366 5428 sumptum
3389 5374 3521 5427 sup-

1945 5455 2220 5529 peditavit.
2251 5455 2318 5510 Et
2350 5453 2472 5524 jure
2499 5454 2712 5526 quidem
2737 5470 2751 5508 :
2777 5451 3069 5508 oblectavit
3097 5451 3240 5504 enim
3260 5449 3347 5504 die
3380 5464 3521 5518 prse-

1943 5547 2155 5603 cedcnti
2195 5545 2506 5615 p0pularem
2551 5544 2820 5598 hominem
2844 5583 2860 5605 ,
2908 5541 2998 5611 qni
3047 5540 3198 5594 laetus
3235 5539 3520 5596 admodum

1945 5647 2088 5704 erat;
2118 5635 2391 5708 splendida
2416 5649 2645 5705 namque
2660 5641 2809 5688 veste
2833 5631 3135 5697 fruebatur;
3161 5631 3253 5687 sed
3276 5646 3396 5687 cum
3414 5647 3522 5689 non

1948 5727 2015 5783 ad
2041 5743 2193 5784 usum
2242 5741 2398 5782 suum
2443 5735 2606 5793 esset,
2638 5723 2806 5780 scilla
2833 5734 3048 5780 exutum
3075 5723 3278 5792 videns,
3307 5722 3525 5779 dolebat
