4010 6158
362 282 429 337 ss
934 247 939 251 ⁴
1142 271 1199 327 s.
1238 268 1512 327 JOANNIS
1547 265 2015 326 cnnvsosrom
2053 265 2372 323 menter.
2412 258 2945 320 census-nune.
3588 262 3657 320 se

359 401 418 450 et
446 384 934 456 cruciabaturzqui
976 397 1107 440 vero
1135 390 1405 452 sumptum
1455 379 1578 435 fecit
1599 420 1614 443 ,
1638 393 1789 435 suam
1840 392 1953 448 pra:

369 466 517 541 illius
546 481 797 538 felicitate
823 491 1042 549 parvam
1085 475 1323 545 putabat.
1359 473 1565 529 Idcirco
1593 472 1837 542 sequenti
1867 470 1957 527 die

367 573 664 631 redduntur
690 580 887 634 vestes,
918 566 1284 637 maioremque
1328 578 1614 619 mmrorem
1667 561 1755 631 qui
1802 575 1954 616 com-

369 666 682 723 modaverat
706 659 957 730 concipit.
984 656 1136 725 Quod
1166 656 1210 711 si
1233 654 1286 710 in
1309 654 1669 710 exterioribus
1699 652 1818 707 Ireta
1842 662 1960 706 tan-

370 770 475 814 tam
507 757 738 811 inferunt
761 751 1087 818 molestiam,
1117 757 1171 805 et
1200 749 1422 805 molesta
1454 747 1759 810 utilitatem,
1789 745 1959 800 multo

370 848 540 918 magis
570 846 624 901 in
650 842 1036 914 spiritualibus.
1067 840 1192 896 ldco
1221 854 1379 894 nemo
1408 845 1691 893 succenset
1732 836 1959 906 legibus,

368 940 462 996 sed
496 952 589 994 eas
617 934 921 992 communis
949 947 1070 988 esse
1100 930 1347 987 utilitatis
1375 937 1599 985 censent
1625 944 1833 982 omnes.
1855 926 1959 981 Ne-

372 1047 474 1099 que
497 1031 640 1085 enim
673 1025 937 1097 peregrini
966 1024 1049 1078 vel
1082 1022 1281 1078 inimici
1306 1022 1401 1075 has
1424 1021 1567 1090 leges
1593 1029 1848 1084 statuere,
1868 1015 1962 1071 sed

375 1122 478 1194 ipsi
508 1122 681 1185 cives,
714 1117 947 1189 patroni,
978 1124 1290 1171 curatores:
1315 1113 1525 1182 hocque
1554 1110 1741 1165 salutis
1765 1123 1828 1163 ac
1867 1108 1963 1163 be-

378 1212 697 1269 nevolentiae
730 1208 984 1264 indicium
1034 1215 1240 1277 putant,
1288 1203 1428 1273 quod
1476 1204 1622 1273 leges
1675 1209 1961 1272 ponantur.

379 1307 537 1376 Atqui
570 1307 714 1376 leges
743 1302 915 1373 poenis
943 1309 996 1356 ct
1023 1300 1225 1355 ultione
1252 1298 1422 1368 plenae
1448 1305 1600 1359 sunt;
1628 1309 1727 1349 nec
1754 1292 1857 1348 ulla
1883 1291 1965 1346 lex

380 1399 649 1453 invenitur
675 1397 793 1451 sine
823 1409 998 1464 pcnua.
1044 1390 1322 1460 Quomodo
1362 1404 1490 1457 ergo
1534 1403 1639 1442 non
1676 1385 1966 1442 absurdum

382 1492 560 1555 fuerit,
594 1505 684 1544 eos
708 1488 948 1560 quidem,
975 1486 1063 1556 qui
1094 1485 1240 1554 leges
1262 1482 1379 1536 illas
1398 1490 1695 1551 exponunt,
1727 1488 1967 1533 servato-

382 1599 489 1646 res,
543 1580 833 1645 beneﬁcos,
884 1587 1139 1648 patronos
1180 1589 1406 1637 vocare;
1439 1587 1536 1626 nos
1563 1586 1688 1626 vero
1728 1570 1890 1625 duros
1917 1577 1971 1623 et

384 1687 630 1727 morosos
682 1680 892 1741 putare,
938 1667 1080 1744 quod
1127 1666 1273 1735 leges
1321 1663 1409 1718 Dci
1459 1663 1808 1718 enarremus‘!
1839 1659 1969 1715 Cum

384 1767 525 1820 enim
554 1766 619 1819 de
647 1765 891 1835 gehenna
936 1761 1164 1832 agimus,
1220 1758 1365 1827 leges
1413 1756 1531 1809 illas
1569 1754 1861 1809 aﬂ'erimus.
1898 1755 1973 1807 Ac

384 1854 835 1927 quemadmodum
866 1853 938 1906 illi
970 1850 1177 1906 externi
1206 1849 1351 1919 leges
1376 1847 1444 1902 de
1476 1846 1775 1910 homicidis,
1800 1844 1867 1900 dc
1891 1844 1973 1897 lu-

386 1949 556 2012 rihns,
589 1948 653 2001 de
680 1928 875 2017 nuptiis
902 1954 954 1999 et
979 1942 1275 1998 similibus:
1305 1941 1382 1995 sic
1403 1950 1450 1995 et
1478 1955 1575 1995 nos
1600 1939 1745 2010 leges
1767 1937 1834 1992 de
1851 1951 1977 2006 snp-

387 2040 562 2110 pliciis
582 2038 874 2101 adurimus,
901 2050 1032 2107 quas
1056 2049 1160 2088 non
1191 2034 1349 2088 homo
1379 2032 1572 2102 posuit,
1604 2031 1697 2085 sed
1726 2032 1837 2099 ipse
1862 2030 1979 2084 uni-

387 2135 596 2204 genitns
623 2131 790 2186 Filius
824 2130 937 2185 Dei.
985 2128 1085 2194 Qui
1131 2128 1511 2182 innnisericors
1556 2132 1658 2190 est,
1706 2124 1975 2195 puniatur,

390 2226 589 2296 inquit;
634 2226 735 2279 hoc
765 2223 907 2279 enim
953 2222 1055 2277 sibi
1084 2222 1192 2275 vult
1225 2221 1493 2290 parabola.
1526 2219 1626 2287 Qui
1659 2234 1866 2273 memor
1893 2219 1978 2273 in-

387 2318 649 2386 juriarum
671 2325 771 2379 est,
791 2322 1090 2369 extremum
1121 2312 1228 2366 luat
1252 2310 1570 2381 supplicium
1593 2327 1605 2363 :
1629 2309 1717 2379 qui
1737 2309 1983 2364 irascitur

394 2418 620 2473 temere,
651 2408 702 2460 in
736 2407 909 2477 ignem
942 2404 1241 2476 injiciatur:
1269 2403 1360 2472 qui
1401 2402 1750 2471 conviciator,
1798 2417 1982 2473 pmnas

393 2498 489 2554 det
519 2498 569 2552 in
600 2497 865 2567 gehenna.

468 2590 698 2645 Christus
723 2605 877 2643 novas
911 2588 1076 2658 posuit
1120 2586 1431 2656 legem—Si
1472 2587 1669 2657 putatis
1713 2601 1863 2654 vero,
1890 2601 1986 2641 vos

399 2696 571 2740 novas
609 2681 795 2736 audire
836 2680 998 2750 leges,
1035 2695 1101 2734 ne
1135 2678 1439 2733 turbemiui.
1483 2678 1593 2734 Nisi
1634 2679 1776 2735 enim
1822 2695 1988 2736 novas

399 2776 670 2847 positurus
695 2773 936 2828 Christus
964 2771 1170 2830 fuisset.
1195 2786 1293 2826 cur
1311 2769 1652 2826 advenisset?
1673 2771 1763 2827 llla
1791 2773 1991 2842 quippe

400 2868 683 2924 manifesta
726 2867 880 2922 nobis
910 2873 1052 2928 sunt,
1085 2862 1225 2933 quod
1258 2862 1580 2919 homicidam
1610 2872 1663 2919 et
1688 2862 1991 2921 adulterum

400 2963 591 3034 punire
617 2966 882 3030 oporteat.
904 2938 972 3012 Si
1005 2972 1133 3026 ergo
1163 2956 1349 3011 eadem
1378 2956 1608 3011 audituri
1635 2971 1870 3021 eramus,
1896 2973 1993 3013 cur

402 3053 603 3109 c.rlesti
642 3054 862 3106 doctore
889 3049 905 3079 ί
932 3063 1066 3115 opus
1090 3048 1249 3102 erat?
1279 3047 1403 3102 Ideo
1449 3063 1553 3102 non
1585 3047 1735 3113 dicit,
1770 3048 1995 3104 Adulter

407 3143 690 3215 puniatur;
739 3139 856 3204 sed,
900 3138 1002 3205 Qui
1050 3139 1262 3195 lascivis
1297 3139 1466 3209 oculis
1512 3139 1730 3210 respicit
1759 3157 1772 3194 :
1802 3149 1856 3196 et
1883 3140 1994 3209 ubi,

470 3276 490 3308 ⁸
511 3282 640 3325 Unus
661 3272 804 3335 legit,
827 3268 926 3322 alio
945 3270 1156 3323 doctore.

2060 387 2117 433 et
2138 374 2352 446 quando
2382 389 2595 447 pmnam
2621 375 2843 431 daturus
2868 375 2959 443 sit,
2992 373 3160 430 addit.
3194 373 3311 430 Non
3349 375 3412 430 in
3460 375 3656 430 tabulis

2062 466 2208 537 leges
2232 466 2536 535 descripsit,
2570 482 2743 537 neque
2785 468 2973 537 cippos
3013 481 3186 522 terens
3228 466 3429 533 erexit,
3482 478 3539 521 ut
3587 467 3657 522 ibi

2063 538 2244 612 literas
2272 557 2576 626 sculporet;
2609 557 2703 612 sed
2736 558 2930 613 erectis
2968 557 3249 613 duodct-im
3297 556 3660 626 :tposlulnrttttt

2063 632 2361 712 animabus,
2397 647 2467 701 ibi
2503 664 2595 717 per
2622 647 2876 717 Spiritum
2900 657 3145 703 sanctum
3176 649 3268 701 has
3297 648 3510 716 scripsit
3538 650 3656 702 lite-

2067 753 2176 800 ras,
2206 754 2337 807 quas
2369 738 2519 794 vehis
2556 754 2651 793 nos
2694 740 2887 793 merito
2918 738 3272 808 pra-legimus.
3322 738 3452 790 Nam
3487 739 3529 792 si
3560 739 3658 794 ,Ιη-

2065 828 2197 884 dazis
2242 828 2346 883 hoc
2386 829 2600 896 licebat,
2627 846 2692 884 ne
2719 832 2838 900 quis
2883 832 2949 883 ad
2993 830 3344 899 ignorantlun
3399 831 3660 899 tonl'uge-
3736 848 3739 849 '

2066 930 2186 984 ret;
2221 922 2391 976 multo
2422 922 2593 993 magis
2622 921 2775 976 nobis
2806 920 2882 976 las
2912 931 3013 976 cst.
3063 920 3117 978 Si
3167 922 3285 992 quis
3323 937 3448 975 vero
3497 922 3661 987 dicat,

2070 1011 2189 1068 Non
2216 1012 2453 1080 audiam,
2484 1029 2583 1069 nec
2607 1012 2865 1084 judicium
2908 1013 3118 1074 subibo,
3153 1012 3273 1065 ideo
3310 1013 3539 1067 maxime
3571 1028 3666 1082 pn-

2070 1106 2236 1161 nitur.
2268 1105 2399 1160 Nam
2431 1105 2477 1160 si
2508 1120 2667 1161 nemo
2692 1105 2931 1169 doceret,
2963 1113 3145 1175 posset
3170 1104 3233 1157 ad
3265 1106 3385 1157 talia
3422 1106 3661 1171 confugi;

2071 1194 2320 1250 sed.cum
2350 1194 2489 1249 adsit
2516 1196 2735 1261 Doctor,
2767 1210 2872 1250 non
2904 1196 3045 1250 licet.
3082 1194 3214 1249 Vide
3242 1210 3369 1264 ergo
3396 1195 3667 1264 «pinniodo

2071 1285 2288 1341 Judatos
2313 1301 2344 1342 a
2370 1286 2523 1343 venia
2555 1286 2802 1342 excludat
2824 1328 2839 1353 ,
2871 1286 3056 1341 dicens
3088 1303 3100 1339 :
3132 1285 3192 1341 Si
3218 1301 3318 1339 non
3350 1287 3587 1340 venissem
3621 1295 3667 1340 et

2072 1379 2312 1449 loquutus
2338 1379 2545 1450 fuissem
2567 1380 2661 1446 eis,
2689 1387 2948 1449 peccatum
2978 1394 3079 1432 non
3099 1378 3337 1430 haberent
3370 1375 3547 1447 (Jonn.
3580 1377 3673 1437 lii.

2072 1470 2209 1541 22);
2242 1472 2541 1541 iterumque
2582 1471 2804 1539 Paulus,
2845 1470 2953 1526 Sed
2982 1471 3117 1537 dico,
3153 1470 3416 1542 Numquid
3443 1488 3543 1524 non
3579 1488 3670 1524 eu-

2075 1563 2326 1618 dierunt?
2378 1563 2441 1618 Et
2483 1563 2686 1634 quidem
2734 1565 2786 1617 in
2835 1580 3034 1619 onmem
3082 1574 3267 1620 terram
3321 1566 3470 1619 exivit
3513 1581 3673 1619 sonus.

2076 1671 2249 1710 eorum
2293 1654 2470 1728 (Rom.
2503 1656 2587 1711 lO.
2620 1656 2708 1712 18.
2741 1655 2887 1712 Psal.
2920 1657 3007 1714 18.
3038 1658 3117 1725 5).
3157 1657 3309 1713 Tunc
3342 1658 3484 1712 enim
3513 1659 3668 1713 venia

2078 1753 2182 1810 est,
2213 1746 2431 1816 quando
2473 1747 2649 1802 nullus
2677 1757 2759 1804 cst
2787 1748 2877 1818 qui
2924 1748 3181 1819 praedicet
3206 1767 3221 1814 ;
3251 1750 3465 1820 quando
3493 1759 3673 1804 autem

2078 1838 2383 1908 speculator
2409 1838 2589 1905 sedet,
2617 1840 2796 1896 ethoc
2822 1839 2985 1897 habet
3009 1841 3271 1905 'oliicium,
3300 1858 3406 1896 non
3430 1841 3566 1897 ultra
3593 1851 3679 1897 est

2079 1932 2259 1988 venia.
2297 1931 2407 1988 lmo
2435 1948 2565 1989 vero
2590 1947 2699 1989 non
2727 1941 2932 1990 tantum
2976 1935 3146 1992 voluit
3190 1934 3434 1990 Christus
3476 1949 3575 1990 nos
3623 1935 3677 1988 in

2082 2020 2362 2078 columnas
2404 2023 2522 2079 illas
2566 2024 2857 2094 respicere,
2901 2024 2996 2081 sed
3038 2041 3136 2081 nos
3164 2041 3376 2096 quoque
3421 2026 3531 2081 vult
3558 2040 3681 2080 esse

2082 2114 2377 2170 columnas.
2407 2114 2542 2183 Quia
2564 2130 2692 2172 vero
2713 2131 2812 2173 nos
2838 2116 3032 2172 talibus
3052 2117 3265 2187 scriptis
3293 2117 3538 2188 indignos
3558 2117 3681 2172 red-

2087 2206 2358 2272 didimus,
2402 2207 2519 2262 illas
2562 2207 2752 2263 saltem
2790 2209 3067 2264 columnas
3115 2208 3480 2278 reSpiciamus.
3534 2207 3687 2263 Sicut

2087 2297 2229 2352 enim
2261 2296 2525 2353 columna:
2553 2298 2674 2353 aliis
2708 2298 3002 2367 minantur,
3040 2299 3143 2354 illae
3173 2314 3299 2354 vero
3338 2315 3441 2353 non
3472 2308 3596 2354 sunt
3630 2300 3685 2354 in

2086 2389 2266 2459 culpa,
2295 2397 2353 2444 ut
2377 2404 2549 2460 neque
2569 2389 2714 2460 leges
2743 2407 2758 2445 :
2789 2390 2866 2446 sic
2885 2399 2941 2446 et
2969 2390 3110 2447 beati
3141 2392 3389 2461 apostoli.
3423 2392 3487 2447 Et
3514 2392 3633 2446 vide
3668 2410 3682 2444 :

2091 2493 2197 2534 non
2237 2494 2344 2534 uno
2373 2479 2425 2533 in
2452 2480 2571 2536 loco
2593 2488 2699 2535 stat
2726 2480 2840 2536 haec
2865 2481 3130 2546 columna,
3166 2481 3261 2537 sed
3292 2481 3485 2551 ubique
3513 2482 3688 2538 litcrzc

2092 2569 2304 2639 scripta:
2330 2570 2797 2637 circumferuntur.
2822 2571 2954 2627 Nam
2984 2572 3029 2627 si
3052 2572 3119 2627 ad
3142 2571 3298 2627 lndos
3320 2573 3540 2644 migres,
3570 2574 3690 2629 illas

2093 2659 2318 2727 audies;
2350 2661 2394 2716 si
2442 2661 2494 2717 in
2535 2660 2865 2731 llispaniam,
2909 2672 2964 2718 et
3010 2663 3063 2718 in
3102 2679 3289 2719 omnes
3333 2664 3466 2720 lines
3497 2674 3689 2729 terrm,

2095 2767 2255 2808 nemo
2283 2762 2366 2808 cst
2384 2753 2510 2823 quin
2535 2753 2732 2820 audiat,
2758 2755 2859 2810 nisi
2890 2755 2960 2810 ob
2986 2755 3265 2812 desidiam.
3299 2756 3375 2812 Ne
3400 2772 3526 2827 ergo
3551 2772 3693 2829 aegre

2097 2841 2303 2910 feratis,
2331 2843 2425 2898 sed
2454 2843 2612 2899 dictis
2648 2844 2927 2912 attendite,
2961 2855 3017 2902 ut
3048 2847 3261 2917 possitis
3296 2848 3504 2904 virtutis
3530 2864 3691 2918 opera

2098 2935 2391 3005 suscipere,
2424 2944 2478 2991 ct
2506 2944 2703 2991 aeterna
2731 2937 2985 3008 consequi
3028 2937 3187 3006 bona,
3223 2939 3275 2993 in
3306 2940 3520 2995 Christo
3558 2939 3691 2997 .lcsu

2102 3024 2329 3082 Domino
2356 3036 2560 3093 nostro,
2585 3028 2800 3101 quicum
2827 3030 2970 3085 Patri
3001 3045 3209 3101 unaque
3238 3031 3459 3101 Spiritui
3498 3042 3685 3087 sancto

2103 3118 2293 3188 gloria,
2319 3119 2622 3189 imperium,
2656 3119 2847 3187 honor,
2880 3135 3022 3177 nunc
3058 3129 3113 3177 et
3149 3136 3383 3192 semper,
3414 3130 3468 3178 et
3504 3122 3559 3177 in
3595 3138 3699 3176 sa:—

2107 3209 2226 3264 cula
2252 3211 2595 3266 saeculorum.
2624 3212 2811 3267 Amen.

415 3398 3688 3424 MM

1823 3477 2172 3543 HOMILIA
2223 3481 2333 3544 VI.

413 3634 543 3689 CAP.
582 3632 638 3686 2.
666 3646 720 3685 v.
753 3630 845 3686 22.
886 3628 996 3684 Viri
1026 3629 1298 3696 lsraeiitw,
1326 3628 1499 3683 audite
1538 3627 1687 3683 verba
1724 3646 1833 3684 mea
1876 3631 2006 3685 hmo.

492 3729 544 3778 1.
577 3724 690 3778 Νοη
726 3732 809 3779 est
850 3722 953 3777 hoc
983 3738 1078 3790 per
1102 3721 1459 3777 adulationem
1498 3721 1729 3788 dictum;
1771 3724 1865 3778 sed
1892 3726 2015 3794 quia

419 3817 541 3872 illos
569 3818 765 3871 acriter
795 3816 1195 3884 perstrinxerat,
1234 3815 1345 3884 jam
1382 3815 1660 3871 remissior
1683 3827 1786 3883 est,
1827 3827 1880 3872 ct
1917 3833 2014 3886 op-

424 3922 654 3979 portune
679 3907 929 3963 Davidem
961 3917 1246 3962 memorat.
1283 3907 1350 3962 Et
1376 3922 1562 3963 rursus
1590 3923 1617 3961 a
1647 3910 1907 3978 prooemio
1934 3912 2016 3965 ine

423 3999 575 4070 cipit,
605 4013 673 4053 ne
701 3998 1001 4061 turbentur,
1027 3996 1147 4067 quia
1170 3996 1238 4052 de
1262 3997 1391 4053 Jesu
1427 4000 1751 4053 mentionem
1781 3998 2018 4056 facturus

423 4100 530 4147 est.
571 4089 700 4145 Nam
740 4089 984 4157 superius
1025 4089 1217 4144 turbati
1258 4102 1363 4143 non
1403 4099 1526 4143 sunt
1566 4090 1885 4160 Prophetam
1926 4108 2022 4147 an-

427 4184 676 4247 dientes;
722 4195 914 4237 nomen
961 4196 1092 4237 vero
1132 4181 1256 4238 Jesu
1298 4184 1477 4237 statim
1527 4184 1646 4238 illos
1688 4184 2015 4240 oll‘endisset.

430 4273 540 4330 Nec
565 4274 724 4336 dixit.
752 4272 1150 4342 Obtemperate,
1179 4273 1295 4339 sed,
1329 4275 1544 4342 Audite,
1573 4276 1724 4346 quod-
1743 4291 1874 4331 sane
1904 4293 2020 4331 mo-

432 4364 624 4420 lestum
654 4380 759 4421 non
781 4373 915 4420 erat.
954 4364 1022 4420 Et
1047 4365 1410 4422 animadverte
1430 4367 1701 4437 quomodo
1733 4369 1861 4422 nihil
1897 4368 2026 4437 sub;

432 4455 563 4510 lime
607 4454 782 4519 dicat,
833 4455 928 4510 sed
988 4455 1055 4509 ab
1113 4454 1488 4511 humiiioribus
1537 4457 1774 4526 incipiat.
1822 4456 2021 4525 Iesum,

434 4547 628 4617 inquit,
667 4545 1015 4600 Nazarenam.
1060 4546 1294 4600 Patriam
1343 4547 1520 4601 statim
1561 4547 1710 4612 dicit,
1754 4563 1873 4617 qua:
1907 4549 2027 4604 vilis

433 4653 560 4693 esse
596 4637 897 4692 videbatur.
940 4637 1047 4691 Nec
1095 4639 1364 4706 quidpiam
1409 4640 1621 4693 interim
1666 4654 1917 4709 magnum
1960 4642 2030 4696 do

438 4731 533 4783 illo
561 4728 709 4787 dicit,
736 4743 804 4782 ne
832 4727 1044 4796 quidem
1076 4727 1218 4797 quod
1247 4727 1315 4783 de
1353 4729 1608 4797 propheta
1634 4730 1771 4784 alius
1805 4730 2024 4786 diceret.

440 4820 639 4881 Jesum,
671 4819 858 4887 inquit.
907 4816 1252 4882 Nazarenam,
1297 4819 1460 4873 uirum
1495 4820 1828 4890 approbatum
1866 4839 1900 4876 a
1925 4821 2032 4878 Deo

442 4914 499 4966 in
537 4910 696 4964 vobis.
728 4909 859 4964 Vide
896 4926 1053 4979 quam
1094 4925 1341 4981 magnum
1387 4911 1515 4966 illud
1557 4921 1691 4979 erat,
1719 4913 1861 4983 quod
1893 4915 2055 4971 dicat'

444 5002 599 5059 illum
626 5016 656 5055 a
687 5000 798 5056 Deo
826 4999 1043 5055 missum
1072 5001 1257 5057 finisse.
1283 5002 1395 5057 lloc
1422 5003 1565 5057 enim
1598 5017 1810 5072 semper
1837 5014 1889 5059 et
1918 5005 2037 5061 ubi-

445 5109 552 5164 que
584 5091 822 5148 Joannes
863 5102 918 5146 et
968 5093 1190 5162 προδιοιί
1240 5093 1528 5149 ostendere
1575 5095 1851 5151 curabant.
1898 5099 2035 5154 Audi

445 5201 680 5255 namque
722 5184 982 5241 Joannem
1020 5185 1288 5242 dicentem
1321 5205 1336 5242 :
1370 5186 1470 5242 Ille
1506 5188 1631 5241 mihi
1670 5190 1818 5255 dixit,
1869 5192 2039 5261 Super

447 5296 596 5349 quem
621 5278 806 5333 uideris
827 5278 1079 5349 Spiritum
1099 5280 1480 5335 descendentem
1505 5291 1552 5334 et
1577 5292 1856 5336 manantem
1890 5300 2041 5355 super

450 5386 587 5435 um,
626 5369 710 5422 hic
743 5379 817 5423 est
855 5368 1034 5440 (Jaan.
1070 5370 1123 5424 1.
1164 5368 1276 5437 53).
1317 5370 1430 5425 lloe
1468 5373 1732 5443 pmipue
1761 5373 1889 5429 facit
1929 5376 2042 5444 ipse

449 5461 716 5525 Christus,
738 5461 944 5527 dicens,
982 5462 1026 5515 Α
1057 5463 1345 5533 mutetipso
1373 5480 1473 5517 non
1499 5466 1629 5527 ueni,
1661 5466 1770 5535 ipse
1795 5482 1874 5520 me
1906 5467 2043 5521 misit

452 5554 471 5619 (
505 5551 592 5604 Η.
618 5554 671 5606 7.
709 5553 783 5609 28
812 5552 853 5625 ).
879 5554 944 5608 Et
972 5554 1166 5625 ubique
1191 5554 1242 5608 in
1268 5553 1557 5626 Scripturis
1576 5555 1680 5611 hoc
1708 5556 2042 5627 potissimum

453 5653 647 5710 agitur.

529 5729 675 5785 Petri
696 5731 935 5803 dignitas.
955 5736 1161 5794 —ldeo
1189 5738 1274 5795 hic
1304 5749 1520 5797 sanctus
1546 5742 1686 5800 beati
1715 5747 1867 5803 ebori
1895 5749 2041 5819 prin-

2114 3647 2263 3704 ceps,
2287 3641 2496 3688 amator
2509 3632 2731 3701 Christi,
2750 3632 2945 3690 ardens
2964 3633 3275 3704 discipulus,
3294 3634 3376 3690 cui
3405 3634 3711 3690 commissa

2115 3734 2241 3780 sunt
2274 3725 2529 3781 caelorum
2561 3726 2761 3789 claves,
2805 3726 2895 3796 qni
2941 3725 3324 3781 revelationem
3376 3726 3711 3796 spiritualcm

2119 3816 2347 3885 accepit,
2394 3825 2677 3888 postquam
2708 3817 2828 3872 illos
2855 3818 3048 3872 timore
3074 3818 3412 3887 compressit,
3444 3818 3712 3873 ostendit-

2122 3921 2224 3976 que
2256 3908 2458 3976 magnis
2502 3907 2622 3962 illos
2656 3906 2812 3962 donis
2840 3921 2963 3962 esse
3004 3907 3270 3978 dignatos,
3300 3919 3459 3977 atque
3490 3907 3593 3963 lide
3626 3908 3715 3962 di-

2121 4010 2256 4066 gnos
2299 3996 2551 4064 reddidit,
2584 4008 2708 4052 tttnc
2736 3997 2804 4053 de
2834 3998 2927 4053 illo
2958 3998 3193 4053 disserit.
3240 3998 3415 4068 Papae.
3443 4000 3718 4069 qumnodo

2125 4101 2288 4142 ausus
2305 4097 2389 4141 est
2417 4087 2554 4143 inter
2585 4088 2879 4144 homicidas
2908 4088 3087 4144 dicere
3115 4089 3287 4159 ipsum
3319 4090 3715 4146 resnrrcsisse!

2125 4179 2235 4235 Nec
2261 4179 2390 4235 dicit
2423 4180 2621 4245 statim,
2651 4180 2794 4250 quod
2824 4182 3209 4245 resurrexerit;
3239 4180 3333 4234 sed
3362 4179 3502 4250 quod
3539 4194 3568 4233 a
3606 4179 3721 4234 Deo

2104 4271 2193 4327 "ad
2222 4273 2366 4343 ipsos
2410 4274 2635 4328 venerit.
2668 4273 2783 4327 Hoc
2812 4281 2990 4328 autem
3029 4271 3371 4327 manifestum
3412 4280 3494 4326 est
3531 4286 3595 4326 ex
3629 4272 3719 4336 iis,

2129 4378 2248 4434 qua:
2290 4361 2435 4419 l'ccit.
2468 4363 2584 4419 Non
2606 4363 2717 4433 jam
2756 4362 2908 4430 dicit,
2936 4363 3077 4433 quod
3109 4363 3244 4432 ipse,
3276 4362 3369 4417 sed
3399 4362 3541 4432 quod
3581 4361 3725 4416 Betis

2132 4469 2227 4525 per
2255 4456 2448 4524 ipsum,
2477 4464 2535 4509 ut
2561 4454 2852 4510 modesth
2898 4452 3163 4524 loquendo
3192 4453 3337 4521 ipsos
3364 4449 3723 4522 pertraheret,

2132 4546 2199 4601 ad
2228 4562 2387 4617 quam
2425 4561 2536 4602 rem
2569 4547 2714 4617 ipsos
2752 4553 2920 4601 testes
2961 4551 3135 4609 vocat,
3178 4542 3455 4614 dicitque:
3495 4541 3729 4596 Viruma

2134 4636 2246 4692 Deo
2290 4639 2691 4693 demonstratum
2731 4640 2789 4693 in
2837 4638 2977 4694 vobis
3029 4636 3330 4701 uirtutibus,
3386 4633 3631 4704 prodigiis
3677 4642 3732 4687 et

2135 4729 2311 4801 signis,
2345 4746 2458 4801 qua:
2481 4732 2601 4801 fecit
2636 4747 2729 4800 per
2751 4732 2918 4801 ipsum
2953 4727 3091 4783 Deus
3115 4729 3169 4781 in
3190 4727 3355 4782 medio
3390 4725 3562 4789 uestri,
3594 4725 3733 4779 sicut

2139 4831 2185 4875 et
2215 4821 2313 4891 ipsi
2341 4822 2496 4876 scitis.
2531 4822 2732 4877 Deinde
2762 4823 2814 4876 in
2843 4821 3052 4875 illorum
3083 4818 3291 4873 facinus
3317 4824 3372 4872 et
3398 4816 3574 4871 scelus
3598 4815 3736 4869 inci-

2139 4911 2292 4975 dens,
2317 4911 2438 4966 vide
2457 4911 2724 4981 quomodo
2747 4919 2973 4967 conetur
3001 4910 3122 4964 illos
3145 4924 3177 4964 a
3203 4908 3429 4964 crimine
3453 4907 3682 4962 liberare
3716 4924 3735 4961 :

2142 5000 2219 5077 (α)
2242 5001 2261 5072 (
2288 5002 2390 5058 etsi
2419 5001 2564 5056 enim
2599 5001 2879 5057 deﬁnitum
2907 5009 3074 5065 esset,
3107 5000 3181 5055 illi
3213 5009 3394 5054 tamen
3450 4996 3742 5054 homicida:

2142 5094 2354 5165 erant).
2401 5093 2493 5150 23.
2530 5092 2703 5157 lianc,
2747 5094 2941 5163 inquit,
2983 5093 3194 5163 deﬁnito
3247 5091 3469 5147 consitio
3513 5101 3566 5144 et
3594 5105 3741 5145 urc-

2143 5189 2353 5245 scientia
2378 5186 2475 5242 Dei
2504 5185 2750 5241 traditum
2775 5186 3098 5258 accipiam,
3125 5201 3216 5257 per
3241 5199 3425 5239 manus
3442 5183 3747 5254 iniquorum

2208 5322 2282 5387 (η)
2305 5330 2417 5381 Qua:
2440 5319 2630 5371 uncinis
2650 5319 2936 5371 clauduntur
2956 5320 3165 5370 deerant
3200 5318 3251 5368 in
3284 5316 3457 5368 Editis.
3508 5313 3572 5364 At
3601 5327 3749 5375 vero,

2143 5384 2223 5436 his
2245 5385 2393 5435 etiam
2423 5384 2681 5436 restitutis.
2706 5395 2886 5433 sensus
2917 5383 3076 5433 adhuc
3118 5380 3437 5436 imperfectus
3461 5389 3574 5428 esse
3606 5377 3754 5424 vide.-

2147 5390 2223 5436 bls
2245 5390 2393 5435 etiam
2423 5390 2681 5440 restitutis,
2706 5395 2886 5433 sensus
2917 5390 3076 5433 adhuc
3118 5390 3437 5443 impertectus
3461 5390 3574 5428 esse
3606 5390 3754 5424 ncte-

2147 5454 2244 5497 tur.
2268 5454 2401 5509 Nam,
2422 5451 2476 5493 ut
2498 5445 2546 5493 in
2567 5443 2852 5509 praal‘atione
2875 5444 3089 5509 diximus
3105 5480 3119 5505 ,
3137 5455 3285 5509 saepe
3300 5440 3673 5509 Chrysostmnus
3696 5440 3754 5489 in

2148 5509 2286 5558 hisee
2317 5501 2686 5557 Coinment'ariis
2728 5506 3024 5556 sententiam
3076 5501 3313 5566 relinquit
3378 5501 3753 5566 turpe-rursum.

2147 5570 2227 5633 sic
2248 5581 2369 5633 ergo
2391 5575 2545 5633 totum
2571 5566 2825 5633 intelligas
2858 5573 3055 5626 oportet
3081 5579 3094 5615 :
3128 5562 3248 5633 [ide
3284 5562 3523 5633 quomodo
3544 5568 3752 5633 coimus:

2146 5631 2260 5683 illos
2281 5623 2537 5691 (crimine
2563 5623 2796 5690 liberare,
2823 5623 3263 5691 quantumseilicet
3285 5623 3398 5690 ﬁeri
3420 5623 3760 5691 poteratgetsi

2150 5682 2279 5757 enin;
2300 5687 2352 5739 id
2375 5692 2631 5757 definitum
2648 5704 2681 5739 α
2705 5682 2805 5757 oga
2826 5682 2968 5757 isset,
3003 5687 3155 5757 nihilo
3379 5682 3543 5757 istiuas
3561 5682 3638 5735 ius“
3663 5685 3771 5757 Ito,

2153 5751 2351 5805 micich
2372 5748 2529 5807 erant.
2559 5763 2715 5813 nunc,
2738 5750 2912 5816 inquit,
2935 5748 3132 5815 definito
3149 5749 3366 5812 consitio,
3391 5754 3490 5799 etc.
