3976 6144
251 314 309 377 Si
876 296 879 297 ν
1229 309 1294 365 ιΝ
1337 305 1511 363 ACTA
1556 292 2322 358 APOSTOLORUMJIOMIL.
2368 292 2456 350 Vi.
3490 307 3559 363 53

263 435 514 508 anigeutes
553 430 912 486 interemistis.
945 425 1137 483 Iisdem
1182 425 1291 477 lere
1332 420 1509 475 verbis
1539 427 1712 477 utens,
1750 410 1864 481 qni-

272 507 360 586 bus
383 525 583 597 .loscph
613 525 817 579 fratres
840 536 966 577 suos
984 519 1285 588 aiioquutns
1310 522 1393 569 est
1422 531 1434 567 :
1470 509 1645 565 Nolite
1671 507 1862 569 timere,

277 624 387 692 quia
415 636 516 673 non
546 634 642 673 ros
690 614 974 670 tradidistis
1018 628 1118 677 me,
1162 609 1248 665 sed
1297 606 1430 660 Deus
1474 620 1550 657 me
1592 602 1689 654 huc
1734 597 1869 651 misit

285 687 429 785 lGen.
453 710 546 765 45.
570 708 655 778 5).
686 705 888 761 Deinde
917 712 1192 773 postquam
1214 698 1370 762 dixis,
1397 696 1496 749 hoc.
1524 690 1618 746 Dei
1645 687 1871 785 cons-ilio

282 777 468 859 iactum
492 816 653 864 esse;
685 816 755 853 ne
784 798 1046 857 dicereut,
1078 793 1219 861 Ergo
1249 789 1297 843 id
1332 788 1464 841 bene
1486 784 1726 842 fecimus,
1752 777 1873 833 illos

282 897 517 967 coarguit
545 909 645 964 per
688 907 752 947 ea
798 906 917 961 quae
961 887 1142 957 adjicit
1175 902 1187 937 :
1220 882 1319 936 Per
1358 895 1538 934 manus
1584 876 1874 944 iniquorum

283 966 535 1061 oﬁgmtes
561 983 906 1039 iateretuistis.
939 980 1035 1034 llic
1057 978 1244 1034 Jttdam
1268 971 1586 1030 subindtcat,
1614 966 1877 1034 simulque

287 1080 540 1143 ostendit,
572 1077 626 1132 id
646 1091 752 1131 non
782 1073 1021 1144 potuisse
1049 1070 1170 1125 illus
1198 1068 1395 1129 facere,
1437 1063 1538 1118 nisi
1578 1062 1718 1116 Deus
1746 1072 1876 1112 con-

288 1174 559 1235 cessisset,
609 1162 1024 1234 tradidissetque
1067 1162 1236 1215 illum.
1286 1158 1399 1212 liae
1440 1153 1581 1209 enim
1622 1149 1722 1205 sibi
1769 1147 1882 1201 vult

292 1261 440 1329 illud,
470 1253 763 1315 Traditum.
797 1256 889 1312 Sic
918 1263 1086 1311 totum
1129 1250 1306 1306 scelus
1335 1244 1601 1303 convertit
1641 1243 1693 1294 in
1722 1245 1881 1308 caput

292 1358 460 1421 Jadae,
488 1353 579 1423 qui
610 1350 827 1406 tradidit
854 1363 975 1403 eum
1007 1364 1021 1401 :
1056 1346 1170 1416 ipse
1195 1342 1336 1396 enim
1366 1339 1510 1393 illum
1542 1333 1725 1388 osculo
1752 1343 1881 1423 pro-

295 1447 446 1501 didit.
477 1422 571 1498 ve]
605 1442 705 1495 hoc
735 1437 1003 1508 intelligit.
1037 1451 1155 1490 cum
1193 1434 1287 1495 ait,
1338 1429 1438 1483 Per
1476 1442 1655 1480 manus
1685 1422 1886 1492 iniquo-

294 1553 443 1600 rum;
472 1535 555 1589 vel
581 1534 650 1588 de
672 1530 931 1586 militibus
949 1526 1199 1598 loquitur,
1223 1539 1286 1577 ac
1305 1522 1347 1576 si
1372 1519 1622 1580 insinuet,
1654 1514 1769 1569 Non
1792 1525 1887 1564 vos

300 1628 669 1690 interemistis,
701 1620 928 1684 sedJ’e‘r
951 1634 1130 1674 manus
1156 1618 1464 1688 iniquorum.
1492 1613 1555 1666 Et
1582 1609 1724 1672 vide,
1756 1619 1889 1675 quo—

301 1719 458 1775 modo
496 1718 695 1786 ubique
748 1722 936 1769 curent
993 1710 1294 1781 passionem
1347 1706 1576 1775 primum
1623 1698 1887 1754 conﬁteri.

299 1809 772 1865 Resurrectioncm
805 1818 953 1866 vero,
988 1802 1107 1871 quia
1147 1813 1337 1869 magna
1376 1811 1463 1849 res
1500 1801 1637 1859 erat,
1676 1789 1890 1846 interim

300 1901 637 1965 subindicat,
673 1908 728 1953 et
764 1896 913 1967 quasi
960 1895 1011 1948 iu
1053 1892 1228 1948 medio
1273 1890 1440 1960 ponit.
1497 1886 1589 1942 llla
1642 1897 1890 1954 namque,

301 2010 428 2048 crus
461 1991 717 2046 nimirum
749 1998 805 2043 et
835 2000 1000 2049 mors,
1038 1986 1093 2040 in
1139 1981 1386 2039 confesso
1435 1988 1608 2045 erant,
1658 1975 1893 2032 nondum

303 2096 481 2140 autem
528 2080 853 2136 resurrectio
886 2096 899 2131 :
929 2076 1050 2131 ideo
1086 2075 1202 2130 haec
1240 2071 1512 2143 subjtmgit
1552 2089 1565 2125 :
1606 2068 1697 2124 24.
1739 2068 1898 2133 Quem

311 2178 444 2231 heus
469 2173 755 2239 suscitarit,
803 2171 981 2225 solutis
1018 2168 1275 2223 doloribus
1318 2165 1513 2228 mortis,
1546 2179 1602 2217 eo
1638 2161 1772 2231 quod
1800 2160 1897 2213 into

310 2268 549 2337 possibile
585 2271 693 2318 erat
724 2262 880 2316 teneri
908 2261 1053 2314 illum
1081 2259 1141 2312 ab
1169 2274 1249 2313 ea.
1293 2257 1387 2311 llic
1417 2269 1665 2326 magnum
1704 2249 1900 2307 etsnb-

311 2360 434 2412 linte
477 2355 752 2425 quidpiam
806 2350 1125 2407 subindieat.
1194 2347 1327 2404 illud
1369 2348 1532 2411 enim,
1579 2341 1903 2413 lmpossibile

312 2461 436 2512 erat,
468 2448 733 2519 signiﬁcat
758 2447 935 2517 ipsum
968 2458 1178 2516 quoque
1216 2442 1428 2496 dedisse
1459 2446 1775 2508 potestatem
1816 2436 1901 2490 iu-

312 2541 466 2595 i‘erno
491 2551 550 2595 ut
575 2546 885 2603 seteneret,
910 2545 970 2592 et
1006 2545 1232 2591 mortem
1265 2534 1413 2587 illum
1452 2530 1780 2586 detinentem
1808 2525 1903 2580 do-

315 2632 515 2685 loribus
538 2640 724 2701 partus
752 2625 996 2683 affectam
1025 2624 1205 2696 gravia
1238 2637 1446 2693 passam
1482 2635 1622 2675 esse.
1655 2618 1903 2672 Dolet'em

317 2726 513 2795 quippe
550 2723 741 2778 mortis
770 2718 1068 2791 periculum
1102 2716 1375 2785 Scriptura
1414 2713 1551 2768 solet
1591 2710 1859 2779 appellare
1890 2725 1903 2762 :

316 2827 373 2870 et
392 2815 611 2873 iudicat,
631 2811 773 2882 quod
795 2811 876 2865 sic
898 2808 1249 2863 resurrexerit
1272 2804 1422 2876 quasi
1455 2818 1556 2857 nou
1587 2802 1721 2855 ultra
1749 2797 1910 2853 mori-

324 2920 493 2963 turus.
538 2906 635 2959 γει
654 2919 776 2959 cum
803 2902 954 2967 dicit,
985 2899 1064 2954 Eo
1091 2897 1225 2971 quod
1253 2895 1560 2967 itttpossibile
1604 2902 1710 2947 erat
1755 2890 1910 2945 teneri

320 3002 472 3057 illum
511 3000 574 3053 ab
603 3016 683 3065 ea,
714 2996 979 3068 signiﬁcat
1022 2991 1469 3049 resurrectionem
1499 2989 1614 3057 eius
1643 3000 1748 3040 non
1792 2996 1912 3038 esse

318 3106 667 3147 communem
686 3104 807 3143 eum
853 3086 991 3141 aliis.
1036 3083 1235 3138 Deinde
1267 3082 1575 3151 priusquam
1612 3090 1764 3131 mens
1795 3074 1913 3128 illo-

318 3198 450 3238 rum
480 3180 680 3251 aliquid
702 3180 916 3249 cogitet,
944 3176 1145 3231 inducit
1179 3171 1454 3236 Davidem,
1483 3184 1695 3223 omnem
1728 3166 1915 3220 huma—

327 3288 452 3327 nam
477 3271 849 3341 cogitationem
874 3268 941 3321 de.
962 3264 1138 3321 medio
1165 3264 1457 3318 tollentem.
1480 3260 1571 3314 23.
1601 3257 1765 3312 David
1780 3257 1917 3312 enim

325 3365 450 3418 dicit
477 3364 531 3416 in
556 3378 688 3426 eum,
721 3361 910 3430 inquit.
957 3357 1024 3412 Et
1065 3357 1203 3420 vide,
1240 3353 1508 3425 quomodo
1539 3368 1720 3407 rursus
1766 3350 1915 3405 testi-

330 3457 564 3509 monium
596 3453 665 3507 sit
699 3451 921 3505 humile.
956 3449 1079 3504 ideo
1114 3447 1241 3503 iilud
1268 3461 1426 3516 supra
1449 3461 1517 3499 ex
1546 3443 1919 3498 humilioribus

332 3547 550 3614 accepit,
589 3555 646 3597 ut
687 3543 937 3597 ostendat
976 3541 1044 3596 de
1081 3550 1256 3595 morte
1298 3554 1401 3592 non
1446 3552 1566 3593 esse
1607 3534 1916 3589 dolendum.

336 3636 694 3701 Providebam,
726 3637 919 3706 inquit,
957 3634 1227 3689 Dominum
1264 3634 1315 3686 in
1342 3643 1611 3702 conspectu
1649 3645 1758 3683 meo
1787 3645 1919 3683 sem-

337 3749 438 3800 per,
469 3731 711 3802 quoniam
740 3745 771 3781 a
809 3727 999 3782 dextris
1028 3735 1099 3780 est
1128 3725 1272 3789 mihi,
1320 3740 1382 3777 ne
1409 3738 1721 3777 commoveor
1748 3719 1919 3791 (Psal.

340 3822 421 3877 i5.
450 3824 505 3890 8)
531 3842 545 3877 :
574 3822 666 3874 27.
691 3820 929 3889 quoniam
953 3834 1053 3872 non
1083 3818 1395 3887 derelinques
1419 3817 1641 3869 animum
1672 3829 1832 3867 meam
1869 3813 1921 3866 in

337 3918 549 3987 inferno.
604 3913 813 3968 Deinde
861 3911 1167 3966 testimonio
1215 3909 1528 3977 prophetico
1581 3907 1727 3961 addit
1772 3922 1786 3961 :
1830 3905 1922 3960 29.

348 4005 449 4059 Viri
477 4003 841 4078 fratres-Cum
865 4017 1112 4070 magnum
1132 4000 1404 4071 quidpiam
1432 3999 1671 4055 dicturus
1693 4006 1791 4062 est,
1820 3997 1921 4050 hoc

345 4101 499 4154 utitur
526 4098 818 4167 prou-mio,
853 4103 909 4149 ut
929 4095 1046 4148 illos
1068 4094 1263 4148 excitet
1292 4091 1586 4145 etallicial.
1619 4086 1808 4152 Liceat,
1843 4088 1925 4142 in-

340 4195 470 4264 quit,
499 4194 750 4247 audenter
773 4191 940 4243 dicere
961 4188 1098 4243 vobis
1121 4187 1185 4241 de
1215 4184 1507 4257 patriarcha
1531 4183 1714 4237 David.
1743 4179 1929 4252 Magna

342 4284 613 4338 humilitas
644 4300 661 4335 :
694 4281 784 4335 ubi
824 4278 954 4334 nihil
979 4286 1064 4333 est
1089 4277 1288 4338 damni,
1336 4275 1626 4330 demissius
1668 4272 1926 4342 loquitur.

340 4374 572 4443 ideoque
608 4388 716 4427 non
745 4370 899 4435 dixit,
944 4368 1060 4422 haec
1089 4368 1158 4421 de
1195 4366 1431 4428 Christo,
1474 4373 1581 4418 non
1623 4362 1690 4418 de
1732 4360 1933 4415 Davide

336 4466 482 4519 dicta
511 4464 715 4527 fuisse;
760 4462 920 4531 idque
945 4456 1235 4512 admodum
1274 4452 1581 4524 prudenter,
1626 4462 1681 4506 nt
1724 4453 1843 4505 illos
1867 4467 1933 4505 ex

340 4570 539 4626 magno
567 4569 692 4623 erga
725 4554 939 4607 beatum
974 4546 1224 4602 Davidem
1260 4544 1464 4599 honore
1488 4544 1551 4596 ad
1580 4542 1934 4597 reverentiam

339 4651 659 4708 deduceret,
688 4643 848 4698 simul
878 4642 1023 4697 circa
1049 4636 1175 4692 illud
1199 4635 1341 4707 quod
1369 4635 1418 4687 in
1446 4634 1691 4689 confesso
1718 4640 1851 4695 erat,
1880 4640 1936 4686 ct

344 4741 473 4798 illud
526 4738 669 4810 quod
719 4735 976 4790 audacius
1020 4730 1222 4785 dictum
1277 4726 1572 4783 videbatur.
1627 4723 1938 4777 detuulcens

349 4835 467 4889 illos
490 4832 680 4886 laudes
718 4827 1040 4883 adhibendo.
1089 4823 1215 4878 ideo
1251 4837 1377 4887 non,
1411 4821 1484 4874 De
1514 4818 1699 4880 David,
1732 4824 1935 4870 ιςιιιιιιηι

346 4925 522 4986 dixit;
555 4921 676 4986 sed,
709 4919 786 4972 De
810 4915 1101 4988 patriarcha
1131 4911 1321 4977 David,
1353 4910 1472 4979 quia
1499 4911 1766 4978 defunctus
1795 4915 1866 4959 est
1890 4912 1940 4958 et

349 5016 594 5084 sepultus.
624 5012 744 5067 Non
774 5010 886 5079 jam
924 5006 1070 5072 dicit,
1106 5004 1174 5060 Et
1212 5020 1317 5059 nou
1350 5001 1679 5062 resurrexit;
1711 4998 1804 5054 sed
1835 4998 1940 5052 alio

352 5108 508 5162 modo
524 5114 680 5162 recte
704 5103 807 5158 hoc
831 5102 1006 5171 ipsum
1032 5098 1266 5153 declarat
1289 5110 1353 5149 ac
1377 5093 1507 5148 dicit
1532 5112 1545 5142 :
1574 5091 1636 5146 Et
1656 5091 1943 5161 sepulcrum

352 5200 487 5254 illius
515 5207 589 5253 est
618 5195 763 5265 apud
793 5209 886 5248 nos
912 5206 1067 5259 usque
1106 5190 1160 5242 iu
1187 5187 1485 5242 hodiernam
1528 5183 1679 5237 diem.
1713 5181 1939 5245 Deinde,

357 5305 410 5346 ut
436 5291 580 5364 quod
612 5290 861 5345 voluerat
890 5284 1187 5353 apparavit,
1216 5293 1390 5348 neque
1416 5278 1494 5331 sic
1529 5275 1674 5330 venit
1699 5274 1763 5328 ad
1789 5273 1944 5328 Citri-

359 5394 514 5453 stum,
542 5383 637 5439 sed
672 5394 863 5437 rursus
894 5375 1146 5431 Davidem
1169 5371 1367 5426 laudat.
1390 5370 1481 5424 '50.
1508 5368 1768 5427 Propheta
1791 5367 1945 5435 igitur

361 5495 469 5532 cum
496 5484 644 5539 esset,
671 5485 718 5528 et
739 5472 892 5527 sciret
917 5469 1035 5543 quia
1060 5463 1402 5539 jurejurando
1437 5462 1654 5527 iurasset
1684 5459 1760 5512 illi
1784 5457 1942 5512 Deus.

423 5572 479 5625 ἓ.
523 5570 650 5625 llaec
680 5579 846 5637 porro
867 5563 1013 5625 dicit,
1040 5569 1099 5615 ut
1126 5558 1315 5613 saltem
1339 5554 1408 5609 ob
1430 5554 1684 5609 honorem
1707 5562 1946 5622 etgeuus

365 5666 545 5736 ipsius,
592 5661 824 5717 verbum
853 5657 921 5712 de
962 5650 1355 5710 resurrectione
1394 5647 1753 5715 susciperent;
1795 5646 1941 5716 quasi

373 5758 640 5831 prophetia
663 5753 959 5811 lmderetur
982 5749 1083 5803 nisi
1114 5745 1216 5801 hoc
1245 5751 1410 5822 esset,
1439 5749 1491 5796 et
1522 5739 1668 5806 quasi
1705 5740 1937 5805 ipsorum

1977 409 2162 463 honori
2181 409 2545 479 derogaretur.
2571 409 2635 463 Et
2660 414 2842 479 sciens,
2871 415 3058 485 inquit,
3086 419 3203 491 quia
3219 421 3560 493 jurejurando

1966 505 2192 572 jurasset
2229 502 2307 556 illi
2359 503 2511 558 Deus.
2551 503 2665 557 Non
2702 508 3016 578 simpliciter
3059 512 3211 577 dixit,
3263 512 3559 581 Promisit;

1978 596 2240 665 sed,quod
2293 595 2463 666 majus
2490 608 2624 662 erat,
2666 597 2978 656 Juramento
3012 604 3231 672 juravit,
3271 604 3352 660 De
3395 610 3565 679 fructu

1979 689 2134 743 lumbi
2176 692 2291 757 eius
2325 691 2576 744 oriturum
2621 692 2878 747 Christum
2913 698 3188 750 secundant
3236 716 3479 763 carnem,-
3511 711 3567 753 ut

1978 781 2170 835 sederet
2204 798 2356 851 super
2384 783 2617 836 thronum
2645 783 2823 854 ipsius.
2869 784 3018 845 Vide,
3048 796 3105 839 ttt
3131 789 3340 841 excelsa
3373 790 3566 845 iterum

1980 873 2301 929 suhiudicet.
2363 874 2650 942 Postquam
2703 877 2845 930 enim
2902 876 3020 932 illos
3072 880 3252 933 verbis
3303 881 3569 949 placavit,

1985 966 2211 1020 ﬁdenter
2239 966 2343 1022 hoc
2372 968 2643 1036 propheta:
2681 968 2884 1024 dictum
2922 970 3117 1035 attulit,
3151 980 3206 1026 et
3232 971 3298 1026 de
3326 989 3574 1029 resurre-

1983 1061 2161 1116 ctione
2187 1061 2439 1131 loquitur.
2475 1062 2563 1116 5|.
2611 1062 2743 1126 Quia
2788 1079 2947 1134 neque
2977 1065 3149 1117 anima
3186 1065 3296 1135 ejus
3336 1066 3576 1121 derelicta

1986 1164 2056 1206 est
2084 1153 2135 1206 in
2168 1154 2386 1223 inferno,
2415 1170 2573 1222 neque
2600 1170 2719 1207 raro
2747 1155 2855 1225 ejus
2881 1155 3003 1208 vidit
3030 1157 3423 1226 corruptionem.
3460 1156 3575 1212 Hoc

1988 1259 2172 1298 rursm
2198 1246 2391 1299 mirttm
2437 1254 2520 1299 est
2547 1263 2559 1297 :
2586 1246 2820 1299 ostendit
2845 1247 3011 1310 enim,
3051 1261 3160 1302 non
3199 1245 3428 1302 similem
3459 1248 3579 1303 aliis

1990 1351 2111 1391 esse
2138 1336 2603 1391 resurrectionem.
2635 1335 2867 1392 Detinuit
2896 1338 3039 1392 enim
3084 1340 3230 1394 illum
3269 1354 3436 1404 mors,
3478 1354 3581 1395 nec

1991 1426 2161 1481 suain
2191 1442 2311 1481 eum
2343 1436 2561 1496 Operata
2592 1437 2692 1482 est.
2727 1428 2792 1483 Et
2815 1441 3088 1499 peccatum
3111 1429 3326 1500 quidem
3349 1431 3450 1485 suh
3473 1448 3583 1486 um-

1992 1521 2086 1576 bra
2115 1521 2268 1584 dixit,
2303 1537 2514 1590 penam
2547 1532 2723 1576 autent
2758 1539 2861 1576 non
2892 1523 3115 1590 addidit,
3148 1524 3241 1579 sed
3269 1524 3408 1594 quod
3436 1526 3581 1580 occi-

1993 1613 2171 1669 derint
2213 1614 2502 1670 declaravit
2544 1633 2557 1668 :
2605 1614 2797 1671 deinde
2853 1615 2919 1670 ad
2980 1618 3191 1687 signum
3254 1618 3347 1673 Dei
3410 1620 3581 1674 venit.

1996 1707 2221 1776 Quando
2253 1716 2432 1761 autem
2462 1706 2882 1762 demonstratum
2915 1719 3017 1773 est,
3056 1708 3259 1778 justum
3299 1724 3419 1765 esse
3460 1726 3584 1765 eum

1997 1799 2084 1868 qui
2114 1798 2322 1853 occisus
2367 1796 2479 1863 fuit,
2514 1807 2569 1853 et
2605 1797 2699 1854 Dei
2743 1799 2994 1863 amicum,
3027 1799 3234 1853 etiamsi
3259 1814 3471 1869 poenam
3502 1809 3588 1854 ta-

1999 1905 2145 1956 ceas,
2175 1890 2219 1945 is
2259 1891 2346 1957 qui
2389 1889 2649 1960 peccavit.
2683 1906 2803 1945 sese
2848 1892 3013 1957 magis
3051 1907 3209 1962 quam
3253 1899 3306 1946 tu
3358 1892 3585 1957 faceres,

2000 1982 2398 2038 condemnabit.
2423 1982 2610 2038 Omnia
2640 1985 2814 2053 itaque
2835 1984 2900 2037 ad
2924 1984 3134 2039 Patrem
3160 1984 3342 2049 refert,
3367 1993 3425 2039 ut
3447 1985 3588 2038 dicta

2002 2075 2278 2144 recipiant.
2311 2074 2510 2129 Deinde
2537 2074 2686 2138 illud,
2712 2074 3035 2145 lmpossibite
3062 2088 3189 2141 erat,
3218 2092 3283 2130 ex
3310 2075 3589 2145 protthetia

2008 2167 2232 2222 induxit.
2287 2166 2491 2221 Rursus
2520 2183 2645 2222 vero
2676 2169 2852 2238 priora
2898 2175 3221 2239 repetamus.
3272 2167 3471 2226 Iesum.
3508 2168 3591 2221 itt-

2007 2259 2142 2327 quit,
2174 2255 2520 2323 Nazarenam,
2553 2260 2715 2311 virum
2749 2261 3084 2329 approbatum
3117 2277 3147 2311 a
3180 2257 3287 2312 Deo
3325 2263 3377 2312 in
3418 2260 3552 2317 vobis
3576 2275 3595 2312 :

2010 2349 2059 2403 id
2083 2360 2183 2413 est,
2216 2349 2284 2404 de
2308 2366 2415 2420 quo
2437 2349 2566 2404 nihil
2596 2350 2814 2405 dubium
2842 2361 2944 2416 est,
2978 2351 3070 2404 sed
3099 2364 3161 2404 ex
3194 2350 3445 2420 operibus
3474 2367 3596 2421 pro-

2010 2439 2212 2494 batum.
2257 2441 2347 2496 Sic
2382 2451 2435 2496 et
2465 2440 2786 2497 Nicodcmus
2812 2442 3022 2496 dicebat
3053 2455 3066 2497 :
3103 2442 3264 2513 Signa
3303 2443 3409 2497 [nec
3452 2460 3598 2497 nemo

2014 2541 2174 2603 potest
2218 2536 2386 2603 facere
2421 2547 2536 2603 qua:
2576 2542 2630 2587 tu
2675 2532 2803 2602 facis
2843 2528 3020 2604 (Joau.
3063 2534 3117 2589 5.
3164 2534 3253 2605 2)..
3299 2514 3597 2598 Virtutibus,

2014 2624 2206 2693 inquit,
2238 2624 2504 2694 prodigiis,
2537 2633 2583 2678 et
2626 2624 2806 2694 signis,
2839 2640 2953 2694 quae
2993 2625 3110 2696 fecit
3142 2624 3277 2679 Deus
3307 2643 3395 2696 per
3432 2626 3601 2695 ipsum

2016 2717 2069 2769 in
2100 2715 2263 2768 medio
2284 2716 2452 2768 vestri.
2484 2715 2663 2785 itaque
2690 2731 2793 2769 non
2818 2716 2977 2780 clam,
3008 2716 3051 2770 si
3085 2717 3137 2770 in
3160 2717 3389 2773 medio'.
3422 2717 3604 2771 Primo

2018 2810 2086 2864 ab
2111 2810 2196 2875 iis,
2234 2822 2354 2879 qua:
2386 2819 2509 2864 nota
2553 2808 2682 2879 ipsis
2708 2817 2882 2875 erant,
2908 2810 3147 2874 orditur;
3177 2821 3231 2865 et
3258 2819 3382 2865 tunc
3421 2809 3487 2864 ad
3514 2825 3604 2863 oc-

2020 2900 2161 2956 culta
2205 2902 2370 2956 venit.
2405 2901 2607 2956 Deinde
2649 2914 2770 2955 cum
2817 2903 2912 2964 ait,
2957 2899 3053 2955 Dei
3095 2901 3326 2967 consilio,
3371 2902 3609 2958 ostendit

2023 2995 2165 3064 ipsos
2196 2992 2247 3048 id
2278 2992 2454 3049 facere
2482 3009 2587 3048 non
2620 2993 2856 3064 potuisse
2883 3011 2898 3061 ;
2925 3002 2979 3049 et
3022 2993 3148 3049 illud
3189 3009 3308 3050 esse
3335 2995 3604 3065 quidpiam

2022 3085 2290 3155 sapienter
2318 3093 2371 3139 et
2396 3098 2492 3155 per
2521 3086 2874 3139 (ecottomiam
2904 3076 3412 3156 factttm,'siquidem
3439 3102 3467 3141 a
3500 3087 3609 3143 Deo

2024 3175 2142 3245 ipso
2178 3184 2313 3230 erat.
2351 3174 2613 3245 Quodque
2646 3176 2928 3230 molestum
2959 3187 3093 3241 erat,
3125 3177 3234 3235 cito
3268 3181 3605 3235 transcurrit.

2023 3265 2233 3338 Ubique
2263 3267 2368 3321 illis
2394 3266 2628 3322 studium
2656 3277 2771 3322 erat
2798 3268 3104 3336 ostendere,
3139 3270 3310 3338 ipsum
3341 3281 3608 3325 mortuum

2027 3359 2190 3416 fuisse
2217 3376 2231 3413 :
2262 3359 2413 3415 Licet
2442 3374 2537 3413 vos
2567 3363 2909 3429 negaveritis,
2935 3361 3123 3431 inquit,
3154 3362 3225 3416 illi
3251 3363 3613 3418 testilieahun-

2029 3460 2130 3506 tur.
2166 3451 2263 3520 Qui
2314 3468 2442 3507 vero
2486 3453 2645 3507 morti
2693 3454 2899 3523 negotia
2942 3453 3176 3519 facessit,
3223 3453 3391 3507 multo
3440 3455 3610 3523 magis

2030 3549 2225 3616 poterit
2268 3548 2329 3600 iis
2357 3546 2444 3616 qui
2487 3545 2887 3601 cruciﬁxerunt.
2943 3547 3010 3600 At
3056 3546 3186 3599 nihil
3240 3545 3416 3599 simile
3462 3546 3614 3609 dicit,

2032 3653 2243 3708 nempe,
2274 3636 2492 3692 Poterat
2523 3654 2615 3691 vos
2641 3637 2708 3692 de
2740 3638 2915 3691 tnedio
2942 3637 3147 3702 tollere,
3177 3637 3272 3690 sed
3304 3637 3619 3707 simpliciter

2031 3732 2408 3787 subindieavit.
2454 3732 2670 3786 interim
2701 3746 2830 3786 vero
2873 3746 2938 3784 ex
2988 3730 3145 3784 dictis
3183 3725 3461 3796 discimus,
3494 3729 3619 3800 quid

2031 3826 2100 3877 sit
2142 3824 2291 3889 illud,
2344 3835 2546 3878 tenere.
2572 3823 2704 3878 Nam
2733 3824 2820 3893 qtti
2850 3839 2971 3877 cum
3004 3822 3191 3877 dolore
3220 3821 3417 3892 aliquid
3451 3832 3620 3877 tenet.

2032 3932 2136 3971 non
2177 3915 2304 3970 illud
2351 3916 2573 3980 retinet;
2621 3930 2793 3982 neque
2839 3915 2968 3983 agit,
3001 3912 3093 3967 sed
3139 3914 3355 3982 patitur,
3396 3922 3448 3965 et
3492 3911 3623 3965 illud

2032 4010 2265 4077 alijicere
2298 4008 2528 4063 festinat.
2556 4010 2630 4060 Ac.
2650 4006 2868 4077 pulchre
2895 4006 3046 4071 dicit,
3066 4004 3234 4058 David
3266 4004 3397 4058 enim
3427 4004 3547 4056 dicit
3573 4005 3624 4055 in

2034 4119 2145 4159 eum
2170 4117 2189 4166 ;
2220 4116 2285 4157 ne
2311 4100 2508 4156 dictum
2534 4099 2661 4154 illud
2686 4102 2735 4153 in
2760 4098 3071 4168 prophetam
3099 4097 3390 4151 derivarcs.
3416 4095 3623 4161 Vitleu',

2034 4192 2302 4263 quomodo
2323 4192 2539 4247 demum
2563 4190 2893 4260 prophetiam
2924 4189 3322 4258 interpretetur,
3352 4197 3400 4239 et
3431 4185 3626 4239 nudant

2036 4293 2286 4353 espouat,
2318 4281 2610 4336 ostendens
2649 4279 2917 4350 quomodo
2951 4276 3135 4331 sedeat
3174 4291 3337 4346 super
3376 4275 3625 4330 thrtumm

2038 4380 2230 4435 suum?
2266 4390 2490 4445 regnum
2532 4374 2674 4428 enim
2720 4370 2998 4440 spirituale
3044 4370 3093 4423 in
3141 4369 3286 4424 cadis
3326 4378 3427 4423 est.
3471 4366 3629 4435 Vide,

2040 4469 2309 4542 quomodo
2334 4481 2454 4521 cum
2486 4463 2877 4520 resurrectione
2903 4476 3126 4531 regnum
3149 4459 3441 4515 declaravit
3466 4458 3522 4513 in
3547 4475 3634 4513 rc-

2040 4558 2308 4632 surgendo
2333 4568 2626 4629 acceptum.
2655 4555 2898 4611 Ostendit
2931 4554 3299 4608 necessitatem
3323 4550 3486 4606 fuisse
3510 4564 3631 4620 pro.

2042 4655 2217 4725 phet.e
2259 4650 2472 4705 dicendi
2506 4667 2519 4704 :
2549 4649 2616 4704 de
2640 4648 2733 4703 illo
2766 4661 2995 4716 namque
3035 4654 3150 4699 erat
3189 4642 3487 4714 prophetia.
3527 4639 3636 4696 Cur

2046 4762 2148 4799 non
2180 4743 2334 4805 dixit,
2369 4743 2445 4797 De
2472 4754 2639 4810 regno
2669 4738 2784 4808 ejus
2809 4752 2825 4802 ;
2851 4736 2970 4804 sed,
3001 4731 3079 4790 De
3098 4734 3463 4789 resurrectione
3488 4732 3638 4802 ejus?

2044 4838 2286 4904 Magnum
2319 4834 2419 4889 hoc
2447 4840 2585 4889 erat.
2616 4828 2896 4898 Quomodo
2922 4837 3098 4883 autem
3143 4826 3197 4881 iu
3227 4825 3421 4880 throno
3457 4824 3591 4878 sedit
3616 4823 3640 4874 ?

2049 4929 2101 4982 in
2132 4926 2346 4982 .ludacos
2376 4936 2626 4993 regnans.
2659 4920 2809 4987 Quod
2842 4918 2885 4972 si
2916 4919 2969 4973 in
3007 4916 3241 4979 Judzeos,
3271 4914 3438 4970 multo
3467 4915 3637 4982 magis

2048 5024 2099 5076 in
2127 5037 2220 5074 eos
2261 5019 2348 5088 qui
2380 5016 2764 5072 cruciﬁxcruut
2807 5012 2981 5066 illum.
3013 5008 3135 5064 Non
3166 5008 3298 5062 enim
3335 5022 3458 5060 caro
3500 5007 3631 5076 ejus,

2049 5115 2240 5185 iuqttit,
2272 5112 2398 5166 uidit
2435 5108 2827 5178 corruptionem.
2861 5104 2972 5157 Hoc
3000 5099 3409 5159 resurrectione,
3441 5096 3630 5163 inquit,

2049 5184 2223 5262 minus
2273 5203 2503 5262 \idetur,
2553 5198 2647 5254 sed
2703 5197 2931 5266 idipsum
2977 5202 3078 5248 est.
3120 5186 3208 5246 32.
3263 5186 3412 5241 Hauc
3455 5184 3633 5239 Iesum

2049 5298 2304 5354 suscitavit
2350 5293 2504 5347 Deus.
2539 5290 2692 5354 Vide,
2725 5284 2992 5359 quomodo
3023 5297 3128 5337 non
3168 5281 3323 5333 aliter
3354 5276 3499 5330 illtttn
3538 5290 3636 5345 ap-

2053 5394 2230 5462 pellet.
2263 5387 2421 5458 Cujus
2461 5402 2552 5437 nos
2581 5398 2752 5436 omnes
2789 5390 2934 5433 testes
2957 5390 3148 5430 mutus.
3172 5374 3261 5427 55.
3294 5369 3515 5424 Dextera
3539 5367 3635 5438 igi-

2052 5454 2133 5539 λιιι·
2167 5482 2255 5534 Dei
2279 5454 2549 5532 multatus.
2586 5475 2792 5528 Rursus
2820 5471 2883 5523 ad
2912 5470 3121 5523 l’atrem
3145 5462 3399 5531 confugit,
3428 5454 3640 5515 etiamsi

2052 5577 2179 5632 satis
2209 5583 2321 5627 erat
2353 5570 2402 5624 id
2433 5568 2633 5622 dixisse
2677 5565 2858 5633 prius:
2900 5561 2990 5614 sed
3034 5558 3132 5612 scit
3167 5556 3347 5625 quanti
3383 5555 3629 5608 momenti

2125 5737 2134 5765 '
2178 5729 2316 5789 Illud,
2343 5739 2382 5775 st
2410 5725 2458 5774 iu
2495 5719 2669 5771 amita.
2706 5717 2848 5765 deest
2883 5725 2929 5762 lii
2968 5707 3282 5776 quihusdam.
