3976 6144
390 265 457 323 59
1103 255 1160 312 s.
1200 250 1479 312 JOANNIS
1511 249 1979 310 cunvsosroiu
2023 249 2332 305 .-\RCI|IE.P.
2376 251 2904 314 CONSTANTINOP.
3599 271 3669 328 so

387 385 457 434 sit
507 379 653 434 illud.
712 374 809 429 llic
848 387 1062 441 quoque
1105 368 1527 438 assumptionem
1574 364 1919 422 subiudicavit
1947 404 1963 424 ,

390 476 667 543 ip~umque
699 468 748 520 in
778 467 924 520 cadis
949 480 1104 527 esse;
1152 462 1245 517 sed
1299 461 1403 516 hoc
1448 476 1553 515 non
1600 458 1771 529 palam
1820 458 1968 511 dicit.

398 562 454 617 Et
487 560 836 632 promissione,
878 557 1067 626 inquit,
1107 554 1271 609 sancti
1316 553 1541 622 Spiritus
1565 560 1793 619 accepta.
1841 548 1973 605 Vide

386 653 656 725 quomodo
683 653 833 715 initio
859 650 1001 706 dicit
1029 665 1132 702 non
1154 645 1446 708 Christum,
1470 644 1564 700 Sed
1588 644 1797 699 Patrem
1825 639 1969 696 illuni

387 747 596 802 misisse
621 763 633 797 :
663 754 939 813 postquam
970 757 1096 796 vero
1122 742 1269 810 signa
1292 742 1407 808 ejus
1430 736 1762 802 memoravit,
1780 743 1834 787 et
1853 749 1972 804 qua:

386 838 553 898 Judaei
587 840 636 893 iu
670 838 820 895 ilium
863 836 1117 896 fet-erant,
1150 848 1212 887 ac
1239 832 1308 886 de
1350 830 1743 886 resurrectione
1778 827 1970 897 loquu—

386 944 467 985 tus
497 931 614 993 fuit,
649 938 771 983 tunc
800 926 1024 981 ﬁdenter
1044 925 1109 979 de
1138 922 1219 978 his
1245 937 1548 978 sermonem
1584 914 1762 981 habet,
1788 930 1973 973 rursus

387 1026 502 1076 illos
532 1032 696 1077 testes
740 1035 834 1088 per
873 1028 1155 1084 ulrtttuquc
1199 1030 1415 1070 sensum
1466 1011 1751 1083 producit:
1784 1024 1847 1065 ac
1886 1025 1976 1065 re-

387 1112 738 1168 surrectionis
797 1109 1012 1179 quidem
1069 1107 1377 1178 frequenter
1423 1102 1705 1166 meminit,
1758 1100 1969 1154 iliorum

388 1222 518 1258 vero
545 1202 766 1260 sceleris
795 1202 963 1257 semel
998 1211 1220 1266 tantum,
1250 1214 1315 1252 ne
1340 1197 1472 1269 ipsis
1501 1194 1651 1249 uneri
1681 1191 1876 1248 essct‘.
1906 1190 1972 1245 Et

381 1312 608 1369 accep'a,
640 1296 830 1365 inquit,
872 1292 1096 1363 Spiritus
1135 1289 1675 1359 sanetipromissione.
1709 1280 1822 1339 lloc
1849 1288 1969 1336 rur-

382 1404 473 1442 sas
503 1404 749 1459 maguum
781 1396 881 1443 est.
916 1387 1050 1440 Puto
1069 1393 1268 1449 autem,
1294 1383 1634 1463 ipsumtumc
1660 1376 1946 1449 promissio

387 1496 507 1534 nem
535 1480 718 1535 dicere
743 1488 867 1545 ante
888 1477 1196 1548 passionem
1225 1473 1426 1529 datam.
1461 1468 1589 1526 Vide
1617 1482 1819 1535 autem,
1839 1484 1968 1537 quo-

382 1571 543 1627 tuodo
576 1578 744 1625 totum
766 1570 875 1640 jam
919 1568 992 1622 illi
1024 1562 1312 1629 adscribat,
1346 1580 1458 1618 rem
1491 1568 1738 1633 magnam
1765 1554 1972 1615 occulte

382 1661 605 1718 faciens.
652 1660 782 1716 Nam
815 1661 857 1715 si
904 1659 1019 1728 ipse
1064 1649 1270 1720 effudit,
1299 1656 1366 1710 de
1407 1654 1498 1709 illo
1522 1669 1678 1724 supra
1711 1652 1970 1724 propheta

381 1756 718 1825 loquebatur,
741 1753 927 1808 dict-us
956 1769 969 1805 :
1000 1742 1064 1804 in
1095 1747 1377 1804 novissimis
1404 1745 1581 1801 diebus
1621 1744 1883 1812 e/fundam
1910 1747 1972 1799 de

382 1849 582 1915 Spiritu
612 1861 720 1900 meo
744 1862 894 1917 super
905 1861 1073 1900 servos
1095 1860 1228 1898 meos
1248 1853 1294 1896 et
1311 1858 1463 1913 super
1486 1840 1701 1895 ancillas
1727 1856 1899 1902 meas;
1922 1848 1970 1893 et

379 1939 510 1993 dabo
533 1940 765 2011 prodigia
795 1940 847 1992 in
882 1939 1006 1992 cwlo
1042 1924 1439 1997 sursmn.Vidc,
1463 1933 1637 2004 qualia
1657 1932 1864 1987 occulte
1892 1930 1971 1985 iu-

381 2042 628 2087 torserat.
662 2032 767 2087 Sed
790 2033 910 2102 quia
935 2046 1123 2101 magna
1151 2044 1236 2083 res
1261 2037 1397 2094 erat,
1417 2042 1600 2081 rursus
1623 2025 1765 2079 illaut
1789 2026 1973 2078 obum-

379 2126 520 2190 brat,
566 2126 717 2195 quasi
757 2140 786 2178 a
828 2125 987 2179 Patre
1026 2121 1313 2189 acceperit.
1360 2121 1494 2174 Dicit
1534 2120 1669 2173 bona
1712 2121 1966 2188 pra-stilo.

379 2220 556 2288 signa;
599 2216 741 2286 quod
780 2218 851 2270 sit
888 2216 1022 2279 Rev,
1064 2213 1204 2283 quod
1245 2213 1309 2266 ad
1353 2214 1498 2281 ipsos
1538 2214 1789 2267 venerit:
1831 2211 1972 2267 dixit

377 2308 521 2380 quod
552 2309 667 2378 ipse
705 2308 796 2361 dct
834 2306 1093 2375 Spiritum
1131 2314 1400 2358 sanctum.
1427 2306 1789 2373 Qua-cumque
1825 2303 1967 2358 enim

379 2404 498 2470 quis
536 2400 751 2463 dixerit,
782 2399 884 2454 nisi
916 2398 980 2453 ad
1022 2399 1304 2453 utilitatem
1346 2397 1546 2460 tendat,
1590 2407 1789 2451 temere
1818 2396 1965 2451 dicit.

379 2486 527 2549 Sicut
558 2503 614 2548 et
641 2491 876 2548 Joannes
908 2489 1052 2555 facit,
1092 2491 1279 2545 dicens
1313 2509 1325 2544 :
1361 2490 1383 2541 Ι
1393 2507 1480 2560 pse
1505 2506 1589 2544 vos
1620 2490 1890 2557 baptizabit
1916 2491 1969 2545 in

379 2584 582 2655 Spiritu
625 2594 803 2639 sancto
847 2582 1062 2653 (Matth.
1108 2584 1160 2638 5.
1203 2580 1314 2646 ll).
1359 2582 1422 2635 Et
1461 2581 1713 2646 ostendit,
1754 2596 1968 2635 crucem

377 2691 485 2732 nou
524 2676 686 2731 modo
727 2677 895 2744 ipsum
937 2687 1043 2729 non
1085 2675 1363 2736 minuisse,
1401 2672 1493 2728 sed
1533 2674 1694 2727 etiam
1734 2673 1971 2742 splendi-

377 2762 582 2824 diorem
609 2767 938 2828 reddidisse;
969 2766 1227 2835 siquidem
1258 2766 1397 2834 quod
1424 2766 1495 2819 illi
1527 2766 1653 2819 olim
1688 2765 1825 2820 licus
1849 2779 1972 2834 pro-

377 2863 617 2925 miserat,
652 2872 774 2915 tunc
800 2840 966 2914 dedii.
1004 2859 1096 2914 \‘el
1129 2860 1561 2932 promissionem,
1590 2860 1782 2934 inquit,
1807 2875 1966 2934 quam

378 2952 531 3005 nobis
559 2951 825 3025 promisit.
860 2949 950 3009 Sic
995 2953 1222 3008 loturam
1266 2955 1597 3022 pra-sciebat,
1629 2963 1685 3008 et
1712 2955 1966 3023 majorem

377 3046 536 3100 nobis
568 3054 686 3114 post
713 3060 926 3099 crucem
972 3045 1188 3114 largitus
1229 3054 1332 3099 est.
1371 3046 1455 3109 Et,
1514 3043 1731 3110 [tl/fudit,
1775 3045 1965 3116 inquit.

379 3133 478 3195 llic
516 3139 826 3208 dignitatem
876 3138 1135 3203 declarat,
1190 3154 1289 3193 nec
1333 3139 1661 3208 simpliciter,
1712 3139 1806 3194 sed
1846 3154 1966 3193 cum

382 3231 646 3284 ubertate.
689 3229 808 3284 Ideo
840 3228 942 3283 hoc
983 3231 1152 3299 ipsum
1205 3231 1376 3300 palam
1424 3231 1641 3292 faciens,
1689 3232 1965 3303 sequentia

380 3321 600 3375 inducit.
645 3319 832 3377 Postea
883 3321 1024 3375 enim
1068 3320 1312 3385 ﬁdenter,
1364 3330 1483 3390 post
1528 3319 1759 3389 Spiritus
1797 3321 1964 3376 sancti

380 3428 572 3467 nntnus
616 3412 820 3476 datum,
865 3412 933 3468 de
969 3412 1335 3483 assumptione
1380 3414 1430 3467 in
1477 3414 1637 3468 cados
1685 3414 1961 3483 loquitur:

380 3520 552 3574 neque
583 3505 895 3575 simpliciter
923 3521 936 3569 ;
967 3504 1059 3560 sed
1091 3514 1277 3560 teSIem
1308 3520 1519 3559 rursum
1551 3504 1873 3575 produceus,
1913 3515 1967 3560 et

380 3597 529 3651 illutn
562 3612 862 3651 memorans
883 3596 946 3650 de
967 3613 1073 3667 quo
1092 3597 1338 3652 Christus
1358 3597 1511 3657 dixit.
1545 3599 1633 3653 54.
1667 3597 1786 3657 Non
1807 3599 1962 3661 enim,

378 3692 571 3762 inquit,
617 3690 780 3745 David
809 3690 1036 3744 ascendit
1060 3691 1114 3744 in
1135 3692 1335 3771 (telum.

453 3785 504 3837 5.
542 3783 637 3837 llic
661 3786 769 3852 jam
797 3799 900 3837 non
939 3784 1175 3838 demisse
1205 3784 1460 3854 loquitur,
1494 3794 1765 3855 assumpta
1797 3801 1861 3840 ex
1885 3786 1966 3841 di-

379 3877 477 3929 ctis
508 3876 696 3930 lidm-ia
731 3893 743 3926 :
781 3891 952 3943 neque
977 3874 1124 3941 dicit,
1153 3873 1337 3929 Liceat
1366 3875 1568 3939 dicere,
1596 3878 1684 3931 vel
1732 3877 1962 3955 similia;

378 3968 471 4022 sed
507 3968 676 4035 palam
708 3983 719 4018 :
757 3966 896 4023 Dii-it
928 3967 1171 4020 Dominus
1204 3965 1428 4020 Domino
1460 3984 1589 4030 meo.
1623 3968 1757 4023 Sede
1781 3988 1812 4023 tt
1842 3970 1966 4024 (lex-

379 4063 469 4115 tris
499 4063 639 4125 meis,
679 4061 837 4114 doncc
866 4077 1050 4128 ponam
1069 4060 1297 4114 inimicos
1318 4068 1448 4125 tuos,
1478 4055 1753 4115 scabellum
1781 4064 1962 4131 pedum

380 4164 577 4207 tuorum
625 4152 1084 4223 (Psal.109.l).
1127 4151 1184 4207 Si
1234 4152 1445 4205 Davidis
1496 4152 1753 4207 Dominus
1804 4164 1915 4207 erat
1946 4196 1959 4219 ,

378 4249 544 4302 multo
577 4247 741 4318 magis
773 4247 999 4301 illarum.
1037 4244 1174 4301 Sede
1205 4263 1235 4298 α
1266 4246 1455 4300 dextris
1482 4248 1621 4301 meis.
1656 4245 1848 4300 Totum
1879 4246 1964 4299 hic

379 4342 570 4409 posuit.
729 4337 905 4393 Donec
930 4355 1116 4409 ponam
1154 4336 1385 4393 inimicos
1412 4348 1546 4398 tuos.
1578 4337 1852 4392 scabellum
1878 4355 1965 4405 pc-

376 4432 496 4483 dum
525 4440 744 4483 tuorum.
781 4430 875 4484 llic
905 4440 1105 4484 metum
1152 4446 1400 4500 maguum
1442 4432 1659 4494 incutit,
1705 4442 1763 4486 ιιι
1807 4432 1960 4487 initio

377 4521 722 4585 monstravit;
774 4521 948 4590 qualia
1003 4536 1194 4589 netupe
1250 4523 1458 4588 amicis,
1500 4524 1677 4592 qualia
1730 4523 1961 4576 inimicis

376 4612 554 4667 fstciat.
586 4612 664 4666 Ac
687 4625 872 4664 rursus
895 4611 1197 4679 imperium,
1234 4627 1302 4666 ue
1330 4626 1434 4666 non
1486 4613 1764 4678 credatur,
1820 4614 1962 4668 Patri

373 4701 653 4757 adscribit.
676 4701 807 4768 Quia
842 4703 1018 4771 itaque
1046 4717 1233 4770 magna
1260 4703 1507 4771 loquutus
1536 4713 1648 4767 est,
1690 4719 1876 4757 rursus
1898 4706 1961 4757 ad

376 4793 598 4849 humilia
625 4807 930 4846 sertmmcm
980 4791 1218 4848 deducit.
1251 4793 1340 4848 56.
1392 4794 1544 4849 Certo
1595 4795 1754 4866 igitur
1808 4798 1958 4860 sciut,

376 4885 564 4954 inquit.
597 4885 759 4938 omnis
788 4883 968 4937 domus
994 4882 1155 4938 Israel
1171 4901 1190 4950 ;
1220 4884 1320 4941 hoc
1350 4895 1452 4947 est.
1486 4901 1553 4941 ne
1579 4886 1853 4950 dubitetis,
1895 4904 1962 4944 ne

374 4977 673 5046 aittbigatis.
719 4975 907 5030 Postea
952 4992 1073 5031 cum
1106 4976 1328 5046 imperio
1359 4995 1372 5031 :
1409 4979 1543 5043 Quia
1585 4991 1630 5033 et
1686 4979 1960 5034 Dominum

372 5087 483 5122 cum
513 5083 558 5125 et
586 5066 842 5125 Christum
865 5070 981 5139 fecit
1008 5069 1159 5125 Deus.
1185 5071 1295 5125 lloc
1323 5086 1350 5125 a
1381 5071 1578 5126 Davide
1609 5081 1661 5127 et
1691 5090 1719 5127 a
1746 5072 1961 5127 Pallium

372 5161 836 5216 commemoravit.
858 5160 986 5215 Nam
1009 5177 1128 5216 cum
1158 5162 1427 5217 videretur
1454 5163 1738 5220 dicendum
1762 5182 1774 5217 :
1800 5164 1962 5221 Certo

375 5251 535 5319 igitur
549 5253 682 5306 sciat
703 5252 881 5307 omnis
900 5253 1091 5307 dmuus
1112 5253 1292 5320 Israel,
1318 5255 1458 5324 quod
1477 5270 1505 5307 a
1528 5255 1731 5309 dextris
1752 5256 1955 5320 sedeat;

376 5340 426 5395 id
456 5341 599 5412 quod
627 5360 875 5415 magnum
905 5358 1015 5400 erat
1047 5360 1060 5398 :
1087 5361 1151 5400 eu
1173 5347 1360 5401 relicto
1381 5347 1523 5400 aliud
1550 5347 1752 5401 inducit
1790 5351 1959 5403 multo

376 5433 647 5500 humilius,
675 5452 795 5490 cum
825 5437 973 5493 dicit.
1025 5436 1184 5503 Fecit,
1217 5439 1267 5493 id
1298 5452 1404 5503 est,
1436 5439 1733 5493 constituit.
1779 5443 1959 5510 Itaque

376 5522 507 5578 nihil
538 5528 620 5579 hic
647 5531 711 5583 de
738 5530 1062 5598 substantia,
1109 5529 1203 5585 sed
1245 5540 1412 5585 totum
1447 5531 1545 5585 hac
1594 5531 1661 5588 de
1710 5549 1769 5587 re
1805 5533 1955 5589 dicit.

440 5686 457 5717 ⁸
483 5690 607 5744 lucc,
632 5696 688 5734 uc
711 5698 828 5751 ipsis
849 5688 988 5740 oneri
1010 5697 1150 5750 esset,
1173 5690 1352 5741 desunt
1378 5693 1426 5742 in
1443 5692 1722 5756 quibusdan'
1756 5700 1862 5744 uss.

2080 362 2234 419 Hune
2260 365 2456 434 Jesttm,
2480 385 2626 439 quem
2655 388 2739 427 eos
2760 375 3103 443 cruci/minis.
3139 377 3281 435 Bene
3309 379 3413 436 huc
3435 382 3633 440 desunt
3649 425 3665 450 .

2077 456 2289 511 illorum
2328 460 2566 515 animum
2594 464 2891 533 exagitans.
2938 464 3226 536 Postquam
3253 472 3396 525 enim
3426 475 3667 532 ostendit

2074 558 2328 616 quantum
2357 551 2426 606 sit
2456 550 2678 619 facinus,
2711 563 2837 609 tunc
2860 554 3078 613 demum
3108 559 3278 627 ipsum
3309 562 3572 629 declarat,
3604 579 3662 625 ut

2075 640 2155 694 sic
2182 641 2739 728 majusostendatur,
2770 658 2822 703 et
2851 650 3041 706 timore
3082 653 3200 709 illos
3230 658 3510 728 corripiat.
3540 660 3660 716 Non

2075 732 2219 787 enim
2260 734 2338 789 sic
2370 724 2636 793 homines
2667 741 2939 797 beneﬁciis
2988 743 3316 812 alliciuntur,
3368 760 3426 804 ut
3473 753 3670 813 timore

2074 825 2431 911 castigantur.
2455 827 2767 885 Admiraudi
2795 842 2974 888 autem
3012 836 3136 901 viri,
3169 839 3239 907 pii
3271 854 3335 895 ac
3364 842 3455 897 Dei
3482 846 3665 911 altrici,

2075 924 2266 970 neutro
2287 910 2431 986 opus
2450 920 2640 976 habent
2666 938 2680 987 ;
2726 926 2900 994 qualis
2937 939 3053 982 erat
3082 929 3297 998 Paulus,
3328 934 3419 1005 qui
3452 953 3552 992 nec
3581 910 3664 994 re?

2073 1008 2164 1080 gni
2194 1025 2293 1064 nec
2320 1011 2581 1080 gehennae
2607 1016 2866 1072 rationem
2899 1018 3148 1076 habebat.

2131 1096 2268 1168 Quid
2284 1093 2346 1158 sit
2366 1122 2538 1160 amare
2556 1106 2829 1163 Christum.
2854 1110 2876 1163 1
2882 1129 2914 1165 u
2929 1115 3216 1182 spiritantia
3236 1121 3471 1188 segnities
3491 1123 3672 1177 redar-

2074 1194 2469 1261 guitur.—lloc
2495 1208 2579 1254 est
2606 1215 2786 1256 amare
2813 1202 3080 1259 Christum
3100 1212 3119 1270 ,’
3151 1207 3253 1264 hoc
3291 1218 3375 1265 est
3412 1227 3517 1266 non
3545 1230 3671 1270 esse

2077 1289 2495 1356 mercenarium,
2529 1300 2702 1361 neque
2742 1304 3005 1362 quaestum
3048 1299 3127 1353 vel
3159 1301 3574 1369 negotiationem
3616 1307 3667 1359 id

2075 1376 2419 1443 existimare;
2450 1380 2544 1435 sed
2575 1384 2769 1438 virtute
2799 1392 2924 1440 vere
2970 1388 3250 1456 praeditum
3296 1407 3449 1456 esse,
3502 1404 3559 1449 et
3596 1398 3668 1451 ob

2078 1466 2167 1521 Dei
2214 1482 2451 1525 amorem
2501 1473 2679 1527 omnia
2722 1474 2917 1530 facere.
2951 1477 3175 1543 Quantis
3206 1479 3364 1549 igitur
3408 1483 3669 1556 lacrymis

2074 1557 2219 1627 digni
2248 1575 2454 1629 sumus,
2477 1564 2566 1632 qui
2597 1573 2797 1620 tantam
2817 1566 3077 1629 debentes
3097 1586 3426 1639 mensuram,
3456 1592 3523 1630 ne
3543 1578 3668 1647 qni-

2073 1648 2196 1703 dem
2241 1661 2295 1704 ut
2342 1658 2701 1722 negotiatores
2749 1670 2969 1727 regnum
3016 1660 3273 1716 ca'lorum
3327 1656 3669 1732 expetimus?

2073 1736 2243 1799 Tanta
2293 1745 2448 1801 nobis
2494 1747 2806 1816 pollicetur,
2853 1760 3024 1821 neque
3078 1754 3157 1808 sic
3205 1755 3452 1811 audimus
3501 1748 3669 1813 cuiu?

2074 1826 2210 1903 Quid
2252 1837 2376 1894 huic
2406 1839 2697 1897 inimicitia:
2727 1859 2822 1912 par
2851 1843 3048 1900 fuerit?
3078 1848 3235 1917 Atqui
3266 1849 3321 1911 ii,
3354 1850 3443 1921 qui
3476 1852 3666 1907 insana

2076 1930 2314 1998 pecunia:
2335 1932 2623 2002 cupiditate
2652 1934 2915 1998 laborant,
2944 1938 3056 1992 sive
3087 1939 3268 1994 hostes
3289 1943 3522 2007 adeant,
3551 1947 3669 2002 sive

2074 2036 2281 2083 servos.
2309 2023 2422 2078 sive
2451 2024 2854 2083 inimicissimos
2879 2029 3002 2095 sibi,
3033 2039 3089 2086 et
3127 2033 3367 2088 omnium
3394 2038 3663 2102 uequiSsi-

2076 2127 2226 2177 mos;
2273 2113 2316 2168 si
2347 2122 2523 2171 t:uuen
2571 2125 2791 2187 sperent
2838 2136 2897 2175 se
2926 2136 3086 2191 posse
3126 2138 3222 2192 per
3260 2125 3381 2180 illos
3413 2130 3667 2196 pecunias

2073 2201 2320 2273 adipisci,
2352 2198 2483 2259 nihil
2517 2222 2622 2263 non
2662 2218 2845 2279 agunt,
2896 2212 3027 2281 ipsis
3055 2212 3364 2280 adulantur,
3406 2218 3550 2287 ipsos
3606 2229 3666 2276 ut

2075 2295 2214 2348 servi
2240 2295 2446 2358 colunt,
2474 2307 2528 2352 et
2553 2290 3228 2361 omniumhoneStiSsimos
3259 2307 3476 2375 habent,
3508 2320 3567 2365 ut
3597 2313 3666 2367 ab

2075 2377 2182 2439 illis
2212 2377 2475 2458 accipiant
2509 2408 2523 2444 :
2557 2394 2906 2462 pecuniarum
2934 2396 3079 2451 enim
3117 2412 3241 2468 spes
3278 2415 3384 2455 non
3415 2398 3541 2456 sinit
3568 2420 3665 2458 eos

2076 2476 2263 2532 borum
2290 2479 2559 2550 quidpiam
2585 2485 2838 2554 cogitare.
2866 2481 3105 2558 Regnum
3128 2494 3305 2545 autem
3330 2508 3436 2546 non
3457 2504 3663 2549 L’Iltlttm

2075 2570 2292 2639 poterit,
2316 2581 2572 2640 quantum
2601 2576 2871 2645 pecuniae;
2902 2579 3010 2633 imo
3039 2595 3104 2635 ne
3131 2581 3410 2637 minimum
3442 2585 3660 2654 quidem

2075 2662 2272 2729 poterit
2297 2678 2309 2714 :
2337 2665 2581 2733 quamvis
2613 2683 2718 2721 non
2747 2684 2778 2723 e
2809 2669 2965 2741 vulgo
2993 2672 3255 2741 quispiam
3284 2674 3374 2741 sit,
3408 2676 3494 2744 qui
3534 2676 3660 2730 illud

2074 2756 2354 2824 prtttttiltil.
2386 2758 2479 2812 scd
2523 2759 2640 2828 ipso
2690 2777 2904 2832 quoque
2946 2779 3110 2835 regno
3147 2767 3303 2835 longe
3353 2769 3527 2840 major
3569 2771 3657 2824 sit.

2073 2847 2499 2918 Quando-autem
2529 2841 2747 2926 itl'quod
2781 2855 3108 2928 promittitur
3128 2874 3350 2932 regnum
3381 2872 3481 2931 cat,
3506 2862 3636 2922 illud

2073 2959 2179 3013 que
2206 2943 2296 2999 dat
2325 2944 2484 3014 Deus,
2518 2964 2767 3018 magnum
2795 2962 2941 3007 certe
2969 2963 3050 3008 est
3083 2964 3139 3010 et
3159 2955 3288 3010 illud
3320 2967 3375 3011 et
3395 2974 3425 3011 a
3458 2958 3659 3013 taliae-

2073 3034 2273 3103 cipere.
2306 3036 2458 3093 Nunc
2477 3047 2656 3093 autem
2677 3042 2898 3110 perinde
2923 3042 3001 3108 lit,
3025 3060 3089 3100 ac
3108 3045 3153 3100 si
3182 3062 3272 3101 rex
3301 3049 3389 3117 qui
3419 3049 3660 3106 luet-edes

2072 3135 2119 3179 et
2157 3126 2268 3180 filio
2294 3126 2605 3186 colueredes
2637 3132 2749 3186 vult
2780 3134 2958 3191 facere
3003 3151 3128 3203 eos,
3171 3153 3308 3208 quos
3353 3141 3498 3195 mille
3537 3154 3662 3199 ante

2074 3216 2348 3274 beneliciis
2370 3219 2565 3284 allecit,
2587 3233 2997 3292 contemnatur;
3022 3238 3075 3282 et
3091 3229 3357 3285 latronum
3387 3233 3656 3302 princeps,

2072 3311 2161 3380 qui
2185 3310 2480 3372 innumeris
2505 3324 2560 3370 et
2585 3331 2683 3371 nos
2702 3326 2755 3373 et
2776 3328 3025 3388 parentes
3051 3332 3263 3377 nostros
3285 3326 3438 3379 malis
3458 3327 3656 3393 all'eeit,

2071 3414 2123 3458 et
2159 3405 2303 3461 mille
2330 3408 2484 3462 malis
2512 3408 2627 3479 ipse
2654 3411 2844 3480 plenus
2874 3423 2977 3479 cst,
3010 3414 3054 3467 si
3084 3430 3244 3470 unum
3272 3417 3490 3471 obuium
3521 3417 3659 3472 olfe-

2072 3504 2176 3562 rat,
2223 3496 2481 3553 adoretur
2516 3517 2545 3553 a
2597 3502 2775 3558 nobis.
2809 3502 3046 3574 Regnum
3079 3507 3358 3575 pollicetur
3388 3509 3551 3573 Deus,
3606 3522 3662 3565 et

2071 3585 2401 3657 despicitur;
2431 3591 2731 3661 gehennam
2753 3597 3002 3651 conciliat
3030 3597 3274 3654 diabolus
3293 3641 3309 3666 ,
3339 3611 3391 3655 et
3422 3600 3659 3656 honorat-

2074 3686 2178 3733 tur.
2209 3678 2303 3734 llic
2335 3680 2494 3748 Deus,
2527 3683 2615 3737 ille
2643 3683 2906 3741 diabolus.
2939 3686 3044 3742 Sed
3071 3688 3342 3745 videamus
3366 3702 3659 3761 prtecvplo—

2073 3785 2187 3823 rmn
2210 3770 2519 3828 discrimen.
2555 3774 2611 3829 Si
2639 3776 2780 3831 enim
2805 3777 2934 3832 nihil
2965 3779 3155 3834 horum
3184 3790 3344 3846 cs‘et,
3381 3798 3552 3853 neque
3576 3782 3660 3839 hic

2073 3861 2232 3925 Deus,
2288 3863 2377 3918 ille
2424 3864 2705 3930 diabolus;
2738 3883 2911 3938 neque
2940 3870 3027 3925 hic
3059 3888 3301 3941 regnum,
3336 3874 3426 3928 ille
3454 3876 3657 3944 gehen-

2072 3970 2193 4007 nam
2215 3956 2565 4025 conciliaret;
2597 3974 2775 4015 annon
2798 3961 2880 4017 vel
2908 3962 3020 4031 ipsa
3048 3975 3435 4035 praeceptorum
3468 3980 3656 4022 natura

2070 4045 2294 4101 suadere
2322 4058 2501 4116 posset
2533 4058 2589 4103 ut
2615 4049 2737 4105 huic
2764 4050 3129 4108 haereremus?
3151 4054 3289 4123 Quid
3318 4058 3475 4127 igitur
3502 4069 3655 4114 uter-

2070 4153 2174 4205 que
2202 4138 2463 4207 imperat?
2487 4141 2577 4197 llle
2597 4158 2716 4212 quae
2744 4152 2949 4214 turpes,
2980 4144 3068 4200 hic
3093 4162 3211 4217 quas
3238 4149 3501 4217 gloriosos
3529 4151 3655 4205 red-

2070 4229 2232 4297 dunt;
2264 4233 2351 4288 ille
2384 4249 2504 4303 qua:
2535 4236 2681 4291 mille
2708 4237 3099 4294 calamitatibus
3126 4248 3179 4295 et
3228 4240 3443 4296 infamia
3476 4242 3657 4297 invol—

2072 4330 2220 4386 vunt,
2257 4324 2342 4380 hic
2370 4340 2488 4394 qme
2511 4342 2754 4397 magnam
2790 4329 3002 4398 pariunt
3032 4332 3490 4401 tranquillitatem.
3526 4334 3658 4390 Vide

2070 4430 2300 4484 natoque
2333 4431 2347 4467 :
2385 4417 2476 4472 ille
2509 4416 2677 4473 dicit:
2704 4418 2897 4476 Discite
2947 4438 2979 4475 a
3018 4439 3096 4477 me
3122 4423 3244 4495 quia
3287 4425 3420 4479 mitis
3450 4442 3563 4479 sum
3606 4436 3654 4479 et

2070 4506 2277 4561 humilis
2329 4508 2500 4569 corde.
2534 4522 2580 4564 et
2609 4511 2871 4567 invenietis
2910 4516 3132 4585 requiem
3173 4516 3439 4570 animabus
3481 4519 3657 4572 uestris

2069 4595 2282 4667 (Matth.
2315 4600 2403 4653 ll.
2430 4598 2554 4673 29);
2589 4603 2675 4657 ille
2700 4603 2775 4657 ait
2808 4621 2820 4656 :
2854 4603 3024 4659 Ferox
3060 4615 3180 4660 esto
3226 4617 3282 4662 et
3310 4607 3655 4674 inhumanus,

2069 4699 2227 4758 atque
2259 4690 2542 4745 iracundus
2565 4734 2580 4758 ,
2614 4702 2669 4748 et
2699 4695 2806 4748 fera
2836 4697 3004 4765 magis
3029 4711 3188 4764 quam
3235 4697 3416 4755 homo.
3456 4698 3652 4753 Videa-

2070 4796 2190 4834 mus
2219 4776 2344 4850 q'uid
2378 4784 2578 4847 utilius,
2605 4784 2732 4853 quid
2763 4787 3137 4855 opportunius.
3172 4788 3284 4844 luto
3312 4805 3381 4845 ne
3406 4789 3507 4844 hoc
3536 4800 3658 4845 tan-

2071 4879 2216 4937 tum;
2272 4872 2365 4926 sed
2397 4874 2569 4943 cogita
2603 4875 2750 4928 illum
2805 4890 2926 4931 esse
2974 4876 3294 4934 diabolum:
3344 4881 3470 4935 illud
3512 4882 3656 4935 enim

2070 4962 2301 5018 tnaxime
2329 4963 2372 5016 si
2404 4963 2826 5019 demous:ratum
2851 4977 2964 5030 est,
2995 4970 3107 5037 jam
3160 4971 3462 5040 triumphus
3490 4972 3661 5042 major

2068 5054 2188 5107 erit.
2223 5052 2336 5109 Non
2366 5055 2508 5110 enim
2533 5057 2622 5126 qui
2656 5057 2833 5112 facilia
2875 5059 3138 5128 imperat,
3169 5071 3388 5117 curator
3425 5074 3529 5127 est,
3563 5064 3657 5116 sed

2070 5145 2159 5212 qui
2210 5145 2377 5199 utilia.
2415 5145 2544 5200 Nam
2598 5159 2778 5216 patres
2821 5166 3049 5205 onerosa
3104 5153 3389 5221 imperant,
3436 5164 3491 5207 et
3546 5154 3659 5207 heri

2069 5248 2280 5304 quoque
2324 5238 2526 5301 servis;
2560 5238 2653 5293 sed
2685 5239 2806 5293 ideo
2838 5242 2890 5295 hi
2919 5242 3135 5312 quidem
3170 5257 3351 5313 patres
3391 5254 3551 5310 sunt,
3585 5246 3657 5298 illi

2071 5341 2196 5380 vero
2224 5328 2356 5390 heri,
2380 5330 2685 5398 subigentes
2707 5341 2760 5387 et
2783 5333 3068 5402 perniciosi
3084 5344 3141 5389 et
3167 5336 3344 5390 omnia
3364 5338 3656 5393 contmria.

2142 5419 2325 5472 Anima
2348 5425 2493 5493 justi
2523 5440 2671 5491 quam
2725 5425 2929 5491 di/ferut
2972 5428 3034 5480 ab
3063 5429 3235 5482 anima
3285 5430 3657 5499 peccatoris--

2068 5509 2268 5564 Verum
2296 5512 2436 5580 quod
2489 5515 2810 5584 \oluplalcnt
2848 5518 3112 5582 habeant,
3166 5519 3290 5573 hinc
3344 5522 3516 5588 palam
3551 5532 3651 5575 est.

2067 5603 2179 5665 Qua
2210 5604 2352 5656 enim
2381 5604 2685 5660 conditione
2715 5616 2863 5675 putas
2890 5623 3009 5663 esse
3039 5610 3351 5665 iracundum
3376 5654 3390 5679 ,
3423 5628 3525 5682 qua
3559 5629 3654 5683 pa-

2070 5693 2290 5749 tientem
2335 5706 2383 5751 et
2436 5698 2658 5752 utilem?
2707 5696 2894 5755 Noonc
2924 5700 3093 5772 .ltujos
3149 5704 3326 5760 auitua
3354 5706 3546 5761 Similis
3573 5715 3654 5761 est
