3976 6144
229 311 295 366 6|
1268 304 1335 360 IN
1375 303 1555 359 ACTA
1594 297 2362 358 APOSTOLORUMJI‘JHIL.
2409 303 2493 358 Vl.
3453 308 3529 363 63

226 425 509 483 solitudini
540 424 781 494 cuipiam
830 422 1049 479 multam
1097 419 1332 490 quietem
1371 417 1631 484 habenti;
1679 417 1824 473 illius

226 534 361 574 vero
387 519 586 578 anima,
622 515 765 580 foro,
800 514 991 582 turbat,
1033 511 1121 567 ubi
1146 511 1349 566 muitus
1369 511 1573 564 clamor
1596 524 1826 580 sequen-

229 611 364 662 tium
394 607 655 668 camelos,
689 605 868 660 mulos
896 613 953 659 et
976 604 1176 665 asinos,
1222 601 1311 672 qui
1343 602 1643 657 oet-laniant
1672 615 1827 655 acce-

228 701 483 755 dentibus
513 714 582 753 ne
601 695 1022 753 coucnleentur?
1051 694 1129 767 (ιι)
1151 709 1331 749 nonne
1352 694 1493 751 illius
1513 693 1691 749 anima
1715 708 1829 747 me-

225 795 333 849 diis
373 792 683 847 civitatibus
724 790 916 844 similis
942 797 1043 853 est,
1073 787 1161 841 ubi
1207 788 1331 842 hinc
1356 786 1659 851 aurifieum,
1702 783 1826 839 inde

227 887 553 940 aerariorum
610 898 841 953 magnus
890 880 1098 951 fragor;
1130 890 1186 936 et
1216 880 1304 935 alii
1349 880 1567 950 quidem
1602 878 1823 937 laedunt.

226 978 317 1034 alii
346 992 482 1032 vero
507 975 819 1032 ireduntur?
846 973 951 1029 Sed
979 972 1136 1042 hujus
1162 972 1341 1026 anima
1362 971 1550 1026 similis
1581 981 1663 1025 est
1708 984 1828 1024 \er-

230 1071 319 1123 tici
342 1070 570 1130 montis,
600 1066 710 1122 leni
730 1083 859 1120 aura
889 1065 1083 1119 frueuti
1114 1064 1366 1133 purisque
1392 1061 1581 1126 radiis,
1610 1059 1826 1127 limpida

228 1160 460 1216 fontium
501 1161 703 1213 fluenta
728 1155 993 1214 emittenti
1026 1175 1039 1210 :
1073 1155 1158 1209 ubi
1190 1154 1370 1209 multa:
1393 1152 1586 1206 florum
1614 1151 1824 1220 gratiae,

232 1253 453 1322 perinde
480 1261 647 1321 atque
672 1251 727 1304 in
760 1249 942 1304 vernis
969 1247 1133 1317 pratis
1154 1255 1209 1301 et
1237 1245 1435 1310 hortis,
1464 1259 1584 1313 qua:
1607 1242 1829 1312 plantis,

232 1343 459 1398 floribus
474 1352 532 1397 et
554 1341 918 1396 deﬂuentibus
946 1340 1099 1408 aquis
1143 1345 1401 1391 ornantur
1430 1352 1444 1388 :
1478 1335 1520 1390 si
1551 1335 1671 1404 quis
1701 1349 1829 1389 vero

234 1449 401 1489 sonus
429 1433 706 1498 audiatur,
760 1433 939 1487 suavis
964 1439 1047 1484 est
1071 1439 1125 1483 et
1158 1429 1379 1483 multam
1410 1426 1583 1481 fundit
1606 1426 1830 1482 audien-

234 1526 380 1580 tibus
400 1525 753 1595 voluptatem.
786 1522 921 1578 Nam
972 1522 1054 1578 vel
1082 1535 1209 1577 aves
1237 1529 1362 1575 sunt
1400 1520 1625 1576 summis
1667 1519 1828 1573 arbo-

235 1635 359 1674 rum
391 1620 447 1672 in
474 1618 641 1672 rantis
667 1617 1042 1682 cantillautes;
1092 1615 1173 1670 vel
1202 1614 1430 1677 cicadze,
1463 1615 1726 1677 lusciniae,
1750 1612 1832 1666 hi—

236 1709 533 1775 rundines,
597 1707 924 1763 concordem
970 1716 1026 1761 et
1071 1722 1229 1761 unam
1267 1705 1551 1775 quamdam
1591 1703 1832 1759 efficiunt

240 1801 535 1865 musicum;
562 1799 650 1854 vel
667 1798 936 1870 zephyrus
957 1797 1148 1853 blande
1168 1811 1350 1852 ramos
1369 1797 1617 1852 arborum
1639 1795 1839 1863 allidit,

238 1892 484 1962 pinorum
511 1890 769 1945 stridulos
797 1904 960 1945 sonos
987 1899 1041 1945 et
1066 1905 1263 1964 cycnos
1305 1889 1619 1958 plerumque
1658 1888 1834 1941 imita-

239 1992 358 2045 tur;
389 1983 473 2037 vel
502 1994 715 2052 pratum
748 1996 900 2036 rosas
941 1982 1193 2036 emittens
1222 1989 1276 2035 et
1304 1981 1411 2035 lilia
1432 2022 1446 2045 ,
1479 1997 1599 2049 qua:
1624 1995 1683 2036 se
1713 1996 1832 2035 mu-

241 2085 330 2129 tuo
354 2074 639 2139 collidunt,
670 2074 822 2143 quasi
852 2075 1073 2143 pelagus
1109 2074 1235 2129 item
1268 2073 1474 2127 lenibus
1504 2072 1658 2126 undis
1680 2088 1832 2127 com-

239 2178 462 2221 motum.
494 2167 610 2221 lmo
638 2167 836 2222 multas
861 2169 980 2236 quis
1024 2168 1594 2237 invenerititnagines.
1626 2168 1758 2221 Nam
1787 2172 1831 2222 si

240 2261 357 2329 quis
400 2276 555 2316 rosas
605 2261 879 2330 inspiciat,
932 2259 1120 2315 iridem
1161 2275 1221 2315 se
1269 2261 1454 2316 videre
1497 2262 1730 2330 putabit;
1786 2261 1833 2314 si

239 2354 426 2416 violas,
459 2367 608 2406 mare
636 2352 935 2417 undosum;
981 2353 1027 2406 si
1078 2352 1208 2417 lilia,
1235 2352 1447 2407 caelum.
1480 2352 1661 2420 Neque
1706 2367 1831 2421 spe-

241 2444 448 2498 ctaculo
471 2453 528 2498 et
552 2444 668 2499 visu
694 2454 899 2498 tantum
925 2444 1242 2509 delectatur,
1270 2444 1364 2498 sed
1385 2445 1543 2499 etiam
1566 2459 1791 2513 corpore
1814 2462 1829 2499 :

241 2535 343 2589 ille.
372 2551 603 2604 namque
633 2547 909 2590 recreatur
937 2545 992 2591 et
1032 2537 1260 2605 respirat
1294 2554 1308 2589 :
1342 2537 1412 2590 ita
1439 2545 1497 2590 ut
1523 2552 1582 2591 se
1617 2538 1668 2590 in
1698 2537 1834 2593 ett-lo

244 2627 420 2694 potius
440 2641 559 2681 esse
586 2635 759 2696 putet,
783 2643 944 2697 quam
972 2626 1026 2683 in
1055 2636 1219 2682 terra.

310 2720 385 2775 4.-
414 2719 512 2774 Est
554 2728 611 2776 et
649 2721 789 2775 alius
836 2734 1040 2783 sonus,
1090 2734 1212 2774 eum
1258 2734 1395 2789 aqua
1443 2734 1507 2774 ex
1557 2721 1834 2775 cacumine

242 2811 485 2867 detinens
528 2828 621 2880 per
664 2814 961 2882 pnecipitia
1001 2822 1191 2882 sponte
1240 2811 1441 2876 fertur,
1489 2821 1546 2867 et
1579 2812 1834 2882 subjectis

244 2904 482 2959 silicibus
526 2904 719 2961 leniter
766 2905 1067 2975 obstrepit,
1122 2906 1307 2975 sicque
1358 2906 1598 2960 membra
1653 2916 1832 2961 uestra

245 2996 519 3064 voluptate
546 2998 783 3064 relaxat,
816 2997 888 3051 ita
919 3007 975 3051 ut
1002 3012 1248 3051 somnum
1274 2997 1513 3052 membra
1538 2998 1831 3053 solventem

244 3090 517 3144 conciliet.
541 3089 904 3145 Narrationem
925 3091 1153 3145 libenter
1171 3090 1428 3156 audistis;
1450 3090 1677 3162 hincque
1697 3091 1835 3148 forte

246 3181 486 3249 injectus
519 3181 665 3236 vobis
692 3190 771 3236 est
798 3182 1103 3237 solitudinis
1144 3197 1316 3237 amor.
1364 3182 1472 3237 Sed
1512 3183 1612 3237 hac
1646 3184 1834 3238 solitu-

251 3271 374 3326 dine
403 3273 573 3326 multo
603 3275 812 3329 suavior
838 3283 925 3329 est
954 3277 1202 3344 patientis
1229 3275 1429 3330 anima.
1460 3276 1573 3331 Non
1605 3278 1747 3331 enim
1779 3286 1843 3332 ut

254 3373 456 3431 pratum
506 3363 978 3430 describerentus,
1026 3380 1200 3435 neque
1246 3377 1303 3420 ιιι
1330 3366 1396 3421 ad
1426 3370 1837 3425 ostentationem

253 3455 411 3510 verba
450 3456 795 3512 funderemus
816 3497 831 3518 ,
866 3456 1004 3512 hanc
1032 3460 1267 3528 aggressi
1300 3475 1482 3514 sumus
1513 3463 1794 3531 imaginem
1819 3479 1845 3529 ;.

254 3548 345 3603 sed
376 3559 434 3604 ut
463 3566 559 3619 per
586 3551 725 3611 hanc
768 3550 1186 3621 descriptionem
1228 3553 1508 3617 videntes,
1550 3565 1742 3623 quanta
1770 3557 1853 3610 sit'

259 3644 561 3713 patientium
586 3645 856 3715 voluptas,
880 3645 1098 3716 etquod
1128 3647 1294 3700 multo
1314 3650 1529 3703 suavius
1554 3649 1841 3718 utiliusque

258 3735 325 3788 sit
359 3750 478 3789 eum
514 3736 626 3790 viro
664 3737 904 3805 patiente
932 3746 985 3790 et
1015 3748 1294 3793 mansueto
1321 3741 1558 3805 versari,
1602 3756 1758 3809 quam
1785 3742 1839 3795 in

262 3827 555 3896 hujnsmodi
592 3829 727 3883 locis
755 3828 974 3898 degere,
1005 3830 1101 3886 hos
1127 3834 1504 3901 sequeremini.
1540 3833 1669 3888 Cum
1695 3837 1837 3890 enim

262 3926 425 3989 neque
451 3930 646 3977 ventus
669 3922 963 3977 vehemens
993 3939 1022 3977 a
1051 3924 1141 3977 tali
1178 3924 1353 3979 anima
1390 3926 1712 3995 egrediatur,
1745 3928 1840 3983 sed

262 4011 467 4082 benigni
513 4014 892 4083 mansuetique
938 4029 1213 4070 sermones
1252 4016 1486 4088 zephyro
1532 4018 1738 4087 placido
1767 4020 1841 4073 si-

264 4104 431 4165 miles.
455 4113 513 4159 et
539 4105 934 4160 admonitiones
964 4106 1093 4160 nihil
1119 4122 1367 4178 asperum
1412 4108 1670 4164 habentes
1689 4152 1704 4176 ,
1750 4110 1842 4165 sed

261 4210 384 4250 aves
423 4196 541 4250 illas
579 4197 902 4252 cantatrices
951 4198 1220 4253 innitentes
1246 4218 1258 4253 :
1282 4200 1551 4270 quomodo
1596 4200 1698 4257 hoc
1739 4218 1844 4256 non

263 4287 454 4343 melius
496 4287 700 4343 fuerit?
742 4288 859 4343 Non
899 4292 1040 4344 enim
1080 4294 1295 4361 corpori
1340 4292 1537 4347 accidit
1579 4296 1849 4349 sermonis

264 4392 412 4444 aura,
441 4378 538 4433 sed
563 4380 771 4434 animas
801 4381 991 4436 reficit.
1024 4380 1141 4435 Non
1174 4391 1282 4435 tam
1312 4384 1418 4438 cito
1449 4385 1685 4439 medicus
1715 4401 1847 4454 qua-

264 4467 393 4522 libet
420 4469 653 4524 adhibita
682 4485 811 4527 cura
842 4487 872 4525 a
904 4471 1038 4526 febri
1069 4471 1404 4537 liberaverit,
1448 4484 1500 4528 ut
1534 4476 1612 4528 vir
1642 4478 1848 4544 patiens

267 4560 578 4616 iracundum
602 4571 657 4618 et
684 4563 1169 4620 excandescentem
1193 4565 1381 4633 spiritu
1408 4568 1689 4623 verborum
1718 4582 1846 4621 suo-

265 4669 378 4709 rum
405 4657 759 4729 refrigerahit.
788 4656 997 4730 Ecquid
1036 4659 1104 4714 de
1141 4660 1348 4714 medico
1383 4661 1611 4732 loquor?
1638 4662 1716 4717 Ne
1743 4662 1849 4716 fer-

266 4763 382 4801 rum
414 4749 626 4818 quidem
667 4750 892 4822 ignitum
934 4752 986 4805 in
1019 4766 1208 4821 aquam
1244 4752 1536 4807 immissum
1559 4795 1573 4820 ,
1606 4763 1711 4807 tam
1740 4755 1847 4807 cito

264 4844 493 4896 calorem
513 4843 730 4904 amittit.
755 4853 816 4898 ut
842 4845 1128 4900 iracundus
1146 4845 1197 4899 in
1221 4857 1554 4900 mansuetum
1583 4844 1843 4901 incidens.

267 4933 411 4989 Sicut
453 4945 633 4993 autem
682 4937 731 4992 si
776 4937 831 4992 in
877 4938 1048 4993 forum
1098 4939 1465 5010 ingrediantur
1511 4939 1848 4995 eantillantes

267 5037 405 5096 aves,
427 5043 579 5102 nugs:
597 5043 725 5086 esse
744 5028 1023 5086 videntur:
1042 5032 1118 5087 sic
1138 5048 1353 5103 quoque
1373 5043 1637 5104 prtecepta
1667 5041 1847 5088 nostra

325 5193 390 5254 (η)
418 5196 570 5259 Totus
588 5198 675 5257 qui
701 5197 935 5256 sequitur
961 5195 1096 5259 locus
1120 5195 1292 5246 ordine
1332 5200 1478 5259 paulo
1502 5197 1719 5252 diverso.
1748 5203 1839 5251 sed

328 5269 384 5303 ne
412 5258 586 5305 iisdem
611 5267 855 5305 constans
882 5258 1046 5304 verbis
1072 5259 1277 5306 effertur
1300 5257 1346 5306 iu
1378 5257 1533 5307 tribus
1558 5259 1834 5310 codicibus.

294 5316 337 5383 lii
358 5324 515 5383 autem
545 5316 684 5383 libri,
709 5320 763 5364 in
784 5331 972 5364 summa
996 5318 1128 5365 inter
1147 5332 1200 5367 se
1223 5318 1582 5383 conspirantes,
1607 5335 1631 5369 a
1657 5327 1838 5383 quarto

270 5375 439 5450 sumet
461 5381 555 5450 hoc
576 5380 801 5450 optimas.
816 5386 962 5450 notae,
991 5391 1123 5450 saepe
1149 5375 1449 5450 magnopere
1481 5375 1725 5450 differunt
1748 5392 1839 5432 aut

271 5439 439 5505 verbis,
464 5448 553 5489 aut
576 5439 832 5505 orationis
859 5445 1136 5505 structura,
1163 5439 1248 5491 aut
1273 5439 1429 5491 etiam
1466 5444 1834 5493 sententiarum

268 5498 437 5562 Ordine,
462 5510 515 5552 ct
539 5503 697 5553 modo
722 5498 977 5549 narrandi.

1940 419 1991 475 in
2022 420 2229 478 animas
2257 421 2538 477 iracundas
2570 420 2825 475 immissa.
2856 420 2996 492 Ergo
3023 426 3235 481 suavior
3255 428 3339 476 est
3359 439 3513 480 man-

1938 511 2165 566 suetudo
2193 512 2267 565 ira
2295 521 2350 567 et
2378 513 2695 567 temeritate.
2720 512 2903 581 Neque
2927 514 3027 569 hoc
3056 523 3282 585 tantum,
3304 520 3398 575 sed
3420 521 3524 577 hoc

1937 598 2182 656 diabolus
2205 644 2219 665 ,
2268 603 2396 657 illud
2427 607 2565 659 Deus
2596 605 2865 673 pra-cepit.
2897 604 3086 664 Videte
3110 649 3126 674 ,
3159 626 3245 669 me
3272 625 3380 667 non
3407 616 3525 669 sine

1938 706 2098 746 causa
2125 693 2325 748 dixisse
2345 735 2359 757 ,
2399 696 2609 750 etiamsi
2651 711 2750 750 nec
2775 696 3020 752 diabolus
3049 715 3145 754 nec
3175 701 3313 757 Deus
3339 713 3483 759 esset
3507 746 3523 774 ,

1940 781 2053 838 ha~c
2084 795 2258 839 tamen
2291 798 2552 857 pra‘eepta
2581 789 2710 843 satis
2736 788 2849 843 fore
2869 791 2934 843 ad
2968 806 3064 846 nos
3091 793 3452 853 abducendus.

2008 873 2036 928 1
2044 877 2271 929 racundo
2300 878 2428 932 nihil
2452 880 2720 950 ingratius.
2742 912 2813 921 —
2832 881 2970 937 Mitis
2994 884 3135 938 enim
3164 884 3325 942 homo
3346 899 3397 943 et
3423 891 3524 945 sibi

1938 968 2116 1023 suavis
2146 977 2196 1023 et
2226 971 2346 1024 aliis
2370 973 2515 1025 utilis
2540 983 2655 1037 est;
2684 974 2968 1030 iracundus
2990 992 3118 1031 vero
3142 988 3197 1033 et
3220 980 3318 1035 sibi
3349 982 3528 1038 insua-

1938 1057 2040 1120 vis,
2071 1071 2125 1113 et
2150 1061 2268 1114 aliis
2294 1063 2508 1118 noxius.
2543 1063 2680 1118 Nihil
2710 1068 2853 1120 enim
2884 1067 3140 1137 ingratius
3171 1070 3387 1127 homine
3417 1075 3526 1129 ira-

1939 1150 2135 1217 cundo,
2170 1152 2303 1207 nihil
2330 1156 2634 1221 onerosius,
2664 1158 2961 1226 molestius,
2992 1163 3226 1232 turpius;
3256 1173 3313 1218 ut
3341 1179 3408 1220 eo
3436 1169 3526 1236 qui

1942 1241 2099 1297 irasci
2147 1244 2356 1311 nescit,
2412 1248 2541 1301 nihil
2584 1249 2891 1318 jucundius.
2937 1253 3071 1309 Cum
3124 1256 3234 1310 fera
3286 1258 3530 1315 habitare

1940 1337 2130 1390 melius
2172 1347 2286 1403 est,
2331 1356 2490 1409 quam
2519 1357 2640 1396 cum
2674 1346 2762 1399 tali
2794 1345 3029 1404 homine.
3080 1349 3215 1405 Fera
3258 1367 3526 1423 namque,

1940 1430 2154 1501 quando
2184 1434 2348 1488 semel
2390 1434 2688 1504 cicuratur,
2736 1452 2885 1494 suam
2933 1451 3111 1496 servat
3139 1445 3342 1514 legem;
3379 1449 3523 1501 illum

1940 1531 2119 1578 autem
2144 1525 2356 1592 quoties
2381 1527 2695 1595 placaveris,
2723 1531 2878 1585 toties
2900 1532 3089 1587 iterum
3112 1535 3393 1606 efforatur;
3428 1541 3525 1595 sibi

1941 1618 2084 1673 enim
2110 1619 2346 1673 habitum
2375 1621 2534 1676 talem
2559 1624 2724 1677 semel
2755 1627 3047 1682 constituit.
3072 1628 3217 1684 Sicut
3243 1632 3386 1687 enim
3412 1634 3530 1689 dies

1940 1724 2163 1765 serenus
2184 1719 2240 1765 et
2266 1711 2440 1775 laetus,
2475 1723 2527 1768 et
2552 1713 2723 1769 hiems
2743 1715 3027 1772 admodum
3052 1719 3237 1787 tristis,
3263 1720 3533 1791 contraria

1942 1809 2065 1854 sunt
2093 1817 2105 1854 :
2138 1800 2208 1854 ita
2236 1801 2473 1856 iracundi
2499 1812 2553 1856 et
2574 1806 2838 1860 mansueti
2861 1808 3072 1863 animat.
3096 1811 3161 1865 At
3186 1813 3419 1869 nondttnt
3441 1830 3526 1881 ea,

1942 1906 2061 1960 que
2093 1893 2144 1946 in
2178 1891 2311 1946 alios
2343 1904 2562 1948 manant
2602 1896 2937 1953 incommoda
2957 1941 2972 1964 ,
3002 1901 3095 1955 sed
3127 1918 3243 1971 quze
3271 1905 3369 1960 sibi
3402 1907 3529 1974 ipsis

1944 1981 2178 2037 inferunt
2220 1984 2513 2039 videamus.
2550 1988 2708 2056 Atqui
2763 1988 2864 2044 hoc
2897 2005 3002 2045 non
3032 2008 3251 2062 parvum
3302 2005 3387 2051 est
3431 1999 3530 2052 da-

1944 2092 2146 2137 mnum,
2164 2076 2323 2130 alium
2343 2076 2540 2137 damno
2558 2078 2772 2135 afficere
2793 2100 2806 2134 :
2829 2099 3012 2138 verum
3036 2086 3246 2141 interim
3268 2088 3390 2143 illud
3404 2105 3533 2145 con.-

1942 2167 2262 2221 sideremus.
2282 2168 2411 2235 Quis
2432 2171 2668 2225 carnifex
2692 2173 2770 2227 sic
2793 2173 2956 2228 latera
2979 2175 3276 2232 dilacerare
3300 2183 3530 2248 poterit?

1943 2274 2061 2325 qum
2092 2274 2251 2313 verna
2300 2260 2459 2330 ignita
2490 2263 2569 2318 sic
2594 2279 2789 2334 corpus
2832 2269 3179 2337 transfigere?
3222 2274 3341 2341 quis
3386 2275 3535 2330 furor

1945 2348 2016 2401 ita
2041 2365 2071 2402 a
2102 2364 2229 2403 sana
2258 2362 2438 2407 mente
2462 2355 2686 2418 excutit,
2715 2365 2769 2410 ut
2799 2357 2874 2411 ira
2901 2368 2956 2413 et
2976 2358 3162 2415 furor?
3187 2363 3381 2418 Multos
3409 2366 3530 2420 novi

1943 2440 2032 2508 qui
2063 2442 2130 2495 ab
2157 2442 2426 2498 iracundia
2461 2445 2511 2498 in
2545 2447 2762 2501 morbos
2790 2449 3127 2506 inciderunt:
3153 2452 3236 2507 hie
3261 2465 3377 2508 sunt
3403 2471 3532 2525 gra-

1944 2535 2176 2588 vissima:
2207 2537 2447 2592 omnium
2476 2538 2670 2594 febres.
2705 2540 2857 2607 Quod
2898 2544 2942 2597 si
2980 2558 3175 2614 corpus
3215 2547 3285 2601 ita
3308 2548 3533 2603 rlabefa-

1942 2633 2110 2688 stent,
2133 2626 2363 2681 animam
2387 2630 2583 2699 cogita.
2602 2630 2679 2686 Ne
2697 2634 3054 2701 ratiociueris,
3077 2638 3197 2708 quia
3220 2654 3326 2692 non
3349 2640 3531 2707 vides;

1944 2719 2037 2773 sed
2065 2720 2259 2789 cogita,
2291 2722 2432 2791 quod
2465 2724 2508 2776 si
2539 2724 2585 2777 is
2611 2725 2701 2793 qui
2730 2727 2990 2781 malitiam
3017 2732 3251 2799 concipit
3278 2733 3347 2786 ita
3381 2733 3533 2788 [tedi-

1946 2820 2052 2869 tur.
2098 2812 2148 2865 id
2192 2813 2333 2881 quod
2378 2815 2471 2868 ille
2511 2816 2682 2885 pariet
2723 2828 2980 2887 quantum
3024 2820 3276 2876 damnum
3313 2823 3535 2880 afferet?

1944 2904 2092 2959 Multi
2125 2906 2311 2959 oculos
2335 2908 2683 2977 perdiderunt
2703 2951 2719 2973 ,
2756 2911 2909 2965 multi
2940 2913 2989 2965 in
3019 2915 3370 2983 gravissimos
3400 2918 3535 2973 inci-

1946 2995 2076 3051 dere
2105 2998 2339 3051 morbos.
2370 2998 2470 3065 Qui
2500 3014 2631 3054 vero
2653 3001 2861 3057 fortiter
2889 3004 3113 3067 tolerat,
3162 3008 3337 3062 omnia
3382 3010 3539 3066 facile

1945 3084 2097 3141 feret.
2128 3088 2375 3142 Attamen
2405 3089 2529 3143 licet
2554 3098 2660 3144 tam
2687 3107 2913 3148 onerosa
2942 3095 3236 3165 prati-ipim,
3263 3107 3316 3151 et
3344 3098 3528 3155 horum

1945 3179 2249 3233 mercedem
2291 3182 2591 3246 gehennam
2636 3195 2933 3253 proponat,
2983 3188 3105 3241 licet
3157 3189 3245 3243 ille
3289 3189 3537 3246 diabolus

1946 3270 2035 3330 sit.
2063 3280 2119 3324 et
2148 3271 2338 3325 salutis
2367 3282 2566 3327 nostra:
2596 3275 2863 3339 inimicus,
2894 3283 3063 3347 magis
3092 3280 3164 3333 illi
3193 3281 3536 3348 obtempera-

1949 3378 2067 3417 mus
2091 3404 2106 3429 ,
2139 3379 2297 3433 quam
2328 3366 2547 3420 Christo
2575 3367 2844 3422 Servatori
2871 3412 2901 3429 ,.
2921 3370 3240 3424 hencfactori
3269 3414 3282 3435 ,
3321 3383 3373 3427 et
3414 3375 3536 3428 talia

1947 3454 2165 3519 dicenti,
2197 3472 2317 3525 quae
2341 3466 2395 3513 et
2423 3459 2690 3524 suaviora,
2718 3468 2771 3513 et
2797 3461 3006 3514 utiliora
3030 3473 3176 3528 sunt,
3204 3464 3462 3533 uobisque
3483 3476 3539 3520 et

1948 3547 2426 3603 contubernalibus
2476 3566 2665 3620 magna
2720 3550 2855 3605 bona
2909 3553 3208 3609 conferant.
3265 3555 3404 3609 Nihil
3461 3558 3538 3611 ira

1948 3637 2122 3707 pejus,
2142 3639 2354 3699 dileCIe.
2375 3649 2430 3695 et
2450 3641 2824 3710 intempestivo
2844 3643 3020 3698 furore
3040 3662 3053 3698 :
3075 3661 3179 3699 non
3205 3646 3303 3701 fert
3327 3648 3536 3716 longam

1950 3745 2186 3796 moram;
2216 3741 2405 3787 acutus
2434 3741 2516 3787 est
2549 3735 2788 3789 morbus.
2809 3734 2963 3804 Szepe
2984 3739 3105 3806 quis
3131 3739 3347 3792 verbum
3374 3756 3435 3793 ex
3463 3742 3537 3794 ira

1955 3823 2178 3889 profert,
2206 3822 2347 3891 quod
2377 3834 2432 3877 ut
2460 3834 2690 3892 reparet,
2721 3835 2827 3880 tela
2856 3828 2961 3881 vita
2985 3843 3118 3897 opus
3142 3828 3334 3891 habet;
3363 3842 3417 3885 et
3440 3831 3541 3884 ali-

1954 3914 2080 3984 quid
2108 3927 2384 3983 operatur,
2406 3917 2546 3985 quod
2571 3926 2732 3971 totam
2755 3918 2870 3989 ejus
2889 3921 3049 3975 vitam
3072 3922 3363 3978 subvertat.
3388 3925 3539 3991 Quod

1955 4015 2131 4060 autem
2162 4008 2534 4075 gravissimum
2562 4021 2641 4063 est
2663 4051 2679 4076 ,
2732 4011 2878 4064 brevi
2913 4020 3174 4081 winpore,
3210 4030 3317 4069 uno
3345 4032 3537 4082 opere.

1955 4114 2060 4149 uno
2088 4100 2251 4153 verbo
2275 4113 2417 4170 saepe
2442 4102 2659 4155 aeternis
2686 4102 2959 4169 privamur
2989 4105 3162 4171 bouis,
3198 4106 3535 4163 innumeros-

1954 4205 2058 4256 que
2088 4191 2239 4244 nohis
2270 4193 2504 4261 paritnus
2533 4194 2763 4249 labores.
2794 4197 3334 4268 Qu:unohrem,rngo,
3364 4202 3543 4256 utnnia

1956 4280 2231 4347 faciamus,
2263 4294 2321 4336 ut
2353 4285 2492 4339 hanc
2518 4284 2685 4339 feram
2718 4286 3011 4341 frenemus.
3037 4289 3302 4343 Caeterum
3331 4290 3447 4344 ha-c
3477 4293 3543 4345 de

1956 4375 2363 4430 mansuetudine
2389 4388 2441 4432 et
2469 4377 2546 4431 ira
2577 4378 2714 4430 dicta
2748 4380 2873 4432 sint.
2907 4379 2961 4434 Si
2993 4380 3111 4450 quis
3141 4398 3269 4436 vero
3296 4383 3396 4436 alia
3423 4400 3538 4438 ser-

1958 4478 2115 4518 mone
2143 4473 2353 4530 tractet,
2379 4475 2436 4520 ιιι
2465 4467 2738 4522 avaritiam
2762 4476 2815 4522 et
2836 4468 3142 4538 despectum
3170 4474 3539 4541 pecuniarum,

1959 4556 2229 4611 lasciviam
2260 4569 2313 4613 et
2337 4560 2657 4626 castitatem,
2688 4559 2941 4615 invidiam
2971 4571 3025 4616 et
3056 4565 3540 4631 mansuetudinem,

1959 4647 2156 4717 illaque
2180 4661 2363 4704 mutuo
2388 4652 2647 4717 conferat,
2681 4652 2784 4707 alia
2813 4668 3030 4722 quoque
3057 4654 3363 4710 discrimina
3390 4659 3541 4711 sciet.

1962 4738 2179 4793 Vidistis
2205 4781 2217 4801 ,
2267 4741 2534 4809 quomodo
2565 4758 2627 4795 ex
2662 4746 2946 4812 praeceptis
2973 4754 3174 4801 tantum
3223 4758 3293 4802 et.
3319 4750 3457 4803 Dens
3491 4762 3545 4803 et

1956 4829 2202 4885 diabolus
2249 4832 2715 4887 internoscantur?
2760 4835 3204 4905 Obtemperemus
3240 4854 3367 4908 ergo
3398 4840 3542 4898 Deo,

1959 4938 2135 4993 neque
2162 4940 2259 4977 nos
2288 4928 2338 4976 in
2368 4924 2616 4979 harathra
2648 4926 3026 4995 conjiciamus:
3058 4929 3153 4981 sed
3178 4928 3300 4983 dum
3334 4938 3547 4995 tempus

1960 5025 2059 5079 est,
2090 5017 2368 5070 abluamus
2395 5018 2572 5070 onuiia
2597 5034 2717 5086 qua:
2743 5020 2973 5072 animam
3004 5018 3227 5083 fredant,
3261 5029 3319 5073 ut
3344 5030 3427 5073 arti
3448 5036 3544 5075 rna

1959 5122 2349 5177 consequamur
2374 5109 2508 5163 bona
2532 5149 2544 5169 ,
2576 5112 2744 5179 gratia
2774 5121 2828 5164 et
2848 5104 3178 5179 benignitate
3208 5112 3415 5165 Domini
3450 5129 3551 5166 no-

1960 5200 2055 5254 stri
2083 5200 2207 5255 .lesu
2238 5201 2450 5266 Christi,
2479 5204 2691 5271 quicum
2716 5202 2860 5257 Patri
2884 5219 3092 5273 unaque
3115 5204 3335 5273 Spiritui
3359 5215 3544 5259 sancto

1959 5291 2147 5361 gloria,
2170 5292 2469 5360 imperium,
2496 5294 2686 5361 honor,
2714 5308 2857 5350 nunc
2879 5303 2935 5350 et
2952 5308 3185 5363 semper,
3207 5303 3261 5349 et
3278 5295 3330 5349 in
3351 5296 3557 5351 secula

1960 5382 2298 5438 sa'culorum.
2342 5385 2528 5439 Amen.
