4010 6158
455 321 525 375 (ἰῦ
1114 312 1169 366 S.
1213 311 1491 368 JOANNIS
1529 307 1994 365 Cilll‘iSOS'I‘Oill
2040 310 2353 362 AlllllllEl'.
2400 311 2929 367 CONSTAN'I'INOP.
3657 324 3721 379 64

2181 464 2495 478 —_
2509 467 3229 479 ..ηας-.-.αι

1845 542 2188 619 uentus
2252 544 2389 615 v11.

436 690 567 755 CAP.
597 690 649 744 2.
680 706 727 741 ν.
753 691 837 743 57.
873 689 964 742 liis
987 700 1153 742 autem
1185 692 1389 751 auditis,
1409 690 1697 759 compuncti
1718 699 1833 742 sunt
1857 688 2026 751 corde,

507 794 554 835 et
582 782 814 835 dixerunt
838 782 905 833 ad
932 780 1137 835 Petrum
1165 793 1212 835 et
1237 782 1304 835 ad
1329 779 1548 850 reliquos
1568 780 1824 849 apostolos
1852 796 1869 831 :
1895 780 2032 844 Quid

513 872 776 941 faciemus,
803 871 896 923 viri
920 874 1147 942 fratres?

440 954 443 955 ν
511 966 562 1016 1.
617 960 955 1015 Mansuetudo
981 972 1225 1032 quantum
1255 963 1455 1015 bonum.
1476 961 1747 1016 —\’iden‘
1774 970 2028 1030 quantum

432 1056 504 1109 sit
528 1053 882 1108 mansuetudo
911 1054 1144 1108 bonum?
1179 1054 1301 1109 lla‘c
1333 1055 1520 1124 magis,
1550 1070 1707 1122 qnam
1742 1055 2026 1107 vehemen—

438 1149 510 1200 tia
546 1144 799 1216 quaelibet
820 1186 833 1210 ,
861 1145 1023 1199 corda
1073 1157 1251 1199 nostra
1296 1147 1625 1215 compungil,
1658 1156 1710 1200 et
1740 1146 2029 1198 acutiorem

438 1236 627 1306 infligit
651 1237 879 1305 plagam.
903 1237 1048 1292 Sicut
1080 1238 1221 1291 enim
1256 1239 1341 1305 qui
1368 1237 1627 1291 obdurata
1657 1253 1879 1306 corpora
1911 1253 2031 1306 per-

437 1327 589 1391 cutit,
625 1343 729 1381 non
758 1336 863 1381 tam
896 1328 1069 1381 valide
1099 1342 1314 1381 sensum
1346 1327 1542 1391 allicit;
1573 1328 1667 1382 scd
1696 1330 1737 1381 si
1771 1328 1856 1381 illa
1886 1328 2031 1396 prius

437 1421 695 1488 emolliat,
733 1431 857 1476 tunc
886 1422 1061 1476 acrius
1104 1421 1285 1489 pungit
1314 1438 1324 1471 :
1358 1424 1425 1473 ita
1454 1431 1508 1474 et
1537 1421 1623 1475 hic
1648 1421 1794 1489 prius
1820 1428 2033 1489 oportet

438 1515 703 1580 emollire,
735 1524 788 1569 et
819 1524 941 1568 tunc
987 1528 1242 1582 pungere.
1296 1513 1513 1566 Etnollit
1541 1525 1718 1568 autem
1743 1555 1756 1572 .
1790 1529 1894 1566 non
1928 1514 2026 1574 ira,

442 1623 546 1659 non
578 1606 867 1661 vehemens
919 1606 1186 1663 accusatio
1211 1646 1225 1670 ,
1256 1621 1359 1657 non
1389 1604 1684 1658 convicium
1711 1620 1725 1661 ;
1758 1604 1850 1657 sed
1885 1620 2032 1657 man-

439 1698 667 1757 Suetudo
708 1716 721 1752 :
763 1699 912 1753 furor
961 1699 1103 1752 enim
1152 1708 1311 1767 auget
1362 1698 1607 1751 morbum
1633 1739 1647 1762 ,
1683 1698 2033 1751 mansuetudo

439 1792 699 1857 eliminat.
755 1789 936 1858 Itaque
973 1791 1016 1843 si
1064 1790 1197 1843 velis
1226 1790 1551 1858 quempiam,
1594 1789 1683 1857 qui
1732 1797 1782 1843 te
1813 1789 2029 1853 la-scrit,

440 1885 729 1954 corripere.
758 1884 905 1937 illum
930 1900 1048 1937 cum
1077 1882 1482 1936 mansuetudine
1509 1897 1694 1951 magna
1720 1881 2028 1949 aggredere.

448 1977 578 2031 Vide
619 1978 760 2030 cuitu
791 1975 888 2030 hoc
919 1976 1035 2029 loco
1078 1975 1203 2044 quid
1250 1974 1442 2027 faciat:
1470 1983 1744 2027 mansuete
1774 1973 1877 2025 iilis
1908 1973 2035 2026 faci-

442 2083 571 2125 nora
612 2083 707 2123 sua
751 2069 802 2121 in
842 2076 1076 2122 mentem
1132 2076 1369 2131 revocat,
1412 2076 1467 2120 et
1514 2066 1643 2119 nihil
1692 2065 1905 2133 adjicit;
1941 2064 2033 2118 Dei

440 2162 637 2215 donum
692 2169 945 2222 enarrat,
996 2158 1141 2211 addit
1193 2160 1418 2226 gratiam
1449 2158 1500 2210 in
1541 2172 1718 2210 rerum
1766 2168 2032 2225 chtarum

439 2253 802 2307 testimonium
824 2293 837 2316 ,
869 2261 921 2305 et
949 2251 1173 2305 ulterius
1203 2266 1505 2303 sermonem
1537 2248 1800 2317 producit.
1861 2247 2033 2301 Reve-

437 2349 527 2402 riti
557 2358 675 2401 sunt
702 2346 843 2401 Petri
869 2344 1352 2407 mansuetudinem,
1378 2343 1497 2411 quia
1526 2343 1606 2405 iis,
1632 2342 1721 2410 qui
1750 2341 2031 2394 Dominum

439 2456 594 2494 suum
626 2440 1019 2499 erucilixcrant,
1049 2446 1102 2489 et
1128 2447 1314 2491 contra
1347 2438 1489 2505 ipsos
1510 2436 1711 2504 caulem
1739 2434 2031 2503 spirabant,

441 2532 594 2600 quasi
642 2541 793 2600 pater
839 2542 889 2585 et
935 2533 1186 2598 tnagismr
1241 2530 1376 2583 bene
1416 2527 1639 2583 affectus
1700 2528 2033 2597 loquebatur.

441 2628 551 2683 Nec
597 2627 910 2696 simpliciter
939 2641 1140 2679 murem
1167 2635 1467 2692 gesserunt,
1511 2622 1602 2679 scd
1631 2622 1788 2675 etiam
1811 2637 1870 2676 se
1893 2623 2037 2689 ipsos

439 2724 763 2775 damnarunt
788 2737 802 2774 :
828 2719 878 2772 in
902 2734 1117 2772 scttsttut
1145 2725 1406 2769 Venerunt
1430 2731 1611 2768 eortttu
1634 2730 1752 2783 qua-
1774 2712 2032 2768 fecerant.

437 2812 554 2866 Non
604 2812 747 2865 enim
796 2810 1033 2879 permisit
1090 2809 1207 2862 illos
1258 2806 1436 2861 fin-ore
1484 2805 1704 2874 corripi,
1750 2815 1803 2859 et
1858 2812 2035 2858 mente

436 2904 780 2961 obtcnehrari
806 2920 819 2966 ;
855 2901 951 2955 Sed
998 2917 1092 2970 per
1122 2899 1495 2959 humilitatem,
1528 2898 1781 2965 dissipata
1806 2897 2034 2967 quadam

436 2995 817 3066 indignationis
845 2994 1058 3056 nebula,
1083 2993 1158 3044 sic
1188 2992 1392 3044 facinus
1425 2989 1550 3043 illud
1578 2991 1705 3057 ipsis
1737 3005 2033 3057 repratscn-

439 3092 591 3144 tavit.
632 3088 741 3142 Res
775 3088 917 3145 enim
947 3086 1024 3138 sic
1052 3084 1297 3136 nsuveuit
1331 3098 1344 3134 :
1374 3082 1585 3150 quando
1615 3081 1929 3150 quihusdam
1957 3083 2036 3135 di-

438 3183 610 3235 cimus
638 3194 734 3231 nos
763 3179 919 3231 luzsos
956 3176 1141 3238 fuisse,
1182 3175 1255 3229 illi
1298 3185 1559 3228 conantur
1585 3173 1953 3227 demonstrare
1977 3188 2036 3227 sc

441 3291 547 3328 nm
581 3272 819 3333 Lesisse;
852 3284 973 3322 cum
1002 3284 1127 3321 vero
1148 3267 1375 3321 dicimus
1400 3280 1498 3320 nos
1525 3281 1628 3318 non
1659 3266 1815 3319 lutsos
1846 3266 2031 3329 fuisse,

442 3364 538 3420 sed
564 3364 735 3434 potius
758 3362 980 3426 la'sisse,
1017 3361 1091 3414 illi
1122 3369 1304 3414 contra
1341 3360 1599 3413 nituntur.
1627 3358 1805 3428 Itaque
1833 3360 1873 3411 si
1905 3359 2035 3412 velis

438 3472 582 3520 eum,
622 3455 711 3525 qui
740 3454 934 3523 injuste
964 3453 1094 3520 egit,
1129 3453 1178 3506 in
1212 3466 1437 3521 agonem
1458 3450 1747 3520 conjicere,
1779 3468 1844 3503 ne
1871 3465 2033 3503 accn-

440 3564 527 3601 scs
556 3547 739 3610 illum;
766 3544 858 3599 sed
887 3560 983 3613 pro
1011 3545 1101 3598 illo
1127 3543 1371 3605 dL‘CCI‘ltt,
1405 3555 1457 3598 et
1487 3543 1572 3597 ille
1594 3558 1715 3595 sese
1742 3541 2031 3594 accusabit.

440 3640 846 3695 Coutentiosum
874 3639 1016 3692 enim
1048 3646 1129 3691 est
1154 3652 1321 3706 genus
1350 3637 1645 3689 hominum.
1699 3635 1810 3688 Hoc
1847 3634 2036 3689 Petrus

444 3731 570 3787 fecit
596 3748 609 3783 :
644 3748 748 3785 non
777 3730 895 3784 illos
917 3728 1260 3782 vehementer
1279 3726 1569 3790 accusavit,
1592 3723 1685 3778 sed
1711 3734 1935 3776 conatus
1956 3731 2038 3776 est

443 3833 702 3893 quauttuu
754 3830 963 3892 poterat
984 3819 1103 3873 illos
1131 3829 1410 3873 mansuete
1450 3816 1769 3877 defendere;
1813 3814 2037 3883 idquttc

444 3916 505 3970 ill
532 3930 660 3968 .rnm
690 3912 899 3967 animos
932 3910 1264 3978 perstrinxit.
1319 3909 1385 3962 Et
1431 3906 1694 3961 undcnam
1726 3906 1891 3973 liquet
1919 3905 2037 3957 illos

444 4016 793 4078 compunctus
838 4004 1039 4058 fuisse?
1090 4002 1169 4057 Ex
1212 4003 1446 4071 ipsorum
1489 4000 1683 4053 verbis.
1726 3997 1861 4065 Quid
1893 3998 2035 4051 enim

443 4101 665 4156 dicunt?
708 4098 843 4164 Quid
869 4098 1133 4166 faciemus,
1166 4095 1260 4147 viri
1286 4093 1511 4157 fratres?
1551 4092 1693 4159 Quos
1722 4091 2038 4159 deceptorcs

445 4196 725 4258 Vocabant,
759 4192 949 4246 fratres
999 4204 1139 4244 nunc
1178 4186 1484 4256 appellant;
1515 4200 1618 4238 non
1650 4182 1790 4253 quod
1823 4198 1882 4237 se
1910 4182 2037 4250 ipsis

444 4299 808 4361 cxzuqttarent,
838 4286 933 4342 sed
962 4283 1104 4356 quod
1134 4282 1254 4337 illos
1296 4280 1364 4335 ad
1391 4279 1472 4334 sui
1502 4293 1740 4333 amorem
1771 4286 1819 4330 et
1852 4292 2035 4329 cut-am

452 4383 846 4454 pertraherent.
899 4382 968 4433 At
997 4376 1252 4446 alioquin,
1286 4383 1563 4445 postquam
1599 4372 1718 4426 illos
1747 4370 1824 4425 sic
1850 4369 2032 4437 appel-

448 4477 558 4529 lare
590 4472 786 4543 dignati
820 4469 1049 4532 fuerant,
1084 4474 1138 4521 et
1162 4467 1429 4527 dixerant,
1459 4462 1596 4527 Quid
1622 4462 1863 4530 faciemus
1878 4460 1905 4510 2
1931 4473 2035 4511 non

446 4568 627 4625 statim
665 4564 913 4617 dixerunt
942 4578 956 4616 :
989 4561 1128 4626 Ergo
1159 4557 1527 4627 pmnitentiam
1576 4568 1833 4621 agamus;
1864 4550 1955 4605 sed
1981 4565 2039 4603 sc

450 4659 555 4712 illis
602 4655 980 4724 permiserunt.
1030 4645 1493 4715 Quemadmodum
1534 4644 1653 4712 quis
1684 4644 1737 4695 in
1765 4641 2039 4710 naufragio

453 4748 536 4800 \el
566 4748 615 4798 iu
641 4742 829 4795 morbo
852 4740 1260 4809 gubernatorem
1285 4734 1366 4787 vcl
1391 4732 1654 4787 medicum
1678 4731 2035 4800 conspiciens,

450 4836 628 4892 nuntia
662 4832 736 4887 illi
761 4829 1009 4886 concedit
1044 4828 1251 4897 ipsique
1277 4825 1630 4893 obtemperat,
1661 4824 1728 4876 ita
1753 4832 1806 4877 et
1833 4822 1883 4875 bi
1910 4836 2040 4875 eou-

452 4928 578 4983 fessi
604 4936 727 4980 sunt
749 4940 806 4978 se
829 4924 881 4978 in
908 4921 1164 4977 extremis
1195 4918 1395 4987 positos
1444 4917 1644 4970 nullam
1677 4916 1861 4969 salutis
1888 4929 2036 4984 Spem

455 5021 672 5073 habere.
723 5016 789 5069 Et
819 5013 1087 5084 perpende
1114 5030 1126 5065 :
1158 5028 1263 5065 nou
1292 5011 1559 5073 dixerunt,
1593 5008 1872 5076 Quomodo
1908 5009 2037 5063 salvi

452 5125 688 5174 eruit-.25;
733 5122 862 5171 seu,
900 5105 1034 5172 quid
1088 5097 1368 5174 faciemus?
1416 5101 1552 5168 Quid
1607 5101 1765 5171 igitur
1812 5101 2041 5155 Petrus?

451 5204 657 5262 Rursus
678 5201 765 5256 hic.
790 5216 911 5253 cum
942 5210 1131 5253 omnes
1159 5197 1614 5267 interrogarentur
1639 5235 1651 5255 .
1682 5196 1793 5264 ipse
1823 5211 2043 5264 reSpon-

459 5296 568 5359 ἀεὶ,
594 5294 683 5348 58.
720 5290 1075 5353 l’wnitentiaut
1094 5289 1245 5359 agite,
1275 5287 1459 5341 dicens
1479 5328 1493 5352 ,
1519 5298 1564 5339 et
1586 5288 1863 5356 baptizetar
1890 5304 2042 5342 tutus-

455 5389 661 5459 quisque
686 5397 898 5440 vestrum
930 5386 980 5437 in
1013 5384 1213 5436 nomine
1239 5381 1362 5435 Iesu
1392 5381 1596 5434 Christi.
1621 5380 1863 5435 Nondum
1890 5382 2039 5447 dicit,

454 5479 701 5543 Credite;
751 5479 875 5542 Sed,
907 5476 1204 5545 Baptizetur
1252 5473 1593 5542 unusquisque
1639 5482 1873 5527 rostrum.
1934 5475 2044 5527 Hoc.

456 5572 597 5624 enim
623 5571 673 5623 in
700 5570 1017 5638 baptismate
1040 5566 1393 5636 accipiebant.
1418 5563 1615 5619 Deinde
1639 5564 1840 5617 lucrum
1864 5575 2040 5616 osten-

456 5659 537 5712 dit
567 5676 581 5711 :
609 5656 675 5711 In
722 5659 1062 5711 remissionem
1096 5666 1414 5727 peccatorum
1440 5670 1458 5717 ;
1488 5665 1531 5707 et
1560 5654 1813 5722 accipietis
1857 5656 2043 5706 datm»;

465 5746 685 5822 iipiritas
707 5755 862 5819 sancti
915 5750 969 5807 Si
998 5752 1191 5807 douutn
1218 5751 1488 5821 accepturi
1518 5751 1669 5817 estis,
1695 5750 1739 5803 si
1770 5748 2042 5805 remissio-

2142 702 2264 741 nem
2292 688 2445 741 habet
2480 690 2761 758 baptisma,
2794 705 2891 743 cur
2918 690 3279 744 cunctamini?
3315 693 3515 744 Deinde
3540 691 3731 760 proba-.-

2139 780 2381 836 bilioretn
2416 783 2642 837 reddens
2700 800 3044 851 sermonem,
3088 786 3361 855 subjuuxit
3390 802 3405 840 :
3439 787 3529 841 59.
3581 785 3729 839 Vobis

2137 875 2269 927 enim
2298 886 2369 928 est
2394 877 2737 947 repromissio.
2790 878 2935 931 Ilanc
2964 888 3015 931 ct
3048 879 3152 938 hic.
3185 896 3343 948 quam
3376 880 3622 949 superius
3658 881 3731 930 di-

2138 976 2306 1019 xerat.
2338 967 2403 1019 Et
2430 969 2551 1035 ﬁliis
2574 971 2764 1032 nostris,
2798 971 2983 1038 inquit.
3012 969 3174 1039 Igitur
3196 972 3369 1037 majus
3396 982 3477 1024 est
3504 971 3725 1035 donum,

2137 1057 2352 1126 quando
2385 1059 2645 1113 ὺε-ιιωτυιιι
2677 1062 2835 1123 etiam
2866 1061 3106 1115 Ineredes
3138 1062 3354 1116 babettt.
3392 1062 3453 1115 Et
3476 1065 3722 1124 omnibus.

2139 1148 2325 1216 iuqttit,
2350 1150 2437 1216 qui
2462 1152 2609 1220 longe
2646 1162 2784 1205 sunt.
2838 1154 2891 1207 Si
2926 1153 2988 1206 iis
3019 1155 3109 1223 qui
3142 1154 3320 1223 longe,
3355 1154 3523 1207 multo
3564 1156 3727 1224 magis

2137 1239 2287 1292 vobis
2330 1242 2417 1309 qui
2470 1258 2653 1310 prope.
2717 1244 3067 1313 Quoscumque
3117 1246 3433 1299 advocaverit
3483 1246 3730 1302 Dominus

2138 1330 2276 1385 Deus
2309 1345 2495 1387 noster.
2550 1335 2679 1389 \‘ide
2723 1337 2936 1405 quando
2977 1337 3139 1404 dicat,
3171 1337 3245 1391 lis
3281 1341 3364 1407 qui
3405 1340 3551 1409 longe
3594 1352 3726 1392 sunt.

2136 1424 2359 1491 Quando
2409 1426 2539 1479 vidit
2582 1429 2696 1479 illos
2736 1428 2834 1481 sibi
2871 1430 3114 1497 prOprios
3140 1440 3195 1482 et
3220 1445 3338 1483 sese
3382 1431 3719 1485 dantnantes.

2136 1514 2325 1567 Anima
2357 1517 2496 1569 enim
2539 1518 2750 1586 quando
2780 1520 3009 1589 seipsam
3056 1520 3426 1585 damnaverit,
3461 1538 3567 1576 non
3596 1524 3725 1576 ultra

2137 1608 2333 1674 poterit
2380 1608 2638 1661 invidere.
2671 1610 2755 1663 40.
2804 1612 2931 1663 Aliis
2955 1612 3104 1664 etiam
3131 1614 3287 1665 verbis
3318 1613 3550 1682 plurimis
3588 1617 3727 1668 testi-

2138 1702 2320 1767 ﬁcatus
2348 1713 2441 1767 est,
2468 1713 2510 1753 et
2542 1703 2921 1767 exhortabatur,
2950 1704 3143 1756 dicens.
3204 1705 3331 1759 Vile
3364 1707 3506 1758 illum
3536 1707 3729 1774 ubique

2139 1793 2371 1847 breviter
2398 1796 2723 1863 loquentem,
2755 1812 2858 1849 non
2904 1798 3269 1859 ambitiosum,
3306 1815 3410 1852 non
3441 1808 3728 1853 «stentato-

2138 1899 2272 1937 rem.
2327 1883 2645 1951 Testi/icatus
2673 1899 2764 1951 est,
2799 1889 2988 1956 inquit,
3032 1900 3077 1941 et
3120 1889 3498 1948 exhortabatur.
3532 1891 3724 1945 dicetis.

2139 1974 2263 2029 Π.ιό
2296 1975 2523 2042 perfecta
2555 1976 2798 2031 doctrina
2846 1990 2947 2045 cst,
2979 1996 3096 2049 qua:
3128 1980 3253 2034 hinc
3299 1983 3563 2042 timorem.
3608 1984 3732 2038 inde

2138 2082 2375 2120 amorem
2410 2067 2587 2122 hbet.
2635 2069 2921 2123 Salvamini
2965 2089 2993 2123 a
3038 2073 3361 2141 generatione
3401 2075 3495 2125 ista
3546 2090 3728 2141 prora.

2138 2156 2275 2209 Nihil
2321 2158 2389 2210 de
2427 2156 2638 2224 futuris,
2688 2162 2779 2213 sed
2830 2162 2898 2216 de
2948 2164 3299 2231 pra-sentibus
3342 2164 3488 2227 dicit,
3539 2171 3732 2233 quith

2139 2252 2375 2305 uiavitne
2408 2263 2687 2305 moventur
2714 2254 2958 2308 homines
2990 2274 3001 2309 :
3030 2256 3373 2326 ostenditque
3400 2258 3732 2324 [‘I'u‘tlic:tti-:-

2140 2359 2260 2396 nem
2292 2353 2345 2395 et
2384 2363 2410 2396 a
2462 2347 2814 2413 praesentibus
2843 2358 2895 2401 et
2923 2366 2950 2399 a
2994 2350 3185 2403 futuris
3213 2366 3402 2403 eruere
3438 2353 3610 2404 titulis.
3652 2353 3728 2406 Η.

2142 2435 2243 2501 Qui
2270 2454 2387 2506 ergo
2419 2437 2624 2489 libenter
2664 2451 2961 2509 acceperunt
2998 2458 3279 2494 sermonem
3313 2444 3443 2513 ejus,
3494 2444 3733 2513 baptismi

2139 2538 2253 2578 sunt
2289 2539 2378 2580 :et
2407 2530 2656 2596 apposilw
2690 2542 2807 2583 sunt
2848 2531 2898 2585 in
2935 2532 3015 2585 die
3045 2533 3136 2587 illa
3166 2534 3351 2587 anima:
3398 2537 3597 2588 circiter
3634 2537 3735 2591 tria

2139 2621 2321 2673 millia.
2348 2626 2516 2686 Quam
2558 2636 2709 2689 putas
2753 2623 2871 2685 hoc.
2905 2624 3073 2694 magis
3096 2641 3253 2692 quam
3282 2628 3489 2695 signum
3519 2638 3736 2695 aposto-

2143 2711 2223 2765 los
2268 2714 2576 2767 recreasse"
2608 2715 2694 2768 42.
2748 2714 2907 2768 Erant
2937 2726 3107 2769 autem
3153 2729 3521 2786 persererantes
3546 2722 3731 2773 unani-

2140 2806 2285 2857 miter
2314 2806 2364 2858 in
2394 2807 2623 2859 doctrina
2648 2810 3015 2876 apostolorum,
3039 2822 3084 2862 et
3107 2812 3578 2867 communicatione.
3607 2812 3735 2867 Duae

2140 2898 2383 2960 virtutes,
2417 2910 2471 2953 et
2498 2899 2635 2968 quod
2672 2912 3101 2968 perseverarent,
3134 2913 3185 2955 et
3214 2904 3355 2971 quod
3389 2904 3730 2959 unanimiter.

2141 2990 2252 3043 lloc
2278 3001 2454 3044 autem
2476 2991 2624 3055 dixit,
2656 3001 2712 3045 ut
2734 2992 2983 3046 oStendat
3005 2994 3145 3062 quod
3170 2993 3325 3061 longo
3351 3004 3589 3065 tempore
3613 2995 3733 3050 illos

2139 3083 2437 3138 docuerint.
2488 3083 2554 3137 Et
2583 3086 3074 3151 communicatione,
3108 3096 3154 3138 et
3184 3088 3430 3156 [ractione
3478 3090 3653 3155 panis,
3686 3098 3733 3141 et

2139 3178 2387 3229 oratione.
2438 3176 2627 3231 Omnia
2671 3180 3062 3241 t'omtnnuitcr,
3096 3180 3273 3233 otnuia
3306 3196 3425 3233 cum
3479 3198 3736 3250 pcrseve:

2140 3269 2308 3321 rautia
2343 3267 2373 3320 ft
2394 3277 2603 3329 eerunt,
2655 3270 2843 3338 inquit.
2869 3269 2937 3323 45
2994 3268 3170 3322 Fiebat
3201 3280 3364 3325 autem
3394 3273 3528 3324 omni
3548 3273 3737 3325 animi!

2141 3354 2522 3429 [credentium]
2565 3359 2733 3412 timor.
2792 3359 2959 3413 Multa
3008 3376 3204 3430 quoque
3257 3364 3487 3432 prodigia
3516 3374 3561 3415 et
3589 3365 3736 3433 signa

2142 3466 2229 3517 per
2249 3451 2503 3516 apostolos
2532 3452 2735 3519 ﬁebant.
2772 3451 2981 3505 Merito.
3024 3453 3207 3522 Neque
3234 3456 3374 3508 enim
3408 3466 3463 3508 ut
3490 3456 3736 3525 Volgares

2143 3540 2385 3595 homines
2434 3542 2822 3609 despiciebant,
2884 3560 3055 3613 neque
3111 3545 3270 3598 rebus
3318 3547 3419 3600 sub
3456 3559 3733 3616 aspectum

2140 3631 2454 3685 cadentibus
2498 3630 2845 3685 intendebant
2872 3675 2883 3695 ,
2917 3635 3010 3686 sed
3062 3633 3276 3688 incensa
3318 3649 3432 3689 erat
3463 3652 3615 3693 tuens
3640 3652 3735 3691 eo-

2142 3738 2280 3777 rum.
2312 3723 2445 3790 Quia
2474 3724 2616 3777 tllilll
2649 3724 2809 3778 multa
2834 3725 3079 3792 superius
3106 3725 3262 3779 verba
3287 3725 3490 3779 fuderat
3522 3729 3729 3794 Petrus,

2141 3816 2556 3884 ostenderatque
2585 3826 2637 3875 et
2668 3816 2925 3884 promissa
2955 3827 3009 3871 et
3031 3817 3226 3881 futura,
3258 3818 3378 3888 jure
3428 3831 3570 3874 metu
3609 3836 3734 3876 coro

2142 3906 2277 3974 ι-θριί
2324 3917 2497 3971 erant,
2537 3917 2591 3961 cl
2637 3909 2785 3975 signa
2832 3907 2989 3966 dictis
3037 3910 3405 3969 testimonium
3458 3911 3727 3970 ferebant.

2141 3997 2286 4053 Sicut
2310 3997 2466 4066 igitur
2491 3997 2540 4054 in
2568 3996 2780 4051 Christo
2804 3998 3030 4064 prinuun
3062 4000 3231 4067 signa,
3259 4011 3437 4068 postea
3464 4000 3730 4068 doctrina,

2142 4088 2334 4143 deinde
2372 4089 2623 4142 miracula
2656 4105 2668 4141 :
2704 4090 2773 4142 ila
2798 4098 2851 4143 ct
2876 4105 3036 4143 nunc.
3086 4091 3175 4144 44.
3212 4091 3394 4149 Omnis
3432 4102 3599 4145 autem
3645 4094 3737 4161 qui

2141 4184 2422 4245 credebant,
2460 4193 2601 4236 erant
2632 4183 2839 4247 pariter,
2869 4193 2915 4236 et
2947 4185 3191 4237 habebant
3219 4186 3386 4242 omnia
3420 4190 3732 4245 communia.

2144 4274 2297 4337 Vide,
2328 4284 2556 4343 quantus
2582 4275 2758 4328 statim
2791 4272 3084 4345 profectus.
3130 4274 3246 4329 Non
3278 4278 3419 4333 enim
3450 4278 3500 4329 itt
3528 4281 3735 4333 oratio-

2144 4368 2300 4420 lliillh
2350 4377 2554 4422 tantum
2587 4376 2704 4424 er..t
2733 4367 3169 4433 conuuuuimtio,
3204 4384 3376 4436 neque
3408 4370 3457 4422 iu
3490 4368 3737 4425 doctrina

2142 4463 2336 4526 solum,
2367 4461 2459 4518 sed
2487 4462 2648 4515 etiam
2684 4462 2735 4514 in
2772 4464 2894 4515 vita:
2931 4461 3214 4531 probitate.
3241 4462 3331 4516 45.
3384 4460 3739 4517 Possessiones

2142 4566 2189 4608 et
2216 4555 2519 4609 substantias
2544 4555 2820 4611 vendebant
2845 4596 2858 4621 ,
2890 4566 2936 4607 et
2976 4553 3259 4608 dividebant
3300 4556 3415 4609 illas
3458 4555 3687 4609 omnibus
3719 4598 3736 4620 ,

2147 4656 2295 4714 prout
2344 4648 2522 4715 cuique
2571 4664 2696 4717 opus
2745 4658 2872 4703 erat.
2928 4647 3096 4709 Vide,
3138 4656 3367 4716 quantus
3421 4647 3580 4699 timor
3630 4648 3741 4703 illis

2145 4737 2355 4790 accidit.
2412 4738 2476 4790 Et
2507 4738 2792 4791 dividebant
2818 4754 2924 4793 eas.
2977 4739 3109 4804 Hoc,
3144 4738 3343 4807 inquit,
3375 4737 3741 4807 dispensatio-

2144 4844 2267 4886 nem
2297 4830 2619 4899 signiﬁcans.
2666 4828 2825 4882 Prout
2850 4830 3027 4899 cuique
3056 4846 3181 4898 Opus
3212 4840 3337 4885 erat.
3360 4829 3474 4889 Non
3501 4829 3693 4884 frustra
3720 4872 3741 4896 ,

2146 4920 2595 4990 tutetnadmodnm
2623 4921 2762 4989 apud
2790 4919 3008 4974 Graecos
3035 4921 3340 4988 phiIOSophi
3362 4962 3374 4981 .
3407 4923 3496 4977 alii
3539 4932 3743 4977 tet-nun

2148 5012 2542 5080 relinquebant,
2572 5010 2660 5063 alii
2695 5010 2915 5063 multum
2947 5013 3062 5064 auri
3097 5012 3148 5065 in
3176 5027 3325 5066 mare
3352 5013 3741 5080 projiciebant;

2148 5103 2286 5171 quod
2316 5116 2420 5155 non
2449 5100 2793 5169 pecuniarum
2848 5111 3190 5171 contemptus
3217 5114 3355 5167 erat,
3386 5103 3479 5157 scd
3508 5103 3743 5157 stultitia

2148 5204 2203 5249 et
2247 5194 2569 5263 insipientia.
2621 5195 2844 5262 Semper
2884 5195 3025 5248 enim
3074 5194 3278 5247 studuit
3325 5196 3593 5261 diabolus,
3645 5197 3744 5250 Dei

2148 5296 2421 5351 meatui-as
2462 5284 2654 5352 ubique
2695 5285 3039 5351 calumniari,
3086 5286 3237 5354 quasi
3267 5300 3370 5339 non
3399 5296 3579 5355 posset
3618 5287 3749 5356 quis

2149 5379 2285 5433 bona
2328 5379 2399 5431 ιιιί
2448 5378 2703 5445 pecuniis.
2755 5378 2843 5432 46.
2894 5377 3131 5443 Quotidie
3169 5393 3369 5447 quorue
3409 5396 3748 5448 perseueran-

2150 5482 2219 5524 tes
2264 5470 2565 5522 unanimiter
2608 5471 2660 5521 in
2714 5472 2918 5537 templo.
2989 5468 3084 5525 llic
3131 5468 3347 5522 modotu
3394 5468 3587 5539 docet,
3634 5484 3753 5535 quo

2148 5566 2389 5618 tltit‘lrittu
2449 5563 2780 5616 fruebantur.

2220 5656 2272 5709 2.
2309 5655 2372 5707 lit
2400 5654 2665 5723 perpende
2691 5694 2704 5716 ,
2733 5652 3001 5721 quomodo
3045 5652 3175 5705 nihil
3216 5649 3356 5706 aliud
3387 5648 3624 5705 facerent
3652 5659 3754 5713 ju-

2152 5755 2273 5817 (ιωί,
2317 5765 2412 5803 nec
2447 5763 2684 5817 parvum,
2719 5762 2816 5815 nec
2847 5760 3117 5815 magnum,
3159 5745 3254 5811 sed
3294 5746 3345 5799 in
3377 5744 3578 5820 templo
3602 5745 3755 5807 ιιεεί-
