4010 6158
447 331 515 387 67
1155 331 1210 386 S.
1253 327 1530 386 Jt).\.\'NlS
1569 321 2044 381 CliRYSOSTOill
2089 319 2400 376 .lililiillaf’.
2445 320 2977 379 CONS'l‘.\NTINOi‘.
3661 326 3726 380 (is

450 474 586 530 quos
615 454 714 510 nisi
751 452 814 506 ad
844 452 940 503 hos
969 447 1136 512 salus,
1165 445 1230 499 ad
1258 459 1391 515 quos
1435 457 1620 512 magna
1651 439 1818 494 bona‘
1867 439 2030 515 perti-

452 549 647 606 neaut?
670 544 856 600 Nonne
881 555 1122 612 pastores
1149 539 1300 608 primi
1323 536 1654 605 evangelium
1680 531 2037 602 acceperunt?

453 657 627 696 nonne
675 636 874 704 Joseph
929 635 1089 686 homo
1136 632 1360 701 simplex
1405 639 1553 692 erat;
1591 630 1659 680 ita
1702 637 1756 680 ιιι
1806 642 1903 680 nec
1944 641 2039 704 per

452 732 695 786 adulterii
751 729 1110 798 suspicionem
1155 729 1234 780 sic
1282 731 1689 792 pet-terreretur,
1736 731 1792 774 ut
1840 718 2037 788 aliquid

453 826 576 879 mali
625 821 900 893 patraret?
951 834 1126 872 numne
1154 826 1391 886 agrestes
1422 816 1662 868 homines
1689 823 1743 867 et
1771 813 2040 880 simplices

455 920 593 972 licus
622 916 817 985 elegit?
849 915 1031 966 Anima
1048 913 1211 974 enim,
1243 910 1432 990 inquit,
1467 909 1627 961 omnis
1649 908 1866 976 simplex
1889 907 2038 958 bene-

454 1011 588 1062 dicta
609 1027 625 1072 ;
658 1023 719 1061 ac
742 1021 948 1068 rursus,
968 1005 1068 1070 Qui
1089 1003 1314 1055 ambulat
1335 1001 1651 1068 simpliciter,
1675 998 1898 1051 ambula!
1919 1015 2042 1050 con-

455 1102 668 1170 fidenter
698 1097 876 1164 (Prov.
913 1098 994 1150 ll.
1016 1095 1112 1151 25.
1149 1103 1194 1147 et
1225 1095 1310 1148 ill.
1336 1093 1413 1162 9).
1448 1092 1643 1154 Etiam,
1676 1091 1911 1159 inquies;
1947 1088 2040 1143 sed

458 1190 738 1261 prudentia
768 1199 848 1241 est
877 1202 1030 1256 opus.
1061 1185 1167 1240 Sed
1213 1183 1338 1254 quid
1389 1183 1530 1237 aliud
1573 1191 1655 1236 est
1703 1180 2039 1249 simplicitas,

455 1299 613 1352 quant
666 1280 989 1352 prudentia?
1029 1278 1164 1331 Cum
1205 1279 1345 1330 enim
1389 1276 1517 1328 nihil
1563 1273 1684 1327 mali
1729 1273 2038 1341 ειιειιῑ(·ξιι·ἰδ,

459 1373 588 1428 nihil
615 1373 736 1426 mali
768 1385 956 1439 parere
987 1380 1138 1436 potes
1164 1385 1178 1422 :
1207 1383 1324 1421 cum
1358 1366 1490 1420 nihil
1523 1364 1629 1419 fers
1662 1365 1905 1425 moleste,
1936 1380 2040 1416 non

458 1463 660 1532 poteris
706 1461 1017 1530 iniuriarum
1057 1457 1346 1513 recordari.
1374 1455 1707 1511 Contumelia
1741 1464 1792 1509 te
1818 1455 1936 1523 quis
1964 1454 2044 1509 af-

458 1552 624 1608 fecit?
649 1551 761 1605 Non
788 1551 1004 1604 doluisti
1025 1549 1384 1618 :gobloquutus
1412 1550 1534 1602 est?
1561 1546 1702 1601 Nihil
1733 1562 1920 1615 passus
1951 1561 2039 1606 es:

457 1645 646 1701 invidit
694 1644 827 1698 tibi?
875 1643 989 1696 Non
1034 1658 1174 1709 a-gre
1225 1641 1409 1694 tulisti.
1441 1639 1536 1694 Via
1583 1637 1824 1709 qutedam
1854 1645 1932 1692 est
1977 1637 2042 1691 ad

458 1733 848 1810 philosophiam
891 1731 1222 1802 simplicitas.
1246 1729 1414 1783 Nemo
1454 1740 1558 1782 tam
1607 1727 1827 1797 pulcher
1865 1729 2045 1781 animo

459 1835 543 1882 est
569 1841 726 1893 quam
755 1825 835 1876 vir
859 1823 1107 1890 simplex.
1127 1821 1274 1876 Sicut
1295 1821 1436 1881 enim
1469 1821 1520 1873 in
1548 1835 1773 1888 corpore
1800 1819 1888 1887 qui
1913 1834 2046 1872 mm-

462 1928 578 1972 stus
603 1926 706 1983 est,
747 1917 1012 1970 demissus
1040 1928 1094 1968 et
1118 1915 1526 1984 eogitabuudus,
1554 1914 1778 1967 multum
1810 1929 1872 1967 ex
1929 1912 2043 1984 pui-

462 2009 766 2066 chritndiue
798 2008 1064 2070 detrahit;
1091 2009 1179 2076 qul
1212 2022 1339 2060 vero
1371 2007 1520 2059 lzetus
1567 2015 1649 2060 est
1689 2015 1741 2059 et
1789 2005 2044 2065 subridet,

461 2101 850 2157 formositatem
893 2109 1093 2168 auget:
1125 2100 1200 2153 sic
1233 2099 1285 2150 in
1329 2099 1503 2149 anima
1545 2097 1724 2150 evenit
1757 2112 1769 2148 :
1803 2095 1892 2164 qui
1921 2095 2047 2148 sub-

459 2197 616 2250 dolus
656 2204 756 2254 est,
781 2196 877 2248 etsi
910 2195 1188 2246 imnunera
1220 2205 1384 2260 penes
1406 2205 1464 2244 se
1487 2189 1680 2243 habeat
1704 2189 1838 2242 bona
1861 2203 2044 2256 Opera,

459 2287 723 2356 dispertiit
754 2286 876 2345 illa;
917 2295 1102 2337 contra
1134 2299 1261 2335 vero
1289 2283 1376 2351 qui
1420 2281 1554 2334 liber
1583 2291 1664 2334 est
1704 2290 1757 2335 et
1795 2280 2042 2349 simplex.

462 2378 647 2432 Talem
677 2377 945 2431 hominem
977 2375 1094 2444 quis
1117 2375 1214 2428 sibi
1247 2376 1475 2428 amicum
1505 2373 1729 2427 iidenter
1762 2382 1944 2442 paret;
1993 2381 2048 2427 et

467 2469 508 2520 si
559 2467 804 2520 inimicus
845 2465 932 2526 sit,
967 2480 1088 2518 cum
1123 2465 1212 2516 illo
1243 2464 1695 2520 recouciliabitur.
1725 2463 1877 2517 Nulla
1907 2463 2048 2518 enim

465 2558 530 2612 ad
565 2557 666 2611 huc
692 2572 825 2624 0le
854 2566 936 2610 e~t
964 2556 1228 2620 custodia,
1253 2555 1412 2608 nullis
1445 2555 1700 2620 vinculis;
1749 2554 1840 2608 sed
1887 2554 2050 2608 tnuita

465 2658 520 2702 et
551 2647 623 2700 illi
663 2655 719 2699 et
744 2645 1216 2699 contubernalibus
1262 2650 1366 2699 erit
1407 2645 1686 2698 securitas.
1734 2643 1869 2714 Quid
1901 2659 2050 2714 ergo,

468 2740 696 2808 inquies,
723 2739 765 2790 si
790 2737 878 2807 qui
903 2739 1021 2791 talis
1043 2747 1143 2798 est,
1166 2739 1216 2790 in
1242 2736 1411 2790 malos
1439 2735 1686 2790 inciderit
1706 2735 1885 2790 viros?
1912 2736 2054 2802 Deus

465 2829 554 2900 qui
577 2828 844 2898 simplices
866 2843 985 2882 esse
1001 2827 1171 2895 jubet,
1191 2843 1403 2884 manum
1429 2827 1678 2897 porriget.
1696 2825 1828 2894 Quid
1853 2825 2054 2880 Davide

467 2916 797 2989 simplicius?
847 2919 971 2988 quid
1003 2920 1164 2973 Saule
1194 2919 1464 2988 iniquius?
1517 2918 1643 2973 Uter
1673 2933 1801 2987 ergo
1827 2933 2053 2985 supera-

467 3013 580 3066 vit?
611 3011 746 3078 Quid
774 3012 824 3063 itt
847 3009 1081 3077 Josepho
1098 3025 1273 3062 acuun
1293 3010 1416 3063 est?
1443 3025 1620 3063 nonne
1639 3010 1724 3064 ille
1743 3011 2055 3078 simpliciter

469 3105 534 3157 ad
583 3104 850 3157 dominatu
894 3102 1157 3164 accessit;
1192 3101 1278 3154 illa
1329 3117 1458 3153 vero
1507 3101 1769 3155 subdole?
1825 3101 1878 3154 in
1925 3116 2053 3170 quo,

468 3210 673 3269 quasso,
695 3193 856 3247 Lusus
880 3191 1005 3246 est?
1049 3191 1184 3259 Quid
1215 3192 1380 3245 Abele
1411 3191 1705 3260 simplicius
1744 3192 1898 3246 erat?
1927 3193 2054 3260 quid

468 3286 636 3340 Caiuo
679 3283 1030 3338 sceleratius?
1060 3282 1370 3351 Rursusque
1395 3281 1616 3351 Joseph,
1648 3297 1822 3336 nonne
1849 3283 2058 3352 simpli-

469 3378 604 3431 citer
625 3391 745 3430 eum
776 3376 1025 3429 fratribus
1047 3373 1194 3444 egit?
1223 3390 1400 3437 nonne
1425 3374 1544 3428 ideo
1565 3374 1776 3436 claruit,
1797 3373 1916 3444 quia
1941 3375 2056 3430 sine

469 3468 774 3540 suspicione
796 3469 972 3521 omnia
998 3467 1246 3535 loquutus
1266 3474 1369 3530 est,
1395 3465 1444 3518 hi
1477 3481 1602 3520 vero
1627 3466 1853 3535 maligne
1884 3466 2056 3534 ipsum

469 3560 835 3629 exceperunt?
875 3560 1049 3618 Semel
1093 3559 1320 3621 somnia,
1370 3559 1562 3618 iterum
1590 3559 1793 3612 somnia
1821 3557 1972 3624 dixit,
2004 3567 2058 3612 et

470 3655 589 3707 sine
621 3651 868 3710 cautione
916 3651 1035 3705 illos
1085 3649 1213 3703 adiit
1257 3651 1406 3703 cibus
1450 3647 1698 3710 afferens,
1731 3649 1910 3706 omnia
1945 3649 2058 3704 Deo

471 3747 845 3810 committens;
873 3745 967 3798 sed
990 3755 1186 3812 quanto
1209 3739 1374 3814 magis
1403 3743 1474 3796 illi
1504 3752 1558 3795 ut
1587 3744 1858 3800 inimicum
1883 3745 2056 3812 ipsum

475 3838 760 3900 habebant,
794 3845 937 3889 tanto
971 3837 1138 3905 magis
1169 3835 1256 3888 ille
1281 3844 1340 3888 ut
1369 3833 1562 3887 fratres
1592 3835 1866 3888 tractabat.
1904 3835 2057 3888 l’ote-

473 3938 662 3996 ratque
695 3927 832 3979 Deus
887 3943 991 3979 non
1050 3925 1376 3994 permittere,
1409 3934 1465 3977 nt
1515 3923 1773 3980 incideret
1803 3925 1854 3980 in
1903 3924 2055 3989 illos;

472 4019 565 4072 sed
597 4016 855 4088 permisit,
887 4024 943 4068 ut
970 3999 1287 4077 miraculum
1316 4025 1619 4085 appareret,
1651 4024 1706 4070 et
1746 4015 2058 4070 ostendere-

475 4123 579 4174 tur,
613 4108 950 4180 quantumvis
981 4109 1053 4162 illi
1096 4117 1279 4164 contra
1317 4108 1610 4173 tenderent,
1643 4109 1790 4162 illum
1820 4109 1935 4162 fore
1963 4125 2056 4164 su-

474 4205 760 4274 periorem.
790 4203 852 4256 Et
879 4203 955 4256 sic
997 4202 1240 4272 quamvis
1271 4205 1476 4276 plagam
1509 4202 1756 4272 accipiat,
1785 4218 1890 4256 non
1918 4217 1949 4258 a
1976 4217 2055 4268 se,

472 4295 566 4349 scd
595 4297 660 4349 ab
690 4295 794 4348 alio
821 4293 1035 4362 accipit.
1772 4295 1786 4306 ‘

544 4387 815 4457 Improbus
835 4389 914 4441 sui
948 4388 1106 4457 ipsius
1132 4387 1366 4447 inimicus
1405 4397 1496 4446 est.
1531 4418 1601 4428 —
1645 4387 1901 4458 Malignus
1931 4402 2058 4443 vero

472 4482 704 4551 seipsutn
733 4482 904 4549 primo
935 4481 1182 4548 percutit,
1209 4482 1519 4551 nullumque
1544 4482 1743 4542 alium;
1773 4483 1955 4550 sicque
1975 4491 2059 4534 est

470 4572 553 4625 eui
585 4572 748 4639 ipsius
793 4570 1058 4623 inimicus.
1112 4570 1278 4638 Hujus
1334 4571 1510 4628 anima
1567 4587 1800 4628 interere
1845 4587 2059 4642 semper

471 4661 626 4731 plena
671 4668 771 4721 est,
811 4658 938 4712 dum
986 4661 1337 4727 cogitationes
1383 4671 1643 4728 perpetuo
1684 4662 1947 4729 colligata:
2003 4671 2058 4717 et

469 4749 742 4825 perplexm
785 4757 909 4802 sttnt
939 4767 952 4801 :
985 4749 1027 4800 si
1060 4748 1266 4811 audire,
1294 4749 1339 4802 si
1372 4750 1550 4802 dicere
1595 4750 1864 4822 quidpiam
1897 4766 2056 4820 opor-

473 4852 600 4901 teat,
628 4841 805 4894 omnia
839 4839 1001 4893 trahit
1026 4839 1092 4892 ad
1127 4840 1352 4904 crimen,
1385 4841 1564 4895 omnia
1603 4852 1835 4897 accusat.
1867 4843 2056 4902 Procul

472 4935 541 4988 al)
573 4933 675 4987 iiiis
702 4932 933 4985 amicitia
966 4940 1019 4985 et
1048 4930 1366 4993 concordia;
1399 4932 1538 4999 apud
1573 4934 1688 4987 illos
1719 4949 1926 5004 pttgnzt‘,
1959 4936 2058 4990 ini-

472 5025 708 5086 micitia},
744 5023 1040 5087 tuoiestite;
1089 5021 1296 5091 sibique
1340 5025 1471 5093 ipsis
1509 5034 1633 5079 sunt
1662 5027 1915 5095 su~pecti.
1964 5027 2057 5084 His

473 5131 646 5185 neque
672 5129 913 5175 Somnus,
945 5124 1116 5183 neque
1159 5113 1302 5167 aiiud
1351 5115 1620 5184 quidpiam
1665 5133 1826 5172 suave
1855 5129 1955 5173 est.
1999 5120 2054 5174 Si

473 5222 669 5261 uxores
697 5206 947 5267 habeant,
988 5206 1170 5274 papae!
1219 5204 1466 5260 omnibus
1495 5217 1619 5263 sunt
1651 5212 1828 5264 hostes
1869 5222 1925 5267 et
1952 5213 2053 5267 ini-

471 5302 630 5366 mici;
680 5301 960 5370 zelotypiae
1011 5299 1257 5362 inlinitte,
1306 5309 1480 5354 metus
1533 5313 1853 5370 perpetuus:
1887 5307 2056 5361 malus

473 5394 615 5447 cuitu
640 5411 669 5446 a
695 5392 836 5446 malo
861 5392 1044 5445 labore
1072 5392 1151 5446 sie
1191 5402 1429 5445 vocatur.
1462 5393 1551 5448 Sic
1581 5395 1760 5464 utique
1781 5396 2055 5467 Scriptura

473 5484 707 5538 laborem
739 5500 952 5552 semper
978 5490 1132 5538 vocat
1160 5483 1452 5548 malitiam;
1503 5496 1558 5538 ιιι
1585 5501 1706 5539 cutn
1735 5488 1864 5542 dicit
1897 5507 1909 5540 :
1944 5488 2056 5542 Sub

470 5576 648 5646 lingua
673 5591 845 5628 eorum
871 5574 1014 5628 labor
1043 5585 1087 5627 et
1118 5574 1350 5646 fatigatio
1394 5589 1416 5640 ,°
1466 5585 1521 5631 et
1563 5578 1684 5632 alibi
1719 5594 1952 5644 rursum,
1991 5578 2058 5632 Et

537 5751 555 5782 ¹
589 5746 727 5804 Alius
759 5750 904 5812 legit,
931 5753 1186 5817 miracula,
1210 5770 1316 5820 pro,
1335 5757 1470 5808 bona

2149 437 2368 505 amplius
2399 453 2568 491 eorum
2604 437 2745 490 labor
2771 449 2815 491 et
2849 439 2994 494 dolor
3028 436 3193 506 (Psal.
3226 438 3278 496 9.
3314 440 3368 494 '7.
3412 450 3457 492 et
3496 439 3584 496 89.
3626 443 3722 503 l0).

2143 528 2196 580 Si
2226 543 2354 580 vero
2402 528 2626 581 tuiretur
2653 529 2790 597 quis,
2828 532 2967 583 unde
2996 530 3061 582 ab
3090 529 3244 582 ittitio
3277 531 3412 585 tales
3453 532 3575 586 facti
3607 536 3726 595 sint,

2144 629 2195 673 et
2229 635 2367 674 nunc
2395 621 2528 674 tales
2571 638 2674 674 non
2725 623 2869 685 sint;
2901 623 3109 676 discant
3138 639 3352 677 causam
3388 639 3510 679 esse
3535 642 3712 679 a-rtnn-

2145 727 2289 777 nam,
2307 714 2615 782 magistram
2636 713 3008 784 philosoithite,
3026 725 3246 769 matrem
3263 717 3492 784 pietatis.
3509 717 3730 783 Quaado

2148 805 2386 872 pecunia:
2405 805 2470 859 de
2497 807 2672 860 medio
2699 807 3043 872 tollebantur,
3063 818 3185 862 tunc
3209 810 3440 879 nequitia
3469 826 3572 864 non
3597 822 3729 864 erat.

2147 895 2342 961 Etiam,
2372 898 2564 968 inquit,
2599 900 2691 954 sed
2727 901 2852 954 illttd
2898 902 3068 970 ipsum
3098 902 3391 972 interrogo,
3423 903 3562 958 unde
3595 920 3731 958 nunc

2147 996 2291 1041 tanta
2343 991 2582 1044 malitia?
2635 993 2905 1060 quomodo
2948 993 3026 1046 illi
3073 1005 3152 1048 ter
3201 995 3346 1048 mille
3373 1005 3426 1049 et
3454 997 3732 1065 quinquies

2147 1085 2291 1142 mllle
2339 1085 2517 1137 statim
2565 1084 2816 1140 virtutem
2864 1086 3209 1156 delt-gerunt,
3256 1097 3311 1142 et
3358 1104 3479 1142 mox
3538 1091 3732 1158 pariter

2146 1177 2448 1249 philosophi
2475 1177 2594 1230 facti
2623 1187 2766 1242 sunt,
2788 1186 2840 1232 et
2863 1193 3002 1231 nttnc
3030 1178 3114 1230 vix
3145 1194 3280 1231 unus
3311 1180 3613 1247 reperitur?
3638 1195 3731 1233 cur

2148 1281 2273 1331 tunc
2297 1270 2366 1324 ita
2397 1269 2691 1328 Concordes
2719 1269 2910 1322 erant?
2939 1268 3064 1338 quid
3100 1269 3217 1325 illos
3245 1279 3349 1322 tam
3376 1271 3543 1339 agiles
3563 1280 3616 1323 et
3643 1287 3733 1324 ρκ-

2147 1365 2338 1417 citatos
2370 1359 2674 1415 reddebat?
2722 1359 2846 1428 qttid
2876 1360 2994 1418 illos
3025 1360 3091 1412 ita
3123 1360 3402 1414 incendit?
3443 1363 3574 1429 Quia
3613 1376 3729 1416 cum

2150 1469 2338 1523 magna
2380 1452 2579 1530 pietate
2605 1451 2962 1517 accedebant;
2997 1452 3115 1520 quia
3150 1453 3380 1506 honores
3425 1469 3531 1506 non
3561 1463 3726 1519 erant,

2149 1545 2286 1598 sicut
2315 1543 2510 1608 hodie;
2541 1543 2662 1612 quia
2690 1543 2755 1603 ad
2787 1542 2958 1597 futura
3002 1553 3233 1596 mentem
3261 1558 3409 1596 suam
3453 1546 3734 1598 transtule-

2150 1644 2291 1698 runt,
2308 1643 2361 1688 et
2385 1633 2516 1687 nihil
2542 1633 2886 1702 pratsentiutn
2907 1634 3308 1702 exspectabant.
3331 1634 3440 1689 Hoc
3462 1646 3544 1688 est
3568 1637 3731 1704 ignea:

2149 1727 2365 1792 animae,
2395 1727 2445 1779 in
2489 1727 2742 1779 aerumnis
2787 1727 2988 1779 versari
3015 1741 3029 1779 :
3055 1725 3155 1779 hoc
3189 1727 3448 1794 putabant
3476 1728 3548 1780 illi
3580 1728 3734 1782 Chri—

2150 1817 2485 1870 Sllttttistllttm
2513 1831 2662 1879 esse;
2708 1815 2800 1879 sed
2831 1831 2933 1870 non
2968 1832 3064 1869 nos
3108 1834 3121 1870 :
3170 1832 3311 1871 nunc
3340 1819 3480 1871 enim
3510 1820 3734 1872 solutam

2157 1907 2313 1960 vitam
2348 1907 2658 1975 qttteritttus.
2689 1905 2813 1967 ideo
2860 1921 2960 1959 nec
2993 1906 3107 1967 illa,
3134 1923 3253 1960 cum
3301 1923 3395 1978 par
3443 1910 3563 1971 erit,
3593 1923 3737 1962 asse-

2151 2013 2397 2066 qttetuur.
2451 1997 2585 2064 Quid
2631 1997 2926 2068 faciemus?
2972 1998 3370 2068 interrogabant
3415 2000 3488 2054 illi
3535 2002 3737 2071 seipsos

2153 2090 2490 2143 damuautes.
2523 2088 2629 2142 Nos
2662 2105 2788 2142 vero
2813 2099 2997 2143 contra
3033 2106 3046 2142 :
3079 2090 3213 2158 Quid
3259 2091 3557 2144 faciemus?
3606 2091 3736 2145 ilici-

2157 2197 2296 2248 tnus,
2329 2197 2426 2236 nos
2456 2181 2808 2251 pr:rseulibus
2841 2182 3196 2249 venditantes,
3221 2193 3273 2237 et
3299 2185 3464 2247 altum
3495 2183 3562 2238 de
3590 2186 3739 2238 nobis

2157 2273 2447 2340 sapientes.
2483 2272 2558 2325 illi
2603 2271 2868 2326 faciebant
2897 2289 3016 2342 quae
3069 2273 3242 2327 facere
3291 2275 3601 2342 oportebat;
3645 2289 3738 2328 nos

2159 2378 2287 2418 vero
2327 2379 2502 2417 secus.
2535 2363 2867 2416 Datunabant
2912 2365 2983 2417 illi
3021 2365 3250 2434 seipSaS,
3281 2365 3636 2457 desperabant
3674 2366 3740 2422 de

2158 2456 2331 2511 salute
2362 2471 2455 2508 sua
2493 2473 2504 2508 :
2538 2455 2659 2509 ideo
2689 2457 2818 2510 tales
2846 2455 2970 2510 facti
3022 2467 3168 2512 sunt.
3217 2455 3559 2532 Agnoverunt
3587 2461 3741 2528 quale

2158 2557 2474 2621 reCeperant
2505 2548 2728 2600 donum.
3746 2555 3754 2560 ‘

2231 2642 2285 2695 4.
2326 2639 2604 2706 Quounnlo
2631 2654 2725 2693 vos
2764 2639 2870 2694 illis
2897 2639 3099 2702 similes
3141 2642 3310 2708 eritis,
3344 2643 3432 2711 qui
3477 2645 3740 2698 Contraria

2155 2732 2331 2786 omnia
2363 2731 2570 2784 facilis?
2597 2731 2673 2784 Illi
2716 2733 2892 2785 statim
2921 2743 3078 2801 atque
3103 2732 3390 2787 audierunt
3417 2775 3430 2796 ,
3485 2734 3740 2804 baptizati

2157 2833 2276 2878 situt
2305 2842 2316 2875 :
2358 2838 2462 2876 nou
2490 2823 2740 2877 dixerunt
2772 2822 2861 2876 illa
2889 2823 3075 2892 frigida
3105 2824 3285 2890 VCI‘bt,
3317 2841 3436 2898 qua:
3477 2843 3617 2882 nunc
3647 2845 3744 2884 nos

2157 2913 2420 2977 dicimus,
2465 2930 2635 2983 neque
2672 2928 2848 2967 moras
2889 2924 3184 2969 nexuerunt
3209 2958 3224 2982 ,
3268 2920 3368 2972 etsi
3416 2935 3519 2972 non
3557 2935 3744 2976 omnes

2157 3005 2432 3062 audissent
2455 3007 3020 3075 justificationes;rsed
3050 3009 3152 3063 hoc
3201 3018 3425 3075 tantum,
3461 3011 3744 3067 Sttlttmnini

2157 3114 2190 3149 a
2231 3099 2550 3168 generatione
2581 3099 2696 3150 ista.
2725 3097 2839 3152 Non
2877 3114 3069 3167 segnes
3099 3100 3344 3167 fuerunt,
3375 3101 3467 3155 st-d
3499 3102 3594 3156 hos
3626 3119 3741 3156 ser-

2160 3205 2347 3243 mones
2385 3199 2707 3258 exeeperunt
2741 3207 2754 3255 ;
2798 3200 2848 3243 et
2898 3192 3038 3261 quod
3076 3195 3441 3263 accepissent,
3496 3197 3745 3264 operibus

2164 3292 2526 3336 monstrarunt
2556 3293 2645 3342 ;et
2689 3284 2776 3352 qui
2808 3295 2987 3338 essent
3007 3325 3022 3349 ,
3053 3285 3430 3341 exhibueruut.
3476 3289 3664 3344 Statim
3693 3293 3744 3346 iu

2160 3389 2429 3428 cer'atnen
2478 3375 3030 3445 ingressi,exuerunt
3075 3378 3432 3434 vestimenta:
3480 3396 3577 3436 uos
3621 3399 3747 3437 vero

2162 3465 2418 3534 ittgu-Ssi,
2447 3481 2568 3518 cum
2597 3466 2930 3521 vestimentis
2965 3477 3173 3522 certare
3205 3470 3465 3525 volumus.
3515 3472 3750 3544 ideoque

2160 3561 2492 3628 antagoni~ta
2523 3567 2708 3613 uoster
2745 3560 2931 3615 labore
2959 3576 3094 3636 opus
3123 3578 3227 3614 non
3268 3562 3464 3628 habet,
3493 3581 3614 3625 cum
3649 3583 3748 3622 tio-

2163 3649 2243 3702 bis
2272 3650 2398 3720 ipsis
2424 3650 2663 3718 impliciti
2695 3665 2838 3720 sazpe
2866 3650 3198 3719 dejiciamur.
3225 3652 3454 3722 ldipsmn
3495 3657 3637 3712 enim
3670 3659 3749 3711 fa—

2161 3743 2330 3795 cimus
2352 3784 2364 3804 ,
2396 3756 2458 3796 ac
2484 3730 2543 3794 si.
2561 3757 2679 3810 quts
2701 3742 2953 3795 athletam
2985 3742 3202 3811 pulvere
3228 3759 3574 3813 conspersum
3600 3787 3616 3811 ,
3669 3749 3718 3801 ni
3737 3779 3752 3790 -

2159 3850 2342 3904 grum,
2377 3833 2609 3900 nudum,
2657 3834 2878 3900 videns,
2909 3835 2976 3887 ab
3005 3849 3165 3888 arena
3197 3845 3251 3889 et
3294 3853 3324 3891 a
3371 3839 3484 3892 sole
3527 3841 3750 3893 multum

2165 3928 2448 3980 habentem
2484 3927 2576 3980 ltiti
2600 3967 2614 3990 ,
2647 3925 2790 3990 oleo,
2817 3926 3017 3988 sudore
3039 3937 3091 3981 et
3118 3942 3272 3986 emno
3295 3929 3608 3994 delibutum,
3637 3931 3754 3999 ipse

2163 4030 2432 4089 unguento
2471 4017 2747 4088 fragrans.
2787 4019 2972 4073 sericis
3021 4020 3287 4085 vestibus,
3327 4024 3506 4077 aureis
3533 4025 3753 4088 calceis,

2162 4112 2294 4163 stola
2326 4124 2494 4184 usque
2523 4107 2588 4165 ad
2634 4109 2912 4163 malleolos
2937 4109 3236 4176 deﬂuente,
3286 4114 3532 4167 attreolas
3577 4117 3755 4183 capite

2161 4213 2397 4271 gestans.
2426 4218 2547 4256 cum
2573 4202 2663 4255 illo
2692 4203 3092 4272 congretliatur.
3141 4204 3242 4270 Qui
3279 4207 3419 4260 enim
3466 4207 3588 4260 talis
3627 4219 3707 4262 est
3736 4250 3756 4275 ,

2163 4310 2266 4348 non
2311 4293 2628 4362 itupedietur
2651 4294 2856 4360 solum,
2886 4295 2978 4348 sed
3007 4310 3189 4350 curam
3219 4295 3418 4351 habens
3465 4313 3532 4352 ne
3574 4310 3760 4354 vestes

2163 4385 2432 4444 {tradentur
2464 4387 2549 4441 vel
2583 4387 2913 4453 scindantur,
2947 4387 2997 4442 in
3030 4389 3200 4458 primo
3238 4405 3525 4460 congressu
3553 4392 3708 4445 cadet
3740 4433 3757 4458 ,

2163 4476 2318 4545 idque
2350 4477 2577 4545 patietur
2600 4478 2742 4547 quod
2774 4480 2951 4533 statim
2986 4481 3188 4545 timuit,
3223 4481 3274 4534 in
3304 4483 3586 4552 praecipuis
3626 4500 3757 4551 par-

2165 4565 2306 4620 tibus
2336 4567 2514 4620 besus.
2549 4567 2784 4636 Tempus
2808 4569 2959 4624 adest
2999 4571 3340 4638 certaminis,
3390 4582 3442 4626 et
3471 4582 3524 4626 tu
3563 4575 3759 4629 sericis

2164 4657 2434 4711 intiueris!
2463 4667 2672 4726 tempus
2698 4661 3118 4725 exercitationis,
3146 4670 3353 4730 tempus
3387 4661 3542 4716 stadii
3570 4679 3584 4727 ;
3614 4672 3671 4717 et
3701 4674 3759 4716 tu

2161 4749 2310 4817 quasi
2343 4749 2394 4802 itt
2424 4765 2615 4819 pompa
2656 4751 2880 4819 teipsum
2903 4753 3101 4811 ornas?
3135 4753 3198 4807 Et
3233 4755 3503 4823 quomodo
3527 4770 3758 4824 supera-

2162 4840 2282 4894 bis?
2323 4839 2399 4894 Ne
2440 4841 2504 4893 ad
2531 4851 2792 4905 externa,
2843 4843 2935 4895 sed
2963 4843 3029 4896 ad
3075 4843 3285 4899 interna
3330 4846 3609 4914 respicias.
3661 4847 3761 4900 llis

2162 4930 2306 4985 enim
2355 4930 2500 4983 curis
2551 4945 2651 4984 ceu
2697 4931 2949 4998 gravibus
3011 4933 3238 4989 vinculis
3289 4936 3523 5005 undique
3571 4937 3756 4992 anima

2162 5022 2565 5091 constringitur,
2600 5036 2814 5079 manum
2847 5037 2952 5076 non
2981 5023 3164 5079 sinens
3195 5026 3464 5090 attollere.
3490 5042 3590 5082 nec
3618 5042 3760 5084 con-

2165 5125 2242 5169 tra
2277 5115 2482 5170 hostem
2517 5115 2758 5184 proferre
2779 5155 2794 5180 ,
2827 5131 2924 5172 nos
2954 5119 3144 5174 molles
3167 5134 3232 5173 ac
3259 5119 3517 5175 delicatos
3554 5121 3758 5176 reddit.

2162 5204 2375 5260 Utinam
2405 5205 2610 5260 liberati
2644 5206 2857 5262 vincere
2886 5209 3149 5277 possimus
3177 5209 3439 5278 impuram
3469 5209 3614 5265 illam
3659 5227 3761 5274 po-

2165 5306 2429 5350 testatem.
2453 5295 2576 5350 ldeo
2593 5295 2859 5365 Christus,
2885 5315 2949 5357 ac
2965 5301 3132 5356 sinon
3157 5299 3290 5354 satis
3304 5300 3372 5354 sit
3389 5300 3602 5356 divitias
3618 5300 3760 5369 abji-

2161 5402 2306 5451 cere,
2326 5388 2443 5441 vide
2457 5387 2581 5458 quid
2598 5389 2739 5443 dicat
2763 5409 2775 5443 :
2807 5389 2975 5445 Vende
2989 5393 3160 5446 Omnia
3175 5407 3287 5459 qua
3302 5391 3472 5454 habet,
3489 5402 3536 5446 et
3552 5393 3620 5444 da
3632 5408 3761 5461 pau-

2162 5479 2362 5546 peribus
2381 5491 2402 5532 :
2425 5488 2471 5531 et
2494 5481 2604 5532 veni
2619 5521 2634 5546 ,
2654 5491 2701 5534 et
2722 5496 2926 5552 sequere
2955 5500 3035 5537 me
3059 5481 3246 5552 (Marc.
3276 5485 3359 5538 l0.
3383 5483 3496 5554 2|).
3511 5481 3666 5550 Quod
3683 5483 3757 5546 si,

2161 5571 2418 5640 depositis
2447 5574 2674 5643 opibus,
2728 5576 2964 5631 nondum
2995 5579 3046 5631 in
3095 5587 3209 5634 tuto
3251 5596 3470 5644 sumus,
3515 5579 3609 5634 sed
3650 5579 3758 5632 alia

2163 5674 2276 5718 arte
2303 5672 2357 5717 et
2386 5667 2727 5721 accurationo
2757 5668 2910 5721 nobis
2935 5677 3017 5722 est
3059 5685 3228 5739 opus:
3278 5671 3446 5724 multo
3477 5669 3646 5738 magis
3666 5709 3680 5732 ,
3709 5669 3766 5732 si

2167 5756 2523 5822 retineamus,
2565 5756 2694 5810 nihil
2736 5774 2988 5832 maguum
3015 5762 3380 5832 operabimur,
3405 5762 3498 5816 Sed
3541 5760 3758 5816 ridiculi
