4010 6158
263 303 338 362 ,ω
1222 293 1308 350 ΊΝ
1346 294 1528 352 ACTA
1568 296 2096 359 APOSTOLORUM.
2140 304 2369 363 HOMIL.
2415 309 2546 366 VIII.
3475 319 3543 374 70

275 451 324 497 ct
363 433 752 510 spectatoribus
788 440 843 490 et
891 418 992 502 ipsi
1044 429 1277 501 maligno
1338 430 1480 486 hosti
1526 429 1846 486 videbimur.

273 533 413 595 Licet
425 532 565 587 enim
580 527 820 583 diabolus
833 540 941 581 non
956 531 1118 590 esset,
1138 524 1264 578 licet
1283 524 1463 578 nullus
1492 524 1845 595 impugnaret,

271 629 555 682 innumera:
587 623 819 691 undique
842 620 942 676 vite
967 635 1127 690 opum
1158 627 1429 674 amantem
1456 619 1521 674 ad
1548 620 1847 689 gehennam

269 717 476 773 ducunt.
500 715 599 771 Ubi
622 728 764 768 nunc
790 721 917 767 sunt
941 712 1030 780 qui
1069 711 1256 765 dicunt
1282 727 1296 764 :
1326 710 1437 764 Cur
1462 711 1707 766 diabolus
1731 710 1846 767 fac-

269 818 343 865 tus
371 809 487 864 est?
519 809 654 863 Ecce
680 806 766 860 hic
792 804 1041 860 diabolus
1067 801 1235 868 nihil,
1266 801 1359 856 sed
1386 816 1483 857 nos
1515 811 1682 858 totum
1712 817 1844 873 ope-

266 915 452 954 rantur.
481 899 639 968 Atqui
672 898 773 952 hoc
809 895 992 950 dicere
1014 892 1303 962 oportebat
1329 908 1422 948 eos
1447 894 1537 963 qui
1568 895 1622 949 in
1652 895 1847 950 monti—

265 988 353 1044 bus
371 989 587 1060 degunt,
606 989 694 1058 qui
713 985 1100 1043 continentiam
1122 991 1388 1038 sectantes
1416 993 1470 1039 et
1501 986 1844 1053 pecuniarum

262 1080 579 1151 aliarumque
596 1094 776 1134 rerum
789 1084 1172 1147 contemptum,
1193 1086 1421 1144 patrem,
1440 1075 1649 1143 domos,
1664 1092 1840 1146 agros,

260 1188 445 1228 uxores
473 1183 527 1228 et
561 1173 697 1225 tilios
718 1211 735 1236 ,
768 1167 1121 1223 libentissime
1153 1167 1507 1237 reliquerunt.
1536 1170 1605 1221 At
1626 1168 1698 1222 illi
1729 1168 1843 1225 haec

259 1278 355 1325 nou
383 1265 600 1326 dicunt;
625 1262 677 1314 hi
703 1275 832 1316 vero
859 1260 945 1313 illa
969 1256 1258 1329 proferunt,
1291 1274 1415 1327 quae
1437 1274 1726 1328 numquam
1754 1260 1836 1313 di-

257 1371 372 1411 cere
392 1357 740 1426 Oportuissct.
769 1354 859 1408 ltla
885 1366 1010 1407 vere
1037 1361 1163 1406 sunt
1193 1350 1392 1406 diaboli
1417 1354 1710 1407 certamina
1735 1370 1748 1408 :
1784 1354 1836 1409 in

254 1448 361 1503 lucc
387 1464 521 1504 vero
547 1463 720 1518 neque
741 1444 1069 1500 descendere
1089 1442 1308 1513 dignum
1338 1453 1440 1498 est.
1484 1445 1571 1509 At,
1602 1445 1832 1515 inquies,

250 1540 553 1599 divitiarum
599 1538 936 1608 cupiditatem
977 1536 1213 1591 immittit
1241 1534 1505 1591 diabolus.
1550 1535 1734 1605 Fuge,
1781 1547 1834 1592 et

250 1648 312 1689 ne
339 1634 613 1697 admittas,
645 1647 679 1687 o
704 1630 884 1686 homo.
917 1629 1068 1684 Nunc
1110 1637 1287 1684 autem
1314 1629 1358 1684 si
1389 1644 1547 1699 quem
1578 1628 1774 1683 videris
1800 1644 1833 1684 a

252 1726 665 1780 tabulatolutum
691 1723 936 1793 rcjieere,
960 1719 1156 1785 deinde
1177 1721 1340 1774 alium
1356 1719 1626 1774 videntem
1644 1727 1831 1776 contra

248 1817 451 1885 sejaci,
487 1826 669 1882 stare,
721 1824 778 1871 et
807 1824 975 1870 totum
1005 1813 1180 1883 capite
1210 1813 1490 1883 excipere,
1523 1828 1631 1869 non
1670 1813 1831 1870 modo

248 1926 346 1964 non
376 1911 682 1974 misereris,
710 1907 805 1964 sed
835 1908 998 1962 etiam
1038 1905 1368 1974 indignaris,
1401 1904 1644 1974 dicisque
1673 1904 1824 1958 illum

244 2000 377 2069 iuste
398 2014 613 2070 passum
635 2014 754 2055 esse
783 2019 797 2054 :
820 2011 1114 2067 omnesque
1138 1997 1213 2051 illi
1234 1996 1498 2096 dicerent,
1526 1996 1603 2051 Ne
1627 1996 1828 2096 stultos

244 2101 385 2157 esto;
437 2108 538 2147 nec
594 2102 701 2146 tam
755 2090 1080 2160 iacientem,
1122 2102 1282 2157 quam
1329 2087 1681 2155 excipientem
1715 2087 1827 2140 crio

245 2186 587 2241 minarentur.
618 2185 774 2241 Nunc
800 2199 960 2254 porro
986 2184 1094 2238 scis
1127 2181 1433 2235 divitiarum
1479 2178 1823 2248 cupiditatem

246 2291 271 2328 a
309 2278 523 2332 diabolo
558 2276 823 2346 proficisci
860 2293 877 2333 :
921 2275 1027 2329 scis
1078 2272 1227 2327 illum
1263 2274 1661 2327 innumerorum
1705 2285 1825 2327 esse

231 2367 493 2421 malorum
522 2382 769 2433 causam;
797 2365 948 2423 vides
973 2365 1120 2420 illum
1148 2363 1319 2418 fmdas
1351 2371 1640 2431 turpesque
1661 2360 1819 2430 cogi-

242 2455 463 2511 tationes
501 2457 653 2526 quasi
681 2457 1158 2525 lutum,apparare,
1188 2468 1290 2509 nec
1315 2452 1567 2522 intelligis
1588 2458 1641 2507 te
1668 2450 1816 2506 nudo

239 2546 407 2615 capite
450 2547 836 2603 immunditiam
885 2547 1027 2602 illam
1065 2545 1354 2615 excipere,
1382 2559 1505 2599 cum
1546 2551 1825 2613 oporteret

227 2641 491 2710 tantisper
509 2641 827 2697 declinando
855 2641 905 2694 id
929 2640 1134 2695 vitare?
1158 2636 1623 2705 Quemadmodum
1648 2636 1757 2701 ille,
1774 2635 1822 2690 si

236 2742 264 2782 a
289 2729 407 2786 loco
430 2730 753 2798 declinaret,
788 2731 1125 2798 liberaretur,
1153 2730 1230 2784 sic
1258 2738 1315 2785 et
1361 2736 1416 2782 tu
1457 2727 1590 2782 tales
1623 2727 1823 2796 cogita-

228 2822 402 2879 tiones
432 2841 500 2879 ne
526 2826 785 2895 excipias,
807 2835 863 2879 et
884 2840 915 2877 a
948 2833 1167 2893 peccato
1196 2822 1366 2891 fugies
1396 2839 1409 2875 :
1440 2820 1640 2889 repelle
1669 2818 1822 2887 cupi-

228 2914 472 2971 ditatem.
512 2917 582 2971 Et
608 2916 880 2986 quomodo
907 2914 1208 2983 repellam?
1243 2912 1476 2981 inquies.
1516 2910 1572 2964 Si
1608 2907 1823 2979 gentilis

1467 3034 2754 3057 —-———————_———.-—————._—_.—_‘~

1957 451 2125 505 esses,
2153 448 2206 494 et
2226 443 2507 509 praesentia
2540 453 2744 503 tantum
2775 449 3137 522 admirareris,
3170 457 3310 517 forte
3335 479 3423 520 res
3450 483 3543 523 es»

1956 539 2039 583 set
2067 529 2329 598 difficilis,
2363 537 2571 592 etiamsi
2600 541 2828 610 gentiles
2853 543 2954 600 hoc
2983 546 3210 605 fecerint
3239 563 3332 610 :at
3368 566 3422 611 ιιι
3450 576 3540 630 qut

1954 621 2144 676 cmlum
2163 632 2216 678 et
2229 626 2461 683 etelestia
2476 641 2778 702 exspectas,
2799 635 2952 701 dicis,
2968 640 3247 707 Quomodo
3258 621 3541 719 repellant?

1951 710 2007 765 Si
2027 716 2354 770 contrarium
2373 719 2655 790 dixissem,
2677 733 2802 780 tunc
2817 726 3061 786 dubitare
3078 710 3370 805 oporteret;
3392 743 3435 795 si
3454 743 3506 798 di
3520 774 3538 784 -

1950 816 2128 859 cerem
2149 847 2166 874 ,
2212 808 2435 865 Divitias
2465 816 2812 885 concupisce,
2840 823 3229 894 reaponderes,
3259 828 3541 895 Quomodo

1951 897 2323 966 concupiscam
2346 901 2369 954 ?
2390 916 2511 959 cum
2532 906 2652 959 talia
2684 908 2915 965 videres.
2939 912 3035 967 Dic
3063 916 3190 970 mihi
3211 959 3226 985 ,
3251 921 3295 975 si
3322 937 3454 976 auro
3485 938 3539 981 et

1950 978 2211 1056 lapidibus
2240 993 2490 1060 pretiosis
2536 1002 2822 1069 propositis
2853 1003 3088 1061 dicerem
3144 1027 3158 1064 :
3206 1012 3537 1086 Concupisce

1949 1076 2257 1149 plumbum,
2294 1098 2361 1138 an
2407 1085 2723 1145 baesitares?
2764 1093 2977 1151 Diceres
3007 1109 3153 1155 certe
3194 1120 3208 1157 :
3253 1076 3535 1171 Quomodo

1947 1175 2207 1239 possunt?
2237 1175 2329 1230 Sin
2352 1177 2584 1236 dicerem
2606 1223 2621 1248 ,
2651 1183 2726 1239 Ne
2753 1190 3141 1259 concupiscas:
3172 1194 3275 1251 hoc
3324 1199 3531 1257 facilius

1945 1271 2108 1318 esset.
2140 1264 2255 1320 Non
2282 1266 2520 1324 admiror
2544 1271 2901 1343 despicientcs
2920 1319 2935 1345 ,
2971 1282 3064 1336 sed
3098 1299 3201 1343 non
3231 1287 3569 1367 despicien-_

1945 1361 2023 1408 tes
2056 1372 2068 1405 :
2102 1355 2202 1410 hoc
2226 1361 2521 1416 estanima:
2543 1365 2749 1433 ignavia
2784 1369 2971 1437 plenae,
3006 1389 3126 1442 qua:
3160 1379 3287 1432 nihil
3318 1380 3532 1439 ditt'erat

1941 1460 1969 1495 a
1997 1446 2193 1499 muscis
2221 1458 2274 1501 et
2302 1450 2578 1517 culicibus,
2611 1453 2755 1510 luuui
2786 1463 3017 1527 repentis
3055 1503 3072 1529 ,
3120 1462 3173 1518 in
3213 1464 3330 1521 luto
3366 1472 3530 1526 volu-

1941 1542 2102 1601 tatm,
2138 1537 2270 1593 nihil
2314 1556 2566 1610 maguum
2613 1548 2914 1615 cogitantis.
2968 1552 3105 1619 Quid
3146 1555 3321 1612 dicis?
3356 1560 3525 1617 Vitam

1939 1635 2191 1681 mternam
2226 1628 2538 1688 haereditate
2566 1649 2885 1707 accepturus
2904 1657 2962 1696 es
2982 1684 2996 1708 ,
3027 1655 3081 1698 et
3106 1646 3205 1714 ais,
3248 1651 3526 1717 Quomodo

1938 1730 2255 1785 praesentem
2283 1726 2443 1778 vitam
2472 1741 2581 1796 pra:
2613 1727 2701 1782 illa
2725 1740 3064 1789 contemnam
3087 1738 3110 1791 ?
3135 1755 3261 1793 num
3294 1756 3381 1798 res
3401 1752 3528 1800 sunt

1934 1819 2119 1865 mutuo
2148 1815 2582 1882 comparabiles‘t
2611 1818 2829 1891 Regiam
2862 1835 3064 1882 vestem
3092 1845 3151 1885 es
3174 1845 3520 1904 accepturus,

1931 1909 1988 1956 et
2030 1901 2186 1969 dicis,
2219 1904 2501 1969 Quomodo
2540 1923 2744 1977 pannos
2798 1922 3182 1975 contemnam?
3220 1923 3272 1978 in
3302 1901 3521 1997 ircgiant

1932 1992 2266 2063 ingressurus
2292 1997 2465 2064 dicis,
2500 2000 2783 2067 Quomodo
2823 2022 3108 2078 pauperem
3163 2012 3302 2070 hanc
3343 2032 3523 2075 casam

1931 2083 2265 2156 despiciam?
2293 2089 2429 2147 Vere
2459 2107 2556 2148 nos
2598 2112 2816 2167 semper
2866 2101 3022 2157 nobis
3050 2120 3208 2160 causa
3260 2110 3522 2167 malorum

1921 2192 2137 2246 sumus,
2165 2180 2259 2251 qui
2280 2183 2529 2240 nolumus
2563 2189 2831 2256 paululum
2860 2195 3105 2252 excitari.
3133 2198 3265 2255 Nam
3298 2204 3390 2271 qui
3426 2200 3537 2258 κιο-ι’

1930 2270 2174 2338 luerunt,
2217 2283 2362 2330 recte
2386 2292 2447 2332 se
2491 2293 2808 2350 gesserunt;
2853 2284 3015 2356 idque
3038 2303 3158 2343 cum
3188 2270 3383 2363 magno
3414 2294 3522 2351 fer-

1928 2375 2059 2417 vore
2084 2373 2138 2418 et
2176 2363 2446 2424 facilitate.
2480 2369 2691 2427 Utinam
2718 2384 2776 2429 et
2802 2391 2895 2431 vos
2938 2390 3123 2436 nostra
3150 2383 3518 2445 admonitione

1929 2455 2191 2522 persuasi.
2222 2467 2368 2514 recte
2392 2462 2594 2531 agatis,
2628 2464 3028 2540 intitatoresque
3053 2472 3172 2527 sitis
3207 2490 3393 2531 eorum
3423 2480 3516 2550 qui

1929 2548 2184 2616 praeclare
2205 2564 2264 2606 se
2287 2565 2589 2624 gesserunt,
2620 2560 2788 2627 gratia
2812 2572 2864 2616 et
2890 2563 3217 2636 benignitate
3259 2571 3514 2641 unigeniti

1930 2639 2087 2703 Filii,
2114 2645 2326 2711 quicum
2355 2645 2534 2711 Patri,
2568 2665 2776 2720 unaque
2816 2667 3002 2711 sancto
3039 2658 3296 2728 Spiritui,
3324 2665 3514 2733 gloria,

1929 2730 2231 2799 imperium,
2264 2732 2456 2802 honor,
2489 2752 2626 2792 nunc
2648 2748 2703 2794 et
2738 2757 2971 2813 semper,
3002 2757 3058 2802 et
3087 2749 3139 2803 in
3170 2754 3365 2807 siccula
3412 2771 3517 2810 sa:-

1928 2820 2199 2876 culorum.
2229 2825 2426 2879 Amen.

2775 3044 3516 3076 _........._____________

1562 3112 1909 3173 HOMILIA
1954 3112 2120 3176 VIII.

229 3269 346 3325 Car.
386 3269 443 3322 5.
490 3282 543 3321 ν.
574 3267 625 3319 -I.
651 3265 820 3318 Simul
848 3262 1027 3316 Petrus
1055 3271 1100 3314 et
1138 3258 1364 3313 Joannes
1387 3254 1723 3310 ascendebant
1765 3254 1817 3307 in

501 3353 744 3424 templum
772 3354 840 3405 ad
866 3354 1043 3405 lteram
1077 3349 1319 3404 orationis
1341 3363 1545 3400 nonam.

291 3451 343 3504 1.
370 3448 434 3503 lli
461 3447 657 3516 ubique
682 3460 926 3515 magnam
977 3443 1114 3496 inter
1140 3458 1196 3495 se
1219 3439 1563 3494 concordiam
1613 3438 1814 3492 habere

232 3541 640 3611 consliicitttttur.
678 3535 812 3590 Huic
855 3536 1018 3589 innuit
1068 3533 1252 3587 Petrus
1285 3548 1304 3586 :
1336 3533 1490 3586 simul
1522 3532 1586 3585 ad
1630 3530 1811 3601 sepul-

228 3645 366 3686 crum
394 3630 556 3684 aii-bo
599 3628 818 3681 veniunt
849 3643 862 3679 :
891 3626 958 3680 de
987 3625 1191 3678 Joanne
1214 3624 1341 3677 dicit
1365 3623 1553 3676 Petrus
1577 3620 1810 3685 L‘hristo,

236 3722 323 3776 llic
354 3733 527 3779 autem
567 3722 693 3792 quid
720 3718 910 3793 (Joan.
948 3719 1032 3773 15.
1064 3717 1155 3771 24.
1194 3728 1236 3770 et
1261 3715 1350 3770 20.
1384 3717 1437 3769 5.
1479 3724 1522 3767 ct
1556 3714 1645 3767 21.
1674 3712 1735 3767 2t
1765 3713 1813 3784 )?

236 3819 336 3871 Alia
365 3818 582 3888 quidem
609 3816 756 3885 signa
792 3812 1139 3885 praetermisit
1168 3810 1327 3877 hujus
1375 3809 1490 3861 libri
1540 3808 1807 3877 scriptor;

233 3911 357 3976 quod
386 3926 514 3964 vero
545 3908 598 3962 iu
624 3918 895 3975 stuporem
937 3914 989 3958 et
1024 3903 1649 3983 admirationemomnes
1678 3916 1808 3954 con-

229 4002 447 4068 jicicbat,
477 4000 608 4055 illud
634 4000 888 4053 narravit.
919 3998 983 4051 lit
1003 3996 1386 4054 animadverte.
1415 3993 1533 4093 illos
1556 4009 1659 4046 non
1681 4007 1808 4093 con:

234 4093 337 4144 sitio
379 4095 482 4147 huc
537 4092 779 4155 venisse;
827 4089 899 4143 ita
929 4089 996 4142 ab
1045 4087 1191 4140 omni
1249 4084 1606 4139 Ostentatione
1658 4084 1805 4136 vacui

233 4196 401 4248 erant,
446 4185 835 4250 ductoremque
875 4195 1027 4232 suum
1080 4176 1441 4231 imitabantur.
1486 4170 1593 4227 Cur
1632 4183 1807 4226 autent

232 4275 576 4329 ascenderunt
606 4273 656 4325 in
709 4272 1001 4340 templum“!
1044 4268 1178 4323 Num
1231 4268 1407 4321 adhuc
1459 4264 1680 4319 Judaiee
1727 4263 1806 4315 vi-

235 4368 452 4421 vehant?
478 4366 738 4429 Minime;
769 4361 864 4416 sed
893 4360 1102 4413 utiliter
1132 4358 1237 4411 hoc
1266 4356 1485 4409 faciunt.
1519 4354 1648 4407 Nam
1692 4368 1809 4405 rur~

235 4471 312 4510 sus
332 4461 540 4528 signum
565 4454 762 4515 editur,
787 4450 931 4522 quod
954 4449 1074 4502 illos
1099 4448 1405 4509 continuet,
1428 4446 1666 4514 aliosque
1690 4457 1810 4511 pcr-

237 4551 391 4605 Ii'abat
420 4570 433 4605 :
462 4552 702 4620 signum,
728 4547 966 4614 inquam,
987 4541 1144 4608 quale
1171 4538 1411 4592 nondum
1432 4537 1688 4590 fecerant.
1708 4532 1809 4587 Na-

239 4646 400 4699 turalis
424 4655 543 4699 erat
578 4641 819 4703 morbus,
848 4637 950 4691 arti
976 4633 1197 4689 medica:
1226 4647 1330 4684 non
1369 4630 1566 4685 cedens
1596 4645 1609 4681 :
1644 4629 1748 4683 imo
1778 4644 1806 4682 a

238 4736 565 4807 quadraginta
588 4732 745 4787 anuis
760 4728 1113 4789 claudiCaliat,
1138 4733 1193 4777 ut
1212 4723 1405 4777 deinde
1422 4723 1629 4823 dicitur,
1651 4737 1807 4776 nemo

240 4825 368 4881 illum
399 4830 449 4881 in
504 4838 614 4880 tam
651 4826 807 4892 longo
849 4832 1092 4889 tetnpore
1120 4825 1419 4869 curaverat.
1454 4814 1610 4867 Scitis
1641 4828 1800 4874 vero,

241 4917 379 4974 lizeca
414 4919 685 4975 natalibus
716 4915 850 4969 mala
880 4921 1063 4969 curato
1095 4926 1216 4966 esse
1250 4907 1571 4963 difﬁciliora.
1605 4906 1806 4960 Tantus

239 5024 333 5064 t'tat
355 5014 578 5066 morbus
597 5018 736 5062 utne
756 5004 970 5074 quidem
1000 5001 1362 5077 necessarium
1390 4998 1489 5053 sibi
1513 4998 1688 5052 cibum
1714 5012 1805 5067 pa-

240 5115 339 5156 rate
364 5112 560 5172 pessct.
590 5095 953 5166 Insignisvero
978 5103 1112 5159 erat,
1135 5104 1243 5145 ttmt
1262 5109 1290 5144 a
1312 5093 1451 5153 loco,
1477 5099 1586 5143 tum
1605 5104 1632 5141 a
1661 5104 1804 5140 mor-

240 5190 292 5244 bo
309 5211 324 5257 ;
342 5203 392 5248 et
406 5190 702 5263 quomodo,
718 5183 931 5270 audi“).
954 5183 1019 5237 Et
1042 5184 1249 5253 quidam
1265 5183 1360 5247 vir,
1383 5182 1571 5250 inquit,
1595 5179 1805 5232 claudus

239 5298 286 5337 ex
302 5295 430 5338 utero
451 5283 629 5337 matris
659 5293 766 5333 suw
786 5275 1106 5347 bnjulabatur
1127 5288 1300 5338 :quem
1319 5274 1564 5341 ponebant
1585 5270 1806 5338 quotidie

239 5378 292 5428 ad
310 5389 498 5444 portam
523 5372 733 5444 templi,
757 5385 871 5441 qua:
899 5368 1086 5421 dicitur
1111 5366 1373 5433 Speciosn,
1404 5374 1455 5415 nt
1477 5373 1657 5433 peteret
1680 5364 1805 5414 etce-

244 5484 478 5536 mosyttam
505 5466 568 5519 ab
606 5460 972 5517 introeuntibus
1000 5458 1053 5509 in
1091 5455 1354 5522 templum.
1392 5452 1803 5556 Elecmosytmtn

240 5573 346 5624 ergo
373 5559 580 5629 pelclul
601 5597 615 5620 ,
646 5562 701 5607 et
729 5547 1240 5617 nesciebathuinatn
1272 5544 1365 5596 viri
1390 5553 1588 5596 essent.
1612 5543 1663 5645 ἕ,ἶ
1705 5541 1804 5645 Qui

242 5663 333 5703 cum
368 5652 567 5705 uidisset
602 5648 806 5700 Petrum
832 5653 875 5697 et
917 5642 1165 5696 Joannem
1192 5637 1482 5706 incipientes
1518 5637 1719 5688 introire
1754 5637 1804 5688 in

244 5754 477 5823 imptum,
509 5750 722 5821 rogabat
745 5757 797 5800 αι
818 5745 1182 5811 ειιιωηιιεῃηαηι
1212 5736 1480 5805 acciperet.
1512 5733 1563 5787 4.
1595 5726 1805 5788 Πιιιιεηι

1921 3265 2089 3309 autem
2124 3260 2175 3310 in
2214 3275 2324 3312 eum
2358 3260 2539 3317 Petrus
2571 3282 2684 3319 cum
2712 3268 2947 3336 Joanne,
2992 3275 3121 3329 dixit
3151 3296 3168 3330 :
3203 3279 3412 3350 Reipice
3448 3287 3506 3338 in

1920 3363 2029 3401 nos.
2070 3348 2179 3403 lloc
2207 3354 2349 3406 audit
2376 3370 2390 3419 ;
2427 3355 2512 3410 ille
2549 3373 2674 3411 vero
2707 3378 2878 3433 neque
2906 3367 2983 3419 sic
3010 3368 3250 3438 erigitur,
3283 3376 3376 3428 sed
3408 3379 3503 3430 ad-

1921 3436 2024 3492 huc
2049 3453 2223 3494 manet
2272 3444 2497 3500 instans.
2544 3448 2686 3502 Talis
2713 3453 2854 3506 enim
2887 3464 2969 3509 est
2998 3470 3282 3527 paupertas
3305 3504 3320 3528 ,
3374 3464 3504 3521 dare

1918 3532 2233 3599 negantibus
2265 3536 2426 3590 instat
2468 3546 2522 3592 et
2561 3543 2706 3611 Cogit
2750 3544 2887 3600 illos.
2940 3548 3330 3606 l'lrubesrauius
3363 3572 3460 3609 nos
3484 3598 3499 3623 ,

1917 3621 2006 3689 qui
2032 3639 2060 3674 a
2095 3626 2340 3692 precibus
2372 3630 2657 3685 resilimus.
2685 3633 2826 3710 νεαρ
2855 3647 3055 3707 autem,
3087 3659 3243 3710 quam
3271 3649 3378 3701 cito
3409 3647 3505 3701 Ile-

1919 3720 2032 3765 trus
2078 3717 2537 3774 mansuetudinem
2584 3707 2873 3792 exhibe-at,
2921 3729 3153 3785 dicens:
3192 3733 3399 3803 lli-spica
3446 3741 3498 3793 in

1916 3820 2028 3857 nos.
2076 3804 2165 3862 Sic
2197 3808 2403 3863 illoruttt
2445 3811 2654 3868 habitus
2698 3833 2793 3886 per
2824 3834 2883 3874 se
2914 3838 3091 3878 mores
3121 3825 3404 3882 indic-ibat.

1915 3898 1980 3949 At
2002 3896 2090 3951 ille
2113 3900 2401 3956 intendebat
2427 3904 2478 3957 in
2507 3922 2610 3969 eos,
2642 3924 2853 3977 sperans
2879 3928 2933 3965 se
2958 3915 3154 3985 aliquid
3176 3932 3498 3990 accepturum

1913 3987 1976 4039 ab
2005 3988 2094 4041 eis.
2126 3988 2177 4043 6.
2213 3989 2393 4047 Petrus
2418 4005 2588 4048 autem
2612 3997 2740 4052 dixit
2769 4014 2787 4053 :
2815 4001 3092 4072 Argentum
3114 4017 3161 4060 et
3193 4027 3373 4063 aurum
3401 4029 3500 4066 non

1913 4089 1985 4130 est
2015 4080 2140 4132 mihi
2159 4121 2173 4139 .
2217 4084 2351 4150 quod
2395 4096 2563 4139 autem
2594 4087 2771 4155 habeo,
2803 4092 2896 4146 hoc
2922 4096 3009 4148 tibi
3038 4099 3124 4149 do.
3176 4100 3289 4153 Non
3323 4103 3450 4155 dixit
3479 4143 3494 4170 ,

1915 4168 2044 4224 lieni
2084 4172 2249 4227 multo
2281 4178 2648 4242 pretiosiorem
2674 4195 2895 4250 argento
2937 4187 3005 4239 do
3039 4190 3130 4241 tibi
3158 4206 3171 4252 ;
3206 4192 3297 4245 sed
3326 4194 3496 4261 quid?

1916 4260 1979 4314 In
2009 4266 2211 4318 nomine
2233 4267 2355 4321 Jcsn
2373 4269 2558 4323 Christi
2584 4270 2846 4327 Nazareni
2865 4293 3016 4346 surge
3031 4289 3075 4330 et
3105 4283 3328 4337 anilmlu.
3357 4284 3404 4337 7.
3432 4285 3496 4339 Et

1915 4355 2233 4420 apprehensa
2254 4374 2405 4409 manu
2425 4360 2751 4428 ejus‘dextra,
2771 4366 3004 4418 nllevnoit
3023 4386 3154 4421 eum.
3196 4375 3266 4425 lla
3300 4374 3421 4429 fet-il
3443 4387 3495 4431 cl

1915 4442 2182 4508 Christus,
2203 4462 2344 4516 saepe
2375 4464 2587 4502 manum
2620 4454 2874 4521 porrexit,
2895 4458 3105 4524 quando
3135 4476 3282 4516 erant
3311 4465 3361 4519 iu
3394 4469 3494 4524 tide

1916 4534 2258 4602 inlirtniores,
2281 4547 2416 4592 utne
2435 4539 2702 4596 videretur
2723 4560 2809 4597 res
2841 4561 2905 4599 ex
2938 4560 3127 4615 Sponte
3156 4566 3249 4607 sua
3271 4556 3405 4610 ﬁeri.
3431 4555 3496 4612 1ιί

1914 4629 2232 4698 apprehensa
2270 4649 2423 4689 numu
2450 4635 2557 4705 ejus
2582 4636 2776 4703 dextra,
2808 4639 3042 4696 allevavit
3070 4662 3203 4700 emn.
3239 4650 3351 4705 Hoc
3382 4670 3496 4707 uta-

1915 4720 2160 4774 nifeslant
2212 4721 2336 4778 fecit
2377 4731 2818 4783 resurrectionem
2844 4749 2858 4785 :
2886 4732 2998 4807 lucc
3021 4739 3218 4807 quippe
3248 4756 3494 4797 rcsurre.

1912 4815 2103 4867 ctionis
2134 4816 2305 4884 imago
2331 4826 2464 4871 erat.
2497 4818 2562 4872 Et
2594 4823 2826 4890 protinus
2854 4827 3180 4883 consolidant:
3207 4845 3322 4903 sunt
3353 4834 3494 4889 bases

1911 4906 2020 4974 ejus
2046 4915 2089 4959 et
2118 4905 2322 4975 planae,
2347 4910 2401 4964 8.
2432 4918 2476 4962 et
2504 4914 2738 4966 exsitiens
2763 4916 2896 4968 stetit
2912 4958 2924 4975 .
2950 4928 2995 4970 et
3013 4922 3319 4976 (tnttntlubnt.
3355 4925 3493 4979 'l'en-

1914 5007 2029 5051 tans
2058 4998 2190 5051 forte
2219 5001 2451 5068 seipsum
2474 5042 2488 5065 ,
2537 5010 2590 5055 et
2618 5004 2872 5072 majorem
2900 5009 3287 5074 exterieutian
3323 5016 3488 5070 facie-

1912 5085 1994 5139 bat
2024 5129 2039 5150 ,
2074 5103 2196 5140 num
2226 5089 2419 5142 frustra
2449 5090 2498 5142 id
2527 5090 2721 5146 factum
2753 5107 2915 5150 esset.
2948 5097 3147 5154 lutirmi
3180 5102 3296 5172 ejus
3324 5106 3490 5171 pedes

1911 5189 2099 5241 erant,
2132 5196 2235 5232 non
2288 5182 2530 5237 abscissi.
2568 5185 2790 5248 Quidam
2822 5204 2949 5241 vero
2977 5187 3160 5244 dicunt
3208 5192 3240 5260 il
3261 5206 3377 5247 sum
3408 5198 3491 5248 tuo

1911 5271 2104 5325 cedere
2134 5274 2437 5327 nescivisse.
2471 5274 2532 5327 Et
2556 5276 2760 5330 intravit
2787 5295 2898 5331 eum
2922 5280 3021 5331 illis
3049 5297 3098 5332 ιη
3123 5281 3362 5349 (emplum
3388 5303 3496 5337 tun-

1912 5362 2110 5416 bnluns.
2148 5361 2284 5415 Vere
2320 5364 2671 5419 admiratione
2722 5368 2876 5436 digna
2936 5385 3020 5422 res
3071 5381 3208 5425 erat.
3260 5372 3374 5427 Non
3419 5377 3491 5432 illi

1915 5454 2085 5522 ipsum
2111 5453 2332 5515 ducunt,
2362 5456 2453 5508 sed
2483 5461 2742 5528 sequitur,
2764 5470 2816 5513 et
2838 5462 3112 5528 sequendo
3136 5463 3497 5523 litillcrtic.ttl't'5

1911 5544 2180 5607 ostendit;
2209 5552 2368 5613 atque
2396 5544 2554 5599 etiam
2586 5548 2725 5616 quod
2753 5548 3008 5602 exsiliens
3035 5550 3273 5606 laudaret
3302 5555 3488 5627 Deum,

1912 5652 2019 5692 non
2051 5636 2168 5692 illos
2203 5636 2512 5690 admirando
2541 5639 2784 5703 laudas,
2813 5639 2905 5693 sed
2935 5642 3117 5708 Deum,
3147 5645 3234 5714 qui
3264 5664 3357 5717 per
3380 5650 3498 5710 illos

1913 5742 2164 5802 operatus
2193 5739 2327 5787 erat.
2381 5728 2450 5782 Ita
2483 5741 2633 5799 grato
2663 5731 2741 5784 vir
2769 5730 2949 5784 animo
2985 5744 3121 5791 erat.
3172 5738 3276 5794 Sed
3310 5743 3490 5813 priora
