3976 6144
444 240 506 297 Ἡ
1198 234 1256 294 S.
1297 231 1572 291 JOANNIS
1606 228 2077 285 CHRYSOSTUMI
2117 230 2433 285 AllGlllEP.
2475 231 3002 296 CONSTANTI‘NOP.
3663 244 3732 298 ἸΙ

449 365 769 425 repetamus.
803 348 1146 405 Aaccttdebant
1170 388 1186 415 ,
1234 349 1426 416 inquit,
1467 349 1536 400 ad
1572 347 1746 399 lteram
1783 345 2025 398 orationis

444 460 660 498 nonam.
715 440 980 496 Fortassis
1008 438 1100 493 illo
1135 448 1374 508 tempore
1402 434 1740 503 deportatum
1781 434 2028 488 claudum

450 537 806 606 disponebant,
838 532 1050 603 quando
1080 548 1310 586 maxnnc
1343 531 1637 585 iutrabatur
1663 530 1714 582 itt
1750 521 2026 594 templum.

446 628 523 684 Ne
543 629 659 697 quis
681 633 809 682 vero
837 627 1064 694 putaret,
1087 625 1156 677 ob
1173 623 1328 677 aliain
1353 638 1464 676 rem
1489 622 1824 690 deportatum
1844 618 2026 684 fuisse,

445 729 501 774 et
527 735 632 771 non
678 729 733 771 ttt
769 718 1074 785 acciperet;
1123 712 1242 767 vide
1293 713 1560 783 quomodo
1597 711 1648 765 id
1676 711 1820 764 clare
1862 709 2029 779 signi-

447 812 600 876 licet,
644 809 872 863 dicendo
905 824 919 860 :
952 802 1216 859 Ponebant
1245 805 1390 857 illum
1420 815 1474 854 ut
1502 801 1869 871 eleemosynam
1891 798 2030 851 acci-

446 913 584 971 peret
608 899 670 954 ab
696 898 1064 952 introeuntibus
1091 898 1144 950 in
1181 896 1441 964 templum.
1486 891 1610 946 ldeo
1637 900 1692 944 et
1723 891 1838 944 loca
1878 903 2028 942 com-

459 1002 719 1046 memorat
760 991 810 1042 in
832 993 1198 1058 argnmeutmn
1223 987 1407 1039 eoruin
1444 993 1561 1054 qua:
1595 981 1800 1037 s‘cribit.
1825 979 1890 1033 Ει
1911 993 2024 1044 cur,

445 1082 674 1152 inquies,
693 1081 842 1135 illum
862 1096 964 1132 tton
982 1077 1195 1134 Christo
1217 1073 1576 1129 adduiterunt?
1599 1072 1755 1127 Forte
1773 1069 2030 1125 increduli

444 1181 601 1228 crant
639 1173 713 1237 ii,
761 1171 847 1238 qui
891 1169 1088 1238 templo
1119 1167 1426 1221 assidebant
1451 1207 1466 1232 ,
1499 1163 1928 1235 quandoquidem
1960 1168 2028 1216 ne

443 1263 700 1330 apostolis
720 1261 932 1331 quidem
954 1261 1124 1328 ipsum
1145 1259 1480 1321 obtulerunt,
1503 1271 1622 1309 cum
1648 1253 1890 1307 viderent
1910 1252 2028 1307 illos

444 1354 646 1424 ingredi
670 1392 688 1420 ,
729 1363 846 1422 post
876 1362 951 1405 tot
977 1353 1116 1406 edita
1149 1349 1421 1402 miracula.
1453 1346 1704 1418 Rogabat,
1739 1345 1930 1415 inquit,
1971 1353 2027 1397 ut

444 1447 811 1514 eleentosynam
840 1443 1105 1510 acciperet.
1149 1438 1308 1492 Forte
1334 1453 1397 1492 ex
1428 1438 1610 1491 habitu
1639 1437 1758 1491 illos
1784 1445 1840 1490 ut
1864 1449 2026 1506 quos-

446 1536 567 1589 dam
602 1537 716 1603 pios
743 1535 884 1586 viros
909 1531 1267 1594 existimavit;
1298 1529 1524 1598 ideoque
1554 1528 1779 1581 detinuit
1802 1535 1916 1582 eos.

521 1623 700 1678 l’etrua
738 1640 888 1692 quam
930 1624 1123 1675 alienus
1161 1639 1191 1673 a
1234 1619 1621 1689 fuam—Vide
1664 1628 1862 1682 autem,
1894 1632 2025 1690 quos

443 1715 600 1769 modo
625 1713 858 1769 Joannes
899 1712 1092 1781 ubique
1118 1712 1306 1774 sileat;
1351 1711 1540 1765 Petrus
1568 1725 1692 1765 vero
1723 1711 1883 1765 etiam
1927 1724 2024 1779 pro

443 1807 534 1859 illo
560 1807 818 1858 rationem
845 1803 1031 1857 reddat
1055 1821 1066 1855 :
1094 1803 1368 1872 Argentum
1395 1811 1442 1855 et
1462 1819 1644 1854 aurutn
1667 1818 1764 1855 non
1786 1812 1855 1855 est
1876 1803 2019 1868 mihi,

441 1893 624 1962 inquit.
679 1891 796 1946 Non
827 1893 989 1955 dixit,
1020 1887 1118 1946 Hic
1151 1906 1258 1944 non
1287 1889 1489 1956 habeo,
1542 1902 1595 1944 ut
1628 1907 1725 1944 nos
1753 1892 1980 1945 dicimus
2003 1931 2018 1958 ,

437 1986 529 2039 sed
564 1999 809 2052 prorsus,
853 1982 968 2038 Non
1002 1982 1192 2034 habeo.
1243 1981 1378 2047 Quid
1409 1997 1536 2052 ergo
1565 1982 1826 2035 claudus?
1868 1982 2020 2036 Mene

436 2077 726 2146 Supplicem
757 2075 1033 2146 despicis?
1059 2073 1172 2128 Non
1198 2116 1210 2138 ,
1246 2074 1434 2144 inquit;
1468 2074 1561 2128 sed
1599 2073 1666 2127 de
1697 2075 1760 2128 iis
1785 2091 1903 2144 quae
1927 2073 2021 2128 lia-

437 2167 537 2218 beo
565 2167 766 2234 accipe.
828 2165 1030 2227 Vitlen’,
1061 2165 1332 2231 quomodo
1361 2179 1389 2216 a
1417 2165 1553 2216 fastu
1579 2163 1782 2218 alienus
1818 2165 1888 2218 sit
1916 2165 2018 2218 Pe-

437 2267 551 2311 trus
575 2300 588 2322 ,
623 2274 721 2311 nec
750 2273 810 2312 se
839 2266 1071 2310 os‘entet
1101 2257 1258 2308 etiam
1291 2257 1338 2309 ei
1365 2297 1378 2321 ,
1431 2255 1521 2325 qui
1551 2266 1580 2308 a
1615 2271 1673 2310 se
1703 2256 2017 2311 beneficium

435 2360 748 2416 accepturus
775 2347 898 2399 est?
940 2345 1013 2400 Os
1042 2347 1214 2413 itaque
1243 2355 1296 2398 et
1327 2360 1517 2399 manus
1549 2353 1713 2398 totuttt
1747 2345 2012 2400 fecerunt.

437 2438 596 2492 Tales
621 2447 774 2492 erant
812 2436 977 2491 Judaei
1026 2437 1389 2490 claudicantes
1427 2453 1441 2502 ;
1475 2445 1528 2490 et
1556 2451 1676 2490 cum
1710 2453 1844 2506 opus
1873 2447 2019 2492 esset

433 2536 714 2588 sanitatem
743 2514 924 2604 petere
944 2573 956 2595 ,
991 2533 1066 2585 illi
1095 2530 1274 2601 potius
1307 2531 1559 2600 pecunias
1589 2532 1839 2600 petebant
1868 2532 2016 2588 humi

432 2624 668 2696 iacentes
697 2641 710 2676 :
742 2624 830 2693 qui
862 2631 913 2676 et
947 2623 1065 2676 ideo
1095 2622 1292 2690 templo
1317 2621 1624 2676 assidebaut
1649 2664 1663 2687 ,
1695 2632 1750 2676 ut
1779 2623 2015 2677 ditareu—

435 2728 538 2770 tur.
597 2714 730 2782 Quid
775 2713 931 2783 igitur
970 2713 1207 2767 Petrus?
1265 2711 1378 2766 Non
1424 2713 1667 2782 despexit
1706 2730 1863 2778 eum,
1909 2723 2016 2770 noti

431 2807 647 2861 divitem
677 2805 950 2874 qtttesivit,
983 2819 1082 2858 nec
1109 2803 1242 2857 dixit
1263 2845 1276 2869 ,
1319 2802 1428 2858 Nisi
1462 2803 1514 2857 itt
1542 2804 1633 2858 illo
1662 2803 1749 2859 fiat
1783 2805 2015 2860 miracu-

432 2899 539 2951 lum
566 2938 580 2962 ,
627 2896 757 2949 nihil
790 2910 1036 2964 maguum
1069 2896 1172 2948 erit
1204 2911 1217 2946 :
1250 2911 1352 2946 non
1390 2895 1646 2949 honorem
1678 2896 2014 2966 exspectavit

432 2988 499 3042 ab
527 2988 638 3049 illo,
670 3001 841 3054 neque
873 3001 963 3052 pra
982 2985 1224 3038 sentibus
1253 2985 1571 3052 quibusdam
1595 2987 1799 3038 curavit
1829 2987 2010 3041 illum:

430 3087 548 3132 erat
573 3077 712 3129 enim
745 3075 824 3128 vir
853 3077 902 3128 in
935 3076 1174 3143 ingressu
1203 3115 1216 3139 ,
1251 3090 1354 3127 non
1389 3074 1531 3128 intus
1553 3116 1567 3138 ,
1613 3077 1698 3128 ubi
1733 3087 1848 3131 erat
1879 3078 2014 3132 mul-

434 3168 623 3221 titudo.
649 3169 712 3220 At
742 3166 869 3219 nihil
895 3166 1084 3219 horum
1113 3167 1356 3234 qtttnsivit
1380 3167 1586 3233 Petrus,
1617 3184 1788 3239 neque
1811 3171 2016 3240 ingres-

433 3271 524 3313 sus
554 3258 890 3327 pra'dicavit,
935 3258 1026 3310 sed
1067 3264 1134 3310 ex
1163 3257 1277 3309 solo
1306 3257 1486 3310 habitu
1515 3259 1759 3313 claudum
1788 3264 2007 3316 attraxit

433 3351 499 3407 ad
546 3351 850 3420 petendum.
884 3348 1143 3418 Quodque
1176 3349 1366 3401 mirum
1394 3358 1474 3402 est
1499 3390 1513 3412 ,
1565 3351 1654 3402 ille
1685 3354 1862 3405 statim
1891 3368 2009 3408 (ει-ει

433 3445 584 3498 didit.
633 3443 762 3497 Nam
791 3442 879 3510 qui
911 3457 940 3494 τι
979 3441 1198 3494 diutinis
1239 3441 1438 3495 morbis
1470 3441 1673 3495 liberati
1715 3453 1876 3511 Sunt,
1921 3449 2008 3501 vix

429 3538 652 3591 credunt
675 3537 836 3589 etiam
863 3549 924 3588 ea
950 3549 1068 3603 qua:
1101 3533 1298 3587 vident.
1331 3533 1396 3587 Et
1425 3543 1639 3588 sanatus
1668 3534 1860 3590 deinde
1888 3551 2008 3592 eum

433 3626 691 3696 apostolis
716 3636 851 3690 erat,
879 3625 1079 3694 gratias
1109 3639 1271 3694 agens
1302 3625 1430 3678 Deo.
1463 3623 1526 3677 Et
1555 3625 1781 3692 intravit,
1817 3626 2005 3697 inquit,

435 3734 548 3771 cum
574 3718 676 3771 illis
703 3717 757 3770 in
793 3716 1068 3784 templum,
1100 3715 1364 3768 ambulans
1384 3756 1398 3781 ,
1443 3716 1677 3770 exsiliens
1704 3729 1750 3770 et
1791 3719 2008 3773 laudans

433 3808 616 3862 Deum.

501 3899 556 3953 2.
603 3897 732 3952 Vide
752 3939 766 3960 ,
796 3897 1064 3966 quomodo
1091 3913 1194 3952 non
1225 3900 1465 3968 quiescat
1491 3938 1506 3962 ,
1536 3909 1645 3952 tum
1677 3915 1744 3955 ex
1775 3900 2002 3971 gaudio,

435 4001 546 4045 tum
576 3997 632 4043 ut
670 3985 869 4044 ludatis
893 3989 986 4042 ora
1015 3989 1276 4043 obstruat.
1309 3988 1378 4046 Ut
1405 4001 1581 4044 autem
1614 3993 1820 4047 videtur
1852 3995 2004 4060 mihi,

433 4093 500 4138 tte
534 4081 804 4137 videretur
840 4081 1092 4136 ementita
1130 4095 1250 4145 res,
1298 4080 1416 4135 ideo
1458 4083 1568 4150 ipse
1607 4085 1817 4138 saltavit
1852 4103 1865 4140 τ
1908 4083 2007 4142 hoc

429 4173 570 4228 enim
603 4172 746 4225 nullo
774 4169 932 4225 modo
959 4170 1193 4225 simulari
1227 4180 1452 4240 poterat.
1485 4173 1584 4240 Qui
1615 4177 1757 4228 enim
1785 4177 2006 4230 oumino

431 4272 535 4316 non
567 4270 774 4332 poterat
817 4259 1064 4314 incedere
1089 4301 1104 4326 ,
1155 4261 1292 4315 laute
1335 4261 1490 4316 etiam
1525 4272 1785 4333 cogente;
1832 4281 2006 4336 neque

429 4356 572 4408 enim
618 4353 873 4407 voluisset
911 4367 1031 4406 cum
1066 4352 1256 4422 bajulis
1295 4354 1664 4426 eleemosynas
1693 4359 1914 4426 partiri,
1959 4361 2004 4414 si

428 4446 574 4500 solus
597 4445 681 4500 ire
709 4446 1002 4513 potuisset;
1034 4446 1198 4499 multo
1226 4447 1394 4516 magis
1423 4458 1566 4502 tunc.
1607 4452 1884 4516 Quomodo
1911 4469 2008 4507 au-

429 4539 536 4589 tem
575 4535 876 4588 sitnulasset
904 4536 954 4587 in
985 4536 1206 4602 gratiam
1238 4551 1419 4590 eorum
1445 4578 1459 4602 ,
1491 4539 1578 4607 qui
1610 4539 2006 4614 eleemosyuam

432 4640 536 4678 non
568 4623 868 4677 dederant?
895 4625 999 4677 Sed
1031 4625 1164 4693 grati
1191 4625 1355 4677 animi
1383 4626 1460 4678 vir
1487 4639 1619 4692 erat,
1654 4631 1813 4684 etiam
1843 4634 2004 4703 adep-

432 4726 514 4767 tus
544 4714 843 4766 sanitatem.
880 4712 1134 4782 Utrittque
1156 4729 1283 4782 ergo
1312 4715 1482 4770 ildelis
1509 4719 1830 4789 ostenditur,
1856 4733 1911 4778 et
1936 4739 2000 4780 ex

429 4806 715 4874 gratiarum
746 4804 954 4858 actione
975 4843 989 4867 ,
1032 4814 1088 4859 et
1114 4819 1176 4858 ex
1206 4820 1271 4859 eo
1301 4806 1439 4876 quod
1470 4809 1681 4864 aecidit.
1729 4812 1843 4868 Non
1873 4831 2003 4871 sane

437 4894 676 4948 nauibus
704 4899 861 4950 notus
884 4904 1036 4960 erat;
1090 4896 1228 4951 unde
1255 4906 1310 4952 et
1336 4901 1700 4968 agnoscebant
1728 4904 1896 4959 illum.
1945 4907 1997 4962 9.

437 4987 494 5044 ιιί
536 4986 660 5040 vidit
690 5002 803 5040 eum
829 5026 844 5051 ,
889 4986 1091 5056 inquit,
1137 4990 1299 5042 omnis
1341 4990 1558 5060 populus
1587 4993 1923 5050 ambulantem
1952 5007 2001 5052 et

441 5077 714 5137 hudunlem
747 5079 927 5132 Deum.
960 5078 1044 5133 10.
1077 5077 1549 5153 Cognoscebantquc
1575 5087 1740 5154 ipsum
1766 5104 1890 5148 esse.
1913 5092 2001 5161 qui

440 5171 495 5224 sil
528 5170 896 5238 eleentosqnam
928 5169 1126 5221 sedebat
1153 5171 1220 5222 ad
1247 5170 1540 5240 Speciosam
1572 5187 1766 5245 portum
1807 5182 2000 5250 templi.

427 5261 568 5313 liene
596 5261 732 5314 dixit
757 5303 770 5323 ,
811 5260 1182 5330 Cognoscebant
1212 5277 1230 5314 :
1258 5279 1381 5317 nam
1413 5277 1593 5332 posth
1624 5286 1726 5322 non
1753 5273 2002 5340 Cognosci

424 5360 586 5420 imptt
617 5368 628 5402 :
664 5355 761 5405 ltac
787 5352 982 5420 quippe
1025 5366 1151 5405 voce
1195 5354 1392 5407 utimur
1431 5356 1572 5409 circa
1611 5374 1740 5424 eos,
1785 5363 1872 5430 qui
1918 5366 2000 5416 vix

417 5451 794 5509 agnoscuntur.
813 5442 968 5496 Credi
991 5457 1118 5512 ergo
1138 5446 1436 5512 oportebat,
1461 5449 1858 5505 notnenChristi
1885 5470 1979 5522 pec

423 5542 539 5584 cata
567 5532 838 5587 dimittere
862 5573 878 5598 ,
907 5535 1046 5602 quod
1077 5543 1220 5588 tanta
1250 5547 1578 5604 operaretur.
1609 5540 1696 5593 tl.
1723 5541 1848 5595 Cum
1872 5555 2005 5596 tene-

417 5631 493 5676 ret
521 5632 686 5675 autem
712 5623 755 5678 ia
779 5663 795 5689 ,
824 5625 910 5694 qui
936 5637 1148 5680 sanatus
1174 5631 1359 5696 fuerat,
1391 5628 1603 5686 Petrum
1635 5642 1682 5688 et
1711 5631 1962 5691 JOannem
1986 5680 1999 5706 ,

2138 346 2368 399 convenit
2413 349 2578 402 omnis
2621 352 2844 420 populus
2881 351 2948 403 ad
2997 350 3247 419 porticum
3283 368 3398 423 qua:
3438 359 3735 427 appcliatur

2135 434 2448 502 Salomonis,
2479 444 2751 507 stupentes.
2784 442 2859 494 Et
2888 432 3258 496 benevolentia
3283 452 3338 497 et
3359 446 3597 502 amicitia
3620 465 3732 505 non

2133 526 2478 593 separabatur
2514 529 2583 582 ab
2613 530 2742 598 ipsis
2771 532 3024 594 claudus,
3074 532 3302 590 fortasse
3335 537 3536 607 gratias
3565 548 3734 610 agans

2133 622 2186 669 et
2211 617 2432 671 laudans
2455 620 2591 673 illos.
2624 619 2691 673 Et
2713 622 3024 688 occurrebat,
3059 624 3261 694 inquit,
3297 631 3460 682 omnis
3487 632 3732 699 papulas.

2137 706 2222 760 12.
2266 707 2451 762 Viden:
2479 722 2644 764 autem
2674 712 2789 765 illo:
2822 712 3032 780 Petrus,
3062 717 3343 785 respondit.
3381 720 3590 776 Rursus
3619 725 3736 792 ipse

2133 806 2189 850 et
2214 805 2464 867 operatur
2489 811 2542 855 et
2571 803 2940 860 concinnatur.
2971 804 3106 860 Tum
3137 807 3351 876 quidem
3395 811 3517 865 illos
3541 815 3608 866 ad
3637 828 3737 869 att-‘-

2133 887 2385 944 dlendum
2412 895 2660 948 excitavit
2689 896 2984 965 linguarum
3015 899 3350 965 miraculum,
3383 917 3526 958 nunc
3549 916 3732 962 autem

2133 979 2235 1034 hoc
2263 983 2468 1052 signum
2494 1001 2507 1038 :
2533 995 2586 1039 et
2613 995 2736 1041 tunc
2764 987 3042 1040 exordium
3071 988 3222 1044 duxit
3246 1007 3275 1043 a
3315 993 3562 1062 crimine,
3587 1014 3732 1054 nunc

2131 1070 2199 1124 ab
2227 1072 2500 1140 Opinione.
2551 1075 2834 1130 Videamus
2879 1088 3096 1146 autem,
3137 1081 3263 1150 quid
3290 1083 3356 1138 ab
3387 1084 3476 1140 illa
3516 1087 3733 1145 diﬂ'erat

2133 1161 2247 1218 haec
2272 1167 2492 1233 concio,
2525 1174 2578 1222 et
2608 1169 2732 1236 quid
2767 1185 3052 1226 commune
3082 1187 3201 1227 cum
3247 1174 3335 1229 illa
3378 1177 3592 1233 habeat.
3628 1181 3728 1236 illa
3749 1225 3763 1233 .

2130 1253 2276 1308 domi
2307 1256 2465 1312 ﬁebat
2485 1300 2499 1325 ,
2530 1274 2649 1312 eum
2681 1265 2839 1315 nemo
2868 1261 3043 1317 adhuc
3071 1267 3402 1332 accessisset,
3435 1284 3535 1326 nec
3565 1273 3730 1341 quid‘

2131 1347 2270 1414 piam
2299 1348 2370 1401 illi
2397 1353 2598 1419 operati
2631 1349 2892 1417 fuissent;
2929 1353 3043 1408 haec
3072 1370 3200 1409 vero
3226 1359 3476 1414 omnibus
3520 1363 3727 1419 tniran‘o

2132 1437 2272 1492 tibus
2295 1480 2308 1502 ,
2364 1439 2453 1494 illo
2479 1444 2568 1510 qui
2599 1453 2814 1498 sanatus
2848 1443 3024 1498 fuerat
3055 1462 3219 1516 prope
3249 1449 3494 1507 adstante
3518 1493 3533 1517 ,
3567 1455 3722 1510 nullo

2128 1526 2436 1594 dubitante,
2484 1541 2543 1584 ut
2587 1541 2738 1597 tunc,
2788 1549 2907 1588 cunt
2952 1535 3164 1604 quidam
3205 1537 3457 1595 dicebant
3501 1543 3726 1600 :Masto

2129 1618 2264 1685 pleni
2287 1628 2400 1672 aunt
2451 1619 2601 1690 (Act.
2639 1621 2695 1675 2.
2729 1623 2793 1678 15
2819 1625 2857 1692 ).
2902 1625 2966 1678 Et
3010 1634 3134 1680 tunc
3175 1626 3266 1683 ille
3304 1645 3426 1684 cum
3467 1634 3725 1702 apostolis

2128 1709 2374 1765 omnibus
2415 1709 2767 1780 loquebatur,
2818 1723 2959 1769 nunc
2993 1730 3114 1770 cum
3164 1718 3280 1772 Solo
3321 1719 3529 1777 Joanne
3562 1742 3576 1777 :
3609 1727 3721 1796 jatn

2127 1799 2268 1852 enim
2300 1800 2388 1854 ille
2415 1811 2468 1855 et
2495 1802 2848 1857 conﬁdentius
2879 1805 3113 1874 laqttitur
3136 1817 3190 1862 et
3236 1810 3628 1868 vehementius.

2209 1890 2375 1948 Virtus
2391 1911 2585 1964 semper
2600 1900 2800 1966 proﬁcit
2820 1941 2834 1963 ,
2867 1917 3138 1970 numquam
3175 1907 3390 1975 gradum
3411 1910 3562 1964 sistit.
3595 1909 3722 1964 Pec-

2126 1994 2238 2039 c‘ata
2267 1995 2380 2041 sunt
2419 1990 2842 2058 spiam—Talis
2877 1995 3070 2064 quippe
3101 2013 3187 2051 res
3213 2009 3294 2052 est
3323 2002 3490 2056 virtus
3520 2017 3534 2056 :
3566 2004 3721 2058 initio

2125 2087 2340 2145 sumpto
2372 2080 2728 2148 progreditur,
2757 2091 2811 2135 et
2838 2097 3123 2154 numquam
3149 2089 3369 2156 gradum
3397 2093 3557 2147 sistit.
3584 2095 3719 2152 Vide

2124 2176 2298 2222 autem
2357 2171 2625 2238 quomodo
2667 2174 2935 2241 provisum
2981 2176 3071 2243 sit,
3105 2188 3162 2232 ιιι
3192 2181 3246 2234 in
3279 2184 3474 2253 templo
3503 2187 3714 2256 s’gnum

2123 2257 2296 2326 ﬁeret,
2326 2270 2448 2315 tttet
2467 2263 2554 2316 alii
2586 2265 2934 2322 confiderent.
2961 2268 3143 2338 Neque
3166 2273 3306 2327 enim
3327 2275 3378 2329 itt
3405 2280 3598 2348 angulo
3630 2283 3714 2337 vel

2123 2351 2258 2403 clam
2283 2352 2410 2406 l‘llud
2441 2364 2767 2424 operantur;
2808 2368 2862 2412 at
2913 2375 3088 2430 neque
3130 2363 3268 2418 intra
3299 2369 3554 2438 templum
3575 2413 3592 2438 ,
3624 2375 3712 2430 tibi

2124 2454 2314 2510 magna
2350 2454 2465 2497 erat
2493 2447 2796 2502 multitudo.
2835 2450 3115 2516 Quomodo
3153 2465 3354 2523 autem,
3391 2459 3621 2529 inquies,
3655 2465 3709 2519 id

2121 2535 2379 2589 creditura
2401 2536 2534 2591 fuit?
2561 2538 2692 2606 Quia
2725 2541 2770 2594 is
2791 2542 2922 2608 ipse,
2951 2544 3039 2612 qui
3062 2555 3284 2602 Sanatus
3318 2549 3511 2616 fuerat,
3545 2555 3714 2610 bene-

2123 2623 2296 2678 ficium
2333 2627 2668 2694 prmdicabat.
2702 2629 2880 2700 Neque"
2911 2635 3050 2688 enim
3090 2639 3345 2693 mentitus
3371 2640 3576 2708 fuisset,
3609 2660 3708 2701 nc-

2125 2729 2231 2783 que
2259 2717 2325 2771 ad
2352 2719 2484 2772 alios
2533 2720 2786 2788 quosdam
2815 2724 3062 2780 venisset.
3097 2726 3258 2796 Igitur
3285 2732 3369 2784 ubi
3399 2733 3560 2787 lattmt
3589 2751 3713 2804 spaa

2122 2803 2250 2858 tium
2274 2816 2410 2871 erat,
2441 2809 2510 2862 ibi
2528 2809 2732 2879 signum
2761 2815 2962 2880 Operati
2988 2825 3146 2880 sunt;
3175 2820 3325 2887 quasi
3359 2825 3503 2878 locus
3532 2803 3712 2880 semo-

2121 2906 2205 2952 tus
2247 2909 2408 2953 esset.
2455 2899 2522 2953 Et
2566 2901 2684 2956 vide
2725 2902 2848 2970 quid
2882 2906 3074 2960 factum
3135 2910 3220 2962 sit.
3269 2911 3349 2965 Ad
3389 2915 3545 2967 aliam
3593 2933 3706 2972 rem

2121 2990 2437 3053 ascendunt,
2479 3001 2534 3045 et
2581 2992 2721 3047 aliud
2766 3008 3070 3062 operantur.
3101 2999 3190 3054 Sie
3219 3012 3274 3056 et
3298 3003 3579 3061 Cornelius
3604 3010 3706 3064 alia

2114 3079 2362 3148 jejunans
2390 3083 2726 3151 precabatur,
2777 3094 2829 3137 et
2871 3087 2975 3140 alia
3025 3089 3183 3143 videt.
3219 3091 3487 3149 llaetenns
3513 3098 3708 3167 ιιΙιίιμιΟ

2116 3168 2386 3226 Christum
2413 3171 2534 3226 Naz'
2559 3189 2743 3228 remnn
2771 3177 3054 3245 appellant.
3080 3177 3144 3233 lu
3169 3185 3368 3237 nomine
3397 3184 3524 3240 Jcsu
3561 3188 3709 3242 6Ιηί-

2114 3261 2180 3314 sli
2219 3259 2502 3328 Nazareni,
2535 3265 2722 3333 inquit,
2754 3283 2903 3338 surge
2941 3279 2986 3322 et
3041 3271 3261 3326 mnbula.
3306 3273 3516 3331 Interim
3562 3282 3705 3335 enirn

2115 3348 2245 3404 illttd
2271 3356 2626 3420 qtttrrehatur,
2660 3365 2714 3409 ttt
2741 3357 2836 3425 ipsi
2867 3360 3196 3416 crederetur.
3230 3364 3333 3418 Sed
3365 3381 3451 3430 tte,
3481 3386 3664 3437 qnarso
3685 3413 3703 3438 ,

2115 3445 2263 3498 initio
2283 3447 2540 3501 orationis
2564 3447 2866 3503 fatiscamus
2887 3469 2899 3515 ;
2920 3453 3010 3506 sed
3031 3457 3234 3509 etiamsi
3261 3461 3380 3527 quis
3404 3475 3519 3529 pOSl
3544 3479 3706 3518 enar-

2114 3549 2284 3592 ratum
2329 3540 2532 3594 facinus
2578 3542 2807 3607 desinat,
2861 3545 3065 3599 initium
3118 3555 3438 3618 repetamus.
3474 3553 3528 3609 Si
3570 3555 3705 3611 bene

2113 3629 2287 3684 affecti
2317 3630 2502 3695 simus,
2532 3634 2637 3685 cito
2659 3633 2722 3686 ad
2757 3633 2911 3687 finem
2938 3639 3327 3705 perveniemus,
3361 3645 3467 3696 cito
3490 3645 3704 3702 culmen

2115 3722 2452 3790 attingemus.
2481 3723 2721 3776 Studium
2755 3727 2915 3786 enim,
2952 3728 3138 3796 inquit,
3173 3733 3402 3786 studium
3448 3749 3695 3805 generat,

2115 3813 2319 3881 ignavia
2344 3815 2628 3883 ignaviam.
2648 3817 2744 3883 Qui
2773 3819 3035 3872 modicum
3059 3824 3326 3893 quidpiam
3353 3843 3496 3883 recte
3523 3843 3703 3898 patra-

2114 3903 2207 3962 vit.
2249 3905 2417 3972 majus
2452 3906 2719 3975 quidpiam
2765 3909 2989 3964 fidenter
3025 3914 3350 3984 aggreditur,
3386 3929 3438 3973 et
3479 3922 3701 3976 ulterius

2116 3995 2299 4048 tendit.
2349 3996 2426 4049 Ac
2462 3997 2906 4064 quemadmodum
2950 4002 3084 4071 ignis
3125 4016 3325 4074 quanto
3368 4009 3516 4078 plura
3559 4013 3698 4083 ligna

2114 4088 2355 4156 cet-ripit,
2409 4094 2556 4140 tanto
2595 4089 2959 4146 vehementior
3007 4095 3235 4150 efficitur
3269 4103 3386 4153 :s'c
3434 4110 3487 4153 et
3528 4107 3693 4156 animi

2113 4173 2292 4229 fervor
2321 4183 2519 4246 qltztnto
2553 4179 2725 4246 plures
2755 4183 2950 4236 excitat
2990 4185 3103 4252 pias
3147 4189 3514 4258 Cogitationes,
3552 4204 3697 4248 tanto

2117 4267 2303 4320 fortius
2328 4280 2560 4322 armatur
2589 4271 2843 4326 adversas
2872 4275 2997 4328 alia.
3044 4276 3284 4348 Exempli
3315 4296 3474 4336 causa
3510 4301 3524 4338 :
3554 4294 3698 4341 stant

2115 4361 2165 4414 in
2192 4361 2342 4416 uehis
2362 4377 2458 4415 cett
2482 4363 2644 4430 spina-
2664 4364 2978 4433 perjurium,
3005 4369 3336 4424 mendacium
3359 4413 3374 4436 ,
3403 4374 3690 4439 simulatio,

2113 4452 2282 4517 dolus,
2331 4455 2583 4520 nequitia,
2611 4458 2928 4522 convicium,
2982 4470 3297 4526 seomtnata,
3333 4465 3492 4528 risus,
3524 4470 3694 4537 turpi-

2113 4543 2312 4611 loquia,
2340 4545 2690 4600 scurrilitates
2723 4565 2736 4598 :
2769 4564 2948 4602 rursus
2970 4567 3033 4603 t-x
3059 4551 3223 4606 altera
3245 4567 3411 4622 parte,
3445 4561 3692 4625 avaritia,

2113 4635 2317 4704 rapina,
2367 4635 2639 4704 ittjustitia,
2687 4639 3052 4709 sycophantia,
3097 4643 3340 4709 lllSltlltL‘;
3392 4647 3695 4712 iterumque

2111 4729 2537 4799 concupierunt:
2564 4735 2718 4797 nta'a,
2749 4734 3098 4798 imntttntlitia,
3127 4737 3361 4805 lascivia,
3391 4739 3691 4805 forttieatin,

2111 4821 2457 4883 adttlreriuttt;
2481 4837 2543 4876 ac
2571 4839 2800 4888 l‘lll'Stllll,
2829 4825 3043 4890 invidia,
3071 4830 3352 4900 zelotypia,
3387 4833 3484 4896 ira,
3518 4835 3688 4900 furor,

2111 4912 2421 4980 injuriartntt
2455 4912 2776 4976 recordatio,
2808 4914 3056 4979 vindicta,
3085 4920 3434 4989 blasphemia,
3463 4937 3516 4978 et
3540 4927 3696 4978 innn-

2112 5018 2256 5056 mera
2288 5004 2408 5056 talia
2443 5003 2521 5056 :si
2549 5003 2723 5071 priora
2755 5013 2898 5058 recte
2929 5010 3215 5076 egerimus,
3249 5027 3354 5066 non
3383 5013 3470 5068 illa
3498 5017 3695 5079 solum,

2111 5092 2204 5145 sed
2232 5093 2388 5145 etiam
2413 5097 2704 5161 posteriora
2732 5080 3101 5164 exsequemur.
3153 5099 3362 5155 Fortior
3387 5105 3530 5158 enim
3573 5122 3698 5160 cva-

2109 5181 2185 5236 dit
2212 5184 2420 5235 animus
2437 5184 2499 5236 ad
2523 5193 2713 5238 Cil‘lt‘l‘il
2742 5200 2854 5240 evel
2873 5189 3230 5248 lenda..Vt-rhi
3259 5196 3424 5262 gratia
3448 5197 3534 5264 qui
3562 5209 3700 5249 tutt-

2113 5282 2221 5326 tunt
2248 5275 2465 5343 juravit,
2499 5277 2540 5327 si
2569 5276 2708 5329 hunc
2737 5280 3027 5332 Satanieum
3063 5299 3263 5336 morem
3293 5287 3360 5340 de
3393 5292 3568 5342 medio
3595 5298 3696 5344 tol-

2111 5365 2199 5427 lat,
2235 5381 2338 5417 non
2372 5365 2471 5419 hoc
2499 5367 2667 5418 solum
2717 5380 2860 5422 recte
2887 5373 3108 5438 peregit.
3156 5377 3248 5427 sed
3277 5387 3327 5429 et
3367 5380 3467 5430 alia
3526 5384 3590 5448 νίς
3615 5393 3696 5436 tas

2109 5456 2317 5511 inducta
2351 5456 2474 5510 erit.
2507 5457 2692 5512 Nullus
2732 5462 2871 5514 cuitu
2911 5476 3013 5514 nOn
3040 5463 3331 5532 jttratttium
3368 5469 3522 5522 facile
3554 5473 3695 5525 volet

2106 5547 2248 5598 a'ittd
2279 5552 2474 5600 malum
2523 5551 2766 5618 operari;
2801 5552 2892 5605 sed
2929 5571 3084 5620 quam
3116 5570 3434 5626 assequntus
3467 5575 3547 5615 est
3578 5565 3692 5617 vir-

2112 5646 2274 5693 tutem
2302 5640 2648 5694 retercbitur.
2673 5643 3128 5708 Quemadmodum
3171 5650 3311 5704 enim
3343 5653 3430 5721 qtti
3469 5652 3689 5723 pulchra
