3976 6144
465 333 528 386 75
1153 323 1208 377 S.
1252 317 1542 375 JUANNIS
1579 313 2082 372 CIIRYSOSTOMI
2120 313 2450 371 ARCIIIEP.
2491 310 3044 369 CONSTANTIKUP.
3666 304 3737 361 τι

464 449 605 503 λίσαι
646 442 867 499 ἑαυτόν·
909 440 1052 494 οὕτω
1090 438 1154 510 δὴ
1192 438 1286 492 καὶ
1332 434 1504 500 οὗτος.
1564 437 1694 489 ’Δπὸ
1748 437 1805 490 δὲ
1848 435 2039 488 τούτου

465 534 584 605 ’ήξει
614 534 692 595 είς
723 528 785 582 τὸ
804 527 880 599 μὴ
905 525 1241 597 ὀργίζεσθαι,
1275 524 1411 595 μηδέ
1446 521 1692 587 τύπτειν,
1722 519 1859 605 μηδὲν
1886 519 2041 605 ὑϐρί-

468 619 600 682 ζειν.
635 615 732 667 “Av
776 611 885 681 γὰρ
929 608 1076 675 ἅπαξ
1112 607 1182 661 τὰ
1214 606 1386 678 μικρά
1426 605 1766 678 κατορθώσῃ,
1818 604 1879 657 τὸ
1934 604 2042 657 πᾶν

464 702 717 773 ήνυσται.
784 694 1079 765 Συμϐαίνει
1132 693 1191 746 δὲ
1242 690 1504 754 πολλάκις
1542 688 1637 744 καί¹
1687 690 1750 742 τὸ
1782 688 2048 751 ἐναντίον,

469 784 616 850 ἅπαξ
645 777 1098 853 κατορθώσαντάς
1134 786 1160 815 ⁸
1203 793 1256 829 τι
1284 774 1444 828 πάλιν
1484 774 1593 829 ἀπὸ
1634 773 1906 846 ῥᾳθυμίας
1938 773 2052 835 τοῖς

469 869 653 930 αὐτοῖς
694 864 1031 934 περιπεσεῖν,
1078 861 1155 925 ὡς
1198 861 1262 913 ἐκ
1298 858 1488 912 τούτου
1518 858 1612 912 καὶ
1656 859 1736 920 είς
1790 856 2050 910 ἀδύνατον

472 949 796 1021 περιστῆναι
829 946 1016 1000 λοιπὸν
1055 944 1117 998 τὸ
1160 944 1410 1015 πρᾶγμα.
1444 936 1590 1008 Οἷον,
1619 940 1894 1011 ἐθήκαμεν
1926 940 2054 992 ἐαυ-

471 1038 584 1100 τοῖς
624 1034 787 1106 νόμον
836 1032 911 1103 μὴ
931 1028 1178 1101 ὀμνύναι,
1206 1024 1646 1097 κατωρθώσαμεν
1669 1023 1882 1096 ἡμέρας
1906 1024 2054 1094 τρεῖς

474 1122 508 1192 ἢ
555 1119 651 1175 καὶ
692 1117 966 1187 τέσσαρας
989 1131 1002 1145 ⁸
1041 1114 1159 1184 μετ’
1197 1111 1410 1175 ἐκείνας
1436 1111 1516 1175 είς
1547 1109 1795 1180 ἀνάγκην
1825 1124 2055 1179 περιπεο

477 1204 682 1267 σόντες,
716 1200 776 1254 τὸ
799 1197 1088 1268 ωλλεχθὲν
1116 1195 1305 1267 κέρδος
1340 1194 1486 1248 ἆπαν
1506 1192 1912 1265 ἐσκορπίσαμεν
1937 1207 1951 1222 ο
1976 1193 2056 1253 εἰς

479 1286 755 1359 ρᾳθυμίαν
810 1284 997 1338 λοιπὸν
1035 1281 1382 1353 ἐμπίπτομεν
1441 1277 1536 1332 καὶ
1590 1277 1922 1345 ἀπόγνωσιν,
1980 1275 2060 1359 ὡς

483 1357 616 1445 μηδὲ
658 1370 768 1424 τῶν
813 1367 997 1422 ἀύτῶν
1046 1363 1288 1435 ἅψασθαι
1336 1358 1911 1445 βουληθῆναιμπόιλιν·
1939 1357 2059 1445 Ῠκαὶ

480 1438 723 1520 εἰκότως.
768 1455 825 1507 ὐ
871 1451 981 1522 γάρ
1025 1466 1076 1502 τι
1128 1446 1488 1515 οἰκοδομήσας
1535 1442 1734 1514 ἐαυτῷ,
1782 1438 1902 1496 εἶτα
1937 1441 2059 1496 ίδὼν

482 1537 860 1613 καθῃρημένον
882 1535 944 1588 τὸ
967 1532 1219 1602 οίκοδόμη
1229 1548 1323 1602 μα,
1354 1529 1723 1603 ῥᾳθυμότερος
1758 1526 1911 1613 ἐσται
1932 1527 2061 1598 περὶ

478 1623 541 1677 τὸ
564 1610 726 1676 πάλιν
752 1618 1072 1686 οἰκοδομεῖν.
1101 1615 1242 1668 Ἀλλ’
1259 1614 1322 1671 ού
1345 1614 1426 1668 δεῖ
1441 1613 1704 1685 ῥᾳθυμεῖν
1720 1610 1841 1665 ούδέ
1855 1611 2027 1675 οὕτως
2042 1627 2056 1641 ⁸

482 1707 618 1763 ἀλλὰ
642 1705 803 1760 πάλιν
826 1701 1044 1774 ἔχεσθαι
1071 1701 1170 1771 τῆς
1205 1698 1458 1768 σπουδῆς.

556 1789 621 1860 γ’.
641 1787 834 1860 Θῶμεν
850 1785 1027 1840 τοίνυν
1048 1785 1261 1848 ἑαυτοῖς
1276 1782 1471 1851 νόμους
1489 1780 1630 1853 καθη
1638 1798 1703 1851 με
1713 1779 1911 1855 ρινούς·
1923 1779 2063 1845 τέως

485 1876 594 1929 ἀπὸ
634 1873 743 1926 τῶν
795 1869 1034 1925 εύκόλων
1075 1867 1402 1940 ἀρξώμεθαο
1470 1867 1857 1940 περικόψωμεν
1906 1866 2064 1938 ἡμῶν

481 1958 584 2026 τὴν
606 1954 934 2028 πολυορκίαν
959 1952 1054 2007 τοῦ
1084 1952 1372 2023 στόματος,
1412 1949 1627 2022 χαλινὸν
1676 1949 1952 2021 ἐπιθῶμεν
1995 1952 2063 2022 τῇ

484 2040 721 2112 γλώττῃ,
750 2039 937 2111 μηδεὶς
969 2034 1187 2107 ὀμνύτω
1216 2033 1306 2089 τὸν
1336 2034 1490 2088 Θεόν.
1519 2034 1633 2088 Οὐκ
1655 2033 1802 2088 ἑστιν
1832 2033 2068 2087 ἐνταῦθα

485 2125 721 2197 δαπάνη.
739 2123 940 2178 οὐκέστ
949 2138 998 2175 ιν
1012 2117 1246 2174 ἐνταῦθα
1266 2117 1529 2190 κάματος,
1546 2118 1648 2173 οὐκ
1668 2117 1814 2172 ἐστιν
1835 2116 2068 2171 ἐνταῦθα

488 2212 680 2283 χρόνου
721 2208 919 2280 μελέτη
951 2223 965 2237 ’
999 2204 1159 2276 ἀρκεῖ
1195 2202 1437 2274 θελῆσαι,
1475 2201 1566 2257 καὶ
1596 2201 1656 2255 τὸ
1685 2203 1795 2256 πᾶν
1837 2201 2028 2271 γέγονε
2051 2218 2065 2234 ·

492 2294 778 2365 συνηθείας
805 2291 914 2362 γὰρ
939 2289 1002 2343 τὸ
1039 2287 1271 2359 πρᾶγμά
1296 2290 1432 2341 ἑστι.
1457 2287 1566 2340 Ναὶ
1592 2286 1894 2357 παρακαλῶ
1922 2287 1950 2327 1³
1976 2288 2071 2342 καὶ

490 2378 701 2448 δέομαι,
757 2372 995 2445 σπουδὴν
1049 2370 1308 2441 τοιαύτην
1350 2370 1766 2441 είσενέγκωμεν.
1831 2370 1966 2424 Εἰπὲ
2006 2371 2069 2443 δή

496 2479 608 2530 μοι,
643 2460 691 2512 εί
724 2460 981 2530 χρήματα
1017 2455 1276 2509 ἐκέλευσα
1309 2456 1658 2522 εἰσενεγκεῖν,
1691 2454 1791 2508 οὐκ
1831 2454 1899 2508 ἂν
1938 2472 2072 2526 προ-

496 2544 683 2613 θύμως
721 2540 835 2614 [67]
872 2540 1101 2603 ἕκαστος
1144 2537 1213 2592 τὰ
1238 2538 1381 2614 κατά
1419 2536 1648 2608 δύναμιν
1678 2537 2071 2602 συνεϐάλεσθε;

496 2628 549 2680 εί
568 2607 643 2698 ’με
675 2607 741 2680 ἐν
764 2607 1026 2686 κινδύνοις
1046 2622 1254 2693 ἑωρᾶτε
1286 2607 1397 2683 τοῖς
1427 2620 1694 2690 ἐσχάτοις,
1739 2620 1839 2674 ούκ
1883 2621 1950 2674 ἂν
1982 2620 2078 2674 καὶ

496 2710 604 2764 ἀπὸ
629 2709 729 2779 τῆς
764 2706 984 2779 σαρκὸς,
1011 2704 1064 2758 εἴ
1092 2722 1156 2774 γε
1182 2699 1294 2759 οἷόν
1316 2721 1375 2758 τε
1412 2699 1502 2776 ἦν,
1535 2703 1906 2775 ἀποτεμόντες
1931 2702 2077 2756 ἑδοτε

494 2796 561 2850 ἄν
585 2812 602 2861 ;
649 2793 738 2847 Ἐν
761 2789 993 2861 κινδύνῳ
1020 2789 1115 2842 καὶ
1143 2787 1238 2842 νῦν
1265 2790 1380 2859 είμι
1407 2787 1502 2842 καὶ
1533 2785 1735 2859 πολλῷ,
1772 2787 1867 2841 καὶ
1901 2785 1976 2850 ὡς
2012 2784 2079 2839 ἂν

490 2880 547 2932 εἰ
576 2878 671 2932 καὶ
704 2874 844 2948 μετά
866 2874 1057 2929 τούτου
1081 2873 1174 2928 καὶ
1197 2873 1568 2945 δεσμωτήριον
1597 2871 1794 2943 ῷκουν,
1819 2870 1852 2943 ἦ
1879 2870 2080 2942 μυρίας

499 2962 692 3018 ἑλαϐον
737 2959 974 3031 πληγὰς,
1014 2958 1049 3028 ἢ
1100 2958 1180 3020 είς
1221 2956 1460 3027 μέταλλα
1506 2956 1822 3031 ἐτύγχανον,
1869 2955 1969 3009 οὐκ
2012 2953 2080 3008 ἀν

499 3045 691 3101 τούτου
724 3029 885 3097 πλέον
912 3040 1146 3112 ήλγησα.
1178 3040 1349 3110 Χεῖρα
1383 3029 1827 3109 τοίνυνόρέξατε.
1869 3038 2083 3109 Ἐννοή-

494 3146 632 3184 σατε
664 3127 796 3199 γὰρ,
824 3126 948 3189 ὅσος
978 3124 1241 3187 κίνδυνος,
1280 3122 1413 3194 μηδὲ
1457 3122 1519 3176 τὸ
1564 3122 1887 3193 μικρότατον
1927 3120 2085 3176 τοῦτο

504 3212 866 3285 (μικρότατον
892 3208 949 3261 δέ
976 3207 1141 3276 λέγω,
1164 3207 1289 3261 ὅσον
1313 3208 1394 3270 είς
1419 3206 1581 3261 πόνον
1605 3205 1766 3278 ήκει)
1794 3204 2084 3277 δυνηθῆναι

504 3294 869 3370 κατορθῶσαι.
899 3293 964 3349 Τί
1006 3292 1117 3364 ἐρῶ
1162 3292 1283 3346 τότε
1332 3292 1767 3363 ἐγκαλούμενος
1816 3290 1959 3346 διατί
2010 3291 2085 3361 μὴ

502 3378 859 3452 διηλέγχθης;
888 3376 1031 3435 διατι
1058 3374 1133 3448 μὴ
1165 3374 1467 3441 ἐπέταξαςς
1505 3374 1647 3429 διατί
1679 3374 1753 3446 μὴ
1775 3374 1936 3444 νόμον
1965 3373 2087 3445 ἐθη-

505 3481 645 3531 κας;
695 3462 839 3517 διατί
894 3459 1022 3524 τοὺς
1058 3458 1135 3531 μὴ
1196 3457 1554 3529 πειθομένους
1625 3458 1724 3512 ούκ
1772 3456 2084 3522 ἑκώλυσας;

500 3549 621 3602 κούκ
659 3548 821 3617 ἀρκεῖ
854 3563 947 3616 μοι
991 3545 1185 3608 εἰπεῖν,
1226 3543 1308 3597 ὄτι
1363 3541 1711 3612 ἐνουθέτησα.
1779 3540 1941 3594 Ἀλλά
1995 3539 2089 3593 καὶ

511 3630 898 3701 σφοδροτέρας,
928 3628 1113 3699 φησὶν,
1142 3627 1513 3697 ἐπιτιμήσεως
1557 3625 1702 3678 ἔδει*
1756 3625 1878 3678 ἐπεὶ
1923 3623 2016 3677 καὶ⁵
2061 3625 2090 3676 6

524 3714 670 3770 Ἠλεὶ
722 3712 1010 3767 ἐνουθέτει.
1086 3710 1248 3764 Ἀλλά
1298 3710 1373 3780 μὴ
1422 3708 1631 3778 γένοιτο
1669 3708 1814 3779 ὑμᾶς
1863 3706 2090 3771 ἐκείνοις

514 3795 851 3870 παραϐαλεῖν
904 3796 1016 3857 τοῖς
1084 3793 1258 3848 παισί.
1326 3793 1588 3856 Κάκεῖνος
1645 3791 1931 3855 ἐνουθέτει,
1997 3790 2092 3843 καὶ

512 3883 669 3951 ἔλεγε
692 3897 707 3912 ⁸
748 3880 844 3950 Μὴ
890 3879 1094 3937 τέκνα.
1137 3878 1226 3949 μὴ
1278 3877 1498 3931 ποιεῖτε
1536 3876 1720 3930 οὕτω·
1767 3873 2000 3942 πονηρὰ
2053 3874 2092 3940 ἡ

514 3966 691 4033 ἀκοὴ,
726 3961 938 4033 ἣνὲτὼ
963 3961 1163 4016 ἀκούω
1193 3960 1323 4028 περὶ
1358 3958 1547 4028 ὑμῶν.
1589 3957 1746 4012 Ἀλλά
1778 3955 2038 4028 προῖοῦσα
2059 3957 2095 4027 ή

518 4051 706 4120 Γραφή
753 4063 938 4117 φησιν,
973 4045 1054 4099 ὅτι
1097 4043 1196 4099 ούκ
1241 4042 1507 4097 ἐνουθέτει
1545 4043 1670 4105 τοὺς
1715 4042 1864 4105 υίοὺς
1905 4040 2092 4095 αὐτοῦ.

518 4132 689 4187 Τοῦτο
709 4130 769 4185 δὲ
792 4130 964 4199 λέγει,
982 4127 1181 4199 ἐπειδὴ
1207 4128 1267 4180 ού
1294 4125 1560 4197 σφοδρῶς,
1588 4124 1709 4178 ούδέ
1735 4125 1850 4195 μετ’
1874 4123 2098 4195 ἐπιπλή-

515 4217 654 4283 ,ξεως
682 4214 840 4271 τοῦτο
872 4212 1064 4268 ἐποίει.
1100 4212 1225 4276 Πῶς
1253 4214 1360 4284 γάρ
1387 4212 1488 4266 ούκ
1512 4211 1730 4276 ἄτοπον,
1762 4210 1821 4262 ἐν
1859 4210 1956 4279 μὲν
1979 4212 2099 4274 ταῖς

522 4301 862 4369 συναγωγαῖς
884 4297 994 4351 τῶν
1029 4296 1299 4351 Ἰουδαίων
1320 4294 1493 4358 οὕτως
1529 4294 1783 4365 ἰσχυροὺς
1807 4289 1946 4348 εἶναι
1975 4296 2099 4358 τοὺς

522 4384 742 4454 νόμους,
798 4382 903 4436 κᾶν
940 4382 969 4434 6
1003 4379 1271 4434 διδάσκων
1327 4375 1557 4449 ἐπιτάξῃ
1598 4377 1778 4432 πάντα
1818 4375 2095 4446 γίνεσθαι’

512 4467 755 4522 ,ἐνταῦθα
782 4466 841 4520 δὲ
867 4464 1042 4528 οὕτως
1061 4464 1211 4534 ἡμᾶς
1240 4460 1756 4531 καταπεφρονῆσθαι
1799 4460 1891 4514 καὶ
1931 4461 2101 4531 ἀπερ-

527 4551 749 4623 ῥῖφθαι;
786 4550 862 4603 Οὐ
891 4550 991 4616 τῆς
1022 4547 1259 4617 ἐμαυτοῦ
1286 4546 1443 4617 δόξης
1481 4562 1570 4616 μοι
1604 4545 1756 4613 μέλει
1805 4544 1966 4617 (δόξα
1995 4546 2102 4615 γάρ

526 4634 656 4704 ἐμὴ,
695 4633 729 4703 ἡ
778 4631 1021 4703 ὑμετέρα
1062 4628 1472 4698 εὐδοκίμησις),
1513 4627 1648 4682 άλλά
1692 4630 1790 4700 τῆς
1833 4629 2104 4699 ὑμετέρας

530 4714 822 4786 σωτηρίας.
857 4712 991 4766 Καθ’
1020 4712 1259 4779 ἑκάστην
1285 4710 1503 4780 ἡμέραν
1528 4709 1761 4782 βοῶμεν,
1807 4710 2105 4782 ἐνηχοῦμεν

529 4799 685 4870 ὑμῶν
715 4800 836 4862 ταῖς
881 4797 1109 4859 ἀκοαῖς·
1156 4795 1185 4847 ὀ
1230 4793 1285 4847 δέ
1315 4792 1528 4848 ἀκούων
1554 4793 1758 4858 οὐδείς’
1811 4795 1905 4848 καὶ
1957 4795 2107 4849 οὐδὲν

532 4882 760 4956 σφοδρὸν
791 4877 1234 4951 ἐπιδεικνύμεθα.
1281 4878 1577 4949 Φοϐοῦμαι.
1624 4877 1700 4950 μὴ
1744 4882 1842 4950 τῆς
1880 4879 2108 4950 ἀκαίρου

530 4969 735 5039 ταύτης
785 4966 879 5022 καὶ
920 4964 1115 5035 πολλῆς
1171 4962 1579 5036 φιλανθρωπίας
1619 4962 1778 5031 λόγον
1830 4962 1971 5016 κατά
2014 4962 2111 5034 τὴν

438 5124 443 5129 γ
536 5054 834 5126 μέλλουσαν
893 5049 1107 5119 ἡμέραν
1171 5049 1516 5119 ὑπόσχωμεν.
1595 5046 1687 5100 Διὸ
1748 5044 1956 5118 μεγάλῃ
2018 5047 2113 5100 καὶ

534 5137 764 5211 λαμπρᾷ
791 5138 857 5207 τῇ
888 5136 1041 5205 φωνῇ
1065 5132 1319 5204 κηρύττω
1346 5133 1503 5197 πᾶσι,
1531 5132 1626 5186 καὶ
1648 5130 2111 5202 διαμαρτύρομαι,

536 5227 676 5280 ὥστε
710 5222 835 5285 τοὺς
870 5219 968 5289 τὴν
1017 5217 1331 5288 παράϐασιν
1372 5214 1572 5287 ταύτην
1619 5215 2112 5285 ἐπιδεικνυμένους,

537 5310 664 5375 τοὺς
701 5307 770 5362 τά
811 5309 876 5361 ἐκ
911 5304 1006 5359 τοῦ
1054 5301 1292 5374 πονηροῦ
1327 5298 1731 5370 φθεγγομένους
1773 5296 1971 5370 (τοῦτο
2007 5298 2117 5368 γάρ

538 5397 686 5448 ἐστιν
721 5394 750 5446 ὀ
770 5392 933 5463 ὅρκος
952 5387 973 5457 )
993 5429 1008 5454 ,
1038 5387 1148 5442 τῶν
1167 5385 1336 5439 ούδῶν
1360 5383 1434 5455 μὴ
1454 5381 1756 5436 ἐπιϐαίνειν
1787 5381 1896 5436 τῶν
1927 5380 2120 5451 ἐκκλη-

542 5475 856 5532 σιαστικῶν.
888 5471 1205 5545 Προθεσμία
1226 5468 1285 5523 δέ
1326 5465 1454 5539 ὑμῖν
1477 5467 1618 5520 ἔστω
1648 5468 1677 5521 6
1706 5466 1813 5538 μὴν
1841 5467 1869 5519 6
1908 5464 2118 5537 παρὼν,

541 5561 683 5614 ὥστε
725 5555 1093 5627 κατορθῶσαι.
1125 5553 1216 5623 Μὴ
1245 5552 1354 5622 γάρ
1382 5567 1471 5621 μοι
1496 5551 1677 5621 εἴπῃς.
1717 5551 1799 5603 ὄτι
1839 5551 1924 5604 Με
1950 5552 1983 5621 ή
2014 5549 2121 5602 τῶν

546 5642 889 5714 πραγμάτων
942 5640 1157 5708 ἀνάγκη
1206 5636 1545 5704 κατεπείγει,
1617 5635 1700 5687 ὅτι
1766 5634 2120 5714 ἀπιστοῦμαι.

545 5727 697 5791 Τέως
731 5727 856 5789 τοὺς
896 5723 1004 5778 ἀπὸ
1045 5723 1145 5790 τῆς
1192 5718 1479 5790 συνηθείας
1508 5716 1829 5788 περίκοπτε.
1862 5713 2012 5781 Οἶδα,
2039 5718 2122 5770 ὃτι

614 5857 640 5887 ⁸
667 5853 805 5903 Unus
837 5852 946 5902 md.
968 5849 1197 5905 πολλάκις
1217 5850 1298 5897 καὶ
1332 5845 1566 5897 τοιοῦτον.
1591 5844 1691 5892 οἷον
1719 5844 1843 5901 ἅπαξ
1881 5844 2124 5905 καταρθώ-

553 5932 742 5968 σανταε.
807 5914 836 5954 ὶι
863 5915 998 5964 L‘nus
1038 5912 1191 5961 codex
1231 5910 1349 5958 ἐστι.
1386 5909 1470 5958 Διὸ
1491 5906 1770 5970 παρακαλῶ.
1809 5905 1961 5956 Savil.
2003 5905 2123 5953 ἐστι.

558 5976 853 6044 Παρακαλῶ.

2148 432 2332 486 πολλοὶ
2365 432 2682 501 γελάσονται
2709 431 2876 501 ἡμᾶς.
2905 426 3043 483 ἀλλὰ
3065 426 3272 498 βέλτιον
3297 425 3443 496 ἡμᾶς
3471 423 3737 492 γελᾶσθαι

2147 513 2321 585 νῦν,ἢ
2355 514 2637 568 κλαίεσθαι
2663 524 2685 553 ο
2723 514 2871 566 τότε·
2926 510 3248 580 γελάσονται
3286 507 3344 561 δὲ
3370 509 3487 561 ὅσοι
3516 507 3732 579 μαίνον-

2149 616 2262 653 ται.
2312 599 2408 663 Τίς
2454 599 2584 670 γὰρ,
2639 598 2762 651 εἰπέ
2816 614 2925 668 μοι,
2978 594 3101 648 νοῦν
3134 592 3273 665 ἔχων
3324 592 3741 662 φυλαττομένης

2152 683 2377 755 ἐντολῆς
2397 684 2727 751 γελάσεται;
2773 682 2835 734 Et
2875 680 2932 735 δέ
2973 679 3081 750 ἄρα
3106 677 3452 746 γελάσονται,
3484 676 3600 730 ἀλλ’
3639 678 3741 744 οὐχ

2154 768 2323 838 ἡμᾶς,
2381 766 2519 820 ἀλλά
2564 766 2658 819 τὸν
2709 764 2943 836 Χριστὸν
2994 765 3043 816 οί
3103 761 3334 814 τοιοῦτοι
3392 759 3741 829 γελάσονται.

2165 848 2449 922 Ἐφρίξατε
2471 848 2535 903 τὸ
2558 847 2887 919 είρημένον’;
2915 842 3045 900 Οἶδα
3084 845 3258 912 κάγώ.
3294 844 3355 896 Εἰ
3382 844 3482 914 μὲν
3508 839 3603 896 οὖν
3628 842 3747 910 ἐγὼ

2153 933 2245 986 τὸν
2273 934 2434 1003 νόμον
2454 931 2645 985 τοῦτον
2666 931 2976 1001 εἰσήγαγον,
2999 929 3130 1000 ἐμὸς
3152 928 3216 982 ἂν
3244 927 3328 997 εἰη
3352 926 3446 980 καὶ
3472 927 3501 978 ὀ
3530 924 3708 994 γέλως
3727 940 3747 957 ο

2154 1017 2204 1069 εί
2251 1015 2310 1069 δέ
2355 1017 2385 1069 6
2433 1014 2732 1086 νομοθέτης
2775 1014 2962 1085 ἕτερός
3015 1013 3183 1074 ἐστιν,
3234 1013 3354 1065 ἐκεῖ
3384 1009 3654 1063 διαϐαίνει
3707 1009 3744 1077 ἠ

2156 1098 2441 1169 χλευασία.
2472 1098 2582 1151 Καὶ
2611 1095 2915 1167 ἐνεπτύσθη
2948 1094 3079 1149 ποτέ
3126 1095 3155 1148 6
3197 1093 3451 1165 Χριστὸς,
3505 1091 3601 1146 καὶ
3648 1092 3748 1144 ἐπὶ

2159 1181 2364 1253 κόρρης
2392 1180 2606 1252 ἐπλήγη
2650 1180 2744 1233 καὶ
2781 1177 3109 1251 ἐρῤαπίσθη.
3174 1176 3450 1246 Ἀνέχεται
3502 1174 3595 1228 καὶ
3646 1172 3748 1227 νῦν

2157 1265 2351 1329 ταῦτα,
2383 1264 2479 1317 καὶ
2507 1262 2659 1316 οὐδὲν
2686 1261 2933 1324 ἀπεικός.
2964 1260 3062 1314 Διὰ
3087 1259 3244 1313 τοῦτο
3267 1259 3465 1329 γέεννα
3512 1257 3750 1329 ήτοίμα-

2160 1366 2301 1411 σται,
2331 1348 2421 1402 διὰ
2445 1347 2603 1401 τοῦτο
2634 1345 2847 1417 σκώληξ
2875 1345 3246 1414 ἀτελεύτητος.

2245 1432 2375 1486 Ἰδοὺ
2418 1431 2580 1485 πάλιν
2614 1429 2757 1498 λέγω
2788 1429 2884 1482 καὶ
2919 1428 3359 1500 διαμαρτύρομαι
3384 1443 3398 1457 ·
3453 1427 3512 1479 '0
3559 1423 3748 1496 βουλό-

2164 1533 2324 1589 μενος
2344 1515 2577 1584 γελάτω,
2630 1515 2659 1568 6
2708 1512 3029 1583 βουλόμενος
3067 1511 3403 1582 χλευαζέτω·
3454 1511 3537 1572 εἰς
3583 1507 3748 1562 τοῦτο

2162 1583 2417 1670 κείμεθα,
2475 1599 2555 1661 εἰς
2613 1597 2676 1649 τὸ
2703 1595 3099 1666 γελᾶσθαικαὶ
3144 1593 3524 1665 χλευάζεσθαι,
3565 1593 3646 1657 είς
3684 1592 3748 1645 τὸ

2163 1683 2342 1737 πάντα
2370 1681 2584 1736 παθεῖν.
2609 1679 3098 1750 Περικαθάρματα
3124 1677 3231 1731 τοῦ
3273 1678 3504 1745 κόσμου
3531 1675 3744 1746 ἐσμὲν,

2164 1764 2307 1820 κατά
2332 1764 2423 1820 τὸν
2448 1765 2716 1836 μακάριον
2736 1761 2968 1817 Παῦλον.
2991 1762 3059 1816 EE
3082 1777 3168 1824 τις
3189 1758 3266 1830 μὴ
3288 1758 3535 1830 βούλεται
3557 1775 3750 1829 κατορ-

2166 1849 2338 1913 θῶσαι
2371 1847 2530 1903 τοῦτο
2554 1846 2620 1901 τὸ
2645 1846 2947 1917 ἐπίταγμα,
2979 1845 3169 1915 ὥσπερ
3208 1842 3472 1912 σάλπιγγι
3504 1840 3622 1913 [68]
3644 1858 3749 1893 τινι

2165 1930 2254 1986 διὰ
2284 1930 2380 1984 τοῦ
2407 1930 2568 1998 λόγου
2602 1927 2934 2001 ἀπαγορεύω
2959 1928 2984 1967 ἀ
3013 1926 3122 1981 τῶν
3148 1926 3318 1979 οὑδῶν
3344 1926 3418 1996 μὴ
3448 1923 3751 1978 ἐπιϐαίνειν

2166 2015 2275 2070 τῶν
2314 2013 2787 2087 ἑκκλησιαστικῶν
2814 2012 2892 2084 τῷ
2928 2011 3175 2081 τοιούτῳ,
3211 2008 3529 2081 κᾶν-ἄρχων
3556 2005 3613 2081 ᾖ,
3646 2006 3754 2060 κᾶν

2168 2099 2332 2165 αὐτὸς
2366 2100 2397 2152 6
2423 2099 2486 2155 τὸ
2513 2098 2749 2169 διάδημα
2794 2096 3194 2168 περικείμενος.
3251 2094 3323 2147 Ἦ
3378 2090 3637 2146 καθέλετέ
3685 2108 3752 2161 με

2168 2184 2399 2257 ταυτησὶ
2426 2183 2527 2254 τῆς
2555 2182 2752 2254 ἀρχῆς,
2803 2181 2839 2257 ἦ
2889 2182 3116 2251 μένοντα
3148 2177 3224 2251 μὴ
3253 2175 3608 2249 περιϐάλλετε
3640 2192 3744 2228 κιν⁴

2170 2267 2366 2331 δύνοις.
2394 2266 2507 2321 Οὐκ
2537 2267 2800 2336 ἀνέχομαι
2834 2265 2937 2321 ἐπὶ,
2957 2263 3052 2319 τὸν
3075 2262 3267 2334 θρόνον
3302 2259 3494 2315 τοῦτον
3524 2257 3754 2313 ἀναϐαί-

2172 2368 2283 2404 νειν
2307 2351 2381 2421 μὴ
2416 2349 2629 2420 μεγάλα
2652 2346 2954 2419 κατορθῶν.
2987 2347 3050 2400 Εί
3085 2345 3194 2416 γὰρ
3218 2343 3295 2416 μὴ
3322 2343 3478 2397 τοῦτο
3508 2340 3758 2399 δυνατὸν.

2176 2433 2382 2505 βέλτιον
2435 2434 2657 2487 ἑστάναι
2706 2429 2878 2486 κάτω.
2915 2431 3211 2501 ’Δρχοντος
3260 2426 3369 2499 γὰρ
3415 2424 3584 2496 μηδὲν
3630 2423 3761 2487 τοὺς

2174 2512 2512 2588 ἀρχομένους
2540 2513 2878 2585 ὠφελοῦντος
2896 2513 3049 2567 οὐδὲν
3068 2508 3420 2581 ἀθλιώτερον.
3464 2508 3589 2561 Ἔτι
3633 2524 3762 2559 συν-

2175 2598 2383 2653 τείνατε
2422 2598 2668 2662 ἑαυτοὺς,
2703 2597 2798 2652 καὶ
2828 2595 3153 2669 προσέχετε,
3178 2590 3515 2664 παρακαλιῖν
3556 2588 3591 2662 ἦ
3619 2588 3763 2661 μᾶλ-

2176 2683 2267 2736 λον
2286 2684 2482 2748 εἰπεῖν,
2534 2681 2897 2752 συντείνωμεν
2934 2679 3181 2743 ἑαυτοὺς,
3216 2676 3311 2732 καὶ
3341 2677 3567 2739 πάντως
3606 2674 3766 2727 ἔσται

2178 2784 2230 2821 τι
2262 2765 2443 2819 πλέον.
2473 2763 2848 2836 Νηστεύσατε,
2878 2760 3297 2835 παρακαλέσατε
3338 2759 3431 2813 τὸν
3469 2758 3628 2821 θεὸν,
3669 2756 3766 2811 καὶ

2179 2852 2341 2921 ἡμεῖς
2371 2848 2488 2919 μεθ’
2530 2848 2701 2918 ὑμῶν,
2733 2846 2875 2900 ὥστε
2899 2846 3000 2916 τὴν
3034 2844 3278 2916 ὀλέθριον
3311 2842 3514 2914 ταύτην
3561 2839 3767 2907 ἐξελεῖν

2185 2931 2491 3004 συνήθειαν.
2526 2931 2693 2986 Οὐδὲν
2726 2931 2873 3004 μέγα
2902 2931 3021 2985 ἐστὶ
3061 2941 3086 2971 ε
3122 2928 3377 3000 γενέσθαι
3409 2926 3768 2990 διδασκάλους

2183 3018 2284 3087 τῆς
2303 2995 2630 3086 οἰκουμένης
2651 3031 2663 3044 ’
2690 2995 2751 3068 ού
2778 2995 2973 3085 μῖκρδν
3000 2995 3331 3082 ἀκουσθῆναι
3367 3011 3667 3081 πανταχοῦ,
3684 3009 3769 3063 ὅτι

2187 3097 2252 3170 δὴ
2284 3099 2343 3153 ἐν
2372 3098 2499 3169 τῇδε
2524 3100 2590 3169 τῇ
2615 3097 2767 3151 πόλει
2789 3096 2965 3163 οὐδείς
2998 3098 3145 3150 ἑστιν
3171 3097 3202 3149 6
3221 3093 3410 3166 ὀμνύς.
3456 3093 3583 3147 Ἐὰν
3608 3089 3771 3147 τοῦτο

2184 3181 2431 3253 γένηται,
2481 3181 2543 3235 οὐ
2594 3179 2705 3235 τῶν
2764 3179 2981 3234 οἰκείων
3038 3177 3480 3249 κατορθωμάτων
3528 3173 3771 3247 λήύκσθε

2190 3266 2350 3337 μόνον
2392 3263 2485 3318 τὸν
2516 3264 2727 3335 μισθὸν,
2756 3263 2893 3317 ἀλλὰ
2926 3263 3022 3317 καὶ
3055 3263 3154 3333 τῆς
3179 3261 3320 3333 ύπέρ
3362 3261 3472 3313 τῶν
3522 3256 3773 3327 ἀδελφῶν

2189 3347 2426 3418 σπουδῆς
2447 3363 2460 3377 ·
2487 3347 2624 3420 ὅπερ
2659 3347 2766 3417 γὰρ
2808 3346 2936 3417 ὑμῖν
2974 3347 3091 3414 εἰμι
3125 3343 3258 3414 ἐγὼ,
3308 3342 3467 3397 τοῦτο
3509 3343 3668 3413 ὑμεῖς
3701 3343 3771 3411 τῇ

2187 3429 2478 3501 οἰκουμένῃ
2507 3428 2819 3500 γενήσεσθε.
2854 3428 3078 3490 Πάντως
3108 3428 3202 3480 καὶ
3230 3426 3405 3499 ἕτεροι
3437 3425 3778 3497 ζηλώσουσιν

2191 3514 2372 3584 ὑμᾶς·
2407 3513 2623 3577 πάντως
2649 3511 2835 3566 ἔσεσθε
2879 3512 3071 3582 λύχνος
3107 3511 3200 3565 ἐπὶ
3231 3509 3453 3581 λυχνίας
3495 3508 3771 3579 κείμενος.

2192 3597 2300 3651 Καὶ
2330 3596 2489 3651 τοῦτό
2533 3598 2670 3660 ἐστι,
2717 3594 2871 3665 φησὶ,
2911 3593 2973 3647 τὸ
3016 3595 3158 3659 πᾶν;
3215 3594 3291 3647 Οὐ
3346 3591 3505 3646 τοῦτό
3557 3593 3677 3645 ἐστι
3714 3592 3778 3645 τὸ

2193 3681 2323 3744 πᾶν,
2353 3678 2491 3733 ἀλλά
2524 3677 2682 3731 τοῦτο
2727 3677 2871 3749 ἀρχὴ
2916 3676 3024 3730 τῶν
3067 3675 3263 3730 ἄλλων.
3330 3672 3407 3729 ’θ’
3444 3673 3520 3745 μὴ
3577 3673 3775 3743 ὀμνὺς,

2191 3763 2412 3826 πάντως
2432 3761 2530 3814 ἐπὶ
2557 3760 2844 3814 εὐλάϐειαν
2875 3759 2996 3830 ἥξει
3021 3758 3113 3812 καὶ
3141 3758 3354 3827 ἑτέραν,
3375 3757 3471 3811 καὶ
3508 3755 3651 3811 ἑκὼν
3684 3759 3781 3810 καὶ

2193 3846 2361 3907 ἄκων.
2392 3845 2487 3899 καὶ
2518 3844 2903 3915 αἰσχυνόμενος
2929 3843 3023 3897 καὶ
3050 3841 3402 3911 φοϐούμενος.

2277 3928 2416 3982 Ἀλλ’
2439 3929 2540 3981 ούκ
2567 3927 2850 3997 ἀνέχονται
2875 3925 3081 3989 πολλοὶ,
3113 3927 3299 3995 φησιν,
3341 3924 3457 3979 ἀλλ’
3485 3924 3783 3995 ἀποπηδῶ-

2197 4028 2301 4066 σιν.
2346 4011 2521 4065 Ἀλλὰ
2551 4009 2802 4075 βέλτιον
2828 4002 2917 4074 εἷς
2941 4005 3129 4062 ποιῶν
3159 4008 3225 4062 τὸ
3262 4010 3494 4077 θέλημα
3533 4009 3780 4075 Kvpc'ov,

2196 4096 2234 4164 ἢ
2263 4094 2468 4164 μυρίοι
2504 4091 2848 4161 παράνομοι.
2900 4090 3034 4145 Ἀπὸ
3062 4090 3193 4160 γοῦν
3220 4090 3410 4145 τούτου
3444 4092 3629 4162 πάντα,
3650 4091 3784 4143 ἀνα-

2197 4180 2521 4251 τέτραπται,
2551 4176 2730 4231 πάντα
2757 4174 2870 4230 ἄνω
2897 4174 2990 4230 καὶ
3030 4176 3180 4230 κάτω
3211 4175 3456 4244 γέγονεν,
3487 4176 3569 4229 ὅτι
3607 4174 3784 4227 καθά-

2200 4279 2307 4333 περ
2333 4264 2392 4315 ἐν
2422 4263 2537 4325 τοῖς
2566 4258 2814 4331 θεάτροις
2843 4258 3079 4331 πλήθους
3110 4259 3396 4330 ἐφιέμεθα,
3432 4260 3493 4314 ού
3542 4257 3786 4326 πλήθους

2199 4344 2444 4415 δοκίμου.
2485 4343 2550 4399 Τί
2580 4343 2687 4414 γὰρ
2711 4343 2888 4413 ὄχλος,
2930 4343 3057 4397 είπέ
3091 4359 3204 4413 μοι,
3233 4342 3523 4415 δυνήσεται
3553 4340 3786 4410 ὀνῆσαις

2201 4425 2391 4479 Βούλει
2418 4424 2631 4496 μαθεῖν,
2670 4426 2752 4480 ότι
2790 4426 2947 4496 ὄχλος
2985 4427 3036 4479 οί
3082 4423 3226 4494 ἆγιοί
3259 4426 3418 4491 είσιν,
3454 4425 3553 4495 οὐχ
3576 4425 3627 4476 οἱ
3656 4423 3790 4475 πολ-

2188 4509 2313 4575 .λοί;
2371 4507 2699 4577 Ἐξαγάγετε
2727 4510 2806 4566 είς
2851 4509 3087 4580 πόλεμον
3134 4507 3328 4562 ἑκατὸν
3379 4507 3647 4580 μυριάδας
3692 4508 3792 4561 καὶ

2203 4592 2301 4646 ἑνα
2336 4593 2490 4662 ἀγιον
2513 4609 2527 4623 ·
2556 4591 2754 4659 ἴδωμεν
2783 4598 2867 4656 τίς
2889 4590 3108 4645 πλείονα
3148 4590 3422 4660 κατορθοῖ.
3469 4589 3726 4659 Ἐξῆλθεν
3761 4591 3792 4641 6

2220 4676 2422 4746 Ἰησοῦς
2441 4677 2469 4728 6
2488 4674 2581 4728 τοῦ
2605 4675 2761 4747 Ναυὴ
2786 4677 2864 4739 είς
2884 4675 2974 4728 τὸν
2996 4673 3247 4743 πόλεμον,
3274 4672 3367 4726 καὶ
3384 4672 3544 4742 μόνος
3570 4671 3795 4725 ἅπαντα

2209 4757 2586 4828 κατώρθωσεν,
2623 4756 2762 4810 ὥστε
2789 4757 2839 4810 οἱ
2875 4756 3022 4812 ἄλλοι
3055 4756 3205 4809 ούδέν
3235 4755 3473 4826 ὤνησαν.
3524 4756 3583 4807 '0
3622 4754 3796 4817 πολὺς

2207 4840 2382 4911 ὄχλος,
2420 4840 2692 4910 ἀγαπητὲ,
2745 4840 2873 4893 ὅταν
2910 4838 3123 4909 θέλημα
3178 4838 3274 4893 τοῦ
3318 4837 3456 4892 Θεοῦ
3508 4836 3585 4908 μὴ
3640 4840 3795 4907 ποιῇ,

2209 4923 2360 4977 οὐδὲν
2380 4923 2649 4993 διενήνοχε
2671 4921 2778 4975 τῶν
2803 4921 2903 4975 ούκ
2930 4920 3119 4977 ὀντων.
3145 4920 3388 4993 Εύχομαι
3424 4921 3523 4992 μὲν
3554 4915 3667 4984 οὖν,
3700 4922 3801 4974 καὶ

2218 5006 2500 5077 βούλομαι,
2520 5005 2611 5057 καὶ
2633 5003 2804 5074 ἡδέως
2831 5001 2897 5057 ἂν
2922 5002 3017 5057 καὶ
3055 5004 3388 5074 κατεκόπην·
3415 5001 3557 5056 ὥστε
3588 5003 3804 5073 κοσμῆ-

2214 5108 2301 5144 σαι
2341 5089 2534 5161 πλήθει
2565 5086 2662 5159 τὴν
2706 5085 3054 5158 Ἐκκλησίαν,
3087 5086 3223 5139 άλλά
3248 5085 3443 5157 πλήθει
3470 5085 3678 5156 δοκίμῳ
3698 5102 3715 5117 ο
3751 5088 3805 5138 εἰ

2211 5174 2271 5228 δέ
2292 5172 2449 5226 τοῦτο
2488 5173 2583 5242 οὐχ
2613 5165 2726 5225 οἷόν
2760 5187 2842 5235 τε,
2877 5171 3003 5235 τοὺς
3039 5170 3253 5239 ὀλίγους
3297 5170 3496 5234 αὐτοὺς
3543 5168 3808 5238 δοκίμους

2216 5254 2354 5311 εἶναι
2414 5255 2695 5327 βούλομαι.
2754 5255 2866 5326 Ούχ
2926 5255 3109 5325 ὁρᾶτε,
3154 5255 3237 5308 ὅτι
3276 5253 3483 5324 βέλτιον
3523 5253 3621 5307 ἕνα
3655 5251 3809 5306 λίθον

2217 5340 2394 5411 τίμιον
2415 5338 2642 5410 έχειν,ἢ
2680 5338 2907 5410 μυρίους
2923 5336 3174 5404 ὀϐολούς;
3218 5337 3317 5407 ούχ
3358 5338 3545 5408 ὁρᾶτε,
3578 5335 3662 5388 ὅτι
3684 5334 3814 5406 βέλ-

2219 5443 2332 5479 τιον
2367 5425 2458 5479 τὸν
2486 5422 2760 5494 ὀφθαλμὸν
2792 5422 3100 5491 ὑγιαίνοντα
3131 5420 3298 5491 ἔχειν,
3338 5421 3374 5492 ἢ
3406 5419 3598 5474 τούτου
3629 5436 3815 5489 πεπη-

2222 5507 2471 5579 ρωμένου
2526 5506 2867 5576 πολυσαρκίᾳ
2918 5504 3282 5576 βαρύνεσθαι;
3339 5503 3439 5575 οὐχ
3483 5503 3668 5575 ὀρᾶτε,
3726 5501 3817 5557 ὅτι

2308 5667 2330 5696 ε
2392 5659 2524 5711 Hanc
2569 5659 2832 5709 lectionem
2858 5694 2871 5714 .
2918 5670 2982 5706 ex
3036 5657 3196 5707 tribus
3248 5670 3364 5718 mss.
3413 5660 3687 5718 receptam,
3733 5666 3824 5718 se-

2192 5727 2365 5772 'cmus
2401 5728 2478 5770 est
2528 5723 2793 5781 interpres.
2829 5718 2996 5768 Monlf.
3117 5725 3194 5767 ost
3247 5717 3401 5768 Savil.
3454 5725 3509 5767 et.
3538 5717 3822 5774 CommeL.

2226 5784 2450 5817 onlidoral
2506 5783 2718 5817 νηῖεηξιηι
2786 5781 2913 5817 Furr,
3004 5753 3030 5817 (ἰ
3076 5731 3243 5817 anrpL
3294 5781 3432 5817 mlnc
3476 5776 3821 5817 ἂπαγὴοεῦσιιι-

2226 5784 2453 5835 ediderat
2506 5776 2739 5830 καίεσθαι.
2784 5781 2918 5830 Enn.
3004 5776 3030 5817 ἀ
3073 5776 3247 5829 Morel.
3294 5781 3432 5829 solus
3476 5776 3822 5840 ἀπαγορεύσω.

2231 5860 2254 5887 ο
2282 5845 2465 5915 Fossa-0
2487 5844 2753 5915 legendum
2780 5840 2967 5915 00mg”
2988 5841 3395 5915 μέγαέπίμχιιοιι
3418 5836 3829 5915 τορόὶόῖίῗιξξοιθς-

2225 5917 2363 6020 ιίἷρε.
2406 5905 2521 5955 dum
2564 5910 2739 5964 locum,
2787 5904 2960 5965 inquit,
2997 5904 3219 5954 v'uialum
3259 5904 3522 5953 divinando
3570 5907 3827 5950 teneret.

2260 5982 2368 6015 ινιτ.
