3976 6144
414 365 501 422 ηε
1173 363 1230 419 S.
1254 361 1552 422 JOANNIS"
1568 362 2030 420 CHRYSOSTOMI
2068 365 2377 424 ARCIIIEP.
2417 361 2944 437 CONSTANTINOP.
3636 386 3706 438 7n

432 478 534 545 sia,
551 475 655 532 sed
707 472 1046 531 multitudine
1097 476 1315 546 prebata
1361 494 1375 530 :
1426 476 1472 532 si
1519 487 1698 533 autem
1755 480 1857 532 hoc
1903 476 2018 534 ﬁeri

434 580 683 642 nequeat,
704 579 762 625 ut
789 571 981 626 saltem
1004 570 1154 640 pauci
1178 570 1385 639 probati
1414 570 1540 625 sint.
1565 573 1757 625 Annon
1783 569 2006 638 videtis,

433 662 627 721 melius
652 677 773 720 esse
805 677 967 717 unum
1011 660 1239 732 lapidem
1271 661 1564 732 pretiosum
1593 661 1821 729 habere,
1851 675 2010 732 quam

430 757 745 812 innumeros
764 755 951 810 obolos
971 756 994 809 Ἰ
1013 769 1190 810 annon
1214 753 1408 810 videtis
1443 754 1633 815 melius
1652 767 1773 809 esse
1797 754 2009 808 oculum

427 861 614 905 sanum
664 847 883 911 habere,
933 861 1132 917 quam,
1184 845 1290 901 hoc
1329 854 1637 912 excmcato,
1688 843 2010 915 pinguedine

426 941 602 996 carnis
656 939 909 995 onerari?
958 953 1159 994 annon.
1187 938 1400 1003 videtis,
1455 937 1648 993 melius
1699 950 1819 992 esse
1851 943 2007 992 ovem

429 1046 605 1087 unain.
624 1044 812 1087 sanam
840 1031 1040 1092 habere
1062 1071 1075 1093 ,
1104 1045 1264 1101 quam
1300 1029 1549 1086 millenas
1572 1027 1752 1084 scabie
1787 1028 2009 1098 plenast

425 1137 604 1181 annon
658 1119 850 1178 videtis
874 1163 889 1188 ,
938 1123 1131 1178 melius
1181 1136 1304 1179 esse
1349 1136 1557 1193 paucos
1602 1121 1799 1176 habere
1834 1120 2010 1176 bonos

429 1215 584 1283 tilias,
611 1230 772 1285 quam
795 1215 991 1271 multos
1030 1215 1301 1286 improbos
1318 1216 1344 1269 ν
1370 1230 1438 1269 an
1463 1213 1702 1279 nescitis,
1724 1227 1925 1283 paucos
1952 1214 2005 1267 in

427 1320 595 1378 regno
619 1306 981 1373 iore,\multos
1027 1307 1080 1361 in
1106 1306 1388 1376 gehenna?
1407 1304 1545 1372 Quid
1575 1304 1849 1359 mihicum
1870 1303 2008 1357 mul-

428 1396 825 1468 titudinc?qute
851 1413 915 1453 ex
942 1396 1233 1454 eautilitas
1252 1397 1277 1449 ἲ
1305 1393 1460 1451 Nulla
1494 1413 1508 1450 :
1541 1395 1650 1449 imo
1676 1393 1854 1462 potius
1880 1393 2004 1449 aliis

427 1498 509 1543 est
535 1489 816 1558 pernicies.
849 1488 990 1545 idem
1022 1488 1195 1557 ipsum
1221 1495 1307 1543 est
1328 1525 1343 1551 ,
1371 1501 1436 1542 ac
1455 1486 1500 1541 si
1525 1485 1610 1541 cui
1642 1486 1800 1541 liceat
1818 1484 2004 1540 decem

427 1594 586 1636 sanos
616 1578 834 1644 habere,
857 1579 942 1634 vel
969 1579 1116 1646 mille
1142 1578 1499 1647 inlirmos,vet
1533 1577 1623 1631 ille
1659 1576 1774 1631 istis
1817 1574 2003 1630 decem

430 1678 739 1729 innumeros
778 1673 896 1727 illos
936 1672 1167 1741 adjiciat.
1216 1671 1293 1726 illi
1338 1685 1468 1726 sane
1506 1669 1660 1726 multi
1702 1667 1835 1724 nihil
1866 1666 2004 1724 bene

425 1776 744 1839 operantes,
776 1766 908 1823 nihil
933 1766 1074 1822 aliud
1107 1764 1262 1820 nobis
1286 1765 1584 1830 conferent,
1613 1777 1771 1834 quam
1799 1760 1999 1830 suppli-

423 1858 587 1926 cium,
641 1856 789 1920 etiu
817 1856 1066 1928 praesenti
1111 1864 1372 1925 tempore,
1419 1852 1787 1924 ignominiam.
1832 1849 2002 1905 Nemo

2081 1981 2288 1993 -ῄο

2126 483 2270 539 enim
2290 487 2433 556 quod
2455 490 2604 546 multi
2632 493 2800 551 simus
2820 495 2982 559 dicet.
3012 498 3104 552 sed
3120 498 3259 568 quod
3292 500 3508 557 inutiles
3533 499 3704 556 simus

2118 575 2422 648 redarguet.
2440 581 2553 637 lloc
2572 583 2750 656 itaque
2771 586 2930 643 nobis
2954 601 3169 659 semper
3184 591 3467 661 objiciunt,
3486 593 3704 662 quando

2116 666 2364 737 dicimus,
2395 671 2542 730 Multi
2562 691 2752 733 sumus
2783 676 2929 734 :Sed
2947 680 3094 747 mali,
3125 681 3393 752 inquiunt.
3427 684 3566 739 Ecce
3594 686 3699 739 ite-

2116 777 2234 816 rum
2264 763 2522 822 denuntio
2542 778 2599 824 et
2623 769 2771 825 clara
2802 785 2937 827 voce
2963 772 3160 841 clamo,
3184 788 3345 830 nemo
3367 775 3551 846 jocum
3579 790 3703 831 esse

2115 862 2266 922 putet
2307 872 2322 910 :
2356 857 2647 915 Excludam
2692 871 2749 917 et
2772 863 2969 919 arcebo
2995 880 3100 918 non
3131 864 3573 936 obtemperantes
3595 908 3612 934 ,
3645 876 3703 923 et

2113 943 2288 1002 donec
2315 946 2369 1001 in
2383 949 2485 1006 hoc
2502 952 2692 1008 throno
2703 950 2919 1018 sedebo,
2932 950 3063 1006 nihil
3078 951 3220 1008 illius
3229 951 3704 1023 justiﬁcationibus

2111 1037 2410 1107 praeferam.
2440 1037 2499 1094 Si
2542 1040 2661 1109 quis
2689 1056 2774 1096 me
2816 1041 3072 1111 dejecerit
3095 1082 3110 1107 ,
3160 1042 3269 1111 jam
3298 1059 3404 1097 non
3435 1042 3701 1098 obnoxius

2115 1143 2249 1194 ero;
2280 1128 2455 1187 donec
2480 1146 2608 1188 vero
2645 1132 2912 1188 obnoxius
2941 1148 3059 1187 sum
3082 1176 3095 1196 ,
3130 1148 3235 1188 non
3270 1149 3487 1204 possum
3533 1133 3702 1205 negli-

2113 1236 2260 1293 gere,
2285 1238 2391 1278 non
2414 1233 2522 1278 tam
2551 1234 2695 1280 metu
2723 1225 2968 1294 supplicii
2998 1267 3011 1289 ,
3038 1238 3196 1295 quam
3228 1234 3445 1295 propter
3466 1236 3700 1281 vestram

2112 1315 2338 1370 salutem
2361 1358 2376 1381 ,
2408 1331 2567 1386 quam
2596 1315 2887 1372 admodum
2917 1318 3076 1388 cupio
3110 1337 3124 1372 :
3153 1333 3250 1388 pro
3280 1318 3370 1372 illa
3408 1319 3701 1373 crucior-ct

2113 1404 2290 1460 doleo.
2327 1405 2434 1462 Sed
2462 1406 2826 1476 obtemperate
2851 1448 2867 1473 ,
2905 1417 2961 1462 ut
2990 1416 3043 1463 et
3071 1407 3158 1463 hic
3184 1416 3238 1462 et
3267 1407 3319 1461 in
3353 1407 3530 1462 futuro
3556 1408 3696 1461 mni-

2116 1508 2221 1552 tam
2263 1497 2535 1568 accipiatis
2581 1497 2906 1564 mercedem,
2947 1509 3002 1554 et
3048 1499 3205 1555 simul
3253 1499 3408 1554 bonis
3456 1498 3700 1554 fruamur

2112 1588 2329 1645 anemis
2354 1630 2370 1655 ,
2423 1589 2592 1660 gratia
2630 1599 2686 1645 et
2735 1590 3064 1662 benignitate
3096 1591 3355 1661 unigeniti
3400 1590 3543 1655 Filii,
3575 1591 3697 1660 qui-

2110 1696 2229 1737 cum
2260 1681 2405 1736 Patri
2445 1680 2896 1752 unaque'Spiritui
2922 1683 3325 1754 saneto,gloria
3346 1724 3361 1747 ,
3393 1682 3695 1754 imperium,

2112 1773 2304 1841 honor,
2351 1787 2509 1830 nunc
2550 1783 2605 1829 et
2651 1789 2888 1845 semper,
2928 1784 2982 1830 et
3017 1775 3071 1831 in
3111 1775 3307 1831 saecula
3350 1774 3709 1832 saeculorum;

2109 1869 2304 1923 Anien.

2937 1979 3277 1992 #-

3292 1980 3664 1993 ——__—.____..

1806 2054 2149 2131 HOMILIA
2193 2054 2308 2119 IX.

419 2216 546 2275 Car.
578 2218 631 2289 5.
677 2232 729 2271 v.
778 2215 867 2272 12.
922 2215 1108 2271 Videas
1149 2224 1315 2270 autem
1361 2213 1580 2278 Petrus,
1630 2206 1889 2280 respondit
1934 2203 2002 2258 ad

491 2309 736 2381 populum
764 2324 783 2363 :
813 2307 921 2362 Viri
947 2305 1219 2373 Israelitaa,
1249 2305 1371 2372 quid
1403 2302 1656 2358 miramini
1684 2302 1739 2354 in
1768 2299 1885 2364 hoc,
1912 2305 2002 2350 aut

455 2383 609 2472 quid
638 2417 728 2457 nos
750 2399 1050 2463 intuemini,
1080 2399 1223 2469 quasi
1251 2406 1424 2452 nostra
1467 2395 1648 2448 uirtute
1691 2399 1779 2445 aut
1820 2390 2004 2474 pietate

491 2495 758 2566 fecerimus
787 2493 921 2550 hunc
945 2489 1253 2544 ambulare?

490 2587 543 2641 1.
574 2584 802 2639 Oratoris
828 2582 1073 2636 modestia
1094 2581 1305 2634 multum
1325 2578 1528 2650 prodest
1543 2575 1784 2631 auditori.
1800 2601 1870 2612 —
1890 2570 2000 2625 Ma-

412 2679 533 2749 jore
555 2676 743 2733 liducia
770 2676 927 2748 plena
954 2684 1037 2730 est
1062 2674 1177 2728 lucc
1201 2673 1373 2727 oratio
1400 2686 1415 2724 :
1449 2685 1554 2728 non
1580 2668 1724 2740 quod
1747 2668 1798 2721 in
1816 2664 2001 2736 priore

420 2770 665 2835 timeret,
696 2767 791 2823 Sed
817 2767 938 2837 quia
967 2764 1019 2820 id
1048 2764 1394 2831 homines-illi
1417 2763 1665 2817 irrisor-es
1692 2773 1798 2815 non
1845 2756 2000 2812 tulis-

416 2873 558 2927 sent.
589 2860 765 2929 Quare
806 2859 860 2914 in
906 2858 1051 2923 illius
1094 2857 1318 2914 exerdio
1367 2855 1548 2911 statim
1595 2852 1714 2908 illos
1760 2858 1999 2906 attentos

415 2952 627 3018 reddit.,
658 2951 842 3006 dicens
868 2967 884 3004 :
912 2949 1027 3005 Hoc
1053 2951 1399 3006 uobis-notum
1421 2948 1520 3011 sit,
1551 2954 1598 3000 et
1631 2945 1839 2999 auribus
1884 2958 1998 3011 per-

414 3045 568 3107 cipite
593 3043 741 3096 verba
766 3058 896 3095 mea.
924 3041 1229 3107 llicautem
1262 3038 1557 3095 nouliabet
1596 3037 1685 3090 tali
1738 3044 1998 3106 apparatu

416 3132 720 3209 opuanun
746 3131 888 3188 enim
915 3145 1108 3202 segnes
1148 3141 1344 3198 erant:
1377 3130 1586 3200 signum
1635 3129 1834 3200 quippe
1876 3127 1999 3182 illos

418 3223 913 3295 attentoslecerat;
946 3221 1086 3278 unde
1105 3231 1159 3281 et
1175 3230 1392 3291 stupore
1412 3229 1465 3275 et
1488 3228 1629 3276 metu
1655 3219 1797 3290 pleni
1821 3226 1995 3274 erant.

416 3320 603 3385 Quare.
619 3332 730 3373 non
756 3330 893 3388 opus
918 3315 1012 3370 fuit
1044 3323 1102 3369 ut
1129 3314 1252 3369 inde
1288 3311 1567 3369 exordium
1599 3312 1862 3373 duceret;
1902 3309 1997 3365 sed

415 3408 630 3473 aliunde
651 3449 677 3477 τ
697 3424 802 3480 quo
831 3407 950 3463 illos
980 3406 1146 3475 magis
1173 3405 1273 3461 sibi
1302 3405 1649 3470 conciliaret,
1681 3404 1905 3474 gloriam
1930 3402 1999 3458 ab

413 3518 474 3557 se
494 3501 830 3572 depellenda.
852 3500 994 3556 Nihil
1021 3500 1165 3556 enim
1188 3509 1307 3555 tam-
1321 3498 1537 3570 prodest
1562 3497 1812 3562 auditori,
1838 3510 1995 3568 quam

416 3595 460 3646 si
488 3600 671 3647 orator
698 3591 829 3645 nihil
854 3591 1030 3662 magni
1059 3591 1126 3647 de
1152 3605 1212 3646 se
1240 3591 1421 3656 dicat,
1453 3590 1547 3646 sed
1575 3605 1787 3646 onmem
1816 3604 1996 3660 super-

415 3682 522 3737 bia:
542 3682 902 3752 suspicionem
921 3683 1091 3739 tollat.
1122 3682 1360 3739 Gloriam
1388 3698 1517 3738 vero
1537 3682 1895 3752 despicientes
1918 3681 1997 3738 sic

417 3774 677 3844 majorem
707 3775 806 3830 sibi
835 3775 1059 3844 gloriam
1092 3775 1384 3844 parabant,
1409 3773 1866 3844 ostendebantque
1890 3789 1996 3829 non

419 3867 709 3920 lmmanum
733 3907 747 3930 ,
781 3865 873 3925 sed
900 3865 1138 3921 divinum
1173 3865 1300 3920 illud
1327 3881 1448 3921 esse
1473 3881 1643 3937 opus,
1674 3874 1732 3921 et
1760 3880 1854 3935 par
1879 3878 1999 3919 esse

418 3966 476 4011 ut
503 3956 581 4011 illi
607 3956 769 4011 etiam
795 3970 914 4012 cum
942 3939 1062 4010 aliis
1089 3954 1484 4011 admirarentur
1505 3997 1520 4022 ,
1556 3972 1660 4012 non
1687 3955 1741 4010 in
1762 3954 2009 4010 admirs-'

419 4051 563 4123 tione
591 4047 942 4105 haberentur.
977 4048 1139 4104 Vides
1160 4089 1174 4110 .
1208 4064 1366 4118 quam
1397 4049 1465 4102 ab
1491 4048 1783 4104 ambitione
1814 4064 1995 4119 purus,

416 4141 638 4206 gloriam
663 4141 763 4195 sibi
793 4140 1028 4196 oblatam
1055 4139 1331 4209 depellat?
1357 4139 1445 4194 Sic
1483 4148 1538 4194 et
1586 4148 1796 4194 veteres
1834 4138 1997 4193 facie-

418 4231 579 4299 bant,
613 4242 670 4286 ut
698 4231 883 4287 Daniel
903 4231 991 4302 qui
1023 4231 1234 4286 dicebat
1267 4247 1280 4284 :
1315 4229 1423 4301 Ego
1469 4238 1637 4284 autent
1679 4246 1781 4284 non
1823 4230 1878 4282 in
1917 4246 2001 4284 sa-

417 4325 640 4395 pientia,
680 4325 867 4395 qnwin
911 4340 990 4378 me
1034 4324 1099 4377 sit
1146 4321 1326 4395 (Dan.
1372 4322 1428 4376 2.
1469 4320 1612 4393 30);
1656 4334 1719 4377 et
1758 4321 1955 4391 Ioseph
1981 4362 1997 4387 ,

424 4417 608 4472 Nonne
632 4433 719 4488 per
744 4416 903 4471 Deum
926 4417 1264 4487 manifestatio
1306 4432 1482 4469 eorum
1525 4414 1694 4485 (Gen.
1740 4415 1830 4471 40.
1874 4414 2002 4485 8)"?

418 4508 698 4585 et‘David,
742 4506 1028 4562 Venientem
1055 4508 1250 4561 leonem
1274 4516 1321 4559 et
1351 4523 1525 4563 ursum
1551 4508 1605 4560 in
1646 4507 1848 4563 nomine
1889 4505 2001 4561 Do-

422 4598 545 4652 mini
565 4597 793 4667 manibus
815 4597 1156 4667 discerpebam
1184 4597 1261 4668 (is
1292 4596 1423 4667 Reg.
1456 4597 1544 4651 17.
1572 4598 1687 4666 54).
1705 4598 1766 4651 lii
1788 4612 2001 4668 quoque
2028 4626 2031 4627 ν

421 4676 565 4743 nunc
596 4705 611 4741 :
645 4686 784 4755 Quid
810 4704 901 4741 nos
922 4687 1221 4752 intuemini,
1252 4686 1399 4755 quasi
1435 4687 1644 4756 propria
1693 4686 1877 4741 uirtute
1914 4697 2001 4742 aut

420 4778 1061 4857 pietatefecerimus.hunc
1089 4777 1401 4840 ambulare?
1441 4777 1557 4832 Non
1609 4776 1714 4833 hoc
1758 4789 1999 4834 nostrum

420 4880 505 4927 est
527 4911 544 4939 ,
572 4871 785 4941 inquit;
818 4858 990 4941 neque
1017 4870 1158 4925 enim
1192 4869 1334 4940 quod
1380 4870 1522 4941 digni
1556 4886 1801 4926 essemus
1823 4912 1838 4936 ,
1878 4886 2003 4941 gra-

421 4966 548 5035 tiam
582 4962 672 5019 Dei
700 4963 1041 5029 attraximus.
1072 4963 1157 5018 15.
1181 4960 1321 5017 Deus
1343 4960 1632 5027 Abraham,
1663 4961 1802 5016 Deus
1827 4961 1997 5029 Isaac,

420 5067 465 5110 et
499 5056 635 5109 Dens
658 5052 840 5120 Jacob,
864 5054 999 5110 Deus
1024 5066 1221 5123 patrum
1244 5054 1713 5121 nostrorum.Vide,
1736 5055 2004 5125 quomodo

415 5164 476 5204 se
497 5148 803 5219 frequenter
822 5147 888 5219 ad
913 5148 1281 5217 progenitores
1307 5155 1619 5213 convertat;
1645 5163 1711 5203 ne
1731 5149 2003 5203 videretur

417 5239 900 5312 uortunqurtddatp
922 5239 1113 5310 dogma
1135 5238 1384 5298 inducere
1409 5259 1423 5294 ε
1447 5249 1501 5295 et
1521 5238 1629 5296 illic
1649 5239 2001 5309 patriarcham

420 5332 671 5388 Davidcm
704 5333 1057 5401 memoravit,
1094 5341 1145 5386 et
1171 5331 1257 5386 hic
1287 5331 1646 5389 Abrahamum
1675 5340 1731 5388 et
1768 5348 2000 5403 sequen-

416 5434 517 5477 tes.
548 5422 861 5492 Cleri/ienuit
892 5421 1255 5477 Filiuntsuum
1283 5421 1481 5478 Jesnm.
1511 5423 1715 5480 Rursus
1734 5426 2005 5480 humiliter

417 5514 556 5568 sicut
584 5516 634 5569 in
664 5514 950 5584 prooemio.
981 5513 1182 5570 Deinde
1205 5514 1256 5567 in
1289 5513 1499 5568 illorum
1528 5513 1763 5570 facinore
1786 5517 2002 5584 insistit,

416 5604 654 5675 illudque
680 5592 927 5670 exmun,
959 5622 1057 5662 nec
1086 5607 1187 5661 sub
1215 5607 1401 5661 unlbta
1446 5607 1680 5676 loquitur
1728 5617 1785 5660 ut
1835 5608 2001 5676 prith.

417 5694 550 5752 illud
576 5707 750 5752 autem
787 5697 960 5762 facit,
1012 5707 1069 5752 ut
1116 5697 1235 5750 illos
1287 5697 1455 5766 magis
1502 5698 1741 5752 reducat.
1793 5697 2004 5764 Quanto

417 5788 556 5845 enim
581 5790 751 5862 magis
779 5790 953 5846 scelus
982 5788 1288 5845 derlarabr-t
1314 5830 1327 5855 ,
1361 5798 1507 5841 tanto
1538 5778 1854 5845 attentibres
1886 5793 1999 5846 red-

2111 2198 2288 2256 debat.
2317 2198 2661 2269 Gloriﬁcavit,
2694 2200 2898 2270 inquit,
2936 2199 3125 2255 Filium
3154 2217 3298 2256 suum
3323 2200 3522 2269 Iesum,
3544 2218 3694 2272 quem

2108 2307 2196 2348 vos
2223 2292 2525 2359 tradidistis,
2556 2303 2601 2347 ct
2626 2293 2848 2365 negastis
2873 2304 2990 2348 ante
3008 2294 3190 2363 [aciem
3218 2292 3378 2348 Pilati
3395 2337 3410 2362 ,
3424 2295 3694 2366 judicante

2107 2385 2198 2439 illo
2219 2385 2430 2441 dimitti.
2465 2385 2580 2440 Duo
2611 2394 2737 2441 sunt
2764 2386 2985 2441 crimina
3007 2427 3022 2453 ,
3048 2396 3105 2445 et
3129 2385 3272 2457 quod
3300 2385 3505 2442 Pilatus
3530 2388 3695 2444 vellet

2107 2478 2411 2547 dimittere,
2458 2487 2511 2534 et
2558 2479 2698 2550 quod
2739 2478 2830 2533 illo
2880 2479 3094 2536 volente
3137 2494 3233 2536 vos
3267 2479 3563 2536 nolueritis.
3598 2482 3689 2536 14.

2114 2570 2217 2627 Vos
2236 2579 2401 2627 autem
2427 2582 2658 2627 sanctum
2687 2582 2733 2627 et
2749 2573 2948 2644 justum
2974 2572 3192 2644 negastis
3213 2613 3230 2639 ,
3276 2584 3325 2627 et
3365 2572 3576 2643 petiistis
3619 2574 3690 2626 ui-

2105 2682 2216 2719 rum
2238 2666 2542 2721 homicidam
2563 2665 2744 2721 donari
2763 2667 2940 2722 vobis:
2972 2666 3058 2722 15.
3099 2675 3359 2721 auctorem
3409 2658 3526 2721 uero
3576 2667 3695 2719 vita

2102 2759 2438 2829 interfecistis,
2466 2776 2614 2829 quem
2637 2759 2776 2814 Deus
2794 2759 3049 2815 suscitavit
3075 2777 3105 2812 α
3133 2760 3340 2814 mortuis
3364 2801 3378 2825 ,
3418 2760 3568 2829 cujus
3596 2776 3690 2814 nos

2106 2862 2251 2907 testes
2278 2868 2472 2907 sumus.
2500 2853 2577 2907 Ac
2602 2852 2647 2906 si
2670 2851 2892 2914 diceret,
2919 2851 3024 2907 Pro
3050 2851 3139 2906 illo
3160 2851 3417 2907 latronem
3440 2852 3688 2922 petiisds.

2106 2943 2237 2998 Rem
2268 2942 2554 3000 admodum
2576 2958 2792 3013 gravem
2819 2942 3073 3000 declarat.
3097 2942 3230 3012 Quia
3259 2944 3376 3000 illos
3400 2945 3500 3000 sub
3527 2960 3688 3001 manu

2106 3036 2362 3104 tenebat,
2392 3035 2737 3092 vehementer
2759 3036 3102 3107 praestringit.
3125 3037 3389 3092 Auctorem
3411 3054 3525 3093 vero
3552 3039 3684 3104 vita,

2106 3128 2296 3198 inquit.
2324 3128 2418 3185 llic
2442 3129 2856 3184 resurrectionis
2889 3129 3045 3184 [idem
3076 3137 3315 3201 apparat.
3350 3130 3511 3198 Quem
3540 3131 3688 3186 ‘Deus

2103 3222 2361 3276 suscitavit
2385 3240 2417 3275 a
2439 3223 2669 3276 mortuis.
2703 3220 2780 3277 Ne
2809 3222 2929 3293 quis
2970 3222 3209 3290 diceret,
3260 3222 3538 3281 Uudcnam
3585 3225 3686 3280 hoc

2104 3312 2312 3382 liquet?
2338 3328 2442 3367 non
2470 3313 2578 3382 jam
2604 3313 2672 3367 ad
2706 3315 2994 3384 prophetas
3018 3313 3259 3387 confugit
3277 3357 3291 3382 ,
3324 3316 3416 3370 sed
3443 3315 3509 3369 ad
3540 3317 3683 3386 St‘ip-

2103 3417 2251 3470 smn,
2283 3403 2405 3473 quia
2432 3402 2543 3473 jam
2574 3403 2677 3458 [ide
2706 3403 2895 3475 dignus
2945 3404 3257 3461 habebatur.
3302 3405 3452 3461 Tunc
3502 3408 3641 3462 cnim
3666 3449 3683 3474 ,

2102 3510 2222 3549 cum
2251 3493 2471 3550 dixisset
2502 3495 2646 3549 illum
2677 3496 3036 3551 resurrexisse
3058 3537 3073 3561 ,
3108 3497 3358 3551 Davidem
3390 3504 3579 3554 ιιιετοιη
3606 3498 3687 3553 in-

2103 3582 2288 3650 duxit;
2329 3599 2469 3640 nunc
2497 3600 2628 3641 vero
2657 3584 2758 3641 hoc
2790 3587 2960 3655 ipsum
2986 3586 3190 3652 dicens,
3220 3587 3443 3645 chorum
3468 3598 3679 3660 aposto-

2104 3677 2284 3732 licum.
2327 3677 2487 3748 Cujus
2533 3695 2623 3733 nos
2667 3688 2812 3733 testes
2839 3697 3048 3748 sumus,
3080 3680 3266 3752 inquit.
3296 3683 3382 3739 16.
3419 3683 3482 3738 Et
3509 3685 3689 3754 ini/ide

2104 3769 2322 3823 nominis
2351 3772 2462 3840 ejus
2481 3812 2493 3833 ,
2529 3770 2661 3824 hunc
2680 3813 2694 3837 ,
2725 3787 2870 3843 quem
2896 3788 2982 3826 vos
3011 3773 3186 3828 ridetis
3207 3785 3253 3828 ct
3273 3776 3429 3830 nostis
3447 3817 3462 3842 ,
3499 3778 3687 3847 confir-

2103 3864 2256 3916 mavit
2281 3878 2462 3917 nomen
2490 3864 2640 3933 ejus;
2664 3873 2708 3917 et
2730 3864 2876 3932 ﬁdes,
2903 3882 3017 3936 qua:
3038 3883 3126 3935 per
3149 3883 3265 3921 eum
3309 3877 3382 3922 est
3403 3909 3417 3931 ,
3459 3869 3609 3925 dedit.
3641 3870 3686 3925 ei

2102 3956 2345 4024 integram
2371 3955 2636 4009 sanitatem
2662 3956 2808 4010 istaut
2837 3957 2888 4011 iu
2910 3967 3178 4029 conspectu
3195 3961 3421 4015 onmium
3441 3973 3682 4018 vestrum.

2101 4045 2360 4111 Qun-urens
2387 4060 2600 4100 causam
2633 4048 2837 4110 dicere,
2871 4050 3047 4103 statim
3077 4050 3284 4120 signant
3329 4052 3516 4122 adjicit
3539 4097 3555 4119 ,
3600 4054 3685 4110 di-

2103 4150 2234 4190 cens
2258 4154 2276 4191 :
2303 4134 2373 4190 ‘ln
2404 4150 2672 4206 conspettu
2699 4139 2922 4192 omnium
2951 4151 3185 4195 vestrum.
3216 4143 3347 4210 Quia
3378 4145 3535 4201 valde
3567 4147 3682 4203 illos

2107 4228 2522 4295 perstrinxerat,
2554 4241 2607 4283 et
2635 4231 2943 4286 ostenderat
2969 4235 3280 4290 cruciﬁxum
3304 4239 3681 4306 resurrexissc,

2104 4333 2288 4373 rursus
2312 4333 2615 4374 sermonem
2647 4322 2886 4391 mitigat,
2917 4323 3051 4379 dans
3076 4326 3177 4380 illis
3224 4328 3551 4396 pauitantia:
3603 4330 3683 4385 ἠι-

2104 4412 2355 4467 cullatcm
2382 4454 2396 4479 ,
2425 4413 2630 4469 dicens.
2664 4415 2751 4469 17.
2791 4414 2854 4468 Et
2885 4433 3018 4470 nunc
3037 4460 3052 4483 ,
3080 4422 3262 4487 fratres
3281 4460 3296 4482 ,
3321 4426 3424 4474 scio
3451 4422 3571 4492 quia
3597 4440 3685 4491 per

2104 4505 2445 4576 ignorantiam
2470 4508 2657 4579 fecistis
2677 4550 2691 4573 ,
2732 4510 2860 4562 sicut
2886 4521 2931 4563 et
2955 4512 3206 4582 principes
3228 4514 3397 4567 vestri.
3424 4515 3523 4569 Per
3543 4516 3685 4587 igno-

2105 4599 2326 4652 rantiam
2340 4599 2558 4669 fecistis.
2587 4599 2712 4654 llaec
2738 4617 2843 4655 una
2873 4604 3144 4658 excusatio
3174 4617 3293 4670 est;
3324 4606 3510 4671 altera,
3541 4609 3685 4662 Sicut

2104 4703 2151 4746 et
2184 4692 2435 4763 principes
2479 4694 2646 4747 uestri.
2694 4695 3151 4759 Qucnmdmodum
3191 4696 3390 4766 Ioseph
3432 4696 3687 4756 fratribus

2104 4782 2313 4836 όίτριιιιι
2341 4800 2354 4838 :
2384 4781 2525 4837 Deus
2555 4801 2633 4837 me
2657 4785 2789 4839 misit
2819 4797 2935 4839 ante
2959 4804 3042 4840 vos
3078 4785 3244 4856 (Gen.
3284 4790 3375 4845 45.
3429 4791 3531 4859 5);
3581 4793 3690 4847 imo

2103 4873 2243 4941 qunti
2272 4873 2495 4944 carptim
2528 4874 2637 4928 illic
2662 4875 2900 4941 dixerat,
2934 4875 3160 4946 Deﬁnito
3195 4880 3451 4948 consilio,
3481 4892 3528 4935 et
3557 4898 3690 4949 pra:-

2102 4964 2311 5017 scientia
2334 4963 2431 5017 Dei
2455 4964 2696 5018 traditum
2721 4967 3023 5037 accipientes
3054 4971 3192 5037 (Act.
3224 4971 3275 5024 2.
3308 4969 3424 5043 25),
3457 4973 3688 5043 itlipsutn

2105 5054 2192 5108 hic
2221 5055 2479 5110 extendit.
2514 5057 2601 5111 18.
2631 5054 2770 5111 Deus
2791 5066 2960 5111 autem
2984 5075 3096 5129 qua:
3121 5063 3479 5130 prwnuntiavit
3516 5080 3605 5131 per
3634 5080 3692 5119 os

2105 5149 2330 5203 omnium
2351 5149 2711 5220 prophetarum
2743 5151 2848 5219 pati
2870 5150 3127 5206 Christum
3147 5169 3318 5219 suum,
3349 5153 3422 5208 sic
3442 5154 3688 5226 implerit.

2107 5241 2277 5296 Simul
2306 5242 2539 5297 ostendit
2564 5256 2670 5297 non
2698 5242 2913 5299 illorum
2940 5259 3061 5300 esse
3079 5284 3095 5307 ,
3123 5244 3170 5298 si
3204 5243 3304 5300 hoc
3354 5244 3692 5302 demonstra-

2106 5344 2217 5388 tum
2240 5334 2349 5397 sit;
2392 5334 2485 5389 sed
2508 5349 2609 5404 per
2637 5335 2964 5391 voluntatem
2996 5337 3088 5390 Dei
3131 5335 3328 5391 factum
3360 5352 3503 5393 esse.
3556 5338 3694 5393 (tum

2106 5440 2235 5481 vero
2255 5425 2419 5492 dicit,
2457 5426 2582 5492 Qua:
2622 5430 3001 5498 prwnuntiavit,
3042 5431 3221 5495 verba,
3253 5430 3407 5499 queis
3436 5430 3695 5486 cruciliXo

2108 5522 2524 5591 exlirobrahaut,
2557 5524 2857 5578 subiudicat
2889 5543 2900 5578 :
2931 5524 2984 5579 Si
3015 5525 3126 5579 vult
3147 5526 3480 5589 eum,salvet
3518 5524 3693 5593 illum,

2106 5614 2384 5670 dicentes:
2413 5616 2553 5669 Dixit
2579 5618 2741 5679 enim,
2778 5616 2941 5672 Filius
2970 5616 3065 5671 Dei
3093 5633 3210 5671 smn
3241 5634 3254 5671 :
3283 5618 3500 5672 confidit
3541 5618 3593 5672 in
3629 5618 3694 5673 ii-

2108 5705 2254 5772 lum;
2286 5698 2578 5761 descendat
2606 5723 2746 5762 nunc
2782 5707 2850 5763 de
2890 5724 3050 5763 crure
3081 5710 3099 5779 (
3127 5709 3313 5765 Matth.
3344 5710 3436 5765 27.
3466 5713 3535 5766 40
3579 5728 3691 5777 sqq.

2108 5794 2232 5851 Luc.
2262 5797 2351 5853 25.
2380 5797 2447 5853 55
2472 5800 2510 5867 ).
2547 5800 2626 5852 An
2662 5815 2811 5869 uugze
2838 5808 2962 5855 sunt
2992 5800 3140 5865 lucc,
3188 5818 3221 5857 0
3265 5802 3454 5857 stulti?
3507 5802 3693 5869 AISit;
