3976 6144
524 257 595 312 τι
1276 257 1341 311 5..
1371 253 1660 310 J'OANNIS
1695 218 2184 311 cum-'sdswm
2225 254 2548 313 ARCHIEP.
2597 253 3149 314 CONSTANTINOP.
3699 255 3768 312 τε

495 371 649 445 φησὶ,
687 372 784 426 καί
809 370 1210 441 ἐπιστρέψατε
1245 385 1295 426 ο.
1337 373 1450 427 Kal
1484 373 1544 426 ού
1591 373 1758 443 λέγει,
1812 367 1947 426 Ἀπὸ
1967 371 2076 426 τῶν

496 453 782 524 ἁμαρτιῶν
811 455 986 525 ὑμῶν,
1015 453 1151 519 ἀλλ’,
1187 457 1294 521 Είς
1341 453 1408 508 τὸ
1451 453 1878 525 ἐξαλειφθῆναι
1911 453 2080 524 ὑμῶν

496 538 604 602 τὰς
625 536 934 604 ἁμαρτίας,
959 536 1020 590 τὸ
1041 536 1174 590 αὐτὸ
1196 536 1391 608 δηλῶν.
1419 533 1550 592 Εἶτα
1570 538 1634 591 τὸ
1651 536 1843 608 κέρδος
1859 537 2076 604 ἐπάγειο

500 620 696 685 Ὅπως
710 619 787 673 ἂν
801 618 1020 673 ἔλθωσι
1041 620 1231 689 καιροὶ
1245 621 1602 689 ἀναψύξεως
1617 621 1737 676 ἀπὸ
1757 619 2082 689 προσώπου

494 701 602 756 τοῦ
651 702 896 770 Κυρίου.
946 703 1230 758 Δείκνυσιν
1281 703 1513 758 ἐνταῦθα
1563 703 2084 774 ταλαιπωρηθέντας

497 785 716 850 αὐτοὺς,
744 786 838 838 καὶ
857 786 1071 850 πολλοῖς
1105 787 1580 857 κατεργασθέντας
1616 788 1828 850 κακοῖς.
1879 787 1969 838 Διὸ
1993 785 2084 838 καὶ

495 867 669 932 οὓτως
698 861 873 933 εἶπεν,
915 869 1071 933 εἰδὼς
1104 870 1186 922 ὅτι
1223 871 1360 941 πρὸς
1408 871 1502 924 τὸν
1540 870 1820 940 πάσχοντα
1856 871 1950 924 καὶ
1979 887 2084 922 πα-

500 951 774 1025 ραμυθίαν
798 951 1065 1021 ζητοῦντα
1090 945 1247 1016 οὗτος
1279 953 1344 1006 ἂν
1367 953 1656 1024 ἀρμόσειεν
1680 955 1708 1007 6
1728 953 1905 1022 λόγος.

571 1034 770 1104 β’.Καὶ
790 1035 912 1105 ὅρα,
945 1033 1064 1098 πῶς
1088 1035 1190 1106 ὁδῷ
1214 1035 1517 1106 προϐαίνει.
1546 1038 1634 1090 Ἐν
1668 1037 1768 1108 μὲν
1797 1039 1862 1107 τῇ
1893 1033 2088 1108 πρώτη

496 1117 808 1189 δημηγορίᾳ
833 1117 1016 1189 ἡρέμα
1048 1118 1147 1188 τὴν
1185 1118 1482 1174 ἀνάστασιν
1512 1120 1606 1173 καὶ
1631 1121 1732 1192 τὴν
1770 1122 1828 1174 ἐν
1869 1120 2084 1192 οὐρανῷ

498 1203 714 1258 κάθισιν
733 1203 985 1274 ⁴ζινίιξατοο
1016 1202 1248 1256 ἐνταῦθα
1285 1203 1341 1256 δὲ
1373 1204 1468 1256 καὶ
1491 1207 1588 1276 τὴν
1623 1205 1844 1275 ἐμφανῆ
1878 1221 2083 1276 παρου-

501 1288 644 1341 σίαν.
676 1286 786 1338 Kal
827 1285 1167 1353 ἀποστείλῃ
1207 1286 1314 1339 τὸν
1338 1287 1910 1356 προκεχειρισμένον
1973 1289 2084 1355 ’1η-

499 1371 656 1425 σοῦν
681 1371 962 1438 Χριστὸν,
983 1369 1057 1423 ὃν
1091 1369 1187 1422 δεῖ
1203 1369 1465 1438 οὐρανὸν
1484 1371 1601 1439 μὲν
1621 1371 1909 1436 δέξασθαι
1925 1386 1937 1400 ’
1964 1371 2084 1423 ἀντὶ

497 1455 622 1522 τοῦ,
649 1454 860 1524 ἀνάγκη
893 1453 1067 1506 ἐστίν’
1095 1452 1235 1522 ἄχρι
1274 1456 1510 1522 χρόνων
1536 1454 2084 1520 ἀποκαταστάσεως

497 1537 760 1592 πάντων.
791 1536 944 1590 Διατί
973 1535 1069 1590 νῦν
1092 1537 1194 1589 οὐκ
1232 1534 1454 1606 ἔρχεται
1477 1575 1493 1600 ,
1533 1539 1568 1609 ή
1600 1538 1751 1590 αἰτία
1779 1538 1936 1609 δήλη.
1973 1534 2084 1593 Ὧν

496 1622 785 1690 ἑλάλησε,
814 1621 1000 1692 φησὶν,
1035 1623 1067 1674 o'
1099 1620 1244 1688 Θεὸς
1277 1620 1375 1674 διὰ
1417 1622 1715 1692 στόματος
1741 1621 1860 1676 τῶν
1899 1622 2083 1692 ἁγίων

496 1705 684 1762 αὑτοῦ
702 1704 1023 1776 προφητῶν
1043 1703 1162 1758 τῶν
1180 1703 1529 1772 ἀπἀἱῶνος.
1545 1705 1768 1772 Μωσῆς
1779 1705 1896 1776 μὲν
1914 1706 2083 1760 εἶπεν

494 1794 647 1860 πρὸς
675 1792 815 1858 τοὺς
844 1791 1125 1859 πατέρας,
1161 1790 1251 1844 ὅτι
1287 1792 1613 1860 Προφήτην
1638 1792 1780 1862 ὑμῖν
1813 1790 2080 1859 ἀναστή-

496 1891 593 1929 σει
614 1875 836 1943 Κύριος
857 1877 889 1928 ό
908 1874 1048 1940 Θεὸς
1076 1873 1246 1943 ὑμῶν
1266 1872 1337 1927 ἐκ
1368 1873 1488 1928 τῶν
1515 1874 1797 1944 ἀδελφῶν
1820 1875 1983 1944 ὑμῶν
2001 1876 2082 1942 ὡς

493 1958 624 2028 ἐμέ·
657 1955 844 2012 αὐτοῦ
882 1957 1223 2010 ἀκούσεσθε
1264 1957 1414 2010 κατά
1443 1956 1672 2017 πάντα,
1716 1959 1833 2012 ὅσα
1863 1957 1940 2014 ἂν
1974 1962 2083 2014 λα-

493 2039 660 2109 λήσῃ
687 2040 838 2109 πρὸς
860 2037 1036 2108 ὑμᾶς.
1072 2039 1222 2092 Ἐκεῖ
1239 2039 1268 2080 ι)
1304 2039 1402 2111 μὲν
1429 2039 1524 2092 τοῦ
1553 2036 1717 2094 Δαυῒδ
1746 2041 2082 2113 ἐμνημόνευ-

497 2141 610 2189 σεν,
638 2123 871 2178 ἐνταῦθα
907 2123 964 2176 δὲ
998 2123 1260 2187 Μωσέως.
1295 2123 1566 2187 Πάντων,
1588 2127 1754 2196 φησὶν
1777 2166 1794 2192 ,
1830 2119 1916 2178 ὧν
1944 2125 2083 2180 ἐλά-

494 2211 691 2277 λησεν
715 2211 748 2262 ὸ
782 2210 946 2275 Θεός.
986 2207 1060 2262 Οὐ
1081 2206 1253 2276 λέγει,
1281 2195 1382 2261 Ὧν
1413 2205 1566 2262 εἶπεν
1599 2212 1627 2262 6
1665 2209 1919 2281 Χριστὸς,
1943 2210 2078 2276 ἀλλ’,

493 2285 605 2345 Ὧν
625 2291 932 2358 ἐλάλησεν
956 2293 989 2345 ὁ
1018 2289 1182 2356 Θεὸς,
1209 2290 1291 2343 έτι
1314 2290 1392 2362 τῷ
1427 2292 1738 2356 συσκιάζειν
1762 2292 1961 2363 μᾶλλον
1985 2295 2082 2346 αὺ-

493 2375 622 2438 τοὺς
640 2373 981 2444 ἑπαγόμενος
1007 2374 1086 2436 εἱς
1116 2373 1299 2426 πίστιν
1331 2374 1536 2445 ἠρέμα.
1565 2371 1700 2430 Εἶτα
1729 2377 1820 2429 ἐπὶ
1853 2377 1913 2430 τὸ
1938 2378 2081 2444 ἀξιό-

497 2474 685 2510 πιστον
705 2456 1060 2527 καταφεύγει,
1085 2456 1261 2526 λέγων
1281 2473 1294 2485 ·
1317 2457 1641 2528 Προφήτην
1657 2458 1800 2529 ὑμῖν
1819 2460 2080 2530 ἀναστή-

494 2554 592 2594 σει
615 2541 832 2608 Κύριος
853 2542 884 2593 ὸ
917 2538 1062 2606 Θεὸς
1083 2538 1152 2593 ἐκ
1191 2537 1310 2592 τῶν
1331 2540 1615 2609 ἀδελφῶν
1646 2540 1813 2612 ὑμῶν
1845 2543 1924 2607 ὡς
1943 2543 2047 2612 ἐμέ
2063 2557 2078 2572 ⁶

495 2622 683 2676 αὑτοῦ
702 2621 1044 2677 ἀκούσεσθε
1066 2622 1218 2676 κατὰ
1237 2621 1454 2676 πάντα.
1485 2619 1619 2677 Εἶτα
1647 2623 1742 2677 καὶ
1773 2625 1807 2696 ή
1840 2625 2080 2696 τιμωρία

497 2704 690 2776 πολλή.
726 2705 934 2760 Ἔσται
959 2704 1047 2770 δὲ,
1075 2706 1228 2775 φησὶ,
1260 2703 1430 2762 πᾶσα
1456 2705 1652 2775 ψυχὴ,
1705 2706 1840 2774 ἣτις
1885 2707 1962 2762 ἂν
1991 2709 2079 2780 μὴ

493 2789 732 2859 ἀκούσῃ
754 2789 860 2844 τοῦ
886 2788 1195 2858 προφήτου
1221 2788 1478 2852 ἐκείνου,
1509 2789 2081 2858 ἐξολεθρευθήσεται

491 2873 562 2927 ἐκ
595 2870 703 2926 τοῦ
738 2871 913 2926 λαοῦ.
942 2871 1050 2926 Kal
1073 2870 1295 2937 πάντες
1319 2870 1388 2924 δὲ
1409 2874 1463 2926 οι
1491 2871 1790 2941 προφῆται
1812 2874 1931 2928 ἀπὸ
1965 2876 2080 2928 Σα-

489 2955 695 3027 μουὴλ
717 2953 949 3009 καὶτῶν
969 2953 1230 3022 καθεξῆς
1246 2955 1380 3009 ὅσοι
1400 2954 1718 3023 ἐλάλησαν
1735 2956 1833 3010 καὶ
1864 2957 2080 3028 κατήγι

493 3043 703 3109 τειλαν
733 3039 842 3104 τὰς
889 3037 1114 3107 ἡμέρας
1152 3039 1393 3105 ταύτας.
1455 3038 1719 3093 Ἐνταῦθα
1763 3039 1944 3105 καλῶς
1990 3042 2081 3096 τὸν

495 3123 714 3194 ὄλεθρον
740 3122 934 3192 έθηκεν
968 3132 1015 3175 ο.
1051 3116 1220 3176 Ὅταν
1245 3122 1356 3193 γάρ
1373 3140 1427 3176 τι
1453 3122 1586 3195 λέγῃ
1621 3123 1784 3195 μέγα,
1835 3125 1929 3177 ἐπὶ
1953 3128 2080 3191 τοὺς

497 3204 747 3278 πρώτους
771 3203 1126 3274 καταφεύγει.
1151 3205 1262 3257 Kal
1286 3205 1590 3276 μαρτυρίαν
1611 3200 1768 3278 εὗρεν
1792 3207 2080 3280 ἀμφότερα

494 3289 746 3360 ἔχουσαν,
762 3286 948 3360 ῶσπερ
965 3286 1083 3340 ἐκεῖ
1098 3282 1249 3341 εἶπεν
1263 3305 1276 3318 ⁸
1297 3287 1450 3354 Ἕως
1475 3287 1552 3342 ἂν
1569 3287 1645 3358 θῇ
1664 3289 1806 3356 τοὺς
1828 3289 2081 3359 ἐχθροὺς

492 3372 611 3428 ὑπὸ
637 3371 779 3439 τοὺς
806 3370 996 3437 πόδας
1012 3369 1220 3425 αὐτοῦ.
1251 3370 1325 3424 Τὸ
1343 3372 1451 3444 γὰρ
1475 3371 1813 3444 θαυμαστὸν,
1833 3375 1916 3428 ὃτι
1940 3374 2076 3446 ὁμοῦ

493 3455 564 3508 τά
599 3453 714 3520 δύο,
749 3454 844 3508 καὶ
897 3453 1147 3525 ὑποταγὴ
1180 3454 1274 3508 καὶ
1307 3454 1582 3526 παρακοὴ,
1617 3456 1769 3527 καὶὴ
1815 3457 2074 3529 τιμωρία.

505 3537 601 3602 Ὠς
621 3536 745 3606 ἐμὲ,
770 3535 925 3607 φησί.
951 3535 1016 3588 Τί
1042 3537 1220 3591 τοίνυν
1249 3538 1501 3592 πτοεῖσθε
1524 3557 1539 3606 ;
1575 3538 1771 3609 Ὑμεῖς
1798 3541 1938 3594 ἐστε
1957 3542 2075 3596 vlol

495 3621 614 3676 τῶν
629 3619 1142 3690 προφητῶν.Ὣστε
1160 3623 1286 3694 ὑμῖν
1304 3623 1511 3694 ἔλεγον,
1531 3626 1626 3678 καὶ
1644 3626 1711 3679 δι’
1733 3627 1876 3697 ὑμᾶς
1897 3627 2075 3680 πάντα

494 3704 738 3773 γέγονεν.
757 3699 975 3774 Ἐπειδὴ
995 3703 1104 3775 γὰρ
1122 3704 1209 3759 διὰ
1220 3706 1280 3758 τὸ
1300 3706 1558 3778 τόλμημα
1580 3707 1826 3778 ἐνόμιζον
1849 3709 2075 3773 ἑαυτοὺς

493 3786 890 3860 ἠλλοτριῶσθαι
930 3787 1048 3857 (καὶ
1089 3785 1198 3859 γὰρ
1229 3788 1330 3843 οὐκ
1369 3788 1480 3860 ἔχει
1519 3788 1676 3858 λόγον
1706 3789 1733 3830 ἀ
1765 3791 1855 3846 τὸν
1885 3792 2070 3858 αὐτὸν,

493 3870 592 3924 νῦν
615 3871 713 3941 μὲν
732 3869 1113 3943 σταυροῦσθαι,
1136 3871 1231 3925 νῦν
1257 3871 1312 3926 δὲ
1333 3871 1408 3940 ὡς
1437 3874 1670 3939 οἰκείους
1698 3875 2068 3948 θεραπεύειν),

494 3955 784 4020 δείκνυσιν,
803 3954 887 4008 ὅτι
913 3955 1006 4008 καὶ
1031 3950 1207 4008 έκεῖνο
1223 3957 1363 4009 κατά
1377 3957 1713 4029 προφητείαν
1732 4001 1746 4026 ,
1774 3961 1869 4014 καὶ
1892 3960 2068 4017 τοῦτο.

505 4037 704 4109 Ὑμεῖς
728 4038 889 4105 ἐστε,
925 4039 1108 4108 φησὶν,
1142 4038 1258 4092 vlol
1287 4037 1405 4092 τῶν
1433 4039 1783 4109 προφητῶν,
1828 4043 1927 4096 καί
1962 4043 2073 4112 τῆς

492 4120 806 4190 διαθήκης,
853 4117 930 4192 ἧς
977 4116 1203 4176 διέθετο
1231 4124 1264 4176 ό
1293 4121 1437 4188 Θεὸς
1471 4123 1622 4192 πρὸς
1643 4124 1783 4191 τοὺς
1814 4127 2072 4196 πατέρας

493 4202 681 4274 ὑμῶν,
711 4203 907 4274 λέγων
940 4204 1090 4273 πρὸς
1122 4203 1393 4276 Ἁϐραάμ·
1421 4205 1532 4258 Kal
1569 4205 1640 4261 ἐν
1664 4206 1746 4273 τῷ
1779 4210 2074 4278 σπέρματί

491 4302 610 4343 σου
660 4287 1174 4358 εὐλογηθήσονται
1207 4287 1396 4344 πᾶσαι
1420 4291 1481 4344 al
1516 4290 1754 4360 πατριαὶ
1794 4293 1906 4361 τῆς
1935 4291 2070 4364 γῆς.

503 4369 677 4440 Ὑμῖν
699 4369 956 4438 πρῶτον,
980 4371 1165 4443 φησὶν,
1189 4373 1222 4426 ὸ
1247 4371 1391 4440 Θεὸς
1415 4371 1774 4442 ἀναστήσας
1800 4375 1908 4430 τὸν
1930 4378 2073 4431 Παῖ-

491 4453 569 4506 δα
595 4454 784 4508 αὐτοῦ
820 4453 1207 4510 ἀπέστειλεν.
1237 4457 1380 4528 Ἀρα
1406 4457 1500 4510 καὶ
1527 4457 1734 4530 ἑτέροις
1757 4475 1772 4491 ο
1803 4460 1916 4513 ἀλλ’
1945 4462 2074 4532 ὑμῖν

496 4536 710 4606 πρῶτον
727 4538 842 4599 τοῖς
869 4535 1267 4607 σταυρώσασιν.
1293 4539 1684 4608 Εὑλογοῦντα
1702 4541 1877 4610 ὑμᾶς,
1897 4544 1968 4596 ἐν
1995 4542 2074 4608 τῷ

493 4615 896 4685 ἀποστρέφειν
918 4616 1180 4673 ἕκαστον
1205 4619 1325 4674 ἀπὸ
1356 4619 1475 4674 τῶν
1503 4621 1824 4692 πονηριῶν.
1850 4623 2074 4696 Ἷδωμεν

493 4698 551 4752 δὲ
574 4697 964 4770 ἀκριϐέστερον
997 4698 1202 4753 ἀνωθεν
1222 4699 1291 4754 τά
1330 4702 1766 4772 ἀναγνωσθέντα.
1802 4707 1950 4771 Τέως
1973 4725 2072 4762 και

493 4778 856 4862 τασκευάζει.,
908 4777 991 4835 ὅτι
1023 4782 1176 4836 αὐτοὶ
1204 4793 1227 4824 ο
1259 4784 1523 4855 ἐποίησαν
1569 4787 1630 4839 τὸ
1679 4786 1864 4859 θαῦμα
1897 4793 1954 4843 έν
1996 4789 2074 4862 τῷ

494 4864 692 4916 εἰπεῖν*
718 4860 922 4935 [72]]?!
946 4862 1304 4934 θαυμάζετε;
1324 4867 1434 4922 Kal
1459 4867 1560 4922 οὐκ
1573 4868 1798 4941 ἀφίησιν
1824 4860 2074 4926 ἀπιστείξ

495 4945 620 5000 σθαι
645 4945 1032 5030 τὸλεγόμενον.
1057 4950 1167 5003 Kal
1187 4947 1274 5003 ἵνα
1297 4950 1739 5025 ἀξιοπιστότερον
1762 4956 1893 5010 αὐτὸ
1919 4959 2074 5030 ποιή-

493 5045 584 5102 σῃ,
610 5029 1327 5102 προκαταλαμϐάνειαύτῶν
1345 5035 1444 5106 τὴν
1464 5035 1645 5107 κρίσιν
1665 5054 1679 5068 ⁸
1715 5034 1896 5109 Ἡμῖν,
1917 5029 2073 5112 φησὶ,

491 5115 550 5168 τί
575 5113 890 5182 ἀτενίζετε,
917 5115 1000 5184 ὡς
1029 5115 1148 5185 ἰδίᾳ
1177 5115 1428 5188 δυνάμει
1451 5119 1488 5189 ἣ
1519 5122 1795 5190 εὐσεϐείᾳ
1821 5139 2072 5193 πεποιη-

490 5197 698 5262 κόσιν;
728 5198 792 5252 El
816 5194 976 5252 τοῦτο
1007 5198 1152 5271 ὑμᾶς
1174 5201 1429 5272 ταράττει
1455 5203 1548 5257 καὶ
1577 5203 1813 5275 θορυϐεῖ,
1849 5207 2071 5276 μάθετε,

488 5280 574 5345 τίς
598 5282 628 5336 6
654 5283 909 5354 ποιήσας,
941 5283 1037 5336 καὶ
1070 5283 1150 5354 μὴ
1170 5284 1561 5357 ὲκπλήττεσθε.
1595 5289 1704 5341 Kal
1740 5289 1841 5360 ὅρα
1865 5309 2071 5344 παντα⁸

489 5361 610 5448 χοῦ,
624 5366 723 5448 μδτι
752 5366 847 5419 ἐπὶ
873 5365 966 5420 τὸν
985 5365 1118 5421 Θεὸν
1139 5367 1268 5422 ὃταν
1303 5369 1641 5443 καταφεύγῃ,
1669 5376 1764 5426 καὶ
1787 5375 1916 5448 εἴπῃ
1939 5375 2068 5446 παρ’

489 5445 652 5502 αὑτοῦ
680 5447 1144 5518 γίνεσθαιπάντα,
1173 5450 1294 5505 τότε
1317 5452 1488 5517 ἀδεῶς
1514 5455 1698 5519 αὐτοῖς
1725 5445 2071 5529 ἐπιπλήττει.

554 5609 1182 5680 ⁸-Ἀ“τιρᾳτρέψατιμ’ῌοηις.μ
1201 5615 1469 5680 cgteriqup
1497 5615 1655 5680 _Edl;l.
1680 5616 1904 5666 Alterum
1939 5633 2064 5680 pra»-

493 5668 617 5744 pegt
792 5668 1027 5744 ἐἷμαι-ω
1236 5668 1404 5744 Eum:
1430 5675 1691 5744 _|‘_Quid_qr_n
1727 5668 2064 5744 codices-1:96;

490 5731 629 5804 ὑμᾶς.ἐ
666 5733 803 5804 Τότε.
872 5736 896 5764 ⁸
917 5734 1060 5804 Aliqs
1089 5739 1308 5804 τέθεικεν.
1374 5731 1560 5804 ξίάθήῐῐι
1575 5739 1956 5804 *ἠλλοτριῶσθαῃ
1982 5731 2062 5789 καί

491 5792 580 5838 οὐκ
601 5792 723 5854 ᾔειν
744 5795 900 5854 λόγον.
925 5855 934 5859 _
974 5795 1302 5859 °_Legclldum
1345 5796 1539 5859 videtur
1570 5792 1642 5844 ὅτι
1677 5792 1766 5846 οὒκ
1789 5792 2062 5859 αὐτοί,ἠε-

490 5861 788 5914 ηιοιειῐκιιιο
809 5855 1113 5915 parmulam'
1134 5858 1380 5938 Expressit
1412 5857 1654 5909 Erasmus.
1679 5859 1810 5911 Enn.

2186 373 2284 427 Διά
2317 375 2476 429 τοῦτο
2505 375 2600 429 καὶ
2627 373 2888 448 ἀνωτέρω
2917 373 3107 442 ἔλεγεν
3129 414 3142 438 ,
3201 373 3417 442 Ἄνδρα
3463 373 3772 427 ἀποδεδει-

2182 456 2406 528 γμένον
2425 458 2544 514 ἀπὸ
2576 458 2728 514 Θεοῦ
2757 461 2845 524 εις
2886 457 3066 528 ὑμᾶς.
3096 458 3208 512 Καὶ
3247 455 3527 529 πανταχοῦ
3573 458 3770 528 ἀναμι-

2190 543 2419 611 μνήσκει
2447 541 2646 604 αὐτοὺς
2668 541 2764 594 τοῦ
2796 541 3146 614 τολμήματος
3167 581 3184 606 ,
3221 543 3306 595 ἵνα
3332 541 3428 595 καὶ
3471 541 3534 596 τδ
3584 540 3772 611 θαῦμα

2185 624 2394 696 δειχθῇ,
2418 626 2512 680 καὶ
2541 627 2574 698 ή
2603 625 2902 689 ἀνάστασις
2958 625 3201 697 κυρωθῇ.
3250 624 3516 679 Ἐνταῦθα
3563 624 3623 678 δὲ
3677 625 3774 678 καὶ

2182 706 2310 760 ἀλλο
2352 708 2728 780 προσέθηκεν·
2785 709 2884 762 οὐκ
2937 707 3016 762 ἔτι
3051 709 3161 779 γὰρ
3215 707 3538 779 Ναζωραῖον
3595 705 3772 774 λέγει,

2181 789 2318 844 ἀλλά
2346 792 2431 857 τί;
2477 791 2538 845 ὐ
2569 791 2734 857 Θεὸς,
2773 791 2928 862 φησὶ,
2956 788 3079 843 τῶν
3125 790 3397 860 πατέρων
3437 790 3611 860 ἡμῶν
3636 791 3774 846 ἐδό-

2183 871 2335 937 ξασε
2365 873 2474 927 τὸν
2520 873 2706 929 Παῖδα
2740 873 2926 928 αὐτοῦ
2963 873 3218 942 Ἰησοῦν.

2253 955 2395 1028 Ὅρα
2421 957 2517 1010 καὶ
2543 957 2604 1010 τὸ
2634 956 2858 1026 ἄτυφον.
2911 957 3026 1011 Οὐκ
3056 956 3399 1018 ἐνεκάλεσεν,
3444 956 3566 1010 οὐδὲ
3616 953 3774 1009 εἶπεν

2181 1038 2385 1104 εὐθέως
2403 1057 2418 1072 ο
2457 1039 2562 1094 Kal
2581 1039 2676 1095 νῦν
2701 1041 3016 1095 πιστεύετε·
3050 1041 3160 1094 ἰδοὺ
3187 1039 3474 1111 ἄνθρωπος
3501 1038 3774 1110 τεσσαρά-

2182 1140 2348 1177 κοντα
2381 1124 2475 1194 ἔτη
2510 1125 2679 1197 χωλὸς
2703 1124 2800 1190 ῶν,
2823 1126 2886 1178 ὲν
2914 1125 2992 1196 τῷ
3033 1124 3260 1194 ὀνόματι
3305 1123 3482 1194 Ἰησοῦ
3525 1121 3771 1196 Χριστοῦ

2180 1206 2400 1277 ἀνέστη.
2445 1207 2558 1276 Οὐχ
2612 1208 2783 1270 οὕτως
2817 1205 3005 1261 εἶπενο
3057 1206 3520 1278 φιλονεικοτέρους
3560 1206 3672 1276 γὰρ
3703 1205 3772 1260 ἂν

2181 1288 2439 1359 ἐποίησεν
2459 1307 2471 1321 ·
2506 1289 2642 1345 ἀλλά
2673 1290 2812 1354 τέως
2845 1290 3041 1354 αὐτοὺς
3068 1290 3313 1355 ἐπαινεῖ,
3341 1289 3425 1344 ὅτι
3457 1289 3772 1360 ἐθαύμαζον

2180 1373 2242 1425 τὸ
2261 1373 2649 1444 γεγενημένον.
2682 1373 2792 1427 Kal
2817 1373 2981 1428 πάλιν
3027 1374 3139 1428 ἀπὸ
3162 1366 3258 1427 τοῦ
3291 1373 3559 1444 προγόνου
3589 1373 3767 1427 καλεῖ.

2181 1457 2292 1510 Kal
2323 1456 2385 1510 ού
2410 1458 2577 1527 λέγει,
2594 1454 2653 1512 Ὀ
2687 1457 2894 1530 Ἰησοῦς
2924 1458 3085 1513 αὐτὸν
3118 1457 3482 1530 ὲθεράπευσεο
3504 1455 3770 1526 καίτοιγε

2180 1541 2342 1604 αὐτὸς
2364 1541 2524 1594 αὑτὸν
2558 1541 2924 1614 ἐθεράπευσεν
2945 1558 2958 1572 ·
2981 1541 3120 1608 ἀλλ’,
3153 1541 3241 1596 ἵνα
3293 1541 3368 1613 μή
3396 1541 3621 1609 λέγωσι,
3659 1541 3770 1593 Kal

2181 1624 2296 1687 πῶς
2322 1624 2433 1695 ἔχει
2458 1623 2633 1678 ταῦτα
2659 1624 2837 1694 λόγον,
2866 1625 2914 1678 εί
2941 1624 3032 1678 τὸν
3061 1624 3378 1696 παράνομον
3403 1623 3652 1688 δοξάζεις
3679 1621 3770 1676 διὰ

2179 1707 2339 1760 τοῦτο
2364 1707 2560 1770 αὐτοὺς
2585 1708 2994 1778 ἀναμιμνήσκει
3016 1706 3118 1777 τῆς
3139 1706 3375 1778 κρίσεως
3402 1707 3503 1777 τῆς
3543 1707 3637 1769 ἐπὶ
3670 1706 3769 1758 Πι-

2179 1789 2363 1854 λάτου,
2391 1790 2628 1855 δεικνὺς,
2664 1793 2748 1845 ὅτι
2804 1794 2852 1845 εί
2905 1791 3110 1845 θέλοιεν
3160 1791 3470 1862 προσέχειν,
3499 1792 3600 1844 οὐκ
3649 1789 3768 1844 ἔστι

2181 1875 2498 1946 παράνομος
2517 1891 2531 1906 ·
2563 1875 2623 1928 ού
2646 1874 2754 1946 γὰρ
2771 1873 2836 1928 ἂν
2853 1875 2881 1927 6
2903 1874 3135 1938 Πιλᾶτος
3164 1872 3426 1943 ἠθέλησεν
3447 1873 3610 1927 αὐτὸν
3632 1874 3770 1927 ἀπο-

2179 1957 2360 2013 λῦσαι.
2394 1957 2499 2012 Καὶ
2530 1959 2631 2012 οὐκ
2661 1953 2806 2021 εἷπε,
2845 1957 3205 2029 Θελήσαντος,
3247 1955 3403 2021 ἀλλὰ,
3436 1957 3770 2026 Κρίναντος

2177 2041 2414 2095 ἐκείνου
2445 2041 2738 2095 ἀπολύειν
2760 2057 2774 2072 ο
2807 2040 3005 2110 δηλῶν,
3027 2040 3110 2092 ὅτι
3137 2040 3230 2093 τὸν
3266 2039 3364 2110 μὲν
3390 2039 3612 2112 ἐτέρους
3642 2041 3770 2094 ἀνε-

2178 2122 2337 2177 λόντα
2366 2124 2609 2195 ήτήσατε
2649 2123 2938 2195 ἀφεθῆναι,
2999 2123 3090 2177 τὸν
3140 2123 3198 2177 δὲ
3233 2124 3360 2188 τοὺς
3385 2123 3770 2196 ἀνῃρημένους

2179 2205 2548 2274 ζωογονοῦντα
2565 2207 2666 2260 οὐκ
2698 2205 3018 2277 ἠθελήσατε.
3049 2206 3159 2260 Kal
3187 2206 3272 2260 ἴνα
3306 2207 3383 2277 μή
3415 2207 3616 2274 λέγωσι
3654 2205 3768 2260 πά-

2179 2287 2283 2354 λιν,
2301 2288 2426 2350 Πῶς
2450 2287 2544 2342 νῦν
2560 2289 2723 2342 αὑτὸν
2744 2288 2959 2356 δοξάζει
2984 2291 3013 2343 6
3039 2290 3160 2343 τότε
3187 2287 3262 2361 μὴ
3287 2288 3561 2360 βοηθήσας
3583 2305 3600 2356 ;
3623 2305 3768 2359 παρ-

2178 2372 2372 2440 άγουσι
2395 2371 2522 2436 τοὺς
2551 2374 2836 2444 προφήτας
2863 2372 3292 2445 μαρτυροῦντας,
3323 2373 3407 2427 ὅτι
3432 2372 3606 2437 οὕτως
3654 2372 3768 2426 ἔδει

2179 2456 2456 2526 γενέσθαι.
2489 2455 2642 2524 Εἶτα,
2679 2456 2766 2511 ἴνα
2796 2457 2870 2527 μή
2900 2457 3164 2528 νομίσωσι
3198 2457 3293 2510 τοῦ
3315 2456 3453 2511 Θεοῦ
3483 2458 3584 2530 τὴν
3619 2457 3769 2511 οἰκο-

2178 2542 2368 2612 νομίαν
2397 2540 2694 2610 ἀπολογίαν
2731 2541 2909 2594 αὐτῶν
2932 2537 3096 2606 εἶναι,
3127 2541 3391 2613 πρότερον
3419 2540 3601 2596 αὐτῶν
3633 2541 3770 2596 καθ’

2180 2627 2434 2680 ἅπτεται.
2463 2625 2574 2678 Kal
2602 2623 2663 2678 τὸ
2699 2622 2844 2678 κατά
2875 2623 3166 2696 πρόσωπον
3197 2623 3256 2676 δὲ
3303 2624 3539 2679 Πιλάτου
3595 2625 3768 2699 ἀρνήο

2182 2709 2400 2774 σασθαι,
2431 2707 2531 2762 οὐκ
2561 2703 2630 2780 ἦν
2661 2706 2720 2761 τὸ
2753 2705 2933 2778 τυχδν,
2958 2707 3164 2761 ἐκείνου
3203 2707 3531 2779 βουλομένου
3563 2708 3768 2763 ἀπολῦ-

2182 2809 2302 2847 σαι·
2335 2793 2430 2846 καὶ
2461 2793 2543 2846 ὄτι
2571 2793 2631 2845 οὐ
2654 2792 2875 2846 δυνατὸν
2915 2791 3441 2872 ὐμῖνάρνήσασθαιη
3467 2793 3769 2864 κατηγορεῖ

2177 2877 2207 2929 6
2231 2876 2476 2947 αἰτηθεὶς
2508 2877 2622 2930 ἀντ’
2657 2873 2843 2929 αὑτοῦ.
2896 2874 3054 2928 Οῦτω
3098 2875 3194 2928 καὶ
3218 2873 3379 2929 τοῦτο
3411 2874 3431 2914 ί
3480 2875 3766 2946 οἱκονομία

2182 2958 2392 3032 μεγάλη
2414 2955 2502 3030 ἦν.
2552 2957 2819 3012 Ἐνταῦθα
2857 2956 2957 3028 τήν
2999 2957 3385 3028 ἀναισχυντίαν
3423 2958 3605 3013 αὐτῶν
3650 2957 3762 3013 δεί-

2178 3061 2336 3099 κνυσι
2367 3044 2462 3098 καὶ
2487 3043 2585 3113 τὴν
2618 3041 2946 3113 ἰταμότητα·
2975 3041 3071 3096 καὶ
3101 3043 3184 3096 ὅτι
3210 3043 3240 3095 6
3274 3043 3374 3112 μὲν
3423 3042 3627 3114 Ἕλλην
3665 3043 3763 3096 xal

2181 3129 2340 3201 μόνον
2374 3128 2494 3182 τότε
2551 3126 2768 3198 πρῶτον
2802 3125 2964 3180 αὐτὸν
3012 3122 3156 3190 ἰδὼν,
3211 3124 3522 3196 ἀπήλλαξεν
3574 3125 3761 3190 αὐτὸν,

2178 3212 2356 3266 καίτοι
2407 3227 2471 3280 γε
2499 3210 2659 3266 οὐδὲν.
2697 3211 2840 3281 μέγα
2885 3208 3160 3272 ἀκούσας’
3185 3211 3235 3262 οἱ
3268 3209 3324 3262 δὲ
3349 3211 3461 3272 τοῖς
3511 3207 3763 3279 σημείοις

2179 3295 2622 3366 συντρεφόμενοι,
2653 3293 2716 3346 τὸ
2745 3293 2988 3348 ἐναντίον
3012 3292 3398 3362 πεποιήκασιν.
3433 3291 3558 3347 Ὅτι
3589 3291 3648 3345 δὲ
3678 3292 3762 3346 δι-

2176 3380 2348 3443 καίως
2380 3378 2592 3448 ἔκρινεν
2625 3378 2832 3440 ἐκεῖνος
2879 3373 3155 3437 ἀπολύειν,
3214 3376 3308 3429 καὶ
3339 3374 3401 3429 οὑ
3427 3375 3570 3428 κατά
3599 3376 3766 3446 χάριν

2174 3461 2333 3517 τοῦτο
2356 3461 2529 3514 ἐποίει
2553 3503 2568 3527 ,
2615 3459 2780 3514 ἄκουε
2817 3457 2982 3511 αὑτοῦ
3021 3456 3255 3528 ἀλλαχοῦ
3281 3457 3532 3526 λέγοντος
3551 3475 3565 3488 ·
3598 3458 3764 3522 Ἔθος

2176 3555 2304 3625 ὑμῖν
2333 3553 2481 3606 ἐστιν
2519 3549 2776 3605 ἀπολύειν
2815 3549 2912 3603 ἕνα
2945 3549 3098 3603 τινά’
3146 3548 3361 3604 Θέλετε
3397 3544 3513 3604 οὖν
3543 3549 3766 3606 τοῦτον

2172 3635 2461 3691 ἀπολύσω
2488 3633 2662 3703 ὐμῖν;
2700 3630 2898 3701 Ὑμεῖς
2921 3631 2988 3685 δὲ
3027 3630 3136 3684 τὸν
3161 3629 3334 3701 ἅγιον
3389 3632 3486 3686 καὶ
3523 3631 3766 3688 δίκαιον

2171 3717 2542 3787 ἠρνήσασθε.
2563 3716 2676 3770 Οὐκ
2704 3711 2878 3777 εἶπεν,
2913 3712 3264 3780 Ἐξεδὼκατε,
3286 3713 3424 3781 ἀλλὰ
3451 3715 3760 3786 πανταχοῦ,

2185 3801 2582 3869 Ἦρνήσασθε.
2610 3799 2869 3861 Εἰκότως.
2896 3792 3053 3850 Οὕτω
3077 3795 3185 3868 γὰρ
3217 3798 3314 3850 καὶ
3345 3797 3527 3866 ἔλεγον
3555 3799 3582 3839 ε
3600 3814 3616 3828 °
3635 3799 3762 3854 Οὐκ

2169 3885 2391 3954 ἔχομεν
2432 3881 2700 3948 ,βασιλέα
2731 3884 2786 3936 εί
2814 3879 2901 3950 μὴ
2960 3879 3256 3948 Καίσαρα.
3295 3881 3408 3935 Kal
3434 3881 3538 3936 οὐκ
3577 3877 3760 3951 εἷπεν,

2170 3968 2284 4022 Οὐκ
2313 3965 2648 4039 ὲξῃτήσασθε
2675 3963 2767 4017 τὸν
2792 3963 3054 4034 ἄληπτον,
3079 3958 3200 4016 οὐδὲ
3223 3963 3530 4034 ἠρνήσασθε
3574 3964 3762 4035 μόνον,

2169 4050 2306 4105 ἀλλὰ
2337 4051 2429 4103 καὶ
2457 4048 2838 4106 ἀπεκτείνατε.
2872 4048 3001 4102 Ὅτε
3033 4047 3434 4117 πεπωρωμένοι
3462 4041 3641 4119 ἦσαν,
3674 4048 3762 4102 οὒ-

2169 4133 2257 4188 δὲν
2280 4132 2520 4187 τοιοῦτον
2558 4127 2713 4185 εἶπεν
2733 4149 2747 4162 ·
2794 4131 2883 4184 ὅτε
2936 4130 3173 4200 μάλιστα
3204 4127 3530 4199 ἐσείσθησαν
3579 4129 3765 4184 αὐτῶν

2169 4217 2227 4274 al
2257 4215 2446 4287 ψυχαὶ,
2477 4214 2599 4268 τότε
2631 4214 2858 4284 πλήττει
2886 4209 3276 4284 σφοδρότερον,
3315 4212 3404 4265 ὅτε
3438 4213 3532 4266 καὶ
3574 4210 3759 4268 αἰσθέ-

2173 4298 2296 4353 σθαι
2321 4298 2590 4352 δύνανται.
2617 4297 2884 4368 Καθάπερ
2909 4295 3018 4367 γάρ
3047 4297 3210 4366 ἡμεῖς
3246 4295 3361 4358 τοῖς
3394 4295 3494 4366 μὲν
3529 4295 3762 4367 μεθύου-

2173 4399 2257 4436 σιν
2284 4381 2437 4435 ούδὲν
2464 4380 2698 4452 λέγομεν
2715 4419 2732 4447 ,
2775 4379 2904 4434 ὅταν
2932 4378 2990 4432 δὲ
3021 4378 3232 4450 νήψωσι
3270 4379 3366 4431 καὶ
3391 4379 3760 4448 ἀνενέγκωσιν

2175 4465 2288 4539 [75]
2313 4465 2422 4518 ἀπὸ
2445 4465 2546 4536 τῆς
2571 4464 2763 4536 μέθης,
2787 4463 2911 4517 τότε
2937 4462 3339 4534 ἐπιπλήττομεν
3362 4478 3376 4492 ⁸
3401 4461 3544 4515 οὕτω
3563 4463 3628 4532 δή
3661 4463 3760 4516 καὶ

2174 4550 2399 4620 Πέτρος,
2428 4548 2516 4602 ὅτε
2541 4547 2803 4618 ἠδύναντο
2831 4545 3068 4600 συνιέναι
3103 4544 3212 4598 τῶν
3244 4544 3552 4615 λεγομένων
3576 4584 3592 4608 ,
3630 4545 3762 4598 τότε

2174 4633 2268 4686 καὶ
2290 4631 2388 4703 τήν
2413 4631 2661 4702 γλῶτταν
2683 4631 2919 4701 ὴκόνησε
2937 4647 2951 4660 ·
2977 4627 3149 4682 πολλά
3181 4628 3249 4682 τά
3280 4627 3600 4698 ἐγκλήματα
3631 4630 3764 4700 ἀριρ

2175 4717 2300 4788 θμεῖ
2319 4733 2331 4747 ·
2359 4712 2470 4770 οἷον
2500 4717 2604 4780 ὅτι,
2635 4714 2695 4768 6v
2734 4717 2760 4755 ιι
2787 4716 2817 4767 6
2841 4713 2973 4777 Θεὸς
2999 4711 3275 4777 ἐδόξασεν,
3316 4707 3460 4765 οὗτοι
3505 4711 3758 4782 παρέδω-

2174 4818 2276 4855 καν
2295 4814 2310 4830 ο
2331 4800 2434 4863 ὅτι,
2453 4798 2512 4852 ὃν
2539 4801 2568 4852 6
2595 4798 2824 4861 Πιλᾶτος
2851 4796 3109 4858 ἀπέλυεν,
3129 4789 3273 4849 οὗτοι
3286 4795 3593 4866 ἠρνήσαντο
3611 4799 3770 4850 κατὰ

2174 4882 2462 4955 πρόσωπον
2489 4879 2697 4933 ἐκείνου
2714 4897 2727 4910 ·
2762 4879 2844 4931 ὅτι
2869 4876 3243 4948 προετίμησαν
3272 4877 3365 4930 τὸν
3385 4877 3609 4950 λῃστήν.

2244 4964 2461 5036 γ’.⁶ὀρα
2484 4961 2645 5016 πάλιν
2668 4957 3041 5021 λανθανόντως
3062 4959 3179 5024 πῶς
3195 4961 3324 5032 περὶ
3348 4960 3450 5030 τῆς
3469 4959 3757 5030 δυνάμεως

2173 5044 2338 5100 αὑτοῦ
2361 5044 2702 5114 διαλέγεται,
2729 5040 2961 5109 δεικνὺς,
2991 5042 3073 5096 ὅτι
3094 5040 3288 5096 ἑαυτὸν
3313 5043 3502 5115 ήγειρε
3527 5059 3543 5075 ·
3587 5043 3766 5098 καθά-Δ

2174 5147 2279 5202 περ
2310 5129 2370 5183 έν
2398 5131 2466 5200 τῇ
2496 5125 2740 5199 προτέρᾳ
2768 5125 3080 5198 δημηγορίᾳ
3128 5126 3283 5195 έλεγε
3305 5145 3319 5158 ·
3376 5128 3593 5182 Καθότι
3638 5128 3756 5183 οὐκ

2171 5209 2251 5284 ἦν
2276 5211 2538 5268 δυνατὸν
2564 5210 2906 5280 κρατεῖσθαι
2931 5211 3118 5265 αὑτὸν
3137 5211 3237 5265 ὑπ’
3267 5210 3455 5266 αὐτοῦ
3479 5227 3494 5242 ο
3525 5211 3620 5266 καὶ
3664 5212 3757 5268 ὲν-

2170 5295 2366 5364 ταῦθα,
2402 5295 2512 5350 Τὸν
2538 5293 2607 5348 δὲ
2637 5293 2926 5364 ἀρχηγὸν,
2957 5292 3114 5364 φησὶ,
3147 5293 3258 5361 τῆς
3293 5292 3443 5362 ᾰοῆς
3480 5293 3757 5348 ἀπεκτεί-

2171 5395 2336 5432 νατε.
2357 5377 2473 5432 Οὐκ
2506 5378 2614 5445 ἀρα
2645 5380 2775 5449 παρ’
2799 5376 2986 5446 ἐτέρου
3011 5375 3136 5445 ἔσχε
3164 5375 3226 5428 τὸ
3253 5374 3374 5447 ζῇν.
3407 5376 3620 5447 Ὠσπερ
3651 5376 3756 5448 ἀρ-

2169 5461 2338 5532 χηγὸς
2367 5463 2466 5530 τῆς
2495 5460 2695 5522 κακίας
2715 5459 2878 5523 αὐτὸς
2903 5458 2972 5512 ἂν
3005 5458 3089 5528 είη
3123 5459 3152 5510 6
3179 5457 3278 5529 τήν
3311 5457 3511 5513 κακίαν
3548 5456 3754 5523 τεκὼν,

2169 5546 2264 5598 καὶ
2291 5542 2528 5614 ἀρχηγὸς
2561 5542 2724 5611 φόνου
2751 5543 2780 5595 6
2808 5541 2901 5594 τὸν
2931 5541 3091 5610 φόνον
3143 5540 3360 5610 πρῶτος
3402 5541 3765 5610 εἰσαγαγών*

2166 5627 2309 5680 οὕτω
2329 5626 2424 5680 καὶ
2445 5625 2689 5696 ἀρχηγὸς
2712 5625 2855 5696 ζωῆς
2871 5627 2900 5678 6
2928 5623 3056 5694 παρ’
3075 5623 3272 5676 ἑαυτοῦ
3297 5623 3395 5695 τήν
3420 5623 3566 5695 ζωὴν
3586 5624 3754 5695 ἔχων.

2234 5739 2252 5779 ῖ
2283 5739 2416 5789 Unus
2456 5741 2556 5788 ἀντ’
2596 5737 2758 5789 αὐτοῦ.
2795 5741 2887 5790 Καὶ
2921 5738 3081 5789 τοῦτο.
3149 5739 3176 5780 Β
3210 5741 3347 5790 Unus
3372 5741 3478 5790 cod.
3507 5741 3614 5790 hac
3649 5753 3752 5790 non

2166 5803 2313 5852 habet
2361 5802 2634 5857 εἰκότως.

2179 5863 2382 5923 ἐπάγων,
2406 5863 2475 5910 ὅτι
2510 5864 2579 5910 ὅν.

2692 5805 2866 5865 ελεγον.
2965 5800 2992 5841 ³³
3029 5802 3126 5854 Alii
3167 5802 3320 5851 πολλὰ
3369 5804 3427 5850 τὰ
3474 5803 3762 5866 ἐγκλήματα
