4010 6158
263 277 318 330 77
1159 266 1223 322 ΙΝ
1263 263 1445 322 ACTA
1486 260 1838 319 APOSTOLO

1948 260 2008 316 ill.
2051 259 2280 317 ilOMll..
2332 261 2423 316 IX.
3463 261 3531 316 '78

263 389 346 445 sed
389 388 466 442 sic
509 385 786 453 oportebat
836 381 946 438 ﬁeri
981 399 992 435 :
1026 389 1081 436 et
1133 377 1482 435 testiﬁcantur
1530 373 1824 446 prophetat.

264 480 435 550 Itaque
461 494 565 532 non
593 477 662 533 ob
703 476 1063 530 inﬁrmitatem
1114 488 1220 527 non
1263 467 1540 526 descendit
1567 507 1582 534 ,
1629 465 1724 521 sed
1766 467 1835 521 ob

264 587 404 627 suam
424 570 692 624 virtutem.
728 569 794 622 Et
822 567 924 621 hoc
943 566 1094 635 ponit
1120 566 1172 618 in
1202 562 1603 618 excusationem
1626 558 1837 614 ludam—

266 679 398 726 rum,
428 669 486 717 ut
513 663 671 716 ctiam
702 659 987 728 accipiant.
1019 656 1108 712 Sic
1132 653 1378 724 impleuit,
1412 651 1599 721 inquit.
1627 649 1833 713 Viden‘,

266 751 522 824 quomodo
552 760 722 806 totum
750 751 876 805 illuc
905 746 1142 804 referat?
1173 744 1262 801 9|.
1297 741 1617 798 Pwnitemini
1638 741 1793 810 igitur
1817 781 1834 806 ,

267 845 427 914 .‘nqnit
447 886 461 910 ,
491 853 536 898 et
565 841 929 896 convertimini.
960 838 1070 893 Nec
1097 835 1260 903 dicit,
1292 834 1335 890 Α
1365 835 1592 903 peccatis
1613 832 1836 898 vestris;

267 937 346 990 St‘tl
370 979 384 1000 ,
415 934 484 992 Ut
506 934 770 990 deleantur
799 942 1004 1001 peccata
1036 939 1220 994 vestra,
1255 927 1481 998 idipsum
1509 928 1836 996 signiﬁcans.

267 1027 458 1081 Deinde
485 1027 692 1081 lucrum
717 1023 938 1093 apponit
971 1039 982 1074 :
1021 1020 1086 1076 Ut
1112 1037 1225 1073 cum
1255 1020 1474 1073 venerint
1501 1030 1721 1086 tempora
1757 1034 1839 1070 re-

265 1119 449 1189 frigerii
474 1135 506 1170 a
528 1125 799 1186 conspectu
828 1112 1055 1168 Domini.
1087 1111 1181 1165 llic
1209 1110 1426 1164 exhibet
1449 1109 1568 1162 illos
1592 1109 1642 1162 in
1674 1108 1838 1162 mise-

267 1211 389 1262 riam
439 1209 728 1277 delapsos,
782 1205 1064 1274 multisque
1126 1201 1346 1256 affectos
1401 1199 1834 1254 calamitatibus:

265 1300 486 1369 ideoque
513 1299 591 1354 sic
616 1298 890 1366 loquitur,
920 1289 1257 1364 gnarns‘lia'e
1307 1291 1466 1346 verba
1515 1290 1735 1360 patienti
1785 1299 1839 1344 et

265 1391 683 1446 consolationem
715 1386 969 1457 qua-renti
1000 1399 1315 1455 congruere.

322 1482 378 1534 2.
415 1483 483 1535 Et
515 1481 631 1534 vide
672 1476 934 1548 quomodo
982 1475 1252 1545 procedat.
1292 1474 1346 1528 ln
1379 1475 1547 1544 prima
1573 1472 1833 1528 concione

258 1573 456 1627 sensim
490 1569 932 1625 resurrectionem
963 1577 1018 1623 et
1045 1567 1340 1622 St.’S$iUllC|ll
1367 1567 1418 1620 in
1445 1566 1578 1619 cado
1601 1565 1840 1618 subindi-

259 1664 421 1727 cavit;
465 1662 549 1716 hic
579 1674 706 1716 vero
733 1660 876 1714 clare
902 1658 1190 1714 adventum
1219 1656 1394 1712 eﬁ'ert.
1435 1656 1524 1711 20.
1561 1655 1622 1708 Et
1653 1656 1839 1710 miserit

261 1771 382 1817 cum,
405 1753 493 1820 qui
520 1763 635 1805 ante
660 1751 961 1822 prtedicatus
981 1759 1072 1813 est,
1095 1749 1270 1804 Jesum
1287 1748 1564 1811 Christum,
1581 1747 1671 1802 21.
1693 1765 1840 1817 quem

259 1856 447 1916 oportet
471 1846 671 1916 quident
696 1843 876 1898 ca'lum
904 1844 1195 1914 suscipere;
1227 1843 1277 1897 id
1306 1851 1416 1907 est,
1450 1858 1669 1897 necesse
1707 1853 1789 1897 cst
1822 1860 1834 1894 :

260 1957 409 2010 usque
449 1940 516 1994 ad
561 1950 787 2009 tempora
831 1937 1159 1992 restitutionis
1201 1941 1444 1990 omnium.
1489 1936 1666 2002 Quare
1698 1949 1838 1989 tlltllC

260 2049 356 2086 non
401 2031 602 2098 veniat,
645 2045 804 2085 causa
851 2029 1127 2084 manifesta
1174 2036 1272 2082 est.
1328 2027 1455 2094 Qua:
1493 2029 1728 2098 loquutus
1767 2036 1840 2078 est

260 2123 388 2180 Deus
415 2141 506 2194 per
535 2141 591 2178 os
625 2134 911 2178 sanctorum
941 2138 1147 2176 suorum
1177 2138 1207 2174 a
1237 2120 1422 2174 sa’culo
1455 2119 1834 2190 prophetarum.

256 2216 338 2268 22.
365 2215 566 2285 Moyses
591 2215 792 2285 quidem
823 2213 1050 2282 patribus
1081 2213 1206 2266 dixit
1236 2229 1254 2266 :
1287 2210 1593 2280 PrOphetam
1619 2212 1836 2263 suscita-

256 2308 319 2360 bit
347 2307 484 2361 vobis
518 2305 766 2359 Dominus
794 2303 933 2358 Deus
960 2314 1116 2357 vester
1142 2308 1203 2357 de
1228 2303 1474 2372 fratribus
1505 2303 1677 2356 vestris
1709 2313 1840 2354 tant-

254 2399 399 2467 quam
425 2416 503 2453 me
531 2417 550 2454 .'
580 2399 744 2470 ipsum
776 2399 990 2452 audietis
1021 2398 1176 2467 juxta
1208 2398 1378 2449 omnia
1406 2411 1730 2465 quacumque
1766 2395 1841 2447 Io-

253 2501 430 2560 quutus
459 2492 614 2562 fuerit
642 2491 778 2544 vobis
805 2489 981 2562 (Deut.
1012 2490 1100 2543 18.
1132 2489 1243 2558 15).
1276 2488 1386 2544 Illic
1431 2489 1683 2543 Davidem
1705 2529 1720 2552 ,
1755 2488 1841 2542 hic

254 2581 482 2653 Moysen)
506 2583 840 2637 memoravit.
871 2581 1128 2648 (lantiunt,
1163 2580 1352 2650 inquit,
1375 2596 1488 2651 qua:
1511 2582 1747 2650 loquutus
1769 2588 1841 2632 est

253 2674 406 2730 Deus.
431 2675 544 2731 Non
568 2675 716 2740 dicit,
741 2675 870 2740 Qua:
897 2675 1144 2744 loquutus
1165 2683 1248 2728 est
1273 2672 1551 2736 Christus;
1573 2671 1690 2734 sed,
1715 2671 1844 2736 Qua

252 2767 485 2834 loquutus
529 2779 601 2821 est
645 2766 817 2830 Deus;
845 2766 923 2820 sic
965 2763 1066 2818 sub
1102 2763 1287 2818 umbra
1324 2763 1580 2832 paulatim
1620 2761 1743 2817 illos
1768 2746 1839 2815 ad

251 2858 406 2913 tidem
435 2859 724 2913 adducens.
759 2857 950 2913 Postea
977 2855 1044 2910 ad
1074 2870 1187 2909 rem
1217 2854 1320 2910 ﬁde
1345 2854 1559 2924 dignam
1581 2852 1840 2921 confugit,

248 2951 431 3007 dicens
461 2969 474 3005 :
509 2951 820 3023 Prop/letam
849 2950 1108 3006 suscitabit
1147 2949 1283 3003 vobis
1328 2948 1578 3002 Dominus
1617 2945 1757 2999 Deus
1782 2963 1846 3000 ea:

246 3046 490 3112 fratribus
514 3046 689 3098 vestris
712 3056 967 3113 tamquam
995 3060 1072 3098 me
1092 3059 1110 3096 :
1133 3043 1298 3112 ipsum
1324 3041 1539 3095 audietis
1558 3042 1713 3113 juxta
1737 3055 1844 3094 om-

247 3137 350 3190 nia.
396 3134 605 3190 Deinde
643 3134 776 3189 ultio
815 3148 1002 3204 magna
1044 3134 1306 3204 sequitur.
1351 3131 1440 3188 25.
1483 3131 1596 3185 Erit
1633 3141 1837 3197 autem,

247 3226 441 3296 inquit,
471 3225 634 3279 omnis
655 3225 828 3279 anima
853 3240 964 3294 qua:
982 3240 1082 3279 non
1103 3223 1323 3279 audierit
1347 3222 1645 3294 praphetam
1670 3221 1836 3284 illum,

249 3317 662 3370 exterminabitur
687 3317 751 3368 de
780 3315 937 3384 plebe.
967 3315 1056 3370 24.
1090 3313 1158 3368 Et
1179 3330 1350 3368 omnes
1381 3314 1641 3384 prapheta:
1667 3329 1699 3366 α
1732 3312 1838 3368 Sa-

250 3409 379 3462 muel
409 3416 457 3461 et
486 3407 752 3476 deinceps,
774 3406 862 3476 qui
890 3406 1084 3476 loquuti
1106 3413 1256 3471 sunt,
1283 3405 1706 3458 annuntiaverunt
1731 3404 1838 3458 dies

253 3499 385 3553 istos.
419 3498 518 3554 llic
540 3508 684 3552 recte
713 3497 930 3553 exitium
954 3496 1148 3567 posuit.
1175 3495 1396 3562 Quando
1417 3495 1558 3550 enim
1585 3509 1837 3565 magnum

253 3591 517 3660 quidpiam
547 3589 676 3645 dicit
695 3631 710 3656 ,
741 3589 808 3644 ad
847 3590 1052 3660 priores
1078 3587 1320 3658 confugit
1339 3629 1352 3651 ,
1385 3598 1441 3643 et
1471 3589 1835 3642 testimonium

256 3683 444 3752 reperit
493 3691 718 3751 utraque
757 3682 1164 3751 complectens;
1206 3688 1264 3735 ut
1304 3679 1413 3734 illic
1449 3680 1584 3734 dixit
1617 3697 1632 3733 :
1664 3677 1837 3734 Donec

257 3782 399 3838 ponat
424 3772 658 3826 inimicos
681 3770 774 3825 sub
804 3771 954 3839 pedes
985 3781 1096 3824 tuos
1129 3769 1298 3836 (Psal.
1330 3769 1452 3824 109.
1475 3769 1550 3837 2).
1578 3769 1837 3838 Quodque

257 3867 437 3922 mirum
467 3875 573 3930 est,
604 3865 718 3921 lucc
742 3864 849 3920 duo
876 3865 1058 3931 simul,
1088 3864 1366 3933 subjectio,
1399 3862 1763 3932 praevaricatio
1783 3871 1838 3918 et

257 3971 422 4022 plena.
455 3957 737 4026 Tamquam
762 3973 860 4022 me,
884 3956 1075 4026 inquit.
1101 3954 1236 4022 Quid
1262 3969 1390 4024 ergo
1418 3953 1721 4008 miramini?
1742 3953 1834 4008 25.

266 4045 357 4101 Vos
392 4048 512 4102 estis
555 4047 652 4115 ﬁlii
695 4048 1081 4116 prophetarum.
1125 4045 1306 4116 Itaque
1350 4045 1502 4100 vobis
1545 4045 1832 4110 dicebam,

259 4153 466 4210 propter
492 4155 591 4196 vos
615 4141 791 4195 omnia
816 4139 950 4195 facta
979 4153 1118 4196 esse.
1147 4139 1277 4208 Quia
1303 4139 1446 4194 enim
1473 4147 1691 4210 pr0pter
1720 4153 1837 4194 sce-

259 4232 333 4285 lus
357 4233 612 4302 putabant
643 4247 702 4286 se
726 4231 1054 4288 abalienatos
1083 4245 1200 4285 esse
1228 4230 1456 4286 :etenim
1483 4229 1671 4284 rationi
1702 4243 1834 4283 con-
1886 4262 1888 4264 τ

260 4334 564 4380 sentaneum
595 4338 702 4378 non
723 4331 806 4378 est
831 4323 1079 4378 eumdem
1107 4322 1264 4376 modo
1283 4321 1540 4391 cruciﬁgi,
1565 4336 1688 4374 mox
1710 4334 1838 4375 suos

259 4430 434 4470 curare
458 4432 474 4480 ;
505 4424 560 4470 et
584 4414 684 4470 hoc
710 4423 764 4469 ct
793 4414 922 4468 illud
949 4413 1146 4467 factum
1177 4426 1271 4479 per
1299 4411 1630 4481 prephetiam
1656 4420 1837 4464 osten-

262 4504 347 4557 dit.
387 4505 486 4561 Vos
512 4507 664 4571 estis,
689 4505 898 4574 inquit,
933 4503 1028 4571 ﬁlii
1057 4502 1416 4572 prOphetarum
1445 4511 1492 4554 et
1522 4502 1836 4568 testamenti,

262 4597 382 4660 quod
407 4598 656 4666 disposuit
685 4595 823 4651 Deus
850 4595 918 4647 ad
952 4603 1118 4664 patres
1147 4602 1354 4658 vestros,
1389 4593 1556 4646 dicens
1585 4592 1652 4645 ad
1678 4593 1839 4646 Abra-

267 4683 368 4736 ham
392 4702 410 4739 :
439 4687 506 4740 Et
533 4686 586 4740 in
609 4687 797 4741 semine
827 4695 911 4740 tuo
933 4685 1289 4738 benedicentur
1314 4699 1483 4737 onmes
1506 4683 1714 4752 familia:
1740 4693 1839 4738 ter-

266 4779 520 4840 razllien.
558 4779 645 4833 12.
682 4781 772 4852 ὅ).
817 4774 907 4834 26.
963 4776 1112 4833 Vobis
1155 4777 1407 4848 primunt,
1451 4777 1657 4846 inquit,
1702 4777 1840 4834 Deus

267 4883 500 4928 suscitans
527 4870 577 4924 F
579 4872 726 4925 ilium
750 4888 917 4938 suum,
949 4873 1101 4926 misit.
1135 4870 1325 4942 Utique
1353 4878 1407 4924 et
1433 4869 1554 4924 aliis
1577 4886 1591 4935 ;
1622 4869 1716 4926 sed
1743 4885 1836 4926 vo-

269 4959 336 5015 l-is
363 4963 595 5034 primum
617 5003 632 5027 ,
663 4963 751 5033 qui
781 4964 1136 5019 cruciﬁxistis.
1181 4962 1561 5018 Benediccntem
1592 4965 1762 5028 vobis;
1786 4972 1840 5016 nt

269 5069 505 5113 convertat
525 5075 581 5114 se
600 5057 936 5128 unusquisque
963 5075 994 5110 a
1021 5059 1238 5128 nequitia
1259 5075 1374 5114 sua.
1399 5058 1527 5125 Qua:
1556 5058 1688 5112 lecta
1715 5066 1842 5112 sunt

271 5153 556 5208 accuratius
599 5160 926 5222 repetamus.
969 5151 1208 5206 Suadere
1250 5162 1508 5216 conatur,
1552 5167 1656 5206 non
1698 5152 1841 5218 ipsos

273 5242 576 5300 miraculum
617 5243 810 5299 fecisse
833 5284 846 5307 ,
879 5258 1001 5298 cum
1027 5244 1187 5304 dicit,
1229 5243 1363 5310 Quid
1405 5241 1696 5296 miramini?
1734 5241 1843 5296 Nec

275 5335 516 5398 permittit
547 5344 604 5389 ut
633 5333 778 5389 dicto
809 5333 938 5388 ﬁdes
970 5349 1072 5388 non
1113 5333 1388 5388 habeatur.
1432 5336 1602 5401 Atque
1631 5341 1683 5387 ut
1715 5332 1842 5387 illud

277 5424 364 5480 Iide
399 5426 614 5497 dignius
657 5425 936 5490 redderet,
981 5425 1190 5480 illorum
1233 5424 1490 5495 judicium
1535 5425 1839 5495 praevertit,

275 5511 443 5571 dicens
473 5535 488 5571 :
525 5515 664 5584 Quid
693 5532 782 5570 nos
812 5515 1106 5581 intuemini,
1137 5515 1278 5580 quasi
1319 5515 1524 5583 propria
1557 5515 1736 5568 virtute
1769 5516 1844 5568 vel

278 5603 445 5669 pietate
465 5607 768 5678 fecerimus?
791 5605 843 5662 Si
876 5606 978 5660 hoc
1004 5620 1098 5661 vos
1131 5611 1296 5659 terret
1319 5612 1375 5658 et
1401 5604 1599 5668 turbat,
1630 5604 1840 5666 discite,

275 5697 380 5758 ‘lliis
417 5696 644 5766 fecerit,
674 5709 726 5754 et
766 5713 830 5753 ne
864 5697 1239 5768 obstupescite.
1271 5694 1336 5750 Et
1365 5695 1464 5750 hoc
1496 5695 1686 5765 ubique
1719 5710 1840 5764 pcr~

1947 373 2120 443 pende
2147 375 2272 429 :ubi
2301 372 2366 429 ad
2395 374 2562 429 Deum
2593 373 2848 444 confugit,
2876 373 3113 444 dixitque
3137 374 3307 442 ipsum
3338 373 3468 430 locis
3501 393 3530 432 c

1946 465 2158 531 omnia;
2181 475 2306 522 tunc
2331 467 2451 522 illos
2475 467 2592 522 sine
2619 476 2762 522 metu
2791 467 3116 537 perstringit.
3145 467 3267 522 Ideo
3285 471 3530 537 superius

1945 559 2175 616 dicebat.
2210 559 2383 615 Virum
2413 561 2744 631 approbatum
2770 578 2803 614 a
2833 561 2939 615 Deo
2969 561 3020 614 in
3057 559 3214 616 vobis.
3245 561 3308 616 Et
3337 561 3532 632 ubique

1946 653 2052 709 illis
2083 655 2182 709 hoc
2213 655 2418 711 facinus
2454 663 2875 720 commemorat,
2907 663 2962 708 ut
3001 654 3315 708 miraculum
3345 663 3476 732 estet
3497 675 3526 686 -

1945 743 2121 811 datur,
2155 754 2208 798 et
2236 747 2556 801 resurrectio
2588 747 2846 800 ﬁrmetur.
2880 745 2976 800 llic
3002 755 3179 799 autem
3207 744 3350 798 aliud
3378 744 3533 798 addi-

1947 833 2020 888 dit
2055 853 2068 891 :
2096 851 2202 890 non
2225 838 2368 892 enim
2394 837 2503 908 jam
2533 838 2680 893 illum
2706 837 3037 893 Nazarenum
3064 837 3212 902 dicit,
3242 836 3336 891 scd
3362 837 3529 906 quid?

1949 924 2122 991 Deus,
2172 929 2374 998 inquit,
2421 941 2621 1000 patrum
2667 941 2952 984 nostrorum
2995 928 3296 1001 glori/ienuit
3339 929 3530 984 Filium

1947 1033 2093 1070 suum
2120 1018 2318 1076 Iesum.

2021 1109 2132 1175 Quo
2159 1113 2256 1164 ritu
2285 1111 2464 1167 Petrus
2485 1114 2826 1167 concionctur.
2851 1142 2918 1152 —-
2953 1113 3102 1176 Vide,
3131 1128 3288 1182 quam
3315 1113 3526 1168 alienus

1947 1204 2016 1257 sit
2045 1221 2073 1258 a
2105 1205 2254 1260 fastu.
2289 1205 2403 1260 Non
2429 1207 2719 1274 accusavit,
2754 1223 2925 1278 neque
2949 1225 3066 1260 ninx
3097 1207 3230 1262 dixit
3295 1208 3360 1263 Et
3390 1225 3529 1263 nunc

1946 1295 2149 1350 credite
2186 1317 2196 1350 :
2229 1312 2354 1352 cecc
2395 1297 2594 1363 homo,
2645 1314 2764 1352 cum
2821 1314 2916 1368 per
2961 1299 3306 1370 quadraginta
3359 1316 3529 1354 annos

1945 1386 2166 1443 claudus
2198 1387 2404 1454 fuisset,
2438 1389 2490 1442 in
2519 1389 2732 1443 nomine
2757 1389 2882 1443 Jesu
2911 1389 3105 1443 Christi
3129 1391 3382 1444 surrexit.
3412 1389 3526 1444 Non

1946 1478 2015 1532 ita
2046 1479 2218 1542 dixit;
2254 1495 2373 1533 nam
2415 1480 2861 1535 contentiosiorcs
2901 1481 3019 1536 illos
3055 1481 3401 1546 reddidissrt;
3435 1482 3526 1536 sed

1947 1569 2157 1624 interim
2187 1570 2366 1625 laudat
2391 1571 2547 1638 illos,
2578 1571 2716 1640 quod
2750 1587 2862 1626 rem
2889 1570 3300 1626 admirarentur.
3335 1572 3399 1626 Et
3425 1575 3528 1626 ito-

1949 1677 2063 1714 rum
2091 1677 2118 1714 a
2150 1662 2486 1731 progenitore
2513 1672 2685 1717 vocat.
2729 1663 2836 1718 Nec
2864 1663 2994 1718 dicit
3027 1682 3038 1718 :
3071 1664 3225 1720 Jesus
3254 1665 3402 1718 illum
3432 1681 3527 1718 cn-

1947 1754 2102 1815 ravit,
2129 1754 2251 1808 licet
2279 1755 2448 1822 ipsum
2476 1770 2600 1810 vere
2625 1765 2894 1821 curasset;
2923 1756 3014 1812 sed
3044 1772 3110 1811 ne
3135 1757 3394 1821 dicerent,
3428 1757 3529 1811 Ei:-

1945 1858 2046 1912 qua
2084 1845 2195 1898 lucc
2230 1847 2432 1901 ratione
2473 1847 2730 1912 nituntur.
2764 1829 3298 1917 si'prtevaricaturem
3324 1849 3528 1918 gloriﬁ-

1945 1936 2063 1990 cat?
2117 1936 2237 1991 ideo
2280 1937 2332 1992 in
2388 1947 2622 1994 mentem
2671 1938 2776 1993 illis
2825 1949 3040 1996 revocat
3086 1940 3342 2008 judicium
3391 1941 3529 2010 apud

1948 2028 2174 2083 Pilatum
2212 2047 2224 2082 :
2259 2031 2570 2098 ostendens,
2611 2031 2655 2085 si
2697 2033 2974 2088 attendere
3018 2034 3220 2096 velint,
3262 2050 3364 2088 non
3408 2050 3530 2088 esse

1947 2120 2091 2173 illum
2129 2122 2592 2189 praevaricatorem
2625 2142 2636 2177 :
2674 2139 2846 2193 neque
2875 2125 3016 2178 enim
3047 2124 3247 2178 Pilatus
3276 2125 3533 2179 voluisset

1945 2225 2065 2264 eum
2093 2211 2383 2268 dimittere.
2416 2213 2523 2268 Nec
2548 2214 2696 2279 dicit,
2723 2215 2974 2281 Veiente;
3009 2215 3125 2281 sed,
3149 2215 3422 2270 Judicante
3444 2216 3531 2269 illo

1945 2305 2164 2368 dimitti;
2203 2305 2482 2360 declarans
2507 2321 2602 2362 vos
2635 2322 2756 2362 eum
2780 2349 2794 2373 ,
2826 2309 2916 2377 qui
2954 2307 3090 2362 alios
3120 2307 3418 2371 occidebat,
3447 2306 3529 2360 di-

1946 2399 2082 2452 mitti
2109 2399 2355 2468 petiisse;
2385 2415 2506 2453 eum
2530 2414 2658 2454 vero
2682 2441 2697 2466 ,
2726 2400 2814 2470 qni
2843 2400 3051 2454 occisos
3079 2399 3145 2454 ad
3178 2400 3336 2453 vitam
3366 2399 3526 2453 redu-

1945 2489 2121 2555 cebat,
2147 2490 2403 2546 noluisse.
2446 2489 2524 2546 Ne
2558 2507 2686 2548 vero
2715 2493 2909 2546 iterum
2940 2492 3183 2547 dicerent
3209 2510 3220 2546 :
3249 2491 3530 2559 Quomodo

1948 2596 2088 2637 nunc
2121 2581 2400 2652 gloriﬁcat,
2433 2585 2523 2654 qui
2555 2595 2681 2640 tunc
2708 2602 2812 2640 non
2842 2585 3078 2655 adjuvit?
3103 2585 3378 2640 adducunt
3409 2601 3529 2654 pro-

1949 2673 2137 2743 pbetas
2179 2673 2559 2742 testificantes,
2587 2677 2664 2731 sic
2689 2677 2992 2745 oportuisse
3025 2677 3162 2732 ﬁeri.
3216 2677 3435 2743 Deinde,
3465 2692 3530 2732 ne

1948 2771 2201 2834 putarent
2225 2765 2317 2818 Dei
2337 2766 2694 2819 (nconomiam
2714 2767 2950 2833 ipsorum
2967 2769 3366 2824 excusationem
3387 2783 3529 2833 esse,

1951 2855 2099 2924 prius
2126 2853 2249 2909 illos
2280 2854 2608 2924 perstringit.
2653 2855 2719 2909 Et
2755 2857 2896 2923 quod
2947 2857 3001 2912 in
3043 2866 3332 2927 conspectu
3378 2859 3532 2915 Pilati

1952 2953 2235 3015 negassent
2267 2945 2382 3000 leve
2412 2960 2518 3000 non
2555 2955 2672 3000 erat
2694 2986 2708 3012 ,
2741 2961 2862 3000 cum
2892 2947 3004 3017 ipse
3030 2947 3190 3004 vellet
3217 2949 3486 3007 dimittere
3516 2969 3529 3004 :

1949 3037 2197 3108 quodque
2241 3037 2292 3092 id
2337 3052 2534 3108 negare
2580 3054 2684 3092 non
2723 3049 2964 3109 possent,
3001 3041 3255 3111 arguebat
3285 3042 3348 3106 is,
3373 3056 3528 3111 quem

1948 3144 2044 3198 pro
2066 3129 2156 3183 illo
2182 3128 2462 3198 petierant.
2497 3129 2569 3183 lta
2587 3129 2689 3184 boc
2711 3145 2920 3200 quoque
2947 3145 3013 3185 ex
3042 3146 3230 3202 magna
3255 3132 3530 3202 dispensa-

1947 3223 2090 3277 tione
2106 3220 2326 3277 factum.
2347 3221 2834 3292 llicimpudentiam
2856 3225 3528 3295 petulantiamqueillorum

1944 3313 2214 3380 ostendit;
2241 3327 2308 3368 eo
2337 3313 2480 3384 quod
2509 3314 2721 3385 gentilis
2749 3315 2839 3385 qui
2873 3325 2997 3370 tunc
3027 3315 3254 3385 prinmm
3280 3317 3425 3390 illum
3455 3317 3530 3371 vi-

1942 3406 2038 3472 dit,
2070 3406 2242 3476 ipsum
2269 3405 2498 3462 liberare
2523 3407 2770 3474 voluerit,
2792 3407 2915 3462 licet
2946 3407 3078 3462 nihil
3108 3410 3281 3476 magni
3302 3409 3530 3464 audivis-

1941 3506 2055 3564 set;
2087 3499 2160 3555 illi
2178 3514 2303 3555 vero
2330 3500 2467 3554 inter
2487 3500 2637 3570 signa
2659 3500 2876 3555 enutriti
2900 3507 3084 3555 contra
3106 3499 3350 3555 fecerint.
3377 3501 3529 3569 Quod

1942 3605 2069 3645 vero
2093 3589 2182 3645 ille
2201 3589 2346 3660 juste
2365 3589 2630 3661 judicaret
2653 3590 3023 3646 dimittendum
3050 3606 3190 3654 esse,
3207 3608 3304 3646 nec
3325 3593 3389 3646 ad
3410 3608 3529 3662 gra-

1946 3682 2070 3735 tiam
2092 3681 2144 3736 id
2162 3680 2381 3747 faceret,
2401 3681 2521 3736 audi
2547 3681 2716 3751 ipsum
2739 3681 2862 3736 alibi
2895 3681 3104 3753 (Matth.
3119 3681 3210 3738 27.
3233 3683 3320 3738 15.
3358 3681 3526 3737 Marc.

1946 3773 2028 3826 15.
2059 3769 2124 3843 6)
2181 3771 2449 3827 dicentem
2499 3789 2513 3823 :
2557 3772 2652 3826 Est
2688 3772 3020 3827 consuetudo
3069 3771 3220 3827 vobis
3253 3771 3527 3836 dimittere

1943 3863 2434 3934 unumquemdam:
2463 3861 2623 3916 Vultis
2642 3878 2760 3933 ergo
2787 3864 2918 3916 hunc
2943 3863 3191 3916 dimittam
3213 3864 3346 3917 vobis
3365 3864 3390 3916 .9
3431 3862 3526 3918 Vos

1941 3966 2110 4012 autem
2146 3966 2379 4012 sanctum
2417 3965 2464 4009 et
2481 3957 2678 4025 justum
2723 3956 2967 4024 negastis.
3029 3955 3144 4010 Non
3187 3955 3350 4021 dixit,
3395 3955 3525 4009 Tra-

1941 4049 2174 4112 didistis;
2203 4048 2296 4105 sed
2326 4048 2541 4118 ubique,
2569 4047 2824 4118 Negastis.
2851 4047 2927 4117 (α)
2958 4045 3127 4119 [Jure.
3157 4047 3245 4103 Sic
3273 4049 3414 4102 enim
3442 4049 3522 4101 di-

1940 4140 2132 4195 cebant
2163 4138 2215 4211 :]
2246 4138 2367 4193 Non
2398 4139 2634 4192 habemus
2660 4155 2824 4210 regem
2838 4139 2935 4192 nisi
2958 4139 3206 4193 Ctesarem
3225 4137 3406 4210 (Joan.
3433 4140 3520 4194 l9.

1943 4231 2071 4302 15).
2116 4229 2226 4285 Nec
2267 4230 2422 4296 dixit,
2451 4229 2567 4284 Non
2591 4229 2820 4298 petiistis
2847 4229 3206 4297 inculpatum;
3238 4243 3412 4294 neque
3435 4245 3527 4285 ne-

1941 4322 2106 4390 gustis
2131 4321 2302 4375 solum
2324 4360 2339 4386 ,
2370 4321 2464 4373 sed
2496 4321 2655 4373 etiam
2682 4319 2969 4372 occidistis.
3017 4319 3240 4384 Quando
3265 4322 3523 4374 excancati

1943 4421 2096 4466 erant
2117 4449 2132 4476 ,
2164 4409 2296 4463 nihil
2322 4409 2428 4463 tale
2451 4409 2622 4462 dixit:
2652 4422 2771 4460 cum
2801 4420 2976 4461 autem
3007 4422 3193 4462 eorum
3222 4409 3386 4462 animi
3413 4426 3526 4464 ma-

1943 4505 2024 4574 gis
2050 4511 2202 4558 erant
2221 4501 2470 4571 exagitati
2494 4541 2508 4564 ,
2534 4509 2660 4556 tunc
2683 4500 2859 4555 acrius
2887 4499 3230 4571 perstringit,
3256 4517 3375 4556 eum
3403 4517 3526 4559 sen-

1947 4598 2044 4652 tire
2069 4603 2336 4665 poterant.
2366 4591 2825 4660 Quemadmodum
2852 4601 2906 4648 et
2927 4608 3026 4648 nos
3047 4592 3212 4650 ebriis
3237 4594 3370 4650 nihil
3394 4595 3524 4651 dici-

1945 4704 2093 4754 mus;
2125 4703 2245 4744 eum
2272 4695 2452 4743 autem
2476 4686 2738 4741 ebrietate
2765 4685 2969 4741 sublata
2996 4687 3181 4757 vigiles
3209 4698 3370 4753 sunt,
3402 4700 3526 4744 tunc

1943 4781 2345 4853 carpimuszita
2390 4787 2446 4836 et
2493 4779 2714 4845 Petrus,
2755 4793 2875 4833 cum
2918 4779 3213 4849 intelligere
3258 4790 3525 4849 poterant,

1947 4885 2072 4930 tunc
2127 4875 2363 4944 linguam
2413 4871 2589 4938 acuit,
2637 4873 2947 4942 sceleraquc
2997 4873 3160 4927 multa
3206 4883 3526 4937 enumerat;

1947 4981 2162 5036 nempe,
2184 4964 2325 5035 quod
2355 4979 2500 5028 eum,
2524 4977 2681 5033 quem
2709 4962 2851 5017 Deus
2874 4963 3211 5032 gloriﬁcavit,
3238 4963 3334 5030 ipsi
3367 4963 3528 5017 tradi-

1947 5058 2155 5123 derint;
2199 5055 2343 5126 quod
2385 5069 2545 5126 quem
2591 5052 2793 5108 Pilatus
2837 5053 3102 5118 absolvit,
3143 5053 3196 5107 in
3237 5062 3527 5121 conspectu

1948 5149 2114 5219 ipsius
2140 5146 2485 5218 negaverint;
2513 5146 2655 5218 quod
2684 5146 2942 5201 latronem
2967 5146 3312 5216 praetulerint.

2019 5242 2075 5296 5.
2102 5239 2237 5294 Vide
2258 5255 2490 5306 rursum,
2511 5237 2781 5309 quomodo
2805 5236 3010 5292 occulte
3037 5236 3105 5292 de
3127 5236 3360 5306 potentia
3391 5236 3530 5292 illius

1951 5336 2213 5404 loquatur,
2239 5332 2381 5402 quod
2401 5333 2636 5401 seipsum
2662 5330 3015 5394 suscitaverit,
3040 5338 3098 5382 ut
3128 5329 3178 5382 in
3208 5328 3370 5396 priori
3399 5344 3527 5383 con-

1949 5427 2104 5482 cione
2123 5423 2333 5479 dicebat
2360 5439 2374 5476 :
2397 5423 2557 5477 Juxta
2583 5423 2717 5492 quod
2740 5421 3047 5492 impossibile
3073 5429 3180 5473 erat
3206 5420 3360 5473 teneri
3387 5421 3528 5473 illuni

1952 5522 2012 5574 ab
2038 5535 2096 5574 eo
2125 5516 2264 5588 (Act.
2283 5515 2337 5570 2.
2365 5515 2457 5586 24)
2477 5531 2491 5581 ;
2513 5522 2570 5571 et
2595 5516 2697 5580 hic,
2720 5515 3002 5577 Auctorem,
3029 5511 3218 5580 inquit,
3237 5511 3350 5565 vita:
3370 5510 3522 5565 inter-

2019 5699 2091 5762 (a)
2125 5705 2234 5758 Qua:
2258 5694 2446 5746 uncinis
2470 5692 2753 5743 clauduntur
2776 5689 2951 5739 desunt
2971 5689 3018 5738 iu
3041 5701 3133 5738 uno
3158 5687 3347 5739 Codice.
