3976 6144
384 235 447 293 79
1197 226 1235 282 S
1281 225 1559 283 JOANNIS
1587 221 2062 284 CllRYSOSTOMl
2105 223 2417 282 ARCIIIEP.
2458 223 2990 284 CONSTANTiNiiP.
3592 232 3669 290 80

385 349 598 407 emittis.
641 346 756 402 Non
799 360 925 417 ergo
957 343 1023 399 ab
1052 344 1222 399 altero
1250 344 1414 397 vitam
1449 343 1672 412 accepit.
1725 341 1875 397 Sicut
1915 349 1968 395 ct

386 444 474 515 qui
516 439 732 515 malitiae
762 445 949 492 auctor
971 442 1090 501 est,
1122 434 1238 505 ipse
1268 435 1524 489 malitiam
1551 434 1757 505 gignet;
1789 442 1845 488 et
1869 449 1969 487 au-

385 545 501 589 ctor
537 529 836 595 homicidii,
870 528 961 598 qui
997 526 1343 581 homicidium
1383 527 1586 596 primus
1624 525 1969 581 induxitrsic

385 633 572 680 auctor
590 624 712 679 vitae
734 631 838 686 est,
863 620 952 690 qui
982 633 1012 673 a
1039 618 1219 687 seipso
1242 618 1404 671 vitam
1435 617 1612 672 habet.
1649 617 1808 683 Quem
1832 616 1971 672 Deus

384 717 660 783 suscitavit,
690 714 880 784 inquit.
905 712 1195 781 Postquam
1227 711 1340 764 lucc
1371 710 1575 787 dixerat
1598 749 1612 775 ,
1644 709 1821 763 subdit
1854 725 1867 761 :
1902 709 1967 762 Et

382 810 433 862 in
475 808 578 876 ﬁde
610 806 829 862 nominis
873 805 984 876 ejus
1024 803 1186 866 hunc,
1215 818 1360 872 quem
1386 816 1472 855 vos
1495 800 1673 855 videtis
1697 810 1743 854 et
1769 802 1926 854 nostis
1948 841 1961 863 ,

381 898 700 966 conﬁrmavit
724 912 903 950 nomen
926 895 1036 964 ejus
1058 908 1078 948 :
1097 902 1144 947 et
1167 894 1311 963 ﬁdes,
1338 908 1451 960 quas
1474 910 1563 961 per
1582 910 1695 947 eum
1715 905 1804 957 est,
1833 893 1969 947 dedit

384 993 426 1043 ei
452 990 701 1059 integram
721 987 986 1041 sanitatem
1011 985 1180 1038 istam.
1210 984 1366 1053 Atqui
1395 984 1439 1038 si
1470 983 1603 1039 ﬁdes
1631 984 1686 1038 in
1713 999 1857 1045 eum,
1885 992 1966 1038 to-

386 1091 496 1135 tum
518 1088 734 1150 operata
757 1087 855 1145 est,
877 1078 997 1148 quia
1025 1076 1077 1131 in
1108 1075 1254 1131 illum
1280 1076 1545 1145 speravit;
1569 1091 1666 1133 cur
1686 1092 1789 1130 non
1812 1075 1964 1142 dixit,

386 1173 487 1226 Per
512 1186 729 1236 nomen,
758 1169 851 1225 sed
873 1210 889 1236 ,
922 1167 990 1222 In
1017 1167 1260 1223 nomine?
1284 1166 1416 1233 Quia
1444 1168 1676 1223 nondum
1700 1167 1968 1222 audebant

385 1263 586 1329 dicere,
618 1261 674 1316 In
704 1261 852 1314 illum
886 1259 1038 1314 ﬁdes.
1068 1258 1145 1315 Ne
1173 1273 1299 1313 vero
1328 1258 1473 1323 illud,
1502 1257 1606 1312 Per
1642 1259 1830 1326 ipsum,
1865 1258 1962 1312 hu-

389 1353 564 1406 milius
591 1360 751 1417 esset,
781 1349 1057 1420 subjunxit
1084 1366 1098 1403 :
1130 1348 1199 1402 Et
1225 1365 1407 1403 nomen
1430 1350 1540 1419 ejus
1565 1350 1883 1419 conﬁrmavit
1904 1351 1966 1406 ila

385 1447 510 1500 lum.
541 1444 746 1499 Etcum
773 1442 874 1497 hoc
896 1443 1039 1511 prius
1055 1441 1297 1508 dixisset,
1325 1450 1449 1496 tunc
1466 1441 1572 1495 ait:
1594 1441 1660 1495 Et
1685 1443 1831 1511 ﬁdes,
1856 1460 1968 1513 qute

388 1551 475 1604 per
500 1551 614 1589 eum
644 1545 736 1600 est,
761 1533 897 1587 dedit
918 1532 997 1587 illi
1020 1533 1265 1602 integram
1294 1533 1562 1586 sanitatem
1588 1534 1758 1587 istam.
1791 1533 1923 1588 Vide
1948 1576 1963 1600 ,

386 1626 653 1692 quomodo
676 1625 914 1681 declaret
937 1639 996 1679 se
1017 1633 1370 1694 attemperate
1392 1624 1519 1680 illud
1543 1624 1762 1681 dixisse.
1784 1625 1967 1697 Ncqne

386 1719 529 1771 enim
570 1717 676 1771 alio
708 1731 843 1787 opus
872 1717 1055 1771 habuit
1078 1717 1144 1771 ad
1171 1717 1616 1773 resurrectionem
1642 1759 1657 1783 ,
1695 1718 1847 1788 cujus
1873 1734 1967 1773 no-

391 1823 511 1863 men
543 1807 790 1863 claudum
815 1848 827 1872 ,
858 1808 947 1879 qui
978 1823 1006 1860 a
1037 1818 1250 1862 mortuo
1280 1807 1413 1861 nihil
1440 1808 1735 1875 tlili‘erebat,
1766 1809 1964 1865 erexit.

388 1900 681 1970 Perpende,
715 1900 981 1970 quomodo
1009 1900 1204 1970 ubique
1233 1900 1532 1955 testimonia
1557 1901 1766 1956 illorum
1798 1909 1967 1957 attra-

387 1990 497 2043 hat.
523 1989 780 2059 Superius
808 1989 949 2045 enim
980 1989 1151 2045 dixit:
1183 1989 1331 2045 Sicut
1367 2000 1411 2044 et
1447 1991 1543 2060 ipsi
1578 1991 1752 2056 scitis;
1791 2003 1872 2058 et,
1902 1991 1970 2046 In

386 2081 549 2135 medio
588 2081 767 2145 vestri;
796 2095 858 2136 ac
901 2096 1154 2149 rursum,
1189 2081 1347 2147 Quem
1386 2081 1563 2136 videtis
1604 2093 1650 2137 et
1692 2085 1884 2148 nostis,
1916 2086 1971 2139 in

385 2186 653 2247 conspectu
675 2177 899 2229 omnium
919 2185 1133 2230 vestrum
1162 2174 1295 2247 (Act.
1318 2175 1371 2230 2.
1395 2176 1487 2231 ‘22.
1523 2187 1567 2231 et
1586 2178 1638 2232 3.
1666 2177 1773 2248 16).
1811 2178 1968 2248 Atqui

389 2268 720 2335 nesciebant,
762 2268 936 2337 ipsum
984 2268 1036 2322 in
1078 2269 1293 2323 nomine
1337 2269 1503 2338 ipsius
1541 2285 1728 2324 sanum
1772 2270 1967 2325 factum

388 2371 539 2423 esse;
572 2358 665 2412 sed
702 2357 972 2425 sciebant,
1013 2359 1186 2428 ipsum
1226 2359 1471 2414 claudum
1526 2358 1709 2416 fuisse.
1757 2362 1824 2416 Et
1870 2362 1969 2431 ipsi

390 2467 603 2522 quoque
626 2452 716 2521 qui
739 2453 975 2507 fecerant
994 2452 1404 2519 confitebantur,
1431 2468 1534 2508 non
1557 2468 1673 2520 sua,
1699 2453 1793 2509 sed
1817 2454 1972 2509 Chri-

391 2542 458 2595 sti
489 2541 686 2596 virtute
728 2542 901 2611 ipsum
933 2542 1332 2597 'consolidatum
1370 2557 1511 2598 esse.
1555 2542 1611 2598 Si
1650 2558 1738 2598 res
1764 2560 1867 2598 non
1899 2545 1973 2599 ita

394 2631 600 2699 luisset,
632 2642 685 2686 et
717 2644 844 2687 vere
872 2631 1225 2687 credidissent
1252 2633 1424 2703 ipsum
1456 2635 1811 2690 resurrexisse
1835 2676 1849 2698 ,
1881 2649 1977 2689 no-

393 2723 617 2778 luissent
646 2723 840 2778 mortui
867 2723 1089 2793 gloriam
1121 2724 1288 2794 magis
1314 2739 1471 2794 quam
1503 2739 1653 2779 suam
1695 2733 1932 2783 statuere
1957 2769 1971 2796 ,

392 2830 511 2868 cum
541 2815 773 2871 maxime
801 2815 876 2869 illi
898 2815 965 2871 ad
987 2830 1046 2872 se
1066 2817 1413 2886 respicerent.
1440 2818 1641 2872 Deinde
1661 2821 1976 2888 perterritos

394 2910 604 2964 animos
646 2907 869 2964 fratrum
909 2910 1126 2965 nomine
1166 2911 1343 2965 statim
1383 2912 1723 2977 consolatur,
1754 2912 1974 2980 dicens,

408 3000 513 3054 Viri
539 3004 742 3068 fratres.
786 2998 897 3053 Illic
927 3000 1140 3068 quidem
1183 2999 1313 3053 nihil
1353 3000 1421 3056 de
1458 3000 1648 3070 seipsis
1677 3001 1841 3070 dixit,
1882 3003 1978 3058 sed

397 3103 600 3149 tantum
628 3093 696 3148 de
721 3091 956 3157 Christo,
983 3092 1129 3147 Certo
1150 3094 1304 3162 igitur
1329 3104 1621 3164 cognoscat,
1644 3094 1848 3163 dicens,
1872 3112 1981 3151 om-

398 3185 478 3239 nis
522 3184 702 3238 domus
739 3181 908 3237 Israel
938 3198 958 3237 :
981 3182 1065 3238 hic
1109 3194 1284 3238 autem
1322 3182 1740 3241 admonitionem
1778 3186 1979 3257 adjicit.

400 3276 511 3331 Illic
539 3274 887 3346 exspectavit,
916 3283 974 3328 ut
1003 3274 1080 3329 illi
1108 3275 1380 3342 dicerent;
1430 3275 1514 3331 hic
1553 3276 1773 3343 sciebat,
1807 3293 1979 3348 quan-

402 3378 514 3427 tum
542 3369 748 3439 operati
775 3377 957 3424 essent
987 3409 1000 3433 ,
1043 3377 1099 3424 et
1135 3368 1275 3438 quod
1318 3369 1427 3439 jam
1469 3369 1545 3424 illi
1595 3371 1983 3430 tractabiliores

401 3468 600 3516 essent.
646 3458 788 3515 Sane
834 3468 890 3514 et
926 3474 1047 3530 qua:
1088 3473 1246 3529 supra
1290 3459 1431 3516 dicta
1477 3461 1719 3529 fuerant,
1765 3478 1873 3519 non
1917 3479 1982 3520 ex

404 3550 699 3619 ignorantia
730 3560 1123 3620 processerant.
1171 3550 1300 3605 Nam
1341 3552 1480 3621 quod
1520 3552 1780 3609 latronem
1812 3556 1984 3623 petie-

410 3644 549 3708 rint,
584 3641 727 3711 quod
757 3655 879 3696 cum
909 3641 1267 3697 absolvendus
1291 3642 1641 3713 judicaretur,
1667 3644 1719 3700 id
1747 3645 1848 3715 ipsi
1877 3661 1984 3701 non

404 3732 754 3800 admiserint,
786 3732 926 3802 quod
948 3731 1196 3789 occidere
1224 3733 1522 3801 voluerint,
1552 3734 1703 3805 cujus
1733 3736 1986 3806 ignoran-

408 3824 494 3878 tiae
532 3836 652 3878 esse
698 3821 935 3891 poterat?
972 3823 1220 3877 Attamen
1263 3822 1353 3877 dat
1396 3824 1502 3879 illis
1542 3833 1858 3894 potestatem
1888 3842 1987 3882 ne-

406 3915 563 3985 gandi
591 3923 645 3970 et
674 3913 963 3985 paenitendi
998 3914 1066 3970 de
1092 3913 1277 3981 factis;
1323 3916 1432 3971 imo
1466 3918 1627 3973 etiam
1655 3918 1986 3988 probabilem

409 4021 507 4078 pro
535 4006 664 4077 ipsis
684 4004 1049 4062 defensionem
1080 4014 1252 4075 parat,
1277 4015 1332 4062 et
1359 4006 1488 4062 dicit
1515 4025 1529 4063 :
1557 4007 1710 4075 Quod
1743 4010 1990 4065 innocen-

410 4112 515 4156 tem
539 4098 875 4162 occideretis,
899 4099 1180 4164 solebatis;
1208 4099 1349 4170 quod
1373 4100 1663 4171 principem
1686 4102 1829 4167 vitm,
1856 4102 1990 4157 forte

410 4191 756 4261 ignorabatis.
788 4189 854 4244 Et
881 4189 1007 4245 hinc
1034 4205 1141 4245 non
1166 4190 1287 4246 illos
1307 4191 1452 4246 solos
1472 4206 1503 4246 a
1523 4193 1747 4248 crimine
1776 4193 1988 4263 liberat,

412 4285 506 4340 sed
536 4286 696 4340 etiam
723 4281 947 4339 sceleris
972 4291 1238 4337 auctores.
1268 4283 1518 4353 Alioquin
1545 4284 1992 4340 contentiosiores

412 4376 531 4430 illos
556 4373 910 4442 reddidisset,
951 4373 996 4427 si
1030 4386 1332 4428 sermonem
1361 4375 1413 4427 in
1441 4375 1833 4430 accusationem
1864 4390 1993 4431 con-

414 4467 679 4522 vertisset.
729 4462 859 4519 Nam
907 4463 995 4534 qui
1042 4478 1204 4533 grave
1243 4463 1513 4533 quidpiam
1553 4467 1841 4533 commisit,
1873 4481 1994 4522 cum

412 4565 710 4619 accusatur,
733 4569 851 4610 sese
866 4568 1095 4624 purgare
1113 4562 1343 4620 tentans,
1366 4553 1733 4611 vehementior
1746 4555 1993 4611 efﬁcitur.

418 4647 599 4717 Neque
620 4644 755 4699 ultra
784 4644 929 4708 dicit,
963 4642 1334 4711 Crucilixistis,
1364 4646 1668 4712 occidistis;
1697 4647 1813 4711 sed,
1846 4646 1998 4702 Feci-

418 4743 533 4805 stis,
559 4737 627 4792 ad
651 4735 860 4791 veniam
887 4734 1007 4790 illos
1026 4734 1317 4790 deducens.
1341 4734 1397 4791 Si
1425 4736 1503 4790 illi
1526 4751 1621 4807 per
1646 4736 1998 4808 ignorantiam

421 4829 687 4894 fecerunt,
721 4826 891 4882 multo
913 4825 1084 4896 magis
1115 4825 1206 4891 hi;
1254 4826 1299 4880 si
1343 4826 1449 4881 illis
1489 4828 1797 4897 remittitur,
1829 4830 2001 4885 multo

425 4920 593 4992 magis
620 4918 725 4974 bis.
751 4916 905 4986 Quod
930 4925 1108 4973 autem
1136 4917 1381 4973 mirabile
1407 4927 1490 4973 est
1513 4959 1530 4987 ,
1562 4927 1616 4974 et
1644 4934 1804 4989 supra
1830 4930 1886 4976 et
1915 4920 2002 4977 bie

421 5029 546 5070 cum
581 5012 824 5077 dixisset,
866 5010 975 5065 illic
1013 5010 1250 5081 quidem,
1279 5010 1502 5080 Deﬁnito
1539 5013 1751 5067 consilio
1784 5023 1829 5067 et
1863 5029 2000 5085 prte-

422 5103 667 5169 scientia;
714 5101 802 5155 hic
828 5115 959 5156 vero
981 5140 998 5168 ,
1046 5100 1409 5156 Prtenuntiavit
1435 5101 1681 5157 omnibus
1707 5101 2002 5170 Christum,

429 5195 633 5251 nullum
662 5192 880 5249 adducit
918 5192 1284 5247 testimonium
1315 5211 1328 5245 :
1357 5192 1562 5263 singula
1590 5194 1732 5248 enim
1763 5194 2005 5249 testimo-

424 5289 533 5355 nia,
566 5302 687 5344 cum
712 5283 1060 5351 criminibus,
1092 5285 1349 5339 ultionem
1379 5284 1716 5339 annuntiant.
1754 5282 1823 5338 Et
1852 5285 2002 5353 dabo,

422 5379 630 5452 inquit,
656 5380 842 5450 impios
867 5394 960 5449 pro
982 5376 1245 5449 sepultura
1274 5379 1384 5448 ejus
1404 5418 1418 5443 ,
1448 5387 1496 5431 et
1522 5377 1699 5431 divites
1728 5392 1821 5448 pro
1847 5387 2006 5432 morte

425 5473 565 5528 illius
593 5471 742 5545 (lsai.
774 5472 863 5528 53.
888 5470 979 5540 9);
1008 5478 1061 5526 et
1091 5470 1306 5535 iterum,
1338 5467 1464 5534 Quae
1488 5469 1884 5538 praenuntiavit,
1925 5469 2009 5522 in.

428 5564 560 5635 quit,
595 5580 685 5633 per
712 5579 767 5617 os
792 5563 1018 5617 omnium
1040 5560 1421 5631 prop/letarum,
1447 5559 1554 5629 pati
1575 5560 1760 5629 ipsum,
1788 5557 2011 5629 implevit

428 5659 523 5713 sic.
554 5656 801 5726 Magnum
828 5655 1158 5710 demonstrat
1181 5651 1493 5708 consilium:
1528 5650 1792 5720 siquidem
1819 5666 2008 5707 oumes

2079 341 2179 397 hoc
2205 341 2473 406 dicebant,
2505 359 2608 397 non
2638 360 2774 398 unus
2803 354 3027 401 tantum.
3056 345 3233 415 Neque
3254 355 3400 402 certe
3422 345 3542 418 quia
3565 363 3664 420 per

2076 434 2426 503 ignorantiam
2458 435 2596 491 facta
2625 448 2746 491 sunt
2772 479 2786 502 ,
2820 448 3012 507 pra‘ter
3047 438 3137 493 Dei
3170 440 3492 494 voluntatem
3520 441 3662 496 facta

2072 534 2218 580 sunt.

2152 619 2290 672 Deus
2311 620 2531 674 aliorum
2554 621 2869 692 malignitate
2890 624 3046 676 utitur
3081 623 3149 677 ad
3164 622 3368 677 bonum.
3396 656 3466 665 —
3487 625 3623 681 Vide
3644 670 3660 693 ,

2075 720 2268 780 quanta
2311 711 2378 765 sit
2427 711 2516 765 Dei
2562 713 2819 781 sapientia
2845 753 2858 776 ,
2899 728 3017 784 qua:
3069 714 3294 771 aliorum
3335 716 3663 787 malignitate

2075 800 2242 855 utitur
2270 803 2336 856 ad
2367 802 2442 867 id,
2469 803 2608 873 quod
2637 802 2749 856 ﬁeri
2781 817 2915 872 opus
2945 813 3045 859 est.
3080 802 3337 874 Implevit,
3372 805 3560 875 inquit.
3584 806 3664 860 Ne

2073 901 2322 963 putarent
2350 893 2547 964 aliquid
2576 894 2787 961 deesse,
2820 895 2920 949 hoc
2941 895 3154 963 adjecit,
3175 896 3455 953 declarans
3481 899 3662 951 omnia

2073 1000 2192 1055 qua:
2222 984 2328 1054 pati
2359 985 2530 1054 ipsum
2559 987 2840 1056 Oportebat
2863 987 3078 1057 impleta
3108 986 3290 1043 fuisse.
3326 988 3430 1044 Sed
3463 1005 3531 1045 ne
3560 1006 3663 1059 pu-

2076 1077 2231 1143 tetis,
2265 1078 2388 1147 quia
2433 1077 2547 1132 base
2587 1077 2863 1147 propheta:
2907 1079 3193 1147 dixerunt,
3224 1089 3279 1135 et
3307 1082 3430 1151 quia
3465 1081 3518 1135 id
3567 1098 3665 1152 per

2075 1167 2423 1236 ignorantiam
2454 1166 2687 1234 fecistis,
2722 1154 2911 1224 hoc-ad
2935 1169 3302 1226 defensionem
3328 1171 3479 1227 vobis
3507 1175 3659 1228 sulti-

2073 1272 2215 1313 cerc.
2240 1259 2307 1312 At
2335 1273 2438 1313 non
2468 1259 2538 1313 ita
2565 1259 2726 1327 dicit,
2755 1259 2850 1314 sed
2879 1260 3057 1316 mitius
3086 1278 3099 1314 :
3133 1260 3454 1316 Paenitemini
3476 1263 3659 1335 igitur.

2072 1350 2288 1416 Quare?
2313 1350 2380 1405 Ut
2400 1351 2661 1406 deleantur
2679 1362 2882 1422 peccata
2901 1362 3099 1417 vestra;
3120 1367 3225 1407 non
3244 1353 3330 1407 illa
3352 1354 3524 1408 solum
3543 1372 3662 1425 quac

2074 1443 2124 1497 in
2154 1444 2512 1514 cruciﬁgendo
2540 1445 2772 1501 admissa
2799 1454 2922 1501 sunt
2952 1464 2965 1499 :
2994 1446 3080 1501 illa
3112 1445 3331 1502 forsitan
3386 1462 3482 1517 per
3507 1448 3658 1518 igno-

2074 1534 2297 1588 rantiam
2328 1535 2463 1590 facta
2489 1545 2646 1602 sunt;
2676 1537 2772 1592 sed
2797 1548 2853 1593 ut
2877 1537 2979 1592 alia
3007 1552 3219 1608 quoque
3240 1548 3455 1608 peccata
3479 1549 3659 1595 vestra

2073 1625 2371 1681 deleantur.
2409 1627 2608 1682 Deinde
2632 1627 2810 1698 adjicit
2832 1646 2845 1680 :
2869 1626 2938 1683 Ut
2963 1629 3008 1682 si
3030 1630 3248 1684 venerint
3272 1629 3409 1682 vobis
3435 1639 3662 1700 tempora

2073 1716 2340 1785 refrigerii.
2364 1715 2459 1771 llic
2478 1716 2545 1771 de
2565 1718 2956 1773 resurrectione
2981 1719 3205 1774 obscure
3231 1719 3464 1789 loquitur
3490 1736 3504 1773 :
3536 1737 3659 1773 nam

2075 1805 2162 1859 illa
2196 1821 2319 1861 vere
2344 1816 2466 1862 sunt
2499 1807 2758 1879 refrigerii
2789 1820 3047 1880 tempora,
3080 1825 3199 1880 qum
3225 1810 3423 1865 Paulus
3447 1827 3660 1881 qua-rc-

2073 1897 2183 1961 bat,
2211 1897 2396 1954 dicens
2421 1916 2434 1952 :
2466 1899 2530 1954 Et
2551 1917 2642 1954 nos
2666 1901 2749 1968 qui
2777 1917 2952 1955 sumus
2979 1901 3029 1956 in
3056 1900 3400 1966 tabernaculo,
3426 1903 3662 1972 ingemis-

2074 1989 2233 2045 cinms
2255 1992 2450 2061 gravati
2482 1991 2554 2063 (2.
2589 1991 2707 2048 Cor.
2739 1993 2792 2047 5.
2816 1995 2896 2063 4).
2921 1992 3121 2047 Deinde
3144 1993 3457 2059 ostendens,
3486 1994 3660 2063 ipsum

2074 2096 2195 2136 esse
2213 2092 2508 2152 temporum
2540 2083 2799 2154 refrigerii
2824 2092 3117 2159 auctorem,
3147 2082 3210 2137 Et
3236 2085 3443 2147 miserit,
3467 2084 3659 2154 inquit,

2076 2191 2187 2227 eum
2208 2217 2222 2241 ,
2254 2177 2339 2244 qui
2367 2177 2503 2230 vobis
2541 2187 2657 2230 ante
2701 2175 3002 2245 praedicatus
3031 2186 3136 2241 est,
3171 2175 3349 2230 Jesum
3382 2177 3657 2232 Christum.

2075 2266 2189 2320 Non
2220 2267 2374 2333 dixit,
2408 2267 2659 2322 Deleatur
2682 2278 2952 2336 peceatum
2985 2276 3244 2334 vestrum;
3273 2267 3387 2334 sed,
3423 2267 3659 2330 Pcccnta,

2076 2367 2151 2425 et,
2180 2358 2309 2413 illud
2338 2359 2701 2425 subindicans,
2728 2359 2943 2413 Miserit.
2969 2359 3083 2415 Hoc
3105 2361 3191 2414 ubi
3209 2360 3362 2427 dixit,
3384 2376 3488 2415 non
3516 2360 3667 2415 addit

2078 2450 2244 2516 unde;
2261 2450 2357 2506 sed
2373 2451 2544 2506 solum
2569 2450 2749 2520 adjicit
2767 2468 2780 2502 :
2804 2451 2964 2518 Quem
2985 2460 3176 2521 Oportet
3192 2451 3369 2505 ctelum
3390 2452 3663 2522 suscipere.

2079 2540 2271 2610 Utique
2295 2541 2587 2612 suscipere.
2612 2542 2679 2597 Et
2705 2557 2802 2597 cur
2824 2556 2929 2597 non
2957 2542 3110 2607 dixit,
3136 2543 3305 2610 Quem
3330 2543 3519 2598 caelum
3546 2556 3666 2597 sus-

2079 2632 2253 2702 cepit?
2292 2632 2404 2688 Hoc
2444 2633 2597 2704 quasi
2635 2634 2704 2689 de
2745 2633 2938 2704 priscis
2977 2633 3305 2702 temporibus
3344 2634 3472 2688 dicit
3516 2652 3528 2688 :
3575 2633 3671 2688 Sic

2080 2725 2446 2796 dispensatum
2486 2736 2608 2795 est,
2651 2727 2731 2782 sic
2771 2728 3115 2782 constitutum
3163 2744 3176 2781 :
3213 2727 3279 2781 de
3300 2735 3497 2783 acterna
3536 2742 3667 2783 vero

2080 2819 2197 2887 ejus
2218 2818 2497 2874 existentia
2522 2818 2756 2873 nondum
2783 2818 2934 2884 dixit;
2959 2818 3054 2874 sed
3079 2817 3255 2874 adhuc
3280 2818 3346 2874 de
3367 2822 3674 2875 meonomia

2081 2909 2196 2963 sive
2212 2907 2580 2965 incarnatione
2609 2910 2778 2980 pergit
2802 2910 3001 2965 dicere.
3021 2909 3225 2981 Moyses
3252 2911 3455 2982 quidem
3487 2910 3663 2983 loquis.

2083 3011 2164 3057 tus
2191 3013 2261 3058 est
2292 3002 2518 3073 patribus
2546 3017 2566 3058 :
2600 3002 2909 3073 Prop/letam
2946 3002 3083 3058 vobis
3120 3003 3356 3058 excitabit
3392 3002 3663 3058 Dominus.

2086 3092 2291 3149 Deinde
2337 3108 2458 3148 cum
2505 3094 2751 3163 superius
2799 3093 3020 3148 dixisset
3068 3110 3083 3148 :
3132 3091 3302 3161 Usque
3333 3092 3401 3147 ad
3442 3102 3673 3167 tempora

2085 3184 2414 3239 restitutionis
2438 3186 2683 3250 omnium,
2706 3200 2818 3255 qua:
2846 3184 3082 3254 loquutus
3103 3193 3177 3238 est
3206 3182 3343 3238 Deus
3364 3200 3454 3254 per
3478 3200 3536 3238 os
3561 3199 3673 3238 om-

2087 3277 2227 3330 nium
2251 3268 2540 3330 sanctorum
2563 3291 2770 3330 suorum
2799 3275 3158 3346 prophetarum
3184 3290 3217 3328 a
3244 3275 3429 3329 strculo
3448 3316 3463 3341 ,
3495 3274 3669 3345 ipsum

2088 3367 2304 3424 tandem
2346 3367 2550 3423 inducit
2595 3366 2886 3443 Christum.
2910 3366 3045 3423 Nam
3084 3368 3127 3422 si
3174 3368 3337 3423 multa
3384 3365 3667 3437 prcedixit,

2089 3459 2367 3528 ipsumque
2388 3457 2575 3513 audire
2611 3466 2825 3527 oportet
2870 3478 2885 3514 :
2927 3473 3034 3513 non
3078 3457 3407 3513 aberraverit
3445 3456 3596 3528 quis,
3627 3456 3675 3511 si

2088 3548 2231 3604 dicat
2256 3548 2373 3603 haec
2406 3547 2692 3618 prophetas
2720 3547 2940 3604 dixisse.
2972 3548 2976 3555 '

2160 3640 2214 3694 4.
2260 3639 2509 3709 Alioquin
2544 3653 2673 3694 vero
2701 3639 2814 3693 vult
2839 3638 3123 3705 ostendere
3145 3681 3159 3706 ,
3192 3639 3379 3696 eadem
3410 3641 3523 3711 ipsa
3552 3655 3677 3710 pro-

2090 3732 2279 3802 phetas
2304 3730 2633 3801 prmdixisse.
2666 3731 2732 3784 Et
2763 3730 2809 3784 si
2838 3730 2958 3800 quis
2994 3739 3243 3785 accurate
3270 3730 3674 3800 exploraverit,

2092 3806 2183 3879 illa
2212 3822 2464 3889 inveniet,
2497 3822 2623 3878 licet
2670 3821 2897 3877 obscure
2922 3821 3063 3877 dicta
3093 3839 3106 3875 :
3142 3830 3199 3876 nt
3229 3821 3363 3876 nihil
3390 3822 3460 3877 sit
3487 3836 3682 3877 recens

2092 3916 2313 3971 dictum.
2343 3911 2688 3969 Prtedicatum
2710 3954 2725 3979 ,
2762 3912 2952 3982 inquit.
2982 3912 3078 3968 Hic
3121 3914 3238 3969 illos
3280 3913 3441 3968 etiam
3471 3921 3675 3977 terret,

2093 4008 2242 4079 quasi
2289 4006 2453 4061 multa
2497 4005 2670 4061 adhuc
2699 4005 2910 4061 residua
2949 4015 3149 4061 essent.
3182 4005 3461 4073 Quomodo
3500 4012 3677 4059 autem

2095 4098 2305 4154 dicebat
2332 4115 2346 4151 :
2375 4095 2612 4168 Implevit
2636 4112 2715 4158 ea,
2742 4111 2855 4166 qua
2879 4097 3102 4166 oportuit
3133 4096 3278 4151 illum
3310 4096 3458 4166 pati?
3486 4094 3682 4165 Imple-

2095 4191 2182 4254 vit,
2212 4190 2398 4260 inquit,
2429 4203 2557 4254 non,
2590 4187 2869 4257 lmpletum
2898 4197 3014 4253 est;
3044 4187 3343 4254 declarans,
3375 4188 3549 4257 ipsum
3578 4202 3676 4251 ea,

2096 4297 2216 4352 quas
2260 4280 2366 4350 pati
2423 4279 2738 4350 oportebat,
2792 4278 3130 4349 implevisse;
3172 4295 3292 4349 qua:
3344 4294 3473 4333 vero
3502 4276 3679 4347 futura

2098 4371 2291 4428 deinde
2318 4379 2464 4439 sunt,
2491 4370 2707 4442 impleta
2734 4371 2971 4426 nondum
2997 4385 3143 4426 esse.
3190 4369 3503 4440 PrOphetam
3544 4370 3685 4426 vobis

2098 4465 2358 4520 suscitabit
2410 4463 2660 4518 Dominus
2699 4464 2835 4518 Deus
2880 4478 2943 4518 ea:
2996 4461 3237 4535 fratribus
3286 4463 3461 4517 vestris
3484 4502 3499 4529 ,
3550 4471 3683 4515 tant-

2100 4574 2252 4628 quam
2276 4573 2375 4610 me.
2397 4554 2549 4623 Quod
2575 4555 2695 4609 illos
2717 4555 2948 4611 maxime
2968 4553 3303 4620 conciliabat,
3323 4553 3473 4608 dicit.
3498 4551 3685 4616 Vides,

2102 4646 2372 4719 quomodo
2400 4645 2619 4701 humilia
2646 4647 2803 4702 simul
2836 4656 2890 4703 et
2913 4647 3160 4702 sublimia
3188 4646 3445 4717 Spargat?
3473 4636 3693 4700 Humile‘

2103 4740 2245 4794 enim
2276 4748 2330 4795 et
2358 4738 2587 4795 sublime
2609 4746 2724 4806 est,
2750 4740 2797 4796 si
2831 4739 2875 4794 is
2895 4778 2910 4805 ,
2939 4739 3027 4807 qui
3054 4739 3109 4792 in
3148 4738 3338 4794 casiam
3365 4751 3687 4793 ascensurus

2104 4841 2208 4897 εει,
2232 4828 2423 4885 similis
2442 4828 2511 4884 sit
2531 4828 2697 4899 Moysi
2722 4847 2736 4882 :
2754 4836 3119 4884 verumtamen
3140 4838 3264 4885 tunc
3279 4844 3527 4899 magnum
3548 4837 3688 4884 erat.

2105 4920 2221 4975 Non
2247 4927 2425 4975 autem
2453 4918 2747 4975 secundum
2775 4918 3012 4990 Moysem
3038 4928 3122 4974 est
3147 4919 3276 4974 illud
3309 4939 3325 4975 :
3352 4918 3422 4973 Et
3446 4920 3542 4973 erit
3583 4935 3692 4972 om—

2108 5014 2188 5068 nis
2229 5012 2318 5084 qui
2359 5028 2463 5066 non
2503 5011 2755 5078 audierit,
2795 5012 3225 5068 exterminabitur.
3272 5012 3555 5069 lnnumera
3591 5012 3693 5066 alia

2108 5104 2243 5159 dixit
2264 5142 2280 5169 ,
2318 5118 2440 5174 qtue
2466 5102 2697 5173 probant
2721 5102 2868 5157 illum
2909 5117 3015 5159 non
3055 5118 3177 5159 esse
3209 5103 3395 5175 Moysi,
3417 5102 3648 5158 similem
3679 5120 3691 5155 :

2111 5197 2289 5265 itaque
2313 5210 2562 5266 magnum
2594 5194 2955 5250 testimonium
2983 5195 3176 5265 attigit.
3196 5195 3334 5250 Deus
3360 5195 3507 5250 illum
3531 5197 3687 5249 susci-

2113 5290 2234 5343 tabit
2257 5331 2273 5357 ,
2302 5289 2510 5360 inquit,
2542 5288 2605 5343 de
2631 5289 2870 5359 fratribus
2897 5291 3091 5344 vestris.
3129 5289 3343 5360 Moyses
3385 5289 3543 5358 igitur
3584 5288 3699 5358 ipse

2115 5380 2488 5437 interminatus
2511 5390 2592 5434 est
2621 5396 2728 5437 non
2754 5380 3111 5436 audientibus.
3143 5380 3267 5436 Haec
3287 5382 3464 5434 omnia
3491 5379 3699 5449 adjecta

2116 5480 2259 5529 Sunt.
2309 5470 2373 5525 Et
2399 5487 2570 5526 omnes
2614 5473 2872 5542 prapheta:
2892 5512 2908 5537 ,
2937 5470 3142 5540 inquit,
3172 5486 3205 5524 a
3235 5469 3493 5525 Samuele.
3522 5469 3701 5525 Noluit

2118 5562 2354 5631 singulos
2381 5576 2660 5617 recensere
2682 5603 2698 5628 ,
2731 5578 2798 5617 ne
2825 5561 3030 5632 longior
3057 5574 3235 5615 sermo
3273 5568 3449 5625 esset;
3479 5557 3574 5615 sed
3600 5573 3701 5628 op-

2122 5662 2350 5722 portuno
2379 5666 2504 5709 usus
2534 5653 2727 5725 Moysis
2751 5654 3076 5724 testimonio,
3106 5655 3247 5711 ultra
3274 5653 3419 5708 misit
3447 5665 3563 5708 eos.
3602 5649 3705 5707 V08
