4010 6158
321 298 388 359 79
1293 295 1359 351 IN
1403 293 1584 351 ACTA
1626 291 2165 349 ΑΡοετοιοῐὶωι.
2204 291 2436 347 1103111..
2484 289 2572 346 IX.
3512 283 3584 342 80

322 424 428 475 ’ον
449 423 489 475 ὁ
506 419 650 487 Θεές
674 418 892 489 ἤγειρε,
917 420 1099 490 φησίν.
1138 419 1355 490 Ἐπειδὴ
1386 417 1545 472 τοῦτο
1573 416 1893 488 ἐφθέγξατο,

318 505 558 573 ἐπήγαγε
583 519 594 531 ·
635 503 741 557 Καὶ
778 504 878 556 ἐπὶ
919 501 993 571 τῇ
1022 503 1221 556 πίστει
1248 502 1355 555 τοῦ
1381 504 1674 570 ὀνόματος
1704 500 1892 555 αὐτοῦ

319 587 544 648 τοῦτον.
592 585 664 639 ὃν
717 586 982 653 θεωρεῖτε
1037 585 1135 638 καὶ
1172 584 1394 647 οἴδατε,
1455 584 1782 653 ἐστερέωσε
1826 585 1893 638 τὸ

320 668 501 737 ὄνομα
552 667 775 721 αὐτοῦ’
812 671 909 722 καὶ
940 667 978 735 ἠ
1018 668 1225 731 πίστις
1252 666 1290 732 ’ἡ
1335 665 1409 718 δι’
1438 667 1624 721 αὑτοῦ
1667 666 1895 721 ἔδωκεν

318 750 473 816 αὐτῷ
494 751 609 819 τὴν
630 751 1005 818 ὁλοκληρίαν
1029 751 1279 815 ταύτην.
1332 747 1435 802 Καὶ
1470 750 1576 822 μὴν
1599 750 1694 803 ἐὰν
1726 751 1760 820 ἡ
1816 750 1898 814 εἰς

318 834 471 887 αὐτόν
495 836 609 886 ἐστι
644 833 881 903 πίστιςή
912 833 973 885 τὸ
1002 834 1112 886 πᾶν
1149 833 1496 903 ἐργασαμένη
1517 872 1533 898 ,
1572 833 1669 887 καὶ
1702 834 1784 887 ὅτι
1816 835 1896 898 εἰς

318 917 476 970 αὐτὸν
497 916 810 977 ἐπίστευσε,
830 914 976 977 τίνος
1008 913 1194 966 ἕνεκεν
1216 915 1314 968 οὐκ
1339 910 1511 979 εἶπεν,
1547 916 1646 970 Διὰ
1670 915 1762 968 τοῦ
1789 916 1899 968 ὀνό-

322 1016 507 1069 ματος,
532 999 671 1062 ἀλλ’,
714 999 819 1052 Ἔν
846 996 928 1062 τῷ
953 998 1235 1066 ὀνόματι;
1286 998 1408 1050 Ὅτι
1439 996 1590 1051 οῦπω
1633 997 1898 1070 ἐθάρρουν

317 1085 508 1146 εἰπεῖν,
550 1083 615 1134 Ἢ
639 1083 720 1144 εἰς
750 1079 913 1133 αὐτὸν
946 1079 1143 1142 πίστις.
1174 1080 1293 1133 Ἵνα
1315 1081 1372 1132 δὲ
1404 1079 1478 1150 μὴ
1511 1092 1535 1120 ιι
1564 1080 1644 1146 τὸ,
1686 1081 1766 1134 Δι’
1792 1081 1897 1135 αὐ·

317 1165 441 1231 τοῦ,
489 1164 747 1220 ταπεινὸν
791 1160 852 1237 ᾖ,
908 1163 1150 1232 ἐπήγαγε
1176 1177 1191 1192 ·
1249 1162 1359 1216 Καὶ
1390 1163 1457 1216 τὸ
1498 1163 1685 1232 ὄνομα
1710 1163 1897 1218 αὐτοῦ

316 1247 688 1314 ἐστερέωσεν
714 1247 922 1299 αὐτόν.
945 1245 1053 1296 Καὶ
1074 1242 1229 1297 τοῦτο
1263 1243 1527 1315 πρότερον
1553 1243 1742 1308 εἰπὼν,
1776 1245 1897 1298 τότε

316 1330 482 1399 φησί·
509 1329 618 1383 Καὶ
646 1329 683 1392 τή
720 1328 924 1391 πίστις
947 1326 984 1392 ἡ
1014 1324 1087 1378 δι’
1115 1325 1299 1379 αὑτοῦ
1323 1325 1547 1379 ἔδωκεν
1576 1325 1737 1392 αὐτῷ
1782 1327 1898 1395 τὴν

315 1414 689 1480 ὁλοκληρίαν
717 1412 956 1475 ταύτην.
986 1410 1145 1480 Ὅρα,
1180 1408 1294 1472 πῶς
1331 1408 1638 1473 δείκνυσιν,
1676 1410 1759 1463 δτι
1802 1412 1897 1464 καὶ

312 1497 495 1549 ἐκεῖνο
526 1493 967 1563 συγκαταϐαίνων
998 1490 1168 1545 εἶπεν.
1189 1494 1264 1545 Οὐ
1295 1492 1405 1562 γὰρ
1435 1492 1501 1546 ἂν
1528 1494 1718 1564 ἐτέρου
1741 1493 1895 1564 ἐδεή-

310 1578 383 1649 θη
411 1577 549 1648 πρὸς
578 1577 891 1635 ἀνάστασιν,
925 1569 985 1628 οὗ
1008 1575 1068 1627 τὸ
1102 1574 1271 1645 ὄνομα
1302 1574 1475 1644 χωλὸν
1510 1575 1662 1628 οὐδὲν
1700 1575 1894 1645 νεκροῦ

309 1661 635 1730 διαφέροντα
657 1661 859 1729 ἤγειρε.
887 1657 1109 1720 Σκόπει,
1133 1656 1249 1719 πῶς
1276 1655 1551 1726 πανταχοῦ
1568 1656 1665 1721 τὰς
1691 1675 1897 1728 μαρτυ-

317 1744 434 1814 ρίας
483 1742 663 1795 αὐτῶν
704 1741 1022 1793 ἐπισπᾶται.
1087 1739 1367 1809 ’Δνωτέρω
1423 1739 1656 1809 μὲνγὰρ
1708 1739 1894 1808 ἔλεγε·

313 1826 516 1891 Καθὼς
537 1824 635 1877 καί
661 1823 831 1877 αὐτοὶ
858 1821 1059 1875 οἴδατε
1079 1834 1093 1849 '
1129 1821 1244 1883 καὶ,
1284 1822 1380 1873 Ἐν
1398 1820 1565 1890 μέσῳ
1589 1820 1754 1890 ὑμῶν
1770 1838 1782 1850 ·
1802 1822 1897 1875 καὶ

311 1908 496 1971 πάλιν,
537 1910 646 1960 Ὃν
682 1905 947 1974 θεωρεῖτε
972 1904 1070 1959 καὶ
1102 1904 1321 1965 οἴδατε,
1345 1903 1631 1959 ἀπέναντι
1656 1905 1897 1959 πάντων

313 1989 500 2058 ὑμῶν.
541 1989 735 2044 Καίτοι
768 1990 826 2040 ἐν
851 1987 930 2058 τῷ
952 1987 1176 2055 ὀνόματι
1214 1986 1379 2039 αὐτοῦ
1420 1989 1518 2040 οὐκ
1551 1988 1747 2057 ᾔδεσαν
1768 2027 1782 2051 ,
1814 1990 1895 2042 ὅτι

311 2074 470 2142 ὑγιὴς
494 2072 745 2143 ἔστηκεν,
765 2071 905 2126 ἀλλά
924 2070 1083 2124 τοῦτο
1102 2071 1319 2141 ᾔδεσαν,
1356 2071 1437 2123 ὅτι
1461 2070 1634 2140 χωλὸς
1665 2067 1751 2140 ἦν.
1791 2073 1896 2124 Καὶ

312 2158 467 2210 αὐτοὶ
493 2156 550 2210 δέ
582 2159 632 2209 οἱ
662 2155 1027 2225 πεποιηκότες
1055 2153 1393 2224 ὡμολόγουν,
1427 2154 1510 2206 ὅτι
1550 2156 1650 2207 οὐκ
1677 2154 1781 2225 ἰδίᾳ
1807 2155 1898 2209 δυ-

309 2239 476 2308 νάμει
502 2278 518 2302 ,
553 2237 689 2291 ἀλλά
736 2239 802 2307 τῇ
846 2236 941 2289 τοῦ
972 2235 1213 2306 Χριστοῦ
1267 2236 1583 2305 ἐστερέωτο.
1641 2237 1704 2289 Εἰ
1733 2236 1789 2290 δὲ
1821 2235 1896 2307 μὴ

308 2324 471 2375 τοῦτο
496 2316 588 2392 ἦν,
638 2320 733 2374 καὶ
777 2319 947 2381 ὅντως
976 2315 1334 2387 πεπεισμένοι
1371 2313 1535 2389 ἦσαν,
1561 2320 1643 2372 ὅτι
1672 2318 1894 2387 ἀνέστη.

309 2407 412 2459 οὐκ
442 2404 508 2459 ἂν
539 2403 814 2473 ἠθέλησαν
843 2398 940 2454 τοῦ
962 2398 1156 2471 νεκροῦ
1174 2399 1272 2471 τὴν
1290 2398 1450 2465 δόξαν
1476 2399 1669 2471 στῆσαι
1697 2400 1897 2472 μᾶλλον

309 2486 467 2560 ἢτὴν
496 2483 723 2549 ἑαυτῶν,
750 2484 847 2537 καὶ¹
876 2480 1049 2536 ταῦτα
1078 2482 1301 2536 ἐκείνων
1331 2481 1470 2554 πρὸς
1506 2482 1701 2546 αὐτοὺς
1725 2481 1897 2554 ὁρών-

308 2588 442 2626 των.
472 2564 607 2623 Εἶτα
643 2567 1031 2638 πφοόημένας
1057 2565 1236 2620 αὐτῶν
1259 2565 1358 2631 τὰς
1399 2565 1577 2637 ψυχὰς
1602 2566 1806 2631 εὐθέως
1830 2569 1895 2639 τῇ

307 2652 424 2706 τῶν
476 2650 721 2720 ἀδελφῶν
781 2648 1126 2720 προσηγορίᾳ
1179 2647 1647 2719 παρεμυθήσατο,
1681 2647 1851 2701 εἰπών
1878 2664 1893 2679 ο

312 2734 558 2805 Ἄνδρες
581 2732 856 2801 ἀδελφοί.
915 2732 1067 2785 Ἐκεῖ
1091 2731 1191 2802 μὲν
1211 2731 1321 2801 γὰρ
1348 2730 1503 2784 οὐδὲν
1531 2730 1659 2801 περὶ
1687 2729 1899 2783 ἑαυτῶν

303 2813 489 2885 εἶπεν,
532 2816 667 2870 ἀλλὰ
725 2815 883 2886 μόνον
914 2814 944 2856 δ
985 2814 1238 2885 περὶτοῦ
1272 2812 1533 2884 Χριστοῦ,
1597 2811 1903 2881 Ἀσφαλῶς

301 2896 429 2956 οὖν
465 2898 825 2969 γινωσκέτω,
865 2895 1060 2964 λέγων,
1105 2893 1226 2960 πᾶς
1279 2891 1443 2962 οἶκος
1489 2894 1768 2962 Ἰσραήλο
1815 2894 1902 2946 ἐν·

303 2981 492 3036 ταῦθα
526 2981 585 3034 δὲ
621 2980 719 3033 καὶ
764 2981 1091 3048 παραίνεσιν
1128 2977 1417 3046 προσάγει.
1462 2976 1613 3028 Ἐκεῖ
1639 2976 1903 3046 ἀνέμενεν

301 3065 517 3126 αὐτοὺς
565 3063 768 3115 εἰπεῖν·
812 3058 1049 3114 ἐνταῦθα
1075 3059 1192 3131 ᾔδει
1224 3058 1386 3112 πόσον
1420 3057 1764 3129 εἰργάσαντο,
1810 3061 1904 3113 καὶ

297 3147 382 3210 ὡς
411 3139 568 3199 οὗτοι
593 3142 792 3213 μᾶλλον
821 3137 963 3213 ἦσαν
990 3140 1347 3211 ᾠκειωμένοι.
1393 3142 1503 3194 Καὶ
1545 3140 1651 3211 μὴν
1676 3141 1745 3195 τά
1791 3143 1904 3196 ἀνω

299 3225 592 3298 εἰρημένα
621 3224 722 3277 οὐκ
749 3219 818 3295 ἦν
847 3223 1085 3292 ἀγνοίας.
1112 3223 1184 3276 Τὸ
1202 3222 1311 3295 γὰρ
1328 3222 1419 3275 τὸν
1441 3221 1642 3295 λῃστήν
1659 3223 1897 3294 αἰτῆσαι,

303 3313 366 3367 τὸ
388 3311 494 3365 τὸν
521 3319 546 3349 ο
574 3307 831 3380 κριθέντα
853 3306 1185 3376 ἀπολυθῆναι
1215 3307 1290 3379 μὴ
1317 3306 1518 3372 λαϐεῖν,
1539 3307 1599 3359 τὸ
1624 3307 1719 3361 καὶ
1746 3307 1901 3377 θελῆο

304 3412 403 3450 σαι
440 3391 674 3458 ἀνελεῖν,
707 3390 865 3454 ποίας
897 3388 1156 3458 ἀγνοίαςς
1205 3389 1345 3442 Ἀλλ’
1384 3389 1533 3460 ὅμως
1564 3388 1779 3443 δίδωσιν
1805 3390 1902 3442 αὐ-

303 3481 424 3542 τοῖς
457 3474 707 3542 ἐξουσίαν
740 3470 1101 3543 ἀρνήσασθαι,
1154 3472 1248 3526 καὶ
1274 3471 1615 3543 μεταγνῶναι
1647 3471 1739 3527 ἐστὶ
1788 3473 1901 3534 τοῖς

306 3558 736 3629 γεγενημένοιςο
774 3553 974 3625 μᾶλλον
999 3553 1055 3606 δὲ
1085 3553 1180 3607 καὶ
1211 3554 1508 3623 ἀπολογίαν
1543 3554 1683 3623 ὑπὲρ
1720 3552 1901 3608 αὐτῶν

309 3641 629 3712 συντίθησιν
683 3637 1038 3708 εὐπρόσωπον
1062 3675 1077 3699 ,
1140 3637 1235 3690 καὶ
1285 3635 1434 3704 λέγει
1457 3653 1471 3667 ·
1498 3636 1624 3690 Ὅτι
1681 3635 1779 3706 μὲν
1807 3631 1902 3689 οὖν

309 3723 495 3795 ἀθῷον
514 3723 787 3793 ἀνῃρεῖτε,
816 3719 993 3791 ᾔδειτε
1011 3736 1026 3751 ο
1051 3720 1134 3773 ὅτι
1160 3718 1216 3771 δὲ
1234 3718 1325 3773 τὸν
1350 3717 1591 3789 ἀρχηγὸν
1610 3717 1709 3787 τῆς
1731 3718 1897 3787 ζωῆς,

313 3803 447 3869 ἴσως
480 3806 747 3874 ἠγνοεῖτε.
776 3802 885 3856 Καὶ
905 3800 1155 3855 ἐντεῦθεν
1183 3800 1282 3853 οὐκ
1306 3801 1503 3862 αὐτοὺς
1529 3800 1721 3870 μόνους
1739 3800 1901 3870 ἀφίη-

314 3907 400 3943 σιν
434 3887 819 3959 ἐγκλημάτων,
851 3885 986 3939 ἀλλά
1017 3884 1260 3946 καὶτοὺς
1288 3883 1395 3937 τῶν
1430 3883 1614 3937 κακῶν
1649 3880 1765 3955 [74]
1798 3884 1899 3954 ἀρ-

313 3973 655 4043 χιτέκτονας.
686 3966 765 4022 Ἦ
787 3968 895 4039 γὰρ
917 3968 982 4022 ἂν
1006 3964 1468 4038 φιλονεικοτέρούς
1494 3966 1691 4029 αὐτοὺς
1716 3965 1900 4037 ἐποίη-

315 4071 432 4120 σεν,
465 4054 524 4106 ετ
548 4070 613 4122 γε
658 4053 738 4115 εἰς
771 4050 1103 4121 κατηγορίαν
1150 4048 1244 4103 τὸν
1273 4048 1431 4117 λόγον
1482 4047 1772 4120 ἐξήγαγεν.
1841 4049 1899 4102 Ὁ

314 4136 426 4207 γάρ
450 4153 506 4190 τι
533 4134 703 4189 δεινὸν
733 4133 1103 4205 ἐργασάμενος
1119 4131 1171 4194 ά,
1198 4132 1326 4186 ὅταν
1349 4148 1433 4196 τις
1459 4134 1761 4202 κατηγορῇ,
1781 4148 1896 4184 πει-

315 4221 565 4289 ρώμενος
598 4214 997 4281 ἀπολογεῖσθαι,
1047 4214 1400 4285 σφοδρότερος
1437 4214 1666 4282 γίνεται.
1703 4216 1810 4267 Καὶ
1838 4214 1897 4267 οὐ

313 4299 467 4368 λέγει
501 4299 685 4352 λοιπὸν
707 4338 722 4363 ,
757 4298 839 4351 ὅτι
886 4295 1319 4367 Ἐσταυρώσατε,
1359 4297 1688 4365 ἐφονεύσατε
1712 4310 1727 4326 °
1762 4296 1897 4359 ἀλλ’,

328 4383 682 4451 Ἐπράξατε,
714 4381 807 4433 ἐπὶ
841 4377 1168 4448 συγγνώμην
1193 4378 1386 4441 αὐτοὺς
1418 4378 1583 4445 ἀγων.
1615 4378 1678 4431 Εἰ
1703 4378 1901 4429 ἐκεῖνοι

315 4467 460 4520 κατά
493 4465 736 4534 ἄγνοιαν,
760 4461 940 4530 πολλῴ
972 4459 1171 4530 μᾶλλον
1201 4453 1347 4511 οὗτοι
1368 4476 1381 4490 ·
1414 4462 1463 4512 εἰ
1494 4461 1688 4513 ἐκεῖνοι
1714 4459 1900 4528 ἀφίεν-

316 4569 432 4616 ται,
469 4547 652 4619 πολλῷ
682 4546 881 4618 μᾶλλον
922 4538 1088 4596 οῦτοι.
1117 4541 1190 4594 Τὸ
1220 4541 1277 4596 δὲ
1306 4541 1649 4612 θαυμαστὸν,
1690 4543 1774 4596 ὅτι
1809 4543 1902 4596 καὶ

317 4636 434 4688 ἀνω
486 4634 583 4687 καὶ
628 4628 860 4686 ἐνταῦθα
901 4623 1072 4680 εἰπὼν
1099 4665 1113 4692 ,
1156 4625 1272 4677 ἐκεῖ
1327 4624 1448 4695 μὲν,
1491 4624 1571 4694 Τῇ
1602 4626 1901 4696 ὡρισμένῃ

313 4714 522 4785 ,βουλῇ
548 4715 648 4769 καὶ
686 4710 1049 4782 προγνώσει,
1084 4706 1319 4761 ἐνταῦθα
1341 4707 1416 4768 δὲ,
1446 4708 1528 4762 ὅτι
1560 4709 1899 4780 Προκατήιι-⁴

315 4803 481 4869 reue
503 4800 643 4852 πᾶσι
666 4796 756 4850 τὸν
781 4793 1033 4867 Χριστὸν,
1056 4790 1289 4862 οὐδαμοῦ
1316 4792 1552 4865 παράγει
1574 4794 1896 4865 μαρτυρίαν,

315 4880 451 4936 διότι
475 4882 687 4950 ἑκάστη
711 4879 886 4931 αὐτῶν
917 4888 941 4917 θ
965 4875 1103 4948 μετά
1134 4873 1345 4928 πολλῶν
1383 4874 1763 4946 ἐγκλημάτων,
1805 4876 1900 4930 καὶ

315 4965 413 5035 τῆς
461 4962 741 5026 κολάσεως
771 4962 869 5030 τῆς
895 4963 1011 5013 κατ’
1059 4958 1238 5014 αὐτῶν
1274 4958 1510 5031 εἴρηται.
1566 4959 1676 5015 Καὶ
1704 4958 1897 5028 δώσω,

318 5048 474 5118 φησὶ,
497 5046 651 5118 τοὺς
693 5042 994 5111 πονηροὺς
1026 5043 1159 5097 ἀντὶ
1194 5040 1303 5111 τῆς
1328 5041 1521 5113 ταφῆς
1556 5043 1763 5108 αὑτοῦ,
1797 5044 1897 5098 καί

320 5114 464 5196 τοὺς
489 5114 830 5191 πλουσίους
854 5124 986 5179 ἀντὶ
1016 5125 1119 5179 τοῦ
1142 5125 1398 5180 θανάτου
1429 5124 1615 5180 αὐτοῦ
1639 5142 1653 5158 ·
1681 5126 1774 5179 καὶ
1808 5126 1899 5179 τά-

319 5213 425 5279 λιν,
455 5215 516 5267 Ἀ
539 5209 1029 5281 προκατήγγειλε,
1056 5208 1207 5278 φησὶ,
1228 5208 1325 5261 διὰ
1342 5210 1637 5277 στόματος
1657 5208 1900 5262 πάντων

319 5294 440 5351 τῶν
482 5292 807 5365 προφητῶν
834 5289 1045 5344 παθεῖν
1082 5290 1290 5355 αὐτὸν,
1339 5292 1694 5361 ἐπλήρωσεν
1723 5292 1896 5346 οὕτω.

319 5378 582 5448 Μεγάλην
604 5375 845 5430 δείκνυσι
867 5373 965 5445 τὴν
993 5372 1210 5443 βουλὴν,
1231 5373 1281 5423 εἰ
1296 5388 1361 5440 γε
1392 5373 1588 5436 πάντες
1610 5373 1768 5426 τοῦτο
1785 5372 1901 5426 ἕλε.

318 5477 439 5530 γον,
471 5462 567 5514 καὶ
598 5458 700 5529 οὐχ
727 5452 807 5521 εἷς
839 5457 1016 5527 μόνος.
1051 5456 1127 5509 Οὐ
1159 5454 1264 5524 μὴν
1295 5454 1481 5525 ἐπειδὴ
1506 5456 1647 5509 κατά
1677 5456 1900 5523 ἀγνοιαν

320 5545 536 5613 γέγονε,
559 5541 713 5613 παρά
732 5540 794 5596 τὸ
819 5539 896 5609 τῷ
926 5538 1047 5609 Θεῷ
1082 5537 1271 5592 δοκοῦν
1293 5536 1534 5607 γέγονεν.

384 5728 410 5755 ³
437 5726 583 5775 Alius
601 5727 684 5772 ἵνα
704 5724 795 5787 γὰρ
818 5724 902 5785 μή.
965 5722 994 5761 δ
1023 5724 1161 5787 Λιὶυε
1176 5723 1316 5787 ,οὐδὲν
1338 5720 1577 5787 προεῖπεν,
1597 5722 1898 5787 ἀλλάμιόνον.

324 5789 345 5818 ⁸
370 5788 478 5837 Alii
508 5782 734 5842 citium"
757 5782 923 5846 τὸγὰρ
946 5786 1044 5832 τόν.
1109 5783 1134 5821 σι
1160 5784 1300 5847 Alius
1322 5787 1348 5832 ὁ
1368 5782 1457 5847 γὰρ
1474 5783 1534 5830 τά
1558 5782 1685 5847 δεινὰ
1710 5782 1903 5847 ἐργαζό-

326 5864 485 5907 μενος.
558 5850 596 5911 ⁸,
619 5847 817 5911 Ἀρνεί,
850 5845 965 5896 vitio
1021 5846 1384 5911 Qpngraphico,
1424 5845 1691 5905 μαοτυοὶαν.
1739 5845 1901 5895 Acha-ac

328 5910 510 5967 ἑκάστη
546 5908 722 5956 αὐτῶν.

2075 415 2236 487 Ὀρα,
2272 415 2414 485 πόση
2442 413 2537 467 τοῦ
2570 413 2706 473 Θεοῦ
2760 415 2794 483 ή
2830 416 3011 483 σοφία,
3043 411 3170 466 ὅταν
3216 410 3335 474 ταῖς
3383 408 3588 479 ἐτέρων

2001 499 2285 568 πονηρίαις
2319 499 2398 561 εἰς
2422 498 2483 551 τὸ
2502 497 2619 551 δέον
2641 493 2674 568 ᾗ
2701 495 3182 566 κατακεχρημένη.
3214 492 3567 560 Ἑπλήρωσε

2004 581 2188 650 φησίν.
2242 582 2358 634 Ἵνα
2398 580 2472 652 μὴ
2509 580 2773 650 νομίσωσι
2822 578 3008 630 λοιπὸν
3058 576 3443 630 ὑπολείπεσθαί
3487 593 3586 633 τι.

2004 664 2163 717 τοῦτο
2195 665 2461 735 ἐπήγαγε,
2490 661 2663 735 δηλῶν
2684 663 2766 717 ὅτι
2790 662 2889 715 ὅσα
2916 660 3107 714 παθεῖν
3140 660 3268 724 ἔδει,
3301 660 3585 728 πεπλήρωι

1999 763 2110 800 ται.
2177 746 2336 800 Ἀλλά
2368 747 2441 818 μὴ
2491 746 2772 816 νομίσητε,
2817 744 3003 814 ἐπειδὴ
3029 744 3078 797 οἰ
3108 743 3382 813 προφῆται
3410 742 3584 795 ταῦτα

2000 825 2171 893 εἷπον,
2196 831 2290 884 καὶ
2324 830 2512 902 ἐπειδὴ
2545 829 2686 884 κατὰ
2717 829 2940 897 ἄγνοιαν
2972 826 3267 898 ἐπράξατε,
3315 828 3396 880 ὅτι
3425 827 3583 897 ἀρκεῖ

1998 914 2077 976 εἰς
2106 913 2398 983 ἀπολογίαν
2433 914 2562 984 ὐμῖν
2590 912 2770 967 τοῦτο.
2815 911 2953 965 Ἀλλ’
2974 912 3034 964 οὐ
3064 909 3212 979 λέγει
3230 909 3424 973 οὕτως,
3447 908 3583 963 ἀλλά

1999 997 2298 1068 πραότερον
2318 1014 2333 1029 ο
2367 996 2793 1063 Μετανοήσατε
2845 990 2956 1048 οῦν.
2997 994 3095 1047 Διά
3125 993 3176 1046 τί
3202 1009 3217 1058 ;
3254 995 3357 1058 Εἰς
3391 993 3456 1045 τὸ
3488 993 3585 1057 ἐξ·

2012 1078 2372 1148 αλειφθῆναι
2396 1079 2565 1148 ὑμῶν
2593 1078 2700 1143 τὰς
2725 1076 3033 1146 ἁμαρτίας.
3057 1077 3132 1130 Οὐ
3166 1074 3393 1143 λέγωτά
3417 1075 3475 1127 ἐν
3503 1074 3584 1144 τῷ

2001 1161 2221 1231 σταυρῴ
2272 1161 2651 1232 τετολμημένα
2673 1178 2690 1193 θ
2737 1162 2869 1224 ἴσως
2902 1161 3086 1213 ἐκεῖνα
3132 1159 3272 1212 κατὰ
3317 1159 3578 1225 ἄγνοιαν·

1997 1242 2115 1295 ἀλλ’
2145 1243 2285 1296 ὥστε
2313 1242 2411 1308 τὰς
2448 1243 2643 1315 ἐτέρας
2666 1241 2819 1313 ὐμῶν
2866 1242 3142 1315 ἁμαρτίας
3180 1240 3579 1310 ἐξαλειφθῆναι.

1998 1319 2132 1377 Εἶτα
2170 1324 2366 1394 ἐπάγει
2384 1340 2397 1353 ·
2424 1326 2619 1390 Ὅπως
2651 1324 2728 1380 ἂν
2759 1324 3017 1380 ἔλθωσιν
3045 1323 3189 1390 ὑμῖν
3220 1324 3410 1394 καιροὶ
3438 1324 3583 1379 ἀνα-

1997 1407 2260 1476 ψύξεως.
2307 1406 2572 1461 Ἐνταῦθα
2600 1410 2855 1478 περὶτῆς
2896 1408 3241 1470 ἀναστάσεως
3277 1407 3581 1475 διαλέγεται

1997 1490 2274 1561 ἀμυδρῶς.
2304 1492 2513 1554 Ὄντως
2546 1491 2654 1560 γὰρ
2683 1492 2880 1544 ἐκεῖνοι
2905 1490 3219 1559 ἀναψύξεως
3253 1491 3453 1560 καιροὶ,
3487 1489 3578 1554 οὓς

1998 1572 2251 1644 ἐπεζήτει
2274 1574 2367 1627 καὶ⁵
2395 1573 2624 1638 Παῦλος,
2658 1572 2830 1641 λέγων
2855 1589 2869 1604 ·
2908 1575 3018 1628 Καὶ
3048 1572 3218 1642 ἡμεῖς
3239 1576 3292 1628 οἱ
3314 1575 3484 1640 ὄντες
3511 1575 3583 1626 ἐν

1998 1654 2077 1719 τῷ
2103 1654 2318 1720 σκήνει
2364 1654 2725 1725 στενάζομεν
2755 1657 3140 1726 βαρούμενοι.
3186 1652 3318 1709 Εἶτα
3344 1657 3581 1719 δεικνὺς,

1997 1739 2079 1792 ὅτι
2132 1738 2296 1801 αὐτὸς
2347 1738 2455 1792 τῶν
2484 1738 2694 1809 καιρῶν
2728 1740 2827 1808 τῆς
2870 1738 3186 1810 ἀναψύξεως
3230 1740 3424 1804 αἴτιος,
3470 1742 3578 1795 Καὶ

1997 1821 2352 1889 ἀποστείλῃ,
2381 1822 2537 1891 φησὶ,
2568 1821 2678 1875 τὸν
2707 1823 3277 1892 προκεχειρισμένον
3302 1824 3445 1891 ὑμῖν
3466 1828 3581 1892 ’1η-

1997 1902 2153 1958 σοῦν
2170 1904 2447 1971 Χριστόν.
2475 1905 2589 1958 Οὐκ
2614 1902 2785 1971 εἶπεν,
2829 1905 3150 1977 Ἐξαλειφθῇ
3174 1907 3327 1977 ὑμῶν
3351 1909 3384 1977 ή
3412 1910 3583 1980 ἀμαρ-

1996 1987 2107 2049 τία,
2146 1986 2284 2049 ἀλλ’,
2346 1990 2415 2041 Αἱ
2454 1988 2750 2057 ἁμαρτίαι,
2801 1989 2899 2043 καὶ
2940 1989 3154 2061 ἐκείνην
3193 1991 3578 2061 αἰνιττόμενος,

2011 2070 2379 2138 Ἀποστείλῃ.
2420 2071 2592 2124 Τοῦτο
2629 2070 2836 2132 εἰπὼν,
2882 2072 2942 2125 οὐ
2985 2072 3137 2141 λέγει
3182 2073 3346 2126 πόθεν
3373 2073 3579 2137 λοιπὸν,

1997 2152 2131 2205 ἀλλὰ
2169 2152 2328 2222 μόνον
2356 2152 2574 2222 ἐπάγει,
2611 2156 2721 2208 Ὃν
2741 2153 2832 2207 δεῖ
2856 2155 3116 2222 οὐρανὸν
3131 2155 3248 2224 μὲν
3272 2155 3578 2220 δέξασθαι.

2009 2235 2216 2307 Ἀνμὴν
2262 2235 2533 2300 δέξασθαι.
2576 2237 2686 2291 Καὶ
2721 2238 2839 2302 πῶς
2880 2238 2980 2292 οὐκ
3022 2237 3196 2303 εἶπεν,
3230 2242 3325 2294 Ὃν
3358 2242 3580 2312 οὐρανὸς

1997 2317 2251 2383 ἐδέξατο;
2281 2316 2449 2372 Τοῦτο
2472 2320 2546 2383 ὡς
2576 2321 2703 2391 περὶ
2726 2320 2838 2373 τῶν
2864 2321 2975 2375 ἄνω
3017 2320 3226 2392 χρόνων
3266 2321 3581 2394 διαλεγόμε-

1996 2417 2083 2464 νος
2111 2397 2283 2465 εἶπεν,
2312 2402 2497 2465 Οὕτως
2530 2402 2895 2475 ᾠκονόμηται,
2918 2405 3102 2476 φησὶν,
3145 2405 3288 2461 οὕτω
3311 2409 3580 2463 συντέθει-

1996 2498 2088 2536 ται
2122 2481 2139 2520 ί
2164 2498 2176 2510 ·
2209 2484 2335 2553 περὶ
2362 2483 2422 2537 δὲ
2452 2488 2549 2556 τῆς
2595 2487 2814 2541 αἰωνίου
2854 2487 3141 2559 ὑπάρξεως
3176 2490 3342 2544 αὐτοῦ
3370 2491 3581 2545 οὐδέπω

1999 2565 2184 2636 φησὶν,
2208 2566 2321 2618 ἀλλ’
2350 2565 2429 2619 ἔτι
2451 2570 2562 2632 τοῖς
2593 2573 2690 2640 τῆς
2717 2571 3027 2640 οἰκονομίας
3052 2571 3228 2642 λόγοις
3258 2574 3579 2647 ἐνδιατρίϐει

2001 2648 2097 2702 καὶ
2118 2647 2295 2716 λέγει’
2336 2648 2561 2715 Μωσῆς
2585 2652 2700 2719 μὲν
2738 2652 2846 2720 γὰρ
2880 2649 3009 2706 εἷπε
3064 2654 3215 2721 πρὸς
3236 2656 3378 2723 τοὺς
3404 2659 3582 2713 πατέ-

2002 2747 2139 2799 ρας,
2180 2728 2270 2783 ὅτι
2301 2730 2626 2798 Προφήτην
2655 2733 2797 2800 ὑμῖν
2826 2734 3154 2798 ἀναστήσει
3187 2738 3418 2804 Κύριος.
3447 2736 3582 2793 Εἶτα

2001 2811 2261 2883 ἀνωτέρω
2313 2810 2501 2877 εἰπὼν,
2546 2813 2707 2879 Ἄχρι
2762 2813 2995 2881 χρόνων
3034 2815 3581 2886 ἀποκαταστάσεως

2003 2893 2263 2959 πάντων,
2289 2885 2378 2946 ὧν
2403 2893 2710 2961 ἐλάλησεν
2739 2898 2771 2949 ὀ
2803 2895 2946 2960 Θεὸς
2974 2895 3070 2949 διὰ
3101 2900 3399 2967 στόματος
3429 2885 3581 2955 πανέ-

2002 2993 2120 3030 των
2151 2976 2268 3030 τῶν
2287 2976 2470 3044 ἁγίων
2489 2976 2676 3031 αὐτοῦ
2698 2977 3018 3046 προφητῶν
3042 2979 3143 3033 ἀπ’
3168 2978 3402 3048 αἰῶνος,
3420 2984 3584 3040 αὐτὸν

2001 3059 2209 3126 εἰσάγει
2239 3057 2425 3112 λοιπὸν
2452 3058 2542 3112 τὸν
2564 3059 2818 3130 Χριστόν.
2853 3061 2915 3113 Εἰ
2945 3060 3052 3130 γὰρ
3097 3062 3268 3118 πολλά
3296 3069 3578 3136 προεῖπεν,

2001 3143 2164 3198 αὐτοῦ
2192 3142 2248 3195 δὲ
2275 3142 2492 3196 ἀκούειν
2513 3143 2638 3212 χρὴ,
2671 3145 2770 3197 οὐκ
2792 3142 2856 3198 ἀν
2887 3160 2972 3209 τις
3005 3145 3241 3217 ἁμάρτοι
3264 3148 3438 3203 ταῦτα
3452 3153 3580 3217 τοὺς

2001 3225 2285 3297 προφήτας
2319 3226 2597 3296 εἰρηκέναι
2625 3224 2817 3294 λέγων.

2068 3308 2131 3360 δ’.
2171 3306 2286 3380 [75]
2318 3308 2524 3373 ’Ἄλλως
2544 3308 2601 3362 δὲ
2631 3307 2772 3363 θέλει
2819 3308 3009 3377 δεῖξαι,
3034 3311 3115 3364 δτι
3140 3312 3211 3366 τά
3252 3315 3392 3369 αὐτά
3417 3317 3507 3370 καὶ
3530 3319 3581 3373 οἰ

2000 3391 2277 3461 προφῆται
2296 3394 2574 3461 προεῖπον.
2595 3392 2709 3446 Κάν
2731 3410 2814 3458 τις
2831 3393 3075 3465 ἀκριϐῶς
3094 3394 3344 3469 ἐξετάζῃ,
3360 3398 3581 3469 εὑρήσει

2000 3473 2093 3526 καὶ
2123 3475 2180 3526 ἐν
2201 3477 2267 3545 τῇ
2304 3474 2516 3547 Παλαιᾷ
2539 3475 2794 3547 ἀμυδρῶς
2830 3476 2949 3546 μὲν,
2998 3477 3263 3548 εἰρημένα
3294 3479 3352 3532 δέ
3374 3494 3389 3510 ⁶
3439 3480 3581 3536 ὥστε

1999 3554 2147 3609 οὐδὲν
2171 3556 2333 3609 νεὼτε
2344 3573 2454 3628 ρον.
2482 3556 2591 3610 Τὸν
2616 3557 3203 3627 προκεχειρισμένον,
3224 3563 3408 3633 φησίν.
3459 3563 3578 3619 Ἐνο

1998 3638 2170 3691 ταῦθα
2195 3638 2393 3704 αὐτοὺς
2418 3640 2514 3693 καὶ
2552 3640 2728 3708 φοϐεῖ,
2762 3641 2838 3705 ὼς
2864 3641 3075 3697 πολλῶν
3115 3643 3578 3716 ὑπολειπομένων.

2002 3720 2126 3784 Πῶς
2145 3715 2237 3775 οῦν
2258 3720 2462 3791 ἔλεγεν,
2488 3722 2879 3791 Ἔπλήρωσεν
2896 3723 2935 3778 d
2951 3724 3072 3780 ἔδει
3091 3727 3341 3793 παθεῖν;
3370 3715 3580 3799 Ἐ’πλή-

1993 3821 2214 3872 ρωσεν,
2242 3801 2415 3869 εἶπεν,
2442 3807 2561 3868 οὐκ,
2604 3806 2962 3878 Ἐπληρὼθη·
2999 3808 3213 3874 δεικνὺς
3237 3850 3253 3875 ,
3297 3813 3442 3867 δτιᾶ
3478 3815 3580 3885 μὲν

2001 3887 2166 3958 ἐχρῆν
2214 3887 2428 3948 παθεῖν.
2475 3890 2791 3961 ἐπλήρωσεν
2815 3906 2828 3920 ·
2862 3889 2899 3944 ἀ
2929 3890 2986 3944 δὲ
3023 3892 3273 3960 γενέσθαι
3332 3895 3578 3951 λείπεται

2002 3970 2101 4031 ἐτι,
2131 3969 2362 4024 οὐδέπω.
2401 3972 2722 4041 Προφήτην
2740 3972 2887 4040 »ὑμῖν
2916 3972 3251 4042 ἀναστήσει
3284 3979 3500 4047 Κύριος
3544 3983 3578 4034 ὀ

2004 4053 2147 4117 Θεός
2177 4052 2245 4106 ἐκ
2277 4052 2397 4107 τῶν
2448 4054 2729 4124 ἀδελφῶν
2752 4055 2918 4124 ὑμῶν
2940 4058 3022 4123 ὡς
3063 4058 3186 4126 ἐμέ.
3244 4059 3312 4116 Ὃ
3348 4062 3579 4130 μάλιστα

2000 4134 2258 4203 ᾠκειοῦτο
2277 4136 2493 4200 αὐτοὺς,
2518 4138 2688 4205 λέγει.
2730 4139 2911 4209 Ὁρᾷς,
2934 4141 3050 4203 πῶς
3071 4141 3301 4194 ταπεινά
3321 4144 3414 4195 καὶ
3442 4145 3578 4216 ὑψη-

1999 4217 2068 4269 λά
2116 4219 2479 4288 παρασπείρει
2511 4230 2537 4268 κ
2564 4237 2578 4285 ;
2613 4221 2878 4273 Ταπεινὸν
2938 4220 3048 4290 γὰρ
3079 4222 3171 4273 καὶ
3201 4223 3421 4293 ὑψηλὸν,
3474 4229 3521 4279 εἰ
3548 4229 3578 4281 ὁ

2005 4297 2210 4379 μέλλων
2242 4301 2323 4362 εἰς
2346 4300 2608 4379 οὐρανρὺς
2631 4300 2842 4353 ἀνιέναι
2871 4300 3011 4353 κατά
3030 4301 3236 4354 Μωσέα
3260 4305 3403 4357 ἐστί’
3438 4308 3577 4379 πλὴν

2002 4378 2136 4432 ἀλλὰ
2157 4379 2292 4441 τέως
2334 4380 2476 4447 μέγα
2500 4376 2588 4450 ἦν.
2620 4381 2695 4432 Οὐ
2725 4379 2830 4450 γὰρ
2854 4380 2917 4450 δὴ
2954 4382 3091 4434 κατὰ
3123 4383 3324 4436 Μωσέα
3356 4387 3436 4451 τὸ,
3466 4376 3577 4444 Καὶ

2002 4461 2172 4517 ἔσται
2201 4461 2320 4528 πᾶς
2348 4462 2480 4544 ὁμὴ
2515 4464 2751 4517 ἀκούων
2775 4463 3360 4532 ἑξολοθρευθήσεται.
3392 4472 3576 4544 Μυρία

2003 4545 2058 4598 δὲ
2085 4545 2178 4598 καὶ
2209 4544 2341 4599 ἀλλα
2360 4539 2479 4599 εἷπε
2503 4547 2571 4599 τά
2600 4546 2901 4612 δεικνύντα,
2927 4548 3008 4601 ὅτι
3032 4548 3131 4603 οὐκ
3152 4548 3266 4604 ἔστι
3286 4554 3423 4607 κατά
3447 4539 3574 4610 Μω-

2005 4628 2120 4696 σέα,
2146 4627 2286 4682 ὥστε
2310 4629 2550 4699 μεγάλης
2571 4630 2745 4702 ἥψατο
2762 4631 3086 4703 μαρτυρίας.
3131 4633 3191 4687 '0
3231 4637 3373 4704 Θεὸς
3390 4639 3575 4694 αὐτὸν

1999 4711 2353 4781 ἀναστήσει,
2405 4713 2584 4783 φησὶν,
2618 4714 2685 4767 ἐκ
2720 4713 2837 4768 τῶν
2888 4715 3158 4785 ἀδειίφῶν
3191 4719 3375 4788 ὑμῶν.
3410 4721 3573 4775 Ὥστε

1999 4795 2203 4867 Μωσῆς
2230 4796 2393 4859 αὐτὸς
2424 4798 2686 4866 ἠπείλησε
2711 4800 2823 4860 τοῖς
2858 4799 2930 4867 μὴ
2960 4800 3235 4856 ἀκούουσι.
3271 4804 3450 4858 Ταῦτα
3477 4806 3574 4860 ὅλα

2000 4879 2284 4947 ἐπαγωγά.
2315 4878 2426 4932 Καὶ
2457 4879 2677 4945 πάντες
2704 4879 2790 4944 δὲ,
2823 4882 3006 4950 φησὶν,
3032 4885 3087 4936 οἱ
3127 4882 3419 4952 προφῆται
3455 4887 3573 4942 ἀπὸ

1998 4960 2298 5029 Σαμουήλ.
2321 4963 2434 5014 Οὐκ
2455 4961 2686 5033 ἠθέλησε
2711 4961 2830 5015 καθ’
2866 4963 3093 5017 ἕκαστον
3113 4965 3402 5031 ἐπεξιέναι,
3434 4968 3575 5023 ὥστε

2001 5043 2076 5113 μὴ
2105 5042 2314 5113 μακρὸν
2360 5043 2586 5113 ποιῆσαι
2612 5045 2707 5097 τὸν
2759 5045 2916 5112 λόγον
2938 5062 2952 5076 ο
3003 5046 3139 5101 ἀλλά
3171 5050 3391 5120 καιρίας
3440 5068 3575 5122 μνη-

2001 5123 2149 5187 σθεὶς
2176 5124 2479 5196 μαρτυρίας
2509 5125 2608 5195 τῆς
2628 5124 2945 5198 Μωσαῖκῆς,
2970 5129 3332 5201 παρέπεμψεν
3357 5132 3569 5198 αὐτούς.

2011 5206 2207 5275 Ὑμεῖς
2242 5208 2612 5278 ὲστε,·φησὶν,
2646 5208 2761 5262 υἱοὶ
2793 5208 2913 5264 τῶν
2948 5211 3288 5280 προφητῶν,
3330 5213 3427 5266 καί
3464 5214 3575 5283 τῆς

1998 5289 2287 5358 διαθήκης
2315 5285 2391 5359 ἧς
2415 5289 2640 5344 διέθετο
2659 5293 2692 5344 ὁ
2716 5293 2878 5357 Θεός.
2915 5291 3029 5360 Τῆς
3047 5293 3356 5361 διαθήκης,
3387 5297 3571 5367 φησὶν,

1998 5370 2136 5437 υίοί,
2166 5372 2434 5436 τουτέστι,
2480 5372 2823 5444 κληρονόμοι.
2855 5375 2974 5430 Ἵνα
3000 5375 3109 5444 γὰρ
3140 5376 3214 5447 μὴ
3252 5375 3473 5441 δόξωσιν
3499 5379 3575 5444 ὡς

1999 5455 2109 5510 ἀπὸ
2141 5454 2363 5525 χάριτος
2393 5454 2602 5526 Πέτρου
2631 5455 2806 5509 ταῦτα
2835 5455 3152 5525 λαμύάνειν,
3178 5457 3464 5523 δείκνυσιν,
3494 5461 3575 5515 ὅτι

2000 5537 2206 5593 ἀνωθεν
2266 5536 2450 5599 αὐτοῖς
2479 5536 2763 5605 ὠφείλετο,
2807 5537 2897 5592 ἵνα
2936 5537 3135 5607 μᾶλλον
3192 5540 3572 5606 πιστεύσωσιν,

1918 5651 1931 5662 ~
2000 5621 2082 5674 ὅτι
2115 5618 2210 5673 καὶ
2232 5616 2313 5687 τῷ
2341 5617 2462 5688 Θεῷ
2478 5617 2637 5671 τοῦτο
2661 5618 2828 5672 δοκεῖ.
2863 5619 3024 5687 Ὑμῖν
3058 5619 3294 5690 πρῶτον
3314 5623 3573 5693 ἀναστῇ-

2002 5716 2139 5769 σας.
2173 5700 2358 5772 φησὶν,
2395 5703 2428 5755 ὁ
2463 5699 2609 5765 Θεὸς
2633 5700 2739 5755 τὸν
2770 5700 2958 5756 Παῖδα
2989 5703 3178 5759 αὐτοῦ
3197 5705 3576 5763 ἀπέστειλεν.

2068 5850 2088 5887 ί
2128 5852 2225 5899 Alii
2265 5850 2542 5899 συντίθεται.

2072 5914 2095 5951 8
2121 5912 2158 5961 Α
2169 5913 2220 5962 lii
2244 5911 2569 5973 κατασπείρει.
