4010 6158
423 281 482 336 8|
1121 273 1177 329 S.
1219 271 1338 328 10A
1348 270 1508 326 NNIS
1544 268 2007 326 CIIRYSOSTUM

2129 270 2402 330 RllﬂlEP.
2444 270 2578 327 COS
2587 269 2996 327 STANTINOP.
3624 270 3695 328 89.

405 391 531 450 Ὀὺκ
560 388 735 457 εἷπεν,
775 390 955 461 Ὑμῖν,
991 385 1203 451 ἀπλῶς,
1230 383 1522 440 ἀπέστειλε
1559 384 1652 437 τὸν
1696 383 1869 436 Παῖδα
1905 383 1995 436 αὑ»

416 482 531 545 τοῦ,
567 480 702 536 ἀλλά
736 479 850 539 καὶ,
877 474 1017 547 μετά
1055 475 1155 546 τὴν
1188 474 1507 535 ἀνάστασιν,
1543 472 1637 525 καὶ
1670 469 1759 523 ὅτε
1803 472 2003 523 ἐσταυ-

420 572 589 646 ρώθη.
625 569 743 622 Ἵνα
772 565 881 636 γὰρ
916 563 993 635 μὴ
1029 563 1345 634 νομίσωσιν,
1380 562 1464 616 ὅτι
1509 559 1671 623 αὑτὸς
1701 559 1800 630 μὲν
1829 557 2003 612 ταῦτα

418 658 722 731 ἐχαρίζετο,
754 659 783 710 6
808 657 862 709 δὲ
892 655 1081 725 Πατὴρ
1113 653 1255 724 οὐχὶ,
1282 651 1371 706 διά
1394 649 1553 705 τοῦτο
1584 648 1893 721 προσέθηκε
1920 646 2004 710 τὸ,

417 746 807 815 Εὐλογοῦντα
828 743 1002 813 ὑμᾶς.
1038 741 1102 796 El
1134 741 1242 812 γάρ
1279 739 1509 829 ἀδελφὸς
1538 738 1692 809 ὑμῶν
1715 736 1889 829 αὐτὸς
1912 736 2007 790 καὶ

416 835 628 905 εὑλογεῖ
652 835 818 905 ὑμᾶς,
854 832 1148 903 ὑπόσχεσις
1172 829 1233 884 τὸ
1265 827 1500 901 πρᾶγμά
1543 830 1659 882 ἐστι
1679 843 1694 858 ⁸
1716 825 2004 888 τουτέστι,

417 923 680 977 Τοσοῦτον
704 921 937 992 ἀπέχετε
962 920 1056 974 τοῦ
1099 919 1175 991 μὴ
1207 918 1486 971 κοινωνεῖν
1522 914 1752 978 τούτοις,
1796 914 1880 967 ὅτι
1912 912 2007 965 καὶ

415 1016 528 1076 τοῖς
554 1011 735 1074 ἀλλοις
764 1011 909 1081 ὑμᾶς
926 1008 1131 1072 αἰτίους
1152 1007 1245 1060 καὶ
1263 1006 1544 1078 ἀρχηγοὺς
1575 1003 1818 1075 βούλεται
1850 1001 2005 1070 γενέ-

420 1102 564 1155 σθαι.
590 1098 802 1155 Οὐκοῦν
824 1098 898 1168 μὴ
920 1097 993 1162 ('0;
1022 1109 1047 1137 ο
1069 1095 1472 1167 ἀπερριμμένοι
1513 1090 1786 1149 διάκεισθε
1818 1090 1852 1162 ἦ
1874 1091 2007 1143 ἀπο-

418 1186 763 1257 ϐεϐλημένοι.
805 1186 909 1238 Ἔν
944 1181 1023 1248 τῷ
1057 1180 1477 1251 ἀποστρέφειν,
1521 1180 1706 1251 φησὶν,
1746 1178 2009 1234 ἕκαστον

418 1278 538 1334 ἀπὸ
572 1276 692 1331 τῶν
743 1274 1064 1343 πονηριῶν.
1100 1272 1289 1336 Οὕτως
1321 1273 1465 1343 ὑμᾶς
1499 1270 1730 1339 εὑλογεῖ,
1785 1268 1880 1323 καὶ
1909 1270 2008 1339 οὑχ

421 1367 624 1431 ἁπλῶς.
660 1366 771 1419 Καὶ
798 1364 927 1417 ποία
952 1363 1089 1435 αὕτη
1122 1360 1376 1431 εὑλογία;
1419 1360 1667 1430 Μεγάλη.
1699 1360 1774 1413 Ού
1804 1360 1913 1429 γάρ
1943 1357 2008 1429 δὴ

420 1457 480 1510 τὸ
506 1452 845 1524 ἀποστρέψαι
873 1451 981 1505 ἀπὸ
1009 1448 1307 1519 πονηριῶν,
1337 1448 1496 1501 τοῦτο
1524 1448 1706 1502 ἱκανδν
1729 1446 1822 1500 καὶ
1846 1444 2006 1498 λῦσαι

421 1544 607 1607 αὑτάς.
638 1543 698 1595 Εἰ
726 1541 781 1594 δὲ
810 1540 900 1595 καὶ
928 1540 1086 1593 λῦσαι
1129 1538 1227 1608 οὑχ
1260 1535 1443 1589 ἱκανὸν
1471 1531 1561 1607 ἦν,
1614 1535 1730 1599 πῶς
1761 1532 2009 1601 εὐλογίαν

423 1631 764 1703 παρασχεῖν;
793 1628 868 1681 Οὑ
901 1627 1009 1699 γάρ
1038 1626 1101 1698 δὴ
1127 1627 1157 1678 ὀ
1176 1623 1476 1696 ἠδικηκὼς,
1508 1623 1610 1694 ήδη
1647 1624 1740 1675 καὶ
1769 1622 2009 1691 εὐλογεῖ-

421 1735 533 1785 ται,
568 1716 683 1771 ἀλλ’
719 1714 1134 1786 ἁμαρτημάτων
1158 1712 1396 1780 ἀφίεται.
1445 1710 1520 1763 Τδ
1556 1710 1634 1774 δὲ,
1679 1709 1776 1776 Ὦς
1801 1708 1926 1778 ἐμὲ,
1960 1708 2010 1760 εί

428 1806 503 1877 μὴ
556 1803 697 1858 κατά
728 1802 818 1856 τὸν
867 1801 965 1871 τῆς
997 1797 1318 1870 νομοθεσίας
1361 1815 1442 1861 τις
1480 1797 1680 1869 τρόπον
1709 1795 2007 1859 ἐκδέξαιτο,

423 1890 663 1963 οὐδαμοῦ
699 1889 854 1958 λόγον
882 1887 948 1941 ἀν
978 1884 1213 1957 ἀλλαχοῦ
1246 1885 1378 1952 ἕξοι.
1416 1884 1614 1939 Αὐτοῦ
1646 1884 2007 1947 ἀκουσεσθε,

425 1979 586 2051 φησι·
642 1978 735 2032 καὶ
764 1977 863 2046 οὐχ
911 1972 1117 2039 ἁπλῶς,
1161 1971 1300 2037 ἀλλ’,
1332 1972 1546 2026 Ἔσται
1606 1970 1776 2025 πᾶσα
1814 1969 2010 2040 ψυχὴ,

424 2065 557 2135 ἥτις
582 2064 659 2118 ἀν
685 2062 773 2133 μὴ
811 2061 1049 2128 ἀκούσῃ
1084 2059 1193 2114 τοῦ
1253 2057 1568 2128 προφήτου
1607 2058 1871 2121 ἐκείνου,
1912 2058 2012 2123 ἐξ·

424 2149 933 2221 ο.ῖοθρευθήσεται
967 2145 1035 2200 ἐκ
1066 2146 1173 2201 τοῦ
1198 2145 1375 2203 λαοῦ.
1403 2138 1534 2199 Ὅτε
1566 2146 1765 2209 αὐτοὺς
1813 2143 2013 2210 ἔδειξεν

424 2236 840 2310 ἡμαρτηκότας,
865 2235 961 2289 καὶ
994 2231 1329 2303 συγγνώμης
1361 2232 1655 2303 μετέδωκε,
1694 2233 1790 2287 καὶ
1835 2234 2010 2302 ἐπηγ-

425 2327 642 2395 γείλατο
686 2323 902 2395 χρηστά
926 2338 939 2352 ο
972 2321 1095 2374 τότε
1123 2318 1189 2391 δὴ
1216 2319 1508 2383 δείκνυσιν,
1547 2320 1629 2373 ὅτι
1683 2321 1777 2373 καὶ
1809 2321 2014 2390 Μωσῆς

423 2413 487 2467 τὸ
519 2411 652 2466 αὑτὸ
670 2412 838 2480 λέγει.
864 2409 977 2463 Καὶ
1000 2407 1130 2461 ποία
1146 2405 1284 2477 αῦτη
1309 2405 1601 2460 ἀκολουθία
1620 2408 1815 2473 εἰπεῖν,
1849 2397 2015 2476 ’Ἄχρι

426 2499 545 2574 [76]
568 2499 804 2568 χρόνων
833 2488 1407 2560 ἀποκαταστάσεως,
1442 2492 1539 2548 καὶ
1563 2496 1862 2564 ἐπαγαγεῖν
1884 2496 2016 2548 Μω-

429 2588 529 2641 σέα
548 2586 795 2655 λέγοντα,
820 2585 904 2640 ὅτι
932 2583 1110 2638 πάντα
1137 2580 1484 2647 ἀκούσουσιν,
1510 2580 1546 2637 ἀ
1564 2582 1680 2653 ἐρεῖ
1705 2583 1734 2635 6
1758 2582 2012 2653 Χριστόςο

428 2679 522 2733 καὶ
539 2676 636 2747 οὑχ
656 2673 861 2737 ἁπλῶς.
890 2671 1028 2727 ἀλλά
1058 2670 1197 2742 μετά
1219 2670 1444 2740 ἀπειλῆς
1466 2670 1738 2742 φοϐερᾶς;
1763 2669 2012 2740 Μεγάλην

425 2767 665 2821 δείκνυσι
696 2763 825 2834 γάρ,
859 2762 944 2817 ὅτι
976 2761 1071 2815 καὶ
1092 2760 1180 2813 διά
1204 2759 1364 2814 τοῦτο
1397 2758 1683 2814 πείθεσθαι
1710 2761 2016 2829 ὀφείλουσιν

426 2854 596 2926 αὐτῷ.
635 2853 700 2907 Τί
719 2854 887 2916 ἐστιν,
936 2851 1056 2906 Υιοὶ
1083 2848 1204 2904 τῶν
1234 2848 1576 2921 προφητῶν,
1612 2849 1852 2920 καὶτῆς
1887 2850 2016 2905 δια-

428 2942 649 3014 θήκηςς
673 2941 1031 3012 κληρονόμοι.
1070 2939 1323 3011 διάδοχοι.
1348 2940 1411 2993 Εί
1434 2935 1528 2993 οὖν
1552 2938 1679 3002 υἱοὶ,
1711 2940 1764 2994 τί
1792 2939 1869 3004 ώς
1889 2939 2018 3010 περὶ

426 3030 683 3101 ἀλλότρια
710 3026 985 3082 διάκεισθε
1018 3026 1153 3097 πρδς
1178 3026 1248 3079 τά
1275 3025 1555 3097 ὑμέτερα;
1599 3025 1743 3097 ’Δρα
1778 3043 2017 3097 κατηγο-

432 3116 553 3188 ρίας
577 3115 675 3186 μὲν
697 3112 971 3184 ἐπράξατε
995 3111 1123 3176 ἀξια
1141 3127 1155 3143 ⁸
1184 3111 1481 3182 δυνήσεσθε
1508 3112 1564 3165 δὲ
1592 3111 1741 3183 ὅμως
1773 3111 2019 3182 συγγνώ-

433 3221 543 3277 μης
567 3203 772 3275 τυχεῖν.
795 3197 929 3255 Εἶτα
956 3199 1144 3270 ἐπειδὴ
1180 3195 1302 3253 εἰπε
1331 3198 1524 3264 ταῦτα,
1574 3198 1800 3265 εἰκότως
1834 3201 2019 3256 λοιπὸν

427 3290 615 3362 λέγει’
657 3288 829 3360 Ὑμῖν
848 3288 1209 3345 ἀπέστειλεν
1241 3289 1276 3342 ό
1309 3286 1452 3353 Θεὸς
1484 3286 1590 3341 τὸν
1611 3287 1804 3342 Παῒδα
1828 3288 2019 3344 αὑτοῦ

429 3378 801 3450 εὐλογοῦντα
821 3374 996 3446 ὑμᾶς.
1033 3375 1147 3428 υὺκ
1169 3371 1309 3440 εἷπε,
1336 3372 1607 3441 Σώζοντα,
1644 3374 1759 3429 ἀλλ’
1782 3374 1811 3429 6
1834 3375 2020 3447 μεῖζόν

430 3471 599 3535 ἐστιν,
628 3463 1049 3536 Εὐλογοῦντα·
1074 3461 1311 3526 δεικνὺς,
1343 3462 1473 3517 ὅτιό
1507 3461 1843 3535 σταυρωθεὶς
1867 3463 2013 3518 εὑλοο

430 3557 520 3626 γεῖ
541 3554 669 3619 τοὺς
717 3549 1160 3623 σταυρώσαντας.
1195 3546 1584 3621 Μιμησώμεθα
1629 3548 1806 3604 τοίνυν
1832 3550 2019 3605 τοῦτον

433 3642 528 3697 καὶ
549 3643 727 3713 ἡμεῖς.
766 3635 1117 3708 ⁴Εκϐάλιιιμεν
1141 3637 1320 3708 ψυχὴν
1348 3636 1574 3709 φονικὴν
1607 3638 1703 3693 καὶ
1730 3638 2018 3711 πολεμίαν.

432 3729 547 3800 Οὐχ
572 3721 733 3801 ἀρκεῖ
763 3725 822 3779 τὸ
857 3725 932 3797 μὴ
963 3723 1273 3796 ἀμύνασθαι
1298 3724 1493 3797 (τοῦτο
1514 3726 1610 3779 καὶ
1629 3726 1688 3779 ἐν
1715 3729 1779 3797 τῇ
1809 3725 2022 3799 Παλαιᾷ

432 3815 699 3887 γέγονεν),
719 3814 856 3869 ἀλλά
890 3814 1069 3868 πάντα
1093 3812 1422 3884 πράττωμεν
1451 3813 1593 3886 ὑπὲρ
1622 3813 1732 3869 τῶν
1766 3814 2023 3885 ἠδικηκό-

433 3922 564 3970 των,
592 3904 668 3968 ώς
700 3902 842 3974 ὑπὲρ
868 3902 1037 3972 φίλων
1064 3901 1325 3972 γνησίων,
1356 3902 1433 3966 ὡς
1465 3902 1607 3974 ὑπὲρ
1634 3902 1798 3975 ήμῶν
1815 3902 2017 3958 αὑτῶν.

448 3990 690 4046 Ἐκείνου
720 3988 955 4062 μιμηταί
998 3990 1186 4060 ἐσμεν,
1222 3988 1433 4042 ἐκείνου
1466 3989 1707 4061 μαθηταὶ
1745 3989 1841 4043 τοῦ
1884 3990 2023 4061 μετά

433 4079 497 4135 τὸ
522 4064 899 4150 σταυρωθῆναι
930 4077 1111 4131 πάντα
1149 4076 1426 4141 κινοῦντος
1467 4077 1607 4150 ὑπὲρ
1635 4076 1745 4132 τῶν
1776 4094 2023 4150 σταυρω-

435 4167 665 4231 σάντων,
698 4166 791 4219 καὶ
820 4164 946 4229 τοὺς
974 4163 1305 4228 ἀποστόλους
1324 4165 1718 4236 ἐκπέμποντος.
1739 4165 1931 4220 Καίτοι
1955 4181 2021 4234 γε

433 4258 596 4329 ἡμεῖς
631 4252 898 4324 πολλαχοῦ
925 4252 1019 4307 καὶ
1045 4252 1271 4317 δικαίως
1298 4252 1582 4325 πάσχομεν
1605 4270 1620 4285 ο
1643 4255 1853 4317 ἐκεῖνος
1879 4252 1938 4307 δὲ
1958 4252 2020 4307 οὑ

437 4344 597 4415 μόνον
628 4342 845 4405 ἀδίκως,
877 4339 1016 4394 ἀλλά
1042 4339 1140 4393 καὶ
1172 4339 1386 4405 ἀσεϐῶς
1407 4357 1421 4372 ο
1446 4341 1536 4396 τὸν
1564 4340 1862 4414 εὐεργέτην
1888 4339 2019 4413 γάρ,

432 4430 525 4485 τὸν
554 4429 707 4484 οὑδέν
753 4426 1071 4499 ἠδικηκότα,
1129 4426 1318 4484 τοῦτον
1357 4427 1731 4497 ἐσταύρωσαν.
1779 4427 1879 4483 Διά
1925 4429 2017 4496 τίς

433 4518 557 4572 εἰπέ
586 4534 695 4588 μοι,
727 4515 886 4587 δόξης
918 4517 1141 4582 ἓνεκενς
1187 4517 1299 4569 Καὶ
1342 4516 1451 4587 μὴν
1482 4517 1644 4581 αὑτὸς
1672 4517 1872 4582 αὐτοὺς
1902 4517 2022 4572 ἐσέο

437 4622 625 4677 μνυνε.
656 4604 812 4670 Πῶςς
856 4603 992 4657 Ἐπὶ
1021 4603 1134 4673 τῆς
1179 4603 1443 4668 Μωσέως
1472 4605 1785 4673 καθέδρας,
1832 4606 2019 4676 φησὶν,

431 4693 723 4748 ἐκάθισαν
748 4691 803 4742 οι
846 4689 1203 4759 γραμματεῖς
1238 4690 1337 4743 καὶ
1360 4692 1414 4744 οἱ
1459 4691 1788 4759 Φαρισαῖοι.
1820 4693 2024 4748 Πάντα

432 4776 550 4836 οὖν
575 4776 615 4833 ἀ
633 4776 922 4848 λέγουσιν
964 4775 1107 4844 ὑμῖν
1133 4775 1348 4842 ποιεῖν,
1392 4777 1643 4832 ποιεῖτε*
1673 4778 1823 4834 κατὰ
1853 4778 1923 4833 δὲ
1952 4780 2024 4836 τὰ

434 4869 578 4938 ἔργα
598 4863 799 4920 αὐτῶν
817 4862 904 4934 μὴ
925 4862 1166 4918 ποιεῖτε.
1186 4864 1299 4918 Καὶ
1320 4863 1481 4919 πάλιν
1500 4864 1729 4938 ἀλλαχοῦ
1749 4880 1764 4898 ·
1780 4867 2020 4939 Ὕπαγε,

435 4955 639 5022 δεῖξον
658 4951 921 5011 σεαυτὸν
934 4951 1016 5019 τῷ
1042 4952 1201 5022 ἱερεῖ.
1225 4952 1336 5007 Καὶ
1355 4952 1651 5025 δυνάμενος
1698 4955 1893 5022 αὐτοὺς
1915 4958 2022 5014 ἀπ-

434 5044 642 5109 ολέσαι,
684 5037 869 5105 σώζει.
908 5037 1112 5095 Τοῦτον
1140 5036 1235 5094 οὖν
1275 5040 1666 5113 μιμησώμεθα,
1697 5044 1793 5097 καὶ
1829 5045 2022 5117 μηδεὶς

436 5132 631 5204 ἐχθρός
659 5144 807 5194 τινος
840 5123 1001 5194 ἔστω,
1036 5127 1227 5200 μηδεὶς
1258 5127 1535 5201 πολέμιος,
1564 5130 1679 5185 ἀλλ’
1704 5132 1738 5203 ἢ
1768 5132 1863 5188 τοῦ
1899 5134 2020 5190 δια-

436 5218 595 5273 δόλου
629 5217 812 5291 μόνον.

514 5305 575 5363 ε’.
593 5309 667 5363 Οὐ
696 5304 892 5379 μικρόν
915 5320 968 5358 τι
984 5302 1122 5375 πρὸς
1138 5303 1299 5359 τοῦτο
1312 5303 1406 5360 καὶ
1427 5304 1487 5359 τὸ
1503 5305 1580 5378 μὴ
1593 5306 1820 5378 ὀμνύναι
1838 5327 2021 5365 συντε.

436 5396 538 5462 λεῖ,
577 5397 671 5451 καὶ
700 5395 764 5449 τὸ
794 5393 871 5466 μή
898 5392 1235 5466 ὀργίζεσθαι.
1284 5393 1417 5449 ’Δπδ
1445 5394 1539 5448 τοῦ
1595 5396 1671 5470 μὴ
1702 5398 2021 5469 ὀργίζεσθαι

434 5480 555 5538 οὑδὲ
584 5484 777 5556 ἐχθρὸν
805 5481 1018 5555 ἕξομεν.
1057 5480 1332 5552 Ἔκκοψον
1378 5481 1665 5554 ἀνθρώπου
1709 5485 1803 5539 τὸν
1830 5485 2017 5559 ὅρκον,

437 5573 531 5625 καὶ
554 5571 625 5625 τά
663 5569 840 5642 πτερά
866 5567 1196 5641 περιέκοψας
1223 5570 1325 5640 τῆς
1349 5569 1541 5642 ὀργῆς,
1557 5570 1652 5625 τόν
1672 5570 1842 5644 θυμὸν
1869 5573 2022 5627 ἐσϐε-

439 5675 536 5722 σας
589 5659 823 5714 ἅπαντα.
873 5657 1085 5729 Ὥσπερ
1136 5656 1245 5729 γὰρ
1302 5656 1518 5729 πνεῦμα
1562 5659 1595 5731 ή
1641 5659 1801 5732 ὀργὴ,
1855 5661 1947 5715 καὶ⁵
1993 5663 2023 5715 6

436 5742 597 5813 ὅρκος
616 5740 730 5794 ἐστί
751 5742 800 5795 ιι.
825 5739 1072 5793 Χάλασον
1108 5740 1176 5794 τά
1205 5740 1369 5795 ίστία·
1401 5740 1553 5798 οὐδὲν
1594 5741 1784 5813 ὄφελος
1826 5744 2017 5811 ἱστίον,

499 5873 526 5901 ⁸
565 5871 702 5921 Unus
729 5869 975 5930 γενέσθαι.
1007 5868 1088 5923 Μὴ
1115 5868 1205 5930 γὰρ
1225 5871 1306 5924 ὡς.

495 5931 527 5976 ι
550 5931 702 5984 εανὶι.
742 5927 933 5989 πνεῦμα
961 5929 1102 5992 ὀργῆς
1131 5930 1158 5977 ὀ
1182 5927 1328 5992 ’ὅρκος
1350 5930 1475 5980 ἐστί.

2109 384 2421 456 πνεύματος
2457 386 2557 441 οὐκ
2583 385 2755 451 ὄντος.
2777 386 2874 439 Ἂν
2896 384 3076 441 τοίνυν
3101 384 3177 456 μὴ
3211 383 3523 456 κράζωμεν,
3563 386 3696 455 μηδὲ

2106 470 2420 542 ὀμνύωμεν,
2467 470 2536 524 τά
2566 468 2734 541 νεῦρα
2785 470 3122 540 ἐξεκόψαμεν
3167 468 3263 523 τοῦ
3318 466 3515 539 θυμοῦ.
3547 470 3608 523 Εἰ
3642 471 3699 524 δὲ

2107 552 2408 618 ἀπιστεῖτε,
2468 555 2663 625 πεῖραν
2690 552 2881 608 λάϐετε
2937 553 3031 606 τοῦ
3064 553 3406 624 πράγματος,
3470 552 3562 606 καὶ
3618 553 3698 607 ὅτι

2108 635 2281 699 οὕτως
2306 635 2440 707 ἔχει,
2460 636 2580 690 τότε
2594 635 2887 705 γνώσεσθε.
2911 636 3014 700 Θὲς
3046 636 3125 707 τῷ
3172 635 3499 706 θυμουμένῳ
3537 635 3699 707 νόμον

2111 719 2383 791 μηδέποτε
2412 718 2661 791 ὀμνύναι,
2717 720 2810 774 καὶ
2833 720 2937 774 οὐκ
2966 718 3358 791 ἀναγκασθήσῃ
3380 719 3509 788 περὶ
3526 722 3699 772 ἐπιει-

2108 803 2262 867 κείας
2311 803 2460 875 αὑτῷ
2490 801 2856 874 διαλεχθῆναι.
2916 802 3074 857 Οῦτω
3103 804 3166 857 τὸ
3194 805 3303 857 πᾶν
3323 804 3569 874 ἦνυσταιο
3607 804 3700 856 καὶ

2101 880 2233 939 θῆτε
2258 887 2638 958 ἐπιορκήσετε,
2665 884 2786 939 οὕτε
2806 875 3068 957 ὀμόσεσθε
3086 885 3243 949 ὅλως.
3275 885 3390 939 Οὑκ
3429 885 3566 950 ι’στε,
3620 886 3699 949 είς

2108 968 2240 1033 ὅσας
2272 969 2499 1033 ἀτοπίας
2528 970 2754 1031 ἑαυτοὺς
2782 968 3030 1023 ἐντεῦθεν
3063 969 3397 1039 ἐμϐάλλετε;
3457 969 3696 1040 Ἀνάγκη

2110 1052 2220 1125 γὰρ
2254 1053 2438 1125 δεσμῴ
2465 1054 2692 1117 ἑαυτοὺς
2722 1053 3155 1124 περιϐάλλοντες,
3180 1054 3274 1107 καὶ
3304 1054 3455 1127 πάσῃ
3483 1056 3698 1124 μηχανῇ

2112 1135 2504 1203 σπουδάζοντες
2540 1137 2681 1192 ὥστε
2708 1139 2959 1209 καθάπερ
2994 1138 3053 1204 ἐξ
3085 1137 3328 1208 ἀφύκτου
3355 1138 3500 1201 τινος
3529 1137 3700 1190 κακοῦ

2109 1223 2211 1294 τὴν
2228 1222 2405 1293 ψυχὴν
2430 1222 2735 1288 ἐξελκύσαι,
2777 1219 2895 1277 εἶτα
2914 1223 2988 1292 μὴ
3016 1222 3336 1291 δυνηθέντες
3352 1232 3400 1289 ο,
3419 1221 3604 1274 λοιπὸν
3643 1223 3702 1274 ἐν

2111 1306 2271 1378 ὀδύνῃ
2309 1306 2518 1377 διάγειν
2579 1305 2674 1359 καὶ
2705 1306 2925 1376 μάχαις,
2951 1305 3046 1358 καὶ
3089 1304 3323 1375 ἀρᾶσθαι
3373 1304 3451 1374 τῷ
3513 1303 3702 1374 θυμῷο

2112 1389 2251 1443 ἀλλά
2284 1392 2462 1444 πάντα
2487 1389 2610 1460 εἰκῆ
2664 1390 2760 1442 καὶ
2814 1389 2990 1460 μάτην
3018 1388 3247 1457 γίνεται.
3294 1386 3504 1441 Οὐκοῦν
3550 1387 3705 1440 ἀπεί-

2112 1473 2296 1544 λησον,
2346 1474 2610 1543 διόρισαι,
2651 1474 2827 1527 πάντα
2871 1473 3098 1542 ποίησον
3133 1471 3299 1542 χωρὶς
3349 1471 3537 1541 ὅρκου.
3576 1469 3699 1535 Ἐξ·

2114 1575 2261 1612 εστιν
2294 1555 2556 1610 ἀναλῦσαι
2587 1556 2683 1610 καὶ
2709 1554 2777 1607 τά
2802 1554 3077 1624 λεχθέντα,
3107 1556 3200 1607 καὶ
3225 1556 3293 1608 τά
3326 1555 3611 1623 γενόμενα.
3638 1554 3705 1607 ἂν

2114 1639 2294 1714 θέλῃς.
2319 1638 2475 1695 Οῦτω
2511 1644 2749 1710 τήμερον
2794 1638 3005 1710 ἀνάγκη
3040 1638 3339 1708 πραότερον
3379 1638 3505 1706 ὑμῖν
3528 1638 3704 1691 διαλε-

2113 1724 2329 1795 χθῆναι.
2348 1722 2566 1795 Ἐπειδὴ
2591 1722 2698 1793 γάρ
2713 1721 3002 1792 ἠκούσατε,
3019 1721 3110 1773 καὶ
3140 1720 3199 1774 τὸ
3232 1720 3392 1773 πλέον
3423 1722 3551 1790 ὑμῖν
3577 1737 3707 1774 κατ-

2114 1807 2389 1879 ώρθωται.
2427 1806 2565 1877 ⁴Ιιέρε
2599 1806 2662 1877 δὴ
2696 1805 2901 1869 λοιπὸν,
2949 1805 3094 1866 τίνος
3118 1804 3302 1857 ἕνεκεν
3336 1804 3708 1875 ἐπεισῆλθενό

2116 1888 2423 1961 [Πιόρκος,
2441 1889 2535 1943 καὶ
2549 1888 2699 1942 διάτί
2723 1887 3071 1959 συνεχωρήθη
3089 1884 3249 1951 εἶναι,
3266 1888 3689 1957 εἴπωμεν.Ἀνω

2117 1972 2208 2027 θεν
2232 1972 2329 2044 τὴν
2349 1972 2562 2040 γένεσιν
2592 1971 2757 2025 αὑτοῦ
2798 1970 3170 2042 διηγούμενοι,
3198 1971 3292 2023 καὶ
3317 1970 3444 2024 πότε
3484 1971 3705 2040 ἐτέχθη.

2115 2054 2363 2119 καὶπῶς,
2378 2055 2472 2108 καὶ⁵
2487 2056 2639 2126 παρά
2656 2054 2836 2119 τίνων,
2854 2052 3199 2125 ἀμειψόμεθα
3217 2053 3360 2122 ὑμᾶς
3376 2055 3442 2123 τῇ
3458 2053 3708 2123 διηγήσει

2117 2139 2254 2208 ὑπὲρ
2281 2140 2381 2208 τῆς
2411 2138 2657 2208 ὑπακοῆς
2670 2137 2831 2191 d.T6v
2860 2138 2958 2207 μὲν
2992 2136 3101 2208 γάρ
3120 2135 3520 2207 κατωρθωκότα
3538 2139 3708 2203 ἀναγ-

2117 2224 2272 2275 καῖον
2313 2222 2406 2274 καὶ
2447 2220 2754 2290 φιλοσοφεῖν
2775 2236 2789 2252 ’
2838 2220 2929 2275 τὸν
2978 2220 3034 2274 δὲ
3094 2220 3341 2291 μηδέπω,
3393 2218 3515 2272 οὑδὲ
3553 2218 3711 2286 λόγον

2118 2303 2349 2359 ἀκοῦσαι
2386 2303 2553 2370 ἀξιον.
2596 2303 2887 2375 Ἐποίησαν
2936 2302 3207 2373 συνθήκας
3260 2303 3459 2367 πολλάς
3487 2303 3538 2356 οἱ
3579 2304 3712 2373 περὶ

2116 2387 2210 2442 τὸν
2250 2385 2526 2458 Ἀϐραάμ,
2570 2386 2665 2440 καὶ
2691 2386 2932 2456 ἔσφαξαν
2962 2385 3197 2455 θύματα,
3234 2385 3328 2438 καὶ
3357 2384 3548 2449 θυσίας
3577 2386 3710 2453 ἀνή-

2118 2485 2341 2541 νεγκαν,
2358 2469 2454 2524 καὶ
2479 2469 2690 2524 οὐδέπω
2710 2469 2777 2542 ἦν
2803 2471 2987 2540 ὅρκος.
3015 2468 3187 2523 Πόθεν
3215 2463 3309 2522 οῦν
3329 2467 3649 2538 ἐπεισῆλθεν
3681 2470 3711 2522 6

2116 2555 2312 2628 δρκος;
2359 2554 2490 2608 Ὅτε
2516 2552 2584 2609 τά
2617 2553 2766 2608 κακά
2803 2552 3038 2625 ηὐξήθη,
3097 2554 3187 2608 ὅτε
3222 2551 3397 2607 πάντα
3426 2551 3560 2624 ὀμοῦ
3594 2554 3707 2609 ἀνω

2120 2640 2214 2693 καὶ
2242 2639 2392 2693 κάτω
2409 2639 2754 2708 γέγονεν,ὅτε
2782 2638 2915 2709 πρὸς
2929 2636 3369 2707 εἰδωλολατρείαν
3389 2635 3708 2692 ama).an-

2118 2722 2240 2777 τότε
2258 2723 2346 2794 δὴ.
2371 2722 2515 2789 τότε,
2541 2722 2631 2775 ὅτε
2675 2722 2893 2777 ἄπιστοι
2914 2720 3098 2774 λοιπὸν
3124 2720 3423 2788 ἐφαίνοντο,
3456 2720 3549 2773 τὸν
3579 2719 3713 2774 Θεὸν

2119 2806 2351 2861 ἐκάλουν
2376 2804 2650 2877 μάρτυρα,
2689 2803 2878 2875 ὥσπερ
2924 2802 3200 2876 ἐγγυητὴν
3231 2802 3464 2866 διδόντες
3490 2802 3598 2857 τῶν
3618 2803 3709 2857 λε-

2119 2889 2367 2962 γομένων
2397 2888 2718 2959 ἀξιόχρεων.
2778 2887 2952 2941 Τοῦτο
2980 2888 3089 2959 γάρ
3115 2888 3276 2959 ὅρκος
3303 2888 3440 2951 ἐστὶ,
3493 2887 3714 2958 τρόπων

2120 2972 2536 3043 ἀπιστουμένων
2552 2971 2917 3042 ἐγγύη.”Ωστε
2933 2970 3124 3043 πρώτη
3140 2972 3443 3044 κατηγορία
3464 2972 3604 3045 αὕτη
3617 2971 3711 3026 τοῦ

2119 3056 2428 3128 ὀμνύοντος,
2451 3058 2499 3110 εξ
2527 3056 2604 3129 μὴ
2633 3055 2939 3111 πιστεύοιτο
2964 3055 3134 3126 χωρὶς
3154 3055 3486 3125 ἐγγύου,καὶ
3509 3056 3712 3125 ἐγγύου

2124 3138 2386 3209 μεγάλου·
2408 3138 2497 3192 διὰ
2523 3138 2632 3210 γὰρ
2647 3139 2747 3209 τὴν
2782 3136 2985 3207 πολλὴν
3019 3137 3279 3192 ἀπιστίαν
3305 3138 3406 3192 οὐκ
3427 3138 3712 3206 ἄνθρωπον

2123 3219 2378 3291 ζητοῦσιν
2435 3220 2652 3289 ἔγγυον,
2688 3220 2823 3274 ἀλλὰ
2856 3220 2945 3274 τὸν
2973 3220 3124 3275 Θεόν.
3166 3221 3449 3293 Δεύτερον,
3481 3222 3576 3276 καὶ
3614 3222 3711 3276 τοῦ

2120 3303 2490 3374 λαμϐάνοντος
2513 3302 2604 3357 τὸν
2631 3303 2792 3373 ὅρκον
2816 3303 2876 3358 τὸ
2893 3303 3025 3357 αὑτὸ
3055 3302 3329 3376 ἔγκλημα,
3346 3307 3395 3359 εί
3432 3307 3574 3379 ὑπὲρ
3597 3324 3713 3361 συν-

2122 3388 2488 3458 αλλαγμάτων
2524 3387 2933 3458 διαφερόμενος,
2961 3387 3053 3442 τὸν
3095 3387 3230 3444 Θεὸν
3253 3388 3402 3443 ’ἐλκοι
3436 3390 3573 3463 πρὸς
3614 3391 3714 3463 τὴν

2122 3470 2347 3541 ἐγγύην,
2369 3470 2464 3523 καὶ
2478 3470 2625 3538 λέγοι
2649 3470 2724 3542 μὴ
2750 3470 3102 3540 ἀφίστασθαι,
3131 3473 3181 3526 εἰ
3205 3471 3280 3544 μὴ
3313 3474 3521 3528 ἐκεῖνον
3536 3472 3711 3530 λάϐοι.

2127 3559 2193 3613 '0
2218 3557 2318 3628 τῆς
2352 3556 2802 3628 ὑπερϐαλλούσης
2834 3557 3210 3629 ἀναισθησίας,
3249 3558 3296 3612 ὣ
3321 3559 3420 3630 τῆς
3461 3559 3710 3633 ὕϐρεωςι

2125 3638 2340 3711 σκώληξ
2361 3640 2454 3693 καὶ
2474 3640 2544 3711 γῆ
2575 3639 2668 3693 καὶ
2695 3638 2887 3703 σποδὸς
2925 3640 3211 3711 τυγχάνων
3235 3642 3331 3696 καὶ
3366 3643 3592 3709 καπνὸς,
3620 3644 3715 3699 τὸν

2123 3724 2403 3795 Δεσπότην
2431 3741 2525 3778 σου
2546 3724 2726 3788 ἕλκεις
2749 3725 2829 3787 εἰς
2858 3724 3084 3795 ἐγγύην,
3099 3727 3351 3781 κάκεῖνον
3383 3727 3715 3797 ἀναγκάζεις

2121 3807 2328 3863 λαϐεῖν.
2362 3807 2497 3861 Εἰπέ
2524 3824 2615 3878 μοι
2641 3818 2687 3872 ο,
2721 3808 2770 3861 εί
2792 3806 2902 3861 τῶν
2939 3807 3145 3863 παίδων
3169 3810 3323 3880 ὑμῶν
3354 3810 3716 3880 φιλονεικούν-

2121 3908 2232 3947 των
2298 3889 2438 3962 πρὸς
2493 3890 2760 3962 ἀλλήλους
2779 3929 2797 3957 ,
2859 3892 2953 3945 καὶ
3010 3892 3422 3964 ἀπιστουμένων
3475 3895 3713 3960 ἑαυτοῖς,

2123 3973 2324 4046 ἐφησεν
2361 3976 2391 4028 6
2434 3974 2723 4046 ὀμόδουλος
2767 3974 2844 4047 μὴ
2883 3975 3291 4047 ἀποστήσεσθαι
3308 4017 3322 4041 ,
3368 3978 3474 4042 ἕως
3517 3976 3585 4031 ἀν
3621 3979 3715 4033 τὸν

2123 4060 2301 4114 κοινὸν
2327 4059 2593 4130 δεσπότην
2636 4059 2912 4130 ἐγγυητήν
2948 4059 3124 4114 λάϐον
3152 4057 3261 4133 ἀρα
3299 4061 3400 4115 οὑκ
3428 4061 3495 4116 ἀν
3550 4061 3714 4118 ἔλαϐε

2125 4142 2340 4214 πληγάς
2375 4142 2594 4214 μυρίας,
2618 4143 2715 4196 καὶ
2735 4141 2959 4213 ἔμαθεν,
2990 4143 3075 4198 ὅτι
3095 4143 3174 4214 τῷ
3209 4144 3444 4217 δεσπότῃ
3473 4145 3556 4209 είς
3576 4145 3716 4200 ἀλλα

2125 4225 2429 4299 κεχρῆσθαι
2459 4225 2559 4291 δεῖ,
2606 4226 2709 4279 οὑκ
2736 4227 2818 4290 είς
2843 4225 3048 4292 ταῦτα;
3112 4228 3178 4282 Τί
3202 4227 3345 4297 λέγω
3379 4228 3668 4299 ὁμόδουλον
3696 4245 3716 4297 ;

2124 4310 2188 4364 El
2224 4308 2334 4381 γὰρ
2382 4306 2805 4379 αίδεσιμώτερον
2855 4310 3029 4363 εἵλετο
3065 4309 3252 4381 ἀνδρα.
3288 4311 3387 4382 οὐχ
3433 4311 3591 4384 ὓϐριν
3652 4313 3718 4367 τὺ

2123 4395 2359 4465 πρᾶγμα
2388 4394 2634 4464 ἡγήσατο
2663 4393 2765 4461 άν;
2807 4394 2946 4447 Ἀλλ’
2975 4393 3086 4463 ἐγὼ
3117 4394 3179 4447 ού
3236 4395 3517 4466 βούλομαι,
3553 4396 3712 4467 φησί.

2124 4476 2342 4541 Καλῶςο
2368 4475 2566 4531 οὑκοῦν
2617 4476 2752 4549 μηδὲ
2788 4479 2996 4533 ἐκεῖνον
3024 4478 3324 4547 ἀνάγκαζε,
3349 4478 3475 4534 ἐπεὶ
3499 4480 3593 4533 καὶ
3624 4480 3717 4532 ἐπ’

2122 4558 2428 4633 ἀνθρώπων
2452 4558 2614 4614 τοῦτο
2643 4560 2871 4630 γίνεται,
2902 4560 2970 4615 ἂν
3006 4561 3157 4634 εἴπῃ,
3198 4561 3303 4616 Τὸν
3331 4562 3478 4616 δεῖνα
3517 4561 3714 4633 δίδωμι

2123 4641 2417 4713 ἐγγυητὴν,
2449 4643 2515 4696 σὺ
2542 4642 2643 4696 οὐκ
2672 4644 2860 4716 ἀνέχῃ.
2893 4644 2958 4697 Τί
2984 4639 3111 4710 οῦνς
3140 4645 3236 4698 καὶ
3262 4644 3531 4713 ἀπολέσω,
3551 4645 3711 4715 φησὶ,

2123 4724 2186 4779 τὸ
2225 4725 2529 4796 διδόμενον;
2569 4728 2648 4781 Οὐ
2684 4727 2831 4797 λέγω
2876 4727 3067 4794 τοῦτο,
3118 4727 3256 4782 ἀλλά
3315 4729 3399 4783 ὅτι
3435 4727 3527 4782 τὸν
3577 4727 3717 4783 Θεὸν

2125 4812 2347 4885 ὑϐρίσαι
2371 4812 2563 4886 ἀνέχῃ.
2612 4814 2702 4868 Διὸ
2728 4816 2824 4869 καὶ
2875 4813 3075 4886 μᾶλλον
3107 4818 3135 4869 ὁ
3172 4812 3610 4884 καταναγκάζων
3675 4815 3713 4886 ἢ

2123 4898 2151 4950 6
2177 4895 2348 4968 ὀμνὺς
2370 4895 2744 4968 ἀπαραίτητον
2771 4898 2884 4968 ἔχει
2909 4897 3009 4969 τὴν
3037 4897 3280 4953 κόλασινο
3327 4898 3592 4963 ὡσαύτως
3614 4901 3716 4959 καὶ

2122 4981 2152 5034 ὀ
2174 4979 2400 5051 μηδενὸς
2429 4979 2705 5043 αἰτοῦντος
2716 4980 2902 5051 ὀμνύς.
2929 4981 3038 5036 Καὶ
3061 4981 3122 5035 τὸ
3140 4982 3204 5053 δὴ
3220 4980 3716 5053 χαλεπώτερονβτι

2121 5063 2312 5135 ὀμνύει
2362 5063 2589 5128 ἕκαστος
2638 5063 2779 5135 ὑπὲρ
2814 5064 3002 5119 ὀϐολοῦ
3052 5066 3189 5129 ἐνὸς,
3221 5066 3362 5137 ὑπὲρ
3395 5065 3715 5139 προσθήκης

2127 5147 2348 5219 μικρᾶς,
2367 5146 2509 5217 ὑπὲρ
2538 5145 2772 5209 ἀδικίας.
2805 5146 3010 5211 Ταῦτα,
3030 5148 3158 5202 ὅταν
3179 5148 3255 5220 μὴ
3269 5142 3711 5222 ὦσινὲπιορκίαι.

2122 5230 2189 5285 ἂν
2249 5230 2307 5285 δέ
2361 5229 2612 5302 ἐπιορκία
2665 5230 3150 5305 παρακολουθήσῃ,
3213 5232 3392 5288 πάντα
3449 5232 3564 5287 ἀνω
3618 5236 3718 5289 καὶ

2124 5313 2292 5375 κάτω,
2323 5313 2419 5368 καὶ
2446 5314 2475 5366 6
2496 5312 2698 5376 λαϐὼν,
2720 5313 2815 5368 καὶ
2831 5316 2860 5368 6
2889 5314 3014 5379 δοὺς
3041 5315 3357 5387 πεποίηκεν.
3395 5315 3536 5369 Ἀλλ’
3565 5316 3718 5371 ἔστιν

2121 5395 2462 5467 ἀγνοούμενά
2486 5414 2627 5462 τινα,
2666 5397 2849 5467 φησίν.
2898 5398 3060 5452 Ἀλλά
3095 5398 3270 5453 ταῦτα
3303 5398 3716 5470 προορώμενος,

2126 5478 2294 5551 μηδὲν
2323 5480 2467 5534 ποίει
2521 5479 2801 5553 ῥᾳθύμωςο
2828 5481 2877 5534 εί
2908 5481 2963 5535 δὲ
2998 5481 3261 5553 ῥᾳθύμως
3292 5484 3499 5546 ποιεῖς,
3551 5482 3719 5536 ἀπαί-

2121 5579 2204 5616 τει
2257 5564 2453 5625 σαυτὸν
2487 5564 2644 5635 δίκην
2695 5566 2919 5636 ζημίας.
2973 5566 3193 5621 Βέλτιον
3247 5566 3390 5621 οὑτω
3433 5566 3720 5637 ζημιωθῆ-

2122 5663 2229 5711 ναι,
2260 5646 2293 5717 ἢ
2323 5648 2544 5719 ἑτέρως.
2598 5649 2733 5704 Εἰπὲ
2788 5650 2898 5722 γάρ
2950 5667 3062 5720 μοι,
3096 5650 3277 5715 ἕλκεις
3318 5653 3400 5715 είς
3430 5651 3595 5721 ὅρκον
3622 5649 3721 5703 τὸν

2122 5728 2312 5800 ἀνδρα,
2340 5730 2393 5784 τί
2427 5731 2767 5803 προσδοκῶνς
2815 5734 2899 5787 ὅτι
2951 5735 3307 5807 ἐπιορκήσει;
3359 5733 3519 5788 Ἀλλά
3557 5730 3724 5787 τοῦτο

2188 5870 2405 5935 FCOdPx
2432 5885 2579 5935 unus?
2603 5872 2847 5927 ἐξελκύσαι
2890 5876 3254 5932 σπουδάζοντες,
3276 5876 3306 5930 ἢ
3336 5876 3400 5935 μή
3426 5873 3717 5930 δυνηθέντες.

2129 5929 2155 5972 τι
2176 5933 2313 5985 Idem
2330 5933 2445 5997 ὑπὲρ
2460 5939 2541 5992 τῆς
2564 5934 2729 5993 ἀκοῆς.
2808 5935 2943 5987 οΔιὶἱ
2961 5929 3467 5998 ἀκαγκάζειςέλκῦοαι,
3501 5939 3601 5988 εἰπέ
3619 5954 3722 6000 μοι,
