4010 6158
336 317 394 372 3|
1309 309 1371 362 IN
1416 308 1590 363 ACTA
1634 305 1907 364 APOSTOI

2014 308 2155 365 iIiM.
2198 308 2426 366 IlOMiL
2473 310 2559 366 IX.
3527 322 3597 379 82

330 425 472 489 ratis,
508 424 705 494 inquit,
737 423 832 492 filii
857 423 1236 495 propheturmu,
1267 432 1311 476 et
1335 421 1616 476 testamenti
1640 420 1774 490 quod
1791 418 1899 474 dis-

331 515 492 581 posuit
518 513 673 570 Deus.
697 513 1022 580 Testamenti,
1054 512 1244 584 inquit,
1273 511 1401 580 ﬁlii,
1429 509 1481 564 id
1502 519 1606 578 est,
1639 508 1901 565 barredes.

331 604 402 658 Ne
429 604 736 659 viderentur
761 603 903 658 enim
934 603 1048 656 haec
1075 617 1140 658 ex
1171 601 1434 656 beneﬁcio
1459 599 1602 654 Petri
1624 599 1868 669 accipere
1885 638 1902 664 ,

329 693 556 748 ostendit
577 693 687 764 jam
719 693 844 748 olim
873 694 976 748 illis
1005 693 1107 746 hoc
1148 691 1389 745 debitum
1427 689 1623 756 fuisse,
1653 698 1712 745 ιιι
1737 689 1906 760 magis

327 786 607 840 crederent
631 787 683 840 id
719 785 828 841 Deo
855 785 1110 856 placitum
1133 797 1276 838 esse.
1315 781 1460 836 Vobis
1489 783 1705 852 primum
1728 781 1868 836 Deus
1886 820 1902 843 ,

327 876 530 946 inquit,
559 892 674 930 cum
704 878 992 931 suscitusset
1012 916 1028 940 ,
1060 875 1224 943 ﬁlium
1251 890 1399 929 suum
1443 874 1594 927 misit.
1631 873 1748 927 Non
1777 873 1907 928 sim-

326 968 532 1037 pliciter
560 967 734 1034 dixit,
761 967 930 1023 Vobis
957 967 1101 1022 misit
1141 965 1333 1020 Filium
1361 981 1517 1020 suum
1545 983 1559 1032 ;
1587 963 1681 1019 scd
1709 965 1868 1020 etiam
1890 1005 1904 1028 ,

326 1071 444 1129 post
481 1062 973 1127 resurrectionem,
1004 1069 1060 1116 et
1095 1059 1309 1130 quando
1351 1059 1642 1114 cruciﬁxus
1681 1057 1798 1112 fuit.
1830 1056 1908 1112 Ne

325 1163 572 1222 putarent
600 1154 745 1208 enim
773 1153 947 1225 ipsum
975 1152 1186 1222 quidem
1217 1149 1330 1207 hace
1354 1151 1602 1221 largitum
1629 1164 1768 1213 esse,
1801 1162 1905 1204 non

323 1261 452 1302 vero
481 1247 694 1302 Patrem
716 1282 732 1312 ,
764 1246 884 1301 ideo
916 1245 1116 1300 addidit
1144 1243 1269 1298 illud
1293 1284 1310 1311 ,
1337 1241 1720 1298 Benedicentem
1749 1240 1904 1295 vobis.

322 1340 378 1394 Si
405 1341 551 1396 enim
581 1339 777 1394 fratrer
804 1347 980 1394 vester
1005 1346 1159 1394 estet
1189 1336 1456 1393 benedicit
1477 1335 1647 1399 vobis,
1679 1334 1907 1405 promis—

319 1432 405 1486 sio
426 1448 515 1487 res
543 1440 654 1497 est;
685 1431 734 1488 id
761 1441 864 1496 est,
891 1431 1117 1486 Tantum
1145 1429 1318 1494 abest,
1341 1440 1398 1483 ut
1423 1443 1528 1483 non
1548 1426 1908 1483 communico-

320 1523 395 1579 tis
419 1537 543 1578 cum
573 1522 676 1586 his,
703 1532 760 1576 ut
788 1521 944 1576 etiam
968 1536 1065 1574 vos
1089 1519 1212 1575 aliis
1245 1527 1492 1574 auctores
1518 1527 1573 1574 et
1595 1517 1761 1572 duces
1787 1530 1908 1572 esse

319 1614 477 1669 \‘elit.
503 1613 581 1669 Ne
605 1614 780 1683 itaque
804 1627 899 1668 vos
935 1623 991 1666 ttt
1031 1612 1224 1680 abjecti
1251 1619 1308 1666 et
1342 1609 1606 1680 repudiati
1645 1608 1904 1665 habeatis.

323 1703 395 1759 Ut
419 1713 671 1759 convertat
690 1721 762 1768 se,
783 1704 972 1775 inquit,
995 1705 1337 1773 unusquisque
1353 1703 1416 1756 ab
1435 1701 1796 1772 iniquitatibus.
1819 1700 1908 1757 Sic

319 1810 420 1852 vos
449 1795 728 1852 benedicet
746 1836 763 1864 ,
789 1806 848 1852 et
871 1811 980 1852 non
1008 1795 1345 1864 simpliciter.
1373 1794 1553 1865 Ecqua
1587 1794 1701 1849 haec
1739 1793 1905 1849 bene-

317 1887 520 1944 dictio?
543 1888 748 1957 Magna.
781 1889 964 1960 Neque
987 1889 1132 1945 enim
1159 1889 1398 1944 converti
1422 1887 1492 1943 ab
1519 1885 1903 1958 iniquitatibus,

317 1980 452 2036 satis
477 1989 560 2036 est
591 1979 659 2037 ad
703 1982 822 2037 illas
848 1981 1174 2038 solvendas:
1201 1981 1244 2036 si
1271 1989 1451 2036 autem
1486 1980 1554 2036 ad
1594 1977 1906 2036 solvendum

319 2085 428 2126 non
474 2069 712 2138 sufﬁcit,
755 2070 1024 2142 quomodo
1067 2071 1496 2127 benedictionem
1530 2069 1658 2126 dare
1703 2068 1908 2139 possit?

317 2161 504 2233 Neque
529 2162 673 2218 enim
699 2164 796 2234 qui
837 2164 1036 2234 injuste
1078 2163 1219 2234 egit,
1258 2164 1368 2233 jam
1407 2161 1746 2218 benedieitur
1767 2199 1788 2224 ,
1812 2159 1907 2215 sed

318 2261 664 2322 peccatorum
703 2255 1077 2311 remissionem
1102 2255 1317 2324 accipit.
1347 2252 1476 2309 Illud
1505 2263 1688 2308 autem
1708 2293 1726 2317 ,
1758 2250 1905 2305 Tum-

316 2361 474 2414 quam
498 2361 597 2410 me,
626 2345 728 2402 nisi
750 2346 1046 2402 secundum
1066 2345 1417 2417 legislationis
1441 2343 1656 2400 modum
1687 2343 1910 2412 accipia-

319 2444 408 2491 tur
427 2476 444 2502 ,
477 2435 678 2492 nullam
708 2445 884 2508 potest
904 2437 1166 2493 rationem
1195 2437 1414 2494 habere.
1443 2434 1626 2508 Ipsum
1651 2436 1870 2491 audietis
1889 2475 1906 2502 ,

316 2528 520 2598 inquit:
551 2543 723 2599 neque
749 2531 1081 2600 simpliciter,
1106 2529 1346 2593 sedgErit
1369 2531 1533 2587 omnis
1559 2532 1730 2586 animo
1753 2573 1771 2598 ,
1797 2546 1912 2602 qua:

315 2635 422 2673 non
466 2620 686 2676 audierit
720 2625 1016 2692 prophetam
1030 2623 1197 2689 illum,
1219 2623 1632 2679 exterminabitur
1665 2623 1729 2678 de
1747 2623 1906 2694 plebe.

315 2708 548 2776 Quando
587 2711 708 2766 illos
755 2722 1062 2781 peccatores
1093 2711 1373 2780 ostendit,
1423 2713 1658 2784 ipsisque
1698 2713 1908 2768 veniam

313 2800 508 2868 dedit,
537 2801 783 2873 bonaque
814 2804 1092 2872 promisit;
1121 2813 1250 2860 tunc
1285 2805 1526 2861 ostendit
1548 2805 1785 2876 Moysen:
1810 2805 1913 2860 hoc

316 2891 498 2960 ipsum
535 2890 756 2948 dixisse.
801 2893 866 2948 Et
908 2909 1151 2964 quamam
1195 2894 1312 2950 base
1361 2897 1741 2966 consequentia
1789 2907 1912 2963 est,

316 2981 498 3051 Usque
523 2983 592 3036 ad
629 2991 860 3053 tempore
895 2984 1254 3050 restitutionis;
1283 2995 1339 3040 et
1378 2984 1634 3042 inducere
1676 2985 1912 3057 Moysem

311 3075 622 3140 dicentem,
648 3088 742 3128 eos
767 3074 949 3130 omnia
971 3115 990 3141 ,
1018 3090 1140 3144 qum
1161 3075 1303 3130 dicet
1329 3074 1574 3132 Christus
1593 3119 1610 3144 ,
1639 3077 1913 3134 audituros

307 3180 450 3225 esse
473 3182 488 3232 ;
518 3181 693 3237 neque
719 3167 1033 3238 simpliciter
1055 3207 1070 3232 ,
1098 3168 1191 3224 sed
1217 3183 1337 3224 cum
1369 3169 1590 3225 terribili
1617 3171 1908 3226 commina-

313 3259 518 3314 tione?
546 3257 732 3328 Magna
762 3277 776 3314 :
803 3260 1038 3316 ostendit
1063 3261 1206 3316 enim
1249 3270 1304 3318 et
1334 3271 1552 3331 propter
1589 3262 1690 3319 hoc
1720 3265 1794 3319 illi
1821 3264 1909 3320 ob-

316 3349 614 3417 temperari
652 3357 922 3418 oportere.
956 3349 1092 3417 Quid
1129 3359 1252 3417 est,
1295 3349 1422 3405 Filii
1461 3353 1819 3422 prophetarum
1863 3365 1910 3410 et

317 3439 652 3494 testamenti?
682 3439 932 3497 Heredes
955 3482 973 3514 ,
1011 3456 1371 3498 successores.
1401 3443 1456 3499 Si
1496 3459 1624 3514 ergo
1653 3445 1785 3512 ﬁlii,
1813 3462 1911 3503 cur

315 3546 451 3601 erga
475 3545 564 3586 res
588 3541 822 3598 vestras,
849 3541 910 3589 ut
931 3549 1056 3604 erga
1083 3534 1319 3601 alienas,-
1345 3535 1518 3592 aﬂ’ecti
1548 3537 1716 3594 estis?
1747 3538 1912 3608 Igitur

317 3623 668 3679 accusatione
713 3624 927 3692 quidem
968 3625 1123 3695 digna
1167 3626 1410 3694 fecistis;
1456 3629 1698 3698 poteritis
1732 3638 1908 3686 tamen

319 3710 537 3768 veniam
567 3713 842 3784 consequi.
872 3713 1072 3771 Deinde
1097 3725 1377 3786 postquam
1401 3717 1513 3773 haec
1535 3718 1763 3785 dixerat,
1787 3720 1910 3790 jure

320 3805 512 3876 adjicit
540 3822 554 3860 :
598 3804 748 3860 Vobis
782 3806 916 3860 misit
953 3806 1090 3862 Deus
1131 3807 1325 3863 Filium
1360 3826 1510 3864 suum
1545 3810 1910 3866 benedicentur:

321 3911 434 3949 eos.
467 3894 582 3950 Non
627 3895 776 3962 dicit,
803 3895 1137 3966 Servautem,
1166 3898 1284 3967 sed,
1311 3899 1453 3970 quod
1480 3901 1650 3970 majus
1676 3911 1778 3967 est,
1807 3901 1907 3958 Bs-

324 3990 677 4058 nedicmtem;
703 3991 994 4046 ostendens
1030 3991 1342 4048 cruciﬁxum
1380 3993 1781 4050 benedicturum
1813 4011 1910 4052 eos

324 4093 488 4146 esse,
535 4081 626 4150 qui
669 4096 727 4136 se
765 4081 1166 4139 crucifixerunt.
1215 4083 1367 4140 Hunc
1414 4100 1544 4157 ergo
1573 4101 1672 4142 nos
1698 4101 1910 4158 quoque

325 4173 604 4230 imitemur
634 4191 650 4228 :
675 4175 947 4244 ejiciamus
969 4177 1202 4233 animam
1229 4179 1623 4250 sanguinariam
1647 4191 1700 4238 et
1728 4183 1908 4236 inimi-

324 4280 473 4321 cam.
501 4266 619 4322 Non
663 4267 857 4324 sufﬁcit
891 4285 998 4325 non
1037 4271 1244 4326 ulcisci.
1275 4271 1386 4328 Hoc
1411 4282 1466 4328 et
1505 4272 1562 4327 in
1602 4276 1770 4330 veteri
1796 4275 1910 4345 lege

327 4357 528 4413 factum
557 4367 668 4425 est;
698 4359 793 4414 sed
816 4361 996 4416 omnia
1021 4361 1276 4417 faciamus
1307 4379 1402 4432 pro
1429 4364 1516 4429 iis,
1548 4364 1638 4434 qui
1671 4379 1771 4419 nos
1814 4366 1908 4420 Ia:-

326 4459 519 4507 serunt
539 4489 556 4516 ,
582 4450 733 4520 quasi
761 4465 865 4521 pro
898 4451 1084 4506 amicis
1110 4453 1382 4522 germanis
1403 4492 1420 4518 ,
1450 4454 1602 4523 quasi
1631 4469 1730 4524 pro
1758 4455 1911 4510 nobis

326 4538 486 4608 ipsis.
520 4539 672 4597 Illius
713 4541 1012 4598 imitatores
1050 4556 1274 4610 sanius,
1319 4540 1462 4600 illius
1504 4545 1782 4616 discipuli,
1821 4549 1910 4619 qui

327 4640 612 4723 postquam
649 4634 935 4690 cruciﬁxus
953 4634 1288 4723 Qun/omnia
1309 4637 1476 4692 movit
1503 4653 1599 4708 pro
1623 4639 1710 4706 iis,
1733 4641 1822 4712 qui
1851 4657 1910 4698 se

325 4720 722 4789 cruciﬁxerant,
754 4720 1097 4794 etapostoros
1121 4725 1290 4783 misit.
1313 4727 1474 4797 Atqui.
1495 4742 1597 4784 nos
1613 4743 1754 4799 sape
1768 4730 1910 4800 juste

327 4813 595 4881 patimur;
625 4815 717 4872 ille
745 4832 870 4872 vero
907 4833 1018 4874 non
1049 4818 1210 4874 modo
1238 4819 1431 4890 injuste
1453 4861 1468 4886 ,
1500 4821 1594 4877 sed
1617 4832 1674 4880 et
1699 4824 1859 4895 impie
1891 4843 1906 4882 :

324 4903 726 4963 benefactorem
765 4911 907 4965 enim
929 4951 946 4977 ,
977 4912 1067 4983 qui
1107 4912 1239 4968 nihil
1267 4927 1328 4969 se
1352 4913 1599 4984 laeserat,
1624 4918 1906 4974 eruciﬁxe-

325 5006 472 5051 runt.
514 4995 774 5054 Cur?dic
809 4999 940 5055 mibi
964 5003 1196 5072 sglorla:
1232 5005 1430 5059 causa?
1475 5006 1636 5076 Atqui
1673 5008 1787 5078 ipse
1813 5025 1909 5064 eos

325 5085 536 5142 honore
551 5085 838 5143 afﬁciebat.
857 5091 1173 5156 Quomodo?
1200 5093 1371 5164 Super
1393 5095 1696 5156 cathedram
1714 5097 1905 5169 Moysi,

326 5179 532 5251 inquit,
572 5181 804 5236 sederunt
840 5183 1017 5238 scriba:
1050 5193 1097 5238 et
1134 5185 1403 5242 Pharisci.
1433 5187 1616 5243 Omnia
1655 5207 1776 5260 ergo
1797 5207 1909 5261 qua

325 5271 500 5326 dicunt
527 5272 666 5328 vobis
694 5284 748 5328 ut
775 5275 1010 5346 ﬁniatis,
1041 5277 1193 5344 facite
1209 5295 1230 5332 :
1266 5281 1537 5335 secundum
1564 5299 1720 5352 opera
1743 5294 1908 5339 autem

323 5363 533 5418 illorum
559 5365 713 5422 nolite
733 5367 904 5436 facere
925 5367 1136 5440 (Matth.
1162 5369 1252 5426 25.
1279 5371 1336 5428 2.
1359 5373 1436 5440 3);
1457 5382 1512 5428 et
1530 5388 1716 5429 rursus
1740 5375 1866 5431 alibi
1889 5393 1904 5430 :

335 5451 478 5510 Vnde
497 5471 518 5511 :
537 5457 744 5513 ostende
780 5468 829 5515 te
851 5460 1099 5515 sacerdoti
1132 5461 1252 5530 (Id.
1279 5462 1332 5517 8.
1350 5463 1386 5517 ι
1413 5462 1452 5533 ).
1488 5465 1552 5518 Et
1583 5479 1703 5520 cum
1728 5475 1909 5536 posset

325 5545 450 5603 illos
494 5548 758 5620 perdere,
797 5553 1064 5609 servabat.
1111 5552 1265 5609 Hunc
1307 5553 1466 5624 igitur
1513 5555 1816 5626 imitemur,
1855 5569 1910 5614 ct

326 5653 490 5697 nemo
507 5643 804 5715 cuiuspiam
830 5647 1179 5716 sitiuimicus,
1195 5662 1368 5718 neque
1383 5645 1570 5718 hostis,
1586 5648 1686 5706 nisi
1709 5660 1908 5709 tantum

2169 423 2642 495 Adrersusjureudi
2668 429 3175 484 consuetudinem.—
3185 430 3302 488 Non
3331 445 3516 504 parum
3529 439 3600 491 ad

2015 511 2117 569 hoc
2155 513 2364 571 confert
2405 517 2568 572 etiam
2600 531 2705 572 non
2727 517 2931 588 iurare,
2971 530 3024 575 et
3063 536 3168 575 non
3197 522 3370 578 irasci.
3399 523 3459 580 Si
3488 539 3600 580 non

1957 625 1986 682 _'
2014 605 2337 674 irascamur,
2367 623 2541 680 neque
2567 609 2842 666 inimicum
2866 612 3200 670 habebimus.
3224 616 3493 673 Absciude
3529 619 3602 673 ab

2014 695 2233 752 homine
2251 698 2636 766 iurameutum,
2665 709 2719 756 et
2749 701 2841 756 ira:
2890 703 3004 756 alas
3047 705 3316 771 excidisti,
3346 707 3598 779 illamque

2016 796 2180 842 totam
2210 789 2534 845 exstinxisti.
2561 790 2658 846 Est
2681 793 2824 847 enim
2867 793 3005 848 sicut
3036 805 3226 850 ventus
3275 797 3353 852 ira
3381 807 3435 853 et
3448 799 3595 869 jura-

2015 890 2259 936 mcutum
2290 882 2305 913 ¹
2341 899 2354 936 :
2386 882 2610 939 demitte
2636 883 2774 946 vela.
2805 885 2948 940 nulla
2971 885 3072 940 veli
3105 888 3307 943 utilitas
3326 929 3342 955 ,
3371 891 3414 944 si
3457 891 3602 947 desit

2014 983 2224 1029 ventus.
2253 973 2309 1031 Si
2336 989 2465 1046 ergo
2491 991 2591 1032 nec
2613 977 2858 1046 iuremus
2880 994 2978 1034 nec
3001 979 3320 1046 clamemus,
3351 983 3444 1037 ira:
3465 999 3592 1040 ner-

2013 1079 2109 1120 vos
2145 1066 2488 1123 succidimus.
2531 1068 2586 1125 Si
2612 1084 2738 1124 vero
2769 1087 2873 1123 non
2902 1071 3140 1136 creditis,
3176 1073 3470 1142 periculum
3514 1077 3596 1131 rei

2012 1155 2187 1223 facite,
2209 1167 2264 1212 et
2297 1172 2414 1214 rem
2439 1159 2518 1214 sic
2546 1173 2605 1214 se
2632 1159 2832 1216 habere
2870 1164 3230 1233 cognoscetis.
3261 1164 3458 1236 Legem
3485 1167 3594 1221 ira-

2013 1245 2191 1301 cundo
2218 1261 2378 1315 pone,
2402 1257 2462 1304 ut
2487 1265 2554 1306 ne
2576 1263 2828 1321 umquam
2856 1252 3019 1323 juret,
3046 1263 3100 1310 et
3125 1268 3230 1310 non
3273 1271 3407 1327 opus
3431 1257 3595 1315 babe-

2015 1337 2098 1390 bis
2121 1354 2242 1392 cum
2262 1339 2352 1394 illo
2369 1340 2438 1396 de
2460 1342 2862 1398 mansuetudine
2907 1359 3210 1414 sermonem
3249 1346 3470 1404 habere.
3499 1349 3592 1405 Sic

2015 1434 2181 1482 totum
2215 1429 2505 1498 perfectum
2529 1432 2660 1498 erit;
2700 1442 2754 1487 et
2783 1448 2879 1488 nec
2909 1435 3235 1503 pejerabitis,
3267 1452 3365 1492 nec
3385 1437 3596 1507 jurabi-

2013 1519 2082 1572 tis
2127 1521 2366 1577 omnino.
2415 1521 2661 1587 Nescitis,
2710 1525 2764 1578 in
2793 1535 2988 1593 quanta
3041 1527 3272 1584 absurda
3324 1545 3420 1586 vos
3467 1532 3594 1588 inde

2012 1610 2308 1678 conjiciatis
2334 1612 2360 1665 ?
2413 1612 2645 1669 Necesse
2673 1615 2816 1669 enim
2833 1625 2935 1678 est.
2983 1624 3040 1671 ut
3085 1619 3297 1674 vinculo
3321 1635 3418 1674 vos
3455 1636 3592 1677 cou—

2011 1702 2308 1770 stringatis,
2335 1711 2389 1758 et
2411 1717 2630 1760 omnem
2653 1706 2956 1761 machinam
2997 1707 3294 1765 adlribeatis
3315 1751 3332 1776 ,
3365 1719 3421 1765 ut
3443 1712 3594 1780 quasi

2012 1805 2075 1845 ex
2106 1793 2395 1849 inevitabili
2421 1797 2670 1865 quopiam
2696 1797 2838 1852 malo
2855 1798 3088 1854 animam
3110 1801 3186 1856 eri
3197 1799 3370 1870 piatis;
3396 1801 3598 1858 deinde

2012 1897 2159 1950 vero,
2186 1885 2231 1940 si
2257 1899 2362 1940 non
2386 1886 2620 1954 possitis,
2649 1887 2701 1941 in
2727 1887 2933 1955 dolore,
2964 1891 3111 1955 rixis,
3134 1891 3594 1947 exsecrationibus

2011 1973 2250 2044 degetis;
2281 1975 2375 2031 sed
2405 1977 2582 2034 omnia
2637 1977 2830 2034 frustra
2877 1979 3090 2036 cedent.
3148 1980 3314 2050 Igitur
3361 1984 3594 2048 minare,

2011 2065 2330 2135 praescribe,
2385 2069 2561 2122 omnia
2613 2068 2732 2126 sine
2772 2070 3081 2138 iuramento
3130 2071 3311 2128 facito.
3365 2072 3514 2128 Licet
3539 2083 3593 2128 ct

2010 2156 2149 2211 dicta
2170 2165 2226 2213 et
2253 2155 2392 2212 facta
2407 2159 2699 2226 resolvere,
2728 2164 2774 2216 si
2802 2162 3058 2217 volueris.
3077 2162 3168 2218 Sic
3191 2161 3352 2220 hodie
3368 2179 3592 2221 necesse

2011 2257 2114 2313 est,
2144 2259 2200 2304 ut
2227 2249 2378 2305 vobis
2403 2253 2730 2308 mansuetius
2761 2253 3060 2324 loquamur.
3088 2254 3224 2322 Quia
3241 2256 3385 2312 enim
3410 2256 3592 2311 audis—

2014 2339 2102 2405 tis,
2128 2354 2318 2410 magna
2349 2357 2471 2412 pars
2498 2343 2583 2400 rei
2603 2358 2634 2398 a
2656 2344 2810 2400 vobis
2831 2344 3067 2416 perfecta
3095 2357 3199 2402 est.
3225 2347 3338 2419 Age
3366 2347 3436 2404 de
3461 2348 3590 2404 reli-

2011 2446 2139 2501 quo,
2165 2431 2630 2502 curjuramentum
2649 2435 2916 2492 invectum
2943 2447 3047 2504 est,
3075 2447 3130 2494 et
3153 2453 3251 2494 cur
3268 2438 3560 2495 admissum
3577 2481 3591 2504 ,

2011 2521 2270 2578 dicamus.
2303 2523 2630 2584 Enarrantes
2681 2528 2954 2598 quomodo
2993 2530 3166 2600 primo
3190 2538 3368 2588 ortum
3397 2531 3503 2598 sit,
3531 2539 3590 2586 et

2012 2613 2228 2684 quando
2273 2623 2330 2672 et
2356 2631 2386 2670 a
2410 2618 2752 2688 quibusnam,
2799 2619 3164 2691 obsequentia
3216 2631 3409 2678 vestra:
3448 2621 3599 2676 vices

2019 2705 2394 2776 rependamus.
2423 2708 2574 2764 illum
2595 2710 2760 2775 enim,
2787 2713 2877 2781 qui
2905 2719 3052 2768 recte
3075 2713 3206 2782 agit,
3238 2727 3458 2768 necesse
3500 2723 3587 2769 cst

2020 2795 2388 2867 philosophari
2420 2815 2434 2852 :
2472 2798 2561 2867 qui
2591 2799 2829 2854 nondum
2856 2801 2981 2855 talis
2997 2809 3099 2865 est,
3131 2816 3230 2857 nec
3255 2801 3450 2872 dignus
3487 2803 3591 2860 erit

2015 2889 2106 2958 qui
2133 2887 2332 2943 audiat.
2373 2888 2524 2944 Fecit
2547 2889 2676 2944 olim
2704 2900 2858 2959 pacta
2881 2890 3048 2946 multa
3076 2890 3369 2958 Abraham,
3397 2899 3453 2948 et
3473 2891 3586 2947 vic-

2018 2977 2176 3031 timas
2207 2977 2522 3045 immolavit,
2554 2977 2864 3050 bestiasque
2886 2979 3099 3046 obtulit.
3121 2995 3186 3036 ac
3210 2979 3446 3038 nondum
3475 2989 3598 3038 erat

2010 3065 2400 3135 juramentum.
2432 3067 2589 3124 Unde
2611 3084 2740 3140 ergo
2759 3071 3121 3140 juramentum
3158 3080 3334 3129 ortum
3358 3071 3543 3128 habuit
3569 3073 3597 3129 .7

2015 3156 2242 3224 Quando
2278 3169 2432 3215 aucta
2461 3169 2586 3215 sunt
2609 3161 2770 3228 mala,
2793 3163 3008 3232 quando
3048 3165 3228 3220 omnia
3277 3178 3372 3220 sus
3414 3165 3594 3236 deque

2015 3249 2154 3305 facta
2177 3259 2321 3318 sunt,
2352 3252 2566 3322 quando
2589 3253 2657 3308 ad
2685 3252 3037 3310 idololatriam
3061 3255 3416 3313 declinarunt.
3438 3257 3590 3314 Tunc

2013 3355 2163 3412 ergo,
2191 3353 2338 3410 tunc,
2361 3357 2481 3398 cum
2505 3344 2766 3401 increduli
2811 3359 3030 3415 prorsus
3063 3357 3266 3414 essent,
3300 3348 3467 3404 Deum
3499 3348 3593 3403 ad-

2012 3433 2271 3490 vocabant
2293 3442 2508 3500 testem,
2535 3435 2922 3506 quasidignum
2947 3436 3210 3492 dictorum
3232 3436 3597 3507 tidejussorem

2012 3523 2220 3579 dantes.
2256 3523 2368 3580 iloc
2395 3525 2538 3581 enim
2566 3534 2652 3581 est
2673 3525 3058 3596 juramentum,
3093 3526 3386 3596 ﬁdejussio,
3411 3528 3498 3582 ubi
3527 3528 3599 3583 ob

2013 3629 2223 3669 morum
2267 3615 2666 3686 corruptionem
2690 3616 2820 3672 fides
2836 3633 2942 3673 non
2965 3618 3208 3674 habetur.
3258 3619 3440 3690 Itaque
3493 3619 3597 3676 hoc

2015 3706 2246 3775 primum
2269 3707 2472 3763 crimen
2516 3707 2746 3778 jurantis
2767 3719 2870 3776 est,
2893 3710 2940 3765 si
2968 3726 3076 3766 non
3105 3712 3353 3768 credatur
3381 3714 3498 3769 sine
3525 3713 3593 3769 ti-

2014 3799 2316 3868 dejussore,
2347 3808 2405 3856 et
2429 3816 2622 3872 magno
2643 3802 2991 3872 fldejnssore:
3022 3807 3145 3874 quia
3176 3806 3320 3860 enim
3357 3806 3499 3862 nulla
3529 3806 3596 3862 ll-

2013 3888 2112 3946 des
2155 3889 2400 3958 habetur,
2432 3907 2540 3948 non
2571 3891 2844 3950 hominem
2877 3896 3156 3966 requirunt
3184 3897 3550 3968 tidejussorem
3576 3938 3594 3965 ,

2013 3980 2109 4036 sed
2163 3982 2352 4038 Deum.
2381 3982 2652 4052 Secundo,
2683 3985 2875 4042 adem
2898 4001 3113 4057 quoque
3137 3988 3294 4059 culpa
3319 3998 3403 4046 est
3429 3990 3548 4060 ejus
3575 4030 3593 4058 ,

2011 4072 2102 4142 qui
2126 4073 2486 4142 juramentnm
2515 4076 2725 4145 recipit,
2750 4076 2872 4132 siin
2899 4078 3066 4147 pactis
3093 4078 3262 4134 Deum
3282 4078 3351 4133 ad
3373 4079 3595 4148 ﬁdejus~

2013 4164 2219 4220 sionem
2247 4165 2444 4233 trahat,
2459 4175 2516 4222 et
2543 4167 2686 4222 dicat
2709 4183 2814 4223 non
2845 4167 3208 4224 discessurum
3234 4183 3294 4224 se
3317 4169 3419 4223 nisi
3443 4169 3594 4224 illum

2011 4255 2256 4324 accipiat.
2286 4256 2332 4310 0
2360 4257 2628 4326 ingentem
2671 4257 3072 4325 stupiditatem!
3100 4273 3135 4312 ο
3159 4259 3536 4315 contumeliam
3570 4261 3587 4316 1

2017 4343 2244 4409 Vermis,
2273 4352 2418 4399 terra
2443 4355 2498 4398 et
2523 4345 2660 4399 cinis
2705 4359 2826 4400 cum
2854 4347 2928 4399 sis
2956 4355 3116 4416 atque
3155 4345 3353 4408 fumus,
3410 4347 3588 4405 Domi-

2016 4447 2143 4486 num
2175 4441 2325 4487 tuum
2358 4433 2527 4488 trahis
2554 4433 2624 4487 ad
2650 4433 3047 4502 ﬁdejussionem
3079 4445 3135 4489 et
3160 4435 3310 4489 illum
3339 4439 3486 4508 cogis
3499 4454 3594 4495 ac-

2014 4524 2231 4592 cipere?
2261 4523 2355 4579 Dic
2376 4524 2526 4590 mihi,
2557 4525 2601 4579 si
2631 4524 2803 4580 servis
2823 4524 3018 4581 vestris
3041 4527 3180 4582 inter
3196 4541 3255 4582 se
3272 4527 3596 4600 rixantibus,

2014 4630 2114 4669 nec
2137 4614 2238 4671 sibi
2269 4623 2457 4672 mutuo
2483 4617 2849 4686 credentibus,
2892 4618 3096 4676 diceret
3139 4635 3436 4678 conservus
3485 4638 3600 4678 non

2011 4705 2391 4762 discedendum
2414 4721 2537 4764 esse
2563 4707 2735 4764 donec
2763 4710 3064 4766 communis
3091 4710 3344 4768 dominus
3369 4713 3591 4782 ﬁdejus-

2011 4813 2104 4856 sor
2120 4799 2430 4866 accederet;
2458 4815 2635 4856 annon
2657 4800 2805 4858 mille
2822 4803 3005 4873 plagas
3021 4804 3308 4874 acciperet,
3338 4816 3395 4859 ut
3423 4805 3595 4862 disce-

2012 4898 2095 4944 ret
2143 4888 2362 4944 domino
2389 4889 2456 4944 ad
2478 4890 2602 4957 alia,
2637 4906 2742 4946 non
2775 4893 2843 4947 ad
2869 4893 2985 4948 huic
3010 4893 3086 4949 uti
3111 4897 3404 4965 oportere?
3454 4897 3604 4962 Quid.

2011 4979 2133 5034 dico
2157 4979 2522 5036 conservum?
2550 4996 2673 5034 natn
2695 4981 2739 5036 si
2770 4980 2965 5037 virum'
2997 4984 3448 5040 vcnerabiliorem
3489 4986 3590 5040 eli-

2011 5080 2196 5142 geret,
2225 5086 2404 5127 annon
2432 5069 2485 5125 id
2511 5071 2604 5126 ille
2627 5087 2724 5142 pro
2749 5074 3073 5130 contumelia
3101 5075 3321 5131 haberet
3346 5074 3369 5128 ‘i
3399 5077 3466 5129 At
3492 5091 3602 5146 ego

2015 5163 2162 5229 nolo,
2191 5163 2422 5234 inquies.
2452 5163 2620 5221 Recte
2647 5182 2661 5219 :
2703 5180 2833 5236 ergo
2862 5182 3036 5237 neque
3064 5167 3214 5224 illum
3234 5183 3396 5238 cegas
3424 5186 3438 5222 :
3467 5183 3600 5224 nam

2011 5254 2115 5310 hoc
2145 5255 2204 5310 ﬁt
2227 5254 2388 5311 etiam
2405 5256 2549 5328 apud
2565 5258 2809 5315 homines
2826 5301 2842 5328 ,
2865 5259 2910 5314 si
2931 5259 3052 5331 quis
3077 5258 3308 5326 dixerit,
3335 5258 3482 5314 Illum
3513 5268 3592 5314 ta-

2079 5389 2099 5420 ³
2122 5387 2274 5456 Juxta
2299 5387 2455 5438 Savil.
2480 5391 2749 5456 legendum
2771 5399 2926 5449 esset.
2951 5396 3035 5444 Est
3070 5389 3198 5456 enim
3225 5391 3366 5456 quasi
3387 5387 3608 5456 spiritus.

2015 5448 2106 5516 ira:
2123 5448 2472 5516 jurontentum.
2512 5448 2630 5501 Haec
2669 5467 2818 5516 porro
2857 5448 2951 5503 non
2977 5448 3544 5516 parumhiniricata'suut
3575 5473 3595 5483 ν

2009 5508 2286 5574 jurainenta
2313 5508 2434 5560 dicit
2459 5525 2571 5562 esse
2599 5508 2701 5563 aias
2727 5521 2779 5562 et
2807 5516 2914 5562 vela
2947 5508 3052 5572 iras,
3079 5514 3260 5574 quibus
3287 5514 3494 5565 sublatis
3520 5515 3610 5569 iras.

2016 5573 2236 5640 tollitur;
2261 5571 2845 5640 iuramentaenimhirati
2884 5571 3056 5640 erant,_
3079 5571 3131 5623 et
3164 5575 3586 5640 iramaugebans.

2016 5633 2197 5682 Verum
2221 5639 2277 5693 ut
2297 5630 2344 5679 in
2367 5632 2656 5693 Prmfalioue
2683 5634 2915 5693 diximus,
2940 5631 2987 5682 in
3011 5630 3144 5685 hisce
3165 5630 3605 5688 llomiiiisvmultar

2013 5700 2128 5758 sunt
2160 5691 2460 5758 reticentice:
2483 5695 2562 5758 ubi
2605 5710 2688 5745 res
2713 5691 3142 5758 itaenu'ntiantur,
3169 5705 3223 5749 ut.
3257 5699 3452 5751 nonnisi
3473 5713 3604 5750 cuna-

2015 5755 2184 5806 laborc
2218 5761 2274 5805 et
2303 5753 2625 5808 meditatione
2658 5757 2896 5825 explicari
2921 5756 3126 5820 possint.
