4010 6158
396 259 470 320 g3
1173 249 1228 304 S.
1267 244 1542 303 JUALVNIS
1576 231 2055 297 Clll‘tYSUSTOMI
2095 237 2412 297 A'liCiliEP.
2452 242 2984 301 CONSTANTINOP.
3570 236 3659 301 ἐι

399 376 503 429 lem
533 371 609 427 de
652 367 1040 437 ﬂdeiusserem,
1070 373 1124 418 tu
1149 375 1256 416 non
1292 357 1576 430 permittis.
1605 350 1925 423 Quidoigitur
1952 348 1976 402 τ

398 465 635 534 inquies,
666 460 956 531 perdatnnc
974 455 1116 526 quod
1158 451 1328 508 dedi?
1365 449 1481 505 Non
1527 447 1633 502 hoc
1679 444 1801 498 dico
1831 458 1847 504 ;
1882 438 1979 495 sed

402 569 601 627 queror
628 552 770 623 quod
802 551 968 605 Deum
988 546 1192 601 afﬁcias
1233 540 1576 599 contumelia.
1624 538 1854 606 Ideoque
1885 548 1937 627 is
1960 574 1976 598 ,

397 624 486 717 qui
515 645 659 716 cogit
678 685 693 711 ,
728 639 1088 697 inevitabilius
1117 634 1434 706 supplicium
1454 628 1692 696 habebit,
1718 639 1876 697 quam
1892 624 1974 717 is,

394 714 485 807 qui
511 714 693 806 iuras:
717 731 1071 799 similiterque
1100 728 1165 790 is,
1192 726 1281 796 qui
1322 722 1534 779 nemine
1558 717 1862 807 postulante
1884 714 1975 807 iu-

397 806 777 895 rat.Quodque
812 820 1029 891 gravius
1052 825 1156 884 est,
1208 814 1399 884 singuli
1431 811 1517 867 vel
1554 825 1649 880 pro
1677 823 1783 863 uno
1813 806 1976 861 obolo

396 917 596 986 iurant,
627 928 724 983 pro
746 927 905 982 parva
933 926 1012 976 re,
1044 923 1141 977 pro
1165 906 1448 977 iniustitia.
1492 904 1618 958 Haec
1645 915 1797 967 vero,
1850 913 1972 981 cum

395 1007 515 1060 sine
536 1002 770 1073 periurio
809 1002 1023 1072 agitur:
1074 1012 1194 1052 nam
1249 996 1296 1052 si
1349 992 1640 1065 periurium
1679 999 1932 1069 sequatur
1956 1031 1973 1056 ,

399 1096 574 1151 omnia
600 1109 692 1150 sus
718 1094 894 1164 deque
937 1100 1239 1154 vertuntur,
1262 1098 1318 1143 et
1348 1087 1401 1141 in
1428 1099 1591 1141 causa
1616 1092 1740 1139 sunt
1773 1093 1878 1136 tam
1931 1081 1975 1134 is

398 1189 489 1260 qui
510 1188 738 1258 accepit,
763 1201 922 1257 quam
950 1185 996 1239 is
1023 1185 1113 1255 qui
1140 1182 1309 1238 dedit.
1337 1182 1425 1246 At,
1474 1179 1701 1251 inquies,
1731 1175 1973 1247 qumdam

397 1288 664 1350 suntquae
691 1278 1022 1348 ignorantur.
1051 1275 1245 1330 Verum
1273 1272 1388 1328 haec
1417 1272 1462 1327 si
1488 1269 1808 1341 praavidcas,
1841 1265 1974 1321 nihil

398 1385 597 1425 temere
619 1370 781 1425 facies
807 1386 821 1423 :
850 1368 893 1423 si
917 1367 1044 1439 quid
1071 1381 1202 1422 vero
1229 1365 1558 1435 negligenter
1587 1375 1711 1432 agas
1734 1401 1749 1426 ,
1781 1375 1810 1414 a
1835 1358 1974 1428 teip-

395 1476 457 1515 so
486 1473 674 1530 paanas
720 1460 892 1529 exige.
941 1457 1130 1512 Melius
1154 1463 1239 1512 est
1275 1455 1354 1510 sic
1373 1453 1572 1509 damno
1599 1451 1763 1516 affici,
1812 1462 1975 1519 quam

395 1553 503 1606 alio
532 1551 711 1606 modo.
742 1550 840 1606 Dic
859 1549 1002 1605 enim
1024 1548 1173 1614 mihi,
1211 1547 1379 1602 trahis
1399 1545 1704 1617 quempiam
1731 1542 1799 1597 ad
1818 1543 1975 1613 inra-

396 1650 665 1707 mentnm,
702 1640 827 1712 quid
853 1639 1216 1710 etspeetans?
1253 1651 1381 1692 num
1403 1636 1547 1707 quod
1585 1634 1830 1706 peieret?
1868 1631 1976 1688 Sed

397 1734 502 1790 hoc
527 1744 780 1789 extremae
805 1741 888 1788 est
918 1731 1271 1802 insipientim;
1330 1731 1385 1784 in
1433 1737 1594 1799 caput
1645 1736 1795 1781 tuum
1841 1724 1977 1780 ultio

400 1832 683 1880 vertetur:
721 1824 912 1879 melius
937 1832 1055 1878 erat
1084 1821 1339 1893 pecunias
1381 1827 1506 1875 tuas
1546 1818 1723 1887 perire
1746 1856 1764 1885 ,
1812 1829 1972 1886 quam

396 1915 569 1970 illum.
598 1912 706 1970 Cur
746 1916 847 1969 hoc
873 1912 941 1968 ad
967 1912 1223 1968 damnum
1268 1920 1418 1966 tuum
1445 1918 1500 1967 et
1549 1908 1643 1964 Dei
1688 1915 1972 1963 contume-

397 2008 525 2061 liam
554 2006 685 2061 facis
711 2008 734 2060 τ
759 2006 885 2062 Ηωε
931 2006 1108 2060 anima
1159 2005 1285 2060 fera:
1314 2013 1396 2060 est
1421 2011 1477 2057 et
1501 2000 1660 2071 impii
1697 1999 1819 2054 viri.
1866 1997 1972 2054 Sed

392 2114 573 2170 spero,
604 2099 754 2154 illum
787 2114 892 2153 non
921 2097 1284 2168 peieraturum
1309 2108 1453 2151 esse.
1480 2094 1621 2164 Ergo
1641 2092 1802 2147 etiam
1844 2089 1965 2146 sine

391 2194 694 2266 iuramento
717 2191 902 2247 crede.
934 2189 1042 2245 Sed
1088 2188 1238 2243 multi
1275 2196 1421 2254 sunt,
1452 2186 1683 2256 inquies,
1735 2183 1829 2254 qui
1860 2197 1966 2237 non

391 2286 549 2356 iurati
581 2283 830 2340 fraudare
857 2283 1055 2337 audent
1083 2323 1098 2350 ,
1124 2282 1289 2352 iurati
1334 2293 1511 2337 secus.
1543 2278 1797 2347 Teipsum
1828 2276 1973 2331 deci-

392 2377 497 2446 pis,
527 2392 562 2431 e
590 2378 772 2430 homo.
801 2376 903 2442 Qui
931 2374 1092 2429 furari
1117 2383 1171 2430 et
1196 2374 1498 2442 proximum
1523 2369 1723 2425 laedere
1748 2368 1969 2435 didicit,

391 2482 536 2538 serpe
550 2467 910 2538 iuramentum
937 2466 1097 2522 etiam
1128 2463 1490 2529 conculcabit;
1520 2461 1565 2518 si
1592 2469 1767 2516 autem
1794 2459 1974 2530 iurare

394 2567 668 2624 vereatur,
715 2559 888 2612 multo
924 2558 1093 2626 magis
1126 2556 1325 2626 iniuste
1359 2568 1517 2624 agere
1543 2551 1829 2607 verebitur.
1867 2549 1972 2605 Sed

395 2650 593 2705 invitus
621 2649 724 2704 hoc
750 2647 991 2720 patitur?
1019 2649 1160 2719 Ergo
1190 2648 1344 2703 venia
1389 2647 1599 2716 dignus.
1639 2643 1743 2700 Sed
1772 2642 1973 2699 relictis

388 2741 499 2795 illis
524 2740 829 2796 forensibus
848 2739 1187 2810 iuramentis,
1210 2737 1338 2808 quid
1360 2736 1428 2792 dc
1443 2737 1590 2791 hisce
1615 2734 1832 2789 dicam?
1863 2733 1972 2787 Illic

391 2834 522 2889 nihil
545 2833 651 2889 tale
669 2833 851 2890 dicere
875 2840 1030 2904 potes
1060 2849 1074 2886 :
1105 2846 1227 2885 nant
1265 2846 1362 2901 pre
1396 2830 1582 2885 decem
1618 2827 1790 2883 ebolis
1820 2826 1971 2896 iura-

389 2936 566 2981 menta
591 2925 722 2980 fiunt
739 2936 793 2980 et
814 2922 1213 2996 periuria.Quia
1235 2920 1378 2975 enim
1400 2919 1596 2974 fulmen
1618 2933 1849 2988 superne
1865 2932 1971 2972 non

390 3018 637 3083 mittitur,
661 3017 782 3086 quia
805 3031 912 3069 non
941 3016 1120 3069 omnia
1142 3012 1541 3077 subvertuntur,
1556 3020 1666 3064 stas
1693 3010 1856 3063 Deum
1877 3009 1973 3062 eb-

389 3108 676 3176 stringcns.
691 3105 804 3172 Qua
830 3104 900 3158 de
923 3103 1107 3158 causa?
1131 3100 1202 3158 Ut
1220 3101 1385 3164 olera,
1408 3100 1694 3154 utcalceos
1720 3097 1968 3168 accipias,

391 3213 491 3270 pro
519 3199 726 3253 modica
748 3196 971 3268 pecunia
998 3196 1051 3250 in
1072 3203 1262 3250 testem
1293 3194 1440 3248 illum
1465 3192 1713 3248 advocas.
1734 3191 1830 3257 Nc,
1848 3191 1970 3262 quia

390 3309 495 3347 non
530 3292 810 3363 plectimur
834 3332 849 3355 ,
880 3298 1128 3359 putemus
1150 3303 1248 3344 nos
1278 3301 1384 3342 non
1413 3301 1635 3358 peccare
1660 3304 1672 3340 :
1700 3288 1801 3341 hoc
1829 3286 1966 3342 divi-

388 3399 474 3439 nae
502 3382 902 3439 misericordiae
929 3389 1012 3436 est
1034 3422 1051 3448 ,
1078 3395 1185 3435 non
1226 3387 1425 3435 nostra:
1455 3379 1687 3433 virtutis.
1720 3378 1846 3433 Jura
1875 3393 1970 3448 per

391 3490 609 3545 puerum
642 3483 791 3527 tuum
823 3491 836 3536 ;
886 3474 1001 3541 iura
1030 3487 1127 3542 per
1157 3474 1384 3542 teipsum
1411 3489 1425 3537 ;
1457 3471 1541 3526 dic
1574 3488 1587 3524 :
1618 3471 1705 3527 Sic
1723 3486 1790 3525 ne
1815 3471 1969 3525 lictor

391 3569 564 3620 adstct
599 3565 858 3619 lateribus
880 3566 1033 3618 meis.
1071 3562 1180 3619 Sed
1210 3564 1385 3618 times.
1410 3561 1686 3618 Lateribus
1707 3576 1835 3631 ergo
1864 3562 1968 3616 tuis

391 3658 548 3711 vilior
576 3667 655 3714 εει
688 3657 846 3722 Deus,
865 3658 929 3710 ἐι
952 3656 1126 3724 capite
1175 3663 1266 3709 tuo
1290 3654 1590 3722 abiectior?
1621 3653 1791 3709 Dicito
1818 3670 1830 3707 :
1878 3652 1969 3709 Sic

390 3763 457 3802 nc
483 3761 741 3801 excaecer.
782 3749 853 3800 At
901 3745 1152 3800 Christus
1185 3744 1258 3798 ita
1286 3744 1443 3800 nobis
1498 3746 1705 3812 parcit,
1738 3752 1796 3798 ιιι
1826 3751 1969 3798 vetet

389 3837 551 3891 etiam
598 3851 694 3905 per
724 3836 999 3904 preprium
1035 3842 1193 3903 caput
1222 3834 1406 3903 iurare
1436 3851 1450 3888 :
1482 3849 1580 3887 nos
1606 3847 1735 3887 vero
1762 3832 1832 3887 ita
1859 3847 1967 3887 non

389 3928 660 3996 parcimus
688 3926 870 3998 gloria:
893 3928 1016 3993 Dei,
1045 3936 1101 3981 ut
1127 3926 1511 3996 ubiqueipsum
1531 3924 1820 3979 trahamus.
1848 3924 1970 3980 Nes-

387 4018 530 4083 citis,
556 4017 680 4088 qnid
701 4018 769 4071 sit
795 4017 953 4082 Deus,
980 4026 1036 4073 et
1063 4031 1169 4087 que
1186 4031 1282 4071 ere
1301 4013 1646 4070 advocandus
1669 4015 1758 4071 sit.
1788 4012 1899 4069 Sed
1922 4015 1967 4070 si

389 4109 462 4165 dc
478 4110 596 4164 viro
630 4110 827 4163 virtute
873 4108 1018 4163 claro
1063 4108 1376 4177 loquamur,
1419 4104 1647 4160 dicimus
1671 4146 1688 4171 ,
1727 4104 1868 4158 Lava
1907 4118 1970 4159 os

391 4210 572 4267 tuum,
603 4211 658 4256 et
681 4200 760 4256 sic
780 4208 1178 4262 commemora;
1213 4212 1355 4254 nunc
1380 4211 1510 4252 vero
1554 4196 1844 4267 pretiosum
1874 4209 1970 4250 no-

390 4309 512 4349 men
538 4336 553 4359 ,
586 4293 726 4365 quod
755 4302 839 4351 est
862 4308 1025 4364 super
1050 4307 1210 4348 omne
1235 4308 1429 4349 nomen
1454 4335 1470 4361 ,
1504 4291 1750 4348 mirabile
1773 4293 1830 4346 in
1852 4289 1970 4344 ιιιιί-

388 4400 540 4439 versa
566 4395 729 4453 terra,
752 4384 896 4455 quod
922 4385 1203 4441 audientes
1231 4384 1505 4440 dmmones
1554 4383 1966 4448 cxhorrescuut,

390 4487 597 4531 temere
623 4478 1114 4533 circumtrahimus.
1824 4476 1829 4479 ⁷

460 4567 513 4620 6.
554 4565 599 4621 0
623 4567 1062 4621 consuetudinem
1086 4570 1099 4621 !
1130 4567 1198 4622 ab
1218 4567 1306 4622 illa
1335 4568 1479 4623 enim
1507 4567 1836 4636 contemptui
1865 4575 1967 4621 est.

392 4662 532 4716 Sane
557 4658 601 4711 si
643 4658 695 4711 in
725 4658 890 4712 sacris
925 4658 1131 4713 aedibus
1155 4658 1316 4713 alicui
1354 4659 1731 4714 necessitatem
1758 4659 1970 4729 iurandi

393 4749 751 4818 imposueris,
785 4749 854 4801 ita
886 4748 1110 4802 allectus
1137 4763 1197 4802 es
1234 4764 1298 4804 ac
1331 4750 1375 4803 si
1405 4749 1730 4804 horrendum
1782 4750 1973 4807 feceris

387 4843 769 4912 ittramentum.
799 4841 958 4911 Atqui
978 4857 1075 4895 cur
1100 4851 1207 4896 tam
1239 4841 1564 4896 horrendum
1590 4842 1799 4898 videtur
1818 4856 1968 4912 esse,

392 4935 497 4989 nisi
518 4934 641 5003 quia
671 4933 762 4989 illo
776 4933 988 5004 quidem
1014 4934 1166 4990 facile
1188 4936 1405 5001 utimur,
1436 4934 1541 4991 hoc
1562 4950 1688 4992 vero
1712 4937 1974 4992 minime?

391 5041 571 5082 annon
616 5024 838 5081 horrere
869 5035 1140 5096 oporteret
1178 5042 1299 5082 cum
1336 5028 1643 5083 nominatur
1680 5028 1865 5085 Deus?
1909 5031 1974 5084 At

394 5119 535 5191 apud
564 5117 780 5175 Judrces
809 5118 883 5173 ita
914 5120 1281 5176 venerandum
1300 5131 1416 5178 erat
1442 5128 1637 5178 nomen
1663 5122 1802 5193 eius,
1828 5135 1884 5178 ut
1919 5123 1971 5179 in

393 5213 604 5267 laminis
640 5211 1037 5268 describeretur
1068 5211 1257 5284 (Exod.
1290 5214 1378 5268 39.
1415 5211 1545 5283 29),
1574 5222 1629 5268 et
1673 5214 1869 5269 nemini
1911 5213 1978 5268 li-

392 5314 542 5361 ceret
569 5304 751 5360 literas
775 5304 905 5360 istas
939 5304 1077 5359 ferre
1098 5345 1114 5371 ,
1146 5305 1246 5359 nisi
1286 5304 1388 5360 soli
1418 5320 1629 5360 summe
1667 5305 1928 5361 sacerdoti
1955 5323 1970 5371 ;

395 5411 537 5451 nunc
573 5407 751 5451 autem
785 5407 889 5451 tam
933 5396 1087 5452 facile
1124 5411 1318 5452 nomen
1363 5397 1479 5468 eius
1525 5396 1971 5454 circumferimus.

394 5490 452 5545 Si
479 5489 791 5561 simpliciter
812 5490 1091 5546 nominare
1124 5490 1286 5546 Deum
1308 5506 1416 5547 non
1445 5491 1694 5548 omnibus
1717 5492 1793 5548 las
1821 5501 1970 5560 erat;

397 5583 571 5648 ipsum
610 5581 663 5634 in
704 5590 895 5637 testem
920 5597 1112 5639 vocare
1136 5624 1153 5652 ,
1185 5592 1400 5654 quanta:
1427 5584 1667 5642 audacia:
1693 5627 1708 5652 ,
1743 5598 1929 5656 quasso
1954 5627 1971 5651 ,

395 5674 581 5747 quanti
623 5672 820 5733 furoris
849 5679 967 5738 est!
1013 5680 1068 5737 Si
1114 5681 1256 5736 enim
1298 5681 1477 5753 potius
1515 5680 1693 5739 omnia
1741 5679 1974 5750 abiiccre

2082 360 2379 422 oporteret,
2402 370 2582 411 annon
2604 357 2834 415 libenter
2861 359 3165 430 relinquere
3194 373 3289 429 par
3309 360 3496 414 esset?
3526 359 3665 416 Ecce

2080 440 2222 512 dice,
2246 454 2299 499 et
2327 446 2586 503 testificor
2608 465 2622 502 :
2648 449 2942 506 Emendate
2956 449 3256 520 iuramenta
3285 450 3374 505 illa
3396 451 3661 513 forensia;

2082 547 2191 588 non
2235 534 2670 606 obtemperantes
2713 550 2890 595 autem
2927 555 3116 596 omnes
3160 542 3228 597 ad
3264 557 3350 597 me
3388 542 3659 599 adducite.

2083 622 2224 681 Ecce
2248 625 2399 682 vobis
2425 629 2782 697 praesentibus
2816 631 3024 701 impero
3063 632 3163 699 iis,
3194 632 3287 703 qui
3314 632 3381 688 ad
3418 633 3662 690 ministe—

2081 713 2219 776 rium
2246 725 2371 772 sunt
2394 717 2651 774 domuum
2673 721 2952 790 orationis,
2992 722 3180 779 horter
3204 732 3259 780 et
3284 725 3437 780 edico
3456 767 3471 792 ,
3502 730 3657 782 nemi-

2082 805 2138 860 ni
2160 807 2324 865 licere
2345 818 2545 866 temere
2563 811 2780 881 iurare;
2811 815 2918 869 imo
2943 831 3116 888 neque
3143 817 3250 872 alio
3270 820 3459 889 quovis
3480 818 3658 875 modo.

2080 897 2161 953 Ad
2193 914 2278 955 me
2301 914 2431 971 ergo
2457 901 2686 958 ducatur
2712 945 2726 968 ,
2758 906 2999 976 quisquis
3023 907 3130 973 sit,
3160 909 3282 978 quia
3324 908 3443 965 hazc
3483 912 3663 967 omnia

2079 981 2145 1035 ad
2186 995 2286 1036 nos
2313 998 2483 1054 usque
2505 984 2705 1042 deferri
2730 997 2980 1059 oportet,
3027 1005 3091 1047 ac
3117 991 3163 1046 si
3195 994 3400 1063 pueruli
3444 997 3658 1056 essetis.

2080 1072 2245 1127 Absit
2263 1081 2331 1128 ιιι·
2363 1073 2444 1130 ita-
2477 1091 2565 1132 res
2590 1077 2679 1133 sit.
2710 1079 2892 1135 Pudor
2910 1082 3053 1137 enim
3076 1092 3160 1137 est
3181 1123 3197 1147 ,
3228 1082 3275 1138 si
3298 1084 3474 1141 adhuc
3498 1085 3663 1141 disci-

2079 1162 2222 1231 plina
2251 1166 2476 1235 egeatis.
2525 1167 2662 1223 Num
2707 1185 2916 1226 sacram
2961 1187 3203 1229 mensam
3233 1183 3469 1247 tangere
3496 1178 3661 1234 audes

2078 1257 2480 1315 non-initiatus?
2503 1259 2607 1317 Sed
2634 1262 2774 1333 quod
2797 1264 2945 1335 peius
2968 1273 3070 1333 est,
3104 1274 3157 1321 tu
3187 1267 3424 1323 initiatus
3452 1283 3657 1324 sacram

2078 1364 2323 1407 mensam
2345 1362 2564 1423 tangere
2596 1355 2784 1423 audes,
2817 1373 2975 1427 quam
3005 1373 3107 1414 nec
3132 1361 3378 1418 omnibus
3407 1364 3657 1417 sacerdo-

2081 1441 2468 1514 tibustangere
2491 1445 2615 1501 licet
2638 1486 2653 1511 ,
2684 1456 2738 1502 et
2767 1449 2846 1503 sic
2865 1449 3067 1518 iurare.
3098 1449 3165 1505 Et
3193 1459 3248 1506 tu
3272 1451 3485 1523 quidem
3511 1455 3658 1524 pueri

2079 1542 2241 1603 caput
2266 1549 2371 1590 non
2402 1544 2651 1607 tangeres
2673 1552 2946 1609 egressus,
2975 1548 3030 1595 et
3056 1547 3526 1613 mensam-tangis,
3561 1560 3658 1599 ne-

2077 1639 2184 1695 que
2208 1624 2545 1683 exhorrescis
2571 1644 2672 1686 nec
2693 1629 2983 1688 formidas?
3002 1633 3085 1689 Ad
3103 1649 3191 1691 me
3213 1635 3347 1692 tales
3367 1637 3616 1693 adducito
3641 1658 3654 1695 :

2077 1729 2178 1787 ego
2201 1715 2458 1787 iudicium
2488 1718 2654 1775 feram
2680 1761 2696 1788 ,
2725 1729 2780 1776 et
2804 1722 2999 1779 ambos
3023 1724 3321 1795 gaudentes
3361 1730 3654 1784 remittam.

2078 1807 2232 1875 Quod
2258 1810 2535 1866 volueritis
2556 1851 2581 1880 τ
2601 1812 2798 1881 facite;
2838 1815 3010 1887 legem
3043 1832 3308 1887 peno,~ne
3336 1821 3554 1876 omnino
3575 1822 3659 1892 iu-

2077 1909 2246 1955 retur.
2266 1900 2395 1969 Qum
2424 1903 2613 1959 salutis
2635 1919 2762 1975 spes
2778 1907 2856 1963 sic
2882 1907 3039 1965 nobis
3058 1911 3236 1965 omnia
3261 1913 3655 1983 pcssmn‘dautie

2077 1987 2217 2045 bus?
2242 1989 2363 2046 ideo
2387 1994 2727 2064 syngraplne,
2758 1995 2882 2052 ideo
2901 1999 3158 2072 symbolae
3176 2040 3193 2068 ,
3221 2012 3277 2057 ut
3304 2012 3446 2058 tuam
3476 2005 3660 2061 innue-

2077 2080 2158 2135 les
2176 2082 2408 2138 animant
2434 2084 2459 2138 ?
2483 2086 2611 2156 quid
2642 2096 2845 2143 tantum
2869 2090 3123 2161 lucraris,
3146 2104 3407 2164 quantum
3433 2098 3611 2167 perdis
3634 2099 3664 2154 ἲ

2078 2173 2385 2243 Peieravit?
2428 2177 2711 2234 Perdidisti
2749 2191 2804 2236 et
2854 2183 3003 2238 illum
3032 2194 3088 2240 et
3116 2186 3363 2257 teipsum.
3406 2189 3513 2246 Sed
3552 2207 3656 2246 non

2078 2266 2338 2336 peieravit
2356 2268 2380 2322 ?
2400 2268 2578 2324 Etiam
2612 2271 2689 2325 sic
2722 2271 3021 2342 perdidisti,
3050 2276 3138 2346 qui
3161 2281 3401 2349 coegeris
3423 2294 3654 2351 pracep-

2078 2364 2189 2411 tum
2211 2360 2528 2430 transgredi.
2559 2361 2711 2418 Hunc
2736 2365 2985 2421 morbum
3006 2367 3073 2424 ab
3089 2370 3267 2425 anima
3289 2372 3655 2441 cxpellamus;

2078 2446 2291 2503 interim
2327 2464 2357 2503 a
2397 2450 2513 2506 fere
2542 2451 2689 2507 illum
2717 2453 2995 2524 eiiciamus
3018 2498 3034 2524 ,
3064 2473 3095 2513 a
3127 2459 3363 2518 tabernis
3386 2474 3654 2519 mercato—

2076 2553 2218 2607 rum,
2243 2548 2298 2596 et
2318 2554 2349 2595 a
2370 2540 2594 2612 reliquis
2613 2542 2842 2602 officinis
2868 2563 2880 2600 :
2911 2548 3084 2619 maior
3103 2551 3257 2606 nobis
3287 2552 3410 2607 hinc
3436 2568 3659 2624 proven-

2079 2641 2164 2686 tus
2186 2632 2310 2687 erit.
2339 2631 2417 2688 Nc
2447 2634 2646 2704 putetis
2685 2650 2783 2707 per
2830 2642 3312 2711 transgressionem
3353 2642 3654 2702 divinarum

2078 2724 2252 2795 legum
2295 2741 2383 2782 res
2428 2728 2589 2799 huius
2625 2731 2748 2787 vita:
2788 2741 2935 2788 reete
2968 2733 3144 2804 dirigi.
3178 2737 3250 2791 At
3297 2752 3401 2791 non
3442 2738 3652 2808 credit,

2075 2817 2304 2888 inquies.
2336 2818 2469 2875 Nam
2492 2821 2596 2878 hoc
2621 2837 2722 2895 ego
2742 2823 2810 2880 ab
2832 2825 3099 2895 aliquibus
3118 2827 3299 2883 audivi
3330 2845 3344 2881 :
3375 2827 3486 2884 Nisi
3510 2829 3656 2886 mille

2072 2909 2372 2980 iuramenta
2400 2911 2690 2983 proferam,
2722 2931 2829 2971 non
2857 2917 3060 2972 credet.
3086 2918 3163 2973 Tu
3196 2919 3250 2974 in
3276 2934 3434 2975 causa
3452 2935 3532 2988 es,
3564 2923 3653 2992 qui

2078 3011 2185 3056 tam
2214 3001 2381 3059 facile.
2388 3004 2541 3075 iuras
2564 3023 2578 3059 :
2613 3020 2739 3061 nam
2761 3008 2807 3061 si
2833 3006 2936 3064 hoc
2963 3022 3072 3065 neu
3091 3018 3255 3079 esset,
3286 3011 3382 3068 sed
3403 3011 3652 3070 omnibus

2076 3103 2258 3150 notum
2280 3105 2425 3153 esset
2450 3106 2503 3154 te
2532 3115 2818 3172 numquam
2837 3103 3051 3173 iurare,
3075 3104 3238 3161 crede
3262 3105 3390 3160 mihi
3412 3105 3608 3164 dicenti
3632 3149 3648 3174 ,

2073 3187 2158 3242 vel
2185 3187 2424 3244 innuenti
2455 3190 2546 3245 tibi
2576 3195 2743 3264 magis
2765 3196 3091 3263 crederetur,
3123 3214 3279 3268 quam
3304 3199 3370 3254 iis
3393 3201 3482 3270 qui
3505 3201 3651 3256 mille

2066 3279 2366 3350 iuramenta
2395 3283 2673 3341 devorant.
2695 3287 2826 3342 Nam
2848 3290 2956 3357 cui,
2981 3305 3181 3360 quasso,
3214 3293 3379 3362 magis
3406 3293 3656 3362 creditis,

2074 3371 2202 3425 mihi
2229 3388 2335 3427 non
2360 3374 2598 3444 iuranti,
2627 3391 2693 3432 an
2715 3377 3066 3448 iurantibus?
3091 3381 3196 3437 Sed
3227 3392 3303 3447 tu,
3339 3384 3568 3454 inquies,
3590 3399 3651 3440 es

2073 3461 2321 3532 princeps
2348 3473 2404 3519 et
2430 3466 2760 3537 episcOpus?
2787 3468 2922 3536 Quid
2952 3470 3110 3541 igitur
3133 3512 3146 3533 .
3178 3472 3221 3525 si
3251 3474 3539 3531 ostendero
3563 3489 3651 3530 me

2072 3569 2178 3609 non
2206 3555 2307 3611 hoc
2334 3558 2506 3612 solum
2533 3574 2652 3614 esse
2675 3561 2698 3614 ?
2723 3559 2854 3616 Cum
2885 3563 3112 3620 veritate
3134 3605 3150 3629 ,
3178 3581 3359 3636 qumso
3387 3607 3402 3633 ,
3437 3582 3650 3637 respen.

2070 3648 2193 3705 detc
2211 3650 2342 3707 mihi
2367 3669 2381 3706 :
2410 3652 2457 3708 si
2486 3653 2793 3725 frequenter
2816 3664 2872 3712 et
2894 3670 3106 3726 seraper
3125 3659 3362 3728 iurarem
3386 3703 3400 3727 ,
3426 3675 3491 3715 an
3524 3676 3648 3731 pro-

2070 3743 2250 3800 desset
2295 3745 2423 3800 mihi
2463 3746 3097 3817 principatus?Minime.
3128 3750 3319 3808 Viden‘
3357 3768 3461 3808 non
3502 3754 3645 3808 illam

2072 3850 2432 3894 esse‘causam
2453 3839 2478 3893 ἓ
2500 3839 2636 3906 Quid
2664 3840 2823 3911 igitur
2847 3881 2861 3906 ,
2889 3856 3071 3912 qumso
3092 3881 3108 3909 ,
3152 3842 3421 3899 lucraris?
3454 3845 3649 3900 Paul’us

2071 3931 2340 3986 esuriebat
2368 3948 2381 3984 :
2412 3940 2468 3986 et
2509 3942 2569 3986 tu
2602 3934 2809 3988 esurire
2853 3936 3030 4005 potius
3061 3937 3262 4007 eligas,
3293 3954 3453 4008 quam
3477 3948 3648 3995 trans—

2071 4021 2221 4089 gredi
2250 4021 2495 4091 quzcdam
2521 4037 2589 4077 ex
2618 4023 2825 4079 divinis
2850 4026 3131 4082 mandatis.
3162 4028 3268 4084 Cur
3306 4045 3436 4099 ergo
3475 4032 3649 4086 incre-

2073 4111 2356 4166 duluscs?
2385 4112 2461 4166 'l‘u
2490 4128 2619 4185 ergo
2647 4114 2777 4168 nihil
2808 4131 2913 4170 non
2946 4132 3093 4187 ages,
3126 4127 3181 4174 et
3211 4121 3430 4190 patieris
3454 4164 3468 4187 ,
3502 4132 3557 4177 ut
3583 4140 3650 4179 ne

2074 4221 2324 4275 umquam
2348 4206 2533 4275 iures;
2562 4215 2619 4261 at
2652 4208 2740 4263 ille
2763 4217 2815 4263 te
2845 4224 2948 4264 non
2977 4213 3337 4266 remunerabit
3358 4214 3381 4267 ?
3405 4215 3561 4283 Atqui
3595 4227 3650 4270 ct

2075 4298 2317 4369 periuros
2338 4307 2393 4353 et
2413 4299 2731 4368 iuramentis
2757 4312 3000 4358 assuetos
3022 4304 3258 4372 qumidie
3284 4305 3418 4371 alit;
3450 4315 3500 4361 te
3522 4323 3652 4361 γει-υ

2074 4389 2199 4445 fami
2229 4389 2439 4456 tradet,
2470 4391 2593 4460 quia
2635 4390 2781 4446 illum
2809 4392 3048 4448 audisti?
3090 4392 3293 4450 Omnes
3322 4395 3539 4451 videant
3576 4412 3645 4450 cx

2076 4482 2140 4537 iis
2159 4523 2176 4547 ,
2203 4483 2291 4556 qui
2324 4482 2379 4537 in
2408 4481 2507 4538 hac
2530 4482 2754 4539 ecclesia
2782 4494 3202 4556 congregantur,
3233 4486 3507 4540 neminem
3530 4501 3651 4541 esse

2075 4576 2164 4645 qui
2189 4575 2335 4645 iuret
2359 4592 2375 4642 ;
2400 4584 2455 4631 et
2498 4576 2622 4631 hinc
2651 4578 2760 4631 noti
2803 4576 2973 4632 simus
3001 4617 3015 4642 ,
3042 4590 3147 4631 non
3174 4592 3239 4632 ex
3267 4575 3371 4632 fide
3399 4586 3600 4631 tantum
3635 4596 3648 4642 ;

2074 4666 2203 4722 hinc
2227 4681 2256 4721 a
2283 4665 2484 4722 Grmcis
2503 4667 2644 4722 etab
2669 4667 2787 4724 aliis
2817 4668 3064 4723 omnibus
3094 4667 3417 4726 differamus.
3461 4667 3653 4738 Signa-

2077 4760 2253 4814 culum
2277 4758 2601 4829 accipiamus
2626 4758 2694 4814 de
2721 4760 2887 4826 caelis,
2918 4765 2976 4814 ut
3000 4759 3151 4827 quasi
3182 4759 3357 4829 regius
3382 4773 3509 4830 grex
3538 4760 3656 4814 ubi-

2077 4866 2181 4922 que
2200 4864 2553 4921 appareamus
2581 4868 2592 4903 :
2617 4850 2685 4904 ab
2710 4864 2804 4905 ore
2830 4859 2885 4904 et
2912 4864 2940 4901 a
2970 4849 3145 4921 lingua
3175 4864 3483 4918 noscamur,
3515 4849 3655 4905 sicut

2078 4940 2286 4995 barbari
2311 4955 2328 5004 ;
2353 4940 2490 4994 sicut
2531 4939 2565 4995 ii
2591 4940 2679 5009 qui
2716 4940 2899 4996 Grmce
2925 4941 3143 5006 sciunt,
3174 4940 3299 4995 hinc
3337 4955 3369 4995 a
3413 4940 3658 4999 barbaris

2077 5032 2464 5088 disceruamur.
2491 5030 2585 5086 Dic
2605 5032 2745 5086 enim
2771 5032 2922 5097 tnihi,
2946 5031 3090 5087 unde
3113 5032 3221 5085 uoti
3248 5041 3373 5086 sunt
3402 5033 3608 5103 psittaci
3634 5034 3659 5085 ?

2079 5136 2259 5178 nonne
2285 5136 2350 5178 ex
2374 5135 2463 5185 eo,
2495 5120 2635 5189 quod
2664 5131 2931 5191 tamquam
2962 5123 3209 5178 homines
3234 5123 3515 5193 loquantur
3539 5125 3562 5178 ?
3588 5123 3662 5179 Et

2080 5228 2179 5269 nos
2203 5227 2435 5284 quoque,
2461 5212 2600 5267 sicut
2626 5213 2874 5281 apostoli,
2904 5228 2969 5269 ex
2998 5214 3207 5283 loquela
3235 5215 3342 5268 noti
3374 5214 3560 5279 simus,
3591 5230 3657 5268 ex

2079 5321 2146 5361 eo
2174 5304 2313 5375 quod
2360 5313 2417 5358 ut
2444 5304 2613 5375 angeli
2662 5304 2960 5374 loquamur.
3007 5304 3061 5361 Si
3091 5305 3211 5375 quis
3234 5305 3463 5371 dixerit,
3492 5303 3658 5367 Jura‘;

2080 5397 2283 5463 audiat,
2313 5394 2556 5450 Christus
2592 5404 2753 5463 vetat,
2782 5404 2836 5451 et
2867 5411 2972 5451 non
2999 5395 3145 5466 iure.
3178 5395 3291 5451 Hoc
3316 5396 3448 5450 satis
3484 5403 3565 5449 cst
3591 5394 3661 5450 ad

2080 5503 2295 5544 omnem
2316 5487 2667 5544 inducendam
2694 5489 2964 5543 virtutem.
2989 5487 3157 5544 Janua
3178 5487 3421 5558 quaedam
3446 5495 3527 5542 est
3549 5487 3660 5554 pie-

2083 5582 2224 5645 tatis,
2254 5581 2338 5636 via
2367 5580 2434 5637 ad
2460 5579 2850 5653 philosophiam
2875 5579 3136 5652 (pietatis)
3160 5579 3439 5644 inducens,
3470 5579 3657 5647 palzes-

2085 5686 2166 5734 tra
2192 5677 2452 5749 quaedam.
2484 5674 2608 5733 ι-ιωρ
2634 5673 3023 5743 custodiamus,
3061 5684 3114 5731 ut
3145 5674 3426 5748 praesentia
3452 5669 3666 5730 etfttttr-
