4010 6158
291 315 359 372 82':
1232 319 1299 375 IN
1336 322 1519 378 ACTA
1560 314 2095 377 APOSTCLOBUM.
2133 318 2367 380 HOMIL.
2410 322 2501 378 IX.
3468 325 3542 381 δι

291 430 474 494 ἀνοίας
493 429 743 501 ἐσχάτης·
771 432 862 486 ἐπὶ
884 431 981 504 τὴν
1010 433 1105 505 σὴν
1128 434 1234 507 γὰρ
1262 415 1506 507 κεφαλὴν
1539 436 1711 509 ήδίκη
1739 451 1870 508 τρα-

293 522 543 593 πήσεται·
578 522 789 594 βέλτιόν
820 541 879 579 σε
906 527 973 580 τά
991 529 1249 599 χρήματα
1289 529 1629 602 ἀπολέσαι,ἢ
1664 532 1870 584 ἐκεῖνον

294 613 712 671 ἀπόλλυσθαι.Τί
729 617 871 688 μετά
883 618 982 688 τῆς
1016 620 1115 690 σῆς
1137 620 1340 692 ζημίας
1361 621 1520 675 τοῦτο
1540 624 1730 687 ποιεῖς,
1747 620 1864 694 [78]

294 706 386 760 καὶ
423 706 562 777 μετά
582 708 680 780 τῆς
713 708 923 779 ὕϐρεως
954 710 1048 764 τοῦ
1065 712 1200 766 Θεοῦ
1225 729 1240 778 ;
1267 713 1466 785 Θηρίου
1498 712 1681 785 αὖτηὴ
1700 712 1866 785 ψυχὴ,

1977 432 2286 505 μανθάνειν.
2313 437 2405 509 Μὴ
2426 438 2705 509 τραπέζης
2725 440 2769 491 ίε
2778 440 2875 509 ρᾶς
2899 438 3138 509 ἀψασθαι
3153 438 3354 511 τολμᾷς
3369 435 3548 509 ἀμύη-

1971 537 2064 587 τος
2080 522 2193 596 [79]
2206 524 2282 579 ὢν
2296 538 2315 592 ;'
2344 526 2506 579 Ἀλλά
2524 526 2588 578 τὸ
2617 527 2699 580 ἐτι
2715 528 2916 598 χεῖρον,
2940 526 3006 580 σὺ
3040 528 3069 579 ὀ
3088 525 3435 597 μεμυημένος
3448 516 3550 595 τῆς

1974 614 2017 666 ίε
2027 616 2125 685 ρᾶς
2146 614 2381 685 ἅψασθαι
2410 616 2689 689 τραπέζης
2711 617 2936 689 τολμᾷς,
2960 612 3167 689 ἦςούδὲ
3191 619 3356 670 πᾶσιν
3372 613 3548 686 ἱερεῦ-

1975 721 2061 758 σιν
2100 706 2336 777 ἅψασθαι
2372 707 2550 779 Θέμις,
2583 708 2678 762 καὶ
2700 706 2872 772 οὕτως
2911 706 3159 778 ὀμνύναι.
3189 707 3301 760 Καὶ
3333 706 3396 759 σὺ
3449 703 3549 774 μέν

295 798 382 850 καὶ
413 797 641 862 ἀσεϐοῦς
679 800 892 873 ἀνδρός.
939 801 1099 857 Ἀλλά
1127 803 1426 874 προσδοκῶ,
1451 807 1534 860 ὅτι
1561 807 1662 860 οὐκ
1690 807 1867 877 ἐπιορ-
1967 795 2069 866 τῆς
2094 796 2188 850 τοῦ
2219 798 2409 862 παιδὸς
2429 798 2668 870 κεφαλῆς
2699 799 2799 853 οὒκ
2824 798 2890 854 ἂν
2918 799 3086 869 ἃψαιο
3115 796 3386 863 ἀπελθὼν,
3417 811 3551 867 τροις

295 889 468 959 κήσει.
497 889 706 945 οὐκοῦν
728 893 824 946 καὶ
848 893 1019 964 χωρὶς
1044 894 1207 965 ὅρκου
1240 896 1547 952 πίστευσον.
1596 897 1736 951 Ἀλλ’
1762 896 1871 950 εἰσὶ

295 978 495 1044 πολλοὶ,
548 982 734 1053 φησὶν,
783 982 834 1037 οἳ
856 985 1027 1054 χωρὶς
1050 986 1213 1058 ὅρκου
1243 986 1445 1042 εἵλοντο
1474 988 1868 1060 ἀποστερῆσαι·

296 1070 428 1139 μετά
453 1070 509 1124 δὲ
536 1072 719 1143 ὅρκον,
752 1073 958 1128 οὐκέτι.
1003 1075 1239 1147 ’Δπατᾷς
1292 1079 1535 1143 σεαυτὸν,
1596 1078 1868 1149 ἄνθρωπε.

296 1160 613 1232 Ἀνθρωπος
633 1164 891 1219 κλέπτευν
925 1166 1256 1237 μεμαθηκὼς
1276 1170 1371 1224 καλ⁸
1394 1171 1485 1225 τὸν
1514 1169 1741 1241 πλησίον
1752 1170 1869 1225 ἀδι-

292 1254 424 1319 κεῖν,
448 1254 626 1308 ἕλοιτο
658 1256 726 1310 ἂν
758 1258 851 1311 καὶ
887 1258 1047 1327 ὅρκον
1079 1262 1463 1332 καταπατῆσαι
1500 1261 1783 1326 πολλάκις·
1819 1262 1872 1315 εί

291 1342 344 1394 δὲ
376 1345 507 1414 περὶ
550 1345 646 1399 τοῦ
691 1348 889 1418 ὀμόσαι
941 1349 1287 1422 εὐλαϐηθείη,
1325 1353 1454 1424 περὶ
1501 1354 1563 1407 τὸ
1612 1354 1872 1425 ἀδικῆσαι

290 1433 479 1505 πολλῷ¹
502 1436 719 1507 μᾶλλον.
766 1439 903 1492 Ἀλλ’
927 1440 1074 1495 ἄκων
1101 1442 1233 1497 αὐτὸ
1248 1442 1446 1514 πάσχει
1467 1459 1481 1509 ;
1499 1445 1711 1499 Οὐκοῦν
1736 1461 1871 1515 συγ-

289 1525 518 1598 γνώμης
538 1528 703 1596 ἄξιος.
735 1530 891 1586 Ἀλλά
920 1533 973 1585 τί
1004 1532 1147 1602 λέγω
1165 1536 1290 1607 περὶ
1323 1536 1430 1590 τῶν
1451 1536 1869 1608 ὄρκωντούτων,

283 1619 449 1685 ἀφεὶς
481 1621 603 1683 τοὺς
630 1622 714 1675 ἐπ’
728 1623 967 1696 ἀγορᾶς;
1002 1627 1150 1680 Ἐκεῖ
1178 1626 1286 1697 γὰρ
1307 1629 1457 1682 οὐδὲν
1478 1628 1715 1683 τοιοῦτον
1729 1629 1874 1700 ἔχεις

287 1711 487 1763 εἰπεῖν·
524 1712 662 1783 ὑπὲρ
712 1714 821 1787 γάρ
858 1716 987 1771 δέκα
1017 1718 1220 1773 ὀϐολῶν
1259 1721 1412 1793 ὅρκοι
1472 1722 1711 1791 γίνονται
1777 1721 1872 1776 καὶ

286 1802 585 1873 ἐπιορκίαι.
621 1804 742 1858 Ὀτι
767 1807 876 1878 γὰρ
900 1808 1141 1879 σκηπτὸς
1168 1810 1370 1866 ἀνωθεν
1394 1812 1454 1866 ού
1483 1812 1868 1882 κατέρχεταιο,

289 1892 369 1945 ὅτι
398 1893 505 1964 γὰρ
536 1895 598 1948 ού
627 1896 803 1951 πάντα
835 1898 1218 1971 ἀνατρέπεται,
1252 1902 1486 1974 ἕστηκας
1524 1903 1769 1973 κατέχων
1782 1902 1872 1957 τδν

290 1982 441 2039 Θεόν.
473 1984 539 2038 Τί
559 1984 788 2057 δήποτες
822 1989 940 2044 Ἵνα
964 1990 1171 2062 λάχανα
1200 1993 1392 2065 λάϐῃς,
1418 1996 1504 2049 ἵνα
1524 1994 1868 2065 ὑποδήματα.

292 2076 431 2149 ύπὲρ
459 2078 640 2150 ὀλίγου
697 2083 966 2157 ἀργυρίου
994 2086 1076 2149 είς
1109 2087 1416 2158 μαρτυρίαν
1464 2087 1628 2143 αὐτὸν
1667 2087 1867 2143 καλῶν.

289 2168 378 2240 Μὴ
402 2169 491 2241 δὴ,
511 2171 696 2244 ἐπειδὴ
726 2176 801 2247 μὴ
824 2175 1185 2248 κολαζόμεθά,
1202 2177 1513 2249 νομίσωμεν
1544 2180 1679 2251 μηδὲ
1694 2181 1876 2251 ἀμαρ-

289 2262 488 2317 τάνειν·
509 2265 668 2320 τοῦτο
688 2268 788 2338 τῆς
819 2268 1226 2341 φιλανθρωπίας
1249 2272 1372 2325 ἐστὶ
1392 2272 1486 2325 τοῦ
1498 2270 1656 2339 Θεοῦ,
1685 2272 1745 2326 ού
1771 2272 1874 2342 τῆς

288 2355 564 2428 ἡμετέρας
593 2358 812 2431 ἀρετῆς.
853 2362 1087 2432 Ὀμοσον
1121 2362 1261 2417 κατά
1289 2363 1384 2416 τοῦ
1413 2362 1603 2427 παιδὸς
1630 2363 1725 2418 τοῦ
1753 2361 1871 2428 σοῦ,

278 2447 487 2516 -δμοσον
514 2450 654 2503 κατὰ
684 2451 901 2506 σαυτοῦ·
924 2454 1065 2521 είπέ,
1102 2454 1257 2508 Οὕτω
1293 2455 1368 2528 μὴ
1401 2454 1594 2528 δήμιος
1619 2455 1873 2527 ἐπισταίη

287 2541 407 2602 ταῖς
429 2539 690 2611 πλευραῖς
711 2544 833 2607 ταῖς
862 2543 1040 2615 ἐμαῖς.
1087 2545 1249 2602 Ἀλλά
1277 2546 1536 2610 δέδοικας.
1569 2546 1689 2599 Τῶν
1711 2545 1876 2599 πλευ-

291 2633 400 2703 ρῶν
437 2651 530 2687 σου
561 2629 653 2689 οὖν
673 2635 997 2707 ἀτιμότερος
1024 2639 1053 2691 0
1077 2637 1245 2705 850;;
1269 2638 1367 2708 τῆς
1399 2638 1641 2709 κεφαλῆς
1668 2655 1761 2691 σου
1788 2638 1877 2690 εύ-

288 2725 631 2798 τελέστεροςς
673 2728 830 2793 Εἰπὲ,
866 2727 1022 2783 Οὕτω
1080 2730 1154 2801 μὴ
1211 2729 1475 2802 πηρωθῶ.
1525 2729 1664 2782 Ἀλλ’
1711 2730 1740 2783 0
1781 2727 1878 2800 μὲν

290 2819 523 2889 Χριστὸς
544 2820 716 2885 οὕτως
739 2820 898 2892 ήμῶν
926 2822 1191 2890 φείδεται,
1218 2823 1294 2886 ῶς
1338 2822 1571 2876 κωλύειν
1604 2823 1701 2877 καὶ
1734 2820 1880 2875 κατά

289 2911 389 2982 τῆς
416 2913 626 2976 οἰκείας
648 2913 870 2984 ὀμνύειν
896 2914 1154 2984 κεφαλῆς·
1181 2914 1419 2985 ήμεῖςδέ
1444 2913 1616 2977 οὕτως
1641 2912 1884 2979 ἀφειδοῦ-

291 3020 394 3073 μεν
418 3006 521 3071 τῆς
544 3002 702 3074 δόξης
730 3005 829 3074 τῆς
845 3002 941 3057 τοῦ
955 3003 1114 3067 Θεοῦ,
1130 3003 1207 3067 ῶς
1217 3004 1490 3074 πανταχοῦ
1507 3004 1670 3058 αὐτὸν
1681 3004 1879 3060 ἕλκειν.

284 3095 406 3148 Ούκ
433 3095 553 3147 ῐστε
573 3094 625 3146 τί
673 3096 789 3147 ἐστι
819 3093 974 3159 Θεὸς,
1004 3094 1098 3148 καὶ
1126 3094 1301 3158 ποίοις
1342 3095 1574 3165 στόμασι
1600 3094 1882 3149 καλεῖσθαι

282 3185 521 3253 ὀφείλει.
554 3185 692 3239 Ἀλλ’
717 3185 784 3241 ἂν
817 3186 915 3256 μὲν
938 3186 1064 3259 περί
1097 3204 1238 3251 τινος
1269 3186 1517 3258 λέγωμεν
1544 3187 1734 3257 ἀνδρὸς
1761 3187 1882 3240 ἐνα-

288 3275 474 3344 ρέτου,
515 3274 715 3345 φαμὲν,
743 3274 1072 3328 Ἀπόπλυνον
1123 3274 1183 3327 τδ
1228 3274 1400 3345 στόμα
1449 3292 1565 3338 σου,
1590 3275 1684 3328 καὶ
1736 3275 1881 3330 οὕτω

280 3364 586 3437 μνήσθητι·
641 3366 756 3419 νυνὶ
781 3364 838 3418 δὲ
880 3364 941 3418 τὸ
989 3365 1168 3436 τίμιον
1209 3364 1412 3436 ὄνομα,
1471 3365 1533 3419 τὸ
1588 3366 1728 3438 ὑπὲρ
1771 3368 1879 3421 πᾶν

289 3457 480 3528 ὄνομα,
532 3457 594 3511 τὸ
638 3457 947 3529 θαυμαστὸν
998 3459 1058 3514 ἐν
1097 3460 1246 3532 πάσῃ
1277 3462 1344 3531 τῇ
1400 3460 1505 3530 γῇ,
1559 3458 1588 3513 0
1630 3459 1881 3531 δαίμονες

292 3548 580 3625 ἇτκούοντες
608 3550 949 3622 φρίττουσιν,
970 3552 1157 3616 ἅπλῶς
1180 3551 1570 3626 περισύρομεν.

361 3648 437 3707 ς’.
472 3642 539 3695 Ὠ
565 3644 662 3713 τῆς
697 3643 1020 3713 συνηθείαςί
1057 3646 1164 3699 ἀπὸ
1210 3645 1321 3716 γὰρ
1365 3644 1570 3715 ταύτης
1598 3644 1819 3713 γέγονεν
1850 3644 1879 3684 δ

296 3734 537 3802 εὖκαταςρ
545 3734 785 3805 ρόνητον.
804 3736 1025 3806 Ἀμέλει
1039 3738 1170 3806 γοῦν
1186 3740 1265 3801 είς
1281 3733 1428 3791 οἷκον
1445 3736 1597 3807 ἆγιον
1609 3736 1673 3790 ἂν
1688 3736 1881 3808 ἐπιθῇς

295 3826 660 3896 τινιάνάγκην
676 3826 892 3895 ὀμόσαι,
928 3826 1004 3891 ὼς
1033 3828 1258 3898 φρικτὸν
1296 3827 1387 3882 τὸν
1437 3827 1599 3897 ὅρκον
1645 3825 1882 3897 ἐργασά-

302 3917 642 3984 μενος,οῦτω
681 3918 972 3972 διάκεισαι·
1019 3920 1196 3973 καίτοι
1243 3919 1408 3973 πόθεν
1453 3918 1598 3973 οὕτω
1655 3918 1882 3990 φρικτὸν

301 4002 431 4062 εἶναι
468 4008 641 4073 δοκεῖ,
674 4008 835 4081 ἀλλ’ἢ
877 4010 959 4063 ὅτι
985 4010 1177 4081 ἐκείνῳ
1204 4010 1305 4081 μὲν
1335 4008 1520 4073 ἁπλῶς
1569 4010 1882 4080 ἀποκεχρή-

304 4098 453 4167 μεθα,
486 4098 661 4169 τούτῳ
699 4098 756 4152 δὲ
789 4098 936 4169 ούχίς
972 4100 1033 4152 οὗ
1062 4100 1169 4170 γὰρ
1216 4099 1421 4171 φρίκην
1469 4098 1577 4152 εδει
1624 4099 1882 4168 γενέσθαι

302 4190 694 4261 ὀνομαζομένου
722 4190 813 4244 τοῦ
831 4190 1001 4258 Θεοῦ;
1050 4191 1191 4244 Ἀλλ’
1226 4192 1319 4244 ἐπὶ
1351 4191 1451 4262 μὲν
1500 4190 1771 4246 Ἰουδαίων
1790 4189 1881 4243 οῦ-

304 4298 401 4343 τως
433 4281 599 4335 αὐτοῦ
634 4281 693 4334 τὸ
722 4281 893 4351 ὅνομα
921 4282 1117 4353 σεμνὸν
1145 4279 1233 4353 ἦν,
1259 4283 1333 4345 ὡς
1363 4284 1422 4335 ἐν
1446 4281 1700 4345 πετάλοις
1743 4281 1881 4352 γρά-

305 4373 518 4437 φεσθαι,
547 4371 640 4427 καί¹
661 4373 849 4445 μηδενὶ
868 4372 939 4426 τὰ
971 4373 1274 4443 γράμματα
1297 4372 1494 4439 ἐξεῖναι
1525 4375 1731 4443 φορεῖν,
1767 4371 1881 4426 ἀλλ’

313 4464 343 4531 ἦ
368 4465 512 4537 μόνῳ
544 4465 622 4537 τῷ
640 4467 909 4537 ἀρχιερεῖ·
938 4465 1059 4517 νυνὶ
1072 4464 1129 4517 δὲ
1160 4464 1236 4526 ὡς
1265 4464 1326 4517 τὸ
1350 4464 1513 4534 τυχδν
1541 4463 1685 4516 οὕτω
1723 4479 1885 4533 περι-

309 4556 539 4626 φέρομεν
555 4558 719 4612 αὐτοῦ
746 4558 806 4611 τὸ
832 4556 1021 4626 ὄνομα.
1040 4556 1102 4610 Et
1126 4556 1312 4619 ἁπλῶς
1333 4555 1619 4626 ὀνομάζειν
1645 4554 1735 4608 τὸν
1750 4555 1884 4608 Θεὸν

308 4649 363 4700 ού
396 4652 564 4704 πᾶσιν
593 4650 808 4719 εὐαγές·
839 4649 900 4703 τὸ
919 4648 1012 4702 καὶ
1047 4647 1140 4701 ἐπὶ
1160 4648 1461 4719 μαρτυρίαν
1490 4646 1652 4703 αὐτὸν
1677 4647 1881 4710 καλεῖν,

310 4742 472 4813 πόσης
486 4742 691 4813 τόλμης
711 4782 726 4802 .
756 4742 879 4796 είπέ
904 4760 1015 4813 μοι,
1039 4740 1215 4811 πόσης
1237 4740 1434 4812 μανίας
1453 4758 1467 4806 ;
1495 4742 1558 4795 El
1581 4739 1689 4812 γὰρ
1708 4740 1885 4794 πάντα

312 4832 454 4901 ῥίψαι
485 4834 681 4904 ἐχρῆν,
741 4834 840 4887 ούκ
873 4832 980 4888 ἔδει
1012 4832 1311 4904 προθύμως
1355 4834 1494 4905 ἐᾷν;
1559 4833 1689 4888 ’ἰδοὺ
1742 4832 1884 4901 λέγω

312 4926 396 4979 καὶ
426 4924 890 4998 διαμαρτύρομαι,
922 4924 1322 4999 Κατορθὼσατε
1349 4926 1572 4989 τούτους
1610 4927 1736 4988 τοὺς
1789 4924 1884 4978 ἐπὶ

310 5018 397 5086 τῆς
424 5019 631 5090 ἀγορᾶς
659 5019 876 5089 ὅρκους,
906 5019 1032 5082 τοὺς
1055 5019 1111 5073 δὲ
1154 5017 1227 5091 μὴ
1262 5018 1646 5091 πειθομένους,
1674 5018 1884 5082 πάντας

312 5107 424 5176 ἐμοὶ
451 5110 711 5177 ἀγάγετε.
750 5108 881 5162 Ἰδοὺ
916 5111 1198 5182 παρόντων
1231 5110 1386 5182 ὑμῶν
1419 5111 1741 5175 ἐπισκήπτω
1768 5110 1880 5173 τοῖς

317 5200 437 5269 πρὸς
460 5200 764 5271 ὑπηρεσίαν
798 5201 1201 5271 ἀφωρισμένοις
1223 5202 1329 5255 τῶν
1356 5201 1519 5255 οἴκων
1541 5199 1651 5255 τῶν
1689 5196 1883 5271 εὐκτη·

315 5291 456 5357 ρὲων,
504 5291 600 5347 καὶ
660 5290 908 5364 παραινῶ
951 5290 1044 5344 καὶ
1071 5291 1392 5363 παρεγγυῶ,
1430 5292 1619 5363 μηδενὶ
1654 5290 1883 5361 ὀμνύναι

313 5381 489 5448 ἁπλῶς
509 5384 726 5450 ἐξεῖναι·
764 5384 963 5456 μᾶλλον
985 5383 1041 5438 δὲ
1083 5383 1217 5454 μηδὲ
1241 5383 1461 5455 ἑτέρως.
1491 5383 1635 5454 1190;
1660 5384 1761 5455 ὲμέ
1791 5378 1886 5438 οὖν

317 5474 523 5541 ἀγέσθω
543 5478 693 5541 ὅστις
722 5476 789 5531 ἂν
811 5472 869 5549 ᾖ,
922 5475 1108 5546 ἐπειδὴ
1148 5474 1245 5529 καὶ
1292 5475 1465 5529 ταῦτα
1506 5476 1699 5547 μέχρις
1728 5476 1885 5547 ἡμῶν

318 5566 562 5637 ἔρχεσθαι
591 5570 691 5630 δεῖ.
725 5568 979 5639 καθάπερ
1016 5568 1112 5621 ἐπὶ
1145 5566 1350 5620 παίδων
1378 5566 1609 5638 μικρῶν.
1662 5568 1754 5639 Μὴ
1796 5568 1888 5638 γέ-

319 5673 475 5715 νοιτο.
529 5660 769 5731 Αίσχύνη
811 5661 919 5731 γάρ
974 5661 1123 5714 ἐστιν
1171 5657 1314 5730 ὑπέρ
1345 5674 1507 5712 τινων
1538 5657 1619 5712 ἐτι
1676 5658 1890 5716 δέεσθαι

388 5894 415 5956 ξ
440 5893 532 5956 ᾹΙίΑΙ
557 5894 646 5942 οὐκ
690 5893 891 5956 ἔρχεται.

392 5954 418 5993 δ
443 5953 540 6004 Alii
558 5956 654 6005 ἀπὸ
681 5953 848 6005 τούτου
871 5956 1070 6015 γέγονεν,
1097 5955 1256 6003 mium
1282 5958 1437 6003 recte.

1970 886 2144 958 πέζης
2169 888 2227 941 δὲ
2257 890 2424 962 ἅπτῃ.
2468 891 2561 946 καὶ
2592 891 2653 945 ού
2678 890 2922 963 φρίττεις
2947 888 3068 943 ούδέ
3094 887 3368 953 δέδοικαςς
3403 886 3548 957 Πρὸς

1970 977 2072 1048 ἐμὲ
2101 980 2227 1043 τοὺς
2254 980 2529 1046 τοιούτους
2560 981 2683 1051 ἆγε·
2726 980 2839 1050 ἐγὼ
2861 979 3087 1046 δικάσω,
3122 977 3217 1032 καλ
3262 976 3552 1047 χαίροντας

1971 1068 2264 1142 ἑκατέρους
2292 1073 2625 1145 ἀποπέμψω.
2655 1074 2721 1128 Ὃ
2774 1071 3050 1143 βούλεσθε,
3098 1071 3303 1124 ποιεῖτε
3330 1086 3345 1100 ·
3387 1067 3552 1136 νόμον

1970 1159 2164 1231 τίθημι
2211 1164 2344 1233 μηδὲ
2381 1165 2517 1227 ὅλως
2562 1164 2813 1236 ὀμνύναι.
2865 1163 3003 1217 Ποία
3045 1160 3319 1232 σωτηρίας
3374 1158 3550 1223 ἐλπὶς.

1970 1250 2144 1315 οὕτως
2158 1254 2191 1323 ἡ
2199 1254 2314 1323 μῶν
2332 1256 2510 1309 πάντα
2527 1254 2855 1321 κενούντωνς
2884 1253 2974 1307 διὰ
2995 1252 3154 1307 τοῦτο
3173 1252 3550 1324 γραμματεῖα,

1970 1344 2059 1399 διὰ
2095 1345 2256 1399 τοῦτο
2280 1346 2605 1417 συμϐόλαια,
2635 1347 2722 1400 ἵνα
2749 1345 3063 1417 καταθύσῃς
3094 1345 3192 1415 τὴν
3223 1344 3421 1399 σαυτοῦ
3444 1342 3551 1412 ψυ-

1972 1436 2105 1506 χήν;
2130 1435 2184 1489 τί
2213 1435 2464 1490 τοσοῦτον
2486 1437 2806 1508 κερδαίνεις,
2823 1440 2943 1492 ὅσον
2961 1436 3281 1503 ἀπολλύεις;
3319 1433 3552 1505 Ἐπτώρ-

1973 1543 2182 1599 κησενς
2226 1528 2537 1593 Ἀπὼλεσας
2573 1530 2823 1583 κάκεῖνον
2875 1530 2970 1584 καὶ
3034 1529 3248 1583 σαυτόν.
3293 1526 3431 1581 Ἀλλ’
3453 1526 3554 1580 οὐκ

1973 1617 2318 1691 ἐπιώρκησε;
2353 1621 2460 1674 Καὶ
2480 1618 2654 1684 οὕτως
2673 1618 2981 1684 ἀπώλεσας,
3002 1619 3317 1693 παραϐῆναι
3340 1617 3441 1689 τὴν
3466 1617 3555 1669 ἐν-

1972 1709 2132 1782 τολὴν
2171 1710 2507 1780 ἀναγκάσας.
2550 1711 2925 1782 Ἐξελάσωμεν
2948 1711 3104 1764 τοῦτο
3131 1710 3191 1764 τδ
3205 1711 3417 1780 νόσημα
3445 1706 3555 1761 ἀπὸ

1973 1802 2073 1871 τῆς
2097 1801 2297 1874 ψυχῆς·
2320 1802 2457 1866 τέως
2486 1800 2594 1858 ἀπδ
2617 1805 2716 1875 τῆς
2755 1805 2958 1875 ἀγορᾶς
2980 1803 3110 1860 αὐτὸ
3130 1801 3428 1873 διώξωμεν,
3447 1797 3557 1854 ἀπδ

1973 1893 2083 1947 τῶν
2107 1894 2546 1958 παντοπωλείων,
2575 1896 2684 1949 άπὸ
2722 1896 2831 1950 τῶν
2862 1895 3069 1950 λοιπῶν
3132 1892 3512 1966 ἐργαστηρίων
3537 1907 3552 1923 ·

1978 1986 2177 2057 μείζων
2204 1987 2234 2040 0
2257 1987 2420 2058 πόρος
2436 1988 2566 2058 ἡμῖν
2581 1988 2756 2043 ἐσται.
2783 1988 2876 2061 Μὴ
2901 1988 3162 2060 νομίσητε
3195 1987 3281 2041 διὰ
3314 1987 3423 2041 τῶν
3445 2002 3557 2040 πα-

1976 2076 2260 2148 ραϐάσεων
2286 2078 2396 2131 τῶν
2416 2076 2575 2134 θείων
2601 2079 2782 2150 νόμων
2802 2078 2873 2133 τὰ
2890 2079 3121 2150 βιωτικά
3138 2076 3556 2150 κατορθοῦσθαι.

1987 2169 2125 2222 Ἀλλ’
2155 2170 2218 2223 ού
2239 2172 2507 2235 πιστεύει,
2534 2171 2688 2242 φησί.
2715 2172 2826 2226 Καὶ
2849 2172 3064 2244 γὰρκαὶ
3091 2169 3250 2225 τοῦτό
3269 2186 3400 2223 ποτε
3428 2167 3557 2239 παρ’

1976 2263 2136 2318 ἐνίων
2159 2264 2390 2334 ἥκουσα,
2422 2264 2503 2318 δτι
2534 2265 2631 2317 Ἂν
2666 2266 2742 2335 μὴ
2774 2263 2960 2335 ὀμόσω
2991 2261 3218 2334 μυρίους
3247 2262 3462 2332 ὅρκους,
3496 2258 3561 2312 ού

1978 2356 2245 2410 πιστεύει.
2274 2357 2346 2409 Σὺ
2384 2356 2590 2410 τούτων
2623 2357 2793 2420 αῐτιος
2821 2358 2850 2410 0
2887 2354 3191 2427 προχείρως
3219 2351 3409 2424 ὀμνύς·
3438 2350 3562 2405 ἐπεὶ

1978 2443 2024 2496 εί
2048 2442 2121 2513 μὴ
2146 2441 2305 2495 τοῦτο
2324 2438 2414 2513 ἦν,
2454 2442 2591 2499 ἀλλὰ
2613 2445 2780 2499 πᾶσιν
2799 2439 2867 2515 ἥν
2885 2444 3067 2512 δῆλον,
3098 2444 3181 2497 ὅτι
3205 2441 3562 2513 ούκόμνύεις,

1979 2532 2200 2586 πίστευέ
2243 2552 2331 2605 μοι
2360 2534 2590 2603 λέγοντι,
2628 2536 2711 2590 ὅτι
2749 2536 2858 2589 τῶν
2900 2534 3127 2607 μυρίους
3164 2533 3562 2589 κατεσθιόντων

1977 2624 2175 2695 ὅρκους
2210 2626 2407 2695 μᾶλλον
2428 2625 2493 2680 ἂν
2520 2625 2845 2696 ἐπιστεύθης
2875 2626 3165 2688 ἐπινεύσας
3210 2626 3390 2697 μόνον.
3426 2625 3562 2679 Ἰδοὺ

1980 2715 2109 2786 γὰρ,
2145 2716 2265 2769 είπέ
2296 2733 2407 2785 μοι,
2444 2717 2550 2769 τίνι
2588 2719 2696 2787 ἄρα
2746 2716 2945 2787 μᾶλλον
2982 2716 3288 2781 πιστεύετε,
3316 2714 3440 2786 ἐμοὶ
3484 2713 3565 2785 τῷ

1986 2804 2063 2875 μὴ
2095 2805 2383 2875 ὀμνύοντι,
2423 2805 2457 2875 ἢ
2497 2808 2607 2867 τοῖς
2648 2804 2979 2874 ὀμνύουσιν;
3025 2805 3186 2858 Ἀλλὰ
3226 2806 3290 2858 σὺ
3320 2845 3336 2867 ,
3377 2803 3565 2876 φησὶν,

1983 2896 2167 2966 ἄρχων
2194 2891 2248 2949 εἰ
2267 2895 2363 2949 καὶ
2391 2896 2723 2963 ἐπίσκοπος;
2760 2896 2825 2950 Τί
2848 2890 2960 2960 οὖν,
3002 2896 3069 2950 ἂν
3116 2896 3273 2962 δείξω
3315 2906 3364 2960 θ,
3390 2896 3474 2950 ὀτι
3503 2897 3564 2950 ού
3646 2906 3657 2915 ·

1983 2984 2146 3039 τοῦτο
2179 2986 2370 3057 μόνονς
2393 2986 2545 3042 Μετά
2564 2985 2823 3057 ἀληθείας
2843 2986 3210 3058 ἀποκρίνασθέ
3247 3004 3359 3058 μοι,
3385 3003 3567 3057 παρα-

1983 3074 2153 3139 καλῶ,
2218 3077 2269 3129 εί
2308 3078 2546 3148 συνεχῶς
2574 3075 2789 3147 ὤμνυον
2841 3078 2935 3131 καὶ
2982 3077 3296 3143 διαπαντὸς,
3345 3074 3454 3150 ἆρα
3500 3078 3568 3134 ἂν

1983 3166 2223 3237 προέστη
2266 3169 2433 3239 μουή
2474 3169 2650 3239 ἀρχή;
2690 3168 2976 3239 Οὐδαμῶς.
3017 3169 3200 3241 Ὁρᾷς,
3248 3170 3331 3224 ὅτι
3364 3171 3426 3224 ού
3478 3171 3569 3226 διὰ

1981 3259 2171 3325 τοῦτο;
2216 3258 2355 3313 Τίδέ
2380 3258 2685 3329 κερδαίνεις
2706 3260 2874 3325 ὃλωςς
2921 3260 3043 3314 εἰπέ
3070 3278 3179 3332 μοι.
3218 3263 3431 3327 Παῦλος
3456 3263 3566 3317 ἐλί-

1985 3366 2186 3420 μωττε·
2217 3350 2310 3404 καὶ
2331 3349 2396 3403 σὺ
2436 3350 2560 3404 ἐλοῦ
2593 3351 2784 3421 πεινᾷν
2821 3350 3021 3422 μᾶλλον
3042 3351 3076 3420 ἢ
3105 3352 3415 3421 παραϐῆναί
3443 3369 3567 3406 τινα

1981 3441 2093 3495 τῶν
2129 3441 2357 3496 ἐντολῶν
2390 3440 2484 3496 τοῦ
2515 3442 2670 3496 Θεοῦ.
2705 3442 2771 3495 Τί
2809 3441 2983 3506 οὓτως
3002 3441 3229 3505 ἄπιστος
3266 3439 3343 3503 εἷς
3366 3443 3440 3495 Σὺ
3470 3443 3570 3512 μὲν

1983 3528 2077 3587 οὗν
2104 3534 2279 3587 πάντα
2305 3534 2435 3604 αἱρῇ
2466 3534 2561 3586 καὶ
2593 3533 2821 3602 ποιῆσαι
2843 3532 2938 3586 καὶ
2960 3531 3154 3586 παθεῖν
3192 3532 3332 3603 ὑπὲρ
3356 3532 3449 3586 τοῦ
3490 3535 3566 3606 μὴ

1984 3624 2201 3695 ὀμόσαι’
2237 3625 2397 3689 αὐτὸς
2421 3624 2479 3678 δέ
2512 3642 2570 3678 σε
2603 3625 2703 3678 ούκ
2733 3624 3061 3697 ἀμείψεται;
3106 3624 3266 3680 Ἀλλά
3314 3628 3439 3692 τοὺς
3470 3627 3569 3697 μὲν

1984 3718 2293 3787 ἐπιόρκους,
2340 3718 2432 3772 καὶ
2456 3717 2789 3789 πολυόρκους
2817 3718 2942 3773 καθ’
2981 3718 3217 3788 ἑκάστην
3246 3719 3436 3790 τρέφει
3456 3698 3567 3790 ιτὴν

1984 3807 2215 3879 ἡμέραν·
2273 3808 2333 3861 σὲ
2390 3806 2446 3860 δὲ
2485 3807 2798 3878 παραδώσει
2848 3806 3013 3879 λιμῷ,
3081 3807 3269 3878 ἐπειδὴ
3328 3808 3566 3879 ἤκουσας

1983 3898 2147 3954 αὑτοῦ
2170 3916 2185 3965 ;
2207 3900 2416 3964 Πάντες
2453 3899 2728 3964 ίδέτωσαν,
2746 3899 2827 3953 ὅτι
2847 3898 2957 3953 τῶν
2983 3902 3064 3964 είς
3112 3899 3317 3971 ταύτην
3340 3900 3439 3972 τὴν
3478 3901 3568 3954 ἐκο

1984 3989 2216 4059 κλησίαν
2238 3991 2621 4062 συναγομένων
2651 3990 2826 4054 οὐδεὶς
2854 3991 2955 4045 ούκ
3000 3990 3147 4045 ἐστιν
3169 3993 3199 4047 0
3241 3991 3432 4062 ὀμνύς·
3473 3992 3569 4045 καὶ

1984 4068 2093 4135 ἀπὸ
2113 4079 2302 4135 τούτου
2352 4080 2641 4152 γενώμεθα
2676 4081 2846 4152 δῆλοι,
2905 4081 2980 4152 μὴ
3026 4083 3134 4136 ἀπὸ
3192 4083 3292 4152 τῆς
3332 4083 3570 4146 πίστεως

1988 4173 2166 4243 μόνον,
2198 4173 2293 4227 καὶ
2335 4172 2496 4226 τοῦτο
2551 4172 2689 4243 πρὸς
2732 4172 3020 4241 Ἕλληνας,
3059 4171 3319 4240 καὶπρὸς
3364 4173 3570 4234 πάντας

1985 4266 2199 4336 ἔχωμεν
2229 4264 2292 4317 τὸ
2342 4262 2676 4318 διαλλάττον.
2717 4261 2996 4332 Σφραγίδα
3030 4262 3285 4331 λάϐωμεν
3339 4262 3403 4315 ἐκ
3459 4262 3570 4316 τῶν

1985 4356 2250 4425 οὐρανῶν,
2284 4356 2373 4409 ἵνα
2399 4354 2588 4425 ῶσπερ
2630 4353 2798 4421 ἀγέλη
2852 4352 3102 4425 βασιλικὴ
3139 4354 3414 4424 πανταχοῦ
3442 4372 3569 4423 φαι-

1986 4446 2207 4518 νώμεθα
2228 4465 2243 4480 ·
2299 4447 2407 4500 ἀπὸ
2429 4445 2524 4499 τοῦ
2552 4445 2819 4517 στόματος
2867 4445 2963 4499 καὶ
2992 4445 3094 4516 τῆς
3133 4443 3381 4517 γλώττης
3431 4447 3570 4510 τέως

1986 4537 2404 4611 γνωριζώμεθα,
2437 4536 2691 4608 καθάπερ
2711 4538 2760 4590 οί
2789 4535 3075 4609 βάρϐαροι·
3098 4536 3350 4610 καθάπερ
3376 4540 3425 4593 οἱ
3462 4538 3573 4593 Ἑλ·-

1984 4629 2196 4703 ληνιστὶ
2226 4628 2448 4693 ειδότες,
2480 4627 2652 4703 ταύτῃ
2684 4627 2794 4683 τῶν
2825 4626 3116 4699 βαρϐάρων
3142 4627 3567 4700 διαλλάττωμεν.

1986 4723 2122 4779 Εἰπὲ
2151 4723 2258 4795 γάρ
2278 4722 2458 4794 μοι,οί
2483 4720 2740 4792 ψιττακοὶ
2768 4721 3051 4792 λεγόμενοι
3090 4720 3256 4775 πόθεν
3290 4723 3398 4777 sla:
3424 4722 3569 4791 γνώ-

1987 4831 2172 4887 ριμοι;
2200 4813 2299 4867 οὐκ
2313 4812 2421 4867 ἀπὸ
2443 4809 2541 4865 τοῦ
2570 4811 2749 4865 λαλεῖν
2766 4810 2908 4865 κατὰ
2936 4811 3254 4883 ἀνθρωπον;
3278 4812 3389 4865 Καὶ⁵
3410 4812 3570 4883 ἡμεῖς

1984 4906 2163 4961 τοίνυν
2192 4905 2300 4958 ἀπὸ
2331 4903 2425 4958 τοῦ
2471 4903 2652 4958 λαλεῖν
2690 4903 2766 4966 ὼς
2815 4905 2864 4956 οί
2898 4902 3187 4957 ἀπόστολοι
3224 4899 3251 4941 δ
3274 4900 3568 4973 γενώμεθα

1985 4999 2271 5071 γνώριμοι·
2305 4996 2414 5051 ἀπὸ
2457 4994 2550 5051 τοῦ
2600 4994 2782 5048 λαλεῖν
2820 4995 2895 5058 ὼς
2935 4994 2984 5047 οί
3040 4993 3282 5063 ἄγγελοι.
3310 4994 3408 5047 Ἂν
3437 4991 3570 5067 εῖπῃ

1984 5107 2090 5153 τις,
2114 5090 2369 5160 Ὀμοσον,
2418 5086 2686 5150 ἀκουέτω,
2731 5087 2860 5139 ὃτιό
2900 5086 3135 5157 Χριστὸς
3160 5083 3436 5147 ἐκέλευσε,
3474 5085 3570 5138 καὶ

1980 5182 2086 5236 ούκ
2111 5180 2314 5251 ὄμνυμι
2335 5178 2564 5234 ο.Τοῦτο
2589 5178 2774 5233 ἱκανὸν
2800 5179 2980 5231 πᾶσαν
2997 5177 3315 5246 εἰσαγαγεῖν
3343 5175 3565 5246 ἀρετήν.

1985 5269 2138 5342 Θύρα
2156 5269 2239 5332 τίς
2268 5270 2415 5322 ἐστιν
2435 5267 2736 5330 εὐσεϐείας,
2772 5267 2891 5331 ὁδὸς
2916 5267 3009 5320 ἐπὶ
3047 5265 3362 5337 φιλοσοφίαν
3389 5264 3568 5333 (εύλαο

1988 5358 2161 5429 ϐείας)
2189 5357 2607 5431 180]είσάγουσα
2631 5357 2651 5396 ί
2662 5398 2676 5421 ,
2696 5356 3007 5428 παλαίστρα
3025 5356 3108 5419 τίς
3123 5353 3451 5408 ἐστι.Ταῦτα
3468 5371 3569 5422 :90—

1986 5451 2287 5521 ὶάττωμεν,
2316 5449 2403 5503 ἵνα
2440 5449 2664 5504 καὶτῶν
2685 5448 2967 5519 παρόντω)
3001 5447 3095 5502 καὶ
3140 5447 3247 5500 τῶν
3267 5444 3566 5516 μελλόντων

2052 5584 2076 5615 ε
2101 5582 2213 5636 Duo
2233 5580 2373 5629 codd.
2408 5579 2681 5636 ὀπίσκοπος.
2714 5580 2800 5628 ’Λν
2823 5577 2904 5628 οὖν
2927 5577 3080 5632 δείξω.
3147 5574 3174 5614 τι
3201 5577 3336 5626 Unus
3363 5579 3426 5633 ὡς
3445 5577 3570 5627 ἀπό-

1992 5645 2177 5694 στολοι.
2247 5642 2266 5665 ⁸
2302 5642 2437 5690 ιίιιιιε
2463 5643 2570 5689 rod.
2601 5642 2821 5700 ἐκέλευσε
2843 5640 2907 5700 μή
2929 5638 3142 5700 ὀμνύναι,
3162 5641 3242 5687 καὶ
3261 5640 3347 5687 οὐκ
3371 5639 3563 5700 ὄμνυμι,

2029 5718 2103 5755 um
2126 5704 2273 5752 leclio
2293 5716 2389 5753 non
2412 5702 2687 5764 spernenda
2751 5697 2771 5736 τ
2788 5697 2976 5764 Min-0|.
2992 5700 3267 5764 ςιλοοοςμίαν
3287 5697 3562 5764 εἰσάγουσαζ

2029 5722 2103 5755 um
2127 5722 2273 5752 lecuo
2294 5722 2389 5753 [Iun
2412 5722 2687 5764 spcrllcmla
2752 5722 2764 5736 ·
2800 5722 2969 5748 Μυιιτι.
2992 5722 3267 5764 ᾳυπασοῖνιαν
3287 5722 3562 5760 εισαγουσιι.

1992 5722 2095 5816 in:
2119 5765 2298 5813 melius
2321 5772 2422 5825 p08:
2442 5763 2719 5825 φιλοσοφίαν
2741 5762 2919 5809 addunt
2938 5762 3195 5825 εὐλαϐείας.
3226 5763 3402 5811 Vocon:
3424 5762 3564 5825 εὐλαο

2000 5827 2129 5883 ϐείας
2149 5828 2275 5876 inira
2296 5821 2631 5888 ﬁaronihosos'
2648 5825 2914 5888 posuimus,
2927 5824 3130 5883 Comm,
3161 5824 3407 5888 MnrcI._et
3431 5821 3568 5888 cmi:-

2003 5879 2370 5949 cem'oplimfnn
2390 5888 2566 5941 seculi,
2599 5879 2821 5947 qdamvis
2847 5879 3030 5935 rebtius
3054 5879 3162 5948 ροὲιι
3199 5886 3466 5945 πα)αἱστρα
3497 5879 3565 5929 τίς

2009 5951 2109 5999 ἐστι
2137 5951 2472 6000 collocaretur.
2501 5949 2633 5998 Εοιτ.
