3976 6144
314 305 376 359 85
1325 288 1388 342 lN
1432 287 1604 342 ACTA
1646 280 2161 338 APOSTULORUM.
2206 283 2431 338 IlOMIL.
2475 284 2542 339 x.
3439 332 3466 358 ,,
3512 285 3579 338 ss

300 441 358 479 ra
382 436 780 490 consequamur
822 419 956 474 bona
983 456 997 480 ,
1023 415 1193 486 gratia
1231 422 1285 466 et
1313 410 1637 479 benignitate
1677 407 1885 462 Domini

309 524 464 569 nostri
490 511 618 567 Jcsu
648 509 890 572 Christi,
921 506 1134 576 quicum
1173 502 1312 558 Patri
1354 514 1408 555 ct
1435 498 1656 568 Spiritui
1699 503 1888 552 sancto

373 653 632 668 __,__.___.-

3439 332 3466 358 1³

1996 403 2186 474 gloria,
2216 403 2497 472 imperium
2520 445 2539 470 ,
2571 404 2763 468 honor,
2794 418 2931 457 nunc
2958 413 3011 459 et
3041 418 3254 474 semper
3278 441 3294 466 .
3317 412 3370 458 et
3393 411 3443 464 in
3468 419 3567 459 sm-

1997 495 2116 550 cula
2142 493 2480 548 saeculorum.
2510 499 2695 547 (triten.

1696 702 2039 766 HOMILIA
2085 704 2168 766 Χ.

307 877 431 932 Cu.
464 875 518 928 4.
553 889 606 926 v.
653 872 705 925 1.
747 865 1088 936 Loquentibus
1127 872 1294 917 autem
1336 860 1438 914 illis
1481 857 1550 910 ad
1601 853 1846 924 papulum
1870 893 1884 916 ,

377 970 771 1036 supervenerunt
797 964 1082 1014 sacerdotes
1101 964 1149 1008 et
1178 953 1504 1023 magistratus
1535 946 1726 1016 templi.

376 1033 719 1115 Libiondum
763 1067 794 1105 a
842 1048 1106 1120 prioribus
1148 1045 1545 1114 reSpiraverant
1585 1033 1878 1092 tentatioui-

309 1155 423 1213 bus,
450 1161 504 1206 et
531 1148 712 1204 statim
741 1146 796 1199 in
825 1144 958 1198 alias
990 1138 1310 1194 inciderunt.
1345 1135 1409 1188 Et
1434 1131 1555 1186 vide
1579 1170 1595 1192 ,
1621 1138 1890 1198 quomooo

311 1259 396 1300 res
430 1242 832 1311 dispensentur.
876 1234 1054 1288 Primo
1090 1245 1212 1284 cum
1246 1226 1494 1282 irrisione
1520 1219 1730 1288 excepti
1767 1224 1894 1272 sunt

310 1351 534 1400 omnes,
578 1347 676 1386 nec
704 1343 864 1398 parva
903 1333 1020 1381 erat
1061 1323 1178 1378 lucc
1202 1318 1424 1376 teutatio
1449 1335 1462 1370 :
1487 1311 1724 1370 secundo
1746 1351 1762 1376 ,
1792 1307 1890 1378 ipsi

308 1424 576 1498 θοι-γι)ὴωὶ
605 1423 659 1476 in
693 1419 926 1490 pericula
968 1414 1224 1470 incidunt.
1253 1410 1367 1466 Non
1398 1405 1738 1462 continenter
1765 1413 1893 1454 vero

312 1495 426 1572 lucc
444 1495 554 1570 duo
577 1513 712 1568 facta
741 1517 886 1571 sunt,
915 1519 1087 1576 neque
1114 1501 1463 1570 simpliciter;
1492 1495 1584 1552 sed
1613 1503 1888 1564 postquam

315 1613 368 1664 in
415 1603 761 1663 concionibus
802 1600 1148 1659 clarueraut,
1198 1600 1256 1649 et
1301 1588 1612 1645 miraculum
1643 1596 1890 1653 magnum

311 1707 614 1770 patnrant;
646 1695 724 1749 sic
752 1691 968 1747 demum
999 1692 1270 1753 assumpta
1300 1679 1490 1734 fiducia
1510 1718 1524 1742 ,
1559 1677 1672 1732 Deo
1699 1687 1888 1729 conce-

308 1763 466 1846 dente
509 1783 806 1841 certamina
853 1781 1058 1834 ineunt.
1103 1775 1184 1829 'l'u
1233 1787 1359 1826 vero
1403 1767 1531 1822 mibi
1580 1763 1847 1836 perpende
1875 1802 1890 1826 ,

307 1881 611 1956 quomodo,
643 1878 735 1948 qui
770 1873 1096 1943 qumsieraut
1123 1866 1450 1938 proditorem
1495 1860 1585 1931 qui
1623 1857 1891 1913 Christum

311 1947 547 2029 traderet
571 2012 587 2032 ,
621 1947 708 2023 hic
737 1967 838 2036 ipsi
870 1978 1060 2020 manus
1085 1958 1328 2028 iujiciuut
1375 1953 1665 2008 ferociores
1694 1947 1814 2002 facti
1842 1954 1896 2000 et

309 2063 732 2135 impudentiores
783 2065 907 2128 post
953 2067 1189 2124 crucem.
1241 2050 1521 2104 Peccatum
1568 2043 1712 2098 enim
1766 2039 1893 2094 dum

310 2157 604 2228 parturitur
631 2196 646 2219 ,
695 2149 982 2222 quemdam
1029 2146 1188 2199 habet
1235 2141 1532 2212 pudorem;
1566 2150 1686 2191 cum
1716 2142 1892 2187 autem

311 2224 608 2321 perfectum
656 2252 779 2307 est,
815 2237 1234 2310 impudentiores
1277 2233 1453 2288 reddit
1495 2239 1760 2284 auctores.
1788 2224 1896 2278 Cur

308 2320 485 2398 autem
531 2337 882 2406 magistratus
925 2326 1276 2395 supervenit?
1314 2324 1443 2378 Nam
1489 2320 1896 2388 Superveneruns

309 2436 433 2504 ipsis
453 2429 740 2486 sacerdotes
767 2437 814 2481 et
857 2424 1182 2494 magistratus
1212 2418 1420 2485 templi,
1463 2415 1650 2484 iuqttit.
1687 2411 1754 2465 Ut
1779 2425 1898 2464 rur-

307 2542 399 2582 sus
419 2524 693 2596 publicum
717 2520 923 2575 crimen
941 2515 1108 2586 gestis
1139 2512 1420 2575 inferrent,
1443 2518 1498 2563 et
1522 2522 1626 2561 non
1655 2513 1712 2560 ut
1737 2519 1898 2573 pecu-

310 2622 442 2676 liare
468 2629 524 2671 et
552 2615 822 2686 privatum
849 2611 1236 2665 ulciscerentur
1265 2621 1279 2657 :
1309 2601 1451 2673 quod
1477 2599 1672 2668 ubique
1721 2596 1896 2650 facere

311 2685 621 2764 studebant.
658 2704 714 2758 2.
748 2701 989 2757 Dolentes
1029 2696 1164 2769 quod
1192 2696 1428 2749 docerent
1473 2688 1733 2761 populum.
1783 2685 1896 2741 Io-

314 2801 449 2856 leste
479 2796 766 2859 ferebant,
798 2809 904 2847 nou
932 2789 1092 2845 modo
1117 2785 1258 2857 quod
1285 2785 1576 2847 docerent;
1617 2779 1711 2834 sed
1738 2777 1896 2832 etiam

311 2890 458 2964 quod
471 2890 722 2945 dicerent
737 2901 844 2942 non
859 2883 1036 2939 solum
1047 2881 1218 2950 ipsum
1238 2874 1614 2937 resurresisse,
1632 2870 1726 2924 sed
1739 2868 1899 2923 etiam

316 3001 416 3040 nos
430 2999 530 3054 per
546 2982 698 3036 illum
715 2983 1113 3034 resurrecturos
1130 2985 1268 3025 esse.
1281 2965 1427 3035 Quod
1443 2964 1693 3027 docerent,
1713 2959 1898 3030 inquit,

317 3077 588 3148 populum,
613 3087 659 3128 et
678 3070 1040 3127 annuntiarenl
1063 3069 1120 3124 in
1145 3062 1178 3124 Ι
1186 3086 1275 3122 esu
1315 3057 1725 3121 resurrectionem
1763 3072 1901 3110 mor-

319 3180 547 3229 tuorum.
567 3165 639 3223 Ita
669 3164 858 3224 efﬁcax
883 3168 978 3222 fuit
1003 3164 1144 3219 illius
1165 3157 1506 3223 resurrectio,
1529 3163 1587 3209 ut
1608 3153 1766 3208 etiam
1789 3149 1906 3204 aliis

322 3275 511 3320 auctor
549 3261 618 3315 sit
647 3255 1078 3314 resurrectionis.
1119 3253 1172 3308 5.
1207 3250 1270 3305 Et
1309 3250 1588 3320 iujecerunt
1612 3243 1666 3296 in
1694 3257 1777 3297 eos
1798 3255 1907 3293 litet-

324 3375 418 3417 ntts
441 3398 457 3422 ,
485 3365 532 3410 et
562 3361 834 3425 posuerunt
862 3366 946 3404 eos
971 3349 1026 3404 in
1056 3345 1336 3401 custodiam
1361 3343 1414 3396 in
1457 3337 1733 3394 crastinum
1757 3349 1775 3388 :
1803 3341 1908 3387 erat

323 3453 456 3506 enim
491 3450 609 3519 jam
657 3461 890 3516 vespera.
935 3441 982 3498 Ο
1029 3435 1450 3510 impudentiam!
1499 3431 1688 3487 Adhuc
1733 3427 1910 3497 priore

326 3541 591 3614 sanguine
641 3539 828 3610 plenas
879 3549 1068 3590 manus
1119 3529 1434 3591 habebant,
1492 3538 1593 3579 nec
1636 3520 1910 3590 segniores

334 3609 526 3702 erant,
560 3609 657 3689 sed
689 3632 986 3701 iniecerunt
1012 3627 1188 3682 denuo
1214 3622 1334 3678 illas
1359 3661 1375 3685 ,
1417 3627 1473 3673 ut
1515 3616 1619 3670 alio
1657 3609 1911 3681 sanguine

332 3729 618 3799 implerent
645 3743 659 3780 :
688 3725 772 3777 vel
798 3722 1020 3776 fortasse
1051 3717 1172 3788 quia
1203 3715 1278 3769 illi
1299 3713 1408 3783 jam
1436 3706 1773 3765 multitudine
1792 3718 1912 3757 cre-

335 3797 540 3882 verant,
573 3817 884 3877 timuerunt,
911 3810 1136 3880 ideoque
1154 3805 1497 3876 magistratus
1527 3797 1706 3867 templi
1735 3808 1914 3864 supcr-

335 3912 497 3966 venit.
530 3909 658 3963 Erat
698 3906 832 3961 enim
856 3944 870 3969 ,
897 3903 1071 3973 inquit
1093 3937 1110 3964 ,
1149 3902 1263 3968 jam
1294 3908 1518 3965 uespera.
1546 3888 1624 3945 Illi
1667 3900 1794 3943 vero
1824 3899 1915 3940 vo-

339 4006 506 4058 lentes
543 4016 638 4056 eos
683 3998 926 4066 mitigare
954 4035 968 4059 ,
1007 3993 1086 4047 sic
1129 3989 1392 4046 faciebant
1418 3994 1474 4040 et
1509 3979 1910 4038 custodiebant:

341 4095 610 4164 apostolos
635 4101 814 4146 autem
843 4086 1155 4143 audaciores
1178 4079 1434 4137 reddebat
1465 4089 1610 4130 mora
1639 4070 1913 4142 temporis.

344 4163 406 4243 Et
450 4187 569 4241 vide
605 4226 622 4252 ,
672 4183 888 4252 quinam
933 4171 1454 4246 comprehendantur
1492 4185 1506 4223 :
1553 4163 1914 4236 apostolorum

343 4277 610 4350 coryphasi
637 4317 650 4341 ,
681 4275 800 4328 aliis
827 4281 1010 4343 postea
1058 4264 1360 4334 exemplum
1405 4259 1527 4316 facti
1552 4298 1566 4322 ,
1598 4271 1665 4312 ne
1696 4255 1828 4309 ultra
1860 4266 1918 4306 se

346 4344 530 4426 maluo
558 4367 855 4438 inquirant,
885 4376 1058 4432 neque
1086 4357 1438 4414 communiter
1475 4359 1650 4422 agant.
1683 4348 1736 4403 4.
1767 4344 1918 4400 Multi

347 4474 510 4516 autem
536 4475 708 4514 eorum
729 4499 744 4522 ,
789 4455 874 4524 qui
915 4452 1183 4506 audierant
1220 4446 1419 4500 verbum
1443 4485 1459 4509 ,
1484 4440 1803 4496 crediderunt
1827 4477 1842 4502 ,
1873 4445 1919 4489 et

349 4561 510 4623 fartus
535 4560 605 4605 est
634 4562 872 4604 numerus
903 4543 1124 4597 virorum
1152 4539 1346 4592 circiter
1369 4535 1582 4606 quinque
1611 4529 1790 4583 millia.

421 4643 561 4698 Petri
602 4643 654 4695 in
683 4633 1032 4693 roncionando
1072 4632 1162 4684 vis.
1193 4627 1414 4695 ——Quid
1459 4624 1596 4679 hoc?
1626 4637 1754 4676 num
1804 4619 1922 4673 illos

349 4735 660 4804 consitiones
694 4728 986 4785 videbant?
1017 4737 1191 4778 annon
1240 4721 1420 4790 ligatos
1435 4719 1458 4772 ’ἒ
1488 4713 1754 4786 quomodo
1783 4725 1914 4779 ergo

347 4801 729 4883 crediderunt?
764 4818 946 4875 Viden’
994 4813 1331 4871 manifestam
1378 4804 1717 4865 efficaciam?
1763 4801 1921 4869 Atqui

343 4934 476 4986 eos,
507 4918 595 4987 qui
644 4911 1023 4972 crediderant,
1071 4905 1352 4976 oportebat
1404 4894 1722 4954 infirmiores
1766 4893 1919 4955 fieri;

346 5011 438 5066 sed
461 4985 566 5064 non
589 5008 660 5062 ita
691 5004 826 5059 fuit:
857 5000 994 5056 Petri
1029 5011 1258 5068 namque
1280 4992 1467 5049 concio
1488 4987 1690 5044 semina
1715 4985 1766 5038 in
1791 4999 1917 5052 pro-

347 5103 562 5160 fundum
608 5101 852 5171 iecerat,
902 5103 1240 5160 mentemque
1289 5088 1499 5142 illortnu
1549 5081 1817 5135 affecerat.
1847 5075 1924 5127 Illi

345 5209 475 5250 vero
495 5193 617 5248 ideo
641 5185 1027 5245 succensebaut
1046 5223 1060 5248 ,
1088 5180 1229 5252 quod
1256 5194 1361 5232 non
1393 5175 1461 5229 ab
1489 5174 1594 5227 illis
1619 5179 1923 5224 metueren-

350 5301 453 5355 tur,
471 5287 724 5357 quodque
742 5281 815 5336 illi
836 5276 1114 5348 praesentia
1134 5273 1271 5328 mala
1296 5285 1390 5340 pro
1409 5268 1575 5324 nihilo
1597 5268 1924 5332 reputarent.

349 5382 406 5437 Si
431 5352 574 5436 enim
597 5352 890 5433 crucifixus
911 5411 926 5436 ,
955 5367 1205 5428 aiebant,
1239 5362 1358 5415 talia
1386 5366 1637 5429 operatur
1657 5396 1671 5420 ,
1704 5364 1755 5408 et
1784 5352 1929 5405 clau-

348 5477 471 5531 dum
500 5471 680 5542 erigit,
710 5482 782 5522 ne
812 5465 1091 5524 timeamus
1135 5457 1272 5511 illos.
1311 5453 1421 5508 lloc
1450 5465 1575 5519 ergo
1605 5463 1670 5503 ex
1695 5447 1790 5501 Dei
1817 5445 1931 5499 dis-

353 5540 664 5638 pensatione
709 5559 910 5614 factum
957 5563 1055 5609 est.
1115 5549 1249 5603 Hinc
1287 5561 1417 5600 vero
1445 5544 1542 5607 lit,
1575 5540 1745 5606 utqui
1791 5551 1930 5590 nunc

353 5633 577 5715 credunt
605 5656 789 5726 plures
808 5649 934 5712 sint,
955 5658 1113 5715 quam
1139 5639 1366 5711 priores.
1405 5635 1630 5703 Ideoque
1650 5633 1896 5686 timentes
1913 5669 1927 5691 ,

356 5753 457 5808 illis
483 5721 793 5806 videntibus
823 5737 1088 5811 apostolos
1121 5735 1366 5803 ligarant,
1409 5737 1464 5784 ut
1493 5726 1610 5782 illos
1637 5721 1929 5779 timidiores

1997 845 2298 903 redderent.
2332 849 2499 904 Secus
2528 857 2705 906 autem
2731 849 2962 914 accidit,
3003 865 3161 919 quam
3193 851 3266 906 illi
3298 849 3575 905 volebant.

1996 937 2226 1010 ldcmpte
2258 956 2362 996 uou
2392 957 2572 996 coram
2604 943 2708 997 illis
2737 942 2883 1012 ipsos
2912 943 3274 1014 interrogant,
3307 944 3405 1000 sed
3433 958 3581 998 seor-

1995 1031 2129 1095 sim,
2162 1047 2228 1086 ne
2255 1047 2319 1086 es
2367 1047 2554 1087 eorum
2599 1032 2848 1102 loquendi
2894 1034 3138 1088 libertate
3183 1033 3464 1090 auditores
3497 1035 3582 1088 lu.-

1995 1136 2144 1176 crum
2186 1125 2464 1178 referrent.
2491 1124 2546 1180 5.
2604 1124 2818 1178 Factum
2847 1135 2918 1180 est
2963 1135 3131 1180 autent
3159 1126 3214 1179 in
3257 1126 3542 1180 crastinum
3565 1166 3580 1191 ,

1997 1223 2049 1265 ut
2068 1225 2491 1284 congregarentur
2532 1216 2784 1285 principes
2810 1233 2982 1271 eorum
3011 1227 3058 1271 et
3083 1218 3305 1276 seniores
3333 1226 3378 1269 et
3407 1216 3584 1272 scribta

1996 1303 2048 1356 in
2077 1303 2399 1359 Jerusalem:
2443 1306 2495 1360 6.
2551 1317 2598 1360 et
2643 1307 2815 1363 Annus
2868 1311 3102 1379 princeps
3155 1309 3512 1374 sacerdotum,
3540 1317 3585 1362 et

1997 1393 2216 1464 Caiphas
2242 1405 2284 1448 et
2303 1395 2528 1451 Joannes
2550 1408 2593 1451 et
2617 1399 2921 1463 Alexander,
2937 1410 2981 1452 et
3003 1410 3240 1469 quotquot
3257 1409 3406 1454 erarat
3422 1399 3486 1452 de
3503 1415 3586 1467 ge-

1997 1502 2114 1539 nere
2156 1487 2478 1541 sacerdotali.
2529 1489 2734 1543 Rursus
2778 1490 3103 1544 conveniunt
3142 1490 3195 1545 iu
3225 1505 3420 1544 unutn.
3449 1489 3586 1542 Cum

1997 1579 2116 1635 aliis
2144 1579 2302 1633 etiam
2335 1580 2488 1635 malis
2530 1579 2632 1635 hoc
2659 1581 2879 1646 aderat,
2908 1581 3050 1651 quod
3079 1581 3163 1637 lex
3194 1598 3301 1636 non
3332 1596 3578 1637 servare-

1999 1679 2105 1725 tur.
2140 1670 2216 1725 Ac
2245 1685 2430 1725 rursus
2457 1671 2638 1740 iudicii
2686 1671 2912 1728 formam
2942 1673 3070 1728 huic
3097 1675 3312 1742 negotio
3343 1672 3541 1728 indunt
3570 1713 3586 1733 .

1999 1769 2055 1814 ut
2082 1760 2277 1830 injusto
2303 1761 2502 1830 judicio
2533 1764 2717 1818 noxios
2748 1765 2865 1818 illos
2893 1764 3136 1819 reddant.
3167 1765 3219 1818 7.
3255 1763 3318 1818 Et
3347 1774 3588 1818 statuen-

1999 1860 2070 1904 tes
2096 1867 2178 1904 eos
2206 1851 2257 1904 in
2285 1851 2446 1905 medio
2468 1895 2482 1915 ,
2514 1852 2882 1923 interrogabant
2908 1869 2924 1906 :
2955 1853 3021 1907 In
3050 1870 3149 1922 qua
3176 1855 3384 1918 virtute,
3415 1863 3508 1906 aut
3536 1869 3588 1905 m

1998 1956 2096 2008 quo
2126 1941 2326 1994 nomine
2354 1942 2543 2010 fecistis
2588 1943 2680 1996 hoc
2719 1944 2846 1996 vos?
2875 1945 3030 2012 Atqui
3064 1944 3116 1999 id
3141 1944 3382 2000 sciebant
3411 1963 3424 1998 :
3459 1958 3588 1998 nam

1999 2033 2274 2098 dolebant,
2305 2034 2510 2104 inquit,
2563 2034 2697 2104 quod
2724 2037 3078 2088 aununtiarent
3104 2036 3156 2088 in
3195 2034 3322 2089 Iesu
3364 2049 3592 2091 resurre.

1997 2127 2234 2181 ctionem.
2264 2125 2386 2182 ideo
2410 2127 2933 2196 comprehenderant
2961 2127 3102 2182 illos.
3133 2126 3238 2183 Cur
3257 2143 3384 2198 ergo
3407 2129 3580 2182 inter-

2000 2219 2228 2289 rogant?
2283 2218 2678 2288 Exspcctabaut
2737 2219 2857 2274 illos
2913 2229 3134 2289 pr0pter
3188 2218 3582 2274 multitudinem

2003 2318 2290 2380 negaturos
2316 2324 2467 2375 esse,
2501 2317 2557 2363 et
2585 2309 2661 2364 sic
2693 2310 2950 2378 putabant
2975 2325 3034 2364 se
3064 2319 3232 2364 totum
3263 2309 3582 2364 emendatu-

2003 2419 2093 2458 ros
2119 2419 2259 2459 esse.
2291 2402 2425 2458 Vide
2452 2418 2581 2474 ergo
2606 2402 2732 2472 quid
2773 2402 2956 2457 dicant
2983 2420 2994 2456 :
3028 2400 3096 2455 In
3135 2418 3234 2472 quo
3267 2403 3466 2454 nomine
3493 2401 3586 2453 hoc

2005 2495 2198 2567 fecistis
2219 2495 2345 2549 ros?
2367 2497 2420 2550 8.
2439 2494 2583 2549 Tunc
2603 2495 2782 2548 I’ctrus
2807 2492 3027 2564 repletus
3047 2492 3249 2562 Spiritu
3259 2501 3434 2546 sancto
3455 2492 3584 2545 dixit

2001 2587 2069 2640 ad
2098 2602 2199 2639 eos.
2224 2585 2372 2642 Nunc
2394 2585 2674 2640 recordare
2707 2584 2990 2638 verborum
3014 2581 3211 2637 Christi
3229 2581 3329 2652 (π),
3356 2579 3432 2654 [et
3455 2596 3589 2651 quo-

2004 2677 2164 2732 modo
2193 2676 2434 2732 evenerit
2455 2676 2504 2730 id
2533 2675 2676 2745 qund
2705 2675 2914 2729 diccbat
2944 2692 2959 2727 :
2983 2671 3006 2744 ]
3038 2673 3164 2727 Cum
3194 2684 3363 2726 autent
3392 2672 3590 2724 tradent

2005 2787 2090 2824 vos
2132 2770 2183 2822 in
2211 2769 2515 2840 synagogis,
2552 2784 2615 2821 ne
2653 2766 2860 2820 solliciti
2907 2765 3017 2820 sitis
3045 2763 3296 2836 quomodo
3335 2771 3422 2815 aut
3466 2762 3588 2830 quid

2007 2861 2279 2934 loquamini
2307 2877 2325 2914 :
2357 2861 2580 2931 Spiritus
2605 2859 2736 2913 enim
2763 2856 2933 2910 Patris
2965 2857 3114 2910 vestri
3143 2864 3235 2919 est,
3259 2854 3347 2924 qui
3371 2853 3590 2924 loquitur

2005 2958 2057 3010 in
2088 2955 2223 3009 vobis
2254 2954 2272 3020 (
2298 2953 2424 3006 Luc.
2457 2951 2542 3006 12.
2578 2952 2662 3005 ll.
2701 2951 2766 3004 12
2788 2948 2829 3018 ).
2883 2949 3024 3018 Ergo
3070 2961 3314 3016 magnam
3365 2959 3590 3013 accepe-

2009 3054 2130 3103 rant
2173 3044 2484 3100 efﬁcaciam.
2535 3041 2672 3109 Quid
2719 3055 2846 3094 vero
2889 3040 3068 3105 dicat,
3110 3037 3271 3092 audi:
3324 3035 3592 3104 Principes

2011 3141 2219 3213 populi,
2267 3147 2313 3193 et
2357 3138 2575 3192 seniores
2630 3134 2814 3189 Israel.
2855 3133 2985 3187 Vide
3029 3130 3419 3202 philosOphiam
3464 3129 3592 3193 viri,

2007 3245 2065 3291 et
2113 3231 2381 3304 quomodo
2425 3229 2612 3285 fiducia
2656 3228 2845 3298 pletms
2885 3225 3013 3278 nihil
3065 3223 3454 3278 contumeliose
3509 3220 3593 3275 di-

2007 3334 2125 3390 cat,
2171 3324 2264 3379 sed
2295 3337 2416 3378 cum
2448 3321 2652 3375 honore
2683 3336 2695 3372 :
2733 3317 2996 3384 Principes
3041 3315 3214 3384 papuli
3234 3355 3250 3380 ,
3301 3313 3505 3382 inquit,
3537 3322 3586 3365 et

2013 3417 2231 3471 seniores
2257 3414 2454 3469 Israel:
2476 3412 2527 3468 9.
2555 3412 2599 3466 si
2622 3427 2712 3464 nos
2733 3409 2882 3463 hodie
2901 3407 3244 3474 diiudicamur
3265 3406 3317 3456 in
3339 3403 3598 3471 benefacta

2015 3509 2230 3562 hominis
2258 3506 2446 3573 inﬁrmi
2466 3545 2481 3570 ,
2513 3504 2564 3556 in
2594 3518 2692 3572 quo
2720 3502 2811 3553 iste
2827 3499 2993 3553 salvus
3025 3501 3190 3567 factus
3221 3504 3294 3548 est
3321 3536 3336 3559 ,
3372 3493 3459 3548 10.
3493 3510 3594 3546 no-

2015 3609 2119 3653 tum
2151 3599 2212 3653 sit
2255 3597 2424 3659 vobis,
2457 3604 2504 3648 et
2549 3593 2687 3648 omni
2731 3590 2864 3662 plebi
2902 3588 3088 3643 Israel.
3140 3586 3367 3642 Strenue
3407 3586 3526 3639 illos
3567 3601 3597 3640 a

2018 3688 2278 3760 principio
2305 3684 2613 3756 perstringit
2639 3693 2694 3738 et
2717 3681 2928 3750 carpit;
2961 3679 3068 3734 imo
3090 3678 3195 3733 illis
3221 3677 3397 3746 priora
3417 3677 3468 3730 in
3489 3690 3599 3729 me-

2018 3782 2240 3837 moriam
2271 3786 2520 3844 revocat,
2561 3776 2702 3846 quod
2755 3775 2871 3829 illos
2899 3772 2968 3828 de
3007 3769 3269 3832 beneficio
3305 3769 3357 3824 in
3385 3769 3473 3838 jus
3501 3785 3598 3821 vo-

2018 3882 2140 3930 ccut
2161 3914 2176 3939 ,
2205 3887 2266 3927 ac
2297 3871 2340 3926 si
2383 3871 2586 3925 diceret
2617 3887 2629 3921 :
2661 3867 2856 3935 Utique
2891 3863 3178 3934 oportebat
3207 3875 3306 3917 nos
3332 3861 3430 3915 hac
3453 3858 3518 3914 de
3545 3875 3601 3913 re

2019 3965 2262 4022 coronari
2289 4005 2303 4029 ,
2335 3975 2494 4034 atque
2525 3969 2584 4016 ut
2620 3960 2888 4016 beuelicos
2933 3956 3298 4027 promulgari;
3334 3967 3475 4008 nunc
3503 3968 3598 4004 au-

2023 4067 2128 4114 tem
2161 4058 2212 4112 in
2239 4057 2325 4127 jus
2349 4069 2620 4118 vocamur,
2661 4053 2780 4122 quia
2816 4051 2952 4105 bene
2981 4048 3203 4103 fecimus
3225 4045 3424 4100 homini
3449 4044 3599 4098 infir-

2024 4166 2131 4215 mo,
2153 4166 2257 4205 non
2283 4148 2506 4218 petenti,
2529 4161 2632 4199 non
2652 4143 2837 4209 nobili;
2861 4154 3186 4212 quamquam
3205 4149 3259 4193 et
3278 4138 3332 4192 in
3363 4136 3464 4190 hoc
3485 4135 3601 4206 q'~is

2024 4240 2338 4298 invidisset?

2093 4335 2146 4386 ‘2.
2167 4333 2350 4400 Magna
2365 4329 2622 4398 gravitate
2647 4324 2924 4381 exordium
2968 4321 3183 4390 plenum
3204 4326 3306 4373 est.
3328 4317 3460 4370 Hinc
3475 4330 3599 4369 vero

2023 4425 2321 4482 ostenditur
2356 4423 2500 4490 ipsos
2521 4432 2640 4471 sese
2665 4415 2820 4470 malis
2847 4412 3138 4481 implicare.
3165 4409 3294 4474 Quia
3316 4408 3367 4460 in
3398 4406 3601 4459 nomine

2027 4518 2150 4572 Jesu
2178 4515 2362 4570 Christi
2388 4507 2664 4565 Nazareni.
2690 4504 2842 4572 Quod
2882 4503 3004 4558 illos
3042 4501 3273 4555 maxime
3309 4496 3600 4552 contrista-

2030 4612 2138 4675 bat,
2171 4608 2369 4676 adjicit.
2413 4605 2521 4659 lloc
2566 4609 2702 4665 erat,
2740 4597 2879 4669 quod
2920 4595 3131 4650 dicebat
3171 4591 3274 4645 illis
3317 4589 3597 4645 Christus:

2035 4697 2188 4764 Quod
2205 4699 2261 4752 in
2276 4710 2404 4749 aure
2428 4693 2640 4747 audistis
2665 4733 2680 4758 ,
2733 4688 3004 4758 prtulicate
3033 4699 3186 4752 super
3211 4690 3337 4735 tecta
3377 4677 3599 4749 (Matth.

2031 4796 2116 4850 10.
2143 4792 2267 4860 27).
2301 4791 2360 4843 In
2392 4787 2591 4842 nomine
2632 4783 2756 4838 Jesu
2802 4780 2990 4836 Christi
3024 4775 3316 4839 Nazareni,
3352 4786 3498 4844 quem
3518 4784 3601 4823 vos

2029 4886 2368 4954 cruciﬁxistis,
2387 4898 2532 4948 quem
2550 4876 2686 4930 Deus
2707 4873 2963 4929 suscitavit
2979 4887 3041 4925 ea:
3065 4868 3296 4930 mortuis,
3315 4865 3367 4917 in
3390 4864 3483 4916 hoc
3511 4862 3597 4915 iste

2030 4979 2194 5032 adstat
2226 4990 2394 5029 coram
2431 4971 2563 5024 vobis
2587 4985 2762 5022 sanus.
2788 4966 2866 5020 Nc
2897 4963 3111 5033 putetis,
3141 4957 3348 5028 inquit,
3378 4969 3476 5008 nos
3503 4968 3596 5007 oc-

2031 5070 2235 5126 cultare
2259 5065 2476 5135 patriam
2497 5061 2579 5115 vel
2606 5058 2929 5128 paSsionem.
2953 5054 3109 5119 Quem
3127 5066 3211 5103 vos
3229 5046 3364 5101 cruci
3371 5044 3554 5113 ﬁxistis
3574 5084 3589 5104 ,

2031 5179 2173 5233 quem
2199 5158 2334 5212 Deus
2359 5154 2688 5210 suscitavitca:
2704 5147 2932 5211 mortuis,
2951 5147 3000 5198 in
3018 5145 3109 5196 hoc
3128 5142 3212 5195 ille
3240 5139 3405 5190 adstat
3431 5149 3600 5187 coram

2033 5256 2168 5310 vobis
2195 5269 2366 5307 sanus.
2415 5249 2606 5302 Iterum
2658 5243 2834 5313 passio
2861 5283 2876 5307 ,
2915 5242 3108 5292 iterum
3138 5230 3479 5288 resurrectio.
3513 5227 3602 5280 11.

2040 5348 2136 5401 Hic
2164 5355 2233 5402 est
2268 5345 2430 5412 lapis,
2461 5341 2548 5410 qui
2577 5338 2870 5408 reprobatus
2900 5344 2970 5386 est
2996 5349 3028 5383 a
3057 5327 3192 5382 vobis
3217 5320 3604 5390 aedificantibus,

2035 5441 2119 5510 qui
2145 5442 2305 5508 factus
2347 5445 2416 5487 est
2451 5433 2500 5485 in
2538 5438 2689 5500 caput
2730 5425 2904 5495 anguli
2927 5421 3093 5492 (I’sal.
3124 5418 3246 5471 117.
3277 5413 3390 5483 22).
3418 5411 3472 5464 lu
3496 5425 3608 5463 me-

2039 5529 2259 5584 moriam
2307 5524 2435 5592 ipsis
2484 5529 2698 5575 revocat
2751 5517 3007 5576 verbum,
3054 5506 3194 5577 quod
3244 5514 3444 5559 terrere
3487 5498 3612 5559 illos

2104 5705 2121 5738 ι
2155 5710 2264 5756 Qua:
2292 5699 2476 5749 uncinis
2496 5695 2798 5748 claudunt-tr,
2827 5702 2951 5738 unus
2974 5700 3066 5737 non
3089 5684 3253 5734 habet.
