3976 6144
383 279 454 334 87

381 397 587 461 posset.
614 387 746 444 Nam
775 384 885 441 sit:
923 384 1024 453 Qui
1055 383 1292 438 ceciderit
1326 398 1480 453 super
1520 380 1741 448 lapidem
1790 379 1923 432 hunc
1945 418 1959 439 ,

379 482 723 551 confringetur
738 494 759 543 ,°
784 494 937 548 super
957 491 1105 549 quem
1143 490 1259 529 vero
1284 473 1550 540 ceciderit,
1587 478 1811 526 conteret
1840 485 1957 524 eum

378 574 400 644 (
422 573 611 629 Matth.
636 573 728 645 2L
757 571 828 627 44
847 574 887 641 ).
918 570 1008 626 12.
1040 568 1104 622 Et
1151 583 1251 622 non
1279 576 1352 620 est
1377 566 1431 620 in
1454 565 1558 618 alio
1586 563 1759 634 aliqua
1798 560 1957 615 salus.

381 664 574 736 Quales
624 669 779 733 putas
804 675 870 717 ex
914 660 1000 715 his
1046 658 1225 714 verbis
1269 658 1390 713 illos
1420 655 1602 727 plagas
1650 651 1963 725 accepisse?

382 756 488 808 .'\'ec
523 754 656 809 enim
692 752 838 807 aliud
864 768 1046 806 nomen
1069 758 1146 805 est
1169 749 1259 804 sub
1286 749 1411 804 caelo
1436 748 1612 802 datum
1635 747 1922 802 hominibus
1938 787 1956 815 ,

374 847 426 900 in
451 861 551 918 quo
572 854 807 914 oporteat
832 861 924 899 nos
948 844 1113 898 salvos
1143 843 1276 912 ﬁeri.
1309 842 1405 897 Hic
1425 848 1480 896 et
1505 839 1752 896 sublimia
1778 839 1956 910 loqui-

375 948 482 992 tur.
507 935 738 1005 Quando
761 936 904 991 enim
932 950 1039 989 non
1059 942 1145 990 est
1161 932 1361 1004 aliquid
1384 932 1640 1003 praeclare
1660 929 1951 1001 agendum,

373 1028 467 1083 sed
498 1037 703 1083 tantum
751 1041 872 1081 cum
920 1026 1168 1081 libertate
1210 1023 1534 1095 loquendum
1556 1065 1571 1088 ,
1602 1037 1709 1077 non
1740 1023 1910 1090 parcit
1939 1037 1952 1072 :

374 1134 479 1173 non
509 1118 653 1173 enim
687 1117 939 1181 timebat,
969 1131 1038 1172 ne
1077 1116 1486 1186 perstringeret.
1526 1112 1636 1167 Nec
1660 1111 1797 1165 dixit
1821 1111 1953 1164 sim-

373 1209 602 1280 pliciter,
632 1209 736 1264 Per
761 1207 1087 1274 alium;sed,
1123 1206 1243 1261 Non
1273 1216 1343 1261 est
1369 1207 1422 1260 in
1447 1204 1551 1259 alio
1579 1203 1750 1276 aliqua
1780 1204 1916 1260 salus
1934 1218 1954 1257 :

373 1301 655 1355 declarans
689 1299 829 1370 quod
862 1298 950 1353 hic
980 1313 1078 1354 nos
1108 1307 1286 1368 potest
1329 1311 1575 1362 servare,
1631 1305 1792 1365 atque
1847 1295 1951 1349 illis

368 1391 526 1444 simul
558 1400 820 1445 terrorem
853 1391 1186 1443 incussurus.
1221 1388 1310 1442 15.
1352 1385 1588 1440 Videntes
1614 1398 1783 1440 autem
1814 1385 1953 1439 Petri

367 1483 705 1537 constantiam
728 1490 774 1534 et
800 1480 1019 1534 Joannis
1036 1520 1049 1545 ,
1090 1491 1347 1548 comperto
1374 1477 1509 1547 quod
1538 1478 1764 1530 homines
1790 1485 1952 1531 essent

366 1577 476 1630 sine
503 1574 661 1629 literis
681 1584 729 1628 et
755 1574 948 1640 idiota,
971 1571 1378 1638 admirabantur,
1398 1580 1444 1624 et
1459 1568 1822 1640 cognoscebant
1844 1585 1944 1634 cos,

365 1669 482 1740 quia
499 1685 608 1723 cum
620 1666 657 1722 J
661 1684 746 1722 esu
767 1668 985 1737 fuerant.
1008 1665 1073 1720 Et
1087 1662 1374 1735 quomodo,
1394 1663 1584 1733 inquit,
1617 1661 1851 1717 illiterati
1871 1662 1943 1716 illi

367 1771 421 1815 et
450 1762 592 1831 ipsos
606 1770 658 1815 et
674 1775 911 1814 summos
935 1757 1240 1814 sacerdotes
1263 1756 1526 1811 rhetorica
1554 1770 1650 1833 sua
1672 1754 1949 1810 vicerunt?

366 1851 481 1906 Non
507 1852 604 1921 ipsi
630 1850 1002 1922 loquebantur,
1016 1848 1109 1904 sed
1136 1863 1230 1918 per
1257 1862 1351 1902 eos
1378 1846 1549 1917 gratia
1571 1846 1825 1916 Spiritus.
1855 1847 1942 1901 14.

367 1944 752 2015 Hominemque,
781 1945 865 2014 qui
880 1950 1089 1997 sanatus
1108 1941 1295 2011 fuerat,
1319 1956 1434 1992 cum
1454 1939 1524 1993 eis
1545 1949 1680 1993 stare
1702 1938 1941 2005 videntes,

361 2036 492 2090 nihil
512 2044 739 2106 poterant
764 2034 1125 2088 contradicere.
1151 2032 1336 2102 Magna
1361 2031 1594 2085 hominis
1617 2031 1939 2093 constantia.

361 2141 417 2185 ut
442 2131 616 2201 palam
643 2137 811 2186 estex
841 2143 907 2184 eo
929 2169 944 2197 ,
976 2125 1118 2197 quod
1149 2126 1201 2180 in
1226 2126 1342 2195 ipso
1361 2124 1549 2193 judicii
1577 2124 1696 2178 loco
1724 2138 1827 2178 non
1855 2139 1941 2178 re-

357 2222 625 2293 linqueret
649 2236 744 2277 eos
773 2238 788 2275 :
837 2222 907 2275 ita
938 2229 996 2275 ut
1020 2220 1063 2275 si
1093 2218 1168 2275 illi
1197 2217 1459 2273 dixissent
1478 2257 1493 2283 ,
1527 2229 1634 2271 non
1664 2217 1736 2271 ita
1765 2231 1825 2271 se
1851 2230 1939 2272 res

364 2312 522 2368 habet
547 2352 563 2380 ,
593 2312 681 2368 ille
710 2310 1087 2381 redarguisset.

429 2403 785 2472 Apostolorum
811 2404 986 2458 virtus.
1015 2431 1087 2443 —
1102 2402 1190 2458 {5.
1210 2401 1482 2456 Iusserunt
1500 2409 1667 2456 autem
1692 2417 1774 2457 eos
1799 2402 1938 2471 foras

353 2503 499 2549 extra
516 2493 787 2548 concilium
806 2493 1035 2548 secedere
1049 2507 1071 2548 :
1093 2502 1139 2548 et
1159 2492 1476 2562 conferebant
1493 2493 1562 2545 ad
1586 2493 1814 2558 invicem,
1843 2493 1931 2550 16.

354 2585 618 2640 dicentes:
647 2584 783 2652 Quid
807 2585 1052 2655 faciemus
1077 2585 1360 2638 hominibus
1378 2585 1527 2639 istis?
1553 2583 1714 2641 Vides
1733 2627 1747 2651 ,
1775 2600 1935 2654 quam

352 2678 541 2735 incerti
570 2679 710 2734 sint?
735 2678 886 2734 vides
912 2678 1200 2733 humanum
1233 2678 1477 2732 timorem
1503 2678 1679 2732 omnia
1709 2692 1938 2747 operan-

350 2771 499 2825 tem?
528 2770 598 2827 Ut
618 2785 737 2839 qua:
768 2770 1011 2832 Christus
1040 2769 1360 2839 operabatur
1387 2769 1697 2824 subvertere
1721 2769 1800 2823 vel
1831 2768 1931 2824 ob-

348 2876 567 2917 scurare
597 2876 700 2916 non
734 2868 1000 2931 poterant,
1025 2860 1119 2915 sed
1141 2860 1246 2914 illis
1273 2868 1456 2914 contra
1485 2859 1773 2914 nitentibus
1799 2858 1930 2914 ﬁdes

347 2955 514 3023 magis
543 2953 873 3023 augebatur:
906 2952 983 3007 sic
1012 2959 1066 3005 et
1090 2965 1229 3005 nunc
1257 2950 1454 3005 evenit.
1486 2949 1624 3016 Quid
1646 2950 1931 3021 faciemus?

342 3042 390 3098 Ο
415 3043 802 3112 insipientiam,
839 3040 978 3110 quod
1019 3040 1139 3094 illos
1179 3049 1299 3109 post
1333 3038 1607 3109 degustato
1637 3040 1927 3094 certamina

344 3134 535 3190 terreri
567 3133 851 3204 putabant;
883 3134 991 3188 imo
1016 3133 1061 3186 si
1091 3148 1209 3187 cum
1242 3131 1390 3186 initio
1425 3131 1554 3185 nihil
1598 3132 1924 3201 potuissent,

347 3235 467 3295 post
494 3234 698 3281 tantam
741 3223 950 3280 dicendi
981 3223 1281 3279 facultatem
1312 3222 1687 3279 existimabant
1722 3239 1782 3279 se
1822 3223 1924 3278 ali-

342 3316 469 3386 quid
495 3330 614 3371 esse
639 3315 891 3371 facturos.
926 3315 1135 3381 Quanto
1159 3314 1316 3384 igitur
1340 3314 1510 3382 magis
1548 3314 1805 3383 impedire
1828 3329 1925 3368 vo-

340 3407 519 3462 lebant
538 3448 554 3472 ,
598 3416 743 3463 tanto
766 3408 936 3477 magis
957 3419 1045 3462 res
1064 3407 1408 3477 augebantur.
1447 3405 1701 3473 Quoniam
1721 3407 1924 3477 quidem

340 3506 515 3553 notum
540 3498 740 3567 signum
768 3500 959 3569 factum
982 3506 1054 3552 est
1081 3514 1171 3569 per
1199 3514 1301 3562 eos,
1331 3498 1560 3552 omnibus
1582 3497 1923 3554 habitantibus

338 3588 625 3644 Jerusalem
645 3591 990 3663 manifestum,
1008 3599 1058 3645 et
1075 3607 1177 3644 non
1198 3606 1463 3660 possumus
1479 3599 1679 3661 negare.
1704 3592 1790 3647 17.
1816 3591 1922 3647 Sed

340 3697 403 3733 ne
426 3680 647 3750 amplius
673 3679 960 3749 divulgetur
977 3680 1031 3735 in
1060 3680 1322 3750 papulum,
1352 3681 1715 3735 comminemur
1742 3682 1831 3747 eis,
1859 3698 1922 3736 ne

339 3772 474 3826 ultra
503 3773 775 3844 loquantur
797 3774 850 3827 in
872 3773 1072 3828 nomine
1098 3774 1193 3828 hoc
1213 3774 1304 3828 ulli
1324 3773 1602 3829 hominum.
1629 3774 1715 3831 18.
1740 3774 1808 3829 Et
1834 3791 1921 3830 vo-

320 3864 506 3919 cantes
534 3881 619 3919 cas
645 3866 1059 3920 denuntiauerunt
1087 3882 1151 3921 ne
1183 3867 1387 3921 omnino
1417 3868 1738 3937 loquerentur
1762 3883 1920 3938 neque

337 3955 570 4009 docerent
596 3957 647 4009 in
677 3956 877 4011 nomine
900 3956 1045 4012 Jesu.
1090 3957 1220 4014 Vide
1250 3958 1462 4013 illorum
1497 3958 1878 4029 impudentiam
1898 4002 1913 4027 ,

335 4055 390 4102 et
416 4048 779 4116 apostolorum
804 4050 1210 4120 philosophiam.
1239 4053 1321 4108 l9.
1354 4051 1537 4106 Petrus
1557 4068 1673 4108 vero
1692 4063 1738 4107 et
1762 4052 1918 4108 Joan-

336 4155 423 4192 nes
444 4141 818 4209 respoudentes,
843 4142 1074 4196 dixerunt
1099 4143 1166 4197 ad
1186 4160 1269 4198 eos
1297 4159 1316 4198 :
1342 4144 1402 4199 Si
1425 4146 1614 4210 iustum
1638 4153 1708 4199 est
1729 4146 1781 4199 in
1804 4162 1920 4199 con-

334 4242 508 4299 spectu
531 4230 639 4297 Dei,
673 4247 758 4287 vos
779 4234 945 4303 potius
974 4235 1152 4288 audire
1175 4251 1325 4304 quant
1349 4233 1534 4298 Deum,
1554 4235 1803 4305 judicate.
1821 4235 1911 4291 20.

338 4318 450 4375 Nos
475 4337 576 4376 non
604 4309 1034 4394 possumus,iqua'
1062 4326 1278 4381 vidimus
1302 4337 1348 4380 et
1374 4327 1677 4393 audivimus,
1712 4343 1811 4382 non
1834 4327 1913 4381 lo-

331 4413 436 4481 qui.
464 4412 556 4468 21.
582 4415 645 4467 At
668 4415 745 4469 illi
781 4416 1139 4472 comminantes
1184 4418 1479 4472 dimiserunt
1504 4435 1618 4485 eos,
1647 4435 1748 4473 non
1770 4418 1914 4474 inve-

334 4503 523 4557 nientes
542 4545 557 4571 ,
584 4506 835 4570 quomodo
874 4509 1109 4576 punireut
1146 4524 1263 4571 eos,
1293 4518 1498 4576 propter
1532 4509 1796 4579 populant.
1826 4507 1911 4564 Si-

333 4594 554 4648 lentium
604 4594 706 4648 illis
760 4596 1090 4664 imperabant
1141 4597 1425 4663 miracula,
1480 4612 1543 4652 ac
1582 4606 1765 4667 postea
1806 4613 1912 4654 non

334 4685 668 4754 patiebantur
688 4685 807 4741 illos
828 4686 1047 4755 implere
1068 4702 1368 4742 sermonem
1390 4705 1404 4752 ;
1432 4688 1525 4743 sed
1550 4688 1762 4743 interim
1784 4704 1914 4744 con—

335 4777 611 4833 tumeliosc
631 4776 918 4833 admodum
941 4780 1078 4842 illos,
1099 4795 1165 4833 ne
1186 4779 1551 4850 loquerentur,
1571 4780 1910 4840 cohibebant.

336 4869 470 4934 Quia
490 4885 660 4923 omnes
685 4869 1032 4939 cluriﬁcabaut
1060 4869 1227 4925 Deum
1249 4873 1300 4926 in
1328 4888 1405 4940 eo,
1434 4873 1572 4943 quod
1592 4878 1778 4945 factum
1800 4877 1914 4946 fue-

330 4970 429 5014 rat.
458 4959 556 5014 22.
580 4960 845 5013 Annorum
866 4962 997 5014 enim
1021 4972 1125 5015 erat
1147 4963 1366 5031 amplius
1385 4962 1722 5035 quadraginta
1738 4964 1908 5036 homo,

329 5054 382 5106 in
407 5069 505 5122 quo
526 5053 715 5122 factum
745 5057 910 5123 fuerat
938 5055 1139 5124 signum
1171 5055 1264 5108 hoc
1283 5057 1530 5112 sanitatis.
1553 5057 1656 5113 Sed
1684 5073 1768 5123 ea,
1790 5074 1910 5130 qua:

331 5161 487 5216 supra
517 5145 655 5200 dicta
686 5153 830 5212 sunt,
862 5156 1184 5215 repetamus.
1214 5146 1293 5219 (η)
1323 5147 1458 5215 Quid
1478 5149 1720 5218 faciemus
1749 5150 1910 5205 homi-

333 5240 481 5293 nibus
524 5238 675 5293 istis?
718 5238 898 5293 Primo
942 5239 1101 5308 igitur
1130 5250 1348 5309 prepter
1370 5240 1593 5311 gloriam
1623 5241 1910 5298 humanam

334 5331 509 5384 omnia
542 5330 838 5397 faciebant;
871 5346 1010 5385 nunc
1034 5339 1209 5386 autem
1238 5333 1378 5388 aliud
1400 5350 1613 5405 quoque
1638 5336 1689 5390 in
1720 5351 1912 5406 prapo-

330 5421 431 5474 sito
460 5429 607 5487 erat,
648 5431 708 5476 ut
745 5437 811 5477 ne
853 5422 1163 5477 viderentur
1209 5424 1532 5494 sanguinarii
1571 5440 1724 5487 esse;
1769 5427 1910 5497 quod

304 5518 515 5581 ‘postca
540 5512 789 5571 dicebant
816 5533 831 5570 :
869 5514 1036 5570 Vultis
1062 5516 1299 5571 inducere
1320 5533 1472 5587 super
1499 5534 1591 5572 nos
1616 5520 1909 5590 sanguinem

391 5642 467 5716 to)
498 5643 593 5716 Hic
616 5652 669 5696 et
690 5647 828 5711 infra,
868 5647 1018 5700 multa
1050 5649 1256 5703 deerant
1298 5651 1347 5701 iu
1377 5650 1539 5703 Morel.
1575 5664 1685 5716 qua:
1708 5664 1770 5703 ex
1794 5657 1900 5703 Mss.

330 5710 448 5755 τυευ
457 5710 669 5758 multum

1126 270 1184 327 8.
1220 267 1496 326 JOANNIS
1534 259 2004 323 CllRYSOSTOMl
2044 266 2362 327 ARCHIEP.
2405 273 2931 340 CONSTANTINOP.

3588 302 3658 357 88

2071 379 2286 438 hominis
2311 385 2493 442 istius?
2521 388 2891 451 Comminemur
2919 400 3018 464 eis,
3055 416 3117 456 ne
3143 402 3277 458 ultra
3303 407 3575 477 loquantur
3602 420 3652 469 in

2067 474 2269 530 nomine
2304 476 2400 532 hoc
2435 481 2532 536 ulli
2569 483 2847 542 hominum.
2879 490 2926 546 Ο
2963 493 3319 565 insipientiam
3341 474 3375 556 li
3404 504 3649 562 Fers-ias:

2064 567 2206 666 quod
2228 574 2757 642 resurrexisset,cum
2773 580 2906 638 hinc
2924 599 3293 657 argumentum
3316 599 3652 666 accepissent

2064 656 2236 727 ipsum
2266 675 2387 717 esse
2421 665 2608 731 Deum,
2640 682 2762 724 eum
2791 675 2879 740 qui
2909 691 2936 729 a
2967 656 3139 735 morte
3163 680 3392 743 detineri
3418 656 3527 746 non
3552 708 3650 763 po-

2064 757 2255 855 tuerat,
2284 757 2394 812 suis
2427 763 2685 818 machinis
2706 766 2943 826 cohiberi
2968 789 3123 841 posse
3141 780 3431 855 sperabant
3448 784 3488 838 ί.
3506 757 3646 854 Quid

2063 841 2186 900 huic
2207 848 2427 905 insania»
2449 857 2581 922 par?
2603 859 2667 914 Et
2691 876 2758 916 ne
2779 864 2987 921 mireris
3013 870 3153 938 quod
3172 841 3288 937 res,
3313 846 3433 944 quae
3457 841 3643 947 perlici

2061 951 2165 1044 non
2197 949 2462 1044 poterant,
2491 947 2678 1005 iterum
2698 962 2980 1012 attentent.
2998 959 3319 1037 {Hujusmodi
3345 978 3427 1025 est
3449 972 3644 1044 iniqui-

2061 1036 2179 1123 tas:
2208 1031 2337 1087 nihil
2383 1041 2626 1109 respicit,
2669 1045 2764 1100 sed
2792 1031 3391 1118 ubiquettumultualur.
3421 1031 3643 1123 Moleste

2057 1122 2496 1222 enimAferentes,
2536 1133 2608 1187 ita
2643 1135 2819 1193 aﬂ‘ecti
2853 1151 3040 1209 erant,
3082 1154 3139 1200 ut
3177 1149 3221 1201 si
3255 1147 3462 1222 decepti
3507 1122 3639 1213 luis;

2044 1220 2178 1307 ‘sent
2208 1216 2260 1278 ';
2299 1218 2440 1283 quod
2482 1224 2675 1279 accidit
2713 1227 2810 1292 iis,
2851 1232 2940 1299 qui
2981 1242 3333 1307 praeoccupati
3365 1216 3421 1296 εἰ
3460 1245 3636 1302 luditi-

2054 1302 2158 1355 cati
2181 1317 2324 1406 sunt
2366 1308 2419 1363 in
2459 1312 2633 1383 aliqua
2675 1331 2754 1371 re.
2805 1319 2885 1373 llli
2926 1324 3066 1377 enim
3109 1302 3305 1397 ubique
3350 1331 3636 1406 dicebant,

2054 1396 2194 1463 quod
2239 1397 2378 1477 Deus
2420 1401 2590 1473 ipsum
2620 1409 2959 1477 suscitasset,
2992 1416 3133 1484 quod
3164 1396 3231 1471 in,
3258 1426 3475 1480 nomine
3508 1396 3636 1485 Jesu

2055 1485 2142 1541 hic
2167 1488 2402 1546 adstaret
2438 1508 2628 1564 sanus,
2668 1501 3013 1559 ostendentes
3042 1522 3170 1564 vere
3208 1517 3508 1573 surrexisse
3545 1520 3636 1575 Je-

2052 1590 2192 1634 sunt.
2221 1580 2470 1653 Alioquin
2510 1601 2638 1641 vero
2669 1590 2764 1659 ipsi
2804 1608 3014 1665 quoque
3040 1606 3483 1663 resurrectionem
3514 1627 3635 1668 esse

2051 1671 2342 1738 putabant,
2388 1674 2576 1745 frigide
2600 1681 2814 1749 quidem
2846 1694 2901 1738 et
2930 1689 3234 1756 pueriliter;
3269 1700 3524 1763 putabant
3550 1715 3635 1758 ta-

2052 1775 2174 1860 men
2200 1780 2212 1817 :
2244 1780 2385 1821 nunc
2411 1783 2538 1823 vero
2567 1787 2672 1826 non
2699 1773 2952 1843 credunt,
2982 1791 3037 1834 et
3063 1783 3361 1854 turbantur,
3390 1794 3517 1860 quid
3558 1795 3635 1849 fa-

2047 1853 2295 1912 ciendum
2335 1859 2404 1913 sit
2439 1864 2825 1923 consultantes.
2876 1870 2987 1927 Hoc
3030 1876 3270 1943 profecto
3310 1853 3483 1939 solum
3525 1903 3630 1942 non

2048 1945 2187 2047 satis.
2204 1960 2319 2003 erat
2353 1951 2418 2005 ad
2455 1957 2911 2027 persuadendum,
2957 1978 3026 2020 ne
3054 1967 3179 2037 quid
3212 1970 3312 2026 illis
3357 1973 3629 2047 facerent,

2044 2035 2188 2103 quod
2234 2052 2426 2108 nempe
2453 2056 2572 2097 cum
2615 2054 2757 2101 tanta
2800 2050 3043 2109 libertate
3070 2035 3468 2128 loquerentur?
3495 2035 3628 2136 Cur,

2045 2141 2255 2196 quarso,
2302 2147 2407 2186 non
2437 2135 2644 2203 credis,
2687 2154 2719 2193 ο
2757 2140 2980 2199 Juda-e?
3012 2145 3142 2202 Nam
3167 2150 3321 2221 signo
3350 2158 3631 2214 attendere

2041 2221 2323 2288 oportebat
2353 2232 2409 2279 et
2444 2231 2812 2300 sermonibus,
2845 2250 2951 2291 non
2981 2249 3161 2295 autem
3203 2245 3491 2308 multorum
3523 2250 3627 2303 ini-

2040 2313 2251 2381 quitati.
2287 2313 2345 2370 Et
2360 2331 2643 2385 quarenon
2659 2323 3456 2390 traduntillosltonianis?Jam
3486 2340 3627 2394 male

2038 2403 2326 2462 audiebant
2369 2409 2508 2479 apud
2560 2412 2680 2468 illos
2731 2415 2801 2470 ob
2838 2432 2922 2484 ea,
2980 2434 3099 2489 qua:
3143 2422 3196 2476 in
3240 2423 3512 2483 Chrismm
3540 2430 3625 2485 fe-

2037 2507 2254 2564 cerant,
2285 2508 2445 2571 atque
2473 2503 2546 2558 ita
2584 2505 2686 2560 sibi
2728 2507 2857 2578 ipsis
2886 2511 3085 2566 malum
3121 2514 3455 2581 inferebant,
3490 2518 3619 2575 dum

2036 2588 2315 2657 curabant,
2339 2600 2397 2646 ut
2421 2608 2607 2650 eorum
2641 2597 2930 2666 publicatio
2956 2601 3287 2661 dill‘erretnr.
3318 2607 3373 2663 In
3404 2608 3621 2668 Christo

2034 2689 2211 2737 autem
2245 2699 2349 2739 non
2372 2687 2535 2752 item;
2564 2690 2657 2744 sed
2686 2692 2859 2747 media
2886 2704 3041 2751 nocte
3067 2709 3274 2768 raptum
3304 2703 3497 2758 statim
3515 2705 3614 2759 ab-

2031 2771 2319 2841 duxerunt,
2350 2793 2521 2848 nequc
2540 2780 2881 2849 distulerunt,
2914 2787 3303 2846 multitudinem
3327 2793 3615 2851 admodum

2034 2863 2302 2921 timentes.
2325 2866 2475 2923 Circa
2501 2869 2596 2927 hos
2612 2882 2788 2927 autem
2816 2875 3015 2931 nullam
3040 2878 3285 2935 fiduciam
3308 2883 3614 2943 habebant:

2033 2969 2206 3049 neque
2234 2957 2506 3015 adducunt
2538 2977 2631 3018 eos
2668 2965 2734 3018 ad
2775 2966 3033 3035 Pilatum,
3061 2972 3204 3042 quod
3234 2976 3470 3044 priorum
3518 2997 3616 3049 pn-

2031 3048 2203 3114 derct,
2235 3066 2297 3106 ac
2328 3067 2395 3108 ne
2421 3053 2491 3110 de
2517 3054 2583 3111 iis
2604 3057 3071 3130 redarguerenutr.
3107 3063 3322 3121 Factum
3348 3080 3423 3124 est
3443 3048 3616 3129 autem

2029 3140 2082 3194 in
2107 3145 2402 3212 crastinum,
2430 3154 2487 3200 ut
2529 3159 2954 3221 congregarentur
2992 3156 3247 3228 principes
3265 3176 3438 3216 eorum
3461 3174 3506 3218 et
3527 3181 3610 3219 se-

2029 3235 2199 3290 niores
2219 3247 2266 3290 et
2288 3238 2466 3293 scriba:
2492 3240 2545 3294 in
2566 3240 2872 3302 Jerusalem.

2097 3329 2150 3384 5.
2193 3327 2335 3383 Petri
2353 3334 2654 3388 constantia.
2672 3364 2744 3375 —
2761 3335 2964 3392 Rursus
2984 3341 3207 3396 concilia
3234 3343 3605 3418 Jerosolymis,

2024 3428 2079 3477 et
2103 3421 2172 3476 ibi
2204 3423 2417 3493 sanguis
2434 3423 2754 3493 ell'unditnr;
2781 3445 2951 3500 neque
2977 3434 3164 3488 urbem
3189 3437 3406 3491 reveriti
3449 3452 3597 3494 sunt.

2025 3512 2227 3579 Annus,
2262 3513 2449 3584 inquit,
2482 3524 2537 3570 et
2565 3516 2819 3587 Caiphas.
2855 3520 3019 3591 Hujus
3069 3539 3195 3579 vero
3239 3542 3306 3581 ne
3357 3530 3607 3585 ancillam

2022 3605 2236 3676 quidem
2281 3607 2698 3679 interrogantem
2729 3613 2982 3669 sustinuit
3030 3616 3220 3673 Petrus
3263 3619 3476 3689 (Matth.
3512 3623 3604 3678 26.

2022 3699 2112 3767 70)
2142 3716 2154 3753 :
2179 3697 2279 3753 sub
2305 3699 2405 3755 hoc
2427 3711 2731 3771 negaverat,
2764 3705 2890 3759 dum
2909 3706 3046 3761 alius
3071 3709 3427 3767 detineretur.
3455 3714 3606 3769 Nunc

2021 3808 2151 3849 vero
2175 3792 2227 3847 in
2255 3793 2461 3850 medios
2500 3795 2618 3851 illos
2646 3812 2955 3869 erumpens,
2980 3800 3104 3857 vide
3126 3805 3396 3872 quomodo
3423 3808 3605 3876 loqua-

2023 3894 2109 3940 tur
2141 3904 2155 3940 :
2189 3885 2253 3941 Si
2280 3903 2373 3942 nos
2418 3887 2569 3943 hodie
2594 3889 2935 3961 dijudicamur
2976 3893 3029 3946 in
3076 3894 3337 3967 benefacta
3386 3899 3604 3954 hominis

2018 3976 2231 4046 infirmi,
2258 3978 2313 4032 in
2341 3995 2438 4050 quo
2458 3981 2553 4035 iste
2574 3982 2743 4036 salvus
2771 3985 2936 4053 factus
2965 3996 3056 4052 est,
3086 3998 3260 4042 notum
3285 3991 3345 4043 sit
3375 3993 3605 4047 omnibus

2019 4063 2179 4124 nabis.
2212 4070 2292 4125 Illi
2323 4088 2473 4135 vero,
2508 4072 2574 4127 In
2602 4090 2702 4143 quo
2737 4080 2957 4140 nomine,
2987 4079 3259 4148 inquiunt,
3293 4085 3481 4153 fecistis
3509 4087 3604 4140 hoc

2019 4162 2144 4215 vos?
2165 4159 2274 4216 Cur
2304 4178 2407 4217 non
2432 4164 2532 4219 hoc
2559 4164 2713 4227 dicis,
2734 4167 2826 4221 sed
2862 4169 3136 4224 occultas?
3167 4170 3230 4226 In
3256 4190 3354 4243 quo
3401 4178 3604 4231 nomine

2018 4253 2204 4323 fecistis
2232 4254 2327 4307 hoc
2346 4252 2431 4309 eos
2446 4256 2473 4308 ?
2492 4256 2648 4326 Atqui
2675 4257 2903 4324 dicebat,
2932 4259 3048 4315 Non
3070 4278 3167 4318 nos
3196 4263 3438 4320 fecimus.
3472 4268 3602 4323 Vide

2016 4343 2352 4414 prudentiam
2388 4364 2401 4400 :
2436 4363 2541 4400 non
2564 4348 2697 4403 dixit
2723 4350 2924 4415 statim,
2958 4352 3012 4406 In
3043 4355 3258 4411 nomine
3286 4356 3414 4412 Je'su
3466 4357 3597 4414 feci-

2017 4452 2168 4504 mus;
2197 4439 2290 4494 sed
2312 4439 2437 4509 quid
2461 4441 2483 4494 ?
2510 4440 2577 4495 In
2607 4444 2808 4497 nomine
2831 4446 2941 4515 ejus
2969 4446 3050 4499 hic
3070 4448 3236 4505 adstat
3262 4465 3433 4504 coram
3461 4453 3600 4505 vobis

2015 4545 2187 4584 sanus.
2222 4528 2407 4600 Neque
2427 4531 2573 4596 dicit,
2600 4531 2790 4588 Factus
2819 4544 2903 4590 est
2929 4552 2969 4589 a-
2989 4537 3141 4592 nobis
3169 4550 3352 4595 sanus.
3387 4540 3451 4596 Et
3473 4557 3597 4597 rnr~

2015 4633 2128 4688 sus,
2160 4620 2223 4676 Si
2249 4638 2340 4676 nes
2369 4623 2711 4694 dijudicamur
2737 4626 2791 4681 in
2840 4628 3098 4700 benefacta
3137 4630 3355 4685 hominis
3382 4633 3594 4701 infirmi.

2017 4711 2337 4784 Perstringit
2374 4715 2495 4770 illos
2533 4724 2592 4770 ut
2616 4716 2707 4787 qui
2755 4732 2967 4788 semper
2994 4720 3208 4776 easdem
3233 4724 3600 4779 accusationes

2017 4804 2322 4875 proferant,
2352 4817 2407 4861 et
2439 4808 2698 4863 bent-ficia
2745 4808 3017 4865 lmininum
3065 4813 3464 4883 reprehendant
3489 4832 3504 4868 :
3533 4832 3599 4869 ac

2017 4898 2281 4968 pneterita
2307 4899 2359 4952 in
2383 4900 2696 4954 memoriam
2723 4912 2957 4967 revocat,
2987 4903 3130 4973 quod
3151 4920 3365 4974 semper
3386 4905 3454 4960 ad
3488 4920 3595 4961 cas~

2015 4989 2110 5045 des
2137 4999 2391 5054 currant;
2414 5006 2589 5061 neque
2617 4991 2719 5046 hoc
2742 5001 2966 5058 tantum,
3010 4994 3110 5051 sed
3139 4996 3300 5051 etiam
3330 4996 3401 5053 de
3430 4997 3601 5054 bene—

2018 5082 2152 5138 ficiis
2206 5083 2466 5137 incusent.
2499 5082 2679 5148 Vides,
2708 5083 2848 5154 quod
2888 5086 3097 5155 pondus
3127 5088 3288 5143 verba
3321 5089 3595 5146 habeant?

2017 5173 2071 5229 ln
2103 5173 2188 5228 his
2214 5176 2360 5229 enim
2386 5175 2833 5243 cxercitabantur,
2865 5192 2928 5231 ac
2953 5177 3208 5248 deinceps
3251 5179 3599 5250 imperterriti

2014 5275 2184 5320 erant.
2218 5266 2352 5321 llioc
2378 5266 2610 5322 ostendit
2652 5268 2772 5324 illos
2808 5268 2888 5324 vel
2933 5270 3128 5325 invitos
3156 5270 3431 5328 Christum
3462 5288 3600 5343 prae-

2079 5402 2097 5465 t
2130 5403 2139 5410 '
2166 5394 2303 5444 Unus
2353 5398 2508 5465 code;
2559 5396 2708 5465 habet
2735 5437 2749 5459 ,
2832 5408 2995 5465 Ipsum
3018 5403 3389 5465 essc__neum,in
3409 5404 3600 5455 nomine

2011 5462 2151 5529 illius,
2163 5473 2308 5529 quem
2330 5461 2803 5529 utors_drtiuere__non
2825 5461 2994 5525 potuit,
3008 5464 3061 5515 in
3080 5463 3211 5516 illius
3233 5461 3388 5528 ipsius
3408 5472 3600 5519 nomine

2014 5523 2335 5589 prtcdicautas
2353 5521 2569 5589 cohibere
2583 5521 2869 5589 moliuntur.

2077 5588 2098 5618 ¹
2134 5585 2187 5634 1η
2212 5584 2386 5659 eodem
2411 5583 2823 5659 Qud._sie_legttttr
2842 5587 2973 5659 used
2996 5586 3190 5659 ubique.
3208 5588 3528 5659 tumultuatur
3555 5596 3599 5659 et

2014 5648 2065 5761 in
2083 5660 2134 5698 se
2155 5657 2314 5757 magi:
2327 5644 2561 5709 impingit.
2595 5653 2651 5697 ω
2694 5644 2810 5710 Ergo
2830 5648 2873 5700 si
2906 5644 3100 5714 decepti
3116 5647 3337 5712 fuissent.
3356 5650 3598 5706 ita'comi-

2033 5723 2135 5761 tltm
2154 5721 2232 5760 me
2281 5722 2294 5756 ι
2319 5744 2332 5758 .

2033 5723 2135 5762 ιιιηι
2154 5720 2314 5760 meum
2319 5744 2332 5758 .
