4010 6158
314 298 395 355 .59

328 418 527 482 dicare,
566 427 615 472 et
648 418 772 473 dum
798 419 1090 489 dijudicant
1128 433 1179 479 et
1195 427 1526 493 examinant,
1574 429 1675 485 hoc
1718 430 1909 501 dogma

329 509 605 566 extollere.
632 510 792 575 Quem
818 529 903 566 ros
928 516 1269 583 eruciﬁxistis.
1298 518 1456 586 Papae
1478 530 1671 588 quanta
1697 521 1908 576 dicendi

311 600 578 656 libertas!
611 603 765 668 Quem
794 603 936 660 Deus
953 608 1211 661 suscitavit
1249 625 1281 661 a
1306 612 1537 665 mortuis.
1571 612 1681 667 lloc
1713 614 1906 669 iterum

328 694 582 763 majorem
612 711 723 765 prie
752 710 810 751 se
837 694 943 753 fert
961 699 1284 754 libertatem.
1317 700 1426 755 Hoc
1451 719 1577 773 ergo
1605 705 1712 759 vult
1741 707 1908 775 signi-

326 785 485 840 ﬁcare
518 803 531 837 ε
564 785 642 841 Ne
674 789 869 857 putetis
901 805 999 844 nos
1025 791 1374 860 ignominiosa
1403 797 1701 862 occultare;
1732 798 1818 850 illa
1844 798 1907 852 li-

323 875 448 931 bere
477 877 851 947 prtedicamns,
882 880 1080 935 nedum
1107 881 1359 939 celemus.
1410 886 1534 941 lla'c
1565 896 1767 940 tantum
1797 904 1901 942 non

322 965 689 1036 impro‘perans
717 969 865 1033 dicit,
886 986 1059 1041 neque
1089 972 1531 1041 simpliciter,_sed
1553 978 1710 1031 etiam
1738 978 1789 1031 in
1821 977 1902 1034 bis

316 1066 573 1113 moratur.
611 1058 710 1112 Hic
732 1070 804 1112 est
834 1061 986 1129 lapis,
1014 1063 1101 1132 qui
1125 1065 1420 1134 reprobatus
1448 1078 1522 1121 est
1556 1086 1588 1121 a
1614 1070 1748 1123 vobis
1775 1071 1901 1123 auli—

314 1147 602 1214 ﬁcantibus.
630 1149 833 1207 Deinde
861 1154 1150 1209 ostendens
1192 1157 1336 1225 ipsos
1364 1159 1652 1214 admodum
1680 1163 1896 1231 eonSpi-

311 1253 471 1293 cuum
488 1239 635 1294 illum
653 1240 862 1309 fecisse,
878 1242 1021 1298 addit
1042 1263 1053 1298 :
1076 1245 1172 1312 Qui
1189 1249 1353 1316 factus
1371 1259 1444 1302 est
1458 1251 1508 1303 in
1518 1262 1670 1320 caput
1686 1254 1862 1322 anguli
1877 1271 1897 1318 ;

312 1331 362 1385 id
388 1342 493 1399 est,
525 1334 616 1402 qui
657 1344 843 1388 natura
886 1336 1144 1403 pretiosus
1174 1353 1236 1392 ac
1267 1340 1521 1408 probatus
1543 1353 1677 1406 erat,
1699 1343 1784 1397 hic
1814 1361 1894 1399 re-

308 1423 569 1490 probatus
590 1433 690 1479 est.
717 1425 935 1480 Tantam
958 1444 986 1481 a
1009 1429 1160 1497 signo
1185 1431 1325 1485 facto
1353 1433 1620 1489 habebant
1640 1436 1892 1507 loquendi

306 1512 581 1568 ﬁduciam.
613 1513 690 1569 Tu
714 1532 837 1572 vero
865 1518 989 1571 mihi
1015 1522 1302 1588 perpende,
1324 1527 1615 1593 quomodo,
1641 1543 1762 1583 cum
1790 1530 1889 1585 do-

304 1617 434 1660 cere
462 1617 686 1675 oportet,
746 1610 1054 1679 prophetias
1079 1613 1305 1670 afferant
1346 1619 1575 1685 multas;
1608 1635 1728 1676 cum
1762 1638 1890 1678 vero

303 1695 474 1751 libere
505 1697 827 1767 loquendum
859 1711 962 1767 est,
1011 1707 1333 1761 sententiam
1388 1709 1559 1764 solum
1591 1712 1882 1781 proferant.

303 1785 482 1858 Neque
509 1791 659 1856 enim,
694 1792 896 1862 inquit,
943 1796 1085 1850 aliud
1109 1815 1289 1854 nomen
1318 1811 1390 1855 est
1431 1803 1521 1857 sub
1555 1807 1679 1859 etelo
1709 1806 1886 1862 datum

304 1880 601 1947 lnominibus,
632 1885 684 1937 in
713 1902 810 1955 quo
837 1899 1064 1957 oporteat
1091 1908 1183 1946 nos
1211 1893 1377 1949 salvos
1400 1897 1528 1964 fieri.
1550 1898 1685 1966 Quia
1707 1903 1884 1957 omni-

297 1970 396 2026 bus
428 1972 748 2040 hominibus,
781 1993 952 2048 neque
977 1980 1081 2035 illis
1123 1984 1519 2049 solum,datum
1540 1999 1621 2044 est
1648 2005 1875 2048 nomen:

293 2077 395 2132 qua
430 2064 484 2117 in
508 2080 564 2119 re
595 2066 714 2121 illos
738 2069 897 2123 etiam
932 2080 1093 2127 testes
1115 2073 1350 2130 adducit.
1391 2077 1525 2144 Quia
1557 2081 1700 2136 enim
1729 2083 1878 2141 dice-

291 2152 453 2207 bant:
506 2153 573 2208 In
620 2173 720 2225 quo
771 2161 976 2215 nomine
1007 2162 1242 2231 fecistis?
1278 2166 1345 2221 In
1404 2172 1608 2227 nomine
1669 2173 1874 2245 Clu-isti,

291 2241 556 2312 inquiunt,
590 2262 690 2300 non
720 2258 792 2303 est
817 2250 961 2304 aliud
990 2270 1192 2309 nomen.
1225 2257 1508 2323 Quomodo
1545 2278 1675 2334 ergo
1714 2267 1878 2322 inter-

286 2336 525 2403 rogatis?
576 2328 664 2392 Sic
696 2340 891 2410 ubique
945 2344 1046 2400 hoc
1073 2349 1413 2405 manifestum
1453 2364 1553 2407 est.
1588 2355 1699 2410 Nec
1742 2360 1875 2415 enim

283 2425 428 2478 aliud
457 2443 635 2482 nomen
656 2440 730 2483 est
769 2434 861 2486 sub
885 2436 1028 2498 cado.
1063 2436 1251 2508 inquit,
1301 2442 1355 2495 in
1390 2459 1488 2512 quo
1517 2456 1743 2515 oporteat
1781 2466 1873 2507 nos

281 2518 449 2572 salvos
493 2521 623 2586 ﬁeri.
672 2522 799 2580 llaec
844 2535 969 2581 sunt
996 2530 1190 2584 anima:
1220 2533 1380 2588 vitam
1429 2550 1747 2604 praesentem
1777 2542 1872 2599 de-

276 2610 550 2677 spicientis
570 2629 583 2677 ;
630 2624 686 2668 ut
700 2618 871 2687 arguit
891 2620 977 2674 illa
1005 2630 1147 2677 tanta
1163 2625 1400 2682 libertas.
1417 2629 1551 2686 Hinc
1572 2634 1746 2702 palam
1765 2645 1867 2705 est,

275 2701 492 2769 quando
515 2703 731 2761 humilia
755 2708 824 2763 de
852 2710 1065 2767 ChriSto
1085 2714 1234 2782 dicit,
1263 2733 1371 2773 non
1401 2736 1512 2789 pra:
1536 2724 1750 2793 timore,
1774 2729 1869 2783 sed

271 2804 330 2845 se
366 2799 776 2866 attemperando
826 2801 876 2855 id
922 2818 1082 2873 agere
1114 2823 1128 2859 :
1158 2810 1283 2878 quia
1330 2826 1458 2867 vero
1501 2813 1613 2883 jam
1658 2825 1868 2887 tempus

270 2893 409 2951 erat,
452 2886 531 2941 sic
553 2889 802 2945 sublimia
834 2893 1102 2963 loquitur;
1136 2899 1206 2953 ita
1232 2912 1293 2954 ut
1314 2902 1440 2959 hinc
1468 2907 1630 2961 etiam
1657 2909 1865 2965 audito-

267 2988 355 3027 res
399 2992 592 3033 omnes
629 2980 1077 3052 obstupefaceret.
1097 2990 1235 3045 Ecce
1260 3000 1313 3046 et
1333 2995 1475 3050 aliud
1503 2997 1710 3068 signum
1734 3017 1867 3071 prie-

262 3065 500 3121 eedcnte
521 3083 625 3122 non
656 3072 849 3127 minus.
881 3073 1379 3152 Cognoscebanteos,
1396 3087 1588 3158 inquit,
1614 3093 1733 3162 quia
1749 3111 1862 3150 cum

260 3152 393 3209 Jesu
420 3154 792 3226 fuerant.Non
819 3165 934 3221 sine
963 3183 1119 3225 causa
1149 3172 1249 3228 hoc
1281 3179 1458 3245 posuit
1499 3181 1855 3255 Evangelista,

258 3248 351 3301 sed
400 3260 464 3302 ut
506 3250 740 3308 declaret
788 3257 968 3327 etiam,
1002 3261 1086 3316 ubi
1115 3263 1332 3322 fuerint.
1374 3270 1431 3325 ln
1461 3248 1734 3345 passione,
1767 3279 1852 3334 in-

261 3338 391 3405 quit.
425 3338 495 3393 Hi
525 3342 668 3396 enim
696 3345 797 3400 soli
843 3356 967 3405 tunc
995 3368 1094 3407 una
1138 3369 1313 3423 erant,
1365 3338 1577 3432 quando
1608 3369 1855 3427 viderunt

261 3426 380 3485 illos
410 3429 664 3500 humiles,
694 3436 929 3508 dcjectos
956 3461 972 3497 :
1000 3447 1141 3514 quod
1175 3450 1292 3523 illos
1334 3456 1565 3513 maxime
1596 3460 1646 3515 in
1682 3462 1852 3519 admi-

262 3522 524 3577 rationem
549 3527 812 3595 rapiebat,
860 3539 1140 3602 repentina
1184 3556 1379 3612 nempe
1426 3551 1668 3606 mutatio.
1716 3540 1848 3610 Nam

261 3608 363 3668 illic
394 3625 558 3670 erant
602 3620 783 3674 Annas
831 3632 887 3678 et
927 3624 1178 3696 Caipbas,
1212 3640 1267 3687 et
1290 3608 1342 3687 lii
1373 3637 1535 3693 etiam
1567 3641 1849 3702 adstabant

260 3701 386 3771 illis;
418 3724 567 3764 nunc
592 3721 770 3767 autem
798 3715 1255 3788 obstupefaciebat
1280 3741 1377 3781 eos
1408 3729 1494 3785 illa
1526 3739 1670 3789 tanta
1692 3736 1846 3792 liber-

261 3803 354 3850 tas.
376 3798 566 3869 Neque
594 3803 738 3858 enim
766 3808 942 3863 verbis
974 3819 1179 3868 tantum
1202 3818 1578 3891 ostendebant,
1610 3841 1670 3881 se
1712 3829 1844 3884 nihil

256 3899 437 3945 curare
461 3892 537 3947 de
566 3894 727 3951 rebus
772 3898 1074 3967 hujusmodi
1121 3905 1173 3960 in
1194 3907 1283 3977 jus
1317 3910 1595 3983 adductos,
1625 3933 1747 3975 cum
1773 3922 1842 3978 de

256 3984 509 4038 extremis
535 3987 995 4060 periclitarentur;
1020 3997 1113 4052 sed
1134 4008 1189 4054 et
1204 4000 1402 4069 habitu,
1427 4022 1576 4074 voce,
1598 4023 1835 4083 aspectu,

257 4080 308 4124 et
326 4076 581 4131 omnibus
602 4078 900 4137 libertatem
924 4084 1171 4157 loquendi
1193 4106 1373 4149 coram
1390 4100 1602 4169 populo
1622 4076 1841 4160 eithibe-

255 4159 390 4218 bant.
417 4168 750 4226 Mirabantur
777 4189 905 4229 vero
932 4176 1158 4236 fortasse
1181 4223 1196 4250 ,
1226 4187 1367 4251 quod
1397 4159 1641 4247 homines
1684 4195 1839 4252 illite-

254 4255 345 4308 raii
365 4266 419 4311 et
449 4259 635 4314 idiota:
660 4274 857 4319 essent.
886 4267 1065 4324 Potest
1084 4274 1226 4327 enim
1247 4276 1366 4346 quis
1394 4279 1673 4338 illiteratus
1695 4301 1831 4353 esse,

255 4357 345 4400 nec
373 4347 541 4403 idiota
562 4367 575 4413 ;
597 4353 679 4406 vel
702 4353 886 4421 idiom,
909 4374 1008 4414 nec
1034 4360 1338 4418 illiteratus.
1362 4368 1457 4424 llic
1477 4386 1637 4439 porro
1652 4385 1837 4429 osten-

255 4430 324 4487 dit
350 4435 464 4493 binc
488 4439 604 4494 duo
638 4448 997 4501 concurrisse.
1030 4448 1411 4524 Compertoque,
1433 4460 1618 4530 inquit.
1642 4464 1793 4521 Unde
1813 4469 1859 4521 ?'

253 4521 327 4578 Ex
356 4527 436 4595 iis,
470 4547 597 4601 qua:
637 4535 910 4592 dicebant.
942 4538 1055 4594 Non
1089 4542 1278 4614 longos
1306 4521 1828 4628 profert-sermones,

252 4618 335 4671 sed
370 4636 433 4677 ex
480 4625 600 4694 ipsa
648 4630 1013 4687 enuntiatione
1052 4645 1105 4689 et
1142 4643 1539 4702 constructione
1585 4648 1830 4710 ﬁduciam

251 4713 515 4781 ostendit;
555 4716 733 4788 itaque
781 4722 830 4776 in
879 4723 1002 4779 illos
1030 4728 1208 4783 acrius
1238 4733 1491 4801 egissent,
1542 4741 1641 4795 nisi
1670 4742 1831 4800 homo

250 4798 330 4856 ille
357 4805 552 4863 fuisset
580 4823 707 4869 cum.
727 4813 826 4868 eis.
860 4815 1255 4888 Cognoscebant,
1274 4798 1489 4896 inquit,
1519 4831 1654 4901 illos,
1699 4852 1827 4906 quo-

250 4892 371 4947 niam
395 4914 511 4952 cum
559 4898 683 4955 Jesu
718 4907 937 4974 fuerant.
965 4910 1122 4968 Unde
1160 4915 1451 4974 credebant
1492 4922 1607 4979 lucc
1647 4926 1766 4984 illos
1795 4945 1848 4985 a-

247 4978 359 5038 Jesu
400 4988 683 5058 didicisse,
729 5004 784 5049 et
813 5006 871 5050 ut
913 5001 1028 5069 ejus
1057 5004 1353 5076 discipulos
1396 5016 1577 5070 omnia
1622 5016 1822 5077 facere.

246 5068 343 5128 Nec
367 5079 637 5137 minorem
668 5085 878 5141 illorum
907 5090 1065 5148 dictis
1108 5112 1293 5155 vocem
1323 5105 1600 5163 emittebat
1649 5111 1822 5181 ipsum

245 5165 588 5239 miraculum;
618 5177 761 5244 quod
786 5186 841 5231 et
870 5183 1102 5239 maxime
1123 5187 1333 5245 illorum
1364 5208 1457 5248 ora
1489 5198 1819 5258 obstruebat.

246 5251 297 5308 Si
307 5258 504 5326 justum
528 5273 621 5330 est,
655 5267 846 5338 inquit,
894 5271 946 5325 in
975 5289 1244 5346 conspectu
1273 5281 1370 5336 Dei
1408 5301 1493 5340 vos
1531 5293 1699 5358 potius
1724 5312 1820 5349 au-

243 5345 352 5414 dire,
375 5369 531 5421 quam
550 5356 735 5425 Deum,
751 5361 998 5431 judicate.
1023 5345 1245 5433 Quando
1262 5382 1434 5431 metus
1456 5345 1630 5437 minor
1650 5383 1818 5444 factus

243 5448 342 5493 erat
366 5445 518 5509 (nam
554 5448 888 5508 interminari
914 5456 1043 5510 nihil
1081 5460 1225 5516 aliud
1254 5475 1388 5531 erat,
1414 5485 1571 5538 quam
1598 5475 1718 5531 illos
1738 5480 1816 5533 di-

242 5527 409 5603 mitti),
442 5546 572 5592 tunc
593 5541 773 5597 mitius
810 5545 1127 5616 loquuntur;
1147 5551 1217 5607 ita
1248 5559 1429 5623 procnl
1455 5567 1692 5622 erantab
1716 5584 1815 5625 au-

241 5614 393 5678 dacia.
427 5628 568 5695 Quia
592 5641 777 5688 notum
799 5637 1007 5706 signum
1034 5651 1138 5711 est,
1166 5644 1285 5700 Non
1317 5665 1583 5716 possumus
1612 5673 1811 5729 negare.

243 5700 370 5729 ,μη
866 5728 869 5729 ν
916 5728 921 5729 ,

241 5700 404 5781 itaque
460 5731 775 5793 negassent,
822 5728 924 5783 nisi
951 5745 1037 5787 res
1066 5733 1139 5789 ita
1170 5749 1230 5791 se
1255 5736 1546 5813 habuisset,
1568 5749 1669 5806 nisi
1690 5766 1809 5812 om.

1318 310 1387 366 lN
1424 311 1605 369 acra
1642 314 2164 382 APOSTOLORUM.
2210 316 2431 391 llOMlL.
2474 339 2541 394 Χ.

3416 540 3551 560 1,,”
3578 540 3602 546 ,-

2016 540 2140 584 nota
2173 549 2305 593 erat.
2346 540 2451 599 Sed
2500 549 2617 605 talis
2646 563 2729 607 est
2753 559 3009 627 nequitia,
3060 568 3230 625 audax
3274 574 3522 633 nimirum
3548 595 3602 637 et

2014 625 2279 689 petulans.
2315 632 2707 698 Comminemur.
2742 646 2878 714 Quid
2900 652 3116 711 dicitis?
3141 675 3207 715 an
3240 667 3398 722 minis
3424 683 3601 739 spera.

3198 714 3205 715 ,
3424 714 3598 739 -,,ν...ς

2011 714 2080 770 tis
2109 733 2205 774 vos
2251 726 2679 792 pra‘dieationem
2709 755 2833 796 esse
2876 747 3251 810 cohibituros?
3283 759 3369 815 Sic
3400 764 3598 836 ubique

2011 807 2267 880 principia
2294 828 2415 873 sunt
2436 824 2602 880 ardua
2634 839 2685 882 et
2716 831 2969 891 dit’ﬁcilia.
2989 839 3294 912 Magistrum
3325 807 3600 913 interenii‘

2007 898 2123 965 stis,
2153 918 2252 960 nec
2290 912 2722 976 praedicationem
2774 926 3126 998 cohibuistis;
3183 947 3238 992 et
3265 956 3407 997 nunc
3435 948 3595 1006 minis

2005 1003 2100 1044 vos
2128 998 2321 1062 putatis
2348 1002 2633 1063 absterreri
2659 1027 2755 1067 nos
2774 1021 2976 1084 posse?
3010 1022 3227 1083 Vincula
3259 1046 3364 1085 non
3404 1051 3591 1094 suase-

1994 1094 2130 1139 runt
2159 1097 2212 1142 ut
2262 1097 2541 1155 remissius
2592 1104 2936 1175 loqueremur
2960 1154 2975 1178 ,
3018 1126 3073 1171 et
3112 1135 3209 1177 vos
3252 1128 3592 1188 suadebitis?

2002 1173 2187 1248 Nobis,
2220 1183 2455 1257 inquam,
2485 1195 2572 1262 qui
2602 1173 2695 1252 vos
2714 1202 2795 1254 vel
2826 1208 3131 1264 minitantes
3166 1214 3314 1271 nihili
3344 1218 3586 1281 facimus.

2004 1268 2066 1322 Si
2080 1274 2279 1339 justum
2306 1290 2399 1344 est,
2432 1283 2622 1353 inquit,
2652 1291 2704 1344 in
2724 1309 2995 1367 conspectu
3029 1300 3141 1370 Dei,
3172 1320 3257 1361 vos
3282 1313 3443 1382 magis
3483 1332 3583 1370 auo

2009 1363 2105 1382 LV
2318 1371 2352 1382 _

1999 1363 2108 1416 dire
2135 1382 2284 1436 quam
2310 1371 2489 1430 Deurn.
2517 1378 2613 1435 llic
2664 1385 2825 1441 Deum
2872 1407 2969 1459 pro
2989 1393 3205 1453 Christo
3251 1401 3457 1461 dicunt.
3490 1407 3585 1464 Vi-

1997 1454 2119 1510 den’
2138 1466 2408 1528 quomodo
2440 1486 2578 1527 nunc
2610 1481 2850 1535 evenerit
2890 1486 3031 1553 quod
3056 1488 3267 1548 dicebat
3296 1496 3422 1563 illis,
3453 1500 3584 1558 Ecce

1995 1562 2086 1616 ego
2104 1550 2245 1606 mitto
2273 1570 2358 1610 vos
2383 1559 2513 1614 sicut
2547 1579 2662 1620 oves
2701 1569 2754 1622 in
2781 1573 2947 1628 medio
2977 1576 3248 1648 luporum:
3274 1603 3335 1640 ne
3360 1591 3583 1647 (intueri-

1994 1640 2055 1692 tis
2079 1658 2164 1697 eos
2192 1646 2402 1715 (Matth.
2438 1654 2523 1708 10.
2552 1657 2639 1712 16.
2665 1660 2777 1732 26).

2062 1733 2117 1786 4.
2146 1734 2344 1795 Deinde
2375 1751 2821 1809 resurrectionem
2848 1759 3165 1821 conﬁrmant
3197 1784 3293 1840 per
3313 1786 3373 1827 ea
3397 1816 3411 1837 ,
3461 1791 3578 1844 qua:

3197 1823 3214 1840 ι
3269 1823 3273 1824 ν
3322 1823 3370 1827 ν-
3398 1823 3411 1837 ν
3463 1823 3576 1844 κε’-’ν

1989 1823 2245 1894 adjiciunt
2276 1849 2289 1885 :
2308 1831 2422 1888 Nos
2442 1854 2543 1893 non
2566 1858 2832 1911 possumus
2851 1867 2964 1919 qua:
2985 1857 3200 1913 uidimus
3219 1873 3266 1916 et
3289 1866 3576 1925 audivimus

1986 1930 2088 1969 non
2133 1919 2291 1990 loqui.
2339 1924 2522 1998 Itaque
2562 1948 2661 1989 nos
2703 1935 2808 1993 ﬁde
2852 1942 2993 2013 digni
3023 1948 3188 2006 testes
3229 1969 3446 2024 sumus,
3479 1976 3576 2017 vos

1985 2017 2163 2062 autem
2193 2010 2387 2070 frustra
2432 2019 2870 2084 interminamini.
2917 2034 3047 2091 Cum
3090 2055 3218 2112 ergo
3245 2052 3572 2115 oportuisset

1982 2101 2176 2154 mutari
2207 2116 2301 2158 eos
2328 2122 2424 2175 pro
2461 2126 2521 2165 ea
2552 2129 2611 2169 re
2632 2159 2647 2183 ,
2679 2117 2746 2175 de
2774 2137 2878 2191 qua
2911 2130 3138 2198 p0pulus
3151 2101 3346 2191 vDeulm
3374 2140 3573 2208 glorifi-

2793 2187 2805 2191 _
2912 2187 2925 2195 _
2983 2187 2996 2198 _
3180 2187 3199 2188 ί
3232 2187 3346 2191 η---
3374 2187 3545 2208 οων..

1981 2187 2175 2258 cabat,
2207 2193 2279 2249 illi
2306 2209 2491 2256 contra
2533 2220 2719 2263 necem
2766 2218 3195 2291 comminantur;
3243 2227 3312 2282 ita
3343 2229 3440 2286 Dei
3475 2233 3573 2291 ho-

1980 2288 2089 2334 stes
2116 2294 2287 2339 erant.
2321 2288 2390 2344 Et
2421 2293 2615 2351 additis
2656 2301 2837 2372 minis,
2882 2288 3200 2370 dimiserunt
3239 2318 3378 2376 illos.
3432 2325 3567 2383 llinc

1980 2371 2056 2425 illi
2094 2375 2347 2434 clariores
2394 2383 2818 2464 illustrioresque
2865 2399 2987 2455 facti
3032 2417 3179 2462 sunt.
3224 2409 3355 2466 Nam
3396 2413 3568 2474 Virtus

1977 2479 2123 2533 mea,
2158 2467 2358 2539 inquit,
2380 2477 2433 2529 in
2468 2479 2762 2549 inﬁrmitate
2796 2494 3073 2561 perﬁcitur.
3106 2499 3224 2556 Jam
3254 2503 3328 2559 illi
3371 2508 3565 2563 teStili-

1975 2556 2080 2608 cati
2122 2568 2248 2613 sunt
2285 2563 2544 2625 adversus
2596 2578 2773 2632 omnia
2799 2556 3082 2641 instructi.
3128 2591 3264 2659 Quid
3306 2597 3405 2651 sibi
3447 2603 3562 2656 vult

3137 2641 3264 2659 ν--
3306 2641 3405 2651 -..η
3457 2641 3560 2656 .....

1973 2641 2139 2714 illud,
2170 2649 2281 2704 Nos
2306 2671 2407 2709 non
2447 2675 2713 2725 possumus
2762 2686 2840 2735 ea,
2884 2690 2997 2742 qua:
3031 2679 3246 2736 vidimus
3282 2695 3327 2738 et
3359 2689 3560 2744 audivi-

1974 2751 2124 2803 mus,
2150 2755 2252 2793 non
2292 2745 2467 2813 loqui?
2494 2750 2551 2805 Si
2589 2753 2719 2809 falsa
2765 2772 2924 2827 sunt,
2969 2767 3146 2836 aiunt,
3189 2788 3248 2826 ea
3280 2791 3399 2844 qua:
3426 2778 3561 2835 dici-

1972 2839 2127 2894 mus,
2151 2835 2526 2904 rcprehende;
2555 2841 2638 2896 sin
2668 2850 2794 2900 vera
2816 2888 2831 2913 ,
2859 2864 2953 2905 cur
2978 2857 3275 2924 prohibes?
3302 2864 3445 2922 Talis
3473 2886 3560 2925 res

1972 2926 2056 2972 est
2085 2921 2444 2995 philosophia.
2492 2931 2571 2986 Illi
2614 2935 2665 2989 in
2701 2943 2942 3009 angustia
2966 2921 2997 3011 ,⁷
3016 2945 3068 3000 Ιιί
3118 2950 3166 3004 in
3211 2952 3390 3012 lintitia
3425 2921 3438 3014 ἐ
3473 2921 3556 3019 ini

1969 3012 2141 3067 multo
2176 3016 2380 3084 pudore
2411 3023 2590 3092 pleni,
2624 3026 2677 3081 hi
2715 3029 2941 3089 ﬁdenter
2980 3041 3157 3096 omnia
3186 3043 3385 3104 faciunt
3414 3069 3426 3105 :
3475 3053 3553 3109 illi

1969 3102 2188 3174 timent,
2216 3108 2269 3163 hi
2297 3110 2487 3169 ﬁducia
2512 3117 2649 3186 pleni
2676 3132 2820 3178 sunt.
2855 3127 3109 3202 Quinam,
3143 3153 3357 3210 quaeso,
3393 3145 3548 3203 time-

1963 3194 2139 3251 bant?
2180 3201 2288 3258 iine
2333 3208 2420 3275 qui
2458 3208 2704 3284 dicebant
2730 3234 2743 3269 :
2772 3194 3123 3295 Neamplius
3159 3194 3551 3306 .divulgeturuin

1960 3287 2138 3360 vulgus
2154 3307 2176 3356 ,'
2200 3307 2266 3347 an
2288 3298 2375 3365 qui
2401 3297 2683 3372 dicebant,
2716 3306 2834 3363 Non
2863 3287 3131 3382 possumus
3155 3336 3214 3374 ea
3232 3361 3247 3386 ,
3275 3287 3389 3395 quae
3419 3328 3546 3382 vidi-

1957 3392 2071 3433 mus
2109 3389 2156 3435 et
2183 3385 2468 3443 audivimus
2489 3431 2502 3455 ,
2531 3408 2632 3447 non
2663 3396 2846 3467 loqui?
2874 3402 2937 3456 Hi
2961 3417 3108 3462 certe
3138 3409 3189 3463 in
3216 3414 3418 3489 majore
3455 3433 3549 3475 vo-

1959 3468 2143 3489 .MUL
2587 3486 2600 3489 -

1957 3468 2194 3542 luplale,
2247 3476 2491 3538 libertate
2511 3486 2768 3544 etlirtilia
2800 3496 3185 3565 versabantur;
3232 3468 3545 3567 minimae-

1952 3575 2077 3618 rore
2097 3605 2111 3629 ,
2154 3568 2356 3634 pudore
2383 3581 2438 3626 et
2466 3586 2611 3631 metu
2645 3595 2660 3630 :
2706 3583 2960 3651 populum
2991 3589 3133 3644 enim
3165 3593 3443 3654 timebant.
3475 3602 3540 3656 lli

1952 3667 2072 3723 quae
2100 3658 2383 3726 volebant,
2426 3658 2812 3739 loquebantur;
2861 3677 2936 3731 illi
2966 3697 3084 3751 quin
3117 3687 3398 3756 volebant,
3430 3710 3535 3750 non

1954 3742 2238 3804 faciebant.
2290 3754 2518 3820 Quinam
2562 3775 2694 3817 vero
2724 3765 2776 3819 in
2808 3768 3036 3829 vinculis
3077 3783 3132 3831 et
3182 3779 3235 3833 in
3278 3784 3537 3852 periculis

1948 3841 2142 3894 erant?
2191 3858 2370 3901 nonne
2401 3849 2487 3904 isti
2518 3854 2791 3913 maxime?

2023 3929 2353 3990 Theatrorum
2371 3942 2581 3998 vanitas.
2598 3975 2670 3987 --
2694 3948 2887 4008 Virtuti
2924 3970 3053 4027 ergo
3081 3959 3381 4021 hmreamus
3408 3987 3422 4022 :
3454 3976 3532 4027 uc

1945 4019 2012 4074 ad
2030 4023 2352 4094 voluptatem
2375 4041 2428 4086 et
2444 4037 2866 4099 consolationem
2893 4057 3094 4106 tantum
3117 4053 3276 4111 dictis
3297 4068 3528 4117 utamur.

1943 4108 2059 4165 Non
2101 4125 2186 4172 est
2227 4115 2331 4173 hoc
2376 4122 2677 4193 theatrum,
2723 4130 2949 4202 dilecte,
2997 4141 3413 4200 citharoedorum
3446 4152 3530 4205 vel

1945 4204 2305 4272 tragmdoruin
2331 4251 2346 4277 ,
2380 4213 2533 4282 cujus
2563 4216 2769 4275 fructus
2802 4234 2884 4278 est
2920 4227 3167 4298 voluptas
3196 4241 3432 4301 tantum,
3476 4254 3530 4295 et

1942 4291 2170 4349 decurso
2196 4297 2284 4352 die
2311 4306 2523 4358 transiit
2545 4308 2811 4381 voluptas.
2845 4316 3020 4385 Atque
3050 4321 3248 4377 utinam
3283 4327 3526 4399 voluptas

1944 4390 2151 4441 tantum
2190 4399 2368 4456 esset,
2413 4403 2469 4448 et
2511 4412 2617 4452 non
2648 4400 2902 4459 damnum
2938 4422 3057 4463 cum
3098 4414 3368 4486 voluptate
3394 4436 3526 4477 eon-

1935 4475 2217 4545 junctum;
2245 4491 2476 4541 attamen
2517 4488 2638 4544 inde
2659 4490 2876 4549 domum
2918 4499 3109 4572 singuli
3137 4518 3196 4561 se
3224 4511 3520 4582 recipiunt,

1946 4567 2080 4625 hinc
2133 4574 2299 4629 multa
2330 4580 2479 4647 quasi
2504 4595 2572 4635 ex
2606 4584 2831 4654 quadam
2854 4591 2939 4647 lue
2973 4606 3153 4652 coacta
3182 4602 3476 4662 referentes
3506 4626 3521 4663 :

1937 4667 1992 4714 et
2019 4660 2333 4722 adolescens
2363 4672 2593 4755 quidem
2618 4691 2682 4730 ex
2724 4674 2979 4740 satanicis
3020 4691 3304 4750 cantilenis
3346 4698 3521 4768 aliqua

1935 4761 2206 4810 mutuatus
2226 4799 2240 4825 ,
2273 4776 2391 4829 quin
2420 4751 2593 4833 putuit
2626 4774 2882 4828 memoria
2923 4776 3187 4850 retinere,
3216 4785 3523 4858 frequenter

3446 5202 3512 5227 tu,

1928 5213 2038 5268 imo
2065 5231 2169 5271 non
2202 5234 2301 5274 nos
2328 5226 2606 5291 posuimus
2632 5248 2644 5284 :
2673 5233 2846 5301 absit;
2876 5236 3054 5295 Nolite
3077 5260 3285 5313 uocare,
3319 5248 3509 5321 inquit,

1929 5308 2222 5377 magistrum
2258 5330 2411 5384 super
2437 5327 2622 5375 terram
2652 5323 2863 5394 (Matt/1.
2890 5330 2979 5386 25.
3008 5334 3098 5405 8);
3131 5308 3301 5407 legem
3335 5308 3510 5411 posui;

1925 5396 2202 5467 Christus,
2238 5419 2305 5460 ne
2347 5410 2466 5477 quis
2507 5411 2671 5480 juret.
2721 5417 2857 5483 Quid
2886 5462 2898 5486 ,
2932 5439 3156 5494 quaeso,
3187 5430 3327 5488 circa
3373 5434 3509 5495 hanc

1924 5489 2095 5560 legem
2140 5492 2334 5550 factum
2367 5510 2442 5555 est
2468 5503 2491 5555 ?
2523 5520 2695 5575 neque
2720 5512 2862 5566 enim
2896 5489 3054 5571 ﬁnem
3083 5519 3270 5578 faciam
3315 5525 3413 5583 hac
3436 5532 3507 5586 de

1922 5595 1982 5636 re
2031 5582 2280 5652 loquendi
2306 5629 2322 5655 ,
2354 5588 2435 5644 Ne
2457 5592 2586 5660 forte
2609 5598 2794 5652 iterum
2822 5605 3052 5675 septiens,
3083 5620 3139 5665 ut
3169 5614 3243 5668 ait
3272 5618 3500 5687 Aposto-

1919 5672 2003 5727 lus
2025 5714 2041 5741 ,
2073 5693 2173 5730 non
2202 5696 2409 5747 parcam
2439 5684 2516 5755 (2.
2556 5685 2673 5743 Cor.
2719 5692 2804 5747 15.
2852 5694 2933 5762 2).
2963 5672 3098 5757 Nutu
3130 5704 3181 5761 id
3225 5672 3500 5768 cur'iistis'l

1848 5827 1869 5837 ἦ
1920 5781 2048 5821 num
2087 5768 2298 5827 solliciti
2349 5773 2525 5831 fuistis
2552 5789 2642 5834 aut
2689 5784 2954 5844 studiosi?
2996 5808 3062 5847 an
3107 5797 3294 5856 eadem
3341 5803 3499 5860 nobis
