4088 6142
475 289 563 350 ’91
1207 286 1261 344 S.
1303 281 1579 345 JOANNIS
1615 278 2088 340 CllRYSOSTOMl
2129 279 2446 337 ARCHIEP.
2487 280 3020 342 CONSTANTINOP.
3708 287 3780 344 92

494 424 683 467 rursus
704 407 927 464 dicenda
954 407 1114 462 sunt?
1139 405 1250 461 lino
1278 407 1391 462 sive
1417 405 1616 477 aliquid
1638 404 1834 458 factum
1855 401 1943 466 sit,
1968 401 2080 454 sive

499 516 604 555 non
627 540 641 565 ,
673 499 861 554 eadem
903 499 1014 566 ipsa
1060 497 1434 567 aggrediemur
1455 539 1468 561 ,
1498 506 1555 551 ut
1582 511 1767 551 curam
1797 491 2037 547 habeat's
2060 531 2076 558 ,

499 601 555 646 ut
593 591 720 644 illud
763 589 969 644 lirmius
997 589 1296 645 observetis
1343 599 1397 644 et
1425 590 1559 644 alios
1589 582 1898 642 hortemini.
1930 581 2079 639 Unde

496 697 624 753 ergo
649 681 1008 751 incipiemus?
1030 680 1203 738 Vultis
1233 698 1263 735 a
1289 681 1459 737 veteri
1488 679 1642 750 lege?
1672 679 1832 748 Atqui
1859 677 1960 732 hoc
1983 690 2079 730 no-

498 773 581 826 bis
610 771 798 841 pudori
841 781 947 840 est,
981 771 1126 842 quod
1171 787 1233 828 ea
1258 813 1274 838 ,
1304 788 1423 842 qua:
1464 771 1516 826 in
1547 771 1717 826 veleri
1749 769 1865 839 lege
1911 775 2074 833 sunt,

493 879 610 932 qua:
636 877 966 933 exsuperare
987 870 1288 932 oporteret,
1308 877 1378 917 ne
1406 874 1684 916 servemus
1706 859 1945 929 quidem.
1969 854 2078 910 Nos

493 963 641 1008 certe
671 968 776 1007 non
808 953 874 1009 de
906 953 988 1008 his
1018 952 1206 1008 audire
1253 951 1606 1008 conveniebat
1635 949 1892 1021 (Judaica:
1935 945 2077 1002 enim

499 1044 722 1100 vilitatis
769 1043 886 1099 haec
950 1054 1215 1114 praecepta
1263 1042 1466 1110 sunt),
1514 1042 1610 1098 sed
1662 1042 1753 1096 illa
1801 1040 2074 1111 perfecta:

495 1134 668 1204 abjice
699 1135 952 1205 pecunias
972 1176 987 1202 ,
1031 1143 1114 1190 sta
1140 1134 1350 1190 fortiter
1376 1176 1390 1200 ,
1433 1134 1673 1188 animam
1691 1147 1792 1203 pro
1817 1130 2077 1203 pratdica-

499 1226 642 1281 tione
679 1226 804 1280 dato
825 1267 841 1293 ,
873 1234 1084 1281 terrena
1125 1226 1302 1280 omnia
1331 1225 1447 1280 ride
1471 1265 1488 1290 ,
1517 1224 1650 1278 nihil
1697 1223 1787 1278 tibi
1826 1223 1897 1278 sit
1923 1236 2076 1277 cum-

496 1331 658 1370 mune
687 1331 806 1371 cum
853 1317 1104 1387 prtesenti
1132 1319 1275 1382 vita;
1307 1317 1350 1370 si
1379 1316 1499 1386 quis
1529 1325 1582 1371 te
1629 1313 1788 1370 lazdat
1808 1354 1823 1379 ,
1855 1311 2076 1368 benefa-

485 1409 632 1476 cito;
662 1410 709 1465 si
739 1418 790 1465 te
814 1409 1126 1476 defraudet,
1156 1409 1496 1475 benedicito;
1544 1408 1589 1465 si
1620 1417 1806 1464 contra
1850 1414 1901 1461 te
1929 1405 2076 1461 blas-

495 1501 743 1570 phemet,
773 1503 1066 1569 honorato;
1105 1503 1354 1558 omnibus
1383 1501 1630 1573 superior
1671 1509 1810 1557 esto.
1859 1499 1984 1556 Haec
2023 1507 2077 1556 et

494 1595 688 1648 similia
717 1595 902 1650 audire
927 1595 1226 1666 oportebat.

561 1685 753 1740 Contra
767 1687 1080 1755 juramenta.
1107 1715 1178 1726 —-
1196 1685 1348 1742 Nunc
1370 1694 1547 1742 autem
1576 1685 1643 1741 de
1665 1685 1968 1756 juramento
1999 1683 2076 1739 lo-

491 1776 742 1845 quimur;
773 1785 934 1847 atque
962 1775 1193 1846 idipsum
1240 1777 1532 1846 contingit,
1575 1790 1636 1831 ac
1675 1777 1720 1830 si
1764 1775 1882 1845 quis
1910 1789 2071 1840 eum,

491 1873 580 1941 qui
608 1871 716 1941 jam
746 1871 940 1927 debeat
968 1870 1332 1941 philosophari
1359 1912 1374 1938 ,
1406 1885 1436 1924 a
1463 1869 1776 1926 doctoribus
1821 1869 1934 1924 suis
1979 1867 2074 1923 ab-

492 1963 737 2028 strahat,
785 1971 948 2032 atque
995 1963 1230 2033 syllabas
1257 1971 1312 2018 et
1357 1963 1624 2018 elementa
1675 1961 1856 2031 legere
1897 1968 2071 2031 cogat.

490 2053 675 2124 Cogita
707 2055 836 2108 mihi
882 2062 1113 2124 quantus
1141 2053 1314 2124 pudor
1340 2053 1411 2108 sit
1452 2053 1720 2108 hominem
1757 2051 2071 2122 profundam

491 2144 773 2199 habentem
807 2144 1050 2210 barbam,
1083 2144 1332 2199 baculum
1364 2143 1627 2200 ferentem
1649 2152 1702 2198 et
1729 2142 1943 2212 pallium
1975 2141 2068 2212 (a),

487 2237 554 2289 ad
583 2237 866 2306 magistros
912 2251 1035 2290 cum
1064 2236 1244 2305 pueris
1273 2235 1422 2290 abire
1443 2275 1460 2302 ,
1502 2242 1562 2290 ut
1591 2233 1779 2290 eadem
1809 2248 1930 2288 cum
1969 2233 2071 2288 illis

487 2327 658 2381 discat
682 2344 693 2379 :
722 2341 902 2381 nonne
928 2325 1054 2381 hinc
1080 2340 1304 2396 magnus
1333 2325 1516 2380 risus?
1544 2324 1649 2382 Sed
1680 2325 1784 2394 jam
1811 2324 1980 2393 major
2005 2339 2068 2379 ex

487 2417 660 2472 nobis.
683 2417 798 2472 Non
820 2417 963 2473 enim
999 2426 1203 2472 tantum
1236 2415 1562 2472 discriminis
1580 2424 1661 2471 est
1683 2414 2068 2485 phiIOSOphiam

486 2510 626 2564 inter
655 2518 708 2563 et
736 2509 1004 2564 elementa
1025 2548 1041 2574 ,
1075 2516 1329 2578 quantum
1361 2508 1500 2562 inter
1525 2506 1746 2563 Judaica
1771 2515 1826 2561 et
1852 2515 2029 2560 nostra
2051 2521 2065 2570 ;

484 2599 578 2654 sed
609 2607 865 2669 quantmn
895 2599 1035 2653 inter
1058 2598 1274 2668 angelos
1300 2609 1355 2653 et
1381 2598 1647 2652 homines.
1680 2596 1736 2653 Si
1760 2597 1900 2666 quis,
1924 2611 2070 2666 qua:-

482 2704 545 2744 so
575 2698 627 2743 te
650 2731 665 2755 ,
697 2689 946 2760 angelum
984 2688 1052 2744 de
1077 2689 1208 2743 caelo
1233 2687 1522 2743 deductum
1547 2687 1764 2758 juberet
1795 2687 1883 2742 hic
1927 2697 2069 2742 stare

485 2787 538 2832 et
584 2778 744 2834 verba
777 2788 961 2832 nostra
999 2778 1216 2844 audire,
1263 2786 1322 2833 ut
1350 2778 1642 2838 secundum
1670 2792 1734 2832 ea
1761 2792 1821 2833 se
1849 2792 2069 2846 compo-

480 2877 674 2935 neret,
707 2883 886 2923 annon
932 2868 1103 2937 pudor
1152 2867 1277 2923 inde
1327 2877 1380 2922 et
1428 2867 1566 2922 risus
1610 2867 1970 2937 sequeretur?
2011 2866 2068 2922 Si

480 2975 611 3013 vero
637 2959 702 3014 de
731 2961 794 3014 iis
819 2960 928 3029 jam
954 2959 1154 3014 erudiri
1186 2958 1468 3012 ridiculum
1499 2966 1582 3012 est
1606 2997 1621 3023 ,
1652 2957 1736 3011 his
1761 2972 1830 3011 ne
1851 2956 2066 3026 quidem

477 3049 786 3116 attendere,
837 3033 1032 3118 quanta
1099 3047 1411 3102 damnatio?
1462 3056 1693 3117 quantus
1740 3047 1953 3115 pudor?
2001 3048 2068 3102 Et

477 3138 751 3208 quomodo
783 3154 890 3193 non
931 3137 1103 3208 pudor
1127 3137 1232 3204 sit,
1271 3137 1412 3207 quod
1440 3136 1616 3192 adhuc
1641 3134 1931 3192 Christiani
1972 3135 2066 3192 ad-

477 3230 686 3285 discant
715 3245 822 3284 non
849 3244 970 3285 esse
1012 3213 1620 3299 jurandum?’Attamen
1667 3243 1766 3283 nos
1810 3229 2068 3298 reprima-

476 3338 595 3376 mus
615 3362 630 3386 ,
658 3337 727 3377 ne
754 3322 924 3389 magis
974 3321 1265 3376 rideamur.
1297 3321 1416 3389 Age
1445 3319 1607 3391 igitur
1635 3334 1705 3375 ex
1736 3320 1902 3374 veteri
1947 3319 2065 3391 lege

482 3413 635 3466 vobis
660 3411 987 3467 disseramus
1017 3410 1200 3466 hodie.
1228 3409 1364 3477 Quid
1391 3418 1570 3465 autem
1597 3409 1726 3465 dicit
1751 3409 1885 3464 illa?
1913 3409 2065 3464 Jure-

476 3514 644 3557 ntcnto
693 3520 755 3557 ne
799 3505 1108 3574 assuefacias
1151 3520 1209 3559 os
1268 3513 1448 3568 tuum,
1499 3519 1658 3572 neque
1708 3518 1824 3557 cum
1866 3504 2066 3559 nomine

476 3595 658 3649 Sancti
707 3610 1029 3649 consuescas.
1070 3593 1287 3663 Quare?
1330 3593 1476 3648 Sicut
1537 3593 1674 3646 enim
1720 3607 1930 3658 servus,
1978 3594 2063 3664 qui

476 3697 735 3756 torquetur
774 3687 1006 3752 assidue,
1051 3704 1083 3740 a
1123 3688 1280 3742 livore
1314 3702 1415 3740 non
1451 3685 1784 3756 purgabitur;
1811 3686 1882 3739 sic
1907 3701 2063 3754 neque

469 3784 648 3850 jttrans
679 3779 866 3849 (Eccli.
893 3780 984 3834 Ξῖ).
1014 3780 1198 3850 9-H).

541 3875 596 3930 5.
637 3873 772 3930 Vide
816 3874 1152 3944 prudentiam
1203 3871 1360 3941 hujus
1406 3869 1685 3940 sapientis.
1732 3868 1849 3923 Non
1893 3868 2056 3934 dixit,

470 3966 778 4020 Juramento
824 3981 890 4030 ne
934 3963 1258 4019 assuefacias
1309 3971 1547 4016 mentem
1592 3968 1775 4024 tuam;
1822 3957 1940 4024 sed,
1988 3955 2060 4012 0s

473 4069 648 4121 tuum;
698 4057 818 4128 quia
855 4067 1020 4112 totum
1050 4071 1116 4112 ex
1143 4069 1237 4109 ore
1266 4067 1386 4108 esse
1419 4051 1639 4115 sciebat,
1673 4060 1728 4106 et
1756 4050 1879 4120 quia
1907 4048 2060 4104 facile

469 4152 772 4221 corrigitur.
821 4150 952 4204 Nam
987 4146 1321 4204 consuetudo
1348 4155 1433 4201 est
1463 4145 1678 4199 demum
1714 4142 1829 4196 sine
1855 4155 2056 4210 propo-

468 4245 572 4298 sito
614 4243 750 4297 facta
785 4259 800 4296 :
833 4252 894 4298 ut
925 4250 1050 4296 sunt
1080 4240 1234 4296 multi
1260 4239 1349 4309 qui
1379 4239 1432 4292 in
1461 4236 1648 4291 balnea
1682 4233 1936 4304 ingressi,
1969 4233 2058 4287 ubi

470 4334 610 4390 fores
651 4334 996 4399 transierunt,
1037 4347 1097 4388 se
1145 4332 1378 4402 signant.
1433 4327 1547 4383 lloc
1578 4327 1717 4383 solet
1742 4339 1931 4380 manus
1959 4340 2055 4379 ne-

469 4425 612 4479 mine
629 4424 852 4494 jubente
882 4440 947 4478 ex
976 4423 1362 4478 consuetudine
1390 4421 1585 4475 facere.
1608 4419 1814 4473 Rursus
1831 4432 2056 4472 accensa

472 4517 713 4581 lucerna,
751 4524 929 4571 mente
968 4514 1112 4569 aliud
1139 4514 1410 4583 quidpiam
1444 4511 1838 4574 considerante,
1867 4524 2056 4564 manus

470 4609 678 4678 signum
703 4606 845 4660 facit.
871 4605 946 4660 Ita
975 4613 1030 4660 et
1057 4619 1138 4669 os,
1164 4618 1268 4658 non
1291 4619 1358 4658 ex
1386 4602 1564 4656 animo
1597 4601 1848 4670 loquitur,
1873 4599 1966 4654 sed
1988 4615 2055 4653 ex

469 4698 882 4764 consuetudine,
910 4706 1185 4765 totumque
1208 4704 1290 4749 est
1315 4695 1367 4749 in
1395 4694 1594 4763 lingua.
1628 4691 1806 4760 Neque
1829 4707 1945 4744 cum
1973 4707 2057 4744 no-

469 4792 604 4846 mine
634 4789 811 4844 Sancti
836 4803 1152 4842 consucscas.
1185 4785 1331 4841 Sicut
1361 4785 1498 4838 enim
1518 4799 1708 4843 servus.
1740 4783 1827 4852 qui
1847 4791 2050 4852 torque-

470 4893 553 4935 tur
569 4879 788 4945 assidue,
813 4895 844 4932 a
865 4879 1021 4933 livore
1044 4894 1144 4932 non
1166 4876 1460 4948 purgabitur
1483 4892 1501 4930 :
1527 4875 1597 4930 sic
1619 4889 1775 4943 neque
1791 4874 1874 4943 qui
1889 4873 2052 4944 jurat.

469 4971 585 5028 Non
614 4970 907 5042 perjurium
937 4967 1043 5036 hic,
1076 4966 1170 5024 sed
1197 4968 1558 5038 juramentum
1595 4964 1857 5022 exscindit
1897 4979 2053 5034 pcena

534 5106 621 5168 (a)
643 5104 700 5168 In
716 5104 846 5168 hunc
867 5103 1026 5168 locum
1038 5103 1156 5168 haec
1178 5107 1316 5168 notat
1348 5101 1597 5151 Dounteus
1631 5098 1760 5168 apud
1787 5096 2051 5168 Savilium:

474 5161 944 5234 mi'c'insigniasunt
965 5164 1368 5228 philosophorum,
1394 5178 1518 5234 ea,»
1543 5161 1842 5234 part._(spissa
1860 5161 2052 5234 barba),

474 5243 650 5296 βαεπρῑα
671 5219 936 5296 (baculus),
960 5219 1099 5288 ἱεωμες,
1124 5219 1269 5296 quam
1308 5219 1551 5295 caputiuni
1593 5219 2053 5296 irtter'jn'etor,qrtott

474 5259 650 5291 ραιπρι..
671 5259 936 5290 “meum”,
960 5259 1099 5288 ιςυιμις,
1308 5259 1551 5295 ..ι-γυνη...
1593 5259 1864 5286 .......,,.....,.
1925 5259 2051 5282 .,......

473 5291 540 5338 ad
577 5289 855 5354 mgisteria
888 5296 1060 5354 nostra
1101 5287 1287 5354 indetur
1319 5299 1532 5354 _a_prtsc_o
1571 5297 1702 5332 rnore
1747 5259 2051 5354 ιναηεὲιιιιιηι2

474 5343 764 5414 quanth
787 5351 1018 5402 Lucianus
1032 5349 1081 5399 in
1103 5348 1267 5399 Itabitu
1279 5343 1663 5414 philosoplwrum
1674 5357 1792 5414 nusq
1797 5356 1906 5393 nam
1917 5343 2054 5414 quod

472 5404 684 5477 memini,
711 5420 958 5477 meMorat,
977 5425 1042 5468 τῆν
1065 5420 1237 5477 tamus,
1260 5404 1346 5460 sed
1364 5404 1560 5477 barbam
1586 5404 2056 5477 prom‘issarnnlltacu-

474 5464 884 5536 ιιυη,ειῖτοισέι-.ιον,
911 5464 1105 5536 nbcfeu’.
1129 5464 1310 5522 trinum
1333 5470 1543 5536 pallium.
1569 5464 1623 5517 λι
1645 5467 1800 5516 Julius
1827 5464 1997 5536 Pullus:
2034 5477 2052 5536 ς

476 5525 684 5598 (fornice,
712 5525 883 5598 inquit,
903 5534 1042 5598 vestis
1073 5525 1182 5596 quae
1207 5525 1396 5598 exonjis
1440 5537 1631 5598 vocatur
1660 5541 1677 5598 ς
1705 5541 1798 5578 non
1819 5525 1955 5598 aliud
1978 5533 2048 5576 est

478 5594 606 5642 enim
627 5595 719 5643 nisi
751 5591 913 5647 tamen
952 5596 1060 5644 alba
1086 5591 1143 5645 ἐι
1177 5592 1382 5652 scriniis,
1409 5606 1438 5642 a
1463 5592 1608 5642 latere
1645 5591 1817 5640 dextro
1837 5595 2053 5652 suturam

477 5664 570 5702 non
593 5652 781 5706 habens.
801 5657 862 5706 Et
886 5657 986 5705 vult
1011 5669 1122 5703 esse
1146 5655 1336 5704 servilis
1358 5649 1634 5703 vestimenti
1657 5661 1832 5712 genus,
1851 5650 1920 5699 sic
1937 5649 2051 5700 dicti

477 5715 606 5776 quod
631 5715 783 5765 latere
807 5725 978 5780 aperto
999 5716 1226 5765 dextrum
1248 5717 1506 5767 humerum
1525 5714 1845 5764 cxscrcbant.

2191 395 2265 451 illi
2287 399 2546 468 apposita.
2570 401 2708 471 Ergo
2730 401 3086 471 j'uramentum
3113 410 3385 472 peccatum
3409 411 3509 457 est.
3531 402 3677 461 Talis
3699 416 3778 461 est

2187 490 2385 555 anima,
2419 491 2614 546 talibus
2629 503 2799 548 scatet
2817 494 3143 560 vulneribus,
3173 495 3475 566 talibusque
3497 496 3775 553 livoribus.

2187 581 2270 635 An
2299 591 2355 636 tu
2375 596 2481 636 non
2509 582 2696 638 vides?
2722 583 2834 640 Hoc
2862 585 3004 640 enim
3034 600 3193 657 grave
3217 594 3303 642 est
3332 605 3344 640 :
3375 589 3623 658 quamvis
3647 605 3774 661 pos—

2186 671 2261 728 sis
2306 672 2486 728 videre
2534 675 2581 730 si
2626 676 2798 741 velis;
2853 676 3000 732 dedit
3035 678 3231 748 quippe
3260 679 3355 734 tibi
3383 679 3525 734 Deus
3567 681 3774 738 oculos.

2188 764 2406 820 Talibus
2435 767 2607 823 oculis
2631 767 2847 823 videbat
2877 768 3162 839 propheta,
3192 769 3378 825 dicens
3411 787 3424 824 :
3457 768 3777 828 Patr-erunt

2185 865 2232 911 et
2260 867 2514 928 corrupta:
2537 869 2656 913 sunt
2685 859 2942 914 cicatrices
2966 875 3093 915 mea
3111 877 3142 912 a
3167 860 3298 929 facie
3322 860 3632 934 insipientia
3650 879 3778 919 mea

2151 946 2377 1020 _(Psat.
2421 948 2512 1002 ‘57.
2548 946 2646 1018 (i).
2695 948 2862 1004 Deum
2911 949 3288 1019 despeximus,
3329 966 3526 1007 nomen
3572 951 3773 1008 bonum
3862 998 3868 1001 _

2182 1041 2309 1096 odio
2348 1040 2654 1109 habuimus,
2696 1041 2966 1098 Christum
3005 1043 3470 1109 conculcavimus,
3514 1045 3774 1100 solvimus

2182 1133 2462 1204 pudorem,
2513 1149 2678 1190 nemo
2719 1149 2841 1190 eum
2884 1134 3090 1190 honore
3129 1150 3323 1191 nomen
3360 1136 3455 1192 Dei
3484 1145 3767 1191 memorat.

2183 1223 2252 1278 Et
2281 1232 2333 1278 tu
2361 1223 2597 1294 quidem,
2627 1224 2674 1279 si
2701 1225 3006 1295 quempiam
3033 1225 3306 1292 dilexeris,
3332 1226 3405 1283 ad
3428 1241 3622 1283 nomen
3654 1227 3773 1296 ejus

2157 1315 2406 1385 .erigeris
2431 1331 2445 1380 ;
2490 1315 2655 1371 Deum
2687 1332 2815 1372 vero
2845 1317 2923 1372 sic
2953 1325 3211 1388 perpetuo
3247 1333 3409 1375 vocas
3435 1319 3586 1389 quasi
3613 1319 3767 1376 nihil.

2183 1404 2326 1460 Voca
2354 1421 2476 1461 eum
2503 1406 2844 1463 benefaciens
2864 1407 3103 1476 inimico,
3133 1424 3262 1466 voca
3289 1411 3355 1465 ad
3395 1411 3620 1466 salutem
3648 1411 3765 1466 ani»-

2186 1514 2288 1554 mte
2318 1507 2423 1554 tua:
2457 1517 2470 1554 :
2501 1509 2628 1556 tunc
2654 1501 2827 1568 adest,
2858 1511 2985 1557 tunc
3010 1502 3250 1559 ketillcas
3282 1504 3433 1560 illum
3462 1522 3477 1572 ;
3502 1521 3642 1560 nutu:
3666 1521 3767 1560 au-

2183 1598 2289 1644 tem
2332 1593 2642 1648 exacerbas.
2693 1593 2840 1648 Voca
2887 1594 3036 1649 illum
3083 1604 3141 1650 ut
3178 1596 3392 1652 vocavit
3434 1597 3762 1668 Stephanus.

2179 1682 2318 1750 Quid
2361 1683 2582 1739 dicens?
2615 1684 2847 1750 Domine,
2897 1702 2960 1740 ne
3002 1696 3197 1740 statuas
3236 1687 3342 1742 illis
3378 1688 3473 1742 hoc
3504 1697 3766 1758 peccatum

2180 1775 2318 1845 (Act.
2338 1776 2389 1830 7.
2421 1775 2538 1845 59).
2573 1775 2715 1831 Voca
2747 1776 2897 1830 illum
2920 1784 2978 1831 ut
3001 1777 3207 1831 vocavit
3229 1792 3367 1832 uxor
3393 1778 3622 1843 Eleana’,
3640 1793 3765 1832 cum

2179 1866 2448 1938 lacrymis,
2494 1881 2616 1922 cum
2657 1866 2806 1934 ﬁetu,
2851 1883 2971 1922 cum
3013 1868 3258 1923 oratione
3297 1868 3374 1939 (Ι.
3405 1869 3536 1940 Reg.
3569 1870 3620 1925 1.
3649 1867 3764 1939 i0).

2177 1955 2292 2011 Non
2335 1956 2615 2026 prohibeo,
2659 1957 2755 2012 sed
2794 1957 2948 2012 valde
2994 1957 3201 2013 hortor.
3233 1956 3374 2014 Voca
3406 1959 3558 2014 illum
3585 1968 3640 2014 ut
3669 1974 3769 2014 vo-

2178 2049 2319 2104 cavit
2356 2048 2588 2119 Moyses,
2623 2059 2677 2103 et
2706 2049 2973 2104 clamabat
2998 2063 3161 2103 orans
3199 2065 3300 2118 pro
3333 2049 3417 2114 iis,
3463 2051 3552 2120 qui
3585 2050 3765 2120 ipsum

2173 2140 2229 2194 in
2262 2138 2440 2209 fugam
2465 2145 2687 2209 egerant
2718 2137 2904 2211 (Num.
2932 2139 3019 2193 12.
3051 2138 3164 2210 15).
3197 2138 3266 2193 Ει
3287 2148 3344 2194 ιιι
3368 2139 3582 2209 quidem
3609 2141 3654 2194 si
3685 2141 3767 2194 vi-

2177 2247 2294 2286 rum
2320 2231 2621 2301 quempiam
2650 2228 3006 2286 reverendum
3037 2238 3239 2286 temere
3269 2245 3558 2297 memores,
3589 2230 3640 2286 id
3667 2245 3766 2301 pro

2176 2321 2496 2378 contumelia
2548 2321 2810 2386 habetur;
2846 2321 2891 2377 si
2935 2335 3067 2376 vero
3103 2321 3274 2377 Deum
3316 2322 3492 2377 verbis
3530 2323 3766 2378 circum-

2177 2413 2332 2477 feras,
2380 2427 2485 2467 non
2507 2413 2666 2467 modo
2693 2421 2915 2477 temere,
2941 2412 3034 2466 sed
3061 2413 3221 2466 etiam
3247 2413 3641 2482 intempestive,
3667 2429 3762 2483 pro

2175 2506 2342 2560 nihilo
2368 2520 2482 2561 rem
2507 2505 2714 2561 habes?
2767 2506 2832 2559 Et
2867 2515 3069 2575 quanto
3113 2504 3376 2574 supplicio
3415 2505 3608 2575 dignus
3650 2521 3757 2561 non

2175 2597 2376 2653 fueris?
2405 2597 2521 2652 Non
2539 2597 2798 2668 prohibeo
2824 2597 2995 2652 Deum
3018 2611 3231 2667 semper
3260 2597 3314 2651 in
3341 2606 3521 2652 mente
3541 2596 3762 2664 habere,

2173 2693 2274 2747 hoc
2305 2693 2449 2747 enim
2504 2701 2560 2748 et
2601 2691 2831 2761 aptarim
2862 2699 2916 2746 et
2939 2690 3137 2755 velim;
3185 2698 3239 2743 at
3275 2705 3380 2744 non
3424 2700 3620 2762 praeter
3649 2692 3764 2761 pla-

2171 2786 2335 2842 citum
2379 2785 2518 2855 ejus,
2562 2800 2748 2840 verum
2777 2799 2900 2840 cum
2929 2783 3086 2840 laude
3112 2793 3166 2840 et
3206 2783 3431 2839 honore.
3490 2784 3678 2854 Magna
3710 2783 3764 2840 id

2173 2878 2322 2932 nobis
2343 2883 2557 2946 pareret
2576 2877 2734 2940 bona,
2758 2875 2802 2930 si
2829 2889 2950 2930 cum
2973 2884 3202 2944 oportet,
3226 2884 3280 2930 et
3303 2876 3356 2931 in
3385 2876 3578 2946 quibus
3602 2891 3764 2945 opor-

2170 2976 2269 3033 tet,
2301 2977 2508 3022 tantum
2547 2981 2864 3022 vocaremus
2900 2980 3044 3021 eum.
3075 2965 3204 3032 Cur,
3233 2981 3437 3036 quaeso,
3468 2967 3760 3036 apostolo—

2171 3075 2290 3114 rum
2332 3074 2447 3113 aevo
2487 3066 2565 3112 tot
2605 3066 2872 3128 tantaeque
2910 3057 3136 3112 virtutes
3176 3055 3393 3123 fiebant,
3427 3067 3607 3112 nostra
3635 3072 3763 3112 vero

2171 3159 2326 3204 aetate
2350 3148 2591 3213 minime,
2643 3149 2766 3203 licet
2796 3148 2936 3202 idem
2965 3148 3080 3218 ipse
3108 3148 3176 3201 sit
3205 3129 3374 3213 Deus:
3400 3147 3631 3217 idipsum
3659 3163 3757 3201 no-

2169 3241 2332 3294 men?
2353 3240 2457 3296 Sed
2487 3255 2592 3294 non
2618 3255 2716 3310 par
2743 3255 2830 3295 res
2850 3249 2952 3296 est.
2980 3239 3298 3308 Quomodo?
3323 3240 3460 3308 Quia
3487 3241 3562 3294 illi
3593 3241 3641 3295 in
3671 3240 3757 3307 iis,

2167 3347 2286 3402 qua:
2322 3331 2452 3394 dixi,
2485 3331 2658 3401 ipsum
2690 3331 2953 3387 vocabant
2981 3330 3186 3396 solum;
3225 3345 3324 3386 nos
3368 3345 3496 3386 vero
3541 3345 3650 3384 non
3707 3332 3757 3385 in

2170 3424 2275 3487 his,
2318 3423 2414 3477 sed
2444 3424 2495 3477 in
2528 3423 2670 3479 aliis.
2701 3414 2759 3479 Si
2789 3431 2966 3478 autem
2995 3422 3114 3478 ideo
3137 3422 3306 3491 juras,
3349 3422 3474 3492 quia
3522 3423 3612 3477 ille
3651 3437 3757 3476 non

2173 3509 2350 3569 credit
2378 3531 2391 3567 :
2419 3513 2506 3568 dic
2536 3512 2773 3584 quidem,
2808 3512 3011 3577 Crede;
3043 3521 3296 3566 cmterum
3323 3511 3367 3565 si
3396 3512 3498 3575 vis,
3523 3512 3640 3580 jura
3663 3526 3760 3582 per

2169 3611 2222 3660 te
2253 3608 2446 3674 ipsum.
2473 3604 2598 3659 Hec
2618 3604 2824 3667 dicens,
2851 3618 2959 3659 non
2981 3604 3248 3658 contraria
3274 3602 3476 3658 Christi
3506 3603 3607 3672 legi
3639 3619 3758 3672 pro-

2168 3692 2302 3758 fero,
2331 3693 2472 3748 absit
2499 3711 2512 3747 :
2547 3708 2672 3747 nam
2693 3693 2786 3758 ait,
2812 3692 2895 3747 Sit
2921 3701 3091 3747 autem
3117 3708 3280 3746 sermo
3305 3701 3486 3760 vester,
3521 3692 3631 3758 Est,
3659 3702 3756 3758 est;

2170 3783 2310 3850 Non,
2345 3802 2445 3838 non
2471 3785 2680 3853 (Matth.
2713 3787 2767 3842 5.
2796 3785 2886 3854 37)
2916 3801 2930 3850 ;
2955 3786 3047 3841 sed
3080 3800 3167 3840 me
3187 3785 3338 3840 vobis
3367 3794 3752 3854 attemperaus,

2171 3889 2228 3933 ut
2258 3879 2426 3948 magis
2453 3878 2521 3932 ad
2549 3878 2652 3934 hoc
2672 3894 2767 3934 vos
2794 3877 3043 3933 inducam
3074 3886 3128 3932 et
3153 3892 3182 3930 a
3208 3878 3487 3946 tyrannica
3528 3893 3754 3932 consue-

2168 3969 2351 4023 tudine
2387 3968 2634 4024 libcrem.
2663 3969 2805 4036 Quot
2841 3969 2894 4023 in
2925 3969 3042 4022 aliis
3069 3968 3232 4024 rebus
3263 3969 3494 4037 probati,
3546 3968 3643 4021 hac
3687 3966 3753 4022 de

2165 4075 2320 4115 causa
2351 4060 2625 4129 perierunt
2661 4059 2673 4111 l
2713 4058 2890 4114 Vultis
2915 4059 3147 4124 discere,
3187 4074 3285 4112 cur
3316 4058 3506 4127 priscis
3532 4057 3639 4111 illis
3670 4057 3752 4127 ju-

2165 4167 2284 4208 rare
2316 4151 2761 4222 permitteretur?
2794 4149 3062 4222 (pejerare
3101 4152 3242 4206 enim
3275 4164 3450 4218 neque
3487 4151 3593 4204 illis
3623 4165 3750 4204 con-

2165 4258 2372 4300 cessum
2402 4243 2560 4313 erat).
2580 4243 2712 4310 Quia
2745 4257 2841 4312 per
2871 4242 3007 4296 idola
3026 4242 3297 4311 jurahant.
3331 4241 3446 4296 Non
3473 4255 3567 4295 vos
3589 4241 3750 4310 pudet

2165 4336 2220 4390 in
2251 4336 2314 4390 iis
2345 4349 2564 4389 manere
2593 4333 2820 4403 legibus,
2865 4333 2918 4387 in
2959 4332 3153 4403 quibus
3187 4333 3262 4387 illi
3288 4332 3639 4387 versabantur
3671 4330 3750 4384 in-

2165 4427 2323 4482 firmi.
2358 4425 2488 4481 Nam
2517 4426 2560 4479 si
2590 4440 2731 4480 nunc
2756 4423 3010 4493 gentilem
3041 4423 3275 4489 adoriar,
3323 4437 3429 4476 non
3461 4423 3640 4476 statim
3675 4420 3748 4474 illi

2165 4518 2266 4572 hoc
2293 4519 2516 4588 impero,
2544 4515 2638 4572 sed
2667 4517 2880 4571 interim
2902 4524 2958 4568 ut
2983 4515 3117 4569 sciat
3141 4513 3413 4567 Christum
3443 4512 3706 4566 admoneo
3730 4527 3744 4564 :

2163 4607 2332 4662 fidelis
2356 4622 2504 4672 vero,
2536 4607 2624 4676 qui
2651 4607 2920 4661 Christum
2942 4605 3126 4660 didicit
3153 4613 3207 4658 et
3231 4603 3452 4668 audivit,
3477 4605 3522 4658 si
3555 4601 3745 4657 eadem

2164 4714 2264 4768 qua
2293 4699 2514 4753 Graccus
2542 4695 2868 4767 indulgentia
2920 4710 3054 4764 opus
3096 4693 3312 4758 habeat,
3360 4708 3480 4762 qua:
3512 4693 3747 4746 utilitas?

2162 4791 2301 4861 quod
2328 4789 2575 4844 lucrum?
2608 4789 2710 4842 Sed
2733 4789 2910 4857 gravis
2936 4803 3024 4842 res
3045 4798 3130 4842 est
3155 4785 3506 4860 consuetudo,
3533 4793 3587 4840 et
3611 4783 3750 4838 difﬁ-

2161 4881 2262 4936 cile
2308 4879 2670 4934 abstraheris?
2703 4877 2864 4946 Ergo,
2914 4876 3038 4944 quia
3070 4885 3217 4932 tanta
3240 4885 3323 4932 est
3342 4875 3751 4932 consuetudinis

2161 4969 2422 5043 tyrannis,
2463 4982 2583 5023 eam
2613 4968 2665 5021 in
2689 4967 2846 5020 aliam
2897 4967 3128 5022 transfer
3165 4965 3631 5022 consuetudinem.
3683 4965 3750 5019 Et

2159 5060 2450 5133 quomodo,
2475 5059 2705 5128 inquies,
2731 5057 2844 5113 ﬁeri
2871 5060 3086 5127 petest?
3130 5057 3284 5126 Quod
3313 5072 3458 5128 sat-pe
3483 5056 3616 5123 dixi,
3649 5056 3750 5111 huc

2159 5163 2215 5209 et
2239 5168 2377 5207 nunc
2399 5151 2518 5205 dico
2553 5167 2565 5203 :
2594 5148 2714 5206 Siut
2742 5148 3116 5204 emendatores
3139 5149 3406 5204 dictorum
3435 5147 3611 5212 multi,
3644 5147 3752 5200 sint

2162 5241 2506 5313 inquisitores
2549 5248 2604 5294 et
2649 5249 3004 5295 correctores.
3057 5239 3176 5294 Non
3219 5239 3391 5308 pudor
3418 5247 3501 5294 εει
3528 5236 3598 5292 ab
3630 5235 3750 5291 aliis

2159 5333 2390 5403 corrigi;
2426 5334 2534 5386 imo
2557 5329 2732 5401 pudor
2772 5338 2856 5385 est
2885 5330 3150 5399 repellere
3185 5329 3544 5398 corrigentes.
3585 5335 3642 5380 et
3695 5325 3747 5379 in

2162 5424 2392 5496 propria:
2428 5420 2620 5477 salutis
2662 5420 2915 5475 damnum
2949 5420 3048 5474 hoc
3075 5419 3273 5474 facere.
3323 5419 3391 5472 Et
3434 5427 3489 5472 tu
3532 5415 3748 5486 quidem

2160 5516 2204 5570 si
2230 5521 2431 5569 vestem
2459 5511 2647 5566 induas
2672 5511 2961 5574 inversum,
3011 5510 3273 5580 permittis
3301 5517 3353 5564 te
3381 5524 3414 5563 a
3443 5523 3610 5579 puero
3648 5506 3749 5560 ad.

2160 5605 2388 5672 moneri,
2413 5619 2512 5660 nec
2538 5613 2589 5659 tc
2621 5602 2782 5672 pudet
2811 5601 2877 5656 ab
2908 5601 2999 5655 illo
3023 5602 3266 5668 discere;
3308 5601 3550 5672 quamvis
3576 5601 3746 5654 hacin

2163 5714 2221 5754 re
2250 5712 2472 5768 magnus
2501 5696 2569 5751 sit
2598 5693 2770 5766 pudor
2797 5708 2810 5747 :
2844 5692 2931 5748 hic
2964 5703 3145 5750 autem
3179 5692 3236 5748 in
3274 5693 3450 5748 anima
3479 5691 3662 5757 hesus,
3684 5699 3738 5746 te
