4010 6158
328 296 426 356 91’

322 413 462 471 οὕτω
497 419 855 493 φυλάττομεν.
875 422 1051 495 Ἦμᾶς
1077 427 1186 498 γάρ
1212 431 1272 482 οὐ
1303 431 1431 502 περὶ
1458 432 1664 486 τούτων
1680 429 1900 486 ἀκούειν

324 502 427 556 ἔδει
460 504 584 574 (τῆς
609 506 714 579 γὰρ
748 508 1043 583 Ἰουδαϊκῆς
1077 516 1352 580 εὐτελείας
1365 518 1541 572 ταῦτα
1591 517 1660 572 τά
1690 534 1902 589 παραγ-

324 590 610 660 γέλματα),
643 594 759 648 ἀλλ’
778 597 961 653 ἐκεῖνα
986 599 1053 653 τά
1070 602 1269 657 τέλεια·
1315 604 1497 674 Ῥῖψον
1522 606 1593 659 τὰ
1617 608 1892 678 χρήματα,

325 679 477 749 στῆθι
493 684 776 750 γενναίως,
801 687 902 758 τὴν
924 688 1104 762 ψυχὴν
1128 691 1309 756 ἐπίδος
1334 693 1475 764 ὑπὲρ
1499 693 1593 748 τοῦ
1610 694 1901 765 κηρύγμα-

323 782 429 832 τος,
457 771 832 840 κατεγέλασαν
858 776 968 831 τῶν
998 777 1091 831 ἐπὶ
1127 778 1226 847 τῆς
1273 780 1381 851 γῆς
1414 780 1689 846 ἁπάντων,
1733 782 1898 851 μηδὲν

323 852 459 908 ἔστω
496 872 584 911 σοι
617 860 796 916 κοινὸν
826 862 966 934 πρὸς
993 864 1084 918 τὸν
1108 866 1350 937 παρόντα
1395 868 1528 938 βίον·
1561 869 1627 924 ἂν
1660 870 1896 941 ἀδικήσῃ

320 956 422 1030 τις,
476 945 863 1019 εὐεργέτησαν·
906 950 977 1003 ἂν
1026 952 1419 1027 πλεονεκτήση,
1466 958 1783 1030 εὐλόγησον·
1832 959 1897 1013 ἂν

322 1027 709 1106 βλασφημήσῃ,
732 1036 984 1108 τίμησον·
1012 1038 1229 1094 πάντων
1264 1042 1535 1114 άνώτερος
1564 1027 1671 1100 ἐσοξ
1713 1044 1894 1102 Ταῦτα

322 1117 417 1169 καὶ
440 1118 511 1172 τὰ
534 1121 761 1175 τοιαῦτα
782 1125 1002 1180 ἀκούειν
1027 1126 1155 1182 ἔδει.

386 1204 605 1260 Νυνὶδέ
636 1209 783 1281 ὑπὲρ
798 1211 963 1281 ὅρκου
982 1213 1363 1287 διαλεγόμεθα·
1400 1218 1494 1273 καὶ
1520 1220 1715 1275 ταύτὸν
1744 1221 1894 1289 τίνε-

317 1307 428 1355 ται,
451 1291 642 1366 ὥσπερ
659 1294 731 1349 ἂν
750 1298 806 1350 εί
832 1315 916 1363 τις
940 1299 1030 1355 τὸν
1058 1301 1338 1371 ὀφείλοντα
1363 1306 1692 1377 φιλοσοφεῖν,
1725 1309 1892 1377 ἀφελ-

316 1380 491 1443 κύσας
517 1381 625 1438 τῶν
652 1383 981 1443 διδασκάλων
1010 1390 1382 1465 ἐκείνων,[87]
1400 1394 1670 1459 συλλαϐὰς
1697 1396 1777 1451 ἔτι
1797 1396 1893 1452 καὶ

310 1465 377 1519 τὸ
430 1468 572 1523 κατὰ
628 1474 887 1543 στοιχεῖον
935 1475 1329 1545 ἀναγινώσκειν
1378 1486 1543 1537 ποιοῖ.
1606 1481 1892 1555 Ἐννόησόν

314 1570 415 1643 μοι
466 1555 564 1626 ὅση
591 1558 737 1614 ἐστὶν
770 1561 1019 1635 αἰσχύνη,
1051 1564 1337 1638 ἄνθρωπόν
1379 1586 1502 1623 τινα
1553 1571 1764 1643 ὑπήνην
1793 1572 1892 1642 βα-

310 1639 466 1729 θεῖαν
490 1643 711 1729 ἔχοντα,
751 1650 846 1703 καὶ
885 1651 1119 1721 ῥόπαλον
1169 1657 1586 1729 ἐπιφερόμενον,
1635 1639 1731 1714 καῖ
1753 1639 1890 1726 ἐξω-

313 1727 443 1797 μίδα
472 1728 681 1801 ἔχοντα.
704 1735 785 1799 εἰς
815 1735 1170 1806 διδασκάλους
1219 1727 1359 1813 μετά
1387 1727 1495 1799 τῶν
1528 1747 1731 1801 παίδων
1782 1748 1889 1802 άπ-

312 1814 568 1907 ιέναιριαὶ
592 1822 662 1877 τὰ
689 1824 830 1878 αὐτὰ
848 1826 1078 1893 ἐκείνοις
1103 1830 1418 1900 μανθάνειν,
1452 1831 1562 1907 ἆρα
1585 1833 1646 1890 οὐ
1666 1835 1834 1900 πολὺς
1858 1838 1887 1892 6

305 1903 511 1995 γέλως;
548 1908 710 1965 Ἀλλά
730 1911 927 1968 πλείων
958 1910 1168 1982 οὗτοςὸ
1194 1920 1477 1993 ἡμέτερος.
1496 1903 1578 1976 -Οὐ
1618 1924 1727 1995 γάρ
1763 1924 1886 1978 ὅσον

306 1991 626 2083 φιλοσοφίας
654 1999 715 2052 τὺ
751 2001 917 2070 μέσον
960 2004 1056 2058 καὶ
1078 1991 1441 2083 γραμμάτων,
1501 1991 1754 2064 τοσοῦτον
1782 2011 1883 2082 τῆς

315 2081 615 2173 Ἰουδαϊκῆς
644 2086 919 2154 πολιτείας
948 2093 1040 2145 καὶ
1075 2093 1174 2164 τῆς
1202 2081 1477 2167 ἡμετέρας
1508 2097 1568 2150 τὸ
1604 2081 1878 2169 διάφορον,

301 2166 419 2222 ἀλλ’
440 2166 576 2224 ὅσον
594 2173 840 2242 ἀγγέλων
855 2179 951 2232 καὶ
964 2178 1287 2252 ἀνθρώπων.
1308 2166 1497 2246 Εῐίτις,
1516 2184 1637 2237 εἰπέ
1654 2166 1884 2254 μσςάγ-

299 2259 461 2338 γελον
480 2260 549 2314 ἐκ
563 2261 656 2316 τοῦ
669 2263 730 2317 οὐ
738 2264 900 2334 ρανοῦ
936 2269 1284 2338 καταγαγὼν,
1313 2272 1618 2327 κελεύσειεν
1649 2272 1880 2329 ἐνταῦθα

298 2346 524 2434 ἐπάνω
541 2352 633 2405 καὶ
652 2352 954 2424 ἀκροᾶσθαι
981 2357 1089 2414 τῶν
1120 2360 1405 2434 ἡμετέρων
1433 2362 1626 2432 λόγων,
1645 2364 1717 2427 ὡς
1734 2363 1881 2434 ὀφεί-

296 2433 461 2523 λοντα
475 2440 583 2494 ἀπὸ
595 2442 797 2497 τούτων
814 2444 911 2514 ρυθ
919 2446 1193 2516 μίξεσθαι,
1207 2446 1315 2521 ἄρα
1335 2450 1435 2505 οὐκ
1449 2451 1675 2523 αἰσχύνη
1695 2433 1786 2507 xal
1794 2452 1881 2520 γέ·

294 2522 404 2591 λως
430 2522 606 2599 ἦνςΕἰ
634 2530 690 2584 δὲ
705 2530 766 2585 τὸ
787 2534 913 2606 περὶ
924 2534 1216 2593 τούτωνετι
1242 2522 1588 2594 παιδεύεσθαι
1603 2542 1796 2610 γέλως·
1819 2542 1879 2597 τὸ

297 2613 439 2684 μηδὲ
471 2614 681 2681 τούτοις
710 2618 1015 2691 προσέχειν,
1043 2623 1165 2677 εἰπέ
1195 2642 1304 2695 μοι,
1333 2626 1472 2697 πόση
1494 2628 1835 2698 κατάγνωσις
1858 2646 1876 2699 ;

292 2701 441 2771 πόση
469 2705 732 2776 αἰσχύνη;
762 2707 872 2761 Kal
902 2709 1020 2773 πῶς
1067 2712 1173 2783 γὰρ
1211 2712 1313 2767 οὐκ
1343 2710 1626 2786 αἰσχύνης,
1656 2714 1743 2769 ὅτι
1796 2716 1876 2770 ἐτι

293 2788 613 2859 Χριστιανοὶ
653 2795 899 2865 περὶτοῦ
936 2798 1012 2869 μὴ
1038 2797 1147 2852 δεῖν
1201 2800 1431 2871 ὀμνύναι
1486 2803 1873 2868 παιδεύονται;

289 2875 446 2947 Πλὴν
484 2879 599 2933 ἀλλ’
650 2882 1035 2953 ἀνασχώμεθα,
1084 2886 1170 2939 ῐνα
1203 2887 1277 2957 μὴ
1317 2889 1515 2957 μᾶλλον
1569 2890 1874 2960 γελώμεθα.

286 2965 431 3036 Φέρε
451 2962 549 3049 οῦν
569 2968 679 3021 ὰπὸ
703 2968 803 3039 τῆς
825 2971 1069 3034 Παλαιᾶς
1085 2972 1213 3042 ύμῖν
1232 2973 1599 3045 διαλεχθῶμεν
1613 2979 1874 3049 τήμερον.

284 3050 355 3106 τί
376 3053 440 3106 δὲ
469 3048 609 3124 αῦτη
633 3055 834 3124 φησίν;
867 3057 1062 3125 Ὀρκῳ
1077 3059 1164 3128 μὴ
1186 3060 1395 3130 ἐθίσῃς
1424 3060 1491 3117 τὸ
1514 3048 1705 3135 στόμα
1734 3079 1872 3131 σου,

275 3138 450 3211 μηδὲ
471 3140 553 3207 τῷ
589 3142 832 3213 ὀνόματι
881 3145 988 3200 τοῦ
1017 3147 1186 3217 ἁγίου
1242 3151 1628 3221 συνεθισθῇς.
1662 3152 1761 3208 Διά
1782 3153 1869 3219 τίς

282 3224 527 3296 Ὥσπερ
550 3228 660 3298 γὰρ
688 3229 922 3299 οἰκέτης
950 3232 1364 3304 ἐξεταζόμενος
1386 3237 1731 3309 ἐνδελεχῶς,
1753 3241 1872 3298 ἀπὸ

280 3314 581 3385 μώλωπος
620 3318 694 3372 οὐ
738 3318 1260 3391 καθαρισθήσεται,
1312 3325 1501 3393 οὕτως
1527 3326 1671 3382 οὐδὲ
1707 3331 1740 3383 ό
1769 3330 1870 3400 ὀμ-

283 3403 471 3459 κύων.

353 3501 417 3548 ε’.
470 3493 616 3564 Ὅρα
640 3493 740 3567 τὴν
757 3496 972 3551 σύνεσιν
993 3495 1087 3552 τοῦ
1117 3499 1280 3570 σοφοῦ
1310 3501 1521 3556 τούτου.
1545 3504 1662 3559 υύκ
1690 3499 1865 3573 εἶπεν,

285 3578 484 3652 Ὀρκῳ
519 3581 593 3654 μὴ
637 3581 825 3655 ἐθίσῃς
850 3584 950 3655 τὴν
975 3584 1215 3642 διάνοιάν
1245 3604 1360 3654 σου,
1384 3591 1540 3655 ἀλλὰ,
1567 3592 1637 3646 T6
1673 3597 1869 3665 στόμα

287 3682 424 3722 σου·
450 3668 538 3722 ὅτι
561 3669 656 3722 τοῦ
678 3670 944 3741 στόματος
963 3671 1022 3725 ὃν
1049 3674 1111 3728 τὸ
1130 3676 1238 3729 πᾶν
1257 3671 1387 3743 οἵδε,
1409 3678 1503 3732 καὶ
1526 3679 1607 3734 ὅτι
1631 3679 1870 3747 εὐκόλως

285 3755 668 3829 κατορθοῦται.
694 3758 958 3830 Συνήθεια
991 3761 1096 3833 γάρ
1124 3763 1241 3816 ἐστι
1278 3763 1463 3818 λοιπὸν
1490 3768 1868 3840 ἀπροαιρέτως

285 3847 571 3917 γινομένη·
612 3840 723 3901 οἷόν
737 3849 844 3902 εἰσι
873 3849 1076 3911 πολλοὶ,
1103 3851 1154 3904 οἳ
1184 3855 1243 3907 ἐν
1271 3852 1572 3924 βαλανείοις
1586 3858 1865 3926 εἰσιόντες,

285 3933 401 4002 ἅμα
435 3931 523 4004 τῷ
553 3933 654 3999 τὰς
687 3933 854 4008 θύρας
890 3937 1190 4010 ὑπερϐῆναι
1249 3943 1653 4012 σφραγίζονται.
1697 3945 1866 4000 Τοῦτο

282 4015 419 4075 οἶδεν
448 4025 485 4093 ἡ
529 4022 653 4093 χεὶρ
703 4024 799 4077 καὶ
827 4025 1051 4094 μηδενὸς
1089 4027 1401 4095 κελεύοντος
1431 4032 1541 4086 άπὸ
1571 4036 1670 4105 τῆς
1703 4050 1866 4104 συνη-

279 4107 429 4174 θείας
450 4113 650 4165 ποιεῖν.
679 4110 845 4165 Πάλιν
869 4112 1059 4185 λύχνου
1121 4116 1402 4186 ἁφθέντος,
1450 4119 1709 4185 πολλάκις
1763 4122 1865 4190 τῆς

282 4196 522 4262 διανοίας
535 4199 721 4272 ἔτερόν
748 4218 801 4255 τι
831 4205 1280 4279 σκεπτομένης,ή
1309 4207 1429 4279 χεὶρ
1461 4209 1560 4280 τὴν
1594 4210 1865 4282 σφραγῖδα

284 4287 439 4338 ποιεῖ.
475 4283 641 4339 Οὕτω
667 4287 733 4358 δὴ
762 4289 856 4343 καὶ
884 4289 947 4343 τὸ
981 4291 1155 4361 στόμα
1179 4330 1194 4355 ,
1254 4294 1317 4346 οὐ
1367 4293 1506 4364 μετὰ
1535 4294 1639 4365 τῆς
1685 4296 1865 4366 ψυχῆς

281 4370 600 4441 φθέγγεται,
619 4373 754 4430 ἀλλὰ
781 4375 891 4430 άπδ
923 4376 1025 4446 τῆς
1046 4378 1352 4449 συνηθείας,
1368 4381 1464 4434 καὶ
1486 4381 1544 4435 ἐν
1563 4384 1628 4453 τῇ
1649 4381 1865 4453 γλώττῃ

280 4458 339 4511 τὸ
362 4461 470 4515 πᾶν
499 4462 640 4516 ἐστι.
678 4463 789 4517 Καὶ
813 4462 895 4528 τῷ
923 4464 1188 4534 ὀνόματι,
1216 4467 1380 4534 φησὶ,
1411 4468 1520 4523 τοῦ
1557 4470 1757 4539 Ἀγίου
1776 4472 1862 4540 μὴ

282 4547 652 4618 συγεθισθῇς
673 4559 714 4605 ⁸.
747 4550 980 4618 ’Ὠσπερ
1020 4550 1129 4620 γὰρ
1173 4552 1407 4620 οίκέτης
1448 4553 1864 4626 ἐξεταζόμενος

281 4631 632 4706 ἐνδελεχῶς,
658 4637 776 4692 ἀπὸ
792 4637 1086 4707 μώλωπος
1114 4639 1186 4693 οὐ
1217 4642 1737 4713 καθαρισθήσεται.
1763 4646 1864 4700 οὔ·

281 4736 387 4788 τως
428 4721 581 4779 οὐδὲ
605 4728 637 4779 ό
668 4726 922 4795 ὀμνύων.
958 4727 1093 4799 υύχὶ
1119 4724 1221 4800 τὴν
1264 4728 1550 4801 ἐπιορκίαν
1607 4731 1859 4800 ἐνταῦθα,

281 4807 410 4864 ἀλλὰ
434 4809 536 4864 τὸν
566 4811 728 4882 ὅρκον
757 4814 1030 4880 ἐκκόπτει,
1061 4814 1154 4870 καὶ
1183 4815 1335 4888 αὐτῷ
1364 4816 1544 4890 τίθησι
1559 4818 1659 4892 τὴν
1686 4838 1861 4892 τιμω-

283 4896 415 4968 ρίαν.
449 4900 599 4971 Ἀρα
630 4900 693 4953 τὸ
722 4901 942 4971 ὀμνύειν
956 4905 1222 4978 ἁμαρτία.
1253 4906 1491 4978 Τοιαύτη
1518 4904 1685 4974 ὅντως
1713 4911 1859 4965 ἐστὶν

281 4982 508 5060 ἡψυχὴ,
543 4987 813 5041 τοσούτων
852 4990 1010 5060 γέμει
1041 4994 1389 5065 τραυμάτων,
1449 4996 1717 5052 τοσούτων
1746 5015 1858 5069 μω-

282 5070 489 5131 λώπων.
547 5076 688 5130 Ἀλλ’
722 5075 825 5147 οὐχ
854 5078 1195 5149 ὀρᾷς;Τοῦτο
1221 5082 1330 5155 γάρ
1362 5082 1424 5137 τὸ
1451 5084 1643 5139 δεινόν·
1681 5087 1857 5141 καίτοι

282 5174 339 5228 γε
365 5160 618 5227 δύνασαι,
666 5163 764 5218 ἐὰν
790 5161 969 5236 θέλῃς,
1002 5164 1155 5238 όρᾷν·
1206 5168 1372 5224 ἔδωκε
1400 5171 1510 5243 γάρ
1548 5190 1629 5227 σοι
1653 5172 1856 5242 ὀφθαλ-

284 5248 411 5315 μοὺς
428 5253 458 5306 6
473 5251 631 5314 Θεός.
683 5250 957 5317 Τοιούτοις
987 5251 1281 5325 ὀφθαλμοῖς
1305 5257 1452 5330 ἐώρα
1475 5261 1505 5313 6
1549 5263 1855 5333 προφήτης,

281 5333 467 5403 λέγων·
527 5337 923 5409 Προσώζεσαν
954 5341 1055 5395 καί
1104 5341 1431 5411 ἐσάπησαν
1480 5348 1536 5401 οι
1566 5345 1858 5416 μώλωπές

278 5438 389 5488 μου
415 5425 538 5479 ἀπὸ
565 5424 890 5494 προσώπου
911 5423 1021 5495 τῆς
1046 5428 1385 5498 ἀφροσύνης
1411 5449 1548 5501 μου.
1573 5436 1858 5507 Κατεφρο-

282 5508 521 5582 νήσαμεν
550 5511 645 5567 τοῦ
694 5512 851 5578 Θεοῦ,
872 5515 1217 5586 ἐμισήσαμεν
1243 5515 1306 5570 τὸ
1347 5517 1516 5589 ὄνομα
1572 5520 1633 5574 τὸ
1671 5524 1855 5590 καλὸν,

283 5601 738 5671 κατεπατήσαμεν
763 5602 855 5655 τὸν
874 5603 1127 5675 Χριστὸν,
1150 5602 1421 5675 ἐλύσαμεν
1451 5607 1552 5678 τὴν
1584 5611 1735 5675 αἰδῶ,
1775 5612 1858 5665 οὐ·

278 5679 385 5748 δαὶς
418 5686 562 5757 μετὰ
608 5688 772 5760 τιμῆς
805 5689 1077 5761 μέμνηται
1135 5690 1229 5745 τοῦ
1255 5692 1518 5764 ὀνόματος
1570 5696 1663 5751 τοῦ
1698 5698 1852 5754 Θεοῦ.

290 5864 697 5992 Πυέἑῆξιὲοευω
738 5875 1019 5934 corruptum
1040 5873 1346 5926 reslituimus
1379 5886 1438 5924 ex
1477 5875 1626 5928 Savil.
1673 5885 1724 5930 et
1755 5893 1857 5931 ma-

1361 314 1431 372 IN
1472 316 1657 373 ACTA
1696 315 1874 373 APOS

1974 318 2239 376 LOMJM.
2272 321 2517 379 'HOIIIL.
2560 324 2628 379 Χ.
2926 348 2931 353 ί
3515 334 3584 391 99

2001 432 2110 486 Kal
2136 435 2200 489 σὺ
2232 435 2333 505 μέν
2360 436 2426 490 ἂν
2459 438 2622 510 φιλῇς
2638 457 2779 506 τινα,
2833 441 2928 494 καὶ
2952 442 3086 513 πρὸς
3118 444 3175 496 τὸ
3214 445 3385 515 ὄνομα
3417 446 3584 501 διανί-

2003 539 2218 578 στασαι·
2243 527 2334 580 τὸν
2359 527 2418 580 δὲ
2436 529 2572 582 Θεὸν
2594 529 2737 584 οῦτω
2792 534 3032 603 συνεχῶς
3059 535 3245 598 καλεῖς
3283 536 3358 601 ώς
3405 538 3577 593 οὐδέν.

2001 620 2244 674 Κάλεσον
2276 624 2437 677 αὐτὸν
2469 624 2561 678 ἐπὶ
2588 627 2880 698 εὐεργεσίᾳ
2917 626 3135 700 ἐχθροῦ·
3176 630 3404 683 κάλεσον
3420 631 3580 685 αὐτὸν

1996 712 2089 764 ἐπὶ
2119 712 2361 784 σωτηρίᾳ
2401 714 2503 784 τῆς
2544 715 2644 785 σῆς
2671 715 2868 786 ψυχῆς·
2924 719 3045 770 τότε
3104 719 3406 788 παρέσται,
3459 722 3578 776 τότε

1995 801 2307 872 εὐφραίνεις
2321 804 2502 858 αὐτόν·
2535 805 2629 859 νῦν
2668 804 2727 859 δὲ
2756 806 3097 877 παροξύνεις.
3134 808 3378 863 Κάλεσον
3395 810 3575 874 αὐτὸν,

1995 893 2071 956 ὡς
2118 892 2343 947 ἐκάλεσε
2378 896 2670 965 Στέφανος.
2711 897 2777 949 Τί
2832 895 3040 966 λέγων;
3072 899 3269 967 Κύριε,
3311 900 3398 969 μὴ
3432 902 3579 968 στή-

1994 995 2115 1051 σῃς
2141 984 2341 1050 αὐτοῖς
2366 985 2483 1053 τὴν
2512 986 2803 1056 ἁμαρτίαν·
2827 989 3069 1054 ταύτην.
3104 988 3347 1043 Κάλεσον
3392 991 3573 1058 αὐτὸν,
3614 980 3643 1037 λ

1994 1074 2070 1138 ὡς
2098 1075 2354 1131 ἐκάλεσεν
2381 1079 2415 1149 ἡ
2443 1077 2536 1131 τοῦ
2577 1078 2812 1132 Ἐλκανᾶ
2861 1080 2996 1149 γυνὴ
3025 1117 3041 1143 ,
3102 1079 3240 1149 μετὰ
3294 1080 3573 1152 δακρύων,

1998 1164 2138 1235 μετὰ
2166 1165 2398 1235 θρήνων,
2425 1165 2564 1238 μετὰ
2595 1168 2781 1238 εὐχῆς.
2809 1169 2881 1221 Οὐ
2909 1169 3124 1235 κωλύω,
3160 1168 3278 1241 [88]
3312 1168 3447 1223 ἀλλὰ
3478 1172 3574 1225 καὶ

1995 1259 2200 1328 σφόδρα
2221 1261 2471 1331 παραινῶ
2493 1262 2543 1317 ι’.
2571 1262 2813 1317 Κάλεσον
2837 1262 3000 1316 αὐτὸν
3030 1263 3105 1328 ὡς
3141 1264 3367 1319 ἐκάλεσε
3405 1267 3572 1320 Μωῦ-

1993 1350 2111 1420 σῆς,
2133 1350 2227 1404 καὶ
2265 1351 2398 1406 ἐϐόα
2427 1353 2760 1423 παρακαλῶν
2790 1355 2929 1427 ὑπὲρ
2974 1354 3084 1410 τῶν
3117 1355 3571 1425 φυγαδευσάντων

1989 1442 2171 1497 αὐτόν.
2204 1443 2315 1496 Kal
2346 1445 2410 1498 σύ
2458 1445 2556 1515 μὲν
2584 1445 2650 1498 ἄν
2681 1462 2825 1509 τινος
2871 1447 3112 1518 μνησθῇς
3169 1448 3352 1513 ἁπλῶς
3379 1449 3570 1521 ἀνδρὸς

1988 1534 2289 1606 αἰδεσίμου,
2327 1534 2486 1605 ὕϐρις
2508 1536 2569 1590 τὸ
2605 1539 2854 1609 πρᾶγμα·
2880 1539 2972 1593 τὸν
2998 1539 3056 1593 δέ
3079 1540 3211 1594 Θεὸν
3232 1542 3565 1613 περιφέρων,

1986 1626 2045 1679 οὐ
2080 1626 2241 1697 μόνον
2267 1627 2473 1695 ἁπλῶς,
2510 1627 2647 1682 άλλά
2669 1630 2762 1683 καὶ
2817 1630 3061 1701 ἀκαίρως
3107 1634 3166 1685 ἐν
3186 1634 3300 1697 τοῖς
3339 1635 3449 1697 σοῖς
3476 1633 3567 1687 λό-

1985 1732 2122 1784 γοις,
2148 1715 2300 1770 οὐδὲν
2323 1716 2383 1770 τὸ
2405 1718 2638 1788 πρᾶγμα
2659 1715 2932 1786 νομίζειςς
2975 1721 3084 1774 Kal
3123 1721 3296 1792 πόσης
3320 1721 3441 1793 οὐχὶ
3470 1737 3565 1776 κο-

1983 1806 2190 1872 λάσεως
2208 1807 2355 1873 ἄξιος
2370 1807 2435 1862 ἂν
2450 1808 2589 1880 εῐης;
2613 1809 2685 1863 Οὐ
2703 1808 2895 1864 κωλύω
2909 1811 2999 1865 τὸν
3020 1811 3151 1866 Θεὸν
3170 1811 3313 1882 ἔχειν
3339 1812 3567 1867 διαπαν-

1981 1899 2070 1964 τὸς
2090 1901 2146 1952 ἐν
2163 1900 2370 1972 διανοίᾳ
2416 1900 2591 1969 (τοῦτο
2609 1903 2722 1974 γὰρ
2746 1904 2842 1957 καὶ
2882 1903 3109 1975 εὔχομαι
3135 1907 3229 1960 καὶ
3258 1904 3560 1977 βούλομαι),

1982 1991 2115 2045 ἀλλὰ
2140 1992 2215 2063 μὴ
2258 1993 2406 2064 παρὰ
2430 1994 2492 2046 τὸ
2540 1994 2731 2050 δοκοῦν
2761 1996 2933 2067 αὐτῷ,
2961 1997 3075 2051 ἀλλ’
3097 1998 3368 2065 αἰνοῦντα,
3428 1998 3565 2053 ἀλλὰ

1979 2079 2240 2149 τιμῶντα.
2261 2082 2487 2150 Μεγάλα
2509 2081 2573 2138 ἂν
2597 2083 2754 2137 τοῦτο
2785 2087 3080 2157 εἰργάσατο
3115 2088 3246 2158 ἡμῖν
3268 2087 3469 2156 ἀγαθὰ,
3512 2090 3563 2142 εἰ

1979 2171 2066 2225 ὅτε
2089 2171 2216 2236 ἔδει,
2234 2174 2326 2226 καὶ
2349 2175 2432 2241 ἐφ’
2462 2167 2542 2238 οἷς
2569 2174 2675 2227 ἔδει
2717 2176 2877 2247 μόνον
2910 2177 3214 2249 ἐκαλοῦμεν
3236 2178 3415 2233 αὐτόν.
3464 2179 3563 2233 Διὰ

1962 2249 2051 2327 τί,
2074 2262 2193 2315 εἰπέ
2220 2281 2335 2334 μοι,
2363 2264 2457 2318 ἐπὶ
2485 2265 2582 2335 μὲν
2605 2264 2717 2320 τῶν
2761 2268 3072 2323 ἀποστόλων
3118 2268 3375 2323 τοσαῦται
3403 2268 3561 2324 δυνά-

1980 2371 2100 2425 μεις
2119 2356 2380 2424 ἐγίνοντο,
2406 2358 2499 2411 ἐπὶ
2520 2356 2576 2412 δὲ
2596 2358 2752 2429 ἡμῶν
2777 2359 2897 2430 οὐχί
2918 2376 2933 2426 ;
2965 2360 3142 2415 καίτοι
3169 2362 3198 2413 6
3221 2362 3385 2425 αὐτός
3441 2363 3558 2417 ἐστι

1975 2446 2128 2511 Θεὸς,
2157 2447 2217 2500 τὸ
2246 2447 2376 2501 αὐτὸ
2404 2448 2593 2519 ὖνομα.
2626 2447 2768 2502 Ἀλλ’
2785 2450 2885 2505 οὐκ
2910 2450 3057 2506 ἐστιν
3078 2451 3211 2506 ἴσον.
3244 2453 3401 2517 Πῶς;
3434 2452 3555 2508 Ὀτι

1974 2538 2171 2591 ἐκεῖνοι
2189 2538 2288 2607 μὲν
2312 2539 2402 2592 ἐπὶ
2412 2538 2621 2603 τούτοις
2646 2548 2694 2607 ο,
2712 2534 2793 2605 οἷς
2820 2536 2992 2607 εἷπον,
3025 2542 3186 2596 αὐτὸν
3210 2543 3438 2597 ἐκάλουν
3456 2542 3555 2613 μό-

1974 2647 2084 2684 νον·
2131 2631 2292 2700 ⁴ἡμεῖς
2312 2631 2369 2685 δὲ
2393 2632 2493 2684 οὐκ
2518 2631 2617 2685 ἐπὶ
2653 2633 2883 2699 τούτοις,
2913 2633 3027 2687 ἀλλ’
3061 2635 3148 2688 ἐπ’
3178 2635 3379 2699 ἄλλοις.
3410 2635 3472 2688 Εἰ
3499 2634 3555 2688 δὲ

1973 2721 2211 2787 ἀπιστεῖ,
2246 2721 2341 2775 καί⁵
2370 2722 2457 2776 διὰ
2484 2722 2641 2776 τοῦτο
2664 2723 2902 2793 όμνύεις,
2933 2725 3057 2793 λέγε
3093 2726 3208 2796 μὲν,
3235 2725 3551 2781 Πίστευσον·

1976 2812 2116 2881 πλὴν
2146 2812 2194 2864 εἰ
2245 2810 2446 2881 βούλει,
2468 2810 2666 2882 ὄμοσον
2699 2813 2841 2866 κατὰ
2888 2814 3107 2868 σαυτοῦ.
3131 2814 3245 2867 Οὐκ
3271 2815 3555 2885 ἀντινομο-

1974 2899 2145 2953 θετῶν
2164 2899 2240 2971 τῷ
2260 2898 2480 2972 Χριστῷ
2499 2899 2745 2973 λέγω,μὴ
2758 2901 2985 2969 γένοιτο·
3007 2902 3204 2956 Ἔστω
3224 2901 3350 2973 γὰρ,
3368 2903 3551 2973 φησὶν,

1972 2990 2140 3059 ὑμῶν
2161 2992 2227 3044 τὸ
2253 2991 2387 3056 Ναί,
2417 2990 2536 3055 ναί,
2568 2991 2663 3045 καί
2687 2992 2753 3045 τὸ
2787 2991 2891 3058 Οὓ,
2921 2990 3013 3045 οὔ·
3037 2990 3172 3045 ἀλλὰ
3188 2991 3556 3061 συγκαταϐαί-

1970 3100 2077 3138 νων
2091 3083 2239 3154 ὑμῖν,
2265 3082 2353 3136 ἵνα
2386 3082 2592 3154 μᾶλλον
2608 3084 2688 3147 εἰς
2711 3082 2870 3137 τοῦτο
2920 3082 3066 3153 ὑμᾶς
3129 3081 3403 3152 ἐναγάγω,
3460 3083 3553 3136 καὶ

1968 3168 2067 3238 τῆς
2086 3165 2371 3238 συνηθείας
2384 3166 2658 3235 ἀπαγάγω
2681 3165 2782 3236 τῆς
2804 3166 3151 3238 τυραννικῆς.
3171 3167 3334 3222 Πόσοι
3358 3168 3414 3221 ἐν
3437 3167 3553 3230 τοῖς

1968 3256 2145 3321 ἄλλοις
2159 3254 2576 3328 εὐδοκιμοῦντες
2606 3256 2887 3312 ἀπώλοντο
2915 3257 3023 3311 ἀπὸ
3043 3255 3247 3311 τούτων
3269 3258 3377 3311 τῶν
3409 3274 3551 3328 πρα-

1967 3348 2227 3420 γμάτων;
2252 3348 2513 3403 Βούλεσθε
2549 3348 2760 3419 μαθεῖν,
2780 3347 2868 3403 διὰ
2886 3348 2939 3401 τί
2958 3346 3294 3419 συνεχώρουν
3315 3348 3428 3411 τοῖς
3451 3349 3550 3417 άρ‹

1967 3443 2140 3514 χαίοις
2166 3439 2418 3513 ὀμνύεινς
2446 3440 2743 3511 (ἐπιορκεῖν
2769 3438 2878 3509 γάρ
2912 3438 3032 3492 οὐδὲ
3082 3437 3316 3501 ἐκείνοις
3354 3452 3551 3505 συγκε-

1966 3533 2246 3607 χώρητο·).
2295 3529 2513 3603 Ἐπειδὴ
2558 3533 2617 3585 ἐν
2643 3533 2756 3595 τοῖς
2780 3530 3017 3594 εἰδώλοις
3046 3528 3279 3600 ὤμνυον.
3310 3529 3424 3581 Οὐκ
3466 3530 3551 3581 αἰ-

1968 3620 2227 3693 σχύνεσθε
2249 3621 2455 3684 τούτοις
2476 3620 2807 3690 ἐμμένοντες
2842 3622 2957 3684 τοῖς
3007 3621 3212 3691 νόμοις,
3247 3613 3329 3683 οἷς
3350 3620 3548 3673 ἐκεῖνοι

1965 3715 2221 3784 ἐνήγοντο
2245 3713 2296 3765 οἰ
2327 3711 2604 3776 ἀσθενεῖςς
2632 3711 2788 3766 Ἐπεὶ
2809 3711 2902 3766 καὶ
2933 3709 3026 3765 νῦν
3055 3710 3294 3782 Ἕλληνα
3325 3710 3421 3765 ἐὰν
3447 3709 3546 3765 λά-

1964 3804 2063 3871 ϐω,
2087 3806 2186 3859 οὐκ
2205 3803 2406 3868 εὐθέως
2432 3803 2580 3875 αὐτῷ
2605 3806 2886 3859 ἐπιτάσσω
2917 3802 3098 3870 τοῦτο,
3150 3802 3287 3857 ἀλλὰ
3309 3803 3447 3867 τέως
3467 3805 3546 3857 εἰ-

1963 3896 2216 3952 δέναιτὸν
2242 3895 2475 3969 Χριστὸν
2498 3893 2767 3968 παραινῶ·
2805 3897 2834 3949 6
2886 3895 2944 3950 δέ
2974 3895 3164 3959 πιστὸς
3194 3895 3290 3949 καὶ
3357 3893 3546 3965 μαθὼν

1963 3988 2124 4043 αὐτὸν
2147 3990 2243 4041 καλ⁷
2273 3986 2533 4053 ἀκούσας,
2565 3987 2614 4039 εἰ
2668 3986 2851 4059 μέλλοι
2877 3987 2976 4058 τῆς
3005 3986 3175 4057 αὐτῆς
3212 3984 3289 4057 τῷ
3320 3986 3544 4055 Ἕλληνι

1963 4079 2423 4148 συγκαταϐάσεως
2451 4080 2679 4142 δεῖσθαι,
2707 4079 2759 4133 τί
2784 4078 2844 4133 τὸ
2862 4079 3050 4149 ὄφελος
3074 4097 3088 4147 ;
3144 4068 3291 4132 ποῖον
3319 4077 3379 4130 τὸ
3409 4077 3545 4148 κέρ-

1961 4172 2085 4237 δος;
2129 4170 2267 4224 Ἀλλ’
2291 4172 2326 4242 ἡ
2351 4168 2606 4240 συνήθεια
2653 4170 2908 4240 χαλεπὸν,
2949 4170 3043 4222 καὶ
3073 4167 3544 4230 δυσαποσπάστως

1962 4265 2103 4335 ἔχεις
2124 4263 2363 4329 ;Οὐκοῦν
2382 4263 2506 4315 ἐπεὶ
2529 4261 2765 4328 τοσαύτη
2784 4261 2883 4330 τῆς
2907 4259 3193 4330 συνηθείας
3215 4261 3327 4330 ήτυ
3338 4259 3540 4326 ραννὶς,

1962 4356 2042 4417 εἰς
2071 4353 2261 4423 ἑτέραν
2288 4351 2455 4421 αὐτὴν
2475 4350 2754 4421 μετάγαγε
2785 4351 3093 4420 συνήθειαν.
3122 4350 3232 4403 Καὶ
3260 4349 3377 4413 πῶς
3392 4350 3544 4403 δυνα-

1961 4448 2087 4515 τόν;
2123 4443 2306 4515 φησίν.
2348 4445 2413 4497 “0
2445 4441 2702 4504 πολλάκις
2731 4436 2901 4507 εἶπον,
2931 4439 3087 4493 τοῦτο
3110 4439 3206 4494 καὶ
3229 4439 3324 4494 νῦν
3376 4440 3538 4508 λέγω·

1966 4541 2246 4594 Ἔστωσαν
2284 4533 2528 4604 λογισταί
2559 4531 2667 4586 τῶν
2706 4531 3015 4604 λεγομένων
3046 4530 3261 4597 πολλοὶ,
3302 4531 3542 4586 ἔστωσαν

1961 4630 2243 4698 ἐξετασταὶ
2282 4629 2376 4683 καὶ
2414 4625 2720 4699 διορθωταί.
2779 4626 2894 4680 Οὐκ
2918 4623 3065 4679 ἔστιν
3097 4625 3325 4697 αἰσχύνη
3368 4624 3430 4678 τὸ
3451 4624 3540 4692 ὑφ’

1960 4724 2160 4798 ἐτέρων
2180 4719 2542 4795 διορθοῦσθαι⁸
2572 4719 2771 4790 μᾶλλον
2797 4719 2898 4791 μὲν
2930 4714 3024 4773 οῦν
3055 4718 3284 4790 αἰσχύνη
3302 4718 3364 4771 τὸ
3389 4717 3541 4771 ἀπω-

1961 4815 2168 4870 θεῖσθαι
2199 4817 2323 4878 τοὺς
2344 4809 2708 4884 διορθοῦντας,
2750 4809 2845 4864 καὶ
2866 4810 2957 4863 ἐπὶ
2996 4806 3169 4881 βλάϐῃ
3211 4809 3311 4878 τῆς
3332 4805 3541 4868 οἰκείας

1960 4907 2233 4979 σωτηρίας
2258 4905 2416 4959 τοῦτο
2441 4906 2633 4958 ποιεῖν.
2672 4901 2782 4955 Καὶ
2826 4901 2891 4954 σύ
2944 4902 3043 4970 μὲν
3096 4898 3196 4971 τὴν
3231 4896 3433 4968 ἐσθῆτα
3470 4896 3538 4950 ἂν

1960 4997 2189 5061 ἐναλλὰξ
2209 4994 2502 5067 περιϐάλῃ,
2549 4994 2643 5048 καὶ
2671 4993 2836 5046 παῖδα
2857 4991 3177 5062 ἐπιτρέπεις
3222 4987 3535 5059 διορθῶσαι,

1959 5090 2053 5144 καὶ
2080 5089 2181 5143 οὐκ
2206 5086 2433 5157 αἰσχύνῃ
2456 5087 2587 5157 παρ’
2602 5084 2810 5137 ἐκείνου
2845 5081 3151 5154 μανθάνων,
3197 5079 3375 5134 καίτοι
3395 5096 3456 5148 γε
3479 5080 3537 5132 ἐν

1956 5181 2129 5251 τούτῳ
2160 5177 2327 5233 πολλὴ
2358 5180 2391 5247 ή
2420 5176 2669 5248 αἰσχύνη·
2724 5174 2957 5230 ἐνταῦθα.
2993 5173 3050 5227 δέ
3087 5173 3184 5271 τὴν
3203 5170 3380 5242 ψυχὴν
3411 5170 3537 5271 ξλαι

1958 5276 2243 5343 πτάμενος,
2275 5269 2539 5342 αἰσχύνῃ,
2582 5267 2705 5322 εἰπέ
2759 5286 2872 5340 μοι,
2893 5268 3022 5338 παρ’
3076 5265 3265 5336 ἐτέρου
3311 5263 3534 5317 παιδεύ-
3574 5263 3581 5293 τ

1957 5368 2146 5432 εσθαι;
2174 5366 2270 5419 καὶ
2286 5364 2594 5435 κοσμοῦντα
2618 5362 2716 5432 μέν
2746 5380 2808 5416 σε
2833 5362 2963 5433 περὶ
2993 5360 3093 5432 τὴν
3122 5360 3324 5432 ἐσθῆτα
3347 5360 3535 5430 φέρεις

1955 5457 2047 5510 τὸν
2068 5454 2284 5525 οἰκέτην
2314 5455 2408 5507 καὶ
2443 5450 2763 5515 ὑποδοῦντα,
2789 5450 3094 5521 κοσμοῦντα
3141 5449 3199 5503 δέ
3228 5450 3326 5519 τὴν
3355 5449 3534 5521 ψυχὴν

1956 5547 2016 5599 οὐ
2042 5545 2225 5616 φέρεις
2245 5560 2260 5609 ;
2278 5544 2390 5597 Kal
2404 5543 2577 5612 πόσης
2601 5542 2663 5595 οὐ
2693 5540 2865 5594 ταῦτα
2893 5537 3077 5601 ἀνοίας
3097 5555 3114 5604 ;
3152 5537 3335 5591 Ἔστω
3351 5538 3444 5593 καὶ
3462 5541 3534 5593 ol-

1958 5637 2121 5708 κέτης
2147 5635 2350 5690 τούτων
2386 5633 2724 5697 διδάσκαλος,
2777 5631 2917 5685 ἔστω
2946 5630 3039 5685 καὶ
3085 5631 3294 5686 παιδίον
3321 5671 3336 5697 ,
3393 5631 3536 5687 ἔστω

2019 5874 2048 5914 ιτ
2073 5875 2209 5925 Unus
2230 5875 2411 5986 σέόόρα
2426 5873 2659 5951 βούλομαι
2682 5875 2760 5927 καὶ
2783 5875 3013 5938 παραινῶ.
3084 5880 3103 5905 τ’
3119 5874 3217 5926 Alii
3239 5878 3362 5925 ἳσον.
3380 5871 3536 5925 Ἐκεῖ-

2020 5954 2034 5986 ι
2058 5938 2140 5986 μὲν
2160 5939 2248 5986 γὰο
2294 5938 2345 5985 nl
2361 5952 2560 5986 τούτοις.

1962 5953 2034 5987 νοι
2058 5938 2140 5999 μὲν
2160 5939 2248 6000 γὰρ
2270 5938 2345 5986 ἐπὶ
2361 5938 2560 5992 τούτοις.
