4088 6142
323 336 386 391 93
1305 319 1371 374 IN
1409 318 1586 374 ACTA
1631 314 2146 372 APOSTOIDRUM.
2188 315 2419 370 HOMlL.
2461 313 2550 369 XI.
3522 318 3593 371 ει

319 440 473 514 pudet
496 437 562 494 ab
589 436 696 492 alio
720 433 967 490 erudiri?
993 443 1047 489 et
1074 448 1286 488 servum
1320 431 1426 487 fers
1449 439 1500 485 te
1535 431 1675 484 circa
1697 436 1900 482 vestem

318 538 592 587 amantem
620 535 678 583 et
710 525 1049 581 calceantem
1075 565 1090 590 ,
1137 538 1262 577 eum
1311 531 1491 576 autem
1539 519 1627 590 qui
1669 519 1901 572 animam

321 632 455 678 tuam
481 628 640 674 ornat
672 634 783 673 non
812 616 1092 671 sustines?
1135 615 1198 669 Et
1237 622 1448 685 quantm
1494 611 1596 664 hoc
1628 625 1732 664 non
1779 609 1905 663 insi-

319 712 522 784 pientis
555 710 711 765 fuerit
736 712 750 765 ι
775 707 858 764 Sit
886 718 943 763 et
969 720 1158 763 servus
1184 705 1394 769 doctor,
1424 703 1491 757 sit
1522 698 1794 771 puerulus,
1832 699 1905 753 sit

320 821 466 873 uxor,
490 805 564 859 sit
580 803 790 858 amicus
813 802 857 868 ³,
878 807 1157 870 cognatus,
1180 797 1406 852 vicinus.
1429 793 1578 849 Sicut
1596 791 1739 846 enim
1768 791 1901 854 fera,

318 912 432 966 quas
457 893 698 964 undique
718 891 959 961 pellitur,
987 904 1093 945 non
1124 895 1297 958 potest
1318 886 1553 956 elfugere
1582 900 1596 936 :
1625 882 1702 936 sic
1725 881 1790 945 is,
1812 880 1904 949 qui

320 997 391 1043 tot
419 987 584 1042 habet
608 984 884 1050 custodes,
928 990 1011 1037 tot
1037 989 1391 1041 correctores,
1434 977 1524 1047 qui
1562 974 1797 1044 undique
1824 971 1903 1026 fe-

318 1083 471 1146 riant,
501 1095 609 1135 non
650 1087 827 1150 potest
849 1091 956 1131 non
981 1075 1080 1130 sibi
1122 1087 1329 1128 cavere.
1357 1070 1426 1124 Et
1466 1067 1641 1138 primo
1687 1063 1901 1135 quidem

318 1170 591 1283 mutaret
611 1168 738 1232 legit
760 1182 774 1217 :
798 1166 870 1218 sit
911 1172 958 1217 et
991 1177 1158 1217 servus
1180 1166 1367 1222 doctar,
1392 1159 1453 1211 sit
1474 1156 1678 1216 amicus,
1709 1154 1903 1205 omissis

448 1246 551 1283 nos:
588 1245 632 1281 s.

447 1245 632 1295 pomus.

321 1361 585 1377 '——-

2008 428 2094 483 die
2125 445 2264 498 :rgre
2300 431 2433 483 [ενοι
2471 438 2629 499 atque
2662 429 2712 484 iu
2749 429 2983 485 secundo
3020 438 3076 485 et
3114 431 3274 486 tertio
3309 448 3322 484 :
3353 440 3407 487 at
3443 434 3600 489 dein»

2008 533 2136 587 ceps
2176 533 2261 573 res
2284 519 2381 573 erit
2412 518 2639 585 facilior,
2670 528 2725 573 et
2757 530 2874 588 post
2898 529 3144 591 quartum
3181 538 3286 577 non
3321 523 3461 581 idem
3490 523 3591 579 erit

2009 610 2299 678 negotium.
2322 610 2623 665 Periculum
2653 610 2829 673 facite,
2858 614 2900 665 si
2927 612 3142 682 quidem
3174 629 3281 669 nou
3313 616 3548 672 credatis
3576 635 3589 673 :

2007 716 2191 756 curam
2218 701 2433 765 habete.
2464 701 2712 757 obsecro.
2758 701 2874 757 Non
2905 715 2984 757 est
3010 704 3127 760 leve
3156 719 3456 776 peccatum,
3496 724 3594 764 ue-

2007 808 2111 864 que
2138 794 2272 849 levis
2299 796 2598 858 correctio;
2641 795 2736 850 sed
2774 796 3023 867 utrinque
3067 814 3314 867 magnum
3361 815 3455 856 seu
3497 802 3594 855 ho-

2008 900 2136 939 num
2160 899 2253 939 seu
2286 885 2507 939 malum.
2537 884 2750 940 Utinam
2783 887 2980 941 bonum
3018 886 3130 952 liat,
3163 890 3331 958 gratia
3359 899 3414 945 et
3443 892 3595 947 beni-

2007 976 2207 1045 gnitate
2236 975 2444 1030 Domini
2471 977 2639 1033 nostri
2664 976 2790 1032 Jesu
2817 977 3038 1041 Christi,
3088 980 3302 1047 quicum
3346 982 3488 1036 Patri
3540 993 3594 1038 et

2008 1066 2227 1134 Spiritui
2250 1075 2436 1120 sancto
2457 1066 2648 1136 gloria,
2674 1066 2979 1137 imperium,
3003 1067 3197 1136 honor,
3222 1083 3367 1125 nunc
3396 1077 3592 1126 ctscut-

2008 1171 2126 1227 per,
2157 1166 2211 1211 et
2242 1157 2292 1210 in
2320 1158 2514 1212 saecula
2550 1158 2889 1213 sazculorum.
2922 1162 3115 1215 Amen.

591 1331 3410 1370 MM

1719 1410 2068 1478 HOMILIA
2109 1410 2226 1473 XI.

324 1581 446 1636 Car.
472 1580 527 1634 i.
559 1594 611 1631 v.
644 1576 716 1633 ‘23
768 1572 983 1628 Dimissi
1008 1581 1174 1625 autem
1198 1576 1437 1624 venierunt
1457 1567 1523 1620 ad
1552 1578 1705 1627 suos;
1737 1570 1782 1613 et
1803 1575 1909 1611 an-

394 1670 745 1723 nantiaverunt
767 1665 859 1728 eis,
890 1670 1079 1733 quanta
1104 1659 1171 1714 ad
1196 1675 1277 1714 eos
1308 1658 1559 1728 principes
1586 1651 1902 1708 sacerdotum

392 1775 437 1818 et
464 1760 685 1816 seniora
704 1756 971 1811 dixissent.

394 1933 444 1987 Ι.
485 1930 601 1985 Non
641 1942 774 1983 vana
814 1923 985 1996 gloria
1033 1921 1162 1976 moti
1206 1924 1462 1972 narrant:
1507 1914 1595 1985 qui
1621 1912 1761 1968 enim
1791 1908 1902 1962 ﬁeri

328 2020 596 2096 potuerit?
644 2017 738 2074 sed
771 2017 889 2071 hzec
907 2014 1091 2085 gratim
1118 2009 1315 2066 Christi
1345 2016 1470 2064 sunt
1496 2005 1711 2060 indicia.
1741 2001 1866 2056 ideo
1886 2041 1901 2066 ,

326 2092 673 2187 quacumque
714 2109 789 2163 illi
832 2107 1112 2170 dixerant,
1159 2108 1448 2159 enarrant;
1494 2112 1589 2152 sua
1611 2111 1738 2150 vero
1763 2092 1904 2148 dicta

328 2209 445 2263 licet
465 2211 816 2276 praetereant,
847 2199 972 2254 hinc
1002 2206 1176 2253 tamen
1202 2194 1459 2263 majorem
1487 2189 1733 2244 ﬁduciam
1756 2199 1906 2239 assu-

328 2306 496 2353 munt.
522 2294 594 2350 Et
622 2289 895 2363 perpende
917 2330 932 2354 ,
956 2285 1226 2358 quomodo
1253 2297 1468 2339 rursum
1495 2279 1565 2335 ad
1595 2293 1776 2333 verum
1808 2290 1904 2329 au—

328 2391 509 2445 xilium
539 2384 874 2454 confugiant,
902 2379 969 2434 ad
988 2377 1284 2433 subsidium
1307 2375 1586 2439 invictum,
1615 2385 1677 2424 ac
1695 2383 1906 2423 rursum

325 2480 647 2537 unanimiter
668 2486 722 2532 et
756 2489 878 2530 cum
903 2472 1079 2527 studio
1106 2489 1118 2523 :
1145 2483 1318 2539 neque
1343 2468 1484 2523 enim
1509 2474 1590 2521 est
1616 2462 1788 2518 oratio
1810 2471 1896 2515 ut-

326 2588 555 2644 cumque
610 2571 829 2624 emissa.
870 2567 962 2621 24.
1013 2564 1113 2632 Qui
1140 2579 1252 2618 cum
1281 2562 1570 2626 audissent,
1604 2556 1908 2611 unanimiter

328 2642 611 2720 levaverunt
635 2676 804 2715 vocem
827 2661 895 2713 ad
917 2657 1102 2721 Deum,
1126 2666 1172 2709 et
1198 2642 1456 2709 dixerunt.
1481 2650 1614 2706 Vide
1639 2665 1795 2720 quam
1824 2648 1909 2702 di-

328 2757 553 2825 ligenter
623 2753 753 2807 ﬁant
803 2751 1017 2805 illorum
1077 2761 1282 2818 preces.
1331 2744 1553 2814 Quando
1609 2742 1908 2811 apostolatu

329 2848 545 2916 dignum
586 2842 799 2899 ostendi
835 2840 936 2897 sibi
983 2839 1265 2909 petebant,
1318 2836 1395 2890 sic
1441 2834 1732 2888 dicebant:
1796 2829 1907 2895 Tu,

333 2938 571 3002 Domine,
599 2937 688 3008 qui
712 2933 871 2988 corda
897 2932 1030 2987 nosti
1057 2930 1280 2985 omnium
1306 2971 1319 2994 ,
1348 2927 1550 2983 ostende
1575 2926 1708 2997 (Act.
1738 2926 1788 2978 l.
1816 2922 1908 2991 24)

330 3028 425 3100 (ibi
452 3029 596 3082 enim
623 3022 960 3095 praescicntia
990 3036 1123 3091 opus
1140 3020 1276 3090 erat)
1303 3035 1315 3072 :
1347 3018 1435 3074 hic
1463 3031 1613 3081 vero,
1656 3015 1778 3086 quia
1811 3014 1909 3068 atl-

330 3119 689 3175 versariorum
727 3130 825 3172 ora
860 3114 1063 3169 obstrui
1090 3111 1407 3182 oportebat,
1437 3110 1505 3164 de
1530 3108 1802 3164 dominatu
1831 3106 1909 3158 Io-

330 3221 600 3284 quuntur;
633 3209 751 3265 ideo
772 3208 853 3263 sic
875 3207 981 3263 orsi
1008 3215 1131 3260 sunt
1161 3225 1174 3258 :
1221 3203 1437 3257 Domine
1460 3199 1619 3264 Dens,
1650 3198 1735 3267 qui
1754 3197 1914 3268 fecisti

332 3307 509 3359 ctutum
533 3347 547 3368 ,
582 3315 629 3358 et
661 3314 882 3366 terram,
914 3311 961 3355 et
993 3316 1157 3366 mare,
1183 3309 1229 3351 ct
1251 3298 1419 3350 omnia
1443 3311 1554 3366 quia
1583 3296 1633 3347 in
1661 3294 1730 3347 eis
1751 3300 1867 3346 sunt
1895 3306 1914 3343 :

332 3399 417 3453 25.
441 3398 527 3467 qui
550 3412 643 3466 per
664 3412 720 3449 os
739 3392 908 3447 David
925 3391 1069 3459 pueri
1091 3389 1349 3467 tuidiafisti
1373 3403 1390 3441 :
1417 3386 1588 3452 Quare
1604 3389 1915 3456 fremuerunt

333 3464 518 3563 gentes,
550 3464 599 3542 et
625 3485 803 3557 populi
830 3482 1059 3538 meditati
1084 3490 1202 3535 sunt
1235 3464 1451 3533 inania?
1475 3476 1565 3532 96.
1597 3475 1908 3528 Adstilerunt

333 3600 467 3650 reges
491 3591 643 3636 terra:
671 3588 719 3633 et
763 3577 1020 3648 principes
1048 3581 1383 3628 convenerunt
1408 3572 1461 3624 in
1491 3586 1645 3623 unum
1674 3569 1917 3621 adversus

339 3671 612 3724 Dominum
641 3679 688 3722 et
710 3668 953 3725 adversus
980 3663 1231 3720 Christum
1270 3664 1379 3733 ejus
1410 3660 1578 3731 (Psal.
1611 3660 1703 3721 21.
1731 3658 1811 3727 2).
1842 3658 1918 3711 Ac

337 3761 380 3815 si
409 3771 559 3832 pacta
592 3777 622 3814 a
651 3760 761 3815 Deo
781 3758 1080 3827 exigerent,
1102 3754 1437 3826 prephetiam
1468 3752 1518 3805 in
1540 3749 1772 3805 medium
1793 3746 1921 3801 alle-

337 3863 477 3915 runt,
508 3852 721 3920 seipsos
762 3848 919 3903 simul
947 3847 1317 3910 consolantes,
1344 3843 1484 3915 quod
1522 3844 1699 3896 omnia
1728 3842 1919 3896 frustra

338 3943 665 3998 meditemur
709 3939 934 3995 inimici.
986 3938 1096 3992 lloc
1133 3950 1310 3990 autem
1353 3934 1655 4006 signiﬁcare
1694 3933 1917 3986 volunt:

339 4033 432 4088 illa
460 4032 514 4087 in
555 4031 794 4086 medium
842 4029 1042 4100 profer,
1073 4037 1126 4082 ct
1153 4026 1377 4083 ostende
1417 4026 1556 4096 quod
1592 4040 1723 4078 vana
1755 4022 1921 4077 medi-

342 4123 433 4177 tati
462 4125 592 4178 sint.
614 4122 707 4176 27.
738 4138 761 4175 ι
784 4121 1166 4175 Convenerunt
1186 4117 1327 4173 enim
1348 4132 1472 4171 vere
1502 4117 1552 4170 in
1584 4116 1798 4171 civitate
1821 4115 1919 4168 ista

340 4214 594 4269 adversus
621 4219 865 4268 sanctum
898 4210 1122 4265 I'ucrutn
1156 4217 1301 4263 tuum
1327 4208 1532 4275 Jesum,
1562 4221 1721 4277 quem
1776 4205 1924 4260 unxi-

340 4306 431 4370 sti,
450 4303 692 4359 llerodes
709 4314 763 4358 et
783 4302 1003 4357 Pontius
1026 4301 1227 4355 Pilatus
1238 4315 1356 4355 eum
1379 4299 1627 4369 gentibus
1648 4308 1699 4354 et
1717 4298 1924 4367 populis

344 4396 539 4463 Israel,
586 4396 679 4451 28.
726 4402 783 4449 ut
826 4393 1066 4449 iacerent
1111 4406 1461 4461 qumcumque
1505 4406 1693 4445 manus
1739 4399 1826 4444 tua
1870 4399 1927 4445 et

343 4489 626 4546 consilium
652 4497 796 4543 tuum
825 4486 940 4542 ﬁeri
967 4485 1270 4556 prmiinivit.
1292 4484 1381 4539 29.
1408 4486 1472 4539 Et
1492 4500 1653 4552 nunc,
1679 4485 1920 4551 Domine,

345 4582 555 4650 respice
594 4581 648 4635 in
688 4580 860 4634 minas
901 4593 1144 4634 eorum.»
1197 4576 1385 4631 Viden’
1412 4576 1803 4647 phil050phiam
1826 4618 1840 4642 ,
1873 4585 1928 4632 et

345 4671 616 4742 quomodo
642 4670 727 4725 his
747 4685 850 4725 non
880 4670 1245 4738 imprecentur
1267 4667 1437 4725 mala?
1460 4668 1628 4725 Minas
1650 4670 1926 4739 Speciatim

347 4780 455 4819 non
497 4771 894 4834 exposuerunt,
941 4760 1261 4828 seddicunt
1304 4768 1504 4814 tantum
1549 4761 1669 4815 illos
1696 4761 1928 4815 minatos

345 4872 465 4913 esse
496 4874 511 4911 :
538 4871 659 4910 nam
681 4853 1002 4923 compendio
1028 4853 1263 4924 loquitur
1282 4852 1529 4921 scriptor.
1563 4851 1631 4905 Et
1654 4852 1796 4918 vide,
1822 4867 1927 4906 non

344 4951 625 5015 dixerunt,
673 4948 930 5016 Dirumpe
973 4946 1090 5001 illos
1110 4989 1125 5011 ,
1156 4946 1330 5016 dejice
1354 4944 1515 5010 illos;
1550 4944 1641 4999 sed
1670 4938 1835 5014 quid?
1862 4944 1929 4998 Et

347 5041 410 5094 da
432 5041 587 5096 sentis
614 5039 717 5093 tuis
736 5054 855 5091 cum
877 5037 1015 5090 omni
1043 5037 1231 5104 ﬁducia
1260 5035 1395 5105 loqui
1425 5037 1627 5089 verbum
1647 5046 1810 5089 tuum.
1840 5036 1930 5091 Sic

348 5146 444 5186 nos
469 5146 687 5201 quoque
711 5129 984 5185 discamus
1011 5142 1182 5183 orare.
1217 5127 1332 5182 Etsi
1361 5143 1467 5198 quo
1492 5143 1599 5182 non
1628 5127 1805 5183 lurore
1829 5129 1931 5182 im-

348 5224 548 5294 pleatur
567 5224 658 5295 qui
681 5224 736 5279 in
766 5222 914 5278 viros
942 5219 1127 5274 incidit
1154 5220 1403 5275 occidere
1433 5221 1604 5290 ipsum
1636 5230 1928 5288 conantes,

340 5315 394 5370 tt
428 5317 552 5371 talia
595 5313 949 5371 minitantes?
972 5311 1041 5365 Et
1076 5328 1183 5381 quo
1213 5326 1321 5365 non
1353 5312 1477 5366 odio
1501 5312 1823 5381 impleatur?
1867 5316 1933 5368 At

346 5420 446 5462 non
474 5408 553 5464 sic
594 5407 648 5462 hi
684 5405 887 5462 sancti.
921 5403 1009 5459 50.
1038 5402 1103 5455 1η
1120 5419 1177 5456 eo
1206 5402 1342 5473 quod
1368 5420 1571 5456 manum
1595 5415 1734 5457 luant
1761 5416 1931 5459 exten-

349 5502 433 5555 tlas
474 5503 543 5556 ad
578 5502 853 5564 sanitates,
898 5508 945 5552 et
988 5498 1135 5567 signa
1172 5506 1219 5549 et
1245 5496 1477 5566 prodigia
1500 5496 1610 5564 ﬁeri
1635 5514 1724 5567 per
1750 5514 1932 5552 nomen

344 5597 495 5649 sancti
539 5593 704 5649 Pueri
737 5592 816 5646 tui
840 5588 991 5644 Jesu.
1023 5588 1076 5644 Si
1106 5588 1159 5642 in
1193 5587 1410 5641 nomine
1440 5587 1533 5641 illo
1577 5588 1712 5644 liuut
1742 5605 1934 5658 opera-

341 5686 532 5754 tioucs,
582 5685 802 5756 inquit,
844 5695 1038 5751 magna
1068 5682 1167 5736 erit
1207 5677 1458 5749 loquendi
1504 5677 1713 5733 ﬁducia.
1748 5681 1834 5736 51.
1867 5682 1934 5735 Et

336 5795 438 5835 cum
465 5790 719 5846 orassent,
751 5786 925 5831 motus
963 5784 1034 5828 est
1071 5772 1231 5839 locus,
1259 5772 1308 5824 in
1339 5787 1436 5841 quo
1458 5781 1598 5825 crant
1622 5775 1930 5843 congregati.

2012 1554 2128 1622 Quo
2159 1554 2280 1609 illos
2305 1556 2586 1611 exauditos
2615 1572 2733 1613 esse
2755 1559 3061 1617 etdivinam
3096 1563 3210 1620 ﬁeri
3234 1567 3591 1629 visitationem

2010 1643 2423 1714 signiﬁcabatur.
2442 1644 2510 1699 Et
2528 1646 2705 1716 repleti
2719 1658 3014 1706 suntomnes
3034 1654 3230 1724 Spiritu
3242 1672 3430 1716 sancto.
3458 1662 3592 1730 Quid

2010 1747 2111 1797 est,
2141 1735 2341 1807 Repleti
2369 1740 2599 1795 sunt?ld
2627 1753 2729 1807 est,
2755 1741 2957 1811 Spiritu
2985 1751 3227 1805 succensi
3254 1764 3401 1821 sunt,
3428 1765 3482 1809 et
3503 1772 3596 1810 ar-

2009 1829 2169 1884 debat
2190 1832 2240 1885 in
2257 1831 2360 1887 illis
2381 1831 2668 1890 charisma.
2692 1835 2760 1888 Et
2778 1836 3111 1906 loquebantur
3135 1845 3336 1901 verbum
3359 1846 3457 1902 Dei
3480 1866 3597 1904 cum

2011 1919 2218 1987 ﬁducia.
2234 1920 2323 1976 52.
2350 1920 2697 1979 Multitudinis
2710 1935 2876 1981 autem
2892 1931 3198 1987 credentium
3213 1947 3322 1990 erat
3334 1954 3423 1992 cor
3436 1956 3594 1996 unum

2010 2019 2054 2063 et
2082 2013 2256 2065 anima
2280 2029 2401 2067 una.
2460 2013 2642 2082 Vides,
2672 2017 2814 2086 quod
2841 2033 2960 2073 cum
2988 2024 3157 2091 gratia
3187 2025 3279 2080 Dei
3310 2029 3468 2083 etiam
3496 2046 3593 2085 sua

2011 2100 2325 2157 alferehant.
2358 2103 2564 2174 Ubique
2591 2107 2735 2161 enim
2760 2107 2863 2164 hoc
2888 2110 3278 2170 observandum
3310 2129 3389 2174 est
3410 2161 3424 2183 ,
3451 2125 3594 2191 quod

2010 2207 2130 2247 cum
2155 2194 2323 2263 gratia
2351 2193 2467 2260 Dei,
2499 2209 2593 2249 sua
2617 2197 2775 2251 etiam
2802 2198 3109 2270 exhibeant,
3143 2215 3200 2259 ut
3224 2206 3414 2264 Petrus
3443 2211 3593 2266 dicc-

2010 2281 2101 2336 bat
2131 2300 2144 2336 :
2173 2283 2449 2354 Argentum
2478 2296 2524 2339 et
2541 2303 2723 2340 aurum
2746 2305 2846 2343 non
2870 2299 2943 2344 est
2973 2294 3098 2347 mihi
3129 2295 3264 2365 (Act.
3301 2300 3352 2353 5.
3379 2300 3456 2369 6).
3490 2303 3593 2357 Ita-

2010 2389 2115 2443 que
2139 2374 2277 2444 quod
2301 2378 2548 2446 superius
2579 2377 2807 2445 dicebat,
2838 2397 3027 2439 omnes
3054 2384 3219 2442 fuisse
3242 2387 3308 2443 In
3348 2391 3589 2462 idipsum,

2012 2480 2197 2520 rursus
2230 2465 2314 2520 hic
2340 2467 2575 2522 declarat
2604 2487 2616 2522 :
2650 2470 2998 2528 Multitudinis
3026 2478 3339 2533 credentium
3367 2495 3475 2537 erat
3504 2503 3590 2539 cor

2012 2571 2171 2609 unum
2198 2568 2246 2609 et
2270 2558 2441 2611 anima
2468 2576 2589 2613 una.
2617 2561 2751 2616 Cum
2781 2563 2998 2621 dixisset
3029 2578 3203 2624 autem
3233 2572 3350 2626 illos
3372 2579 3594 2632 exaudi—

2017 2652 2098 2699 tos
2122 2646 2302 2713 fuisse,
2328 2665 2512 2703 eorum
2548 2663 2728 2720 pOSIea
2755 2654 3003 2711 virtutem
3029 2670 3227 2717 narrat.
3258 2664 3597 2734 Ingressurus

2015 2754 2243 2808 namque
2262 2749 2343 2793 est
2372 2741 2421 2793 in
2444 2744 2801 2799 narrationem
2821 2748 3097 2817 Sapphirte
3118 2760 3174 2805 et
3198 2753 3437 2812 Ananizc.
3469 2758 3595 2816 Ideo

2017 2830 2228 2885 illorum
2271 2832 2447 2887 scelus
2486 2842 2799 2889 ostensurus
2824 2878 2837 2901 ,
2868 2838 3016 2905 prius
3045 2840 3112 2896 de
3142 2842 3369 2900 aliorum
3402 2849 3598 2907 virtute

2018 2920 2270 2991 loquitur.
2310 2923 2423 2991 Dic,
2474 2940 2591 2988 oro,
2669 2925 2938 2983 caritasne
2996 2945 3363 3003 paupertatem
3420 2944 3596 3010 parit,

2015 3028 2082 3114 an
2131 3023 2419 3083 paupertas
2464 3016 2786 3071 caritatem?
2838 3019 3061 3077 Videtur
3129 3028 3258 3083 mihi
3330 3035 3472 3102 quod
3499 3050 3592 3091 ca-

2018 3114 2151 3197 ritas
2209 3114 2622 3175 paupertatem,
2673 3123 2792 3178 qua:
2846 3114 3014 3184 magis
3083 3116 3224 3172 illam
3292 3120 3598 3197 adstringit.

2019 3196 2154 3250 Audi
2209 3212 2369 3264 vero,
2417 3199 2539 3268 quid
2604 3200 2792 3256 dicat:
2835 3201 3075 3259 Omnium
3121 3220 3228 3263 erat
3276 3228 3363 3267 cor
3439 3196 3604 3273 unum

2018 3295 2066 3341 et
2090 3288 2260 3340 anima
2284 3305 2403 3342 una.
2430 3289 2571 3345 Ecce
2598 3306 2692 3346 cor
2717 3301 2771 3347 et
2792 3296 2968 3350 anima
2995 3297 3225 3368 idipsum
3262 3313 3404 3360 sunt.
3446 3326 3465 3359 ι
3495 3309 3603 3366 Nec

2019 3379 2297 3449 quisquam
2354 3396 2539 3436 eorum
2571 3424 2585 3447 ,
2634 3399 2754 3453 qua:
2802 3389 3106 3456 possidebat
3136 3433 3152 3458 ,
3199 3394 3396 3466 aliquid
3441 3414 3605 3459 suum

2021 3488 2142 3528 esse
2170 3474 2401 3555 dicebat,
2435 3475 2531 3530 sed
2558 3487 2711 3532 erant
2742 3479 2842 3532 illis
2871 3483 3045 3536 omnia
3074 3490 3396 3545 communia.
3423 3492 3513 3547 55.
3544 3496 3609 3549 lit

2022 3566 2218 3621 virtute
2255 3582 2443 3637 magna
2496 3568 2792 3625 reddebant
2839 3575 3066 3642 apostoli
3112 3578 3472 3638 testimonium
3518 3602 3606 3642 re.-

2024 3660 2371 3715 surrectionis
2413 3661 2624 3716 Domini
2675 3663 2804 3719 Jesu
2846 3665 3100 3722 Christi.»
3141 3670 3302 3739 Quasi
3347 3675 3426 3729 eis
3460 3692 3609 3731 cotu-

2024 3753 2245 3807 missum
2265 3753 2363 3818 sit,
2400 3753 2498 3809 hoc
2526 3754 2783 3822 declarat,
2815 3766 2867 3812 et
2888 3761 3037 3828 quasi
3065 3760 3135 3817 de
3163 3764 3345 3819 ofﬁcio
3373 3767 3608 3837 ipsorum

2026 3845 2261 3915 loquitur
2288 3864 2299 3899 :
2329 3845 2381 3900 id
2413 3855 2515 3912 est,
2551 3847 2912 3904 testimonium
2944 3853 3090 3921 regni
3123 3869 3242 3909 curn
3276 3857 3464 3914 fiducia
3494 3879 3610 3914 ont-

2026 3936 2184 3991 nibus
2232 3936 2546 3992 reddebant.
2606 3937 2785 3993 Gratia
2827 3957 3025 4012 quoque
3064 3961 3250 4016 magna
3284 3949 3337 4003 in
3379 3954 3612 4007 omnibus

2026 4040 2178 4085 erat:
2220 4030 2308 4086 54.
2353 4048 2511 4101 neque
2551 4033 2683 4086 enim
2722 4034 2983 4104 quisquam
3004 4052 3150 4107 egens
3177 4051 3281 4093 erat
3316 4042 3446 4096 inter
3471 4046 3608 4100 illos.

2028 4122 2178 4178 Sicut
2205 4123 2254 4176 in
2285 4131 2502 4190 paterna
2536 4124 2696 4177 domo
2719 4124 2810 4178 ﬁlii
2843 4140 3031 4180 omnes
3054 4130 3164 4196 pari
3196 4139 3318 4184 sunt
3362 4132 3565 4189 honore
3594 4178 3610 4201 ,

2029 4212 2105 4266 sic
2140 4213 2212 4265 illi
2249 4211 2422 4266 allecti
2465 4221 2634 4267 erant.
2683 4212 2797 4267 Non
2847 4215 3038 4269 licebat
3072 4219 3215 4271 enim
3246 4218 3448 4287 dicere,
3471 4227 3611 4293 quod

2030 4304 2162 4357 alios
2193 4305 2487 4358 enutrirent
2513 4321 2526 4368 ;
2559 4320 2621 4358 ac
2644 4305 2687 4357 si
2716 4321 2778 4358 ex
2811 4307 2923 4360 suis
2954 4307 3076 4361 illos
3107 4311 3395 4380 nutrirent,
3427 4317 3504 4371 sic
3531 4317 3614 4371 al-

2032 4394 2152 4449 lecti
2199 4402 2369 4448 erant.
2418 4393 2520 4449 Sed
2563 4394 2663 4449 hoc
2706 4405 2786 4450 est
2817 4397 3098 4466 mirabile,
3128 4401 3269 4470 quod
3310 4404 3471 4460 rebus
3501 4410 3616 4464 suis

2032 4484 2302 4553 sepositis,
2338 4484 2407 4537 ita
2433 4484 2758 4552 nutriebant,
2789 4501 2856 4539 ne
2884 4500 2946 4541 ex
2974 4487 3086 4542 suis
3105 4531 3120 4557 ,
3154 4491 3246 4553 sed
3278 4509 3345 4547 ex
3374 4510 3615 4552 comma-

2034 4578 2190 4633 nibus
2228 4577 2297 4631 ali
2343 4577 2670 4633 viderentur.
2719 4579 3023 4649 «Quotquot
3051 4591 3229 4636 autem
3278 4600 3616 4654 possessores

2032 4685 2285 4741 agrorum
2319 4669 2404 4724 vel
2440 4668 2718 4725 domorum
2756 4679 2908 4725 crant
2931 4711 2946 4735 ,
2990 4674 3281 4731 vendentcs
3321 4678 3617 4737 all‘erchaut

2035 4761 2207 4832 pretia
2230 4776 2416 4815 eorum
2442 4801 2456 4826 ,
2487 4776 2606 4831 quae
2638 4762 2959 4817 vendebant.
2988 4763 3075 4819 55.
3109 4766 3172 4819 Et
3198 4771 3466 4836 ponebant
3492 4783 3618 4826 ante

2034 4854 2199 4925 pedes
2248 4853 2633 4922 apostolorum.
2694 4853 3044 4908 Dividchatur
3111 4867 3288 4913 autem
3355 4861 3614 4932 Singulis,

2037 4955 2192 5015 prout
2223 4947 2415 5017 cuique
2441 4963 2573 5016 opus
2599 4959 2764 5002 erat.)
2798 4948 3017 5017 Magnus
3048 4951 3234 5016 honor,
3261 4956 3401 5024 quod
3431 4972 3535 5010 non
3565 4961 3617 5015 in

2038 5057 2228 5096 manus
2252 5082 2267 5105 ,
2300 5040 2391 5096 sed
2424 5040 2490 5094 ad
2525 5041 2683 5109 pedes
2710 5043 3075 5109 apostolorum
3104 5057 3380 5113 ponerent.
3404 5049 3491 5103 56.
3520 5050 3617 5105 Ιοο

2036 5134 2158 5202 seph
2189 5142 2355 5185 autem
2378 5174 2392 5199 ,
2417 5134 2502 5203 qui
2523 5135 2903 5202 cognominatus
2931 5144 3001 5189 est
3032 5133 3293 5193 Barnabas
3321 5139 3382 5191 ab
3411 5154 3615 5211 aposto-

2039 5227 2138 5291 lis,
2181 5225 2317 5293 quod
2358 5234 2427 5278 est
2471 5225 2886 5293 interpretatum,
2926 5227 3064 5295 ﬁlius
3093 5231 3467 5286 consolationis.
3502 5233 3619 5292 Non

2039 5315 2249 5369 videtur
2292 5313 2421 5366 mihi
2475 5313 2559 5368 llic
2594 5315 2683 5368 ille
2725 5331 2881 5378 esse,
2935 5318 3020 5383 qui
3068 5333 3188 5371 cum
3234 5319 3488 5377 Mattltia:
3534 5326 3621 5382 ille

2041 5422 2270 5477 namque
2297 5406 2494 5474 Joseph
2535 5407 2821 5462 vocabatur
2848 5408 3128 5473 Barsabas,
3165 5422 3343 5479 postea
3379 5431 3500 5472 vero
3530 5434 3623 5472 eo-

2040 5499 2377 5568 gnomiualus
2421 5507 2501 5552 est
2559 5498 2780 5560 Justus;
2829 5500 2913 5554 hic
2954 5516 3081 5554 vcro
3126 5502 3435 5573 Barnabas,
3483 5510 3623 5566 {ilius

2042 5589 2423 5644 consolatiOnis
2445 5631 2458 5653 ,
2499 5591 2566 5644 ab
2608 5591 2862 5659 apostolis
2888 5593 3295 5661 cognominatus
3323 5608 3404 5653 est
3430 5617 3441 5652 :
3469 5602 3619 5657 vidc-

2045 5692 2233 5751 turqnc
2265 5680 2392 5734 milii
2420 5697 2449 5733 a
2473 5682 2668 5735 virtute
2711 5696 2901 5735 non'ien
2932 5684 3221 5753 accepisse,
3248 5703 3311 5742 ac
3338 5691 3381 5743 si
3409 5691 3472 5746 ad
3501 5708 3618 5755 eam

2046 5793 2157 5830 rem
2184 5784 2327 5829 esset
2357 5783 2511 5843 aptus
2542 5783 2593 5828 et
2619 5773 2863 5828 idoneus.
2895 5773 3090 5830 Levites
3115 5818 3129 5843 ,
3176 5778 3394 5849 Cyprius
3424 5800 3621 5852 grnvrc,
