4010 6158
398 335 467 392 95
1075 324 1134 381 s.
1171 321 1450 381 ausurus
1472 318 1949 378 cnnvsosront
1987 313 2303 373 ARCHIEP.
2343 317 2874 377 consraurmoe.
3199 292 3206 301 ’
3606 315 3676 374 96

397 449 488 505 37.
518 461 635 501 eum
657 443 853 499 haberet
876 455 1076 511 agrum,
1096 438 1314 493 uendidit
1334 452 1467 503 eum,
1490 443 1535 489 et
1556 433 1722 489 attulit
1739 430 1978 502 pretium,

398 549 448 598 et
473 538 640 611 posuit
665 544 785 590 ante
810 534 969 603 pedes
993 531 1367 600 apostolorum.

469 634 524 688 Ξ.
552 630 649 687 Hic
672 627 799 682 mihi
829 627 1083 681 obserVes
1104 621 1292 686 velim,
1328 617 1599 689 quomodo
1620 613 1869 672 ostendat
1894 628 1983 668 so-

399 725 565 779 lutam
596 721 792 790 legem,
829 725 886 772 et
917 730 1014 771 cur
1056 713 1187 770 dicit
1218 710 1472 778 :Levites,
1517 708 1736 780 Cyprius
1778 721 1982 776 genere.

397 813 529 880 Quia
560 810 777 866 demum
805 815 1009 863 mutata
1042 803 1233 876 patria,
1270 801 1469 857 Levittc
1496 797 1838 853 vocabantur.
1878 792 1984 851 Sed

399 905 648 974 superius
669 902 811 956 dicta
838 907 1164 968 repetamus.
1192 893 1425 958 Dimissi,
1448 891 1641 961 inquit,
1661 895 1898 943 uenerunt
1917 884 1985 938 ad

399 1012 539 1060 suos,
567 1003 612 1048 et
634 990 1061 1046 annuntiaverunt
1090 999 1416 1054 quietumque
1435 982 1502 1036 ad
1522 995 1605 1035 eos
1631 977 1883 1051 principes
1902 990 1987 1029 sa-

399 1084 662 1140 cerdotum
690 1092 736 1136 et
758 1082 977 1138 seniores
1006 1077 1274 1132 dixissent.
1303 1072 1439 1129 Vide
1462 1086 1619 1144 quam
1640 1085 1671 1125 a
1692 1067 1830 1123 fastu
1850 1066 1982 1122 alie-

402 1179 457 1247 ni
475 1178 581 1232 sint
596 1173 844 1245 apostoli,
864 1181 919 1231 et
937 1186 1095 1241 quam
1112 1165 1439 1240 philosophi.
1457 1164 1572 1220 Non
1590 1163 1986 1218 circumeuntes

402 1287 524 1328 sese
541 1268 817 1323 venditant
841 1280 941 1321 nec
963 1263 1168 1329 dicunt,
1198 1277 1306 1331 quo
1331 1266 1487 1330 pacto
1513 1253 1826 1311 sacerdotes
1851 1266 1985 1307 con-

403 1362 662 1424 futarint;
698 1371 870 1427 neque
899 1352 1171 1409 narrando
1194 1364 1385 1404 vanam
1412 1347 1635 1419 gloriam
1671 1349 1982 1413 captarent;

404 1452 499 1509 sed
524 1450 797 1506 venientes
816 1462 901 1511 ea,
928 1460 1048 1515 qua:
1069 1459 1098 1496 a
1127 1440 1430 1498 senioribus
1454 1437 1753 1503 audierant,
1777 1432 1985 1502 simpli-

405 1546 540 1600 citer
564 1540 896 1597 denuntiant.
928 1537 1065 1593 Hinc
1080 1535 1334 1591 discimus
1360 1532 1505 1602 ipsos
1522 1544 1630 1587 non
1651 1542 1772 1585 sese
1787 1527 1841 1582 in
1870 1535 1987 1580 ten-

407 1637 636 1690 tatiuucs
664 1629 944 1699 iniecisse;
968 1627 1060 1681 sed
1088 1639 1201 1688 eas,
1225 1637 1344 1695 quae
1362 1619 1751 1683 inferebantur,
1782 1615 1989 1670 fortiter

408 1721 796 1813 tulissc\Alius
818 1734 967 1785 vero,
995 1714 1238 1787 quisquis
1263 1712 1470 1779 fuisset,
1494 1709 1629 1765 forte
1649 1706 1988 1762 multitudine

408 1815 594 1877 frctus,
630 1802 985 1877 contumelias
1021 1807 1181 1863 etiam
1228 1802 1573 1875 protulisset,
1627 1814 1691 1855 ac
1738 1804 1988 1854 sexcenta

406 1870 592 1978 gravia.
609 1870 860 1975 letlhutus
881 1908 1044 1955 esset.
1078 1900 1148 1954 At
1171 1870 1275 1952 non
1301 1895 1353 1949 hi
1379 1890 1721 1966 phiIOSOphi;
1751 1888 1847 1945 sed
1872 1903 1987 1943 0m-

407 1999 492 2051 nia
522 2002 795 2049 inausuete
821 2000 875 2047 et
896 1990 1146 2061 benigne.
1198 1987 1296 2053 Qui
1325 2001 1439 2040 cum
1471 1983 1753 2048 audissent,
1795 1979 1986 2050 inquit,

406 2086 709 2142 unanimiter
745 2099 910 2138 vocem
939 2082 1224 2136 levaverunt
1253 2077 1320 2130 ad
1350 2075 1531 2130 Deum.
1573 2072 1791 2128 Clamor
1821 2071 1989 2125 factus

406 2187 485 2234 est
512 2192 578 2233 ex
608 2175 882 2246 voluptate
909 2180 966 2228 et
992 2184 1183 2241 magno
1199 2166 1413 2223 alrectu.
1440 2163 1599 2219 Tales
1620 2175 1848 2232 namque
1870 2174 1993 2230 pre~

407 2284 499 2325 ces
528 2275 775 2343 prosunt,
806 2279 929 2335 qua:
959 2259 1297 2333 philosophia
1324 2257 1495 2328 plena:
1515 2262 1662 2322 sunt,
1685 2251 1754 2308 de
1776 2251 1986 2343 talibus,

407 2377 439 2415 a
475 2360 690 2425 talibus,
739 2355 832 2411 tali
863 2365 1103 2423 tempore
1132 2360 1187 2406 et
1228 2348 1386 2404 modo
1414 2346 1625 2404 emissa:
1645 2385 1660 2410 ,
1709 2346 1844 2400 sicut
1872 2342 1990 2397 alia:

408 2449 802 2507 abominabiles
858 2454 987 2501 sunt
1028 2453 1084 2499 et
1132 2438 1444 2497 immundae.
1499 2436 1675 2504 Vide,
1720 2433 1990 2506 quomodo

409 2544 541 2600 nihil
586 2539 914 2612 superﬂuum
945 2578 959 2603 ,
991 2535 1085 2592 sed
1113 2536 1132 2568 ί
1163 2534 1231 2590 de
1260 2534 1456 2589 virtute
1482 2540 1686 2586 tantum
1728 2528 1893 2599 ipsius
1912 2526 1993 2581 lo-

409 2642 641 2704 quantur
676 2649 690 2684 :
719 2632 829 2685 imo
853 2630 1015 2686 etiam
1046 2623 1492 2698 quemadmodum
1513 2621 1758 2677 Christus
1782 2617 1994 2674 dicebat

407 2724 631 2789 Jutlmis,
663 2722 724 2777 Si
750 2731 918 2775 autem
947 2736 1037 2792 ego
1059 2719 1111 2772 in
1138 2717 1338 2789 Spiritu
1363 2714 1456 2771 Dei
1477 2715 1678 2784 loquor;
1710 2712 1779 2767 ita
1808 2719 1863 2767 et
1891 2708 1991 2780 ipsi

407 2817 610 2880 dicunt,
642 2811 746 2868 Per
775 2812 1027 2883 Spiritum
1050 2818 1297 2864 sanctum.
1324 2807 1462 2861 Ecce
1476 2805 1636 2861 etiam
1654 2802 1906 2860 Servator
1936 2801 1989 2856 in

410 2908 610 2979 Spiritu
631 2905 885 2976 loquitur.
909 2901 1046 2971 Quid
1066 2916 1196 2957 vero
1211 2900 1410 2967 dicant,
1433 2897 1576 2953 audi.
1595 2894 1815 2950 Domine
1829 2893 1987 2961 Deus,

406 3001 491 3071 qui
521 3016 608 3071 per
644 3014 702 3053 os
731 2995 896 3049 David
924 2992 1065 3063 pueri
1107 2992 1178 3046 tui
1216 2990 1411 3055 dixisti,
1459 2989 1629 3053 Quare
1681 2987 1992 3056 fremuerunt

408 3101 575 3163 gentes
593 3088 744 3144 Nilus
767 3087 909 3142 enim
935 3094 1017 3140 est
1037 3084 1323 3153 Scripturac
1344 3081 1413 3137 de
1442 3096 1547 3135 uno
1578 3088 1636 3133 ut
1659 3078 1728 3133 de
1755 3078 1993 3148 pluribus

412 3183 578 3253 loqui.
601 3180 713 3235 Hoc
734 3194 866 3234 vero
879 3176 1178 3249 signiﬁcare
1194 3175 1379 3230 volunt
1397 3191 1410 3227 :
1434 3173 1546 3229 Non
1571 3173 1669 3243 ipsi
1687 3171 1989 3238 valuerunt,

407 3275 502 3331 sed
536 3283 590 3328 tu
618 3282 787 3327 totum
815 3269 1105 3342 permisisti
1131 3276 1186 3324 et
1208 3267 1274 3322 ad
1299 3268 1456 3322 tinem
1474 3265 1760 3329 deduxisti,
1791 3265 1881 3336 qui
1903 3280 1992 3319 sa-

406 3382 509 3439 gax
539 3381 600 3421 es
618 3374 672 3421 et
704 3365 937 3435 sapiens,
974 3370 1133 3431 atque
1160 3360 1288 3430 ipsis
1313 3358 1539 3413 inimicis
1567 3356 1634 3412 ad
1664 3356 1991 3411 voluntatem

408 3460 598 3516 uteris.
647 3455 777 3512 Nam
810 3454 900 3509 hic
926 3452 995 3509 de
1026 3451 1165 3506 illius
1193 3450 1483 3523 sagacitate
1525 3457 1581 3504 et
1622 3447 1881 3519 sapientia
1908 3447 1992 3502 lo-

408 3560 672 3621 quuntur,
700 3546 1096 3614 ostenduntque
1127 3544 1269 3610 illos,
1304 3549 1486 3613 utpote
1518 3539 1764 3595 inimicos
1789 3550 1844 3596 et
1868 3539 1994 3594 hos-

410 3653 511 3707 tes,
564 3656 632 3696 ex
667 3637 1010 3708 sanguinaria
1041 3636 1314 3707 proposito
1352 3632 1703 3690 convenisse:
1730 3631 1993 3688 faciebant

406 3744 583 3787 autem
613 3745 697 3793 ea,
728 3744 849 3799 qua:
881 3738 936 3782 tu
968 3726 1206 3790 volebas,
1241 3726 1461 3797 Quaeque
1484 3740 1659 3779 manus
1689 3734 1777 3777 tua
1799 3732 1847 3777 et
1871 3738 1995 3776 con-

403 3822 575 3877 silium
612 3828 756 3873 tuum
790 3818 1112 3870 decreverunt
1137 3815 1272 3884 ﬁeri.
1312 3814 1449 3884 Quid
1493 3824 1596 3881 est,
1648 3814 1836 3869 Manus
1863 3812 1992 3868 tua?

408 3914 504 3969 llic
535 3910 666 3966 mihi
709 3909 918 3964 videtur
951 3923 1167 3963 manum
1198 3922 1390 3964 vocare
1430 3909 1717 3978 potentiam
1741 3915 1796 3964 et
1815 3908 1993 3963 cousi-

406 4006 556 4059 linm.
586 3999 820 4068 Sufficit,
862 3999 1053 4070 inquit,
1087 4006 1139 4053 te
1166 3999 1324 4065 velle;
1367 3999 1545 4053 nullus
1573 4000 1714 4054 enim
1756 3999 1989 4070 potentia

407 4093 725 4164 prmdelinit.
753 4090 889 4147 Illud
913 4106 1063 4162 ergo,
1096 4088 1434 4155 Quazcumqne
1458 4107 1635 4146 manus
1664 4100 1776 4157 tua;
1802 4090 1854 4146 id
1883 4101 1987 4158 est,

405 4189 768 4258 Quacumque
796 4183 1116 4256 praecepisti.
1142 4182 1237 4239 Vel
1259 4182 1359 4238 hoc
1377 4182 1538 4254 igitur
1556 4182 1706 4250 dicit,
1741 4182 1824 4238 vel
1848 4181 1991 4254 quod

407 4294 569 4335 manu
583 4288 835 4351 operatus
852 4278 940 4333 sit.
959 4275 1110 4334 Sicut
1135 4291 1265 4348 ergo
1284 4284 1410 4332 tunc
1425 4291 1557 4330 vana
1578 4276 1817 4333 meditati
1844 4287 1987 4344 sunt,

402 4374 481 4429 sic
505 4373 663 4428 etiam
690 4386 831 4426 nunc
863 4379 921 4426 ut
946 4386 1077 4425 vana
1107 4369 1179 4424 illi
1206 4368 1531 4425 meditemur
1570 4369 1750 4425 facito.
1804 4368 1874 4424 Et
1922 4370 1992 4426 da

407 4465 556 4520 servis
577 4466 700 4529 tuis;
723 4465 773 4518 id
790 4471 893 4529 est,
916 4462 993 4518 Ne
1018 4462 1177 4517 mina:
1202 4475 1389 4516 eorum
1415 4476 1581 4531 opere
1600 4461 1988 4530 compleantur.

406 4555 530 4610 llaec
552 4569 711 4623 porro
727 4553 997 4619 dicebant,
1016 4567 1120 4606 non
1133 4552 1493 4607 detrectantes
1511 4551 1702 4607 durant
1715 4552 1991 4623 quidpiam

407 4647 535 4718 pati,
566 4644 659 4699 sed
689 4659 787 4714 pro
818 4641 1201 4711 prmdicatione
1226 4649 1433 4712 petunt.
1466 4641 1582 4696 Non
1612 4643 1755 4697 enim
1783 4642 1988 4711 dicunt,

408 4737 550 4791 Erue
581 4748 679 4789 nos
704 4748 735 4787 a
762 4732 1032 4803 periculis;
1060 4732 1158 4788 sed
1182 4732 1345 4801 quid?
1375 4729 1443 4785 Et
1470 4732 1538 4785 da
1569 4733 1726 4787 servis
1749 4734 1846 4788 tuis
1874 4752 1992 4790 cum

401 4825 540 4882 omni
555 4824 747 4895 ﬁducia
773 4823 911 4894 loqui
935 4824 1136 4877 verbum
1157 4832 1318 4877 tuum.
1348 4822 1447 4889 Qui
1478 4838 1606 4893 ergo
1629 4823 1718 4878 illa
1746 4824 1798 4879 in
1828 4825 1987 4882 ﬁnem

401 4917 691 4983 deduxisti,
715 4925 769 4971 et
801 4916 917 4971 haec
942 4914 1133 4970 deduc.
1166 4915 1328 4982 Quem
1352 4915 1563 4982 auxisti,
1597 4915 1788 4986 inquit.
1834 4917 1986 4990 Vide,

400 5009 673 5085 quomodo
697 5010 859 5066 etiam
878 5009 931 5064 in
953 5007 1203 5079 precibus
1220 5008 1524 5079 passionem
1553 5008 1904 5082 distinguunt,
1932 5021 1990 5070 et

398 5102 579 5159 omnia
604 5099 671 5156 ad
702 5100 877 5171 ipsum
898 5097 1158 5165 referunt,
1184 5099 1461 5169 ipsumque
1480 5099 1688 5156 fiduciae
1713 5110 1985 5160 auctorem

399 5208 523 5249 esse
551 5192 756 5248 dicunt.
806 5189 1017 5258 Viden',
1044 5188 1313 5260 quomodo
1350 5190 1527 5246 omnia
1570 5202 1789 5263 propter
1816 5193 1988 5251 Deum

401 5292 608 5353 petant,
656 5292 713 5338 et
740 5281 874 5338 nihil
898 5281 966 5337 ad
989 5282 1215 5353 gloriam
1241 5282 1435 5337 suam?
1479 5283 1632 5350 Quod
1667 5300 1795 5356 ergo
1830 5301 1986 5345 suum

398 5386 483 5430 est
510 5376 851 5446 promittunt,
878 5374 1022 5446 quod
1050 5390 1242 5446 nempe
1267 5390 1375 5430 non
1403 5375 1709 5437 deterrendi
1734 5380 1872 5447 sint;
1913 5381 1988 5436 si-

397 5480 499 5537 gna
531 5480 661 5523 vero
685 5476 892 5539 petunt.
922 5465 1066 5523 Iueo
1088 5465 1250 5539 quod,
1294 5467 1561 5538 inquiunt,
1611 5485 1818 5526 manum
1843 5480 1986 5527 tuam

394 5704 609 5820 MAN“
631 5704 822 5772 les'mt.
844 5710 1292 5780 nihilsuperﬂusnn,
1314 5714 1437 5768 nihil
1451 5716 1578 5769 mite
1602 5716 1675 5770 vel
1691 5719 1978 5786 fabulosum,

2093 430 2333 487 extendas
2358 430 2427 485 ad
2452 432 2694 486 sanitates
2721 441 2769 487 et
2794 432 2942 504 signa
2968 440 3017 486 et
3041 431 3276 503 prodigia
3301 429 3436 502 ﬁeri.
3484 429 3630 489 Bene
3655 449 3675 489 :

2088 537 2212 578 nam
2231 523 2432 594 absque
2453 524 2583 592 illis,
2614 525 2822 580 etiamsi
2845 524 3160 581 immensam
3183 523 3543 593 praetulissent
3561 523 3670 580 ³1³-
3744 568 3753 578 .

2088 615 2358 683 critatem,
2383 616 2580 672 frustra
2602 617 2779 670 omnia
2806 616 3077 671 fecissent.
3108 613 3311 670 Annuit
3327 627 3515 669 eorum
3544 615 3679 683 peti-

2092 705 2246 772 tioni,
2271 714 2327 763 et
2351 707 2525 777 palam
2555 706 2682 763 fecit
2718 707 2893 762 locum
2917 705 3310 773 concutiendo,
3355 720 3417 763 se
3459 705 3676 763 illorum

2091 799 2342 867 precibus
2370 799 2581 856 adesse.
2634 798 2703 854 Et
2732 816 2846 855 cum
2864 808 3113 867 orassent,
3145 799 3317 869 inquit
3338 839 3357 863 ,
3407 807 3571 855 motus
3602 807 3678 853 est

2091 888 2251 946 locus.
2283 891 2434 958 Quod
2465 900 2641 947 autem
2665 906 2726 946 ea
2758 891 2825 946 de
2851 905 3011 946 causa
3042 890 3238 947 factum
3265 890 3356 955 sit,
3398 889 3523 944 audi
3551 905 3676 959 pro-

2091 980 2305 1052 phetam
2333 981 2603 1039 dicentem
2636 999 2651 1040 :
2684 983 2783 1049 Qui
2810 975 3012 1052 respicit
3051 991 3260 1047 terram,
3310 990 3358 1036 et
3400 981 3523 1051 facit
3564 996 3678 1036 eam

2093 1081 2326 1137 tremere;
2356 1080 2411 1128 et
2435 1088 2673 1136 rursum,
2723 1073 2767 1127 A
2797 1073 2929 1144 facie
2957 1071 3162 1126 Domini
3188 1080 3325 1126 mota
3359 1080 3432 1127 est
3461 1080 3615 1135 terra,
3644 1086 3679 1126 α

2090 1162 2225 1234 facie
2265 1162 2364 1219 Dei
2406 1164 2570 1220 Iacob
2610 1162 2784 1237 (Psal.
2815 1163 2938 1218 105.
2960 1161 3049 1220 32.
3080 1172 3127 1217 et
3159 1161 3382 1229 “5.7).
3414 1160 3526 1217 Hoc
3550 1175 3677 1215 vero

2090 1255 2225 1311 facit
2254 1256 2415 1321 Deus,
2438 1264 2493 1312 et
2518 1264 2575 1311 ut
2601 1256 2859 1326 majorem
2886 1264 3087 1310 metum
3113 1253 3358 1322 incutiat,
3380 1262 3436 1308 et
3460 1260 3519 1307 ut
3544 1253 3680 1306 fidu-

2090 1347 2228 1403 ciam
2260 1348 2366 1404 illis
2393 1349 2542 1403 indat
2570 1356 2691 1418 post
2727 1348 2845 1403 illas
2888 1346 3083 1413 minas,
3120 1354 3177 1401 et
3216 1354 3275 1400 ut
3318 1345 3386 1400 ad
3417 1344 3676 1414 majorem

2091 1436 2306 1493 dicendi
2333 1438 2634 1494 libertatem
2665 1445 2840 1493 acuat.
2869 1437 3003 1505 Quia
3032 1436 3174 1491 enim
3207 1435 3415 1490 initium
3442 1444 3576 1500 erat,
3622 1444 3679 1490 et

2092 1530 2334 1586 sensibili
2361 1531 2515 1601 signo
2539 1545 2673 1601 opus
2696 1530 2962 1586 habebant
2982 1538 3041 1584 ut
3060 1527 3532 1599 persuaderentur;
3560 1537 3679 1597 pOal

2093 1621 2210 1678 haac
2234 1632 2413 1678 autem
2439 1622 2492 1678 id
2528 1638 2816 1694 numquam
2846 1621 3076 1678 accidit:
3101 1620 3173 1676 ita
3213 1620 3433 1676 multam
3458 1635 3525 1676 ex
3552 1633 3680 1675 ora-

2094 1713 2238 1768 tione
2262 1714 2681 1770 consolationem
2712 1722 2836 1769 sunt
2863 1714 3159 1784 asseqnuti.

2165 1806 2330 1876 Signa
2378 1808 2790 1862 resurrectionem
2844 1806 3141 1877 probabant.
3189 1833 3264 1847 —-
3313 1804 3445 1860 Iure
3488 1810 3668 1859 autem

2093 1898 2366 1969 signorum
2434 1900 2659 1971 gratiam
2717 1908 2945 1969 petunt;
3004 1914 3111 1954 non
3165 1897 3272 1952 alio
3326 1897 3468 1952 enim
3519 1894 3681 1950 modo

2094 1988 2378 2046 ostendere
2401 1997 2650 2059 poterant
2676 1990 2846 2059 ipsum
2870 1989 3248 2051 resnrrexisse,
3270 1986 3373 2042 nisi
3393 2001 3457 2042 ex
3486 1985 3674 2055 signis.

2094 2079 2278 2152 Itaque
2322 2095 2428 2136 non
2475 2095 2627 2137 suam
2695 2080 2867 2135 solum
2934 2079 3249 2151 quaerebant
3295 2079 3634 2134 securitatem
3662 2120 3677 2144 ,

2094 2186 2280 2227 verum
2307 2172 2468 2228 etiam
2499 2186 2566 2228 ne
2608 2170 3066 2227 confunderenlur
3091 2212 3108 2238 ,
3153 2170 3246 2225 sed
3296 2170 3463 2225 libere
3494 2169 3679 2236 lnque-

2096 2274 2298 2321 rentur.
2324 2264 2496 2320 Motus
2521 2273 2605 2322 est
2634 2265 2805 2330 locus,
2836 2274 2889 2320 et
2918 2264 3034 2319 illos
3074 2263 3242 2333 magis
3273 2262 3519 2316 ﬁrmavit.
3571 2260 3683 2315 lluc

2095 2367 2295 2423 autem,
2338 2357 2499 2413 modo
2550 2358 2760 2427 signum
2802 2357 2895 2411 ira:
2926 2363 3028 2422 est,
3073 2354 3235 2410 modo
3275 2354 3591 2408 visitat‘onis
3626 2359 3683 2406 et

2097 2448 2443 2519 providentia:
2467 2489 2482 2514 ,
2527 2464 2670 2504 nunc
2700 2458 2877 2503 autem
2904 2448 3016 2502 irze.
3046 2448 3108 2503 lu
3135 2446 3380 2517 passione
3406 2459 3533 2502 vero
3557 2443 3684 2499 Ser-

2098 2539 2297 2593 vatoris
2347 2540 2611 2609 stupeudo
2661 2539 2820 2593 modo
2841 2549 2898 2594 et
2943 2547 3137 2608 praeter
3184 2548 3427 2591 naturam
3484 2537 3681 2590 factum

2096 2638 2203 2685 est.
2235 2631 2248 2660 ¹
2285 2628 2517 2701 [Etenim
2539 2630 2715 2684 omnis
2742 2639 2879 2685 terra
2907 2637 3174 2684 commota
3197 2636 3296 2683 est.
3321 2628 3386 2682 Et
3413 2628 3527 2698 ipse
3553 2645 3684 2695 quo-

2100 2737 2204 2793 que
2235 2721 2486 2777 Servator
2514 2722 2726 2777 diccbat
2756 2739 2769 2774 :
2805 2720 2945 2775 Tunc
2990 2733 3134 2774 erunt
3165 2723 3324 2792 [ames
3364 2729 3411 2775 et
3440 2720 3684 2789 pestilen-

2100 2820 2185 2867 tia:
2212 2823 2256 2867 et
2285 2823 2431 2867 terrm
2464 2822 2627 2867 motus
2655 2829 2743 2882 per
2780 2812 2891 2866 loca
2917 2811 2935 2882 (
2965 2810 3148 2864 Matth.
3181 2810 3266 2866 2i.
3293 2807 3391 2883 7
3433 2811 3684 2880 Alioquin

2098 2920 2226 2960 vero
2266 2904 2360 2960 irae
2398 2912 2581 2959 contra
2612 2905 2730 2958 illos
2755 2904 2965 2972 signum
2996 2911 3150 2957 erat:
3186 2902 3284 2957 hos
3317 2903 3457 2957 enim
3483 2903 3684 2972 Spiritu

2098 2995 2343 3065 rcpfevit.
2371 2993 2526 3060 Vide,
2557 3004 2610 3050 et
2635 2995 2861 3064 apostoli
2891 3004 3007 3063 post
3036 2993 3331 3048 orationem
3361 2992 3562 3062 Spiritu
3596 3009 3682 3047 rc-

2099 3088 2330 3158 plentur.
2376 3086 2443 3141 Et
2486 3088 2651 3158 gratia
2705 3102 2913 3157 magna,
2964 3085 3154 3155 inquit,
3206 3096 3313 3138 erat
3355 3085 3407 3138 in
3448 3084 3686 3140 omnibus

2097 3176 2200 3231 illis
2247 3191 2268 3231 :
2313 3194 2470 3247 neque
2508 3177 2640 3232 enim
2694 3178 2957 3246 quisquam
2994 3193 3142 3247 egens
3185 3186 3290 3232 erat
3344 3177 3475 3229 inter
3509 3174 3685 3247 illos.]

2099 3269 2285 3324 Viden'
2311 3277 2506 3339 quanta
2533 3270 2601 3323 sit
2624 3268 2852 3340 Spiritus
2879 3269 3066 3334 virtus,
3094 3268 3178 3321 ubi
3199 3268 3403 3322 scilicet
3431 3268 3517 3322 illa
3548 3284 3685 3329 opus

2097 3358 2251 3415 erat?
2283 3358 2407 3414 Haec
2435 3368 2518 3414 est
2544 3360 2687 3415 enim
2719 3359 2981 3414 bonorum
3028 3375 3209 3423 causa,
3260 3374 3417 3429 quam
3449 3360 3684 3415 secundo

2098 3461 2378 3519 memorat,
2411 3451 2702 3507 adhortans
2747 3467 2935 3507 omnes
2959 3452 3024 3506 ad
3070 3452 3413 3521 pecuniarum
3446 3460 3685 3506 euntem-

2098 3555 2273 3616 plum;
2293 3544 2537 3616 superius
2557 3543 2740 3599 dicens
2768 3560 2783 3597 :
2814 3543 2922 3597 Nec
2948 3546 3211 3615 quisquam
3235 3559 3406 3597 eorum
3428 3558 3540 3613 qua:
3568 3559 3685 3611 pos-

2099 3635 2311 3701 sidebat,
2369 3635 2561 3707 aliquid
2603 3652 2753 3688 suum
2797 3651 2903 3689 esse
2950 3634 3182 3701 diccbat;
3230 3634 3318 3689 hic
3363 3650 3491 3689 vero
3524 3650 3536 3688 :
3574 3632 3684 3687 Nec

2097 3728 2365 3799 quisquam
2392 3745 2544 3800 egens
2574 3738 2687 3784 erat
2717 3729 2848 3782 inter
2872 3728 3009 3782 illos.

2168 3820 2222 3876 3.
2268 3819 2421 3888 Quod
2451 3828 2627 3875 autem
2658 3835 2762 3874 non
2808 3835 2874 3874 ex
2909 3819 3077 3890 signis
3109 3826 3314 3873 tantum
3339 3861 3352 3883 ,
3385 3817 3478 3874 sed
3521 3818 3685 3872 etiam

2098 3926 2162 3967 ex
2194 3911 2405 3966 illorum
2447 3911 2724 3983 proposito
2755 3910 2805 3964 id
2836 3909 3036 3966 factum
3064 3911 3241 3975 fuerit,
3290 3909 3460 3979 palam
3486 3908 3685 3963 faciunt

2098 4002 2360 4074 Sapphira
2391 4012 2446 4058 et
2471 4003 2729 4058 Auanias.
2778 4002 2893 4058 Non
2923 4011 3099 4056 autem
3143 4005 3308 4057 verbo
3332 4012 3557 4066 tantum,
3590 4002 3684 4056 sed

2097 4099 2258 4154 etiam
2283 4098 2478 4151 virtute
2497 4096 2855 4151 l0$lil|lOlliil|l|
2879 4096 3287 4151 resurrectionis
3307 4094 3684 4159 exhibuernnt,

2099 4199 2158 4246 ut
2180 4198 2234 4246 et
2263 4190 2460 4245 Paulus
2506 4189 2581 4244 ait
2612 4206 2625 4243 :
2663 4188 2727 4242 Et
2749 4188 3043 4259 prtedicmio
3074 4204 3184 4242 mea
3211 4205 3310 4244 non
3339 4188 3391 4242 in
3431 4190 3685 4257 persuasi-

2099 4282 2277 4339 bilibus
2305 4283 2541 4337 humana:
2563 4281 2824 4352 sapientia:
2853 4282 3031 4347 verbis,
3048 4262 3149 4335 sed
3174 4281 3226 4334 in
3252 4280 3532 4334 ostensione
3561 4279 3686 4349 Spi-

2101 4377 2227 4433 ritus
2248 4386 2295 4432 et
2321 4376 2515 4433 virtutis
2540 4375 2619 4448 (1.
2651 4374 2770 4431 Cor.
2793 4373 2850 4429 2.
2882 4372 2960 4447 4).
2992 4373 3101 4429 Nec
3121 4372 3435 4443 simpliciter
3457 4363 3674 4438 virtute,

2096 4469 2216 4538 sed,
2243 4470 2443 4525 virtute
2468 4483 2682 4539 magna.
2716 4467 2785 4524 Et
2816 4466 2952 4523 bene
2977 4467 3126 4532 dicit,
3160 4466 3339 4521 Gratia
3368 4477 3476 4519 erat
3503 4466 3553 4520 in
3575 4484 3685 4520 ωηο

2098 4562 2261 4617 nibus.
2291 4560 2417 4617 Ideo
2444 4575 2674 4632 namque
2698 4561 2889 4631 gratia,
2913 4559 3035 4630 quia
3065 4558 3244 4612 nullus
3268 4567 3385 4614 erat
3410 4572 3598 4627 egens;
3629 4557 3683 4613 id

2097 4663 2206 4720 est,
2234 4668 2302 4709 ex
2324 4653 2565 4709 dantiutn
2585 4653 2865 4709 alacritate
2891 4651 3065 4707 nullus
3095 4664 3296 4719 egenus
3329 4657 3469 4702 erat.
3502 4647 3685 4719 Neque

2097 4747 2241 4803 enim
2302 4755 2507 4817 partem
2562 4745 2967 4816 largiebantur,
3017 4751 3224 4814 partem
3272 4739 3683 4796 recondebant:

2096 4851 2272 4909 neque
2296 4836 2475 4892 omnia
2508 4835 2726 4903 dabant,
2768 4835 2860 4892 sed
2887 4833 3040 4905 quasi
3085 4832 3317 4903 propria.
3349 4832 3686 4903 Iun-qualita-

2098 4938 2207 4986 tem
2233 4928 2301 4984 de
2330 4928 2507 4983 medio
2536 4926 2794 4982 tollebant
2814 4967 2832 4992 ,
2880 4935 2938 4980 et
2968 4925 3020 4980 in
3049 4923 3371 4980 abundantia
3404 4924 3568 4978 multa
3608 4924 3681 4975 vi-

2095 5022 2293 5080 vebant
2320 5036 2337 5075 :
2369 5021 2646 5090 multoque
2668 5033 2788 5074 cum
2821 5018 3025 5075 honore
3057 5017 3161 5072 hoc
3186 5016 3472 5072 faciebant.
3502 5014 3688 5087 Neque

2097 5117 2152 5174 in
2182 5116 2432 5172 manibus
2458 5112 2671 5169 tradere
2712 5111 3006 5179 audebant,
3040 5126 3213 5182 neque
3239 5124 3361 5165 cum
3393 5108 3531 5165 fastu
3578 5109 3686 5164 lar-

2161 5298 2177 5329 ι
2193 5301 2341 5345 Totus
2361 5292 2445 5356 qui
2468 5291 2597 5356 inter
2619 5290 2823 5356 uncinos
2845 5286 3084 5356 clauditur
3106 5286 3261 5346 locus,
3298 5300 3369 5356 sic
3407 5284 3683 5356 elferturja

2089 5371 2197 5407 uno
2233 5370 2277 5406 c.
2319 5367 2334 5403 :
2363 5348 2491 5404 inme
2511 5351 2639 5402 ettim
2658 5350 2810 5403 omnis
2833 5350 2966 5402 terra
2996 5356 3231 5399 commota
3253 5355 3323 5410 est
3346 5385 3361 5410 ,
3400 5348 3468 5410 ita
3502 5355 3553 5397 ut
3577 5350 3685 5398 ubi.

2098 5430 2188 5484 que
2205 5414 2499 5484 imitatum
2517 5414 2666 5484 fuerit
2704 5425 2937 5484 magnam
2971 5426 3076 5464 esse
3105 5408 3611 5484 cruciﬁfri'rirltutegu,
3640 5419 3688 5463 et

2092 5471 2203 5530 éum
2238 5478 2321 5540 qui
2343 5471 2611 5540 patiebatur
2646 5488 2750 5528 esse
2780 5471 2981 5540 Deum,_
3004 5487 3097 5523 non
3129 5471 3404 5540 simplicem
3426 5471 3684 5540 nemiuem.

2092 5541 2226 5603 Quod
2246 5531 2289 5603 si
2315 5531 2455 5603 (haec
2477 5548 2627 5603 teme
2647 5537 2941 5603 commotio)
2962 5534 3079 5603 irae.
3096 5531 3289 5603 signans
3308 5540 3433 5603 erat,
3455 5531 3587 5583 iram
3618 5535 3668 5586 si

2090 5594 2347 5666 ρηἰβαώᾱι
2368 5601 2417 5652 iu
2438 5600 2653 5666 Judwos,
2665 5600 2750 5666 hos
2766 5594 2930 5666 autem
2947 5594 3132 5666 spiritu
3140 5594 3367 5666 replevit.
3385 5603 3549 5666 Itaque
3566 5605 3681 5663 ρροι

2090 5655 2221 5734 stati,
2234 5671 2341 5734 post
2357 5655 2651 5734 orationem,
2662 5661 2839 5734 spiritu
2863 5655 3128 5734 replentur.
3177 5655 3216 5705 ί
3239 5666 3295 5734 tit
3332 5655 3683 5734 testimonium.

2091 5721 2596 5842 ibtzqtggg‘perhibebmu
2616 5721 2668 5777 in
2687 5721 2864 5785 uirtute
2882 5721 3055 5783 multa,
3077 5728 3124 5775 et
3144 5721 3307 5787 gratia
3332 5728 3437 5774 erat
3462 5721 3513 5772 in
3529 5721 3693 5775 οηυήι

2122 5804 2178 5841 US
2192 5803 2304 5841 um.
2318 5804 2345 5837 1
