4088 6142
494 325 564 385 ’9³7
1167 324 1224 380 S.
1260 314 1543 378 JOANNIS
1578 310 2072 372 CHRYSOSTOMI
2106 304 2426 365 ARCHIEP.
2460 302 3006 362 CONSTANTINOP.
3699 301 3769 355 93

500 440 636 512 πρὸς
653 436 715 493 τδ
739 439 813 510 μὴ
843 435 1138 505 κενοδοξεῖν
1156 436 1353 498 αὑτοὺς
1393 431 1767 487 συνεϐάλλετο.
1812 426 1989 512 Τοῦτο
2011 422 2078 512 -εί

496 507 591 577 καὶ
606 521 699 575 νῦν
732 507 945 589 γέγονε,
977 519 1117 590 μετὰ
1146 519 1392 582 πλείονος
1448 516 1515 571 ἂν
1543 516 1644 584 τῆς
1678 511 1870 582 ήδονῆς
1905 507 2077 563 ὲϐιὼη

500 620 693 674 σαμεν,
725 604 821 657 καὶ
858 602 1102 657 πλούσιοι
1149 603 1242 656 καὶ
1269 602 1517 672 πένητες.
1541 599 1614 652 Οὑ
1643 599 1755 659 τοῖς
1788 595 1983 665 πένησι
2016 590 2073 644 δὲ

503 686 723 757 μᾶλλον,
759 685 792 758 ἢ
821 687 935 751 τοῖς
976 687 1251 749 πλουσίοις
1272 684 1430 738 τοῦτο
1453 696 1477 724 α
1502 683 1697 754 ἔφερεν
1735 680 1800 735 ἂν
1826 679 1925 749 τὴν
1950 677 2073 747 ήδοο

500 770 620 840 νήν.
652 769 763 823 Καὶ
781 771 830 823 εἰ
866 768 1066 839 βούλει,
1109 771 1247 833 τέως
1277 769 1685 838 ὑπογράψωμεν
1720 763 1852 819 αὑτὸ
1883 760 1961 831 τῷ
1990 759 2077 812 λό-

499 867 603 921 γῳ,
627 852 722 904 καὶ
761 852 931 923 ταύτῃ
961 851 1381 924 καρπωσώμεθα
1405 851 1505 920 τὴν
1541 848 1756 919 ήδονὴν,
1800 843 1988 914 ἐπειδὴ
2020 844 2077 895 ἐν

501 933 683 1006 ἔργοις
715 935 776 988 οὐ
830 935 1103 1006 βούλεσθε.
1135 936 1384 989 Μάλιστα
1429 934 1528 1004 μὲν
1567 933 1674 1002 γὰρ
1710 932 1804 984 καὶ
1839 930 1897 994 ἐξ
1930 926 2077 981 ἐκείσ-

501 1034 610 1071 νων
642 1017 802 1088 δῆλον
848 1020 958 1073 τῶν
1007 1020 1128 1073 τότε
1168 1020 1496 1090 γενομένων,
1531 1018 1613 1070 δτι
1644 1015 1949 1076 πωλοῦντες
1978 1012 2078 1064 οὑκ

500 1097 644 1169 ἦσαν
695 1100 926 1169 ἐνδεεῖς,
985 1101 1123 1156 ἀλλὰ
1182 1104 1276 1155 καὶ
1328 1103 1456 1165 106;
1512 1101 1749 1172 πένητας
1791 1096 2078 1158 πλουσίους

503 1182 741 1238 ἐποίουν.
2084 1226 2087 1229 -

577 1266 721 1335 Πλὴν
753 1266 890 1321 ἀλλὰ
918 1268 1011 1321 καὶ
1061 1267 1155 1320 νῦν
1176 1265 1583 1338 ὑπογράψωμεν
1612 1264 1771 1317 τοῦτο
1800 1262 1880 1334 τῷ
1911 1243 2091 1332 λόγω]

504 1346 601 1399 καὶ
634 1349 834 1412 πάντες
862 1349 931 1403 τά
959 1351 1136 1403 αὑτῶν
1172 1350 1517 1404 πωλείτωσαν
1543 1347 1719 1401 πάντα
1740 1385 1756 1409 ,
1787 1347 1882 1399 καὶ⁵
1918 1344 2081 1415 φερέ-

503 1444 685 1483 τωσαν
714 1432 793 1494 είς
816 1433 999 1501 μέσον,
1029 1433 1107 1503 τῷ
1135 1434 1278 1503 λόγῳ
1304 1432 1446 1499 λέγω
1468 1449 1481 1462 ·
1509 1430 1699 1502 μηδεὶς
1724 1426 2077 1500 θορυϐείσθω,

509 1512 647 1582 μήτε
680 1513 951 1578 πλούσιος,
983 1517 1118 1586 μήτε
1145 1515 1331 1586 πένης.
1363 1514 1533 1568 Πόσον
1553 1513 1654 1566 οἴει
1681 1513 1903 1583 χρυσίον
1958 1526 2083 1563 συν-

506 1592 732 1661 άγεσθαι
753 1611 766 1658 ;
784 1596 925 1665 Ἐγὼ
945 1598 1278 1668 στοχάζομαι
1308 1599 1390 1669 (ού
1417 1598 1526 1669 γὰρ
1552 1597 1616 1669 δὴ
1640 1595 1777 1667 μετά
1798 1594 2082 1666 ἀκριϐείας

505 1676 730 1732 δυνατὸν
761 1681 978 1751 εἰπεῖν),
1025 1683 1106 1735 ὅτι
1145 1683 1193 1734 εί
1235 1682 1435 1746 πάντες
1484 1682 1578 1736 καὶ
1608 1682 1779 1734 πᾶσαι
1803 1678 1873 1733 τά
1900 1677 2083 1732 αὐτῶν

507 1760 740 1814 ἐνταῦθα
768 1763 1042 1819 ὲκένωσαν
1060 1767 1340 1835 χρήματα,
1374 1765 1467 1818 καὶ
1497 1765 1672 1836 χωρία
1700 1766 1795 1818 καὶ
1824 1764 2083 1834 κτήματα

508 1843 601 1895 καὶ
626 1844 801 1909 οἰκίας
833 1848 1090 1901 ἀπέδοντο
1122 1848 1449 1920 (ἀνδράποδα
1480 1848 1589 1920 γὰρ
1612 1848 1713 1901 οὑκ
1743 1847 1809 1902 ἂν
1852 1848 2080 1916 εἴποιμι·

507 1925 628 1979 οὑδὲ
659 1927 767 2000 γάρ
798 1930 920 1983 τότε
970 1931 1128 1985 τοῦτο
1164 1929 1252 2005 ἦν,
1293 1931 1409 1986 ἀλλ’
1445 1931 1763 2002 ἐλευθέρους
1796 1931 1926 1993 ῐσως
1958 1930 2084 1983 ἐπέ-

508 2025 707 2080 τρεπον
744 2012 1039 2083 γίνεσθαι)·
1082 2017 1224 2086 τάχα
1255 2017 1321 2070 ἂν
1362 2016 1555 2070 ἑκατὸν
1591 2015 1846 2086 μυριάδες
1887 2014 2083 2084 λιτρῶν

509 2094 734 2161 χρυσίου
802 2099 1179 2170 συνήχθησαν·
1236 2100 1438 2170 μᾶλλον
1482 2099 1539 2152 δὲ
1592 2098 1687 2153 καὶ
1720 2099 1803 2161 δὶς
1834 2098 1927 2151 καὶ
1964 2098 2085 2169 τρὶς

508 2175 767 2233 τοσαῦτα.
801 2180 937 2234 Εἰπὲ
969 2183 1077 2254 γάρ
1105 2201 1214 2253 μοι,
1244 2184 1599 2255 ήπόλιςήμῖν
1631 2182 1711 2243 εἰς
1741 2182 1907 2234 πόσον
1932 2182 2088 2251 μιγά-

509 2257 616 2311 δων
652 2261 884 2332 ἀριθμὸν
913 2264 1008 2317 νῦν
1044 2266 1223 2331 τελεῖς
1255 2268 1453 2329 πόσους
1487 2264 1741 2336 βούλεσθε
1792 2262 1929 2317 εἶναι
1959 2266 2087 2335 Χρι-

514 2343 790 2411 στιανούςς
818 2344 1074 2415 βούλεσθε
1101 2348 1232 2402 δέκα
1262 2349 1549 2421 μυριάδας,
1576 2348 1709 2402 τὸδὲ
1735 2348 1863 2402 ἄλλο
1901 2349 2086 2420 Ἐλλή-

511 2439 618 2504 νων
648 2427 743 2480 καὶ
778 2429 1074 2498 ’1ουδαίων;
1123 2433 1287 2486 πόσαι
1335 2432 1592 2504 μυριάδες
1625 2433 1893 2504 χρυσίουδ
1929 2450 2085 2486 συνε-

511 2502 751 2577 λέγησαν
770 2526 803 2582 ;,
823 2511 985 2575 πόσος
1001 2514 1058 2567 δὲ
1087 2515 1318 2586 ἀριθμός
1338 2502 1458 2569 ήὲστι
1483 2502 1731 2585 πενήτων
1751 2532 1764 2579 ;
1785 2518 1897 2570 Οὐκ
1932 2513 2084 2586 οἶμαι

513 2589 674 2648 πλέον
730 2597 1005 2665 μυριάδων
1061 2598 1243 2652 πέντε.
1293 2600 1528 2664 Τούτους
1578 2600 1642 2672 δὴ
1683 2602 1804 2656 καθ’
1850 2603 2087 2673 ἑκάστην

513 2675 724 2747 ἡμέραν
781 2681 1095 2751 τρέφεσθαι,
1140 2684 1279 2755 πόση
1343 2685 1572 2755 ἀφθονία
1622 2683 1720 2758 ἦν;
1785 2687 1999 2741 Μᾶλλον
2029 2688 2086 2740 δὲ

512 2761 698 2831 κοινῆς
729 2762 829 2832 τῆς
858 2765 1065 2835 τροφῆς
1106 2767 1418 2838 γινομένης,
1456 2770 1551 2823 καὶ
1596 2770 1862 2824 συσσίτων
1897 2771 2083 2836 όντων,

511 2841 633 2925 οὐδὲ
665 2844 866 2915 πολλῆς
887 2846 953 2900 ἂν
982 2849 1172 2919 ἐδέησε
1201 2851 1465 2921 δαπάνης.
1487 2852 1552 2905 Τί
1582 2849 1694 2918 οὖν,
1722 2855 1906 2925 φησὶν,
1936 2854 2089 2923 ἐμέλ-

513 2923 676 2996 λομεν
707 2932 880 2984 ποιεῖν
913 2932 1050 2998 μετὰ
1074 2934 1135 2986 τὸ
1168 2934 1540 3006 ἀναλωθῆναι;
1571 2937 1643 2989 Σὺ
1666 2937 1767 2990 οἴει
1786 2923 2086 3008 δυνηθῆναι

512 3008 856 3081 ἀναλωθῆναί
895 3031 1059 3075 ποτες
1094 3016 1155 3069 ού
1192 3017 1301 3088 γὰρ
1328 3019 1395 3071 ἂν
1454 3019 1861 3090 μυριοπλασίων
1908 3025 1939 3091 ἡ
1991 3022 2087 3075 τοῦ

512 3093 648 3146 Θεοῦ
677 3097 836 3165 χάρις
867 3097 1091 3165 γέγονε;
1118 3100 1175 3153 οὐ
1212 3101 1319 3172 γάρ
1351 3100 1619 3165 πλουσίως
1641 3104 1706 3157 ἂν
1740 3106 1771 3174 ή
1803 3104 1897 3158 τοῦ
1952 3106 2085 3159 Θεοῦ

513 3174 675 3259 χάρις
697 3178 958 3249 ἐξεχύθης
1003 3182 1068 3234 Τί
1099 3181 1182 3247 δέ;
1214 3183 1314 3236 οὐκ
1358 3185 1425 3237 ἃν
1475 3184 1701 3255 οὐρανὸν
1749 3188 2088 3259 ἐποιήσαμεν

512 3257 615 3328 τὴν
640 3260 777 3331 γῆν;
806 3263 867 3315 Εἰ
889 3262 1019 3318 ἔνθα
1050 3265 1329 3335 τρισχίλιοι
1350 3267 1444 3319 καὶ
1465 3257 1907 3340 πεντακισχίλιοι,
1932 3257 2088 3327 τοῦτο

513 3340 804 3412 γενόμενον
831 3345 1006 3411 οὑτως
1047 3347 1276 3419 ἔλαμψε,
1319 3350 1412 3403 καὶ
1449 3350 1624 3415 οὐδεὶς
1661 3353 1841 3406 αὐτῶν
1899 3357 2087 3410 πενίαν

511 3423 795 3508 ᾐτιάσατο,
828 3429 983 3503 πόσῳ
1031 3432 1231 3500 μᾶλλον
1259 3436 1317 3487 ὲν
1366 3434 1605 3505 τοσούτῳ
1653 3437 1881 3508 πλήθει;
1917 3441 2000 3505 τίς
2029 3443 2087 3496 δὲ

512 3505 615 3559 οὐκ
644 3506 711 3560 ἂν
735 3511 830 3563 καὶ
855 3511 965 3566 τῶν
996 3515 1196 3581 ἔξωθεν
1216 3518 1521 3586 ὲπέδωκεν;
1555 3521 1672 3574 ’Ὶνα
1700 3505 1758 3573 δέ
1784 3521 1960 3587 δείξω,
2004 3525 2086 3578 ὅτι

513 3589 575 3678 τὸ
603 3590 993 3678 διεσπάσθαιο,
1023 3600 1177 3653 τοῦτο
1200 3602 1511 3673 δαπανηρὸν
1540 3605 1633 3659 καὶ
1664 3606 1854 3672 πενίας
1879 3626 2088 3678 ποιητι-

515 3671 805 3763 κὸνηέστω
823 3677 991 3763 οἰκία,
1023 3681 1150 3735 ἔνθα
1179 3686 1369 3737 παιδία
1395 3671 1526 3739 δέκα
1546 3689 1640 3741 καὶ
1674 3690 1811 3760 γυνὴ
1837 3671 2085 3763 γκαὶάνὴρ

516 3754 667 3847 καλή
723 3759 1221 3847 μένᾳέριουργείτω,
1253 3768 1281 3819 ὁ
1314 3768 1371 3821 δὲ
1397 3767 1597 3834 ἔξωθεν
1644 3754 1860 3842 φερέτω
1915 3754 2086 3847 1:000"-

514 3834 704 3928 όδουςο
731 3842 851 3894 εἰπὲ
879 3843 941 3914 δή
980 3864 1091 3913 μοι,
1112 3843 1258 3903 οὑτοι
1294 3855 1446 3923 κοινῇ
1478 3854 1802 3924 σιτούμενοι,
1835 3858 1929 3910 καὶ
1959 3834 2088 3928 μίαν

515 3919 731 4011 ἔχοντες
756 3926 955 3990 οἰκίαν,
984 3928 1099 4011 94]
1135 3932 1352 3987 πλείονα
1404 3919 1469 3989 ἂν
1496 3919 1854 4005 ἀναλίσκοιεν,
1891 3941 1923 4011 ἢ
1961 3919 2089 3996 ’δια-

518 4003 880 4096 σπασθέντεςς
922 4009 1181 4096 Εὑδηλον,
1220 4016 1299 4069 δτι
1346 4017 1801 4088 διασπασθέντες;
1979 4026 2087 4096 γὰρ

519 4084 762 4178 μέλλοιεν
784 4090 1108 4178 διεσπάσθαι
1137 4096 1206 4151 τά
1229 4098 1358 4152 δέκα
1389 4102 1597 4165 παιδία,
1628 4102 1758 4155 δέκα
1788 4084 1899 4157 ’καὶ
1933 4084 2085 4178 οἰκη-

754 4175 932 4244 χρεία,
962 4175 1093 4231 δέκα
1137 4182 1446 4250 τραπεζῶν,
1472 4184 1603 4237 δέκα
1650 4185 1956 4258 ὑπηρετῶν,
1992 4168 2086 4242 καὶ

513 4250 613 4335 τῆς
637 4252 803 4335 άλλης
832 4258 1095 4328 προσόδου
1128 4264 1415 4335 τοσαύτης.
1465 4266 1531 4318 Τί
1581 4266 1673 4330 δὲ,
1721 4250 1850 4322 ἔνθα
1887 4269 2088 4324 δούλων

514 4332 718 4423 πλῇθός
736 4338 914 4423 ὲμστιν;
940 4342 1061 4412 οὐχὶ
1080 4343 1166 4398 διά
1182 4345 1337 4401 τοῦτο
1352 4332 1561 4413 ’πάντες
1591 4349 1719 4419 μίαν
1750 4350 1931 4422 έχουσι
1953 4354 2086 4423 τρά-

513 4415 705 4505 πεζαν,
742 4418 883 4505 ὥστε
925 4423 1000 4496 μὴ
1043 4426 1238 4499 πολλὴν
1267 4431 1519 4498 γενέσθαι
1559 4415 1657 4501 τὴν
1699 4415 1942 4505 δαπάνην
1966 4415 2087 4501 ς”Η

512 4497 622 4589 γὰρ
670 4502 932 4575 διαίρεσις
964 4509 1051 4561 ἀεὶ
1098 4497 1393 4566 ἐλάττωσιν
1433 4497 1730 4586 ἐμποιεῖ,ή
1771 4517 1827 4570 δὲ
1864 4497 2086 4589 ὁμόνοια

512 4584 607 4674 καὶ
640 4589 928 4674 συμφωνία
961 4590 1207 4674 αῦξησιν.
1254 4594 1440 4658 Οὕτως
1464 4598 1513 4648 οί
1566 4599 1624 4649 ὲν
1666 4584 1779 4662 τοῖς
1821 4584 2085 4674 μοναστη-

512 4664 650 4735 ρίοις
679 4667 814 4731 ζῶσι
836 4670 1158 4744 νῦν,ὦσπερ
1188 4678 1317 4729 ποτὲ
1347 4679 1394 4731 οἱ
1424 4680 1622 4734 πιστοί.
1656 4681 1752 4744 Τίς
1784 4664 1851 4735 ἂν
1881 4664 2085 4739 ἀπέθα-

510 4745 726 4836 νενοῦν
747 4752 861 4836 ἀπὸ
881 4753 1039 4836 λιμοῦ
1056 4758 1170 4836 ;-τίς
1192 4759 1249 4811 δὲ
1282 4761 1342 4811 ού
1375 4760 1637 4834 διετράφη
1662 4765 1798 4832 μετὰ
1827 4767 2085 4836 ἀφθονίας

511 4826 714 4918 πολλῇς
731 4846 761 4918 ;Δ
780 4830 1011 4918 Νῦν-μὲν
1035 4831 1128 4888 οῦν
1155 4837 1313 4891 τοῦτο
1340 4826 1641 4893 δεδοίκασιν
1662 4826 1935 4914 άνθρωττοι
1956 4826 2085 4918 μᾶλί

509 4909 622 5000 λον,
658 4910 794 5000 get;
816 4913 1056 5000 πέλαγος
1086 4920 1347 4989 ἐμπεσεῖν
1376 4922 1605 4977 ἄπλετον
1634 4926 1727 4979 καὶ
1757 4909 2002 5000 άπειρον.
2023 4933 2084 4986 Εἰ

506 4992 565 5047 δὲ
594 4995 791 5087 πεῖραν
812 4997 1185 5087 ἐποιησάμεθα
1201 5004 1422 5087 τούτου,
1439 5007 1559 5060 τότε
1583 5008 1649 5061 ἂν
1679 4992 2084 5087 κατετολμήσα-

512 5092 613 5164 μεν
636 5078 731 5164 τοῦ
763 5080 1103 5149 πράγματος.
1136 5085 1316 5156 Πόσην
1337 5088 1438 5141 οίει
1483 5090 1576 5143 καὶ
1605 5093 1764 5164 χάριν
1787 5078 1923 5149 εἵναί
1946 5078 1982 5162 ς’
2020 5098 2083 5153 Εἰ

508 5161 617 5233 γάρ
643 5162 786 5224 τότε,
834 5164 923 5217 ὅτε
973 5166 1147 5231 οὐδεὶς
1170 5165 1240 5241 ἦν
1271 5174 1480 5239 πιστὸς,
1508 5176 1644 5231 ἀλλὰ
1673 5161 1958 5251 τρισχίλιοι
1989 5186 2083 5238 καὶ

509 5251 933 5342 πεντακισχίλιοι
968 5254 1145 5342 μόνον*
1186 5258 1274 5342 ὅτε
1308 5260 1508 5328 πάντες
1544 5266 1591 5316 οἱ
1624 5265 1724 5334 τῆς
1761 5270 2084 5342 οἰκουμένης

507 5322 645 5422 ἦσαν
668 5332 871 5422 έχθροί·
902 5336 991 5422 ὅτε
1016 5339 1313 5411 οὐδαμόθεν
1338 5322 2081 5422 προσεδόκων-παραμύθίαν,

504 5414 649 5505 οὑτω
674 5416 738 5505 δή
760 5420 1172 5505 κατετόλμησαν
1187 5424 1214 5464 ἀ
1233 5426 1324 5480 τοῦ
1344 5414 1681 5498 πράγματος·
1714 5414 2084 5505 πόσιμμᾶλλον

504 5497 601 5553 νῦν
630 5502 787 5588 ¹τοῦτο
816 5503 883 5558 ἂν
898 5507 1133 5577 ἐγένετο,
1160 5510 1288 5565 ἔνθα
1323 5515 1390 5583 τῇ
1424 5497 1517 5566 τοῦ
1560 5514 1694 5568 Θεοῦ
1739 5497 1921 5588 χάριτι
1946 5538 2082 5574 παν-

504 5581 672 5667 ταχοῦ
700 5586 800 5656 τῆς
826 5590 1153 5663 οἰκουμένης
1181 5581 1400 5661 πιστοίς
1458 5596 1541 5660 τίς
1567 5597 1610 5650 δ’
1635 5598 1701 5652 ἂν
1728 5581 1917 5667 ἔμενεν
1951 5603 2081 5656 ’Έλ-

506 5660 605 5732 λην
639 5665 855 5736 λοιπόν;
887 5673 1087 5727 Οὐδένα
1117 5675 1291 5745 ἔγωγε
1313 5680 1757 5750 ἡγοῦμαι-οὑτως
1783 5683 1848 5738 ἂν
1877 5688 2083 5751 πάντας

587 5825 611 5853 ⁸
637 5822 821 5899 λίθεοι...
835 5828 864 5885 ἦ
879 5831 986 5886 τοὺς
1006 5833 1062 5899 π)
1072 5835 1259 5899 ουσίους
1280 5835 1437 5886 τοῦτο.
1455 5838 1633 5887 Melius
1652 5840 1733 5889 alii
1767 5843 1795 5897 ἢ
1809 5843 1906 5899 τοῖς
1938 5846 2084 5892 πλου-

514 5884 651 5961 σίοις.
721 5887 745 5921 h
767 5884 918 5961 ¹[ξειυξι
940 5884 1045 5940 υὸα.
1074 5884 1288 5955 μυριάδὲς
1311 5884 1629 5961 ivi-060106:
1655 5884 2085 5954 Elii-13003:};-

516 5948 703 6007 σμένον.
756 5947 781 5988 ἀ
806 5950 970 5999 Codex
996 5947 1123 6002 ιιιιυε
1140 5947 1438 6017 παραμυθίᾶν
1460 5947 1688 6010 τοσοῦτον
1705 5947 2077 6028 κατετόὶξιῇσαῦ.

2185 416 2649 489 ὲπεσπασάμεθα,
2698 417 2792 471 κα)⁸
2817 415 3150 485 εἰλκύσαμεν
3188 411 3323 483 πρὸς
3365 414 3516 485 ἡμᾶς
3547 412 3769 476 αὐτούς.

2186 502 2335 573 Πλὴν
2375 501 2490 556 ἀλλ’
2521 501 2617 554 ἐὰν
2636 499 2740 571 6δῷ
2756 499 2931 573 ταύτῃ
2957 497 3361 570 προϐαίνωμεν,
3402 496 3647 552 πιστεύω
3688 499 3772 570 τῷ

2187 583 2327 654 Θεῷ,
2374 584 2456 637 ὅτι
2499 583 2594 636 καὶ
2622 582 2780 637 τοῦτο
2816 582 2987 635 ἔσται.
3037 579 3306 649 Πείσθητέ
3339 596 3432 650 μοι
3469 580 3650 651 μόνον.
3677 582 3774 634 καὶ

2189 664 2330 720 κατὰ
2373 666 2526 732 τάξιν
2562 664 2983 736 κατορθώσομεν
3033 663 3105 716 τὰ
3143 663 3464 733 πράγματα·
3519 664 3613 716 καὶ
3652 664 3720 717 ἂν
3743 665 3776 717 δ

2187 750 2319 814 Θεὸς
2341 749 2484 821 ζωὴν
2509 749 2604 820 δῷ,
2634 748 2893 817 πιστεύω,
2926 749 3009 801 δτι
3041 747 3251 819 ταχέως
3284 750 3364 812 εἰς
3390 747 3595 818 ταύτην
3622 751 3778 819 ἡμᾶς

2187 833 2388 904 ἄξομεν
2419 834 2518 905 τὴν
2546 832 2845 887 πολιτείαν.

2259 916 2411 979 Τέως
2426 916 2515 970 τὸν
2545 916 2709 987 νόμον
2742 916 2834 968 τὸν
2863 915 2992 986 περὶ
3021 915 3114 969 τοῦ
3154 916 3320 986 ὅρκου
3349 913 3735 985 κατορθώσατε
3756 954 3773 977 ,

2188 999 2283 1053 καὶ
2322 998 2686 1070 βεϐαιώσατε·
2735 1000 2828 1053 καὶ
2858 1001 2885 1052 ὁ
2914 998 3155 1066 φυλάξας
3199 998 3290 1051 τὸν
3331 997 3407 1068 μὴ
3460 996 3778 1067 φυλάξαντα

2187 1083 2342 1154 δῆλον
2373 1084 2613 1147 ποιείτω,
2649 1082 2742 1136 καὶ
2762 1082 3062 1151 ὲγκαλείτω
3093 1080 3297 1147 λοιπὸν,
3328 1081 3424 1134 καὶ
3460 1082 3776 1151 ὲπιτιμάτω

2190 1165 2453 1237 σφοδρῶς.
2494 1166 2559 1219 Ἢ
2598 1165 2707 1234 γὰρ
2751 1165 3061 1236 προθεσμία
3113 1164 3314 1232 ἐγγὺς,
3368 1164 3465 1217 καὶ¹
3520 1164 3773 1228 ἐξέτασιν

2189 1251 2401 1321 ποιήσω
2434 1249 2527 1304 τοῦ
2566 1260 2589 1288 θ
2624 1251 2951 1321 πράγματος
2971 1289 2985 1312 ,
3019 1250 3112 1302 καὶ
3147 1248 3240 1300 τὸν
3286 1247 3486 1301 ἁλόντα
3519 1248 3793 1319 άφορίσω”

2189 1333 2284 1385 καὶ
2316 1332 2579 1403 άπείρξω.
2609 1332 2770 1385 Ἀλλὰ
2802 1332 3009 1403 μηδένα
3038 1330 3250 1399 γένοιτο
3271 1330 3513 1384 τοιοῦτον
3542 1331 3776 1401 εὑρεθῆ-

2188 1430 2277 1468 ναι
2309 1415 2437 1486 παρ’
2466 1416 2618 1484 ἡμῖν,
2650 1415 2784 1468 ἀλλὰ
2806 1415 3014 1477 πάντας
3045 1412 3184 1485 μετὰ
3231 1414 3518 1484 ἀκριϐείας
3556 1414 3619 1466 τὸ
3647 1413 3776 1466 σύν-

2191 1496 2257 1565 θη
2267 1514 2341 1566 μα
2368 1498 2428 1550 τό
2454 1498 2826 1568 πνευματικὸν
2842 1498 2999 1550 τοῦτο
3013 1496 3267 1566 φυλάξαι.
3302 1497 3572 1569 Καθάπερ
3597 1493 3693 1551 οῦν
3718 1500 3778 1551 ὲν

2192 1581 2417 1653 πολέμῳ
2437 1582 2544 1635 ἀπὸ
2572 1582 2666 1635 τοῦ
2712 1582 3052 1653 συνθήματος
3090 1582 3143 1633 οἵ
3168 1598 3227 1632 τε
3270 1582 3459 1634 οἰκεῖοι
3489 1582 3584 1634 καὶ
3614 1580 3777 1638 ἀλλό-

2190 1679 2331 1734 τριοι
2347 1665 2705 1735 γνωρίζονται
2730 1678 2743 1693 ’
2772 1664 2914 1718 οὕτω
2940 1664 3003 1735 δὴ
3031 1665 3126 1717 καὶ
3147 1663 3244 1716 νῦν
3259 1664 3516 1732 γινέσθω.
3538 1664 3648 1717 Καὶ
3667 1664 3778 1734 γὰρ

2195 1750 2287 1804 καὶ
2340 1750 2433 1804 νῦν
2465 1754 2523 1805 ὲν
2576 1752 2798 1822 πολέμῳ
2850 1750 3051 1821 ἐσμὲν,
3090 1752 3178 1804 ἴνα
3221 1751 3314 1804 καὶ
3354 1752 3481 1815 τοὺς
3511 1752 3778 1821 ἀδελφοὺς

2193 1833 2642 1906 ἐπιγινώσκωμεν
2676 1836 2804 1898 τοὺς
2840 1834 3093 1897 οἰκείους.
3115 1834 3280 1887 Ὅσον
3304 1833 3418 1905 γάρ
3449 1836 3598 1888 ἐστιν
3630 1837 3777 1903 ἀγα-

2193 1916 2286 1971 θὸν
2313 1917 2471 1971 τοῦτο
2509 1921 2643 1990 ἡμῖν
2690 1913 2827 1972 εἶναι
2859 1917 2921 1971 τὸ
2950 1917 3258 1988 γνώρισμα,
3298 1920 3392 1973 καὶ
3416 1914 3650 1972 ἐνταῦθα
3682 1921 3782 1972 καὶ

2195 2001 2287 2053 ἐπὶ
2326 2001 2423 2070 τῆς
2452 2001 2773 2073 ἁλλοτρίας;
2808 1996 2918 2055 οἷον
2966 2001 3124 2055 τοῦτο
3161 2002 3326 2055 ὅπλον
3362 2002 3503 2056 κατά
3537 2006 3637 2073 τῆς
3682 2002 3780 2056 τοῦ

2192 2083 2436 2137 διαϐόλου
2468 2086 2715 2156 μηχανῆς
2743 2084 2797 2150 ί;
2837 2084 3021 2154 Στόμα
3055 2084 3167 2157 γὰρ
3202 2085 3304 2139 οὑκ
3344 2085 3483 2149 εῐδὸς
3520 2084 3779 2155 ὀμνύειν,

2193 2166 2402 2236 ταχέως
2427 2170 2520 2222 καὶ
2553 2168 2644 2222 τὸν
2681 2168 2813 2221 Θεὸν
2838 2169 2896 2222 ὲν
2921 2169 3105 2238 εὐχαῖς
3137 2168 3525 2232 ἐπισπάσεται,
3561 2169 3654 2221 καὶ
3680 2169 3777 2221 τὸν

2193 2249 2440 2303 διάϐολον
2475 2250 2664 2322 πλήξει
2709 2251 2930 2322 καιρίαν
2979 2250 3229 2323 πληγήν·
3277 2251 3451 2321 στόμα
3499 2252 3600 2304 οὑκ
3638 2251 3782 2315 εἰδὸς

2194 2332 2435 2402 ὀμνύειν,
2470 2334 2592 2387 οὐδὲ
2636 2334 2878 2405 ὑϐρίζειν
2907 2334 3133 2387 εἵσεται.
3183 2334 3451 2403 Καθάπερ
3494 2333 3555 2398 ἐξ
3597 2335 3783 2397 οἰκίας

2194 2417 2359 2480 τινὸς,
2392 2416 2565 2477 οὕτως
2601 2418 2709 2471 άπὸ
2743 2418 2843 2489 τῆς
2869 2417 3117 2489 γλώττης
3143 2418 3204 2472 τὸ
3236 2418 3347 2490 πῦρ
3376 2418 3571 2471 ἔκϐαλε
3596 2419 3779 2478 τοῦτο,

2195 2501 2288 2554 καὶ
2312 2502 2649 2571 παρέλκυσον
2682 2502 2805 2568 ἔξω.
2827 2502 2924 2566 Δὸς
2942 2503 3078 2574 αὑτῇ
3111 2502 3306 2575 μικρὸν
3327 2501 3663 2557 ἀναπνεῦσαι
3683 2520 3696 2533 ο
3717 2504 3785 2555 τὸ

2194 2591 2352 2657 ’έλκος
2411 2592 2798 2665 ἀσθενέστερον
2853 2594 3097 2664 ποίησον.
3152 2594 3262 2648 Ναὶ
3301 2593 3643 2665 παρακαλῶ,
3688 2594 3784 2647 ῑνα

2196 2674 2324 2745 ὑμῖν
2353 2676 2447 2729 καὶ
2482 2676 2668 2747 ’έτερόν
2695 2694 2748 2729 τι
2785 2676 2925 2729 ὲκδῶ
2968 2677 3199 2748 μάθημα
3222 2695 3235 2707 ⁸
3268 2676 3422 2731 οῦπω
3447 2677 3558 2748 γὰρ
3587 2675 3783 2731 τούτου

2196 2758 2652 2829 κατωρθωμένου,
2675 2760 2737 2812 οὑ
2761 2759 2944 2830 τολμῶ
2980 2760 3072 2814 ἐπὶ
3101 2760 3292 2832 ἕτερόν
3330 2778 3383 2812 τι
3415 2759 3608 2813 ἐλθεῖν.
3643 2760 3786 2814 Τοῦ-

2198 2858 2257 2893 το
2279 2840 2419 2911 μετά
2441 2841 2724 2913 ἀκριϐείας
2748 2843 2876 2911 ὑμῖν
2898 2842 3304 2914 κατορθωθήτω
3325 2859 3338 2872 ’
3370 2843 3561 2898 τούτου
3584 2843 3782 2897 λάϐετε

2196 2925 2290 2977 τοῦ
2317 2925 2738 2996 κατορθώματος
2765 2926 3017 2997 αἴσθησιν
3049 2928 3335 2999 πρότερον,
3362 2929 3457 2981 καὶ
3493 2928 3615 2980 τότε
3646 2929 3781 2998 ὑμῖν

2198 3012 2291 3061 καὶ
2323 3008 2544 3079 ἑτέρους
2572 3010 2772 3074 εἰσάξω
2802 3010 2999 3081 νόμους
3020 3052 3034 3076 ,
3068 3010 3270 3080 μᾶλλον
3300 3010 3356 3064 δὲ
3380 3012 3480 3065 οὑκ
3503 3011 3631 3079 ἐγὼ,
3661 3011 3781 3064 ἀλλ’

2196 3091 2224 3143 ὁ
2266 3092 2519 3162 Χριστός.
2552 3092 2856 3146 Φυτεύσατε
2887 3094 2944 3145 ὲν
2976 3096 3041 3163 τῇ
3066 3093 3211 3164 ψυχῇ
3246 3096 3312 3165 τῇ
3349 3095 3593 3165 ὑμετέρᾳ
3619 3094 3784 3149 τοῦτο

2197 3174 2257 3227 τὸ
2303 3174 2498 3239 καλὸν,
2540 3177 2634 3229 καὶ
2678 3177 2822 3229 κατὰ
2864 3177 3059 3246 μικρὸν
3103 3175 3295 3229 ἔσεσθε
3335 3176 3660 3247 παράδεισος
3684 3177 3782 3231 τοῦ

2197 3255 2353 3319 Θεοῦ,
2371 3256 2546 3326 πολλῷ
2564 3257 2785 3327 βελτίων
2804 3257 3138 3331 [θὸἶὲκείνου
3162 3258 3257 3312 τοῦ
3279 3259 3781 3329 παραδείσου.οῦτε

2182 3334 2307 3411 ’γὰρ
2338 3340 2461 3408 ὄφις
2492 3343 2622 3412 παρ’
2658 3343 2809 3412 ἡμῖν,
2830 3341 2954 3395 οῦτε
2980 3343 3192 3414 δένδρον
3232 3342 3628 3415 θανατηφόρον.
3654 3344 3785 3397 οὔτε

2197 3422 2324 3476 ἄλλο
2344 3424 2452 3477 τῶν
2473 3424 2727 3478 τοιούτων
2753 3426 2924 3482 οὐδέν.
2950 3428 3166 3497 Πήξατε
3195 3428 3253 3479 ὲν
3277 3427 3432 3496 βάθει
3455 3427 3660 3497 ταύτην
3682 3429 3785 3498 τὴν

2200 3506 2507 3575 συνήθειαν.
2530 3507 2625 3560 Ἂν
2655 3508 2815 3562 τοῦτο
2842 3509 3089 3580 γένηται,
3120 3510 3217 3580 οὑχ
3248 3511 3408 3581 ὑμεῖς
3429 3512 3480 3564 οἰ
3512 3512 3783 3582 παρόντες

2197 3589 2619 3661 ὠφεληθήσεσθε
2661 3592 2821 3661 μόνον
2842 3634 2856 3656 ,
2909 3594 3045 3647 ἀλλὰ
3075 3596 3168 3649 καί
3203 3596 3404 3659 πάντες
3436 3598 3485 3649 οί
3525 3597 3582 3649 ὲν
3618 3599 3683 3666 τῇ
3712 3599 3787 3649 οἱ·

2174 3672 2439 3745 Ακουμένῃ
2460 3688 2474 3702 ⁶
2504 3674 2599 3726 καὶ
2632 3675 2731 3727 οὑκ
2763 3676 2958 3729 ἐκεῖνοι
2994 3678 3153 3747 μόνον
3184 3687 3232 3741 8,
3267 3678 3405 3731 ἀλλὰ
3441 3680 3536 3732 καὶ
3561 3680 3610 3731 οί
3644 3681 3785 3749 μετὰ

2198 3754 2368 3808 ταῦτα
2407 3757 2794 3828 ὲπιγινόμενοι.
2824 3758 2983 3822 ’Ἐθος
3014 3761 3123 3832 γάρ
3163 3761 3325 3815 καλὸν
3372 3761 3611 3815 εἰσελθὸν
3638 3802 3653 3820 ,
3687 3763 3786 3815 καὶ

2198 3839 2349 3909 παρὰ
2398 3839 2617 3893 πάντων
2681 3840 3105 3912 φυλαττόμενον,
3168 3847 3249 3908 εἰς
3308 3846 3553 3918 μακροὺς
3602 3846 3785 3899 διαδο-

2198 3920 2421 3991 θήσεται
2466 3922 2713 3993 χρόνους,
2758 3925 2852 3978 καὶ
2871 3925 3043 3988 οὐδεὶς
3095 3927 3228 3981 αὐτὸ
3287 3930 3478 3999 καιρὸς
3549 3929 3781 3997 ἐκκόψαι

2196 4005 2498 4078 δυνήσεται.
2563 4007 2626 4060 Εἰ
2653 4006 2783 4071 ξύλα
2840 4026 2924 4073 τις
2968 4009 3239 4078 συλλέγων
3272 4012 3330 4063 ὲν
3384 4010 3639 4081 σαϐϐάτῳ
3697 4012 3783 4063 λι-

2198 4088 2479 4152 θόλευστος
2539 4090 2791 4157 γέγονεν·
2865 4091 2893 4143 ό
2963 4092 3031 4145 τά
3099 4092 3279 4163 πολλῷ
3352 4094 3452 4163 τῆς
3509 4094 3781 4163 συλλογῆς

2197 4171 2411 4241 ἐκείνης
2480 4170 2835 4243 χαλεπώτερα
2901 4173 3314 4245 ἐργαζόμενος,
3388 4176 3482 4229 καὶ
3562 4178 3782 4248 φορτίον

2199 4255 2483 4325 ἁμαρτιῶν
2548 4254 2818 4323 συλλέγων
2879 4255 3081 4326 (τοῦτο
3140 4258 3248 4330 γάρ
3318 4259 3427 4313 τῶν
3486 4260 3666 4332 ὅρκων
3720 4262 3782 4314 τὸ

2198 4337 2459 4407 πλῆθος),
2491 4337 2543 4389 τί
2595 4339 2694 4408 οὑχ
2738 4339 3144 4409 ὑποστήσεται;
3182 4342 3235 4395 τί
3267 4342 3324 4395 δὲ
3346 4342 3444 4413 οὑχ
3477 4344 3776 4413 ὑπομενεῖς

2198 4420 2405 4491 Πολλὴν
2448 4420 2680 4491 λήψεσθε
2717 4422 2868 4494 παρὰ
2908 4423 3002 4477 106
3040 4424 3176 4477 Θεοῦ
3215 4429 3314 4496 τὴν
3356 4426 3647 4498 βοήθειαν,
3683 4427 3783 4481 ἐὰν

2194 4504 2352 4557 τοῦτο
2379 4505 2507 4575 ὑμῖν
2524 4507 2957 4578 κατωρθωμένον
3076 4509 3171 4563 Ἂν
3191 4510 3354 4575 εῖπω,
3384 4512 3476 4582 Μὴ
3524 4511 3777 4582 ὑϐρίσῃς,

2196 4586 2398 4649 εὐθέως
2426 4587 2515 4641 τὸν
2538 4587 2709 4659 θυμόν
2743 4607 2832 4660 μοι
2853 4590 3040 4661 φέρεις
3072 4593 3151 4653 εἰς
3187 4590 3351 4660 μέσον
3374 4606 3388 4622 '
3411 4591 3478 4646 ἂν
3498 4594 3658 4658 εἴπω,
3686 4594 3779 4663 Μὴ

2197 4668 2494 4742 βασκήνῃς,
2531 4670 2698 4742 ἄλλην
2727 4673 2907 4726 αἰτίαν
2941 4675 3104 4744 ἐρεῖς.
3142 4670 3407 4727 Ἐνταῦθα
3434 4675 3587 4729 οὐδὲν
3606 4677 3779 4729 τοιοῦ-

2194 4768 2285 4805 τον
2326 4751 2471 4822 ἔχεις
2511 4755 2705 4810 εἰπεῖν.
2745 4756 2843 4808 Διὰ
2870 4755 3029 4808 τοῦτο
3065 4755 3173 4809 ἀπὸ
3202 4757 3310 4810 τῶν
3342 4758 3579 4812 εὑκόλων
3604 4758 3776 4829 ἠρξά-

2197 4856 2323 4911 μην,
2354 4842 2475 4893 ὲπεὶ
2497 4842 2590 4894 καὶ⁷
2619 4842 2676 4894 ὲν
2704 4845 2823 4904 ταῖς
2853 4843 3066 4912 τέχναις
3091 4844 3328 4908 άπάσαις
3358 4845 3418 4898 τὸ
3447 4845 3579 4898 αὑτὸ
3594 4847 3779 4899 ποιοῦ-

2197 4940 2299 4976 σιν.
2327 4923 2483 4976 Οῦτω
2506 4941 2588 4987 τις
2619 4925 2713 4978 καὶ
2736 4927 2828 4977 ἐπὶ
2851 4925 2917 4977 τά
2938 4924 3162 4994 μείζονα
3183 4928 3422 4998 ἔρχεται,
3448 4929 3516 4981 τὰ
3544 4929 3780 4982 εὐκολώ-

2192 5023 2326 5078 τερα
2354 5006 2532 5077 πολλῷ
2564 5007 2821 5077 πρῶτονῑι
2863 5010 3170 5077 μανθάνων.
3200 5012 3450 5074 Είσεσθε,
3489 5012 3608 5076 πῶς
3634 5013 3781 5068 ἔστιν

2192 5087 2413 5142 εῦκολον
2444 5089 2623 5153 τοῦτο,
2655 5091 2784 5144 ὅταν
2826 5094 2893 5162 τῇ
2928 5091 3020 5144 τοῦ
3070 5093 3206 5145 Θεοῦ
3262 5094 3446 5163 χάριτι
3493 5095 3777 5165 κατορθώ-

2195 5188 2385 5236 σαντες
2404 5213 2418 5237 ,
2445 5173 2538 5225 καὶ
2569 5173 2755 5244 ἓτερον
2789 5173 3015 5246 δέξησθε
3041 5174 3224 5245 νόμον.
3257 5177 3387 5229 Δότε
3422 5195 3512 5247 μοι
3554 5181 3777 5249 παρρη-

2194 5256 2336 5319 σίαν,
2360 5256 2453 5308 καὶ
2476 5256 2570 5309 ἐπὶ
2610 5257 2899 5329 Ἑλλήνων,
2933 5259 3027 5311 καὶ
3057 5259 3149 5311 ἐπὶ
3194 5259 3465 5313 Ἰουδαίων
3488 5302 3503 5327 ,
3541 5262 3635 5314 καὶ
3668 5263 3777 5333 πρὸ

2194 5339 2413 5395 πάντων
2440 5341 2533 5394 ἐπὶ
2561 5340 2655 5394 τοῦ
2682 5341 2837 5395 Θεοῦ.
2865 5342 2973 5396 Ναὶ
3000 5343 3305 5415 παρακαλῶ
3339 5344 3474 5414 πρὸς
3501 5345 3600 5414 τῆς
3637 5345 3778 5413 ἀγά-

2192 5442 2320 5495 πης,
2347 5425 2482 5495 πρὸς
2505 5424 2603 5495 τῆς
2627 5424 2832 5489 ὠδῖνος,
2855 5426 2923 5479 δι’
2939 5420 3004 5497 ἦς
3031 5427 3175 5497 ὑμᾶς
3195 5426 3377 5493 ὣδινα,
3405 5429 3616 5481 Τεκνία
3634 5446 3773 5497 μου.

2191 5509 2265 5561 Τὸ
2290 5508 2347 5562 δὲ
2379 5507 2507 5577 ἑξῆς
2534 5508 2633 5561 οὑκ
2655 5509 2839 5573 ἐπάξω
2875 5510 2955 5576 τὸ,
2993 5510 3109 5575 Οὓς
3142 5509 3332 5564 πάλιν
3369 5510 3561 5565 ὠδίνω
3587 5528 3601 5541 ’
3650 5512 3774 5565 οὐδὲ

2192 5591 2303 5663 ἐρῶ
2334 5592 2415 5657 τὸ,
2445 5593 2652 5661 Ἀχρις
2672 5588 2742 5647 οὗ
2772 5592 3058 5662 μορφωθῇ
3088 5595 3341 5662 Χριστὸς
3385 5595 3454 5648 ἐν
3482 5594 3644 5664 ὑμῖν.
3676 5596 3774 5648 Πι-

2195 5676 2368 5729 στεύω
2403 5676 2541 5745 γάρ,
2576 5674 2658 5728 δτι
2695 5676 3054 5746 μεμόρφωται
3099 5677 3336 5747 Χριστὸς
3373 5679 3430 5730 ὲν
3458 5677 3606 5748 ὑμῖν.
3626 5677 3773 5730 Ἀλλ’

2192 5764 2355 5834 ἕτερα
2383 5766 2516 5834 πρὸς
2547 5765 2688 5833 ὑμᾶς
2723 5764 2829 5834 ἐρῶ
2852 5780 2865 5794 ’
2909 5764 3183 5834 Ἀδελφοί
3200 5785 3321 5835 μου
3346 5767 3639 5835 ἀγαπητοί
3667 5766 3769 5821 καὶ

2246 5911 2269 5939 ⁸
2308 5909 2438 5957 ῐιῖριῐι
2472 5911 2549 5957 καὶ
2586 5908 2812 5969 ποιοῦμαι
2858 5911 3065 5966 ἐξέτασιν
3111 5911 3213 5961 τοῦ.
3238 5898 3253 5907 ﬂ
3308 5912 3327 5945 τ
3367 5912 3501 5962 Idem
3542 5913 3769 5963 διαϐόλου

2195 5970 2433 6033 κεφαλῆς..
2482 5973 2506 6011 ε
2551 5971 2648 6020 Alli
2690 5972 2855 6020 ἐκεῖνοι
2899 5974 3049 6035 μόνοι.
3118 5974 3144 6011 ιι
3189 5975 3287 6025 Αἰίι
3315 5976 3474 6039 πολλῷ
3517 5977 3699 6038 πρῶτα.
