4088 6142
288 348 347 406 ςτ
1152 290 1157 295 ’
1275 334 1341 390 ιιι
1379 334 1561 390 acra
1599 330 2117 388 arosrownun.
2159 315 2390 387 nouit.
2433 329 2520 387 x1.
3477 339 3547 396 93

287 460 580 534 giebantur;
612 454 712 511 sed
744 451 811 507 ad
839 451 1002 522 pedes
1036 448 1327 503 offerebant
1347 489 1361 514 ,
1392 458 1448 503 et
1476 447 1595 501 illos
1634 444 1855 515 diSpen-

288 565 480 611 satores
524 564 647 604 esse
701 546 979 611 sinebant,
1033 542 1383 611 dominosque
1426 540 1745 603 reddebant;
1803 545 1860 589 ut

288 646 429 717 quasi
473 656 543 697 ει
588 636 970 694 communibus
998 635 1252 702 deinceps
1297 634 1720 694 insumercntur,
1750 642 1858 681 non

288 738 425 809 quasi
459 750 523 789 ex
578 731 832 801 prepriis.
868 729 1000 782 llinc
1040 735 1217 780 autem
1266 723 1445 788 ﬁebat,
1493 731 1550 777 ut
1591 735 1695 776 non
1727 733 1860 773 vana

286 827 439 898 gloria
467 823 882 878 extollerentur.
916 818 1028 872 Hoc
1052 816 1097 869 si
1126 829 1270 869 nunc
1294 827 1510 883 quoque
1540 814 1715 873 ﬁeret,
1739 824 1862 863 cum

289 919 478 987 majore
503 917 810 969 viveremus
839 910 1111 979 voluptate
1139 914 1193 962 et
1234 905 1424 961 divites
1458 914 1513 960 et
1552 914 1817 973 pauperes
1842 917 1859 956 :

289 1028 377 1069 nec
419 1010 679 1078 majorem
732 1002 1058 1075 pauperibus
1081 1043 1097 1066 ,
1130 1014 1286 1069 quam
1312 998 1563 1053 divitibus
1586 996 1690 1049 hoc
1714 993 1865 1048 volu-

289 1112 477 1174 ptatem
513 1099 753 1154 afferret.
789 1096 855 1150 Et
882 1095 926 1148 si
958 1094 1150 1163 placet,
1179 1091 1284 1144 hoc
1308 1104 1560 1145 sermone
1584 1085 1862 1141 describa-

290 1210 419 1258 mus,
451 1202 505 1244 et
531 1189 659 1244 hinc
685 1188 1012 1254 voluptatem
1038 1182 1417 1251 decerpemus,
1446 1177 1657 1249 quando
1684 1176 1862 1246 operi-

288 1285 378 1341 bus
399 1298 506 1338 non
525 1280 704 1334 vultis.
735 1277 962 1331 Maxime
988 1283 1165 1330 autem
1188 1288 1254 1327 ex
1281 1272 1385 1326 illis
1399 1269 1732 1324 manifestum
1759 1275 1861 1334 est,

287 1392 399 1448 qua:
430 1385 559 1430 tunc
587 1373 725 1427 facta
754 1377 906 1435 sunt;
938 1368 1059 1439 quia
1105 1365 1397 1421 vendentes
1430 1378 1537 1419 non
1567 1361 1720 1433 egeni
1765 1363 1864 1416 lle-

290 1469 433 1534 bant,
464 1466 560 1521 sed
589 1472 644 1519 et
670 1476 932 1534 pauperes
960 1460 1153 1514 divites
1176 1456 1488 1513 reddebant.

355 1553 792 1622 Constantinopoli
825 1560 942 1621 quot
982 1566 1117 1620 apes,
1148 1556 1364 1619 quantus
1391 1546 1569 1617 populi
1607 1559 1862 1599 numerus.

290 1682 358 1695 —-
382 1652 645 1706 Caeterum
670 1646 773 1700 hoc
799 1659 940 1698 nunc
966 1656 1214 1697 sermone
1241 1639 1607 1694 describamus
1638 1655 1649 1689 :
1679 1649 1867 1691 omnes

292 1758 380 1799 sua
418 1740 596 1795 omnia
627 1736 857 1792 vendant
903 1743 955 1789 et
987 1734 1037 1787 in
1070 1732 1300 1787 medium
1329 1729 1555 1785 afferant
1577 1771 1592 1794 ,
1621 1741 1868 1783 sermone

293 1835 449 1891 dico:
480 1846 643 1887 nemo
687 1828 932 1884 turbetur
975 1839 1147 1895 neque
1192 1823 1382 1885 dives,
1425 1835 1598 1890 neque
1643 1833 1863 1889 pauper.

293 1926 551 1992 Quantum
580 1929 739 1992 putas
768 1919 884 1972 auri
917 1916 1199 1973 collectum
1251 1914 1357 1969 iri?
1406 1914 1519 1984 Ego
1557 1927 1688 1967 sane
1734 1924 1868 1966 con-

284 2019 409 2090 jicio
436 2016 457 2089 (
484 2028 659 2085 neque
686 2010 828 2068 enim
859 2009 915 2065 id
940 2017 1088 2064 certo
1113 2007 1217 2062 dici
1243 2004 1456 2077 potest)
1485 2046 1500 2069 ,
1524 2005 1566 2059 si
1598 2004 1790 2074 singuli
1817 2009 1873 2056 et

295 2111 506 2181 singula:
533 2120 659 2162 suas
677 2115 867 2158 omnes
888 2101 976 2155 hic
996 2099 1247 2170 pecunias
1266 2103 1605 2161 evacuarent,
1628 2094 1672 2149 si
1691 2107 1865 2164 agros,

297 2198 676 2271 possessiones,
705 2194 896 2249 dumos
927 2191 1197 2246 traderent
1223 2188 1432 2259 (servos
1464 2202 1568 2241 non
1616 2185 1863 2249 dixerim,

297 2306 461 2361 neque
484 2288 631 2344 enim
661 2296 790 2341 tunc
814 2291 988 2350 erant,
1016 2280 1108 2336 sed
1153 2281 1380 2336 fortasse
1405 2277 1605 2332 liberos
1631 2277 1870 2332 dimitte-

298 2384 474 2453 bant);
515 2381 698 2435 forsan
741 2377 922 2432 decies
966 2385 1190 2430 centena
1244 2373 1411 2426 millia
1456 2372 1707 2425 librarum
1756 2369 1871 2423 auri

298 2479 779 2545 congregarentur;
824 2467 934 2520 imo
952 2473 1008 2519 et
1034 2463 1116 2518 bis
1146 2473 1293 2518 terve
1333 2461 1577 2531 amplius.
1612 2462 1703 2515 Dic
1729 2461 1872 2514 enim

301 2566 457 2629 mihi,
486 2563 676 2618 civitas
720 2569 904 2613 nostra
938 2565 1191 2626 quantum
1238 2555 1659 2624 promiscuurum
1699 2552 1873 2606 homi-

302 2674 419 2713 num
447 2667 731 2711 numerum
749 2648 1028 2704 continet?
1054 2655 1182 2715 quot
1201 2645 1360 2699 vultis
1377 2658 1496 2699 esse
1517 2642 1875 2698 Christianos?

302 2749 524 2803 vultisne
544 2758 664 2800 esse
691 2749 909 2797 centum
940 2737 1121 2791 mille?
1150 2745 1379 2805 quantus
1421 2750 1673 2788 numerus
1699 2734 1874 2803 genti-

303 2840 424 2893 lium
445 2845 500 2892 et
526 2831 872 2891 Judzeorum?
897 2837 1031 2900 quot
1058 2827 1226 2882 millia
1252 2826 1365 2879 auri
1395 2840 1531 2894 rong
1563 2825 1875 2893 cgarentur?

303 2940 527 3001 qmntus
550 2941 680 2983 vero
703 2935 786 2980 est
809 2936 1101 2993 pauperum
1128 2917 1423 2972 numerus?
1452 2916 1567 2970 Non
1601 2927 1730 2986 puto
1758 2931 1876 2970 esse

307 3038 458 3093 supra
507 3017 896 3092 quinquaginta
926 3014 1112 3067 millia.
1146 3011 1256 3065 llos
1283 3024 1410 3063 vero
1450 3009 1687 3076 quotidie
1712 3009 1872 3074 alere,

306 3122 493 3185 quanta
520 3108 671 3179 copia
704 3105 881 3162 foret?
906 3104 1063 3160 Certe
1092 3100 1361 3156 communi
1383 3099 1502 3153 cibo
1528 3108 1580 3153 et
1609 3098 1876 3152 communi

309 3220 485 3261 mensa
516 3202 645 3273 ipsis
684 3197 951 3269 apposita,
1008 3208 1112 3248 non
1158 3199 1354 3245 tantam
1404 3196 1530 3258 puto
1583 3188 1875 3257 impensam

310 3300 435 3352 fore.
474 3293 612 3361 Quid
638 3304 786 3360 ergo,
839 3286 1064 3355 inquies,
1108 3282 1295 3337 facturi
1324 3295 1563 3335 essemus
1598 3281 1877 3350 insumptis

309 3386 532 3459 opibus?
557 3383 710 3439 Tune
741 3388 894 3449 putas
943 3390 1102 3446 posse
1141 3387 1390 3443 umquam
1428 3372 1669 3425 insumi?
1698 3387 1877 3425 annon

311 3479 493 3535 millies
523 3471 883 3531 abundantior
921 3467 1088 3542 gratia
1128 3465 1220 3524 [lci
1246 3464 1434 3523 esset?
1461 3477 1636 3518 annon
1664 3463 1879 3532 largiter

309 3571 469 3643 gratia
496 3568 593 3624 Dei
627 3560 1030 3622 effunderetur?
1077 3558 1214 3627 Quid
1245 3557 1416 3614 vero?
1461 3569 1637 3610 annon
1685 3561 1878 3610 terram

313 3663 643 3718 efﬁceremus
670 3654 899 3711 cmlum?
928 3653 983 3707 Si
1013 3651 1064 3705 id
1097 3652 1147 3704 in
1183 3650 1353 3703 tribus
1377 3648 1615 3702 millibus
1643 3657 1696 3701 et
1722 3646 1878 3717 quin-

314 3769 412 3825 que
438 3750 672 3807 millibus
703 3750 774 3802 ita
802 3744 1028 3810 refulsit,
1058 3752 1112 3797 et
1140 3742 1314 3795 nullus
1345 3754 1531 3795 eorum
1557 3739 1625 3793 dc
1653 3753 1880 3807 pauper-

318 3854 418 3899 tate
458 3849 786 3911 conquestus
831 3843 932 3901 cst,
966 3842 1164 3904 quanto
1187 3833 1357 3902 magis
1383 3832 1435 3885 in
1470 3839 1611 3885 tanta
1642 3830 1883 3883 multitu-

314 3938 470 3993 dine?
501 3936 620 4005 quis
649 3935 814 3988 etiam
839 3937 1178 3984 externorum
1209 3941 1316 3980 non
1357 3923 1557 3993 aliquid
1592 3921 1885 3992 adjiceret?

318 4029 382 4085 L‘t
400 4036 572 4082 autem
600 4022 902 4087 ostendam,
919 4021 997 4074 sic
1010 4019 1289 4073 distractos
1305 4030 1435 4084 opes
1456 4014 1623 4084 magis
1634 4014 1879 4083 expendi,

315 4132 366 4175 et
393 4117 717 4190 paupertatis
758 4127 974 4169 causam
1020 4125 1139 4166 esse
1165 4108 1239 4180 (a)
1267 4128 1279 4162 :
1305 4109 1375 4163 sit
1404 4108 1596 4162 domus
1620 4149 1635 4174 ,
1665 4107 1750 4161 ubi
1782 4108 1889 4161 sint

318 4212 462 4282 pueri
506 4211 695 4265 decem
735 4213 791 4261 et
816 4218 950 4259 uxor
975 4212 1030 4257 et
1057 4202 1167 4267 vir;
1196 4213 1250 4255 et
1274 4199 1367 4254 illa
1396 4198 1613 4268 quidem
1654 4197 1887 4252 laniﬁcio

317 4301 608 4365 incumbat,
623 4298 712 4352 ille
724 4311 852 4350 vero
870 4294 937 4362 de
949 4294 1079 4348 foris
1094 4301 1385 4362 proventus
1397 4288 1584 4344 aﬂ'erat
1603 4305 1616 4341 :
1637 4288 1722 4343 die
1736 4288 1887 4353 mihi,

316 4412 382 4449 an
433 4392 508 4447 illi
558 4392 610 4445 in
653 4385 923 4444 communi
965 4384 1209 4437 viventes
1257 4390 1311 4436 et
1349 4383 1401 4434 in
1455 4396 1554 4434 una
1596 4379 1776 4444 domo,
1822 4394 1888 4432 an

317 4482 541 4554 dispersi
569 4481 688 4551 plus
730 4473 1081 4547 impendant?
1113 4472 1292 4526 Palam
1334 4479 1417 4526 est
1443 4469 1585 4541 quod
1629 4469 1876 4538 dispersi.

321 4577 449 4632 Nam
476 4575 520 4630 si
548 4573 921 4641 disperguntur
949 4564 1139 4620 decem
1167 4562 1280 4628 ﬁlii,
1308 4562 1492 4616 decem
1518 4561 1764 4616 domibus
1790 4561 1892 4615 erit

319 4682 470 4737 Opus,
504 4664 692 4720 decem
716 4660 914 4716 mensis
935 4699 951 4723 ,
980 4656 1167 4711 decem
1197 4652 1405 4707 famulis
1425 4691 1440 4717 ,
1486 4661 1788 4721 cccleroque
1817 4651 1891 4703 si-

323 4757 517 4812 militer
542 4761 818 4824 proventu.
846 4747 984 4817 Quid
1016 4760 1162 4810 vero,
1192 4744 1281 4798 ubi
1309 4758 1581 4797 servorum
1609 4750 1690 4796 est
1718 4742 1895 4795 multi-

326 4849 486 4904 tudo?
530 4859 710 4902 nonne
740 4842 858 4898 ideo
886 4855 1073 4896 omnes
1116 4836 1358 4893 eamdem
1391 4850 1628 4889 mensam
1663 4834 1891 4899 habent,

325 4957 388 4996 ne
415 4941 585 5010 major
608 4937 703 4991 ﬁat
728 4932 1008 5003 impensa?
1037 4931 1166 4985 Nam
1197 4930 1391 4984 divisio
1411 4942 1624 4997 semper
1650 4926 1899 4979 imminu—

326 5031 519 5085 tionem
551 5028 725 5099 parit;
766 5022 1053 5079 concordia
1091 5032 1145 5076 et
1171 5033 1467 5075 consensus
1488 5057 1503 5083 ,
1532 5025 1894 5086 augmentum.

326 5124 409 5178 Sic
432 5125 483 5177 in
508 5115 854 5176 monasteriis
881 5128 1023 5168 nunc
1051 5113 1240 5165 vivitur
1260 5152 1275 5178 ,
1306 5120 1364 5163 ut
1388 5109 1514 5163 olim
1544 5108 1727 5163 ﬁdeles
1752 5108 1898 5162 vive-

327 5214 466 5268 bant.
493 5212 624 5278 Quis
655 5209 800 5264 famc
826 5212 1071 5259 mortuus
1096 5202 1212 5256 est?
1240 5200 1360 5270 quis
1387 5214 1494 5253 non
1533 5199 1753 5266 copioso
1780 5198 1900 5253 cibo

330 5318 501 5375 pasms
527 5303 654 5360 est?
674 5300 830 5357 Nunc
858 5306 1035 5352 tamen
1068 5294 1169 5349 hoc
1186 5303 1195 5315 '
1211 5293 1380 5362 magis
1408 5292 1595 5346 timent
1620 5289 1862 5344 homines
1883 5330 1898 5355 ,

328 5414 479 5468 quam
508 5401 558 5453 in
589 5395 813 5468 pelagus
838 5392 1157 5446 immensum
1180 5385 1438 5439 incidere.
1465 5384 1518 5439 Si
1549 5391 1724 5438 autem
1748 5381 1906 5450 hujus

357 5532 425 5601 (α)
447 5545 556 5597 oua
587 5536 655 5587 de
680 5528 999 5601 pauperibus
1031 5520 1573 5601 Conslastieeliaeis
1598 5517 1906 5601 Plausus

328 5580 555 5651 milia;
580 5580 771 5650 similia,
792 5580 921 5641 ‘sunt
960 5589 1022 5638 iis
1045 5598 1159 5651 quae
1178 5586 1243 5634 de
1267 5580 1910 5651 pauper-ibus_Antioe_liepis

329 5638 944 5724 ῖῶιὲῖίὶὲἓῖίἮοῆιίιίε
976 5638 1196 5724 leui"
1217 5638 1907 5724 _t_es¥iﬂm:.it2t‘19.1-.E£’i

327 5699 994 5784 idiéiééiahEeEéjprcp
1021 5709 1178 5784 fuisse
1217 5718 1484 5771 pauperum
1518 5699 1769 5751 numerum
1793 5699 1911 5752 Con-

320 5772 810 5856 ειὲιιὶἷιιῖροῖἱιῖἶιιδιι)
829 5772 1132 5827 Ἁηιωειιίτλε.

1968 443 2045 497 rei
2064 442 2355 512 periculum
2373 444 2706 513 fecissemus,
2721 461 2833 502 rem
2852 446 3100 505 audacter
3115 448 3542 521 aggredercmur.

1967 539 2228 607 Quantam
2257 551 2411 612 putas
2456 541 2602 596 illam
2641 556 2760 595 esse
2784 542 3057 610 gratiam?
3101 543 3157 598 Si
3203 545 3346 598 enim
3380 555 3505 599 tunc
3530 584 3545 607 ,

1968 647 2088 686 cum
2116 634 2291 689 nullus
2320 648 2456 703 pene
2482 642 2624 688 esset
2652 632 2843 697 ﬁdelis,
2867 633 2961 688 sed
2990 634 3161 687 solum
3192 636 3290 689 tria
3318 644 3371 689 et
3395 636 3552 704 quin-

1968 739 2073 793 que
2106 725 2298 790 millia;
2337 741 2459 779 cum
2485 740 2708 790 omnes,
2737 726 2827 793 qui
2860 724 2912 778 in
2944 725 3144 778 mundo
3165 735 3337 789 erant,
3370 726 3549 780 hostes

1969 825 2189 881 essent;
2222 831 2343 870 cum
2374 830 2632 886 nusquam
2676 814 3096 870 consolationem
3139 825 3545 884 exspectarent,

1972 920 2077 964 tam
2106 921 2326 966 strenue
2358 926 2469 966 rem
2497 910 2732 980 aggressi
2763 918 2890 964 sunt
2919 927 2932 960 :
2962 918 3162 979 quanto
3184 909 3352 978 magis
3380 924 3546 974 nunc,

1970 1016 2090 1057 cum
2119 1017 2216 1072 per
2249 1002 2340 1058 Dei
2382 1003 2607 1072 gratiam
2634 1017 2727 1071 per
2753 1010 2921 1055 totum
2965 1001 3150 1056 orbem
3179 999 3364 1055 ﬁdeles
3390 1002 3550 1055 sunt?

1971 1108 2089 1164 quis
2131 1095 2238 1163 jam
2285 1104 2593 1163 superesset
2642 1093 2894 1162 gentilis?
2933 1092 3155 1156 Nullus,
3204 1091 3433 1163 opinor;
3481 1093 3551 1147 ita

1972 1199 2161 1241 omnes
2192 1187 2599 1240 attraxissemus
2630 1195 2680 1239 et
2710 1186 2863 1239 nobis
2887 1184 3345 1238 conriliassemus.
3378 1183 3551 1238 Crete-

1972 1292 2088 1331 rum
2115 1277 2159 1332 si
2189 1277 2289 1331 hac
2318 1278 2400 1330 via
2449 1276 2852 1346 progrediamur
2875 1315 2891 1339 ,
2942 1290 3034 1345 per
3082 1276 3244 1329 Deum
3289 1289 3450 1344 spero
3476 1275 3554 1329 sic

1972 1381 2085 1421 rem
2115 1366 2343 1420 futuram
2370 1380 2509 1422 esse.
2542 1366 2918 1435 Obtcmperate
2954 1364 3083 1418 mihi
3111 1373 3312 1418 tantum
3334 1406 3348 1429 ,
3381 1374 3434 1419 et
3463 1380 3555 1433 per

1972 1457 2213 1512 ordinem
2234 1473 2348 1512 rem
2376 1458 2509 1512 bene
2527 1470 2775 1526 geremus
2799 1471 2811 1508 :
2839 1468 2887 1509 et
2913 1457 2958 1511 si
2983 1456 3122 1510 Deus
3141 1456 3301 1510 vitam
3324 1455 3552 1522 dederit,

1972 1550 2136 1605 credo
2154 1550 2266 1606 fore
2291 1560 2347 1605 ut
2360 1551 2465 1604 cito
2483 1551 2533 1603 in
2553 1551 2686 1603 hanc
2705 1551 2825 1603 vita:
2842 1550 3100 1603 rationem
3119 1564 3216 1605 nos
3233 1550 3552 1620 ingeramus.

2045 1638 3117 1716 4.Contrajuramenta.«Interimlegem
3142 1642 3209 1697 de
3247 1642 3555 1712 jurameuto

1975 1733 2192 1804 implete
2214 1748 2279 1788 ac
2307 1732 2530 1788 ﬁrmiter
2558 1741 2733 1788 tenete
2756 1751 2768 1786 :
2793 1742 2847 1788 et
2870 1734 2959 1802 qui
2985 1741 3183 1801 servat,
3207 1747 3313 1787 non
3338 1747 3557 1788 servan-

1977 1835 2081 1883 tem
2110 1824 2447 1880 manifestum
2474 1823 2651 1891 faciat,
2681 1824 2885 1879 incuset
2910 1824 3361 1895 vehementerque
3385 1825 3560 1878 incre-

1976 1926 2086 1989 pet.
2119 1917 2442 1972 Prteﬁnitum
2474 1918 2616 1971 enim
2647 1923 2857 1985 tempus
2882 1930 3048 1987 prope
3075 1924 3158 1972 est
3178 1958 3193 1982 ,
3223 1925 3277 1971 et
3315 1916 3388 1970 rei
3434 1931 3557 1985 per-

1975 2008 2313 2079 quisitionem
2357 2007 2581 2072 faciam,
2628 2005 3127 2077 deprehensumque
3166 2007 3457 2077 segregabo
3507 2015 3562 2062 et

1976 2099 2273 2155 exeludam.
2308 2098 2460 2153 Absit
2490 2106 2669 2152 autem
2689 2139 2702 2163 ,
2732 2114 2800 2153 ne
2823 2100 2941 2167 quis
2971 2098 3092 2153 talis
3118 2097 3258 2168 apud
3286 2114 3384 2153 nos
3414 2099 3561 2152 inve-

1977 2191 2185 2257 niatur;
2215 2192 2307 2245 sed
2337 2204 2524 2245 omnes
2548 2200 2797 2246 accurate
2822 2189 2925 2245 hoc
2951 2199 3162 2259 pectunt
3200 2200 3409 2245 servent
3453 2191 3565 2260 spi-

1977 2283 2187 2337 rituale.
2216 2281 2288 2338 Ut
2322 2283 2464 2338 enim
2495 2282 2547 2337 iu
2588 2282 2728 2337 bello
2764 2297 2831 2337 ex
2870 2291 3069 2337 tessera
3097 2282 3486 2338 commilitones
3510 2290 3566 2338 et

1978 2375 2067 2428 alii
2094 2374 2495 2444 dignoscantur,
2527 2375 2598 2429 ita
2641 2382 2697 2429 et
2738 2389 2880 2428 nunc
2918 2372 3030 2430 ﬁat.
3059 2374 3193 2429 Nam
3236 2382 3289 2430 et
3329 2389 3469 2430 nunc
3511 2375 3565 2429 in

1979 2465 2118 2521 bello
2138 2482 2339 2532 sumus,
2364 2475 2420 2520 ut
2440 2476 2494 2521 et
2511 2465 2700 2522 fratres
2714 2466 3351 2536 agnoscamus.Quanttnn
3368 2467 3564 2521 bonum

1978 2565 2078 2614 erit
2106 2557 2259 2614 nobis
2286 2559 2388 2614 hoc
2413 2559 2746 2630 signaculum
2776 2569 2830 2613 et
2859 2559 2943 2615 hic
2974 2568 3029 2613 et
3076 2560 3127 2613 in
3156 2560 3332 2614 aliena
3367 2571 3505 2614 terra
3541 2561 3567 2614 ?

1979 2649 2152 2721 qualia
2180 2659 2303 2705 sunt
2341 2650 2454 2705 hcce
2492 2664 2637 2703 arma
2677 2649 2933 2704 adversus
2971 2650 3165 2705 diaboli
3216 2652 3569 2706 machinas‘?

1980 2744 2052 2797 Os
2076 2743 2218 2796 enim
2234 2742 2419 2810 jurare
2446 2743 2708 2805 nesciens,
2734 2742 2841 2796 cito
2866 2743 3028 2795 Deum
3057 2743 3108 2795 in
3137 2744 3383 2812 precibus
3404 2754 3571 2797 attra-

1982 2836 2093 2899 hct,
2115 2845 2168 2890 et
2183 2834 2326 2903 gravi
2349 2834 2499 2903 plaga
2521 2834 2787 2887 diabolum
2813 2832 2995 2887 feriet:
3022 2848 3081 2888 os
3098 2834 3279 2903 jurare
3300 2836 3565 2899 nesciens,

1981 2942 2080 2983 nec
2102 2925 2545 2981 contumeliosum
2576 2924 2696 2978 erit.
2729 2922 2800 2978 Ut
2829 2939 2892 2977 ex
2936 2924 3125 2989 domo,
3167 2925 3244 2979 sic
3286 2940 3351 2979 ex
3392 2924 3569 2994 lingua

1983 3017 2122 3070 hunc
2151 3016 2322 3086 ignem
2354 3014 2489 3083 ejire
2512 3055 2528 3080 ,
2571 3023 2623 3068 et
2667 3014 2807 3067 foras
2852 3015 3024 3068 trahe.
3059 3014 3132 3069 Da
3165 3016 3262 3084 ipsi
3295 3015 3486 3086 lingua:
3514 3025 3572 3069 ut

1983 3110 2194 3177 paulum
2223 3106 2491 3174 respiret,
2539 3105 2771 3159 etulcus
2816 3104 3077 3160 inﬁrmius
3119 3105 3346 3161 reddito.
3394 3106 3569 3162 Etiam

1981 3199 2224 3263 obsecro,
2276 3206 2332 3251 ut
2381 3196 2539 3250 aliam
2581 3194 2731 3249 vobis
2775 3195 3109 3265 disciplinam
3150 3197 3352 3252 tradam
3398 3215 3412 3251 :
3448 3212 3569 3251 cum

1983 3291 2121 3345 cnim
2150 3290 2249 3343 hoc
2272 3288 2503 3341 nondum
2527 3286 2864 3341 emendatum
2890 3288 2978 3351 sit,
3005 3304 3110 3342 non
3136 3289 3307 3342 ausim
3335 3288 3399 3342 ad
3425 3289 3573 3343 aliud

1981 3382 2184 3435 venire.
2214 3379 2327 3435 Hoc
2356 3394 2477 3434 cum
2506 3377 2776 3448 diligentia
2804 3393 2832 3431 a
2861 3378 3008 3432 vobis
3037 3379 3336 3449 corrigatur
3368 3396 3381 3430 :
3414 3377 3573 3446 hujus

1985 3475 2161 3544 operis
2191 3487 2407 3528 sensum
2435 3471 2659 3540 accipite
2680 3511 2695 3537 ,
2739 3478 2793 3523 et
2834 3479 2957 3523 tunc
2996 3469 3143 3523 vobis
3167 3469 3297 3524 alias
3326 3468 3572 3523 inducam

1989 3566 2167 3637 leges;
2214 3564 2321 3617 imo
2361 3578 2466 3616 non
2505 3576 2640 3631 ego,
2682 3561 2775 3615 sed
2819 3560 3078 3614 Christus.
3127 3560 3237 3614 [loc
3277 3560 3474 3614 bonum
3516 3560 3573 3615 in

1987 3658 2160 3711 anima
2191 3663 2368 3709 vestra
2400 3654 2653 3724 plantatc,
2687 3661 2738 3706 ct
2772 3652 3019 3720 paulatim
3058 3652 3331 3720 paradisus
3360 3652 3454 3706 Dei
3488 3651 3571 3707 ef-

1990 3749 2278 3812 ﬁciemiui,
2325 3747 2495 3801 multo
2535 3746 2723 3799 n‘ielior
2769 3744 2861 3798 illo
2906 3744 3033 3796 olim
3082 3743 3346 3812 paradiso.
3391 3742 3574 3813 Neque

1991 3846 2131 3901 enim
2163 3842 2299 3913 apud
2329 3856 2426 3896 nos
2452 3854 2671 3909 serpens
2708 3849 2807 3902 est,
2851 3852 3020 3907 neque
3063 3837 3224 3891 arbor
3262 3837 3533 3891 mortifera
3556 3878 3571 3902 ,

1993 3952 2163 4006 neque
2193 3933 2332 3988 aliud
2362 3932 2553 3986 simile.
2598 3930 2768 4000 Figite
2800 3930 2850 3982 in
2896 3926 3157 3998 profundo
3189 3927 3324 3982 hanc
3350 3942 3577 3982 consue-

1995 4026 2248 4081 tudinem.
2281 4023 2391 4078 lluc
2419 4023 2459 4074 si
2491 4022 2581 4074 ﬁat
2605 4062 2618 4085 ,
2666 4035 2769 4073 non
2815 4019 2965 4072 vobis
2995 4026 3196 4072 tantum
3226 4018 3579 4088 prmsentihus

1995 4116 2252 4188 proderit,
2283 4114 2377 4168 sed
2401 4113 2563 4167 etiam
2591 4111 2835 4165 omnibus
2863 4111 2951 4178 qui
2982 4110 3033 4163 in
3064 4110 3194 4163 orbe
3217 4117 3368 4172 sunt;
3396 4117 3449 4161 et
3472 4125 3577 4163 non

1996 4210 2078 4264 his
2110 4215 2334 4269 tantum,
2368 4203 2460 4257 sed
2490 4211 2539 4255 ct
2573 4202 2633 4254 iis
2665 4201 2750 4268 qui
2790 4209 2908 4267 post
2953 4198 3113 4251 futuri
3156 4208 3296 4250 sunt.
3344 4199 3580 4251 Consue-

1998 4299 2121 4354 tudo
2149 4309 2377 4364 namque
2406 4293 2545 4347 bona
2574 4292 2833 4359 ingressa,
2865 4297 2918 4343 et
2945 4289 3012 4341 ab
3041 4288 3289 4340 omnilnts
3331 4296 3539 4341 servata
3561 4327 3577 4354 ,

1998 4394 2050 4446 in
2081 4391 2233 4458 longa
2267 4385 2511 4440 transibit
2550 4391 2809 4449 tempora,
2843 4389 2897 4432 et
2942 4378 3140 4434 nullum
3174 4377 3339 4445 ipsam
3375 4387 3583 4447 tempus

1998 4480 2307 4538 exscindere
2338 4475 2550 4547 poterit.
2584 4474 2639 4527 Si
2672 4474 2733 4531 is,
2766 4472 2854 4541 qui
2885 4471 3022 4539 ligna
3052 4469 3334 4537 colligebat
3365 4469 3416 4521 in
3460 4468 3581 4521 sab-

2000 4575 2143 4635 bato,
2174 4569 2434 4639 lapidatus
2461 4567 2558 4620 fttit
2602 4563 2806 4635 (Num.
2840 4562 2928 4617 l5.
2961 4560 3060 4630 55)
3093 4579 3104 4613 :
3151 4562 3237 4629 qui
3269 4560 3583 4615 collectione

2000 4665 2088 4721 illa
2116 4664 2272 4733 longe
2297 4660 2540 4730 graviora
2567 4656 2827 4718 admittit,
2874 4662 2927 4708 et
2957 4663 3289 4723 peccatorum
3319 4653 3580 4708 sarcinam

2001 4757 2204 4827 colligit
2256 4753 2389 4825 (hoc
2428 4750 2569 4805 enim
2612 4758 2694 4803 est
2736 4747 3155 4816 juramentorum
3204 4742 3583 4817 frequentia),

2003 4852 2127 4923 quid
2157 4865 2260 4903 non
2292 4844 2524 4901 subibit?
2550 4841 2676 4912 quid
2708 4856 2810 4893 non
2844 4837 3105 4908 patietur?
3136 4838 3381 4907 Magnum
3414 4854 3441 4889 a
3477 4839 3586 4892 Deo

2005 4941 2273 5011 accipietis
2299 4936 2574 4998 auxilium,
2604 4933 2646 4986 si
2676 4931 2777 4984 hoc
2808 4928 3155 4998 pet-feceritis.
3185 4927 3238 4981 Si
3270 4926 3467 4991 dicam,
3512 4926 3586 4980 Ne

2006 5032 2323 5091 contumelia
2355 5027 2573 5089 afﬁcias,
2624 5023 2800 5078 statim
2832 5020 2960 5074 mihi
2992 5019 3223 5073 furorem
3256 5018 3308 5072 in
3353 5018 3584 5072 medium

2007 5128 2162 5183 affers
2192 5143 2205 5179 ε
2230 5124 2273 5176 si
2303 5122 2494 5183 dicam,
2524 5117 2598 5171 Ne
2626 5115 2880 5179 invideas,
2909 5114 3062 5166 aliam
3086 5127 3297 5167 causam
3328 5110 3586 5181 proferes.

2009 5222 2105 5276 llic
2136 5233 2261 5271 vero
2290 5214 2419 5268 nihil
2468 5212 2571 5265 tale
2611 5209 2774 5262 habes
2804 5205 3106 5260 dicendum.
3141 5203 3263 5258 Ideo
3292 5220 3319 5257 a
3353 5204 3590 5256 facilihus

2011 5312 2146 5379 ccepi
2175 5352 2188 5376 ,
2232 5306 2354 5378 quia
2399 5305 2453 5357 in
2501 5302 2705 5355 artibus
2746 5297 2991 5352 omnibus
3039 5298 3114 5350 sic
3156 5295 3269 5348 ﬁeri
3315 5296 3466 5349 solet.
3504 5294 3594 5348 Sic

2012 5405 2132 5476 quis
2158 5400 2223 5455 ad
2254 5398 2452 5466 majora
2482 5393 2736 5463 procedit,
2773 5406 2893 5445 cum
2922 5391 3065 5458 prius
3111 5387 3341 5442 faciliora
3388 5387 3589 5442 didicit.

2013 5496 2203 5552 Scietis
2232 5504 2386 5560 quam
2417 5488 2486 5542 sit
2515 5486 2615 5539 hoc
2656 5483 2803 5536 facile
2824 5524 2838 5545 ,
2885 5481 3097 5549 (plaudo
3129 5496 3186 5532 re
3226 5495 3320 5547 per
3352 5479 3442 5533 Dei
3468 5492 3593 5548 gra-

2017 5588 2143 5641 tiam
2174 5581 2434 5654 perfecta,
2466 5577 2620 5631 aliam
2649 5573 2960 5643 acceperitis
2987 5572 3176 5640 legem.
3207 5571 3337 5627 Date
3364 5569 3489 5625 mihi
3517 5570 3597 5623 lo-

2085 5761 2101 5792 ¹
2150 5758 2205 5808 In
2272 5771 2369 5807 uno
2438 5753 2638 5816 legitur,
2664 5751 2891 5803 adversus
2928 5748 3104 5803 diaboli
3128 5758 3287 5814 caput.
