4084 6174
464 367 533 425 39
1182 354 1240 411 S.
1279 348 1558 409 JOANNB
1592 343 2069 405 CllliYSOSTOﬂl
2107 342 2428 403 ARCHIEP.
2464 341 3002 400 COXSTANTINOP.

457 481 655 556 quandi
682 477 1048 543 ﬁduciasn,et
1068 487 1252 530 coram
1294 468 1585 541 gentilibus
1626 474 1686 522 et
1727 478 1908 521 coram
1954 460 2075 529 ιιι-κ

3654 343 3756 401 100

2158 461 2277 527 stis,
2307 460 2411 516 illis
2432 460 2593 530 longe
2609 458 2907 528 graviores,
2934 456 3026 527 qui
3055 463 3239 511 contra
3281 456 3454 512 malos
3480 457 3757 514 dat-moria:

461 545 608 638 dmis,
644 582 718 640 et,
747 570 892 643 quod
921 577 1048 624 ante
1072 564 1250 621 omnia
1293 572 1379 617 est
1404 603 1418 626 ,
1464 575 1648 617 coram
1693 558 1828 625 Deo.
1880 557 2055 613 Etiam
2154 562 2215 609 et
2238 552 2445 643 feroces
2468 548 2854 621 pugnaveritis,
2880 563 2989 601 non
3014 546 3212 643 gladio,
3235 545 3332 601 sed
3358 546 3614 643 linguae!
3642 563 3758 643 pro:

459 671 684 723 obsecro
716 681 814 736 per
839 663 1149 725 caritatem,
1178 672 1282 725 .per
1302 655 1546 710 dolorem
1578 660 1762 723 partus
1782 692 1796 717 ,
1827 664 1935 721 quo
1963 662 2057 705 vos

462 758 752 827 parturivi,
801 752 981 809 Filioli
1021 751 1139 805 mei.
1184 747 1338 815 Quod
1368 745 1609 815 sequitur
1662 758 1770 799 non
1821 741 2054 807 addam,

465 848 604 913 Qum
641 850 824 902 iterum
855 842 1120 916 parturio;
1146 854 1324 910 neque
1350 838 1522 893 dicam
1542 877 1558 902 ,
1601 835 1774 889 Donec
1816 838 2061 906 formetur

465 939 696 998 Christus
720 940 773 993 in
800 937 938 993 vobis
992 933 1133 1007 (Gal.
1159 934 1215 988 4.
1241 930 1364 1002 19).
1392 929 1571 986 Credo
1595 927 1760 991 enim,
1784 926 2057 982 Christum

465 1033 520 1089 in
554 1032 709 1087 vobis
737 1030 1022 1086 formatum
1044 1041 1195 1083 esse.
1223 1023 1331 1080 Sed
1356 1023 1458 1077 alia
1486 1020 1643 1075 vobis
1666 1019 1841 1075 dicam
1872 1035 1888 1072 :
1921 1017 2059 1071 Fra-

467 1133 569 1179 tres
611 1123 709 1178 mei
746 1122 921 1178 dilecti
956 1130 1006 1174 et
1042 1118 1345 1178 desiderati,
1392 1114 1633 1186 gaudium
1664 1120 1710 1167 et
1738 1127 1924 1166 corona
1952 1125 2062 1163 mea

468 1215 488 1285 (
512 1214 742 1283 Philipp.
769 1215 825 1269 4.
856 1212 948 1284 1).
978 1210 1195 1266 Credite
1225 1207 1352 1262 mihi
1372 1249 1387 1272 ,
1429 1221 1517 1261 me
1557 1220 1663 1259 non
1698 1204 1855 1258 aliter
1892 1202 2063 1256 dictu-

468 1323 587 1361 rum
618 1320 759 1363 esse.
793 1305 848 1362 Si
875 1304 996 1374 quis
1024 1301 1171 1357 mille
1197 1312 1426 1355 coronas
1449 1296 1624 1367 regias
1650 1293 1878 1366 gemmis
1906 1309 2064 1348 orna-

467 1406 552 1453 tas
576 1397 735 1468 capiti
764 1411 884 1452 meo
913 1409 1053 1450 nunc
1076 1394 1396 1462 imponeret,
1426 1403 1532 1443 non
1564 1388 1632 1441 ita
1658 1385 1979 1457 gauderem,
2006 1392 2066 1437 ut

468 1489 674 1560 gaudeo
704 1490 757 1545 in
782 1487 1024 1558 profectu
1050 1490 1265 1548 vestro;
1296 1482 1403 1536 imo
1432 1495 1531 1536 nec
1557 1479 1728 1549 ipsum
1774 1476 2065 1545 imperato-

470 1593 584 1634 rem
614 1581 684 1634 ita
725 1578 961 1651 gaudere
1004 1583 1154 1646 puto,
1187 1582 1246 1628 ut
1272 1587 1373 1642 ego
1401 1568 1468 1625 de
1493 1568 1645 1624 vobis
1671 1566 1898 1638 gaudeo.
1928 1562 2063 1630 Quid

474 1669 634 1725 dico?
664 1670 721 1725 Si
738 1667 986 1723 omnibus
1014 1665 1255 1720 adversis
1284 1661 1532 1733 gentibus
1564 1658 1878 1729 expugnatis
1898 1657 2068 1710 victor

476 1760 712 1824 rediret,
757 1773 823 1815 se
867 1766 1062 1828 praeter
1083 1755 1295 1812 solitam
1334 1765 1594 1808 coronam
1623 1748 1757 1803 alias
1797 1748 2068 1816 acciperet

467 1866 703 1907 coronas
718 1861 774 1907 et
793 1849 1092 1905 diademata
1108 1845 1348 1901 victoria
1382 1841 1626 1915 symbola
1646 1881 1663 1907 ,
1694 1855 1799 1897 non
1852 1847 1980 1908 pulo
2006 1836 2067 1892 il-

475 1945 587 2000 lam
615 1944 681 1998 de
706 1941 923 2012 tropaeis
939 1940 1012 1995 ita
1027 1938 1332 2011 gavisurum
1356 1949 1501 1998 esse,
1521 1942 1579 1988 ut
1604 1947 1705 2003 ego
1730 1931 1799 1987 de
1826 1930 2065 2001 profectu

472 2047 655 2092 vestro
670 2034 895 2106 gaudeo.
922 2033 1054 2089 Nam
1085 2033 1154 2086 ita
1177 2029 1412 2093 exsulto,
1440 2041 1503 2082 ac
1517 2026 1562 2081 si
1584 2025 1728 2080 mille
1739 2038 1965 2079 coronas
1986 2036 2069 2076 ca-

468 2129 581 2200 pite
596 2137 861 2198 gestarem
883 2144 899 2192 ;
929 2140 992 2179 ac
1014 2124 1136 2195 jure
1168 2122 1383 2177 merito.
1399 2119 1533 2175 Nam
1551 2119 1596 2174 si
1619 2133 1716 2189 per
1733 2116 1826 2171 Dei
1843 2116 2066 2184 gratiam

458 2219 617 2273 ~liunc
657 2232 865 2272 morem
888 2213 1253 2284 assequamini
1274 2253 1291 2278 ,
1318 2218 1605 2267 sexcentos
1644 2209 1825 2263 hostes
1848 2219 2070 2276 supera-

2158 645 2357 715 posito.
2390 642 2577 698 Videte
2604 654 2834 708 namque
2859 654 3017 709 quam
3047 639 3185 694 bene
3210 651 3326 692 rem
3354 639 3631 707 gesseritis
3651 680 3667 705 ,
3711 641 3758 695 si

2160 738 2267 793 hoc
2306 735 2613 806 perficiatis.
2656 733 2837 789 Primo
2870 747 3089 802 gravem
3127 730 3569 785 consuetudinem
3614 735 3760 787 exei-

2155 828 2346 897 distis;
2375 824 2610 882 secundo
2633 823 2826 877 malam
2853 822 3252 892 cogitationem,
3279 821 3423 877 unde
3446 823 3625 876 omnia
3654 838 3760 877 ma-

2159 920 2211 975 la
2232 960 2248 986 ,
2272 932 2471 988 nempe
2496 916 2636 987 quod
2679 914 2875 984 puteus
2909 928 3028 969 rem
3067 927 3190 968 esse
3229 912 3620 969 indill‘erentem
3662 929 3763 970 nec

2158 1010 2412 1074 noxiam;
2467 1009 2627 1063 tertio
2675 1007 2950 1069 furorem,
3004 1013 3197 1072 quarto
3242 1005 3524 1060 avaritiam
3577 1021 3594 1061 :
3644 1004 3762 1061 haec

2159 1101 2361 1171 quippe
2385 1098 2563 1153 omnia
2592 1097 2763 1168 gignit
2783 1096 3173 1166 juramentum.
3203 1095 3315 1151 lmo
3342 1111 3407 1151 ex
3436 1097 3540 1151 hoc
3565 1098 3630 1152 ad
3658 1097 3761 1152 alia

2161 1193 2300 1247 bona
2320 1205 2482 1261 opera
2507 1204 2756 1259 magnam
2779 1189 3116 1243 occasionem
3142 1188 3441 1257 accipietis.
3464 1189 3595 1244 Nam
3622 1190 3763 1244 sicut

2162 1286 2237 1342 illi
2259 1328 2273 1353 ,
2303 1286 2391 1356 qui
2416 1286 2684 1340 elementa
2711 1282 2931 1352 puerilia
2960 1281 3205 1348 discunt,
3248 1298 3356 1337 non
3392 1282 3483 1337 illa
3528 1284 3636 1337 scin
3682 1283 3760 1338 di-

2162 1387 2350 1442 scunt,
2392 1378 2483 1433 sed
2525 1392 2621 1447 per
2660 1377 2748 1430 illa
2790 1375 3041 1445 paulatim
3080 1375 3452 1447 adlegandum
3483 1377 3761 1431 instituun-

2168 1480 2294 1526 tur:
2339 1471 2417 1524 sic
2456 1479 2511 1524 et
2549 1469 2700 1524 vobis
2743 1468 2949 1522 accidet
2994 1484 3012 1518 τ
3056 1481 3168 1521 non
3210 1467 3349 1522 ultra
3389 1481 3488 1522 ws
3531 1468 3760 1536 decipiet

2164 1562 2305 1616 mala
2331 1560 2606 1629 cogitatio,
2636 1574 2810 1629 neque
2834 1558 3026 1615 dicetis
3049 1573 3158 1612 rem
3187 1572 3308 1613 esse
3329 1557 3714 1614 indill'erontem
3741 1578 3755 1625 ;

2164 1670 2272 1708 non
2300 1654 2436 1709 ultra
2472 1668 2541 1708 ex
2576 1652 2967 1708 consuetudine
3003 1651 3293 1720 loquemini
3314 1692 3329 1715 ,
3371 1650 3464 1706 sed
3505 1651 3759 1708 adversus

2164 1748 2345 1803 omnia
2386 1747 2594 1802 fortiter
2624 1746 2854 1812 stabitis,
2887 1754 2942 1798 ut
2971 1760 3066 1813 per
3091 1744 3271 1797 omnia
3297 1745 3547 1798 virtutem
3574 1760 3762 1799 serun-

2163 1840 2294 1894 dum
2323 1839 2488 1893 Deum
2518 1838 2687 1902 itaeti,
2731 1837 2947 1892 mternis
2986 1836 3140 1891 bonis
3178 1834 3460 1900 fruamini,
3499 1837 3666 1906 gratia
3705 1846 3759 1891 et

2169 1932 2494 2002 benignitate
2519 1930 2775 2000 unigeniti
2804 1928 2922 1983 Filii
2949 1928 3095 1996 ejus,
3126 1928 3340 1996 quicum
3380 1928 3521 1982 Patri
3552 1939 3605 1983 et
3648 1929 3761 1997 Spi-

2167 2027 2293 2080 ritui
2315 2035 2502 2079 sancto
2520 2023 2708 2093 gloria.
2730 2021 3036 2090 imperium,
3065 2020 3260 2088 honor,
3287 2035 3428 2076 nunc
3444 2029 3501 2076 et
3523 2035 3757 2090 semper,

2166 2127 2225 2173 et
2253 2119 2305 2172 in
2332 2116 2529 2172 sarcula
2551 2114 2897 2170 seculorum.
2924 2113 3118 2167 Amen.

478 2329 3757 2367 ____________________________________________._.._______.

1790 2414 2139 2477 HOMILIA
2182 2411 2329 2472 XII.

470 2564 606 2619 Car.
650 2563 703 2617 ι.
769 2577 822 2616 ν.
869 2560 956 2618 36.
999 2559 1190 2629 Joseph
1216 2569 1419 2627 autem,
1452 2559 1541 2630 qui
1566 2559 1945 2630 cognominatus
1986 2564 2062 2611 est

553 2654 814 2709 Barnabas
840 2655 902 2708 ab
926 2653 1169 2719 apostolis
1190 2650 1211 2724 (
1225 2651 1362 2723 quod
1389 2661 1461 2706 est
1485 2653 1865 2721 interpretatum
1884 2689 1900 2714 ,
1928 2647 2067 2718 ﬁlius

550 2746 952 2815 consolationis).
977 2744 1203 2807 Levites,
1235 2743 1454 2814 Cyprius
1479 2759 1657 2814 genere
1674 2783 1690 2809 ,
1717 2742 1806 2798 '57.
1836 2758 1949 2796 cum
1978 2742 2072 2795 Ita-

550 2836 680 2889 beret
703 2852 902 2906 agrum,
931 2834 1147 2890 vendidit
1168 2851 1301 2900 eutn,
1324 2843 1369 2888 et
1389 2833 1558 2888 attulit
1577 2835 1814 2904 pretium,
1839 2842 1885 2887 et
1902 2833 2071 2904 posuit

553 2941 666 2984 ante
694 2930 845 3001 pedes
867 2929 1233 2999 apostolorum.

554 3025 606 3079 1.
647 3022 968 3077 Narraturus
996 3020 1064 3075 de
1092 3020 1297 3074 Anania
1326 3027 1382 3075 et
1416 3018 1677 3088 Sappbira
1697 3057 1712 3082 ,
1740 3027 1799 3072 ut
1826 3016 2073 3072 ostendat

481 3113 630 3169 illmn
666 3112 718 3165 in
751 3111 1036 3164 maximum
1070 3117 1340 3178 peccatum
1378 3107 1663 3173 incidisse,
1693 3106 1838 3176 prius
1862 3121 2070 3162 memo-

482 3212 569 3259 rat
594 3216 714 3257 enm
741 3239 758 3265 ,
780 3200 871 3271 qui
904 3209 1048 3255 recte
1078 3213 1137 3254 se
1164 3206 1407 3268 gesserat
1432 3186 1449 3253 ξ
1477 3197 1599 3267 quia
1628 3211 1751 3252 cum
1783 3206 1959 3251 tantus
1986 3210 2074 3251 es-

483 3304 568 3350 set
608 3306 863 3347 numerus
900 3304 1087 3347 eorum
1112 3330 1130 3355 ,
1157 3288 1248 3359 qui
1290 3287 1363 3343 ita
1402 3287 1678 3353 fecerant,
1710 3294 1851 3341 tanta
1880 3286 2070 3357 gratia,

482 3394 627 3442 tanta
656 3384 829 3456 signa,
856 3396 886 3436 a
915 3380 1063 3437 nullo
1088 3378 1280 3435 borum
1306 3378 1623 3434 emendatus
1645 3419 1663 3446 ,
1689 3377 1786 3435 sed
1814 3377 1981 3434 semel
2004 3376 2073 3433 ab

480 3475 702 3532 avaritia
730 3479 1054 3536 excmcatus,
1080 3469 1371 3542 perniciem
1386 3467 1550 3532 capiti
1565 3484 1661 3524 suo
1685 3469 1919 3526 attraxit.
1946 3467 2074 3525 Cum

483 3567 685 3622 haberet
714 3579 934 3636 agrum;
965 3564 1043 3619 sic
1072 3561 1280 3632 inquit,
1307 3571 1367 3617 ut
1393 3559 1703 3617 ostenderet
1730 3560 1875 3616 hunc
1901 3560 2072 3617 solum

483 3659 583 3733 ipsi
620 3657 818 3718 fuisse;
859 3654 1083 3708 vendidit
1108 3663 1156 3705 et
1186 3651 1355 3705 attulit
1395 3652 1643 3723 pretium,
1675 3660 1722 3706 et
1754 3653 1920 3722 posuit
1959 3661 2078 3707 ante

483 3747 634 3818 pedes
662 3744 1025 3815 apostolorum.
1058 3745 1109 3798 1.
1151 3740 1242 3795 Vir
1269 3750 1436 3795 autem
1460 3742 1667 3812 quidam
1707 3743 1908 3797 nomine
1932 3742 2074 3797 Ana-

485 3841 621 3902 nias,
652 3854 766 3890 cum
797 3835 1059 3908 Sapphira
1090 3850 1246 3889 uxore
1273 3851 1366 3888 sua
1385 3875 1402 3902 ,
1429 3834 1648 3889 vendidit
1677 3836 2075 3907 possessionem,

485 3929 542 3987 2.
573 3937 618 3983 et
648 3926 901 3999 fraudrwit
927 3926 989 3979 de
1010 3926 1190 3994 pretio,
1222 3926 1423 3978 conscia
1446 3941 1606 3980 uxore
1628 3942 1758 3980 sua:
1788 3935 1834 3980 et
1862 3924 2079 3993 aﬂ'erens

487 4030 683 4093 portent
712 4018 982 4088 quamdam
1007 4059 1023 4085 ,
1049 4018 1117 4072 ad
1158 4017 1310 4089 pedes
1352 4019 1698 4089 apostolorum
1727 4019 1913 4090 posuit.
1947 4018 2079 4074 Illud

484 4127 650 4187 grave
675 4120 788 4166 erat
809 4151 825 4175 ,
853 4108 995 4181 quod
1037 4118 1223 4163 mutuo
1249 4124 1514 4164 consensu
1545 4108 1648 4163 hoc
1680 4107 1918 4165 facerent
1957 4124 2080 4180 pec-

487 4201 842 4267 catum,nullo
866 4201 972 4254 alio
997 4201 1237 4256 conscio.
1270 4199 1424 4256 Unde
1451 4201 1614 4256 subiit
1640 4201 1842 4258 misero
1869 4200 1971 4257 hoc
1997 4201 2080 4255 fa-

486 4295 655 4351 cere?
702 4294 755 4349 ὅ.
798 4291 940 4348 Dixit
982 4303 1149 4346 autem
1196 4290 1377 4347 Petrus
1413 4308 1433 4347 :
1458 4291 1680 4359 Anania,
1723 4309 1815 4347 cur
1857 4294 2082 4365 implevit

490 4385 713 4442 Satanas
732 4400 820 4438 cor
843 4392 1006 4449 tuum,
1023 4384 1224 4438 mentiri
1247 4393 1293 4438 te
1319 4383 1541 4456 Spiritui
1562 4394 1758 4451 sancto,
1779 4395 1827 4442 et
1838 4387 2081 4457 fraudare

489 4479 554 4534 de
598 4479 756 4546 pretio
794 4478 948 4549 agri?
988 4477 1121 4533 Vide
1150 4478 1308 4532 etiam
1349 4493 1491 4532 nunc
1529 4478 1739 4547 signum
1785 4494 2034 4551 magnum
2059 4521 2076 4548 ,

492 4570 767 4634 multoque
809 4567 982 4636 majus
1011 4568 1209 4636 priore.
1237 4570 1292 4622 ὁ.
1336 4566 1524 4622 Nonne
1552 4586 1759 4623 manens
1788 4571 1877 4625 tibi
1904 4589 2080 4627 mane-

492 4658 598 4712 bat:
625 4664 670 4710 et
696 4656 1050 4709 venumdatum
1074 4656 1129 4708 in
1155 4666 1241 4708 tua
1263 4665 1370 4709 erat
1404 4660 1685 4728 potestate?
1712 4659 1824 4714 lloc
1848 4671 1932 4716 est
1953 4702 1971 4730 ,
1997 4666 2081 4719 An

492 4746 787 4803 necessitas
812 4754 868 4798 et
894 4744 1144 4799 violentia
1169 4745 1417 4816 qumdam
1441 4750 1593 4802 erat?
1617 4765 1746 4804 num
1767 4765 1862 4806 vos
1889 4752 2082 4810 invitos

494 4835 800 4892 trahimus?
828 4833 999 4900 Quare
1025 4837 1238 4905 posuisti
1262 4837 1313 4890 in
1339 4837 1491 4892 corde
1517 4847 1603 4893 tuo
1632 4840 1763 4895 hanc
1792 4844 1933 4898 rem?
1960 4843 2082 4902 Non

493 4944 547 4983 cs
576 4926 805 4981 mentitus
831 4924 1137 4994 hominibus,
1164 4926 1251 4980 sed
1274 4926 1406 4982 Deo.
1429 4928 1483 4985 5.
1507 4930 1727 4986 Audiens
1753 4943 1921 4990 autent
1945 4937 2084 4993 Ana-

495 5019 607 5073 nias
632 5018 741 5075 Itwc
765 5014 931 5079 verba,
954 5017 1131 5071 cecidit
1151 5027 1197 5072 et
1224 5019 1517 5091 exspiravit.
1544 5020 1729 5078 Videu'
1748 5025 1887 5080 unde
1912 5029 2083 5099 majus

494 5114 707 5184 signum
738 5110 879 5166 hoc?
908 5109 1060 5178 Quod
1088 5110 1335 5176 occidat,
1367 5113 1507 5184 quod
1539 5129 1600 5170 ea
1624 5158 1641 5183 ,
1672 5133 1791 5189 quae
1822 5120 1872 5175 in
1904 5135 2085 5180 mente

495 5214 550 5259 et
576 5217 697 5273 qua:
725 5201 864 5257 clam
902 5200 1037 5258 facta
1065 5212 1210 5269 sunt,
1239 5215 1427 5260 noscat
1448 5207 1486 5261 ί.
1524 5207 1591 5261 Et
1628 5214 1794 5282 factus
1828 5225 1902 5270 est
1935 5218 2085 5274 timor

498 5311 710 5365 magnus
751 5309 904 5363 super
939 5309 1112 5349 omnes
1148 5298 1238 5365 qui
1272 5296 1563 5355 audierunt.
1596 5301 1649 5358 6.
1683 5303 1961 5377 Surgentes
1987 5328 2084 5367 au-

499 5397 595 5443 tent
622 5386 834 5455 juvenes
855 5426 869 5451 ,
903 5396 1194 5440 amaverunt
1217 5402 1332 5440 eum
1350 5427 1365 5452 ,
1392 5399 1443 5443 et
1471 5390 1734 5458 efferentes
1761 5400 2082 5467 sepelierunt.

496 5473 550 5528 7.
585 5473 800 5530 Factum
836 5485 910 5531 est
936 5486 1105 5533 autem
1129 5478 1274 5546 quasi
1303 5479 1454 5535 trium
1480 5482 1720 5541 horarum
1753 5492 2008 5559 spatium,
2039 5507 2087 5549 et

498 5578 627 5620 uxor
652 5567 809 5637 ipsius
830 5608 848 5637 ,
874 5569 1097 5626 nesciens
1125 5570 1260 5640 quod
1295 5570 1492 5644 factum
1517 5578 1722 5650 fuerat,
1753 5581 1996 5639 introivit.
2031 5585 2086 5641 8.

567 5708 586 5741 ι
609 5706 736 5778 Tres
764 5722 880 5778 mss.
914 5711 1136 5778 habent__.
1246 5708 1556 5778 ggexpiravit.
1584 5729 1602 5761 ι
1629 5715 1733 5764 Hoc
1758 5712 1946 5778 signum
1975 5726 2082 5778 ma-

507 5778 587 5827 jus
609 5772 679 5838 est
702 5769 949 5841 sanatione
966 5772 1130 5841 claudi
1144 5810 1156 5829 ,
1190 5769 1372 5841 scilicel
1400 5772 1634 5827 occidisse
1654 5781 1701 5827 ct
1725 5787 1783 5829 ea
1803 5769 2081 5841 cognovisse

510 5842 620 5892 qua:
640 5832 689 5882 in
706 5836 862 5883 mente
879 5832 1085 5884 latebant
1114 5841 1157 5886 et
1178 5838 1301 5887 clam
1320 5833 1448 5898 facta
1470 5842 1628 5889 erant.

2168 2552 2313 2608 Dixit
2337 2561 2503 2608 autem
2532 2554 2576 2608 ei
2613 2551 2799 2608 Petrus
2822 2568 2841 2608 :
2862 2552 2958 2607 Dic
2980 2553 3105 2608 mihi
3153 2554 3197 2608 si
3226 2554 3354 2608 tanti
3380 2570 3559 2625 agrum
3588 2557 3762 2610 vendi-

2172 2643 2359 2697 distis?
2388 2642 2536 2697 llane
2561 2642 2769 2698 volebat
2795 2658 3015 2699 servare
3038 2660 3052 2700 :
3077 2644 3169 2699 ille
3195 2658 3427 2715 namque
3454 2646 3557 2700 dux
3588 2644 3765 2702 fuerat

2176 2737 2399 2806 peccati.
2433 2736 2501 2790 Et
2549 2737 2671 2791 ideo
2707 2736 2933 2793 fortasse
2965 2736 3058 2792 dat
3097 2737 3174 2792 illi
3219 2747 3429 2809 tempus
3465 2741 3531 2794 ad
3576 2740 3763 2797 delen-

2173 2829 2415 2895 sionem,
2462 2837 2517 2885 et
2561 2829 2888 2900 poenitentiae
2930 2828 3259 2887 facultatem.
3300 2830 3427 2887 Ideo
3466 2832 3631 2898 dicit,
3665 2832 3764 2888 Dic

2173 2920 2300 2975 mihi
2340 2921 2386 2977 si
2424 2922 2550 2975 tanti
2590 2938 2771 2993 agrum
2798 2921 3094 2977 vendidistis
3113 2922 3140 2976 2
3167 2922 3232 2977 At
3269 2923 3361 2978 illa
3390 2923 3560 2981 dixit:
3590 2923 3764 2979 Etiam

2175 3012 2321 3065 tanti.
2354 3012 2407 3068 9.
2442 3010 2627 3066 Petrus
2670 3022 2839 3068 autent
2873 3012 2942 3067 ad
2981 3030 3090 3068 eam
3116 3030 3135 3067 :
3163 3015 3299 3081 Quid
3336 3017 3508 3087 utique
3532 3019 3763 3095 convgnit

2175 3102 2313 3158 vobis
2335 3111 2525 3157 tentare
2549 3102 2803 3173 Spiritum
2826 3114 3056 3160 sanctum
3073 3106 3100 3161 2
3124 3103 3257 3160 Ecce
3283 3107 3436 3176 pedes
3458 3124 3654 3174 eorum,
3676 3109 3763 3179 qui

2176 3195 2480 3264 sepelierunt
2511 3197 2674 3250 virum
2703 3206 2842 3250 tuum
2866 3236 2883 3263 ,
2910 3197 2981 3251 ad
3009 3200 3194 3253 ostium
3215 3239 3230 3265 ,
3260 3208 3307 3254 et
3331 3199 3540 3268 elferent
3573 3212 3640 3258 te.
3672 3203 3759 3259 10.

2177 3285 2368 3341 Cecidit
2386 3297 2553 3340 autem
2578 3288 2745 3342 statim
2765 3288 2835 3342 ad
2852 3290 3005 3361 pedes
3029 3292 3159 3360 ejus,
3180 3300 3227 3346 et
3245 3293 3537 3363 exspiravit.
3566 3294 3769 3351 Intran-

2174 3387 2252 3433 tcs
2274 3388 2440 3433 autem
2460 3381 2674 3451 juvenes
2700 3380 2995 3436 invenerunt
3016 3382 3161 3437 illam
3189 3394 3439 3440 mortuam
3456 3427 3473 3451 ,
3504 3397 3550 3440 et
3579 3387 3767 3442 elatam

2176 3468 2478 3538 sepelierunt
2510 3471 2667 3540 juxta
2702 3470 2864 3525 virum
2904 3489 3071 3547 suum.
3114 3475 3204 3529 11.
3231 3474 3299 3529 Et
3324 3476 3488 3545 factus
3516 3487 3589 3531 est
3616 3480 3770 3533 timor

2178 3576 2392 3631 magnas
2417 3560 2469 3614 in
2494 3560 2729 3616 universa
2755 3560 3006 3630 Ecclesia,
3035 3573 3082 3618 et
3108 3581 3260 3635 super
3282 3582 3457 3622 onmes
3478 3570 3566 3638 qui
3590 3570 3771 3625 audie-

2178 3662 2299 3707 runt
2338 3653 2464 3707 liter.
2497 3653 2623 3708 Post
2660 3655 2906 3711 timorem
2939 3656 3085 3711 illum
3115 3656 3270 3727 plura
3298 3658 3448 3730 signa
3477 3660 3723 3716 fecerunt
3753 3681 3766 3715 :

2178 3743 2393 3814 etquod
2426 3743 2668 3810 fecerint,
2697 3746 2844 3801 audi.
2875 3746 2962 3801 12.
2992 3746 3096 3802 Per
3115 3764 3296 3803 ntanus
3318 3760 3487 3805 autem
3507 3754 3771 3820 apostolo—

2180 3852 2298 3890 rum
2322 3836 2505 3904 fiebant
2533 3837 2679 3908 signa
2701 3847 2748 3891 et
2775 3839 3009 3909 prodigia
3036 3840 3199 3895 multa
3238 3841 3292 3895 in
3331 3842 3489 3912 plebe.
3523 3842 3591 3897 Et
3626 3855 3773 3899 erant

2181 3930 2485 3984 unanimiter
2510 3945 2680 3986 omnes
2707 3932 2762 3984 in
2786 3933 2981 4002 porticu
3007 3932 3298 3991 Salomonis
3320 3951 3339 3995 .'
3363 3937 3447 3992 15.
3473 3947 3769 3992 ceterorum

2182 4029 2353 4072 autem
2380 4035 2524 4074 nemo
2550 4021 2766 4075 audebat
2793 4039 2847 4077 se
2872 4025 3180 4096 coniungere
3201 4026 3338 4094 illis;
3359 4028 3448 4082 sed
3473 4031 3770 4100 magni/ira-

2183 4107 2268 4163 bat
2294 4125 2377 4165 eos
2402 4110 2641 4181 populus.
2663 4111 2789 4169 Jure
2813 4134 2827 4169 :
2855 4113 3043 4171 Petrus
3064 4117 3205 4171 enim
3224 4118 3334 4189 jam
3358 4121 3611 4176 terribilis
3630 4133 3769 4189 erat,

2185 4202 2431 4268 puniens,
2457 4209 2514 4257 et
2538 4218 2659 4273 quae
2686 4203 2739 4259 in
2765 4214 2947 4261 mente
2972 4217 3127 4262 erant
3151 4209 3476 4281 redarguens
3503 4230 3517 4267 :
3542 4213 3626 4267 cui
3656 4227 3772 4267 ma-

2184 4291 2265 4361 gis
2295 4291 2588 4359 luerebant,
2620 4303 2674 4350 et
2701 4304 2920 4366 propter
2944 4298 3186 4368 signum,
3214 4309 3268 4357 et
3294 4312 3513 4373 propter
3537 4305 3769 4375 priorem

2183 4383 2518 4449 concionem,
2546 4398 2610 4439 ac
2635 4387 2925 4443 secundam
2953 4389 3288 4461 tertiamque.
3318 4392 3436 4464 Ipse
3461 4410 3691 4465 namque
3714 4406 3775 4453 et

2184 4474 2414 4542 primum
2440 4474 2648 4546 signum
2681 4475 2898 4545 fecerat,
2928 4488 2984 4535 et
3008 4481 3331 4550 secundum,
3360 4494 3412 4539 et
3441 4484 3543 4540 hoc
3569 4486 3731 4541 etiam
3751 4528 3770 4555 ,

2185 4564 2326 4633 quod
2353 4565 2559 4621 videtur
2581 4567 2712 4623 mihi
2738 4585 2845 4625 non
2869 4586 3057 4637 unum,
3081 4573 3176 4628 sed
3201 4573 3396 4645 duplex
3423 4591 3578 4643 esse;
3607 4594 3772 4634 unum

2184 4657 2423 4727 quidem,
2440 4675 2503 4715 ea
2523 4676 2640 4731 qua:
2661 4663 2714 4718 in
2738 4674 2916 4721 mente
2935 4675 3089 4721 erant
3109 4666 3457 4739 redarguere;
3475 4671 3769 4727 secundum

2185 4755 2395 4812 autem,
2441 4752 2591 4829 jussu
2618 4755 2886 4811 occidere.
2917 4758 3003 4811 14.
3037 4756 3205 4829 Magis
3246 4769 3416 4815 autem
3459 4765 3773 4833 augebatur,

2186 4836 2394 4909 inquit,
2438 4841 2747 4898 credentium
2788 4846 2841 4900 in
2885 4845 3107 4903 Domino
3149 4851 3418 4907 multitudo
3456 4854 3679 4910 virorum
3712 4873 3776 4911 ac

2186 4929 2476 4993 mulierum,
2510 4932 2596 4988 15.
2632 4934 2706 4987 ita
2748 4943 2803 4989 ut
2839 4936 2893 4990 in
2933 4939 3128 5007 plateas
3167 4942 3402 5011 ejicerent
3429 4943 3661 5013 inﬁrmos
3683 4987 3699 5010 ,
3727 4956 3778 5001 et

2189 5030 2430 5090 ponerent
2454 5023 2508 5077 in
2536 5023 2734 5080 lectulis
2759 5042 2821 5079 ac
2848 5028 3074 5098 grabatis
3094 5071 3108 5094 ,
3135 5043 3191 5085 ut
3216 5036 3445 5090 veniente
3473 5033 3645 5103 Petro,
3672 5038 3783 5092 sal-

2190 5123 2288 5167 tem
2327 5115 2506 5169 umbra
2547 5116 2685 5170 illius
2723 5117 3040 5177 obumbraret
3068 5140 3366 5196 quemquam
3404 5128 3632 5186 illorum.
3666 5130 3786 5190 Hoc

2191 5206 2245 5261 in
2283 5205 2497 5261 Christo
2542 5223 2646 5263 non
2688 5208 2884 5266 factum
2929 5225 3013 5269 est
3050 5235 3064 5269 :
3099 5217 3242 5273 unde
3283 5219 3464 5275 videre
3509 5231 3592 5277 est
3639 5238 3788 5282 nunc

2191 5310 2354 5366 onere
2380 5297 2705 5368 completum
2746 5300 2799 5357 id
2823 5344 2839 5369 ,
2875 5304 3017 5374 quod
3066 5306 3153 5362 ille
3187 5307 3416 5365 dixerat.
3455 5310 3794 5380 Quodnam?

2193 5387 2293 5453 Qui
2320 5389 2474 5443 credit
2503 5390 2556 5445 in
2583 5407 2689 5459 me,
2720 5410 2876 5463 opera
2902 5414 3014 5468 qua:
3037 5415 3129 5471 ego
3159 5402 3292 5472 facio
3318 5411 3362 5457 et
3385 5404 3495 5473 ipse
3524 5405 3711 5474 faciet,
3738 5419 3799 5462 et

2190 5480 2389 5548 majora
2416 5480 2599 5536 horum
2625 5485 2775 5556 faciet
2805 5487 3004 5558 (Joan.
3041 5491 3125 5547 M.
3159 5492 3226 5547 12
3246 5494 3289 5565 ).
3323 5494 3410 5549 16.
3443 5495 3800 5552 Concurrebat

2191 5577 2358 5625 autem
2383 5578 2429 5625 et
2459 5572 2729 5631 multitudo
2752 5578 3030 5635 vicinarum
3058 5581 3317 5638 civitatum
3340 5584 3631 5641 Jerusalem
3651 5629 3667 5655 ,
3696 5590 3801 5657 af—

2192 5662 2404 5756 ferentes
2443 5680 2607 5737 wgros
2647 5679 2696 5723 et
2737 5682 2940 5729 vexatos
2980 5691 3014 5729 a
3054 5677 3315 5748 spiritibus
3358 5678 3668 5751 immundis,
3697 5693 3807 5756 qui

2192 5754 2499 5811 curabuntur
2522 5775 2715 5817 omnes.

2272 5843 2390 5902 Vita
2432 5847 2789 5921 Apostolorum
2833 5872 2894 5914 ex
2936 5860 3205 5919 contrariis
3256 5862 3610 5923 contuebatur
3660 5886 3827 5943 σηοω
