4084 6174
318 301 379 353 99
1256 296 1326 351 IN
1367 295 1553 351 ACTA
1591 295 2127 358 APOSTOLORUM.
2171 299 2406 357 HOMIL.
2450 301 2564 356 XII.

310 417 674 483 ἐπιπόθητοι,
721 413 874 483 χαρὰ
910 413 1008 467 καί
1050 413 1357 484 στέφανός
1380 429 1519 482 μου.
1546 411 1885 466 Πιστεύσατε

315 500 417 569 γάρ
448 516 560 569 μοι,
588 499 668 551 ὅτι
698 499 798 551 οὐκ
831 497 1006 558 ἄλλως
1028 497 1157 568 ἐρῶ.
1185 498 1250 550 Εἰ
1284 496 1512 565 μυρίους
1533 511 1618 558 τις
1642 494 1886 548 λιθοκολ-

310 585 496 655 λήτους
538 582 831 652 στεφάνους
865 581 1178 652 βασιλικοὺς
1207 579 1451 650 ἐπέθηκέ
1488 597 1590 648 μου
1616 581 1682 650 τῇ
1723 596 1883 646 κεφα-

309 667 371 737 λῇ
396 665 520 728 νῦν,
574 666 674 718 οὐκ
709 664 775 718 ἂν
827 664 1144 736 εὐφράνθην
1187 663 1264 726 ὡς
1295 662 1658 732 εὐφραίνομαι
1694 662 1785 714 ἐπὶ
1817 664 1885 732 τῇ

311 751 553 820 προκοπῇ
595 751 661 820 τῇ
695 748 970 820 ὑμετέρᾳ·
1025 748 1232 818 μᾶλλον
1271 745 1347 812 δέ,
1380 746 1499 798 οὐδὲ
1531 745 1622 799 τὸν
1661 745 1889 815 βασιλέα

309 838 472 902 οὓτως
497 835 650 907 οἶμαι
683 838 914 908 χαίρειν,
943 836 1020 900 ὡς
1066 835 1179 904 ἐγὼ
1221 837 1306 904 ἐφ’
1333 835 1480 904 ὑμῖν.
1517 834 1582 887 Τί
1613 833 1788 902 λέγω;
1821 835 1887 888 Εἰ

310 925 512 978 πάνταα
538 926 607 979 τὰ
639 925 769 994 ἔθνη
798 925 868 978 τὰ
891 923 1232 993 πολεμοῦντα
1272 921 1421 992 αὐτῷ
1458 922 1688 991 νικήσας
1717 923 1885 975 ἐπαν-

306 1008 451 1077 ἦλθε,
481 1009 576 1061 καὶ
607 1008 704 1061 τοῦ
753 1006 1142 1077 νενομισμένου
1207 1006 1475 1072 στεφάνου
1512 1003 1727 1067 πλείους
1767 1003 1885 1056 ἐτέ-

308 1109 428 1162 ρους
457 1091 616 1144 ἔλαϐε
650 1091 967 1159 στεφάνους,
1005 1090 1099 1144 καὶ
1118 1089 1278 1160 ἕτερα
1298 1087 1604 1159 διαδήματα
1643 1086 1704 1140 σύ
1713 1086 1884 1157 μὸολα

304 1175 397 1245 τῆς
435 1176 616 1247 νίκης,
666 1175 768 1229 οὐκ
807 1173 873 1227 ἂν
909 1173 1070 1229 αὑτὸν
1115 1173 1288 1235 οὕτως
1345 1168 1501 1241 οἶμαι
1537 1170 1750 1242 χαίρειν
1790 1171 1884 1223 ἐπὶ

301 1261 410 1321 τοῖς
440 1258 748 1330 τροπαίοις,
774 1256 850 1320 ὡς
876 1255 985 1324 ἐγὼ
1012 1255 1105 1308 ἐπὶ
1133 1256 1200 1326 τῇ
1234 1257 1490 1326 προκοπῇ
1522 1257 1587 1324 τῇ
1616 1251 1878 1324 ὑμετέρᾳ.

303 1341 518 1413 Ὠσπερ
569 1341 680 1413 γὰρ
739 1339 962 1411 μυρίους
1001 1338 1301 1407 στεφάνους
1357 1338 1451 1391 ἐπὶ
1487 1336 1587 1408 τῆς
1633 1335 1881 1406 κεφαλῆς

298 1428 461 1499 ἔχων,
481 1428 657 1490 οὕτως
681 1426 984 1497 ἀγάλλομαι
1003 1441 1018 1458 ·
1044 1427 1140 1479 καὶ
1169 1424 1521 1488 εἰκότως.“Αν
1538 1423 1646 1494 γὰρ
1679 1425 1745 1493 τῇ
1781 1422 1877 1475 τοῦ

296 1514 434 1568 Θεοῦ
475 1517 657 1588 χάριτι
687 1514 845 1568 τοῦτο
874 1514 1002 1584 ὑμῖν
1033 1511 1358 1583 κατορθωθῇ
1388 1511 1448 1564 τὸ
1481 1509 1624 1575 ἔθος,
1651 1509 1882 1581 μυρίους

295 1603 620 1672 νενικήκατε
652 1601 937 1672 πολέμους,
967 1600 1060 1654 καὶ
1091 1597 1272 1670 πολλῷ
1309 1597 1720 1668 χαλεπωτέρους
1737 1596 1879 1650 ἐκεί-

295 1705 384 1742 νου
407 1706 420 1717 ·
445 1689 579 1760 πρὸς
612 1690 867 1760 δαίμονας
910 1689 1181 1758 πονηροὺς
1202 1729 1217 1753 ,
1254 1686 1394 1755 πρὸς
1423 1685 1730 1756 ἀλάστορας
1769 1702 1872 1738 πα-

295 1775 576 1840 λαίσαντες
615 1777 707 1831 καὶ
742 1775 1134 1847 μαχεσάμενοι,
1167 1774 1227 1827 06
1261 1773 1352 1826 διά
1400 1772 1704 1844 μαχαίρας,
1736 1771 1872 1826 ἀλλά

294 1855 379 1907 διὰ
401 1855 648 1926 γλώττης
678 1857 772 1910 καὶ
800 1854 1194 1926 προαιρέσεως.
1222 1853 1365 1924 Ὅρα
1391 1853 1517 1925 γὰρ,
1553 1852 1653 1903 ὅσα
1683 1867 1874 1921 κατορ·

296 1937 498 2004 θοῦται,
537 1939 630 1992 ἐάν
653 1939 761 2012 ἄρα
781 1939 876 1992 καὶ
895 1937 1303 2009 κατορθώσητε.
1335 1935 1582 2008 Πρῶτον,
1609 1934 1690 1987 ὅτι
1714 1935 1872 2006 συνή-

297 2044 320 2071 ⁸
354 2042 468 2094 Mss.
501 2045 699 2106 quidam
738 2045 809 2108 ἐφ’
845 2044 974 2107 ὑμῖν,
1023 2043 1066 2092 εἴ
1107 2060 1178 2100 τις
1215 2042 1386 2091 πάντα.

3473 311 3574 365 100

1991 416 2142 471 θειαν
2167 417 2410 489 χαλεπὴν
2437 418 2738 471 ἐκκόπτετε
2760 435 2772 449 ·
2806 419 3076 490 δεύτερον,
3117 419 3375 491 λογισμὸν
3400 438 3571 495 πονη-

1992 505 2110 577 ρὸν,
2163 508 2258 560 καὶ
2295 507 2416 561 ὅθεν
2461 508 2643 561 πάντα
2672 508 2740 561 τὰ
2781 507 2954 572 κακὰ,
3004 508 3082 578 τῷ
3110 509 3396 579 νομίζεινιι
3427 511 3575 570 ἀδιάρ

1988 606 2154 660 φορον
2182 585 2322 644 εἶναι
2358 591 2420 645 16
2453 593 2687 662 πρᾶγμα
2717 591 2812 644 καὶ
2839 589 3006 660 μηδὲν
3037 590 3300 660 βλάπτειν
3319 608 3334 624 ·
3363 593 3570 663 τρίτον,

1986 675 2078 728 τὸν
2105 675 2300 746 θυμόν·
2323 675 2606 749 τέταρτον,
2630 675 2728 747 τὴν
2763 675 3203 746 φιλοχρηματίαν
3221 693 3235 706 ·
3259 679 3437 732 πάντα
3463 679 3576 749 γὰρ

1985 758 2158 813 ταῦτα
2194 761 2224 812 6
2254 760 2414 830 ὅρκος
2450 760 2644 815 τίκτει.
2683 759 2845 812 Ἀλλὰ
2873 758 2980 812 ἀπὸ
3009 757 3199 812 τούτου
3242 761 3339 813 καὶ
3384 763 3463 823 είς
3500 763 3571 816 τά

1986 842 2122 897 ἄλλα
2139 844 2544 917 κατορθώματα
2576 844 2811 915 λήψεσθε
2838 841 3040 912 πολλὴν
3067 843 3348 914 ἀφορμήν.
3414 845 3567 899 Kuh-

1987 926 2130 997 άπερ
2159 927 2268 998 γὰρ
2304 929 2352 982 οἰ
2384 928 2451 982 τὰ
2498 930 2739 999 στοιχεῖα
2789 925 3156 997 μανθάνοντες
3175 925 3288 978 τῶν
3325 928 3532 982 παίδων
3552 971 3567 994 ,

1984 1011 2084 1064 οὐκ
2118 1013 2301 1064 ἐκεῖνα
2344 1011 2482 1082 μόνα
2525 1011 2908 1082 μανθάνουσιν,
2940 1007 3056 1062 ἀλλ’
3085 1009 3143 1061 ἐν
3177 1009 3409 1073 ἐκείνοις
3438 1030 3567 1066 παι-

1983 1093 2224 1148 δεύονται
2247 1095 2388 1148 κατὰ
2407 1095 2604 1166 μικρὸν
2624 1091 3022 1162 ἀναγινώσκειν
3042 1108 3054 1121 ·
3080 1090 3198 1164 [96]
3223 1091 3367 1146 οὕτω
3389 1093 3454 1165 δὴ
3475 1096 3570 1148 καὶ

1985 1179 2141 1248 ὑμεῖς
2163 1192 2178 1207 ⁸
2197 1179 2296 1232 οὐκ
2324 1179 2405 1232 ἔτι
2430 1178 2615 1232 λοιπὸν
2646 1178 2790 1248 ὑμᾶς
2819 1179 2847 1230 6
2877 1177 3112 1246 πονηρὸς
3135 1176 3397 1246 λογισμὸς
3426 1179 3570 1231 ἀπα-

1982 1263 2156 1331 τήσει,
2193 1262 2315 1315 οὐδέ
2354 1262 2550 1333 ἐρεῖτε,
2573 1261 2652 1313 ὅτι
2699 1259 3016 1332 Ἀδιάφορόν
3046 1261 3162 1312 ἐστι
3190 1259 3332 1322 τόδε,
3363 1259 3465 1313 οὐκ
3487 1261 3569 1313 ἔτι

1981 1351 2048 1418 τῇ
2085 1345 2342 1418 συνηθείᾳ
2376 1345 2694 1415 φθέγξεσθε,
2728 1345 2864 1399 ἀλλά
2889 1343 3022 1415 πρὸς
3049 1344 3267 1398 ἅπαντα
3299 1345 3569 1415 στήσεσθε

1980 1432 2244 1500 γενναίως
2265 1443 2314 1495 ο,
2338 1432 2424 1484 ἵνα
2441 1431 2529 1484 διὰ
2557 1431 2772 1485 πάντων
2789 1428 2888 1501 τὴν
2916 1430 3061 1484 κατά
3102 1431 3236 1484 θεὸν
3260 1430 3464 1500 ἀρετὴν
3493 1431 3567 1482 δι-

1979 1515 2294 1580 ανύσαντες,
2323 1513 2430 1567 τῶν
2451 1513 2684 1568 αἰωνίων
2710 1512 3057 1582 ἀπολαύσητε
3097 1512 3341 1580 ἀγαθῶν,
3383 1512 3570 1585 χάριτι

1979 1599 2076 1653 καὶ
2107 1595 2487 1667 φιλανθρωπίᾳ
2536 1593 2630 1648 τοῦ
2684 1593 3006 1664 μονογενοῦς
3039 1593 3207 1647 αὑτοῦ
3245 1593 3377 1646 Υίοῦ
3399 1633 3414 1656 ,
3445 1592 3565 1663 μεθ’

1973 1677 2034 1736 οὗ
2062 1679 2142 1751 τῷ
2169 1679 2377 1751 Πατρὶ,
2412 1679 2530 1748 ἅμα
2555 1675 2634 1748 τῷ
2658 1676 2800 1746 ἁγίῳ
2825 1675 3128 1747 Πνεύματι,
3158 1675 3309 1743 δόξα,
3337 1677 3561 1747 κράτος,

1973 1767 2128 1838 τιμὴ.
2184 1765 2279 1819 νῦν
2304 1763 2399 1817 καὶ
2429 1762 2538 1830 ἀεὶ,
2574 1762 2669 1816 καὶ
2697 1763 2780 1825 εἰς
2804 1763 2931 1825 τοὺς
2956 1760 3157 1824 αἰῶνας
3189 1760 3300 1816 τῶν
3321 1761 3559 1816 αἰώνων.

1987 1851 2182 1921 Ἀμήν.

2037 1967 2066 2007 δ
2106 1969 2242 2047 [guns
2262 1969 2332 2032 τῷ
2373 1968 2437 2032 μή
2463 1967 2685 2031 νομίζειν.
2754 1969 2778 1999 ο
2799 1965 2939 2017 Idem
2964 1965 3080 2029 πρὸς
3105 1965 3293 2014 ἅπαντα
3315 1962 3558 2026 φθέγξεσθε

1977 2049 2218 2095 γενναιως.

305 2145 3530 2180 __________________________________________.____________

1751 2219 1996 2273 OMIAIA
2030 2213 2132 2267 IB'.
3241 2204 3253 2213 ’

300 2313 514 2382 Ἰωσὴφ
540 2326 565 2354 α
593 2313 660 2367 δὲ
689 2316 722 2368 ό
744 2315 1086 2383 ἐπικληθείς
1107 2314 1418 2382 Βαρνάϐας
1441 2315 1558 2368 ὑπὸ
1593 2313 1712 2367 τῶν
1729 2313 1870 2367 ἀπο·

353 2387 596 2455 στόλων
631 2385 688 2455 (ὅ
717 2385 848 2439 ἐστι
881 2387 1514 2455 μεθερμηνευόμενονν
1531 2384 1660 2450 υίὸς
1685 2399 1870 2455 παρα-

353 2387 596 2438 στόλων
631 2385 688 2521 ()6
717 2385 848 2439 ἐστι
881 2387 1501 2455 μεθερμηνευόμενον,⁴
1531 2385 1660 2450 υίὸς
1685 2399 1868 2452 παρα-

353 2453 634 2523 κλήσεως
653 2494 690 2540 ν,
720 2455 995 2540 ᾼευίτης,
1037 2457 1298 2540 Κύπριος
1340 2454 1426 2540 τῷ
1452 2454 1608 2524 γένει
1622 2496 1645 2540 ι,
1673 2453 1868 2533 ὑπείρ-

353 2541 575 2590 χοντος
598 2524 758 2589 αὐτῷ
783 2525 986 2593 ἀγροῦ,
1016 2523 1309 2592 πωλήσας
1329 2523 1546 2594 ἤνεγκε
1575 2525 1640 2578 τὸ
1667 2523 1870 2593 χρῆμα

350 2606 454 2659 καὶ
486 2607 662 2675 ἔθηκε
694 2608 855 2676 παρὰ
883 2607 1025 2676 τοὺς
1051 2607 1242 2674 πόδας
1268 2607 1387 2661 τῶν
1413 2607 1795 2662 ἀποστόλων.

350 2689 420 2742 α’.
445 2690 646 2744 Μέλλει
682 2690 987 2760 διηγεῖσθαι
1009 2690 1070 2744 16
1103 2690 1246 2744 κατά
1285 2689 1538 2744 Ἀνανίαν
1568 2688 1753 2741 λοιπὸν
1775 2687 1868 2741 καὶ

282 2772 638 2843 Σάπφειραν,
697 2775 792 2827 καὶ
834 2773 1004 2827 θέλων
1055 2773 1224 2839 δεῖξαι
1267 2773 1358 2826 τὸν
1403 2773 1574 2844 ἄνδρα
1621 2773 1870 2844 χείριστα

279 2855 666 2926 ἡμαρτηκότα,
703 2855 922 2928 πρώτου
970 2856 1245 2927 μέμνηται
1272 2855 1366 2908 τοῦ
1405 2853 1864 2924 κατωρθωκότος·

280 2937 360 2989 ὅτι
398 2938 660 2991 τοσούτου
684 2937 920 3009 πλήθους
942 2938 1093 3002 ὄντος
1108 2937 1203 2990 τοῦ
1229 2937 1400 2991 ταῦτα
1417 2937 1713 2999 ποιοῦντος,
1743 2950 1867 2988 τοσ-

278 3019 455 3090 αύτης
484 3021 732 3092 χάριτος,
760 3020 1034 3074 τοσούτων
1092 3021 1356 3091 σημείων,
1390 3020 1488 3089 οὐχ
1533 3019 1625 3071 ὑπ’
1657 3017 1869 3081 οὐδενὸς

277 3103 493 3156 τούτων
522 3102 827 3173 διωρθώθη,
864 3102 1000 3156 ἀλλά
1045 3101 1302 3166 καθάπαξ
1343 3101 1447 3155 ὑπὸ
1474 3103 1574 3171 τῆς
1609 3101 1867 3172 φιλοχρη-

279 3186 490 3257 ματίας
521 3184 852 3254 τυφλωθεὶς,
892 3185 985 3239 τὸν
1033 3183 1253 3254 ὃλεθρον
1282 3185 1488 3238 ἐκεῖνον
1519 3184 1867 3237 ἐπεσπάσατο

277 3273 338 3340 τῇ
363 3267 573 3322 ἐαυτοῦ
604 3268 835 3338 κεφαλῇ.
875 3267 1288 3338 ’Υπάρχοντος
1327 3265 1486 3332 αὐτῷ
1525 3267 1711 3336 ἀγ·ροῦ
1733 3283 1746 3296 ·
1772 3267 1864 3321 οὖ-

278 3371 381 3416 τως
405 3350 590 3421 εἶπεν,
613 3351 808 3424 δηλῶν,
837 3351 914 3406 ὅτι
939 3351 1126 3405 τοῦτον
1155 3351 1316 3423 μόνον
1341 3351 1604 3421 ἐκέκτητο
1621 3367 1634 3383 ο
1665 3350 1867 3420 πωλή-

279 3453 390 3503 σας
421 3436 645 3505 ἤνεγκε
671 3434 738 3489 τὸ
761 3434 982 3506 χρῆμα,
1006 3433 1105 3488 καί
1125 3433 1302 3503 ἔθηκε
1323 3434 1484 3503 παρὰ
1506 3434 1648 3500 τοὺς
1673 3433 1864 3501 πόδας

278 3521 392 3574 τῶν
423 3521 814 3576 ἀποστόλων.
854 3517 1036 3588 Ἀνὴρ
1062 3518 1130 3573 δέ
1155 3536 1246 3585 τις
1276 3519 1519 3587 ὀνόματι
1559 3518 1860 3584 Ἀνανίας,

280 3605 397 3658 σὺν
413 3603 730 3672 Σαπφείρςι
750 3601 826 3671 τῇ
848 3601 1086 3672 γυναικὶ
1108 3600 1318 3666 αὐτοῦ,
1343 3600 1624 3667 ἐπώλησε
1645 3597 1862 3669 κτῆμα,

281 3688 373 3741 καὶ
412 3686 794 3755 ἐνοσφίσατο
829 3685 948 3740 ἀπὸ
981 3683 1094 3753 τῆς
1131 3684 1326 3754 τιμῆς,
1373 3683 1725 3750 συνειδυίας
1769 3682 1864 3737 καί

281 3769 384 3838 τῆς
422 3770 712 3840 γυναικός
735 3787 748 3800 ·
783 3770 881 3822 καὶ
908 3768 1161 3838 ἐνέγκας
1191 3766 1373 3836 μέρος
1410 3785 1487 3834 τι,
1528 3767 1689 3835 παρά
1721 3765 1864 3832 τοὺς

281 3852 467 3918 πόδας
490 3849 614 3904 τῶν
650 3851 1009 3906 ἀποστόλων
1035 3849 1231 3918 ἔθηκε.
1273 3849 1347 3902 T6
1383 3849 1575 3914 δεινὸν,
1609 3850 1692 3903 ότι
1726 3847 1867 3920 μετά

284 3933 737 4004 συγκαταθέσεως
766 3935 799 4005 ἡ
833 3932 1097 4004 ἁμαρτία,
1128 3932 1224 3986 καὶ
1247 3931 1422 3997 οὐδεὶς
1447 3933 1632 4002 ἔτερος
1657 3927 1772 4001 ᾔδει
1803 3930 1865 3984 16

281 4020 592 4090 γενόμενον.
636 4018 805 4071 Πόθεν
852 4017 1053 4087 ἐπῆλθε
1089 4015 1166 4088 τῷ
1201 4014 1533 4087 ταλαιπώρῳ
1563 4014 1738 4087 τούτῳ
1770 4015 1864 4070 καὶ

284 4102 445 4174 ἀθλίῳ
522 4100 686 4154 τοῦτο
755 4099 1120 4171 ἐργάσασθαι;
1176 4099 1324 4154 Εἷπε
1391 4098 1460 4152 δὲ
1505 4100 1540 4152 ό
1602 4098 1860 4167 Πέτρος·

283 4183 528 4240 Ἀνανία
549 4226 563 4251 ,
596 4183 693 4238 διὰ
723 4184 782 4237 τί
813 4183 1167 4253 ἐπλήρωσεν
1211 4185 1244 4238 d
1278 4180 1550 4247 Σατανᾶς
1582 4181 1695 4250 τὴν
1724 4198 1865 4250 καρ-

281 4267 412 4322 δίαν
443 4287 566 4324 σου
588 4268 934 4338 ψεύσασθαί
969 4283 1043 4322 σε
1068 4263 1134 4321 τὸ
1161 4267 1406 4336 Πνεῦμα
1436 4266 1500 4320 τὸ
1527 4265 1719 4334 ἅγιον,
1763 4266 1866 4320 καί

283 4353 696 4421 νοσφίσασθαι
739 4351 858 4406 ἀπὸ
907 4349 1018 4420 τῆς
1051 4349 1229 4418 τιμῆς
1280 4350 1386 4403 τοῦ
1436 4348 1692 4418 χωρίου;
1723 4348 1866 4419 Ὅρα

285 4437 370 4489 καὶ
397 4437 492 4490 νῦν
531 4437 674 4506 μέγα
717 4435 941 4505 σημεῖον
990 4433 1278 4502 γενόμενον
1302 4470 1317 4494 ,
1354 4431 1449 4485 καὶ
1481 4429 1662 4500 πολλῷ
1703 4429 1865 4486 πλέον

286 4519 486 4573 ἐκείνου
534 4519 629 4571 τοῦ
671 4517 963 4587 προτέρου.
995 4514 1141 4582 Οὐχὶ
1178 4513 1368 4584 μένον
1405 4514 1504 4568 σοί
1547 4515 1741 4583 ἔμενε,
1766 4513 1864 4569 καί

286 4604 504 4671 πραθὲν
542 4602 641 4655 ἐπὶ
667 4601 741 4669 τῇ
768 4599 855 4669 σῇ
884 4598 1136 4666 ἐξουσίᾳ
1155 4595 1393 4666 ὑπῆρχε
1403 4612 1424 4662 ;
1445 4595 1706 4651 Τουτέστι
1730 4636 1744 4663 ,
1770 4598 1863 4670 Μὴ

287 4686 385 4757 γὰρ
409 4687 632 4754 ἀνάγκη
681 4703 763 4749 τις
799 4681 868 4756 ἦν
914 4683 1008 4737 καὶ
1039 4681 1164 4752 βία;
1199 4682 1275 4752 μὴ
1303 4679 1412 4753 γὰρ
1458 4681 1691 4745 ἄκοντας
1720 4682 1865 4753 ὑμᾶς

287 4769 507 4842 ἕλκομεν
532 4770 621 4836 ;Τί
649 4770 736 4824 ὅτι
758 4771 900 4824 ἔθου
919 4770 990 4823 ἐν
1012 4765 1087 4837 τῇ
1121 4764 1338 4834 καρδίᾳ
1360 4781 1478 4821 σου
1519 4763 1587 4818 τὸ
1625 4764 1866 4837 πρᾶγμα

290 4854 494 4917 τοῦτο;
561 4855 683 4906 Οὐκ
729 4853 971 4920 ἐψεύσω
1003 4849 1368 4919 ἀνθρώποις,
1411 4847 1574 4904 ἀλλὰ
1610 4847 1689 4914 τῷ
1725 4847 1866 4916 Θεῷ.

300 4936 561 4992 Ἀκούων
581 4935 650 4989 δὲ
673 4938 706 4990 ό
742 4936 1023 5002 Ἀνανίας
1051 4933 1192 5000 τοὺς
1218 4933 1442 5004 λόγους
1470 4932 1742 4998 τούτους,
1767 4948 1873 4986 πεο

291 5021 409 5075 σὼν
435 5018 768 5088 ἐξέψυξεν.
844 5019 1028 5089 Ὁρᾷς,
1077 5019 1240 5071 πόθεν
1293 5013 1479 5088 μεῖζον
1531 5014 1592 5069 τὸ
1645 5018 1871 5087 σημεῖον

291 5105 467 5173 τοῦτο;
516 5103 657 5158 Ἀπὸ
698 5100 794 5156 τοῦ
845 5100 1075 5164 ἀνελεῖν,
1125 5101 1234 5154 ἀπὸ
1259 5099 1354 5154 τοῦ
1398 5099 1469 5153 τά
1497 5100 1555 5154 ἐν
1601 5098 1809 5171 διανοίᾳ
1841 5098 1870 5140 ι)

293 5187 497 5252 εἰδέναι,
539 5188 638 5240 καὶ
663 5185 731 5240 τά
760 5184 935 5255 λάθρᾳ
963 5183 1240 5251 γεγονότα.
1291 5182 1555 5253 Ἐγένετο
1587 5181 1655 5236 δὲ
1684 5184 1870 5251 φόϐος

289 5267 462 5338 μέγας
490 5269 596 5323 έπί
641 5268 875 5332 πάντας
907 5267 1051 5332 τοὺς
1083 5266 1415 5331 ἀκούοντας
1450 5265 1656 5320 ταῦτα.
1700 5265 1868 5320 Ἀνα-

292 5351 540 5417 στὰντες
580 5350 648 5403 δὲ
677 5353 732 5404 οί
773 5349 1045 5418 νεώτεροι
1069 5347 1472 5404 συνέστειλαν
1514 5346 1700 5402 αὐτὸν
1724 5389 1738 5413 ,
1768 5345 1868 5400 καὶ

294 5432 714 5506 ἐξενέγκαντες
736 5432 992 5502 ἔθαψαν.
1028 5429 1290 5501 Ἐγένετο
1316 5429 1384 5483 δὲ
1405 5431 1486 5495 ὡς
1511 5427 1678 5499 ὡρῶν
1694 5429 1871 5498 τριῶν

295 5513 610 5586 διάστημα,
634 5516 733 5570 καὶ
760 5517 798 5582 ἡ
828 5513 983 5584 γυνὴ
1003 5512 1190 5569 αὐτοῦ
1204 5511 1291 5583 μὴ
1319 5512 1509 5566 εἰδυῖα
1535 5512 1601 5565 τὸ
1627 5512 1871 5582 γεγονὸς

296 5598 595 5667 εἰσῆλθεν.
635 5599 939 5666 Ἀπεκρίθη
965 5597 1034 5650 δὲ
1058 5594 1212 5664 αὐτῇ
1239 5597 1272 5649 ό
1294 5593 1517 5662 Πέτρος
1535 5608 1548 5622 ·
1583 5594 1729 5647 Εἰπέ
1745 5613 1868 5662 μοι,

296 5681 341 5732 εί
368 5683 667 5736 τοσούτου
701 5681 767 5735 τὸ
788 5681 1004 5748 χωρίον
1024 5677 1358 5742 ἀπέδοσθε;
1387 5676 1603 5745 Ταύτην
1624 5675 1872 5730 ἐϐούλετο

352 5779 375 5807 ⁸
399 5779 567 5830 Codex
591 5791 720 5851 ungs
752 5777 936 5848 ’Iwgﬁc.
1002 5775 1031 5846 ξ
1071 5775 1196 5827 Tres
1236 5774 1432 5848 cogices
1455 5774 1657 5882 éEévrsz.
1701 5772 1856 5823 Τοῦτο

352 5837 520 5882 {Imm-6
545 5855 746 5882 αιηυιιον
765 5854 854 5882 του
874 5840 1052 5882 γωλου-
1079 5838 1136 5882 τὸ
1162 5837 1359 5882 ἀνελειν.
1397 5837 1481 5882 καὶ
1504 5851 1531 5882 τ
1569 5870 1582 5882 .
1608 5835 1687 5882 vel
1710 5835 1783 5882 16.
1807 5836 1855 5882 ἐν

419 5840 520 5905 ντὸ
545 5839 746 5905 σημεῖον
765 5837 854 5887 τοῦ
874 5835 1053 5900 χωλοῦ,
1079 5838 1136 5888 τὸ
1162 5836 1359 5900 ἀνελεῖν,
1397 5837 1481 5885 καὶ
1504 5835 1582 5895 τὰ,
1608 5835 1687 5886 vel
1710 5835 1783 5886 16.
1807 5836 1855 5885 ἐν

325 5900 491 5968 ιανοίᾳ.

1974 2311 2176 2364 σῶσαι·
2210 2309 2416 2370 ἐκεῖνος
2442 2306 2552 2377 γὰρ
2575 2299 2643 2375 ἦν
2666 2306 2693 2358 6
2725 2302 2966 2375 ἀρχηγὸς
2995 2302 3091 2371 τῆς
3121 2300 3410 2372 ἁμαρτίας.
3449 2300 3563 2353 Καὶ

1969 2393 2058 2448 διὰ
2089 2392 2246 2446 τοῦτο
2275 2391 2410 2461 αὐτῇ
2444 2389 2622 2444 δίδωσι
2649 2387 2791 2457 τάχα
2822 2385 3012 2456 καιρὸν
3039 2383 3154 2458 [97]
3192 2381 3488 2452 ἀπολογίας
3506 2392 3562 2447 ο,

1969 2477 2066 2530 καὶ
2099 2475 2348 2540 ἐξουσίαν
2377 2472 2684 2544 μετανοίας.
2719 2471 2810 2524 Διὸ
2840 2471 2936 2524 καὶ
2957 2468 3104 2538 λέγει
3127 2483 3140 2499 ·
3183 2465 3330 2522 Εἰπέ
3349 2482 3472 2536 μοι,
3505 2467 3561 2520 ει

1968 2561 2265 2616 τοσούτου
2299 2558 2366 2612 τὸ
2415 2556 2633 2625 χωρίον
2659 2552 3012 2617 dat-560008;
3053 2551 3128 2605 Ἠ
3155 2549 3224 2604 δὲ
3259 2550 3410 2614 εἷπε,
3442 2549 3561 2604 Ναὶ

1967 2643 2284 2698 τοσούτου.
2328 2641 2385 2691 Ὁ
2411 2639 2479 2693 δὲ
2510 2637 2731 2705 Πέτρος
2763 2633 2892 2690 εἷπε
2925 2633 3074 2702 πρὸς
3111 2632 3306 2701 αὐτήν
3325 2652 3338 2664 ο
3382 2633 3445 2687 Τί
3467 2632 3559 2686 ὅτι

1969 2721 2370 2792 συνεφωνήθη
2397 2719 2538 2789 ὑμῖν
2569 2717 2850 2785 πειρᾶσαι
2880 2717 2945 2770 τὸ
2981 2715 3225 2784 Πνεῦμα
3255 2713 3322 2767 τὸ
3352 2714 3560 2782 (irier;

1981 2807 2136 2863 Ἰδοὺ
2163 2809 2217 2860 οἱ
2249 2804 2430 2866 πόδες
2457 2800 2575 2854 τῶν
2602 2799 2924 2868 θαψάντων
2960 2798 3067 2851 τὸν
3096 2797 3286 2865 ἄνδρα
3313 2811 3428 2850 σου
3459 2797 3560 2850 ἐπὶ.

1969 2889 2044 2958 τῇ
2070 2890 2239 2957 θύρᾳ,
2271 2885 2371 2940 καὶ
2391 2883 2705 2948 ἐξοίσουσί
2733 2897 2827 2935 σε.
2858 2879 3167 2934 Ἔπεσεδὲ
3197 2876 3560 2948 παραχρῆμα

1971 2971 2130 3040 παρὰ
2159 2971 2300 3036 τοὺς
2332 2967 2521 3033 πόδας
2545 2963 2751 3030 αὐτοῦ,
2776 2963 2871 3017 καί
2890 2961 3211 3030 ἐξέψυξεν.
3240 2963 3562 3015 Εἰσελθόν-

1969 3073 2067 3123 τες
2085 3054 2153 3108 δὲ
2175 3057 2230 3108 oi
2256 3051 2567 3108 νεανίσκοι
2589 3044 2772 3115 εὗρον
2792 3045 2988 3113 αὐτὴν
3007 3045 3246 3114 νεκρὰν,
3273 3041 3371 3097 καί
3395 3043 3561 3108 ἐξεν-

1966 3140 2249 3210 έγκαντες
2310 3136 2546 3202 ἔθαψαν
2601 3131 2752 3199 πρὸς
2801 3129 2910 3182 τὸν
2960 3129 3149 3195 ἄνδρα
3179 3125 3388 3194 αὐτῆς.
3444 3126 3558 3180 Καὶ

1967 3223 2202 3292 ἐγένετο
2239 3219 2422 3289 φόϐος
2451 3215 2636 3286 μέγας
2674 3212 2766 3282 ἐφ’
2797 3211 2953 3279 ὅλην
2995 3210 3112 3279 τὴν
3152 3211 3555 3292 γἘκκλησίαν,

1965 3291 2064 3361 καὶ
2095 3303 2195 3358 ἐπὶ
2239 3301 2472 3365 πάντας
2502 3297 2643 3363 τοὺς
2687 3295 3022 3358 ἀκούοντας
3060 3291 3270 3346 ταῦτα.
3302 3293 3460 3346 Μετὰ
3495 3293 3558 3346 τὸ

1965 3387 2215 3458 γενέσθαι
2243 3385 2335 3440 τὸν
2375 3381 2537 3452 φόϐον
2561 3378 2736 3434 αὐτῶν
2755 3419 2770 3445 ,
2813 3376 3036 3430 πλείονα
3062 3379 3267 3446 σημεῖα
3296 3375 3515 3428 ἐποίουν
3540 3391 3554 3404 ·

1967 3457 2060 3526 καὶ
2082 3473 2161 3524 ὅτι
2185 3469 2422 3530 ἐποίουν,
2453 3466 2636 3520 ἄκουε.
2661 3461 2764 3516 Διὰ
2792 3461 2860 3514 δὲ
2885 3459 3004 3513 τῶν
3027 3458 3244 3529 χειρῶν
3267 3457 3385 3512 τῶν
3410 3459 3558 3513 ἀπο-

1970 3555 2209 3611 στόλων
2257 3552 2485 3622 ἐτίνετο
2540 3547 2762 3617 σημεῖα
2803 3543 2902 3598 καί
2951 3542 3165 3611 τέρατα
3206 3541 3275 3594 ἐν
3301 3539 3384 3606 τῷ
3428 3541 3557 3608 λαῷ

1970 3636 2188 3691 πολλά.
2216 3635 2328 3689 Καὶ
2348 3629 2509 3706 ἦσαν
2529 3627 2908 3700 ὁμοθυμαδὸν
2925 3626 3190 3690 ἅπαντες
3211 3627 3281 3678 ἐν
3304 3623 3378 3692 τῇ
3403 3623 3556 3692 στοᾷ

1969 3719 2387 3788 Σολομῶντος·
2434 3713 2553 3769 τῶν
2580 3711 2650 3765 δὲ
2669 3709 2898 3766 λοιπῶν
2925 3709 3128 3773 οὐδεὶς
3148 3709 3372 3777 ἐτόλμα
3410 3713 3553 3763 κολ-

1969 3802 2191 3858 λᾶσθαι
2227 3799 2432 3865 αὐτοῖς
2449 3838 2464 3863 ,
2510 3796 2647 3854 ἀλλ’
2671 3792 3042 3864 ἐμεγάλυνεν
3068 3791 3291 3857 αὐτοὺς
3320 3794 3551 3859 όολαός.

1970 3887 2228 3950 Εἰκότως.
2269 3883 2382 3938 Καὶ
2411 3883 2519 3952 γάρ
2548 3883 2576 3936 6
2609 3879 2811 3951 Πέτρος
2839 3874 2908 3948 ἦν
2934 3875 3127 3950 λοιπὸν.
3160 3874 3418 3948 φοϐερὸς,
3463 3892 3556 3930 κο-

1970 3969 2150 4034 λάζων
2188 3969 2283 4024 καὶ
2325 3966 2396 4021 τὰ
2444 3968 2526 4032 εἰς
2556 3963 2682 4019 νοῦν
2723 3963 3055 4034 ἐξελέγχων·
3111 3953 3156 4028 ᾧ
3203 3961 3298 4015 καὶ
3353 3959 3557 4030 μᾶλλον

1970 4053 2323 4124 προσέκειντο
2347 4051 2436 4108 διά
2467 4067 2528 4104 τε
2563 4049 2625 4102 τὸ
2655 4048 2900 4118 σημεῖον,
2939 4046 3032 4099 καὶ
3063 4044 3162 4116 τὴν
3196 4041 3421 4114 πρώτην
3457 4043 3554 4111 δη-

1972 4134 2262 4208 μηγορίαν,
2293 4133 2388 4187 καὶ
2421 4132 2520 4204 τὴν
2560 4131 2842 4201 δευτέραν,
2877 4129 2972 4182 καὶ
3009 4127 3108 4198 τὴν
3129 4127 3340 4196 τρίτην.
3382 4127 3553 4190 Αὐτὸς

1968 4219 2078 4288 γὰρ
2124 4217 2220 4271 καὶ
2267 4216 2328 4269 16
2367 4217 2591 4286 σημεῖον
2628 4212 2922 4282 εἰργάσατο
2966 4211 3026 4264 τὸ
3065 4210 3314 4278 πρῶτον.
3358 4209 3452 4260 καὶ
3491 4208 3557 4262 16

1969 4301 2242 4369 δεύτερον,
2294 4299 2390 4350 καὶ
2429 4297 2490 4348 τὸ
2527 4295 2654 4358 νῦν,
2701 4295 2838 4360 ὅπερ
2866 4294 2989 4361 ἐμοὶ
3034 4294 3127 4344 καὶ
3165 4291 3406 4358 διπλοῦν,
3436 4292 3553 4346 ἀλλ’
3663 4361 3666 4366 _

1970 4381 2069 4451 οὐχ
2093 4377 2281 4440 ἁπλῶς
2308 4377 2366 4431 ἐν
2388 4394 2440 4429 τι
2482 4376 2576 4429 καὶ
2601 4375 2760 4444 μόνον
2792 4371 2932 4426 εἶναι
2953 4372 3136 4426 δοκεῖ·
3169 4372 3228 4425 ἓν
3255 4374 3375 4443 μὲν,
3395 4374 3456 4426 16
3482 4374 3553 4430 τὰ

1971 4465 2116 4522 κατά
2136 4464 2375 4518 διάνοιαν
2409 4459 2644 4531 ἐλέγξαι·
2679 4459 2930 4530 δεύτερον
2957 4459 3034 4522 δὲ,
3067 4459 3129 4513 16
3155 4461 3362 4516 ἀνελεῖν
3384 4481 3553 4535 προσ-

1972 4551 2234 4622 τάγματι.
2275 4548 2527 4603 Μᾶλλον
2554 4544 2624 4598 δὲ
2659 4544 3082 4614 προσετίθεντο
3127 4548 3551 4617 πιστεύοντες,

1972 4636 2157 4708 φησὶν,
2191 4633 2271 4701 τῷ
2294 4633 2491 4704 Κυρίῳ
2517 4633 2724 4701 πλήθη
2751 4629 2986 4699 ἀνδρῶν
3008 4648 3073 4686 τε
3103 4633 3196 4688 καὶ
3227 4635 3552 4703 γυναικῶν,

1969 4719 2127 4775 ὥστε
2153 4718 2304 4774 κατά
2334 4719 2438 4784 τὰς
2468 4719 2758 4782 πλατείας
2784 4716 3058 4786 ἐκφέρειν
3078 4717 3220 4782 τοὺς
3248 4719 3548 4787 ἀσθενεῖς,

1969 4805 2068 4861 καί
2095 4803 2317 4858 τιθέναι
2359 4802 2457 4856 ἐπὶ
2503 4800 2621 4856 τῶν
2665 4801 2890 4855 κλινῶν
2921 4801 3019 4855 καί
3048 4803 3411 4872 κραϐϐἀτων,
3450 4807 3552 4860 ἵνα

1964 4889 2293 4959 ἐρχομένου
2332 4886 2560 4954 Πέτρου
2599 4884 2718 4940 κᾶν
2761 4886 2798 4954 ἠ
2855 4889 3002 4940 σκιὰ
3043 4887 3376 4956 ἐπισκιάσῃ
3429 4891 3546 4944 τινί

1965 4933 2027 4958 νγ
2075 4933 2100 4943 ν
2184 4933 2198 4942 ⁷
2221 4933 2285 4942 ν’
2332 4933 2550 4954 ⁸⁵““’⁷Ι”’⁷⁷
2600 4933 2694 4940 ""'
2766 4933 2797 4954 Ἰ
2859 4933 2880 4938 ⁷
2902 4933 2998 4940 ’⁷⁷⁷⁷
3044 4933 3171 4940 ’⁷⁷⁸⁷
3190 4933 3319 4942 ”“““’
3344 4933 3374 4956 π
3433 4933 3503 4942 *⁷⁷
3528 4933 3546 4944 ⁷

1965 4933 2182 5026 αὐΙτῶδνῖ
2205 4970 2375 5024 Τοῦτο
2404 4971 2496 5024 ἐπὶ
2521 4968 2614 5024 τοῦ
2645 4968 2883 5040 Χριστοῦ
2917 4971 2976 5022 οὐ
3005 4971 3261 5039 γέγονεν·
3298 4972 3422 5025 ὅθεν
3457 4933 3576 5026 καί.ί

1964 5056 2098 5126 ὁρᾷν
2121 5054 2218 5109 νῦν
2242 5057 2391 5108 ἐστιν
2405 5054 2552 5124 ἔργῳ
2587 5054 2650 5106 16
2683 5054 2774 5107 ὑπ’
2807 5054 2970 5107 αὑτοῦ
2993 5055 3280 5128 εἰρημένον
3311 5055 3545 5120 eadem.

1966 5140 2124 5192 Ποῖον
2146 5139 2209 5210 δὴ
2245 5137 2436 5204 τοῦτο;
2483 5140 2544 5191 '0
2574 5140 2878 5192 πιστεύων
2919 5143 3007 5205 είς
3040 5139 3165 5209 ἐμὲ,
3197 5141 3271 5194 τά
3301 5140 3445 5207 ἔργα
3466 5179 3480 5202 ,
3513 5141 3549 5194 ἂ

1962 5221 2078 5292 ἐγὼ
2107 5219 2277 5284 ποιῶ,
2307 5219 2585 5287 κάκεῖνος
2611 5221 2849 5288 ποιήσει
2868 5262 2882 5286 ,
2914 5221 3013 5275 καί
3052 5220 3294 5292 μείζονα
3321 5223 3546 5276 τούτων

1964 5303 2222 5371 ποιήσει.
2255 5303 2598 5373 Συνήρχετο
2627 5304 2694 5358 δὲ
2719 5306 2816 5359 καὶ
2848 5306 2918 5359 τὸ
2955 5305 3188 5374 πλῆθος
3215 5305 3335 5359 τῶν
3375 5305 3546 5374 πέριξ

1965 5387 2200 5440 πόλεων
2221 5388 2307 5452 εἰς
2355 5387 2751 5460 Ἰερουσαλὴμ
2770 5430 2784 5454 ,
2824 5389 3110 5459 φέροντες
3139 5390 3414 5456 ἀσθενεῖς
3449 5391 3545 5443 καί.

1965 5468 2378 5538 ὀχλουμένους
2398 5470 2517 5524 ὑπὸ
2542 5473 2898 5542 πνευμάτων
2930 5473 3292 5544 ἀκαθάρτων,
3329 5475 3544 5541 οἵτινες

1963 5550 2392 5619 ἐθεραπεύοντο
2416 5553 2697 5620 ἅπαντες.

2037 5633 2109 5686 Σὺ
2155 5633 2213 5687 δέ
2264 5651 2354 5704 μοι
2393 5637 2623 5701 σκόπει,
2668 5636 2785 5700 πῶς
2831 5637 3015 5701 αὐτοῖς
3047 5637 3074 5689 6
3115 5637 3228 5709 βίος
3260 5639 3542 5709 ὑφαίνεται

1966 5717 2075 5781 πᾶς
2107 5715 2196 5769 διὰ
2235 5716 2344 5770 τῶν
2380 5718 2655 5774 ἐναντίων,
2699 5715 2843 5782 Οίον,
2873 5720 3078 5792 ἀθυμία
3124 5722 3312 5794 πρώτη
3350 5725 3541 5794 γέγονε

1960 5798 2048 5853 διὰ
2075 5799 2173 5872 τὴν
2205 5799 2472 5872 ἀνάληψιν
2505 5801 2598 5854 τοῦ
2627 5803 2886 5873 Χριστοῦ,
2915 5799 3033 5859 εἷτα
3062 5806 3295 5880 εὐθυμία
3325 5808 3414 5862 διὰ
3439 5808 3541 5878 τὴν

2025 5895 2048 5925 ⁸
2072 5895 2170 5947 Alii
2195 5896 2360 5946 δίδωσι
2391 5896 2679 5961 προθεσμίαν
2717 5897 2986 5960 ἀπολογίας.
