4088 6142
498 284 596 337 101

483 397 579 451 τοῦ
602 395 914 465 Πνεύματος
943 394 1167 448 κάθοδον
1185 410 1197 424 ·
1228 393 1388 447 πάλιν
1422 393 1629 463 ἀθυμία
1654 389 1741 442 διὰ
1764 388 1888 448 τοὺς
1914 383 2067 453 χλευ-

486 479 737 544 άζοντας,
765 476 883 531 εἶτα
916 475 1149 545 εὐθυμία
1182 476 1270 529 διὰ
1313 475 1436 539 τοὺς
1479 473 1705 535 πιστοὺς
1740 470 1834 524 καὶ
1876 468 1938 520 τὸ
1974 482 2069 535 ση-

494 566 663 634 μεῖονο
684 560 846 613 πάλιν
863 559 1068 627 ἀθυμία
1083 559 1171 611 διὰ
1185 558 1245 611 τὸ
1261 557 1681 628 κατασχεθῆναι,
1700 549 1817 606 εἶτα
1833 549 2066 634 εὐθυμία

482 632 571 699 διὰ
586 644 683 712 τῆς
699 640 1010 710 ἀπολογίας.
1028 641 1198 694 Πάλιν
1214 639 1448 693 ἐνταῦθα
1467 640 1562 692 κα¹ι
1579 635 1813 702 εὐθυμία
1829 633 1922 686 καὶ
1937 632 2067 685 ἀθυ-

485 727 603 797 μία.
630 726 752 777 ’Ὀτι
783 724 880 793 μὲν
908 725 1017 794 γάρ
1045 718 1181 793 ἦσαν
1200 734 1223 762 α
1254 723 1515 792 λαμπροὶ,
1544 722 1637 774 καὶ
1666 720 1695 771 6
1722 718 1853 779 Θεὸς
1884 715 2069 776 αὐτοῖς

482 806 851 876 ἀπεκάλυψεν,
892 805 1158 875 εὐθυμία’
1196 805 1275 858 ὅτι
1316 804 1373 857 δέ
1415 804 1544 867 τοὺς
1592 801 1772 856 αὐτῶν
1810 797 2066 868 ἀνῄρουν,

484 889 714 959 ἀθυμία.
741 888 911 941 Πάλιν
943 888 1175 957 εὐθυμία
1205 887 1313 939 ἀπὸ
1341 890 1439 957 τῆς
1465 885 1874 956 λαμπρότητοςο
1906 879 2067 932 πάλιν

485 971 692 1042 ἀθυμία
730 972 839 1024 ἀπὸ
884 970 975 1023 τοῦ
1027 971 1349 1041 ἀρχιερέως.
1394 970 1502 1021 Καὶ
1534 968 1706 1021 διόλου
1757 966 1912 1018 τοῦτο
1947 979 2071 1015 σκο-

486 1055 774 1126 πουμένοις
808 1053 932 1106 ἰδεῖν
966 1053 1187 1107 δυνατόν
1207 1071 1219 1084 ο
1254 1054 1347 1107 καὶ
1372 1054 1462 1106 ἐπὶ
1492 1053 1598 1105 τῶν
1635 1049 1873 1104 παλαιῶν
1896 1047 1953 1099 δὲ
1980 1045 2070 1098 οὕ-

484 1156 591 1201 τως
620 1138 770 1207 εὕροι
816 1155 898 1200 τις
931 1136 995 1190 ἄν
1019 1138 1067 1191 ι).
1095 1138 1320 1206 Ἴδωμεν
1351 1137 1407 1189 δὲ
1445 1137 1648 1191 ἀνωθεν
1681 1135 1748 1188 τά
1781 1131 2066 1203 εἰρημένα.

498 1219 820 1285 Ἐπώλουν,
851 1220 1017 1289 φησὶ,
1058 1218 1154 1273 καὶ
1189 1221 1405 1288 ἔφερον
1440 1219 1544 1285 τὰς
1582 1220 1769 1285 τιμὰς,
1814 1215 1911 1269 καί
1950 1215 2070 1268 ἐτί-

486 1309 636 1360 θουν
657 1303 818 1371 παρὰ
846 1302 986 1367 τοὺς
1016 1302 1204 1368 πόδας
1233 1302 1352 1355 τῶν
1376 1303 1756 1355 ἀποστόλων.
1785 1300 1926 1373 Ὅρα
1957 1316 2069 1370 μοι,

486 1386 759 1456 ἀγαπητὲ,
795 1384 911 1447 πῶς
936 1386 996 1437 οὐ
1029 1387 1140 1446 τοῖς
1164 1384 1481 1447 ἀποστόλοις
1511 1384 1811 1452 ἐπέτρεπον
1847 1381 2067 1444 πωλεῖν,

487 1469 601 1520 ἀλλ’
625 1468 780 1521 αὐτοὶ
807 1467 1069 1531 ἐπώλουν,
1100 1468 1193 1518 καὶ
1225 1466 1323 1529 τὰς
1350 1467 1515 1536 τιμάς
1546 1465 1773 1526 ἐκείνοις
1800 1464 2060 1516 ἐδίδοσαν.

501 1552 639 1603 Ἀλλ’
677 1553 775 1620 οὐχ
818 1549 990 1613 οὕτως
1018 1550 1046 1601 6
1083 1549 1351 1616 Ἀνανίας,
1380 1548 1495 1601 ἀλλ’
1534 1548 1844 1619 ὑφαιρεῖταί
1874 1564 1927 1599 τι
1970 1547 2071 1615 τῆς

486 1636 656 1705 τιμῆς
685 1628 745 1687 οὕ
779 1634 1008 1687 ἀπέδοτο
1033 1632 1203 1703 ἀγροῦ
1226 1648 1239 1663 ο
1269 1632 1347 1684 διὸ
1376 1631 1488 1704 [98]
1523 1632 1616 1685 καὶ
1645 1632 1967 1700 τιμωρεῖται
1995 1629 2071 1692 ὼς

486 1719 547 1772 τὸ
577 1718 810 1788 πρᾶγμα
856 1716 932 1787 μὴ
977 1715 1155 1777 καλῶς
1196 1714 1546 1785 διαθέμενος,
1589 1714 1682 1766 καὶ
1728 1712 1975 1765 κλέπτων
2003 1710 2072 1764 τά

487 1800 681 1853 ἐαυτοῦ
733 1798 1025 1870 φωραθείς.
1066 1789 1234 1860 Οὗτος
1266 1797 1359 1849 καὶ
1391 1795 1499 1849 τῶν
1542 1795 1635 1848 νῦν
1678 1795 1865 1865 ἱερέων
1897 1794 2071 1864 ἥψατο

486 1887 515 1938 6
544 1884 721 1951 λόγος,
756 1883 850 1935 καὶ
884 1882 1087 1950 σφόδρα
1115 1880 1256 1933 κατά
1297 1880 1516 1949 κράτος.
1565 1879 1716 1931 Ἐπεὶ
1753 1878 1810 1930 δὲ
1855 1877 2071 1948 συνῄδει

486 1966 564 2037 τῷ
591 1965 870 2036 γενομένῳ
897 1964 989 2017 καὶ
1016 1966 1049 2035 ή
1078 1961 1265 2016 τούτου
1295 1962 1452 2033 γυνὴ,
1483 1961 1569 2014 διὰ
1598 1960 1755 2014 τοῦτο
1781 1961 1875 2014 καὶ
1903 1960 2071 2032 αὐτὴν

488 2049 756 2116 ἐξετάζει.

561 2130 624 2200 β’.
660 2129 953 2193 Ἀλλ’.ῖσως
978 2129 1121 2183 εἴποι
1157 2147 1240 2193 τις
1263 2130 1348 2196 ἂν,
1371 2130 1451 2183 δτι
1475 2128 1677 2200 σφόδρα
1703 2127 1915 2198 πικρῶς
1933 2127 2069 2199 αὐτῇ

488 2215 778 2285 ἐχρήσατο.
808 2213 873 2265 Τί
896 2213 1112 2281 λέγεις;
1145 2212 1266 2264 εἰπέ
1302 2230 1412 2282 μοι,
1444 2212 1569 2264 ποία
1594 2211 1818 2282 πικρία;
1851 2210 1913 2263 Εἰ
1943 2211 2074 2276 ξύλα

488 2313 571 2358 τις
599 2294 855 2361 συλλέξας
880 2294 1259 2359 καταλεύεται,
1284 2294 1464 2365 πολλῷ
1496 2293 1695 2364 μᾶλλον
1716 2296 1743 2346 6
1769 2292 2068 2364 ἱερόσυλος·

489 2380 586 2433 καὶ
610 2378 781 2431 ταῦτα
808 2378 917 2450 γὰρ
941 2379 1063 2448 ἱερά
1088 2376 1274 2431 λοιπὸν
1303 2373 1372 2448 ἦν
1403 2379 1472 2431 τὰ
1502 2379 1775 2447 χρήματα.
1807 2376 2014 2430 Οὐκοῦν
2046 2379 2074 2429 6

490 2461 740 2531 ἐλόμενος
780 2462 846 2514 τά
881 2459 1046 2513 αὐτοῦ
1079 2459 1330 2528 πωλῆσαι
1378 2460 1471 2512 καὶ
1502 2458 1788 2523 διαδοῦναι,
1820 2454 1937 2512 εἶτα
1982 2458 2074 2511 λα-

491 2545 622 2608 ϐὼν,
658 2545 931 2614 ίερόσυλος
969 2544 1034 2597 ἂν
1068 2544 1175 2614 εῖη.
1209 2544 1272 2596 Et
1303 2544 1359 2597 δέ
1385 2546 1412 2596 ό
1447 2545 1510 2596 ἐκ
1537 2543 1644 2596 τῶν
1672 2541 1837 2596 αὐτοῦ
1870 2542 2069 2606 λαϐὼν,

494 2628 800 2702 ἱερόσυλος,
837 2626 1016 2697 πολλῴ
1063 2626 1261 2697 μᾶλλον
1308 2628 1336 2678 ὀ
1367 2628 1429 2679 ἐκ
1474 2626 1582 2679 τῶν
1626 2618 1941 2696 ἀλλοτρίων.
1980 2626 2071 2697 Μὴ

490 2714 618 2783 γάρ,
657 2710 841 2782 ἐπειδὴ
876 2709 969 2763 νῦν
1003 2709 1077 2780 μὴ
1106 2709 1312 2776 γίνεται
1349 2708 1523 2772 τοῦτο,
1568 2708 1660 2761 καὶ
1705 2708 1893 2761 ἕπεται
1924 2707 2072 2777 παρά

491 2794 658 2856 πόδας
699 2794 732 2863 ή
773 2791 1014 2857 κόλασις,
1064 2791 1322 2862 νομίσητε
1365 2790 1677 2861 ὰτιμωρητὶ
1717 2789 1889 2843 ταῦτα
1925 2790 2072 2858 γίνε-

492 2876 636 2930 σθαι.
673 2874 856 2946 Ὀρᾷς,
889 2875 970 2927 δτι
996 2874 1153 2927 τοῦτο
1186 2873 1518 2942 ἐγκαλεῖται,
1550 2875 1631 2927 ὅτι
1671 2876 1901 2944 ποιήσας
1934 2874 2073 2927 αὐτά

494 2960 613 3030 ίερὰ
659 2960 944 3029 χρήματα,
987 2956 1107 3009 τότε
1144 2956 1344 3021 έλα6ε;
1393 2956 1483 3025 Μὴ
1530 2955 1639 3025 γὰρ
1679 2957 1780 3008 οὐκ
1816 2956 2071 3023 ήδύνασο,

493 3042 649 3111 φησὶ,
691 3040 786 3092 καὶ
823 3039 959 3108 μετὰ
989 3038 1049 3090 τὸ
1092 3038 1343 3106 πωλῆσαι
1374 3036 1511 3089 αὐτά
1549 3037 1623 3099 ὡς
1656 3037 1804 3098 ἰδίοις
1833 3038 2075 3108 ἀποχρή-

495 3122 726 3187 σασθαι;
765 3120 838 3190 μὴ
880 3119 986 3189 γὰρ
1027 3118 1330 3190 ὲκωλύθης;
1371 3119 1459 3171 διὰ
1494 3119 1545 3171 τί
1581 3118 1720 3189 μετά
1750 3120 1811 3171 τὸ
1844 3120 2075 3190 ὐποσχέα

496 3204 620 3257 σθαι
650 3203 976 3273 λαμϐάνεις;
1003 3202 1165 3271 Ὅρα,
1196 3201 1312 3265 πῶς
1335 3202 1538 3265 εὐθέως
1564 3202 1623 3266 ἐξ
1654 3203 1830 3274 ἀρχῆς
1851 3203 2075 3258 ἐπέθετο

494 3289 524 3342 6
555 3286 800 3350 διάϐολος
835 3284 1036 3355 μεταξύ
1086 3285 1327 3355 σημείων
1372 3285 1679 3355 γενομένων
1728 3288 1823 3339 καὶ
1860 3287 2073 3357 θαυμά-

494 3386 603 3423 των
634 3368 935 3422 τοσούτωνο
984 3366 1181 3437 μᾶλλον
1209 3367 1266 3419 δὲ
1300 3367 1419 3429 πῶς
1466 3368 1558 3420 καὶ
1590 3360 1743 3432 οὗτος
1776 3369 1866 3421 ὐπ’
1908 3368 2075 3426 αὐτοῦ

495 3452 788 3523 ἐπωρώθη.
816 3449 1066 3502 Τοιοῦτόν
1093 3466 1144 3501 τι
1172 3452 1266 3503 καὶ
1297 3453 1353 3504 ἐν
1379 3453 1444 3521 τῇ
1479 3451 1689 3520 Παλαιᾷ
1720 3451 1962 3519 γέγονεν,
1987 3453 2075 3505 ὅτε

497 3539 528 3589 6
556 3535 745 3605 Χαρμί
771 3533 832 3586 16
863 3533 1118 3601 ἀνάθημα
1146 3533 1349 3602 κλέψας
1382 3534 1553 3588 ἐάλω’
1584 3535 1697 3587 ἀλλ’
1725 3535 1873 3604 ὅμως
1907 3535 2075 3604 ἔγνως

500 3619 598 3672 καὶ
634 3618 749 3669 ἐκεῖ
789 3613 907 3674 μεθ’
946 3616 1078 3685 δσης
1125 3614 1365 3678 ἐκδικίας
1396 3616 1678 3688 διωρθώθη
1712 3617 1772 3670 τὸ
1821 3620 2074 3689 πρᾶγμα.

512 3697 809 3769 Ἱεροσυλία
834 3696 943 3767 γάρ
967 3696 1169 3767 σφόδρα
1188 3697 1444 3767 χαλεπὸν,
1466 3700 1740 3769 ἀγαπητὲ,
1760 3703 1853 3753 καὶ
1878 3700 2077 3771 πολλῆς

501 3782 669 3852 γέμον
699 3779 1179 3850 καταφρονήσεως.
1205 3779 1343 3833 Οὕτε
1374 3781 1621 3852 πωλῆσαι
1658 3784 2076 3854 ἠναγκάσαμεν,

502 3864 690 3933 φησὶν,
719 3860 840 3914 οὕτε
872 3861 1199 3931 πωλήσαντα
1218 3863 1398 3917 δοῦναι
1424 3864 1491 3918 τά
1516 3867 1801 3937 χρήματαο
1839 3868 1903 3920 σὺ
1932 3868 2077 3921 εἵλου

501 3945 561 4012 ἐξ
596 3945 805 4007 οἰκείας
834 3943 1235 4014 προαιρέσεως·
1269 3946 1320 3998 τί
1358 3948 1536 3999 τοίνυν
1566 3947 1796 4017 ἔκλεψας
1834 3948 1943 4002 ἀπὸ
1969 3949 2079 4003 τῶν

504 4027 663 4098 ιερῶν
711 4028 1041 4098 χρημάτων;
1074 4026 1176 4081 Διά
1215 4029 1273 4081 τί
1304 4029 1642 4097 ἐπλήρωσε,
1683 4032 1867 4103 φησὶν,
1896 4035 1929 4086 ό
1966 4036 2078 4086 Σα-

502 4110 689 4179 τανᾶς
716 4110 832 4179 τὴν
871 4107 1122 4178 καρδίαν
1154 4126 1306 4173 σονς
1347 4115 1454 4166 Καὶ
1499 4116 1547 4165 εἰ
1585 4116 1614 4167 6
1652 4115 1893 4179 Σατανᾶς
1923 4114 2080 4168 τοῦτο

501 4195 747 4265 ἐποίησε,
790 4193 842 4245 τί
877 4192 1040 4256 αὐτὸς
1084 4193 1426 4261 ἐγκαλεῖται;
1478 4197 1658 4260 Αίτιος
1692 4197 1881 4264 γέγονε
1926 4196 2080 4263 δεξά-

507 4289 666 4342 μενος
718 4271 881 4324 αὐτοῦ
923 4274 1021 4345 τὴν
1066 4276 1364 4346 ἐνέργειαν,
1421 4275 1516 4327 καὶ
1569 4275 1898 4345 πληρωθείς.
1943 4276 2079 4328 Ἀλλ’

503 4355 607 4408 εδει
635 4354 942 4427 διορθῶσαι,
970 4357 1151 4427 φησίν.
1189 4357 1327 4410 Ἀλλ’
1354 4358 1454 4411 οὐκ
1482 4356 1548 4409 ἂν
1571 4357 1852 4428 διωρθώθη
1873 4373 1887 4389 ⁸
1918 4359 1947 4411 6
1972 4357 2080 4429 γὰρ

505 4438 728 4491 τοιαῦτα
752 4438 893 4507 ὀρῶν
917 4441 1010 4492 καὶ
1040 4440 1115 4509 μὴ
1146 4439 1437 4510 κερδάνας,
1470 4438 1650 4508 πολλῷ
1673 4439 1872 4509 μᾶλλον
1890 4441 1990 4493 οὐκ
2014 4441 2081 4493 ἂν

504 4520 707 4587 ἑτέρως
747 4520 1055 4590 ἐκέρδανεν.
1086 4523 1199 4574 Οὐκ
1230 4521 1336 4573 ἔδει
1363 4520 1543 4574 τοίνυν
1572 4522 1758 4584 ἀπλῶς
1792 4522 2080 4592 παρελθεῖν

503 4601 567 4654 τὸ
604 4600 847 4667 γεγονὸς,
881 4601 994 4653 ἀλλ’
1027 4602 1102 4665 ώς
1135 4602 1403 4673 σηπεδόνα
1441 4601 1563 4655 τινά
1600 4604 1964 4672 ἐκτμηθῆναι,
1997 4604 2080 4656 ἵνα
2126 4615 2135 4626 ·

509 4681 586 4753 μὴ
622 4682 699 4752 τῷ
727 4682 897 4753 λοιπῷ
940 4683 1245 4753 λυμήνηται
1283 4684 1517 4754 σώματι.
1556 4683 1671 4737 Νῦν
1709 4684 1809 4754 μὲν
1844 4684 1951 4755 γάρ
1988 4684 2081 4738 καὶ

505 4761 660 4827 οὗτος
682 4764 956 4836 ὠφέληται
991 4766 1063 4835 μὴ
1094 4764 1371 4836 προελθὼν
1402 4766 1710 4837 περαιτέρω
1742 4768 1959 4830 κακίας,
1988 4768 2082 4821 καὶ

506 4850 557 4901 οί
590 4846 764 4899 λοιποί⁸
794 4847 1198 4919 σπουδαιότεροι
1229 4849 1541 4919 γενόμενον
1580 4849 1701 4903 τότε
1732 4849 1789 4902 δὲ
1826 4849 1892 4903 ἂν
1921 4852 2078 4903 τούν-

507 4930 689 4983 αντίον
716 4930 933 5000 συνέϐη.
971 4929 1068 4983 Διά
1100 4928 1257 4983 τοῦτο
1289 4932 1503 5002 πρῶτον
1551 4931 1780 5001 ἐλέγχει,
1809 4933 1901 4984 καὶ
1926 4942 1947 4971 ο
1981 4932 2083 4985 δεί-

508 5030 715 5077 κνυσιν,
748 5013 829 5065 ὅτι
874 5013 973 5066 οὐκ
1006 5011 1195 5065 ἔλαθεν
1241 5015 1402 5067 αὐτὸν
1441 5015 1500 5066 τὸ
1532 5016 1778 5083 γεγονὸς,
1815 5015 1910 5067 καὶ
1958 5015 2081 5068 τότε

509 5094 875 5158 καταδικάζει.
911 5095 1012 5147 Διὰ
1045 5095 1102 5147 τί
1135 5095 1263 5166 γὰρ,
1296 5097 1449 5166 φησὶ,
1484 5096 1658 5149 τοῦτο
1705 5098 2080 5164 πεποίηκας;

510 5179 698 5249 ήθελες
721 5178 896 5248 ἐχεινς
933 5179 1079 5231 Ἔδει
1112 5178 1255 5250 ἔχειν
1294 5180 1352 5244 ἐξ
1386 5181 1578 5250 ἀρχῆς,
1620 5182 1713 5233 καὶ
1745 5182 1818 5252 μὴ
1850 5182 2080 5251 ὐποσχέ-
2120 5217 2131 5229 .

512 5262 662 5315 σθαι·
696 5262 790 5314 νῦν
820 5263 876 5315 δέ
907 5261 1087 5315 λαϐὼν
1123 5262 1260 5332 μετὰ
1290 5262 1351 5313 τὸ
1380 5262 1693 5329 ἀναθέσθαι,
1726 5264 1949 5333 μείζονα
1980 5265 2082 5334 τὴν

513 5346 812 5417 ἱεροσυλίαν
848 5344 1106 5415 εἰργάσω.
1150 5346 1207 5397 '0
1239 5345 1337 5413 μὲν
1365 5344 1472 5415 γὰρ
1502 5345 1569 5397 τὰ
1598 5346 1705 5398 τῶν
1739 5346 1913 5400 ἄλλων
1945 5347 2082 5415 λαμ-

510 5425 706 5492 ϐάνων,
739 5430 867 5491 ἴσως
900 5428 1192 5498 ἀλλοτρίων
1222 5427 1563 5497 ἐπιθυμήσας
1592 5428 1858 5498 λαμϐάνει
1878 5444 1892 5458 ·
1920 5430 2002 5481 σοὶ
2024 5429 2081 5481 δὲ

512 5509 636 5578 ἐξῆν
665 5510 807 5579 ἔχειν
831 5512 898 5565 τά
931 5511 1018 5564 σά.
1050 5511 1115 5564 Τί
1144 5511 1323 5563 τοίνυν
1357 5511 1618 5580 ἐποίησας
1644 5513 1783 5565 αὐτὰ
1819 5512 1958 5589 ἱερά,
1988 5513 2083 5565 καὶ

511 5592 631 5643 τότε
678 5592 863 5657 ἔλαϐες
891 5594 954 5660 ἀς
1006 5594 1139 5647 Ἀπὸ
1186 5594 1386 5665 πολλῆς
1432 5598 1887 5666 καταφρονήσεως
1926 5594 2084 5648 τοῦτο

577 5691 601 5718 ⁸
644 5693 738 5758 Alii
762 5694 834 5741 ὅτι
971 5695 1052 5743 οὖν
1073 5696 1214 5753 ἦσαν.
1279 5696 1308 5736 b
1333 5696 1469 5745 Unus
1490 5698 1597 5747 cod.
1629 5699 1710 5746 καὶ
1746 5699 1806 5758 δι’
1851 5700 1963 5746 ὅλου
2001 5699 2083 5745 06-

514 5766 605 5822 τως
646 5754 744 5802 ἴδοι
767 5769 835 5822 τις
876 5756 950 5810 ἂν,
974 5758 1055 5822 καὶ
1090 5758 1290 5822 ἐπὶ-τῶν
1325 5761 1541 5822 παλαιῶν
1581 5761 1730 5822 οὕτως
1761 5754 1858 5822 ίδοι
1902 5774 1972 5814 τις
2004 5761 2081 5822 φάν.

516 5813 851 5930 Ξέέἓίέςτέυάά.
875 5816 1063 5873 συνέϐη.
1100 5818 1325 5879 Δεύτερον
1359 5820 1538 5881 ἐλέγχει
1575 5819 1679 5886 καί.
1748 5813 2085 5897 (11160011110:-

1211 277 1268 332 S.
1309 273 1593 332 JOANNIS
1629 263 2116 328 CHRYSOSTOMI
2154 262 2469 318 ARCIIEEP.
2512 259 3055 318 CONSTANTINOP.

3652 263 3761 317 102

2176 383 2502 451 πεποίηκας.
2528 382 2638 435 Οὐκ
2668 381 2778 449 ἔχει
2810 378 2871 431 τὸ
2898 378 3186 447 γενόμενον
3218 378 3571 450 συγγνώμην,
3599 378 3762 442 ἐκτός

2175 466 2323 516 ἐστιν
2352 463 2672 532 ἀπολογίας.

2240 555 2444 626 Μηδεὶς
2478 555 2535 608 δὲ
2586 553 3042 617 σκανδαλιζέσθω,
3073 554 3125 607 εί
3152 570 3297 616 τινες
3330 554 3426 607 καὶ
3478 553 3575 607 νῦν
3618 553 3762 607 εἰσιν

2171 638 2457 707 ἱερόσυλοι.
2501 639 2563 691 Εἰ
2618 640 2727 708 γὰρ
2764 639 2885 690 τότε
2925 634 3088 709 ἦσαν,
3154 636 3335 706 πολλῷ
3388 637 3590 707 μᾶλλον
3638 635 3758 701 νῦν,

2168 722 2256 775 ὅτε
2284 720 2454 774 πολλά
2479 720 2546 773 τά
2571 720 2737 774 κακά.
2777 720 2915 773 Ἀλλ’
2940 720 3250 789 ἐλέγχωμεν
3273 721 3472 783 αὐτοὺς
3501 720 3592 772 ἐτιτί⁵
3622 719 3763 774 πάν·

2168 822 2297 869 των,
2330 805 2415 857 ἵνα
2441 805 2533 857 καί¹
2561 806 2608 857 οἱ
2636 803 2814 857 λοιποὶ
2841 802 3004 871 φόϐον
3034 803 3250 873 ἔχωσιν.
3287 803 3346 856 '0
3379 803 3581 866 Ἰούδας
3613 802 3760 874 ἰερό-

2171 887 2329 950 συλος
2356 884 2453 958 ἦν’
2486 888 2599 941 ἀλλ’
2626 888 2727 940 οὐκ
2766 887 3117 940 ἐσκανδάλισε
3142 885 3301 939 τοῦτο
3326 887 3452 949 τοὺς
3481 886 3758 957 μαθητάς.

2180 970 2363 1040 Ὁρᾷς,
2390 970 2491 1023 ὅσα
2521 970 2669 1023 κακά
2711 971 2744 1040 ἡ
2780 968 2887 1022 τῶν
2929 969 3229 1039 χρημάτων
3274 967 3545 1039 ἐπιθυμία
3583 971 3758 1034 ποιεῖς

2169 1053 2279 1107 Καὶ
2325 1052 2585 1117 ἐγένετο,
2614 1054 2766 1122 φησὶ,
2795 1054 2981 1122 φόϐος
3005 1051 3194 1122 μέγας
3234 1051 3347 1125 [99]
3395 1052 3496 1106 ἐπὶ
3527 1051 3761 1120 πάντας

2171 1134 2312 1200 τοὺς
2359 1136 2694 1201 ἀκούοντας
2730 1136 2936 1189 ταῦτα.
2977 1135 3214 1197 Ἐκεῖνος
3268 1135 3586 1207 ἐτιμωρήθη
3611 1176 3624 1195 ,
3665 1137 3760 1189 καὶ

2171 1217 2321 1272 ἄλλοι
2350 1217 2664 1289 ἐκέρδαναν.
2692 1218 2858 1270 Ὥστε
2900 1217 2999 1288 οὐχ
3034 1216 3221 1280 ἁπλῶς
3251 1216 3409 1270 τοῦτο
3453 1219 3758 1288 οἰκονομεῖ-

2173 1318 2295 1354 ται·
2331 1300 2507 1354 καίτοι
2543 1301 2599 1354 δὲ
2635 1302 2875 1371 σημείων
2909 1300 3082 1355 ἀλλων
3116 1300 3382 1371 πρότερον
3425 1301 3757 1372 γενομένων,

2170 1386 2321 1454 ὅμως
2362 1385 2462 1437 οὐκ
2508 1380 2576 1455 ἦν
2623 1386 2784 1453 φόϐος
2837 1384 3097 1448 τοιοῦτος.
3131 1384 3317 1447 Οὕτως
3363 1383 3562 1455 ἀληθές
3613 1386 3761 1437 ἐστιν

2171 1468 2365 1530 ἐκεῖνο,
2391 1468 2473 1519 ὄτι
2508 1465 2839 1520 Γινώσκεται
2875 1466 3079 1537 Κύριος
3110 1466 3355 1537 κρίματα
3384 1466 3573 1521 ποιῶν.
3603 1465 3762 1519 Οὕτω

2171 1551 2266 1602 καὶ
2301 1550 2393 1602 ἐπὶ
2418 1553 2515 1621 τῆς
2542 1550 2778 1603 κιϐωτοῦ
2806 1550 3056 1619 γέγονεν’
3090 1548 3251 1609 Ὀζῖἱν
3280 1549 3633 1619 ἐτιμωρήθη,
3659 1550 3759 1603 καί

2177 1633 2414 1702 ἐγένετο
2447 1634 2571 1701 τοῖς
2621 1633 2836 1699 ἄλλοις
2888 1635 3092 1703 φόϐος.
3136 1632 3276 1686 Ἀλλ’
3304 1634 3420 1686 ἐκεῖ
3453 1634 3550 1703 μὲν
3582 1632 3760 1701 φοϐη-

2176 1719 2290 1781 θεὶς
2326 1720 2354 1771 6
2395 1718 2646 1788 βασιλεὺς
2690 1717 2950 1771 ἀπώσατο
2993 1717 3088 1788 τὴν
3123 1716 3389 1770 κιϐωτόνο
3422 1714 3655 1770 ἐνταῦθα
3701 1715 3760 1769 δὲ

2170 1796 2315 1854 οὕτοι
2352 1800 2549 1871 μᾶλλον
2579 1799 3074 1871 προσεκτικώτεροι
3124 1799 3387 1868 γίνονται.
3431 1795 3605 1864 Εἶδες,
3641 1797 3759 1862 πῶς

2171 1883 2272 1936 οὐκ
2316 1884 2542 1937 ἐκάλεσε
2578 1882 2743 1936 αὐτὸν
2784 1884 2812 1935 6
2846 1884 3085 1954 Πέτρος,
3122 1882 3237 1935 ἀλλ’
3288 1881 3570 1951 ἀνέμεινεν
3614 1879 3758 1933 ὥστε

2171 1966 2463 2020 εἰσελθεῖν·
2495 1965 2615 2019 οὐδέ
2647 1965 2753 2019 τῶν
2789 1964 2964 2020 ἄλλων
2989 1983 3074 2030 τις
3102 1965 3402 2037 ἐτόλμησεν
3435 1964 3670 2031 ἐξειπεῖν
3699 1962 3763 2017 16

2172 2051 2417 2119 γεγονός.
2486 2050 2677 2104 Τοῦτο
2745 2050 2908 2118 φόϐος
2957 2049 3278 2104 διδασκάλου
3303 2090 3318 2114 ,
3389 2048 3546 2102 τοῦτο
3623 2047 3759 2119 τιμὴ

2176 2133 2457 2204 μαθητῶν,
2498 2132 2657 2186 τοῦτο
2706 2133 2943 2204 ὑπακοή.
2993 2132 3177 2201 Τριῶν
3218 2130 3386 2200 ὡρῶν
3435 2129 3757 2198 διάστημα.

2173 2217 2284 2269 Καὶ
2312 2216 2411 2269 οὐκ
2444 2216 2642 2287 ἔμαθεν
2673 2216 2706 2286 ὴ
2736 2217 2896 2286 γυνὴ,
2927 2216 3047 2269 οὐδέ
3078 2214 3259 2281 ἐξεῖπέ
3298 2230 3382 2277 τις
3418 2212 3527 2266 τῶν
3558 2213 3762 2283 παρόν-

2172 2315 2302 2361 των,
2338 2298 2513 2352 καίτοι
2554 2316 2618 2367 γε
2651 2300 2833 2352 ἰκανὸν
2857 2295 2926 2369 ἦν
2952 2297 3272 2368 ἐξηχθῆναν
3307 2295 3421 2349 ἀλλ’
3446 2294 3757 2364 ἐφοϐοῦντο.

2174 2379 2346 2434 Τοῦτο
2380 2380 2509 2448 γοῦν
2547 2382 2640 2433 καὶ
2684 2381 2977 2451 θαυμάζων
3016 2381 3045 2431 6
3081 2379 3431 2451 συγγραφεὺς
3469 2377 3640 2445 λέγει,
3677 2378 3761 2431 ὅτι

2174 2463 2270 2529 Μὴ
2308 2464 2500 2517 εἰδυῖα
2548 2465 2615 2517 τὸ
2656 2464 2926 2533 γεγονὸς,
2973 2462 3242 2531 εἰσῆλθε.
3291 2460 3486 2514 Καίτοι
3532 2477 3598 2529 γε
3650 2460 3763 2514 ἀπὸ

2172 2545 2363 2600 τούτου
2398 2547 2526 2617 ἐνῆν
2568 2548 2777 2618 μαθεῖν,
2808 2548 2892 2601 ὅτι
2932 2543 3038 2600 οἰδε
3076 2545 3146 2598 τὰ
3187 2542 3537 2598 λανθάνοντα.
3574 2542 3676 2597 Διά
3709 2542 3762 2596 τί

2173 2629 2283 2699 γὰρ
2321 2630 2523 2700 μηδένα
2562 2631 2868 2701 ἐρωτήσας,
2919 2624 3063 2699 ὑμᾶς
3098 2627 3310 2699 ἐρωτᾷ;
3344 2626 3418 2679 Ἥ
3467 2626 3644 2696 δῆλον,
3679 2626 3764 2679 ὅτι

2172 2712 2247 2776 ὡς
2278 2713 2468 2777 είδώς;
2505 2712 2645 2765 Ἀλλ’
2680 2715 2713 2782 ἡ
2748 2710 2919 2782 πολλὴ
2950 2710 3206 2782 πώρωσις
3236 2710 3337 2761 οὐκ
3369 2709 3549 2761 εἴασεν
3590 2706 3765 2780 αὐτὴν

2173 2795 2234 2849 16
2278 2795 2530 2868 ἔγκλημα
2577 2795 2987 2858 ἀποδύσασθαι,
3040 2792 3175 2847 ἀλλά
3228 2790 3367 2864 μετά
3419 2790 3707 2855 αὐθαδείας
3737 2803 3762 2831 ο

2170 2879 2372 2950 πολλῆς
2428 2880 2823 2951 ἀποκρίνεταιο
2876 2876 3094 2947 ἐνόμιζε
3132 2875 3238 2947 γάρ
3287 2873 3423 2945 πρὸς
3472 2874 3762 2944 ἄνθρωπον

2171 2966 2535 3035 διαλέγεσθαι.
2564 2966 2637 3018 T6
2669 2964 2841 3019 δεινὸν
2869 2963 3047 3030 τοῦτο,
3072 2964 3154 3016 ὅτι
3186 2962 3262 3025 ὡς
3305 2965 3369 3015 ἐκ
3406 2963 3533 3032 μιᾶς
3566 2960 3764 3032 βουλῆς

2172 3052 2266 3105 ἐπὶ
2311 3052 2410 3121 τὴν
2451 3049 2726 3123 ἁμαρτίαν
2776 3044 2960 3120 ἦλθον,
3011 3045 3269 3117 ἥῶσπερ
3323 3044 3431 3099 άπὸ
3486 3045 3761 3115 συνθήκης

2173 3134 2335 3198 τινός.
2374 3134 2434 3187 Τί
2487 3134 2576 3187 ὅτι
2624 3131 3022 3200 συνεφωνήθη
3062 3128 3225 3198 ὑμῖν,
3266 3129 3435 3198 φησὶ,
3482 3126 3763 3196 πειρᾶσαι

2174 3215 2243 3268 τὸ
2277 3216 2520 3284 Πνεῦμα
2553 3214 2617 3268 τὸ
2653 3214 2860 3283 ἄγιον;
2904 3212 3048 3266 Ἰδοὺ
3085 3214 3139 3264 οἱ
3169 3210 3353 3275 πόδες
3382 3209 3503 3263 τῶν
3531 3210 3762 3277 θαψάν-

2179 3314 2299 3352 των
2347 3298 2454 3351 τὸν
2501 3297 2691 3364 ἄνδρα
2747 3311 2863 3349 σου
2913 3294 3012 3346 ἐπὶ
3064 3293 3181 3361 τὴν
3223 3294 3431 3361 θύραν,
3468 3293 3564 3346 καί
3603 3292 3763 3358 ἐξοί-

2174 3382 2359 3434 σουσί
2396 3393 2488 3433 σε.
2521 3379 2788 3449 Πρότερον
2822 3376 2988 3447 αὐτὴν
3026 3375 3264 3429 διδάσκει
3293 3375 3354 3428 16
3382 3374 3402 3413 ί
3435 3376 3762 3445 ἁμάρτημα,

2176 3464 2270 3516 καὶ
2305 3463 2425 3516 τότε
2456 3461 2750 3524 δείκνυσιν,
2776 3460 2858 3513 ὃτι
2890 3458 3114 3522 δικαίως
3141 3458 3208 3512 τά
3234 3458 3374 3511 αὐτά
3406 3458 3654 3512 πείσεται
3681 3457 3764 3527 τῷ

2175 3545 2360 3617 ἀνδρίο
2390 3544 2578 3614 ἐπειδὴ
2608 3544 2702 3596 καὶ
2740 3543 2809 3596 τά
2851 3543 2990 3596 αὐτά
3018 3543 3253 3613 ἥμαρτε.
3288 3542 3396 3594 Καὶ
3431 3542 3568 3605 πῶς,
3601 3542 3760 3612 φησὶ,

2175 3627 2543 3697 Παραχρῆμα
2577 3627 2761 3681 ἔπεσε
2809 3627 2968 3694 παρὰ
3001 3626 3145 3690 τοὺς
3175 3625 3366 3689 πόδας
3411 3624 3623 3688 αὑτοῦ,
3659 3625 3762 3678 καί

2175 3710 2476 3777 ἐξέψυξεν
2487 3725 2507 3774 ;
2532 3709 2654 3762 Ὀτι
2686 3708 2910 3779 πλησίον
2937 3709 3197 3778 εἱστήκει.
3227 3706 3413 3770 Οὕτως
3442 3706 3596 3758 αὐτοὶ
3636 3705 3762 3759 καθ’

2176 3793 2387 3847 ἑαυτῶν
2419 3793 2516 3863 τὴν
2549 3792 2815 3864 τιμωρίαν
2861 3791 3260 3845 ἐπεσπάσαντο.
3303 3790 3399 3855 Τίς
3442 3789 3626 3843 λοιπὸν
3658 3790 3761 3844 οὐκ

2180 3875 2246 3930 ἂν
2279 3874 2589 3945 ἐξεπλάγης
2630 3874 2715 3937 τίς
2758 3875 2857 3927 οὐκ
2889 3873 2953 3926 ἂν
2985 3872 3154 3926 ἔδεισε
3188 3872 3280 3925 τὸν
3310 3872 3643 3938 ἀπόστολονς
3673 3872 3760 3935 τίς

2178 3959 2277 4011 οὐκ
2300 3957 2364 4011 ἂν
2403 3956 2676 4026 ἐθαύμασε
2705 3972 2719 4021 ;
2746 3955 2855 4008 Καί
2890 3949 3052 4025 ἦσαν
3090 3957 3115 3995 κ
3146 3954 3539 4023 όμοθιψαδὸν,
3571 3954 3757 4025 φησὶν,

2180 4040 2443 4103 ἅπαντες
2472 4039 2541 4091 ἐν
2577 4037 2653 4105 τῇ
2689 4036 2842 4105 στοᾷ
2873 4036 3277 4107 Σολομῶντος.
3313 4037 3407 4091 Ἐκ
3442 4036 3631 4090 τούτου
3663 4036 3758 4107 δῆ-

2179 4122 2291 4187 λον,
2337 4123 2417 4175 ὃτι
2467 4122 2566 4174 οὐκ
2598 4124 2655 4173 ἐν
2687 4121 2853 4189 οἰκίᾳ,
2885 4119 3020 4173 ἀλλά
3070 4120 3131 4173 τὸ
3168 4120 3311 4191 ἱερὸν
3336 4118 3756 4181 ’καταλαϐόντες

2180 4207 2295 4258 ἐκεῖ
2322 4202 2583 4274 διέτριϐον
2606 4220 2620 4233 ·
2652 4201 2772 4255 οὕτε
2808 4202 2910 4272 μὴν
2939 4201 3122 4255 λοιπὸν
3144 4203 3466 4273 ἀκαθάρτων
3490 4202 3756 4256 ἅπτεσθαι

2180 4285 2564 4355 ἐφυλάττοντο,
2596 4283 2708 4337 ἀλλ’
2736 4284 2922 4348 ἁπλῶς
2955 4285 3189 4355 ἥπτοντο
3235 4284 3344 4337 τῶν
3388 4282 3615 4354 νεκρῶν.
3648 4285 3757 4337 Καὶ

2180 4370 2316 4439 ὅρα,
2357 4368 2475 4432 πῶς
2510 4369 2567 4421 ἐν
2610 4366 2708 4437 μὲν
2752 4372 2864 4432 τοῖς
2911 4370 3132 4431 οἰκείοις
3181 4370 3287 4420 εἰσὶ
3333 4366 3570 4438 σφοδροὶ,
3606 4368 3665 4420 ἐν
3696 4366 3756 4419 δὲ

2180 4455 2292 4516 τοῖς
2340 4449 2644 4522 ἀλλοτρίοις
2678 4451 2738 4503 οὐ
2781 4452 3076 4523 κέχρηνται
3116 4453 3180 4522 τῇ
3222 4450 3470 4519 δυνάμει.
3503 4447 3759 4502 Μᾶλλον

2181 4536 2278 4601 δὲ,
2315 4538 2480 4606 φησι,
2529 4536 2950 4602 προσετίθεντο
3004 4534 3390 4589 πιστεύοντες
3433 4532 3512 4597 τῷ
3562 4532 3758 4598 Κυρίῳ

2181 4619 2382 4688 πλήθη
2410 4617 2646 4686 ἀνδρῶν
2677 4636 2742 4672 τε
2766 4620 2863 4673 καὶ
2908 4615 3233 4688 γυναικῶν·
3262 4614 3419 4669 ὥστε
3456 4615 3606 4668 κατὰ
3646 4613 3756 4681 τὰς

2181 4702 2468 4766 πλατείας
2502 4700 2725 4754 τιθέναι
2766 4701 2909 4766 τοὺς
2942 4698 3218 4765 ἀσθενεῖς
3241 4699 3339 4752 ἐπὶ
3388 4695 3615 4751 κλινῶν
3654 4697 3753 4750 καί

2181 4783 2537 4851 κραϐϐάτων,
2587 4785 2687 4835 ἵνα
2737 4782 3060 4850 ἐρχομένου
3112 4782 3335 4850 Πέτρου
3363 4781 3479 4835 κᾶν
3529 4781 3567 4850 ἠ
3609 4779 3757 4834 σκιὰ

2178 4870 2505 4938 ὲπισκιάσῃ
2538 4887 2592 4923 τι
2601 4870 2658 4922 νί
2688 4868 2906 4922 αὐτῶν.

2250 4959 2317 5020 γ’.
2339 4952 2514 5021 Πολλὴ
2539 4952 2647 5003 τῶν
2691 4952 3022 5020 προσιόντων
3071 4954 3103 5022 ή
3135 4952 3335 5019 πίστις,
3365 4953 3460 5006 καὶ
3487 4950 3687 5022 μείζων
3719 4952 3753 5024 ἢ

2182 5036 2276 5088 ἐπὶ
2300 5034 2394 5087 τοῦ
2422 5034 2678 5104 Χριστοῦ.
2722 5033 2892 5087 Πόθεν
2923 5033 2985 5106 δὴ
3006 5036 3162 5089 τοῦτο
3192 5036 3447 5104 γέγονενς
3476 5035 3607 5088 Ἀπὸ
3660 5033 3754 5087 τοῦ

2179 5118 2271 5169 τὸν
2291 5117 2525 5186 Χριστὸν
2544 5115 2923 5187 ἀποφήνασθαι
2955 5119 3047 5170 καὶ
3103 5120 3298 5171 εἰπεῖν·
3352 5119 3417 5171 ’0
3455 5117 3756 5171 πιστεύων

2181 5200 2266 5265 είς
2297 5198 2421 5267 ἐμὲ,
2442 5199 2513 5252 τὰ
2528 5199 2691 5266 ἔργα,
2714 5196 2883 5266 ἂέγὼ
2916 5200 3077 5266 ποιῶ,
3111 5200 3369 5267 ποιήσει,
3402 5201 3499 5254 καί
3516 5198 3756 5269 μείζονα

2182 5282 2437 5347 ποιήσει.
2465 5281 2747 5334 Μενόντων
2759 5282 2864 5352 γὰρ
2883 5283 3058 5337 αὐτῶν
3075 5285 3190 5337 ἐκεῖ
3216 5287 3308 5336 καὶ
3323 5285 3385 5337 οὐ
3417 5282 3752 5353 περιιόντων,

2182 5362 2374 5433 ἔφερον
2416 5362 2613 5426 πάντες
2664 5364 2756 5415 ἐπὶ
2792 5364 2899 5415 τῶν
2951 5365 3145 5418 κλινῶν
3183 5368 3275 5419 καὶ
3315 5365 3639 5436 κραϐϐάτων
3661 5362 3754 5427 οὕς

2182 5440 2326 5515 εἶχον
2383 5445 2647 5511 ἀσθενεῖς,
2692 5446 2785 5500 καὶ
2830 5447 3094 5500 πάντοθεν
3145 5450 3331 5512 αὐτοῖς
3390 5450 3653 5519 συνήγετο
3689 5447 3751 5501 τὸ

2183 5533 2385 5606 θαῦμα,
2410 5536 2516 5589 ἀπὸ
2539 5537 2646 5590 τῶν
2673 5538 3097 5604 πιστευσάντων,
3122 5540 3231 5593 ἀπὸ
3264 5540 3371 5594 τῶν
3395 5537 3758 5610 θεραπευθέν-

2252 5766 2275 5821 f
2419 5758 2700 5821 παρρησίας.

2255 5818 2273 5856 ι
2297 5820 2399 5885 ,μη
2413 5817 2638 5885 πρότερον
2657 5818 2802 5885 αὐτῆς
2822 5817 3031 5867 παιδεύει
3049 5819 3122 5868 τό.
3190 5821 3216 5861 ε
3252 5820 3350 5872 Alii
3384 5821 3621 5884 ἐθαύμασε
3639 5833 3657 5885 ς
3675 5821 3757 5878 Τίς

2188 5880 2277 5931 οὐκ
2299 5882 2355 5928 ἂν
2380 5878 2612 5941 ἐφοὸἡθὴ;
2656 5880 2749 5927 Καὶ
2770 5878 2914 5937 ἦσαν.
