4084 6174
277 313 361 366 liii

273 427 432 480 modo.
462 456 530 466 —-
559 424 638 479 'l‘u
667 437 795 478 vero
822 422 950 477 mihi
978 421 1279 487 considera,
1308 419 1581 490 quomodo
1614 426 1721 473 tota
1749 418 1856 472 vita

272 518 369 573 illis
394 532 459 572 ex
491 515 772 570 contrariis
802 523 1140 568 contexatur.
1167 512 1366 567 Maeror
1397 511 1601 580 primus
1627 508 1728 563 fuit
1754 523 1846 564 as-

271 607 499 677 sumptio
540 605 777 671 Christi;
809 603 1003 659 deinde
1038 604 1223 659 laetitia
1257 617 1352 672 per
1377 601 1606 671 Spiritus
1631 600 1855 655 descen-

272 714 381 753 sum
409 714 425 764 ;
457 711 641 752 rursus
683 711 885 754 mmror
910 696 980 751 ob
1011 696 1262 751 irrisores
1306 712 1319 748 :
1348 694 1541 749 deinde
1571 694 1749 748 laetitia
1789 708 1854 748 ex

274 790 511 846 ﬁdelibus
535 799 588 846 et
613 806 679 845 ex
701 792 887 858 signo;
927 788 1121 843 iterum
1145 801 1364 851 maeror,
1388 786 1527 856 quod
1548 785 1854 857 apprehen-

272 883 558 948 derentur;
587 882 712 938 hinc
737 883 919 937 lautitia
961 897 1060 951 per
1099 880 1394 951 apologiam
1423 896 1595 934 suam.
1624 880 1855 935 Rursum

272 973 350 1029 hic
393 974 574 1029 laetitia
603 985 657 1029 et
694 988 917 1030 mceror.
946 972 1079 1026 Nam
1118 972 1257 1042 quod
1283 972 1554 1040 conspicui
1597 979 1778 1026 essent
1802 979 1857 1025 ct

273 1066 357 1121 Dei
389 1067 809 1122 revelationibus
832 1065 1160 1132 fruerentur,
1188 1065 1368 1120 laetitia
1387 1075 1503 1120 erat
1526 1082 1541 1131 ;
1568 1064 1707 1135 quod
1727 1080 1855 1120 veto

269 1158 422 1212 etiam
465 1172 592 1213 suos
653 1158 998 1223 occiderent,
1044 1156 1316 1211 maestitia.
1350 1157 1549 1211 lterum
1580 1156 1758 1211 laetitia
1785 1172 1850 1213 ex

266 1249 570 1318 splendore,
604 1249 909 1318 iterumque
932 1262 1132 1301 mmror
1156 1260 1186 1301 a
1217 1246 1459 1317 principe
1482 1246 1842 1301 sacerdotum.

267 1338 332 1393 Et
351 1339 455 1395 hoc
468 1339 666 1409 ubique
691 1336 1077 1393 considerando
1095 1336 1275 1391 videre
1294 1349 1575 1406 possumus
1596 1354 1609 1391 :
1630 1337 1680 1391 id
1706 1337 1848 1407 quod

264 1432 423 1486 etiam
447 1430 588 1501 apud
611 1438 821 1486 veteres
849 1430 1082 1486 invenire
1102 1437 1203 1483 est.
1230 1427 1427 1483 Verum
1446 1429 1556 1498 jam
1585 1443 1745 1498 supra
1770 1428 1851 1483 di-

261 1533 343 1579 cta
374 1536 702 1593 repetamus.
746 1519 1052 1588 Vendebant,
1080 1520 1269 1591 inquit,
1300 1531 1346 1574 et
1361 1520 1637 1588 offerebant
1663 1522 1845 1593 pretia,

259 1625 303 1670 et
347 1617 606 1685 ponebant
649 1624 765 1669 ante
804 1615 956 1683 pedes
1003 1613 1379 1682 apostolorum.‘
1428 1614 1580 1681 Vide,
1629 1614 1844 1682 dilecte,

261 1705 528 1776 quomodo
570 1721 674 1761 nun
719 1705 1091 1775 permitterent
1138 1706 1411 1774 apostolos
1454 1705 1719 1770 vendere;
1751 1706 1845 1761 sed

210 1794 213 1795 ⁷
260 1797 357 1866 ipsi
384 1795 697 1863 venderent,
728 1804 783 1850 et
809 1795 916 1850 illis
936 1794 1106 1865 pretia
1133 1794 1342 1850 darent.
1366 1798 1435 1850 At
1463 1811 1566 1851 non
1594 1796 1671 1851 sic
1695 1798 1844 1852 Ana-

261 1890 406 1949 nias;
450 1887 543 1943 sed
583 1886 850 1943 subtrahit
897 1886 1095 1956 aliquid
1144 1886 1212 1941 de
1259 1887 1429 1956 pretio
1485 1889 1638 1958 agri,
1683 1904 1840 1958 quem

260 1978 599 2045 vendiderat;
652 1977 879 2048 ideoque
927 1979 1163 2048 punitur,
1220 1986 1403 2047 utpote
1446 1979 1535 2048 qui
1578 1994 1688 2034 rem
1735 1995 1841 2035 non

257 2070 391 2126 bene
414 2079 644 2140 gereret,
671 2079 726 2126 et
747 2085 844 2125 sua
870 2070 1035 2125 furari
1061 2070 1577 2140 deprehenderetur.
1600 2072 1698 2127 llic
1715 2087 1840 2143 per-

256 2164 593 2236 stringuntur
615 2162 958 2230 sacerdotes,
986 2172 1040 2219 et
1066 2164 1281 2234 quidem
1313 2165 1679 2222 vehementer.
1707 2169 1838 2235 Quia

258 2269 386 2309 vero
429 2270 563 2309 uxor
590 2254 707 2324 ejus
732 2255 810 2309 rei
855 2255 1067 2310 conscia
1098 2264 1251 2321 erat;
1298 2256 1419 2312 ideo
1454 2256 1595 2312 illam
1626 2273 1839 2329 quoque

252 2348 541 2403 examinat.

318 2439 373 2492 2.
406 2441 477 2493 At
520 2439 722 2494 dixerit
747 2440 979 2496 fortasse
1003 2440 1269 2511 quispiam
1294 2482 1309 2508 ,
1342 2442 1684 2497 acerbissime
1711 2458 1834 2500 cum

250 2530 334 2586 illa
356 2540 534 2586 actum
560 2547 702 2588 esse.
727 2531 1276 2604 Quid,qu:cso,dicis?
1303 2550 1422 2605 quae
1447 2536 1708 2592 acerbitas
1735 2537 1834 2592 ?Si

246 2622 310 2689 is,
340 2623 432 2693 qui
462 2623 601 2694 ligna
629 2623 845 2694 collegit
867 2624 921 2677 in
950 2623 1192 2702 sabbato,
1228 2624 1492 2695 lapidatur
1523 2625 1712 2696 (Num.
1744 2627 1830 2683 15.

244 2714 379 2784 35),
418 2716 588 2771 multo
617 2717 786 2786 magis
812 2716 901 2786 qui
927 2731 1079 2772 sacra
1101 2717 1284 2788 diripit
1315 2736 1328 2772 :
1362 2720 1560 2774 etenim
1593 2721 1833 2790 pecuniae

241 2806 345 2862 illa:
371 2808 485 2877 jam
515 2823 683 2864 sacrae
723 2818 894 2864 erant.
937 2809 1119 2880 Itaque
1159 2811 1248 2881 qui
1277 2811 1445 2866 voluit
1471 2826 1565 2866 sua
1595 2813 1834 2869 vendere

240 2906 291 2951 et
314 2897 453 2954 dare
477 2939 492 2964 ,
518 2898 820 2970 deindeque
857 2900 1112 2969 subripit,
1148 2902 1436 2971 sacrilegus
1465 2911 1610 2958 certe
1651 2903 1829 2958 fuerit.

236 2986 295 3042 Si
328 3002 467 3044 vero
490 2989 557 3053 is,
588 2990 680 3058 qui
711 3004 775 3044 ex
801 2990 911 3044 suis
936 2989 1185 3057 subripit,
1215 2992 1505 3060 sacrilegus
1532 3000 1635 3059 est,
1665 2992 1833 3051 multo

234 3081 413 3150 magis
441 3080 488 3134 is
512 3121 527 3146 ,
559 3081 651 3149 qui
691 3095 759 3135 ex
787 3080 999 3136 alienis.
1038 3081 1115 3135 Ne
1148 3083 1343 3151 putetis
1372 3084 1515 3138 enim
1536 3124 1550 3149 ,
1576 3086 1695 3154 quia
1722 3087 1830 3157 jam

234 3183 341 3224 non
391 3170 468 3223 ita
510 3169 588 3236 ﬁt,
638 3185 737 3225 nec
782 3172 960 3225 statim
1004 3172 1245 3244 sequitur
1284 3175 1431 3241 ultio,
1462 3175 1578 3230 haec
1616 3178 1829 3247 impune

233 3260 364 3318 fore.
395 3261 591 3317 Viden‘
622 3262 724 3319 hoc
776 3263 829 3318 in
871 3263 1072 3320 crimen
1120 3266 1333 3333 vocari,
1365 3267 1504 3336 quod
1544 3284 1662 3323 cum
1709 3270 1826 3326 illas

236 3355 497 3423 pecunias
538 3369 720 3411 sacras
747 3357 962 3413 fecisset
986 3400 1000 3424 ,
1032 3357 1098 3413 de
1130 3359 1233 3415 illis
1258 3360 1560 3431 subripiat?
1589 3364 1781 3419 Annon
1806 3405 1821 3431 ,

234 3443 441 3514 inquit,
474 3453 689 3514 poteras
729 3446 835 3502 illis
881 3447 1137 3514 venditis,
1172 3457 1230 3504 ut
1274 3452 1503 3520 propriis
1531 3453 1653 3506 ui?
1697 3470 1822 3509 num

233 3536 536 3604 prohibitus
576 3539 678 3592 es?
719 3552 817 3593 cur
859 3540 1112 3609 subripis,
1162 3551 1443 3611 postquam
1491 3545 1824 3613 promisisti?

234 3624 385 3694 Vide,
413 3628 691 3698 quomodo
719 3629 898 3684 statim
927 3644 959 3685 a
989 3631 1251 3700 principio
1277 3646 1397 3687 sesc
1426 3633 1677 3689 immittat
1705 3636 1821 3690 dia-

1360 307 1425 363 IN
1467 305 1641 361 ACTA
1684 302 2202 360 APOSTOLORUM.
2242 302 2471 360 ΠΟΜΙΙ..
2516 306 2628 363 Xll.

3452 319 3550 373 {03

1967 417 2220 471 voluisti?
2248 421 2291 474 Α
2323 422 2585 491 principio
2636 425 2870 481 retinere
2909 431 3181 498 oportuit,
3211 442 3266 488 et
3293 450 3396 490 non
3430 453 3546 505 pro-

1963 508 2175 564 mittere
2210 527 2222 562 :
2256 526 2399 568 nunc
2445 523 2625 568 autem
2675 525 2953 588 postquam
2984 535 3396 581 consecraveras
3423 539 3548 582 sun-

1960 600 2177 668 ripiens,
2212 603 2382 673 majus
2407 606 2744 676 sacrilegium
2776 610 3060 670 admisisti.
3091 615 3221 672 Nam
3248 619 3340 689 qui
3365 621 3542 677 aliena

1967 690 2128 759 rapit,
2174 691 2311 749 forte
2340 709 2405 750 ex
2450 697 2741 753 alienarum
2787 716 2966 756 rerum
3006 707 3300 775 cupiditate
3351 715 3487 783 rapit
3526 731 3541 768 :

1962 781 2055 835 tibi
2084 797 2213 839 vero
2245 784 2438 842 licebat
2468 796 2553 842 tua
2592 791 2811 847 habere.
2849 791 2957 848 Cur
2982 811 3110 866 ergo
3138 799 3223 853 illa
3248 781 3546 862 sacra—red-

1959 872 2169 940 didisti,
2221 886 2276 933 et
2318 888 2503 947 postea
2550 883 2818 951 rapuisti?
2863 886 2942 941 Ex
2996 905 3188 961 magno
3235 906 3541 970 contemptu

1958 965 2009 1019 id
2041 966 2231 1024 fecisti.
2277 970 2506 1029 Facinus
2549 977 2760 1031 veniam
2804 994 2907 1034 non
2946 979 3144 1051 habet,
3192 965 3537 1049 excusatione

1956 1067 2125 1114 caret.

2028 1150 2305 1208 Sacrorum
2331 1159 2634 1225 expilatores
2680 1169 2904 1233 tempore
2947 1164 3308 1238 Chrysoslomi.
3336 1204 3407 1215 —-—
3434 1176 3539 1234 Ne-

1955 1242 2083 1296 mini
2115 1253 2291 1300 antem
2322 1248 2644 1305 offendiculo
2694 1255 2795 1320 sit,
2841 1256 2885 1309 si
2916 1259 3003 1327 qui
3049 1260 3159 1329 jam
3209 1264 3317 1319 sint
3357 1281 3537 1326 sacro-

1954 1346 2069 1385 rum
2097 1337 2439 1404 expilatores.
2472 1340 2603 1395 Nam
2634 1343 2679 1396 si
2729 1354 2853 1401 tunc
2900 1347 3135 1417 luerunt,
3167 1355 3337 1411 multo
3368 1363 3536 1431 magis

1954 1438 2115 1488 nunc,
2162 1441 2284 1481 cum
2338 1432 2504 1485 multa
2552 1442 2676 1487 sunt
2720 1436 2878 1490 mala.
2933 1438 3040 1494 Sed
3081 1445 3537 1512 reprehendamus

1953 1513 2074 1569 illos
2111 1530 2292 1572 coram
2343 1521 2592 1577 omnibus
2616 1563 2631 1587 ,
2667 1533 2722 1578 ut
2747 1536 2801 1580 et
2829 1533 3007 1583 caeteri
3037 1543 3241 1590 metum
3275 1535 3531 1597 habeant.

1949 1605 2113 1662 Judas
2143 1610 2438 1680 sacrilegus
2464 1623 2582 1668 erat
2610 1631 2623 1679 ;
2649 1629 2830 1670 verum
2859 1618 2910 1672 id
2932 1620 3207 1690 discipulis
3230 1642 3335 1682 non
3363 1630 3536 1699 offert:

1950 1699 2129 1757 diculo
2158 1702 2279 1757 l‘uit.
2314 1704 2500 1760 Viden‘
2515 1719 2709 1778 quanta
2739 1711 2875 1764 mala
2898 1715 3242 1781 pecuniarum
3268 1724 3531 1792 cupiditas

1946 1793 2150 1861 pariat?
2171 1794 2233 1848 Et
2251 1800 2419 1867 factus
2444 1809 2536 1864 est,
2556 1799 2742 1870 inquit,
2769 1803 2920 1857 timor
2934 1821 3146 1876 magnus
3164 1825 3317 1881 super
3333 1830 3525 1882 omnes,

1945 1886 2031 1953 qui
2049 1886 2157 1939 licet:
2180 1888 2469 1943 audierunt.
2486 1890 2580 1944 llle
2594 1893 2808 1961 punitus
2834 1903 2935 1958 est,
2954 1905 3008 1950 ct
3035 1898 3123 1953 alii
3145 1900 3331 1958 lucrati
3362 1917 3486 1962 sunt
3510 1925 3526 1963 :

1944 1972 2121 2043 itaque
2135 1990 2238 2031 non
2257 1979 2370 2032 sine
2383 1993 2541 2033 causa
2557 1980 2625 2033 ita
2640 1979 3003 2051 dispensatum
3017 1996 3117 2042 est.
3134 1989 3244 2046 Etsi
3261 1993 3363 2048 alia
3378 1997 3528 2065 signa

1943 2064 2091 2131 prius
2118 2064 2252 2121 facta
2282 2066 2511 2131 fuerant,
2549 2078 2783 2126 attamen
2814 2089 2917 2126 non
2943 2075 3063 2130 talis
3085 2088 3201 2133 erat
3225 2064 3530 2143 mctus.Sic

1944 2169 2125 2210 verum
2153 2167 2235 2212 est
2261 2159 2387 2213 illttd
2422 2178 2434 2212 :
2468 2160 2807 2231 Cognoscetur
2838 2164 3084 2223 Dominus
3102 2171 3305 2240 judicia
3333 2177 3527 2245 faciens

1943 2246 2112 2321 (Psal.
2146 2250 2200 2305 9.
2232 2251 2344 2321 l7).
2371 2252 2462 2309 Sic
2488 2264 2543 2309 et
2571 2257 2622 2309 in
2653 2271 2775 2312 arca
2804 2258 2999 2314 factum
3030 2272 3149 2317 est:
3191 2263 3334 2321 Ozan
3366 2271 3527 2338 puni-

1942 2345 2026 2393 tus
2046 2348 2128 2394 est
2160 2340 2233 2409 (2.
2265 2341 2393 2414 Reg.
2431 2344 2486 2400 (ι.
2526 2345 2601 2415 7),
2651 2355 2704 2401 et
2735 2347 2858 2403 hinc
2885 2350 3047 2406 timor
3087 2353 3226 2411 aliis.
3275 2356 3379 2413 Sed
3418 2359 3526 2417 illic

1940 2430 2154 2500 quidem
2185 2443 2431 2489 metuens
2460 2451 2581 2503 rex,
2611 2452 2787 2493 aream
2833 2443 3063 2509 amovit;
3098 2443 3184 2501 hic
3213 2455 3391 2504 autem
3432 2453 3524 2508 alii

1937 2522 2249 2578 sttentiores
2274 2524 2392 2579 facti
2416 2535 2556 2582 sunt.
2590 2528 2768 2596 Vides,
2791 2533 3059 2600 quomodo
3089 2550 3196 2590 non
3224 2541 3423 2594 vocavit
3451 2542 3522 2597 ει.

1938 2616 2042 2670 lam
2076 2617 2288 2686 Petrus,
2338 2622 2431 2675 sed
2475 2628 2804 2692 exspectavit
2847 2627 3018 2685 donec
3049 2631 3314 2689 intraret:
3346 2651 3521 2706 neque

1936 2707 2075 2762 alius
2105 2709 2370 2778 quispiam
2412 2726 2572 2768 ausus
2598 2724 2681 2768 est
2708 2720 3028 2774 annuntiare
3056 2723 3201 2790 quod
3229 2726 3517 2782 acciderat.

1936 2797 2050 2853 lloc
2076 2800 2315 2869 magistri
2361 2801 2519 2855 timor
2544 2816 2677 2867 erat,
2710 2804 2883 2860 honor
2907 2808 3287 2880 discipulorum
3313 2823 3368 2870 et
3389 2815 3520 2872 obe-

1936 2889 2156 2946 dientia.
2193 2890 2369 2946 Trium
2398 2894 2638 2948 horarum
2667 2897 2907 2964 spatium.
2931 2899 3113 2970 Neque
3150 2902 3335 2960 didicit
3362 2921 3516 2973 uxor,

1937 2995 2035 3035 nec
2063 2982 2181 3053 quis
2212 2985 2549 3053 prmscntium
2579 2987 2858 3055 nuntiavit,
2886 2992 3127 3059 quamvis
3157 2994 3222 3049 ad
3245 2995 3519 3067 divulgan-

1933 3071 2059 3126 dum
2082 3080 2164 3128 sat
2189 3075 2446 3144 temporis
2476 3087 2652 3143 esset;
2685 3092 2867 3132 verum
2902 3081 3181 3139 timebant.
3214 3084 3325 3141 Hoc
3353 3088 3514 3143 etiam

1930 3163 2205 3219 admirans
2242 3166 2473 3235 scriptor
2492 3168 2604 3222 ait:
2640 3167 2885 3226 Nesciens
2914 3173 3050 3245 quod
3101 3178 3292 3246 factum
3325 3179 3510 3248 fuerat,

1928 3255 2169 3311 introivit.
2201 3258 2361 3327 Atqui
2394 3258 2515 3313 hinc
2535 3259 2742 3318 discere
2769 3263 2964 3319 licebat
2989 3266 3162 3336 ipsum
3192 3271 3403 3327 novisse
3424 3286 3510 3340 ea,

1927 3361 2045 3415 quae
2071 3348 2281 3402 occulta
2309 3359 2483 3404 erant.
2512 3351 2620 3407 Cur
2646 3354 2788 3408 enim
2811 3356 2898 3425 qui
2924 3358 3194 3414 neminem
3213 3361 3512 3433 interroga-

1924 3448 2096 3502 verat,
2120 3454 2216 3493 vos
2246 3439 2578 3512 interrogat?
2597 3444 2813 3510 Annon,
2839 3457 2896 3500 ut
2916 3446 3102 3517 liquet,
3134 3450 3256 3519 quia
3282 3453 3512 3510 sciebat?

1925 3528 2028 3585 Sed
2061 3530 2221 3587 nimia
2249 3534 2461 3588 caecitas
2508 3549 2613 3589 non
2656 3538 2897 3606 permisit
2937 3539 3080 3595 illam
3110 3542 3314 3597 crimen
3343 3544 3512 3616 depo-

1927 3635 2086 3687 nere;
2120 3623 2223 3678 ‘sed
2270 3639 2391 3679 cum
2436 3624 2656 3681 audacia
2704 3628 2869 3683 multa
2917 3632 3253 3700 respondet.
3282 3634 3511 3693 Putabat

1923 3712 2067 3766 enim
2092 3728 2152 3769 se
2172 3728 2293 3768 cum
2325 3714 2540 3772 homine
2560 3717 2722 3788 loqui.
2751 3718 2863 3774 Hoc
2886 3734 3048 3791 grave
3067 3732 3202 3788 erat,
3233 3726 3373 3795 quod
3402 3741 3511 3783 uno

1923 3807 2148 3862 consilio
2197 3815 2253 3862 et
2302 3809 2453 3879 quasi
2507 3825 2573 3865 ex
2617 3820 2774 3880 pacto
2819 3824 3096 3882 peccatum
3140 3816 3505 3875 admisissent.

1927 3898 2063 3966 Quid
2093 3900 2263 3968 utique
2304 3903 2534 3957 convenit
2573 3905 2730 3968 vobis,
2779 3904 2982 3975 inquit,
3028 3917 3220 3965 tentare
3255 3910 3507 3981 Spiritum

1922 3993 2193 4045 sanctum?
2233 3991 2368 4048 Ecce
2410 3995 2562 4065 pedes
2611 4011 2786 4050 eorum
2809 4038 2824 4063 ,
2866 4000 2953 4068 qui
2998 4001 3300 4069 sepelierunt
3343 4004 3505 4059 uirum

1922 4090 2085 4147 tuum,
2113 4084 2183 4137 ad
2211 4085 2429 4152 ostium;
2451 4095 2496 4139 et
2522 4084 2728 4150 afferent
2754 4096 2821 4141 te.
2844 4087 2998 4142 Prius
3019 4089 3164 4144 illam
3188 4090 3345 4146 docet
3364 4094 3506 4162 quod

1922 4173 2245 4243 peccaverit,
2275 4184 2330 4231 et
2360 4183 2487 4231 tunc
2514 4177 2748 4232 ostendit
2772 4177 3096 4246 illumjuste,
3128 4195 3248 4250 quae
3278 4181 3359 4234 vir
3380 4198 3503 4251 pas-

1921 4278 2015 4317 sus
2051 4272 2188 4325 erat,
2228 4279 2503 4333 passuram
2543 4281 2684 4330 esse,
2733 4268 2856 4336 quia
2904 4267 3122 4334 perinde
3166 4281 3500 4337 peccaverat.

1924 4353 1990 4407 Et
2005 4353 2292 4422 quomodo,
2317 4355 2546 4422 inquies,
2568 4355 2842 4425 Confestim
2868 4357 3042 4409 cecidit
3063 4368 3180 4412 ante
3204 4360 3355 4428 pedes
3370 4365 3500 4434 ejus,

1922 4453 1967 4498 et
1994 4443 2304 4513 exspiravit?
2334 4443 2467 4510 Quia
2510 4459 2678 4515 prepe
2704 4445 2967 4500 adstabat.
2995 4445 3084 4501 Sic
3112 4448 3184 4502 illi
3214 4453 3267 4503 in
3295 4453 3503 4522 seipsos

1921 4535 2181 4588 ultionem
2212 4542 2563 4589 attraxerant.
2592 4535 2720 4601 Quis
2750 4536 2964 4591 demum
2984 4551 3088 4593 non
3117 4539 3501 4611 obstupuisset?

1920 4626 2039 4695 quis
2067 4627 2362 4695 apostolum
2404 4643 2508 4681 non
2538 4628 2832 4682 timuisset?
2862 4629 2980 4699 quis
3027 4645 3132 4686 non
3163 4631 3385 4689 miratus
3411 4651 3502 4692 es-

1920 4718 2035 4772 set?
2070 4716 2134 4771 Et
2163 4729 2325 4785 erant,
2356 4719 2544 4790 inquit,
2574 4720 2874 4775 unanimiter
2892 4739 3064 4777 omnes
3091 4725 3143 4779 in
3172 4728 3368 4797 porticu
3393 4730 3498 4786 Sa-

1921 4811 2151 4866 lomonis.
2183 4812 2281 4868 Hic
2321 4813 2493 4883 palam
2523 4823 2624 4878 est,
2672 4813 2790 4868 illos
2818 4829 2920 4868 non
2952 4817 3005 4870 in
3031 4815 3193 4873 domo
3225 4822 3494 4892 quapiam,

1918 4903 2013 4959 sed
2050 4906 2102 4959 in
2154 4906 2353 4975 templo
2402 4917 2643 4960 versatos
2678 4921 2818 4961 esse.
2860 4906 3043 4978 Neque
3075 4909 3211 4964 ultra
3241 4914 3498 4970 cavebant

1918 4995 2019 5049 sibi
2059 5011 2126 5051 ne
2178 4996 2449 5051 immunda
2498 4997 2888 5066 contingerent,
2940 4996 3033 5053 sed
3087 5001 3205 5055 sine
3242 5005 3496 5073 scrupulo

1920 5095 2160 5142 mortuos
2188 5087 2498 5158 tangebant.
2544 5088 2607 5142 Et
2635 5087 2776 5153 vide,
2808 5087 3076 5156 quomodo
3101 5104 3225 5159 erga
3261 5105 3389 5147 suos
3412 5108 3497 5148 sc-

1918 5178 2028 5232 veri
2058 5178 2187 5242 sint,
2236 5193 2360 5247 erga
2391 5178 2524 5233 alios
2568 5187 2745 5233 autem
2798 5187 3062 5248 potestate
3104 5196 3206 5235 non
3257 5190 3494 5239 utantur.

1925 5266 2096 5338 Magis
2117 5277 2307 5333 autem,
2343 5269 2532 5339 inquit,
2557 5269 2832 5340 augebatur
2854 5271 3164 5325 credentium
3198 5273 3251 5326 in
3276 5272 3499 5330 Domino

1921 5358 2190 5412 multitudo
2219 5360 2442 5413 uirorum
2469 5370 2515 5413 et
2540 5362 2804 5415 mulierum
2828 5376 2849 5424 ;
2875 5361 2946 5414 ita
2971 5370 3026 5414 ut
3056 5362 3108 5414 in
3138 5361 3317 5434 plateis
3335 5381 3497 5434 pone-

1919 5462 2031 5506 rent
2066 5452 2298 5521 inﬁrmos
2335 5454 2387 5506 in
2423 5453 2619 5506 lectulis
2662 5470 2722 5506 ac
2756 5453 3007 5523 grabatis,
3049 5462 3103 5505 ut
3141 5455 3363 5510 ueniente
3398 5456 3496 5512 Pe-

1921 5555 1997 5600 tro
2033 5545 2211 5599 saltem
2234 5546 2411 5598 umbra
2434 5545 2571 5599 illius
2598 5545 2918 5598 adumbraret
2938 5560 3236 5613 quemquam
3269 5547 3497 5608 illorum.

1995 5636 2047 5691 5.
2080 5634 2266 5704 Magna
2296 5634 2659 5690 accedentium
2706 5634 2868 5697 ﬁdes,
2913 5641 2969 5688 et
3004 5634 3176 5702 major
3200 5651 3357 5705 quam
3399 5639 3498 5695 sub

1921 5727 2039 5799 ipso
2064 5725 2293 5783 Christo.
2318 5722 2473 5781 Unde
2501 5732 2676 5780 autem
2704 5724 2805 5780 hoc
2828 5722 3021 5781 factum
3044 5725 3163 5781 est?
3189 5725 3321 5796 Quia
3341 5728 3498 5785 Chri-

234 3715 386 3774 hnlus
433 3719 579 3774 inter
621 3720 772 3790 signa
801 3728 855 3775 et
884 3720 1140 3775 miracula
1184 3730 1369 3785 tanta;
1401 3724 1507 3780 imo
1551 3726 1821 3795 quomodo

233 3807 316 3865 hic
338 3811 410 3866 ab
442 3811 541 3866 illo
568 3820 868 3867 emercatus
906 3813 993 3867 sit.
1024 3811 1156 3869 Tale
1179 3813 1453 3884 quidpiam
1491 3824 1546 3871 et
1574 3815 1626 3871 in
1655 3820 1818 3873 veteri

233 3901 344 3970 lege
373 3902 578 3957 factum
607 3911 729 3968 est,
775 3902 989 3973 quando
1027 3901 1247 3960 Charmi
1286 3905 1567 3962 anathema
1617 3906 1820 3964 furatus

231 3992 603 4063 deprehensus
631 4003 714 4050 est
741 4013 754 4049 :
786 4003 1020 4052 attamen
1051 3996 1212 4063 nosti,
1250 4007 1446 4067 quanta
1477 3998 1611 4053 ultio
1639 4001 1707 4055 de
1732 4001 1814 4054 fa-

231 4079 409 4140 cinore
455 4096 672 4155 sumpta
702 4086 771 4141 sit
799 4085 949 4157 (las.
982 4087 1036 4142 7.
1061 4087 1117 4143 2.
1163 4096 1209 4143 et
1236 4088 1328 4144 20.
1366 4089 1437 4143 22
1457 4091 1496 4160 ).
1529 4089 1814 4147 Sacrorum

232 4175 365 4230 enim
385 4177 652 4247 expilatio
677 4176 965 4233 admodum
995 4178 1169 4248 gravis
1194 4190 1298 4247 est,
1316 4179 1530 4249 dilecte,
1554 4192 1605 4236 et
1623 4198 1817 4253 magno

231 4266 541 4337 contemptu
586 4267 766 4337 plena.
799 4267 983 4339 Neque
1018 4270 1250 4325 vendere
1281 4271 1554 4342 coegimus
1575 4314 1588 4337 ,
1622 4273 1813 4344 inquit,

231 4370 396 4429 neque
425 4359 689 4428 pecunias
718 4373 785 4414 ex
816 4360 1047 4414 venditis
1083 4371 1329 4431 acceptas
1368 4363 1497 4418 dare
1526 4381 1539 4417 :
1569 4374 1622 4419 tu
1672 4365 1724 4419 id
1751 4382 1817 4420 ex

231 4450 509 4519 proposito
560 4458 649 4504 tuo
696 4449 869 4505 fecisti
924 4467 938 4503 :
991 4464 1087 4504 cur
1130 4465 1260 4521 ergo
1311 4467 1378 4507 ex
1426 4454 1594 4509 sacris
1650 4470 1814 4524 pecu-

229 4538 324 4594 niis
374 4539 592 4595 !uratus
641 4540 741 4596 es?
790 4540 894 4594 Cur
934 4540 1157 4609 impleuit
1186 4582 1202 4608 ,
1251 4542 1439 4612 inquit,
1491 4554 1698 4601 satanas
1731 4564 1818 4601 car

230 4634 399 4689 tuum?
439 4634 512 4687 Et
556 4632 601 4686 si
647 4643 861 4687 satanas
908 4631 1010 4688 hoc
1049 4631 1192 4698 fecit,
1239 4648 1336 4688 cur
1369 4634 1442 4688 illi
1489 4634 1816 4705 imputatur?

229 4721 278 4781 ln
313 4741 477 4784 causa
532 4735 635 4792 est,
680 4726 801 4796 quia
830 4725 946 4796 ejus
988 4728 1353 4796 operationem
1395 4729 1619 4799 accepit,
1647 4731 1814 4787 etilla

231 4816 474 4889 impletus
550 4825 654 4874 est.
715 4822 783 4871 At
833 4817 1155 4887 oportebat,
1212 4816 1459 4888 inquies,
1522 4820 1810 4890 corrigere.

231 4905 329 4964 Sed
378 4924 493 4966 non
553 4915 824 4963 correctus
864 4908 1086 4973 luisset;
1133 4922 1257 4962 nam
1295 4911 1385 4978 qui
1424 4908 1544 4964 talia
1583 4910 1810 4977 viderat,

232 5001 542 5073 nullumque
585 4999 713 5055 inde
756 4999 960 5053 lucrum
1013 5000 1232 5067 tulerat,
1260 5001 1431 5056 multo
1460 5002 1636 5056 minus
1661 5012 1813 5072 pote-

233 5103 304 5147 rat
332 5094 439 5149 alio
480 5091 652 5148 modo
697 5091 903 5144 lucrum
944 5091 1207 5161 accipere.
1248 5092 1364 5148 Non
1409 5095 1646 5164 oportuit
1686 5111 1813 5166 ergo

235 5198 334 5238 rem
385 5182 847 5255 praetermittere;
904 5180 999 5234 sed
1050 5181 1201 5251 quasi
1261 5184 1464 5238 saniem
1527 5185 1811 5254 quamdam

232 5277 490 5344 exscindi,
508 5291 580 5330 ne
605 5273 869 5342 reliquum
897 5284 1096 5341 corpus
1130 5271 1386 5328 indiceret.
1417 5274 1570 5331 Nunc
1594 5278 1737 5331 enim
1762 5285 1816 5331 et

236 5367 311 5420 hic
337 5367 634 5423 utilitatem
663 5363 858 5432 accipit
881 5401 896 5426 ,
929 5376 998 5416 ne
1022 5361 1248 5416 ulterius
1284 5363 1338 5417 in
1372 5364 1570 5420 malitia
1598 5381 1813 5435 pregre.

237 5455 432 5524 diatur,
494 5466 555 5514 et
592 5455 685 5509 alii
724 5453 892 5523 magis
937 5451 1163 5507 studiosi
1202 5452 1496 5508 redduntur
1532 5472 1545 5509 :
1577 5456 1812 5526 alioquin

240 5558 399 5603 autem
419 5545 759 5604 contrarium
788 5542 1088 5598 accidisset.
1111 5540 1240 5597 ldeo
1267 5543 1495 5612 primum
1522 5546 1812 5616 redarguit,

237 5645 286 5690 et
319 5637 563 5695 ostendit
603 5650 717 5691 rem
763 5649 822 5689 se
891 5648 996 5688 non
1062 5632 1320 5697 latuisse;
1389 5643 1618 5704 tuncque
1681 5653 1814 5691 con-

239 5726 438 5787 demnat
466 5726 644 5784 illum.
667 5722 801 5790 Cur,
831 5722 971 5779 enim
991 5761 1007 5789 ,
1039 5722 1231 5792 inquit,
1266 5722 1364 5779 hoc
1384 5722 1584 5791 fecisti?
1613 5725 1815 5790 habere
