4084 6174
438 294 541 352 105

432 420 550 462 stus
578 407 678 459 hoc
705 399 1088 472 prsenttutiarat
1122 407 1180 452 et
1213 396 1441 450 dixerat.
1487 394 1586 462 Qui
1612 394 1772 448 credit
1808 393 1863 446 in
1896 407 2008 456 me,

435 512 591 566 opera
613 535 626 559 ,
657 507 769 562 qua:
798 506 888 560 ego
918 489 1086 560 facio,
1117 487 1264 557 faciet
1284 527 1300 552 ,
1341 495 1390 539 et
1433 486 1630 555 maiora
1656 484 1804 552 faciet
1835 481 2015 556 (Joan.

437 587 524 640 14.
557 584 666 656 12).
697 582 1032 636 Manentibus
1055 590 1231 632 autem
1264 579 1368 630 illis
1389 577 1528 643 istic,
1553 591 1652 631 nec
1683 576 2020 631 circumeun-

437 682 609 742 tibus,
641 689 830 731 omnes
857 673 1152 728 all‘erebaut
1194 670 1245 725 in
1293 671 1497 725 lectulis
1525 677 1578 724 et
1620 666 1856 738 grabatis
1885 681 2021 737 quos

437 773 708 829 habebant
736 770 1010 834 inﬁrmos,
1043 776 1096 822 et
1123 766 1355 834 undique
1395 765 1500 818 illis
1535 761 1838 818 conﬂuebat
1868 759 2024 814 mira-

435 866 636 930 culum,
684 876 713 917 a
755 859 1119 923 credentibus,
1163 872 1194 910 a
1235 857 1464 920 sanatis,
1498 854 1566 908 ab
1609 869 1674 908 eo
1703 854 1792 923 qui
1836 851 2023 922 plenus

437 958 633 1024 fuerat,
665 970 693 1007 a
730 951 919 1007 ﬁducia
947 964 1105 1020 quam
1134 963 1258 1018 erga
1292 947 1412 1001 illos
1443 946 1743 1010 habebant,
1772 959 1801 997 a
1826 943 2024 998 virtute

441 1063 661 1112 eorum,
704 1045 794 1115 qui
841 1058 944 1097 non
989 1051 1274 1108 utcumque
1311 1039 1638 1094 credebant:
1669 1053 1842 1107 neque
1878 1037 2023 1091 enim

441 1137 581 1209 quod
611 1137 798 1199 ﬁebat,
843 1134 1008 1204 signis
1055 1141 1260 1187 tantum
1299 1130 1601 1185 constabat.
1631 1129 1763 1184 Nam
1802 1130 1900 1182 etsi
1951 1127 2025 1181 illi

442 1227 685 1284 modeste
713 1225 996 1294 loquentes
1025 1231 1189 1276 totutu
1218 1221 1318 1290 ipsi
1350 1221 1613 1290 imputcnt
1653 1220 1892 1274 dicentes
1913 1259 1928 1283 ,
1971 1216 2025 1270 in

444 1317 660 1372 nomine
705 1313 901 1368 Christi
948 1328 1006 1367 se
1040 1313 1153 1366 haec
1198 1311 1406 1376 facere;
1461 1309 1556 1364 sed
1585 1309 1690 1362 vita
1721 1322 1934 1378 quoque
1975 1315 2030 1360 et

445 1411 612 1462 virtus
639 1409 874 1460 virorum
914 1403 1015 1458 hoc
1041 1401 1189 1457 fecit.
1223 1400 1502 1470 l‘erpende
1531 1409 1730 1462 autem,
1759 1397 2028 1469 quomodo

446 1499 533 1553 hic
559 1513 841 1552 numerum
870 1495 1203 1550 credentium
1235 1508 1342 1548 non
1374 1493 1581 1559 afferat,
1613 1491 1842 1547 auditori
1870 1491 2032 1546 relin-

444 1606 614 1662 quens
643 1601 699 1644 ut
729 1589 779 1642 id
799 1603 866 1644 ex
887 1603 948 1643 se
972 1586 1238 1656 conjectet
1265 1601 1279 1638 :
1309 1586 1387 1639 sic
1413 1584 1480 1640 ad
1512 1585 1827 1638 immensam
1852 1582 2032 1637 multi-

451 1685 686 1740 tudinem
707 1682 836 1737 ﬁdes
857 1680 1258 1737 cxtendebatur.
1287 1678 1418 1732 llinc
1442 1687 1494 1733 et
1511 1676 1835 1732 resurrectio
1865 1675 2032 1744 magis

446 1773 856 1844 prmdicabatur.
883 1769 1046 1824 Nemo
1073 1779 1239 1822 autem
1269 1767 1486 1821 audebat
1509 1783 1561 1821 se
1579 1767 1882 1836 conjungere
1902 1763 2026 1829 illis,

445 1868 536 1922 sed
572 1865 930 1936 magniﬁcabat
957 1879 1040 1917 eos
1069 1861 1306 1933 populus.
1334 1859 1424 1916 Sic
1451 1861 1555 1925 ait,
1587 1859 1879 1914 ostendens
1911 1857 2033 1912 illos

444 1961 551 2031 jam
578 1974 683 2014 non
713 1956 1042 2027 contemptui
1074 1955 1237 2010 fuisse
1255 1995 1272 2020 ,
1301 1962 1358 2008 ut
1401 1953 1547 2022 prius
1574 1961 1726 2006 erant
1750 1968 1762 2004 :
1791 1966 1856 2006 ac
1884 1947 2031 2005 breti

447 2059 689 2119 tempore
720 2061 935 2117 unoque
961 2054 1234 2102 momento
1259 2044 1372 2098 hinc
1399 2057 1429 2098 a
1459 2044 1725 2114 piscatore
1746 2051 1801 2096 et
1826 2041 2036 2110 privato

447 2141 667 2196 homine
694 2139 831 2194 facta
855 2138 1040 2193 fuisse.
1561 2152 1576 2186 i

525 2234 692 2300 Quam
716 2232 848 2284 mira
871 2231 1148 2299 primorum
1169 2227 1572 2284 Christianorum
1596 2225 1719 2280 vita.
1739 2254 1812 2266 —
1833 2222 2032 2279 Caelum

449 2326 630 2394 itaque
651 2325 761 2394 jam
793 2329 909 2376 erat
953 2329 1093 2375 terra
1121 2335 1185 2374 ex
1215 2318 1427 2374 vivendi
1465 2318 1698 2384 ratione,
1743 2315 1953 2372 dicendi
1980 2317 2035 2371 ii-

456 2415 685 2477 bertate,
702 2412 998 2476 miraculis,
1017 2411 1332 2479 ueterisque
1344 2409 1590 2466 omnibus
1613 2427 1625 2463 :
1647 2424 1708 2464 ac
1724 2408 1866 2464 velut
1883 2422 2038 2478 ange-

451 2506 488 2560 li
509 2503 848 2560 admirationi
875 2511 1046 2570 erant,
1070 2502 1135 2557 ad
1167 2501 1300 2556 nihil
1327 2516 1386 2556 se
1413 2510 1803 2568 convertentes,
1836 2515 1941 2555 non
1968 2499 2035 2554 ad

451 2602 649 2666 risum,
678 2613 784 2654 non
811 2598 877 2654 ad
908 2596 1113 2665 minas,
1160 2613 1266 2652 non
1297 2598 1362 2653 ad
1401 2599 1634 2668 pericula
1660 2614 1673 2651 :
1709 2615 1814 2655 non
1855 2614 1918 2654 ea
1948 2612 2037 2653 so-

453 2692 564 2745 lum
601 2691 669 2747 de
699 2704 879 2755 causa,
901 2689 993 2745 sed
1016 2691 1176 2746 etiam
1211 2690 1351 2760 quod
1390 2690 1674 2744 admodum
1702 2689 1921 2744 humani
1951 2703 2038 2744 es-

451 2792 591 2849 sent,
617 2792 671 2838 et
701 2784 927 2838 sollicite
956 2791 1235 2848 curarent;
1265 2783 1398 2837 alios
1443 2783 1583 2837 enim
1617 2783 1840 2852 pecunia
1859 2823 1874 2849 ,
1905 2782 2038 2838 alios

451 2876 717 2946 corporali
744 2875 1017 2930 curatione
1043 2874 1322 2944 juvabant.
1351 2872 1453 2927 Cur
1474 2875 1694 2944 implevit
1715 2883 1924 2929 satanas
1952 2889 2038 2927 cor

453 2970 638 3022 tuum?
665 2968 801 3023 Fere
840 2982 962 3022 sese
991 2975 1181 3037 purgat
1223 2967 1414 3020 Petrus
1446 2966 1590 3019 illum
1638 2967 1920 3035 puniturus
1941 3005 1954 3028 ,
1985 2973 2041 3018 et

452 3061 587 3115 alios
616 3059 811 3113 erudit.
841 3058 974 3123 Quia
1013 3057 1156 3110 enim
1201 3056 1436 3108 futurum
1465 3064 1614 3120 erat,
1661 3065 1717 3108 ut
1751 3054 1852 3109 hoc
1886 3053 2041 3110 valde

454 3151 648 3204 durum
671 3157 975 3217 appareret,
1005 3145 1125 3200 ideo
1155 3145 1205 3198 in
1235 3145 1383 3199 illum
1413 3146 1541 3198 etin
1569 3160 1793 3200 uxorem
1818 3155 2043 3200 tremen-

455 3241 584 3294 dum
615 3247 830 3294 exercet
847 3237 1133 3306 judicium.
1162 3235 1218 3291 Si
1249 3244 1425 3289 autem
1453 3237 1656 3300 ambos,
1687 3236 1774 3304 qui
1803 3236 2040 3290 irremis-

457 3331 686 3385 sibiliter
717 3335 1086 3397 peccaverant,
1116 3341 1222 3381 non
1251 3325 1340 3380 tali
1367 3325 1636 3381 affecisset
1664 3341 1841 3396 pinna,
1874 3341 2044 3397 quan-

457 3429 544 3474 tus
559 3421 682 3474 hinc
701 3420 788 3474 Dei
811 3427 1148 3488 contemptus
1170 3416 1376 3471 futurus
1395 3417 1544 3470 erat?
1557 3417 1706 3484 Quod
1727 3427 1901 3472 autem
1925 3418 2043 3474 ideo

457 3513 537 3565 sic
559 3509 755 3563 factum
778 3508 868 3572 sit,
897 3507 1064 3577 liquet
1088 3521 1154 3562 ex
1180 3521 1268 3574 eo,
1299 3505 1439 3576 quod
1471 3521 1576 3561 non
1603 3507 1780 3561 statim
1807 3508 1870 3562 ad
1899 3508 2045 3562 ultio-

459 3618 582 3657 nem
615 3602 850 3664 venerit,
899 3601 992 3656 sed
1041 3601 1216 3668 primo
1261 3607 1539 3669 peccatum
1584 3601 1850 3656 ostendat.
1895 3601 2045 3658 Unde

460 3706 622 3747 nemo
653 3691 941 3760 ingemuit,
976 3705 1136 3745 nemo
1162 3690 1414 3758 ejulavit;
1448 3690 1541 3746 sed
1569 3705 1758 3747 omnes
1803 3693 2045 3748 exterriti

463 3789 606 3838 sunt.
635 3780 762 3835 .Iure
789 3788 990 3846 autem,
1012 3781 1133 3850 quia
1163 3780 1295 3836 ﬁdes
1321 3780 1530 3836 illorum
1553 3783 1867 3852 augebatur,
1897 3783 2044 3854 signa

462 3873 616 3943 plura
654 3870 972 3934 edebantur,
1009 3878 1065 3925 ct
1110 3871 1298 3941 ingens
1338 3871 1479 3941 apud
1523 3887 1650 3927 suos
1691 3882 1865 3928 metus
1908 3884 2043 3940 erat,

464 3963 589 4034 quia
618 3976 722 4015 non
754 3960 832 4014 sic
878 3968 1100 4015 externa
1131 3976 1226 4015 nos
1273 3962 1491 4016 turbant
1517 3971 1576 4016 ut
1623 3963 1934 4018 domestica.
1989 3964 2044 4020 Si

472 4070 602 4126 ergo
630 4055 798 4109 simus
822 4061 1009 4108 mutuo
1032 4053 1304 4123 conjuncti
1329 4095 1344 4121 ,
1376 4070 1534 4111 nemo
1559 4055 1716 4111 nobis
1742 4057 1940 4111 bellum
1969 4057 2047 4112 in-

468 4153 640 4217 feret;
672 4152 754 4206 sin
787 4158 972 4206 contra
1003 4148 1358 4204 dissid-eamus
1378 4192 1392 4213 ,
1431 4165 1620 4206 omnes
1645 4165 1744 4206 nos
1775 4151 2044 4206 invadent.

465 4244 604 4298 Hinc
631 4243 702 4297 illi
730 4257 851 4297 cum
881 4240 1068 4296 ﬁducia
1091 4249 1146 4296 et
1168 4241 1413 4295 libertate
1451 4242 1502 4295 in
1531 4241 1703 4296 forum
1726 4284 1740 4306 ,
1781 4252 1836 4297 et
1864 4241 1915 4296 in
1945 4257 2050 4298 me»

465 4337 612 4389 dium
643 4317 978 4388 inimicorum
1000 4347 1059 4386 se
1085 4330 1432 4388 conIerebant
1456 4341 1511 4387 et
1533 4333 1926 4402 prazvalehant;
1958 4334 2050 4389 im-

467 4427 814 4496 plebaturque
843 4425 1040 4480 dictum
1074 4424 1201 4479 illud
1232 4443 1246 4478 :
1282 4424 1553 4480 Dominam
1586 4427 1638 4480 in
1673 4427 1839 4481 medio
1872 4427 2048 4481 inimi-

463 4536 643 4574 corum
671 4531 869 4572 tuorum
892 4516 1068 4586 (Psal.
1095 4516 1215 4572 i09.
1233 4515 1312 4589 Ξ).
1338 4518 1450 4572 Hoc
1471 4518 1687 4589 majoris
1707 4528 1822 4574 erat
1841 4520 2051 4575 virtutis

467 4609 744 4670 indicium,
776 4606 917 4676 quod
943 4606 1166 4680 detenti,
1194 4608 1378 4673 vincti,
1412 4609 1532 4661 talia
1566 4609 1816 4664 facerent.
1841 4612 1894 4665 Si
1921 4625 2050 4680 ergo

470 4703 540 4766 ii,
582 4700 673 4769 qui
708 4700 915 4754 mentiti
961 4699 1194 4761 fuerant,
1241 4700 1365 4753 talia
1416 4701 1555 4768 passi
1585 4710 1742 4766 sunt,
1773 4702 1898 4771 quid
1944 4719 2049 4758 non

470 4793 742 4863 patientur
785 4791 853 4854 ii,
901 4789 990 4859 qui
1032 4790 1320 4862 pejerant?
1373 4791 1484 4847 Imo
1534 4797 1578 4847 si
1626 4793 1856 4857 mulier,
1908 4794 2050 4864 quod

471 4882 687 4946 dixerit,
718 4880 889 4934 Etiam
916 4880 1077 4947 tanti,
1109 4880 1370 4949 ejusmodi
1403 4896 1586 4951 pinnas
1611 4882 1775 4949 dedit,
1807 4899 1905 4939 nec
1929 4885 2052 4940 ell'u-

471 4977 550 5044 git
572 4993 584 5028 :
613 4973 841 5040 cogitate
861 4986 967 5042 quo
987 4971 1104 5026 sitis
1119 4987 1213 5026 vos
1229 4973 1489 5043 supplicio
1504 4973 1665 5044 digni,
1688 4975 1776 5045 qui
1790 4974 1978 5045 juratis
1997 4987 2052 5035 et

474 5066 722 5136 pejeratis
739 5065 760 5114 τ
776 5064 818 5118 Ε
837 5078 892 5117 re
913 5062 1073 5118 fuerit
1086 5062 1243 5118 hodie
1263 5080 1329 5118 ex
1346 5063 1510 5118 veteri
1527 5064 1641 5135 lege
1655 5066 1871 5136 perjurii
1883 5070 2051 5138 gravi-

477 5165 634 5211 tatem
653 5152 954 5208 ostendere.
974 5151 1504 5224 Falx,inquit,uolans
1518 5167 1644 5222 erat,
1663 5159 1766 5212 lata
1782 5160 1947 5214 decem
1964 5178 2053 5214 cu-

474 5245 740 5318 bitis(Zac.
759 5246 811 5299 5.
827 5245 1134 5316 9).\~’olatus
1149 5247 1487 5301 celerrimum
1502 5250 2051 5320 suppliciijuramenta

473 5338 741 5405 sequentis
768 5335 1053 5390 adventum
1079 5337 1368 5407 signiﬁcat;
1393 5337 1530 5406 quod
1553 5349 1727 5394 autem
1747 5341 1932 5397 decem
1959 5358 2053 5396 cu—

475 5433 701 5484 bitorum
749 5428 818 5482 sit
848 5428 1127 5484 latitudine
1167 5437 1223 5483 et
1266 5428 1624 5498 longitudine,
1657 5432 2048 5488 vehementiam

470 5533 525 5574 et
555 5521 971 5589 magnitudinem
1002 5521 1260 5576 malorum
1299 5521 1528 5588 indicat;
1581 5524 1723 5593 quod
1762 5533 1938 5580 autem
1983 5539 2047 5578 ex

470 5609 604 5663 melo
630 5610 793 5676 volet,
821 5612 1030 5682 signum
1049 5621 1130 5666 est
1156 5613 1469 5668 sententiam
1497 5630 1559 5669 es
1583 5616 1780 5670 ezelesti
1801 5615 2048 5670 tribunali

469 5698 634 5767 ferri;
664 5701 808 5775 quod
847 5704 900 5758 in
930 5704 1146 5761 modum
1175 5703 1353 5776 falcis,
1389 5708 1695 5766 inevitabile
1724 5709 2037 5780 supplicium

1161 281 1215 338 S.
1255 278 1531 337 JOANNIS
1568 273 2036 334 CIIRYSOSTOMI
2077 272 2394 328 ARCIIIEP.
2433 270 2964 327 CO’NSTANTINUP.

3618 275 3716 333 σω

2130 390 2382 446 ostendit.
2408 390 2558 446 Sicut
2582 391 2724 444 enim
2749 391 2856 446 falx
2885 391 2938 446 in
2973 390 3167 446 collum
3201 391 3459 457 immissa,
3495 407 3605 447 non
3630 410 3719 450 re-

2129 481 2382 551 trahitur,
2415 483 2510 538 sed
2538 492 2720 538 manet
2742 484 2902 539 etiam
2929 484 3160 540 abscissa
3187 485 3436 540 cervice:
3469 484 3548 541 sic
3573 496 3627 542 et
3653 489 3723 543 ul-

2131 574 2207 629 tio
2230 575 2472 644 jurantes
2496 575 2782 640 invadens,
2813 575 3066 631 terribilis
3091 585 3195 641 est,
3226 591 3326 631 nec
3354 577 3591 644 desinit,
3621 579 3723 633 nisi

2131 667 2281 736 prius
2307 666 2450 736 quod
2477 681 2632 721 suum
2652 673 2770 720 erat
2795 667 3097 735 perfecerit.
3130 667 3282 734 Quod
3308 667 3355 722 si
3381 667 3624 738 jurantes
3649 667 3717 724 ef-

2130 757 2419 828 Iugerimus
2440 798 2455 823 ,
2489 774 2556 812 ne
2585 757 2950 824 conﬁdamus;
2995 773 3118 813 nam
3147 759 3202 814 in
3244 759 3446 814 malum
3476 768 3721 815 nostrum

2131 849 2234 904 hoc
2261 851 2509 904 vertitur.
2538 850 2674 918 Quid
2701 852 2841 905 enim
2863 850 3100 922 putatis?
3123 858 3252 922 quot
3277 861 3403 907 sunt
3421 854 3512 923 qui
3534 852 3725 909 eadem

2131 956 2251 1011 qua:
2275 941 2509 995 Ananias
2531 951 2586 996 et
2606 940 2870 1012 Sapphira
2899 951 3020 996 sunt
3051 942 3206 1011 ausi,
3234 957 3334 999 nec
3363 943 3552 999 eadem
3583 945 3726 1014 passi

2131 1030 2292 1086 sunt?
2314 1031 2380 1085 Et
2399 1032 2690 1102 quomodo,
2711 1032 2942 1102 inquies,
2966 1033 3108 1102 passi
3132 1047 3239 1089 non
3264 1035 3426 1089 sunt?
3447 1034 3564 1090 Non
3580 1036 3724 1105 quod

2132 1119 2235 1175 hoc
2263 1122 2365 1176 illis
2391 1121 2753 1178 condonatum
2779 1124 2884 1191 sit,
2916 1123 3010 1180 sed
3038 1125 3178 1195 quod
3213 1125 3404 1196 majori
3432 1140 3724 1183 reserven-

2134 1221 2218 1269 tur
2245 1214 2526 1284 supplicio.

2205 1305 2258 1360 4.
2296 1307 2395 1371 Qui
2419 1307 2707 1376 frequenter
2731 1317 2958 1380 peccant,
2979 1311 3188 1366 timeant
3215 1322 3510 1380 oporteL—
3535 1315 3721 1386 Itaque

2135 1397 2224 1466 qui
2253 1396 2559 1467 frequenter
2583 1408 2827 1468 peccant,
2857 1401 3029 1470 magis
3053 1401 3276 1457 timeant
3295 1413 3528 1474 oportet,
3553 1407 3597 1460 si
3619 1424 3722 1462 non

2134 1487 2442 1556 puniantur,
2474 1504 2632 1559 quam
2671 1491 2717 1545 si
2764 1491 3050 1560 puniantur
3077 1507 3092 1546 :
3119 1507 3242 1548 nam
3285 1509 3352 1548 ex
3389 1494 3645 1552 dilatione
3669 1507 3725 1554 et

2133 1591 2201 1631 ex
2232 1578 2482 1647 patientia
2513 1579 2602 1634 Dei
2633 1595 2819 1636 eorum
2861 1590 3084 1652 augetur
3131 1585 3469 1654 supplicium.
3511 1587 3589 1641 Ne
3615 1588 3717 1643 hoc

2134 1667 2312 1738 itaque
2354 1678 2655 1738 spectemus
2681 1672 2724 1726 si
2757 1685 2861 1726 non
2906 1673 3210 1742 puniamur,
3253 1675 3348 1729 sed
3377 1677 3421 1730 si
3451 1693 3556 1730 non
3603 1693 3726 1748 pec-

2133 1775 2316 1816 cemus
2340 1777 2354 1814 :
2381 1761 2424 1815 si
2450 1777 2577 1816 vero
2626 1773 2908 1832 peccantes
2934 1781 3040 1819 non
3084 1767 3384 1835 puniamur,
3416 1771 3584 1840 magis
3613 1779 3723 1825 tre-

2134 1849 2388 1905 mendum
2415 1853 2570 1907 nobis
2589 1849 2688 1907 erit.
2723 1855 2817 1908 Die
2845 1855 2974 1909 ιηίΙιί
2993 1897 3007 1921 ,
3041 1855 3089 1911 si
3115 1871 3328 1912 servum
3363 1859 3606 1926 haberes,
3635 1863 3724 1918 cui

2134 1942 2308 1998 minas
2363 1943 2654 2000 intentares
2698 1955 2941 2012 tantum,
3001 1962 3102 2002 nee
3167 1949 3482 2006 verberares
3530 1952 3717 2018 illum;

2135 2032 2349 2101 quando
2393 2033 2564 2104 magis
2603 2034 2848 2091 timebit?
2873 2036 3087 2106 quando
3127 2037 3291 2108 fugiet
3335 2052 3389 2094 et
3431 2041 3728 2098 abscedet?

2137 2137 2315 2178 nonne
2343 2115 2463 2180 cum
2489 2126 2662 2181 minas
2703 2135 2904 2181 tantum
2931 2127 3260 2184 intentabis?
3305 2130 3457 2188 Unde
3489 2149 3586 2189 nos
3608 2152 3726 2190 nut-

2140 2221 2230 2267 tuo
2272 2229 2568 2281 monemus,
2615 2231 2683 2271 ne
2719 2216 3050 2287 frequentius
3098 2221 3512 2291 comminemur,
3558 2235 3614 2279 ut
3657 2242 3729 2282 ne

2139 2305 2215 2359 sic
2263 2306 2452 2361 timore
2501 2308 2736 2362 animum
2779 2309 3183 2377 concutiamus,
3228 2328 3364 2368 neve
3429 2315 3507 2370 sic
3554 2319 3725 2388 magis

2140 2395 2401 2452 lanicmus
2422 2413 2542 2452 eum
2563 2439 2578 2464 ,
2609 2414 2768 2468 quam
2802 2401 2992 2471 plagis.
3017 2401 3266 2473 Alioquin
3297 2420 3424 2460 vero
3453 2407 3564 2462 illic
3591 2420 3726 2477 teme

2141 2502 2369 2557 poranea
2399 2489 2550 2560 plaga
2579 2499 2681 2557 est,
2709 2491 2795 2546 hic
2822 2501 3098 2563 perpetua.
3127 2494 3205 2550 Ne
3233 2495 3413 2567 itaque
3444 2501 3724 2572 respicias,

2140 2595 2208 2634 an
2241 2595 2384 2635 nunc
2399 2582 2663 2652 quispiam
2686 2584 2831 2640 illam
2855 2584 3046 2642 falcem
3069 2588 3395 2656 experiatur,
3416 2592 3512 2647 sed
3527 2594 3722 2664 cogita,

2141 2685 2268 2724 num
2313 2671 2437 2726 talia
2464 2671 2653 2740 faciat;
2686 2676 2938 2744 quoniam
2970 2679 3136 2732 multa
3175 2694 3314 2735 nunc
3340 2681 3492 2749 ﬁunt,
3521 2699 3641 2753 qua:
3671 2685 3726 2739 in

2142 2762 2342 2819 diluvio
2362 2806 2377 2832 ,
2406 2773 2463 2820 et
2490 2777 2664 2822 tamen
2695 2767 2952 2824 diluvium
2996 2786 3103 2825 non
3131 2773 3325 2829 accidit
3356 2791 3367 2822 τ
3401 2775 3642 2845 gehenna
3669 2789 3728 2834 et

2141 2855 2456 2925 supplicium
2499 2859 2875 2914 comminando
2901 2863 3078 2918 solum
3107 2865 3418 2922 intentatur.
3450 2868 3604 2925 Multi
3629 2885 3725 2926 ea-

2142 2948 2264 3004 dem
2304 2949 2587 3004 admittunt
2615 2961 2831 3021 peccata
2865 2967 2984 3022 quae
3009 2953 3323 3024 Sodomitas,
3347 2969 3402 3013 et
3427 2958 3564 3030 ignis
3607 2963 3729 3030 plu~

2142 3043 2226 3095 via
2269 3057 2375 3097 non
2422 3042 2568 3098 cadit
2601 3060 2618 3098 :
2658 3043 2846 3114 igneus
2889 3045 3086 3116 quippe
3123 3044 3316 3105 ﬂuvius
3361 3061 3577 3120 paratus
3617 3064 3725 3108 est.

2144 3131 2292 3186 Multi
2321 3133 2508 3190 eadem
2532 3151 2652 3206 quae
2676 3136 2884 3194 Pharao
2925 3147 3050 3195 sunt
3074 3140 3222 3208 ausi;
3255 3143 3348 3197 sed
3380 3157 3487 3199 non
3535 3146 3728 3201 eadem

2143 3225 2285 3294 ραδεί
2312 3235 2436 3280 sunt
2458 3242 2577 3298 qua:
2599 3227 2825 3296 Pharao,
2868 3245 3040 3302 neque
3079 3232 3344 3289 submersi
3365 3245 3490 3291 sunt
3512 3237 3731 3294 intnare

2144 3317 2386 3373 Rubrum
2413 3337 2426 3373 :
2445 3329 2722 3390 exspectat
2739 3324 2881 3379 enim
2898 3324 3018 3380 illos
3041 3325 3260 3395 pelagus
3279 3327 3480 3398 abyssi,
3502 3330 3591 3386 ubi
3623 3345 3732 3387 non

2145 3407 2346 3478 absque
2373 3422 2532 3466 sensu
2561 3426 2737 3481 paena,
2755 3428 2856 3470 nec
2883 3415 3136 3472 suIIocari
3168 3417 3326 3484 licet;
3349 3419 3446 3474 sed
3475 3418 3732 3477 diuutrno

2145 3502 2406 3570 cruciatu,
2449 3507 2775 3575 sartaginum
2818 3507 3010 3564 ardore
3036 3517 3092 3564 et
3131 3511 3552 3582 strangulatione
3594 3529 3731 3568 con-

2146 3595 2304 3650 sumi.
2335 3594 2486 3650 Multi
2530 3595 2718 3653 eadem
2749 3612 2868 3668 qua:
2902 3597 3161 3655 Israelita:
3182 3609 3308 3655 sunt
3327 3601 3474 3668 ausi;
3501 3602 3596 3657 sed
3626 3619 3734 3659 non

2145 3683 2469 3741 devorarunt
2512 3685 2636 3742 illos
2662 3700 2938 3757 serpentes
2970 3704 2985 3743 :
3019 3699 3199 3745 manet
3221 3691 3364 3746 enim
3392 3691 3510 3747 illos
3535 3693 3735 3750 vermis

2147 3775 2239 3831 ille
2280 3777 2619 3833 immortalis.
2668 3777 2820 3834 Multi
2847 3794 2910 3835 ea
2935 3795 3054 3850 qua:
3101 3781 3248 3837 Giezi
3288 3782 3403 3838 ausi
3446 3793 3590 3851 sunt,
3633 3800 3737 3840 nec

2147 3878 2271 3923 sunt
2314 3869 2462 3938 lepra
2507 3871 2746 3939 percussi
2783 3881 3006 3928 :ma-uet
3046 3873 3190 3929 enim
3236 3875 3357 3930 illos
3403 3890 3500 3944 pro
3538 3876 3688 3944 lepra
3714 3918 3731 3944 ,

2147 3961 2290 4031 quod
2335 3962 2668 4019 dissecentur
2691 3974 2742 4020 et
2771 3974 3034 4034 ponantur
3075 3981 3199 4022 cum
3231 3967 3543 4039 hypocritis.
3582 3969 3732 4025 Multi

2149 4053 2308 4107 etiam
2347 4053 2684 4123 juraruutac
2711 4056 3054 4126 pejerarunt;
3099 4060 3145 4114 si
3189 4070 3365 4115 autem
3405 4061 3730 4131 eﬁ‘ugcrunt,

2151 4161 2220 4200 ne
2263 4145 2595 4202 conﬁdamus
2620 4164 2634 4200 :
2664 4157 2846 4203 manet
2887 4151 3028 4204 enim
3069 4151 3190 4205 illos
3229 4151 3430 4207 stridor
3467 4153 3730 4208 dentium.

2151 4237 2218 4292 Et
2245 4237 2484 4293 fortassis
2527 4238 2689 4294 etiam
2732 4239 2820 4295 hic
2864 4242 3151 4310 patientur,
3193 4253 3251 4299 et
3293 4260 3398 4300 non
3433 4235 3726 4316 .eﬂugiettt,

2149 4331 2359 4385 etiamsi
2403 4346 2508 4384 non
2536 4346 2567 4385 e
2605 4331 2848 4402 vestigio,
2875 4333 2972 4388 sed
2994 4335 3046 4387 in
3081 4334 3199 4388 aliis
3243 4337 3495 4404 peccatis,
3527 4348 3583 4391 ut
3608 4353 3734 4407 gra-

2151 4421 2269 4476 vior
2293 4421 2363 4476 sit
2401 4436 2556 4490 poena
2587 4439 2600 4476 :
2627 4422 2749 4492 quia
2777 4430 2832 4478 et
2853 4439 2949 4479 nos
2977 4440 3119 4495 saepe
3161 4436 3370 4496 sumpta
3391 4428 3673 4484 occasione
3700 4445 3733 4483 a

2152 4514 2465 4581 minoribus,
2490 4515 2649 4570 etiam
2683 4530 2779 4585 pro
2825 4518 3033 4587 magnis
3065 4526 3232 4573 totum
3260 4534 3598 4575 evacuamus.
3631 4522 3736 4578 Ita-

2152 4623 2254 4677 que
2283 4607 2329 4662 si
2369 4608 2582 4678 quando
2619 4608 2816 4664 videris
2856 4611 2949 4665 tibi
2991 4611 3188 4680 aliquid
3232 4613 3497 4682 accidere,
3528 4631 3735 4672 memor

2153 4708 2268 4754 esto
2290 4699 2431 4755 illius
2460 4700 2663 4770 peccati
2695 4703 2789 4756 tui.
2822 4701 2936 4758 IIoc
2961 4704 3122 4758 etiam
3149 4704 3202 4758 in
3231 4706 3357 4760 ﬁliis
3387 4706 3553 4762 Jaeob
3582 4711 3731 4763 acci-

2153 4791 2250 4846 dit.
2270 4792 2584 4848 Meministis
2604 4793 2826 4848 fratrum
2851 4793 3069 4864 Josephi
3091 4812 3104 4848 :
3126 4795 3475 4852 vendiderant
3491 4800 3731 4865 fratrem,

2152 4881 2397 4937 occidere
2427 4890 2775 4950 tentaverant,
2800 4885 2906 4937 imo
2934 4892 3184 4953 quantum
3214 4886 3266 4939 in
3295 4887 3422 4955 ipsis
3448 4898 3564 4943 erat
3587 4891 3736 4944 occi-

2153 4973 2379 5040 derant;
2423 4973 2742 5043 dcceperant
2783 4989 2966 5029 senem
2996 5018 3010 5044 ,
3061 4980 3551 5046 contristavcrant;
3601 4983 3734 5038 nihil

2154 5069 2296 5137 passi
2326 5076 2480 5122 erant
2507 5067 2652 5120 mali.
2687 5066 2868 5136 Itaque
2900 5078 3022 5137 post
3043 5070 3238 5124 multos
3261 5086 3432 5126 annos
3461 5072 3529 5128 de
3549 5084 3739 5131 extre-

2153 5159 2255 5214 mis
2291 5159 2574 5228 periclitati
2618 5167 2761 5224 sunt,
2790 5168 2844 5214 et
2873 5163 3072 5228 peccati
3106 5162 3266 5231 hujus
3293 5172 3420 5219 tunc
3451 5167 3741 5221 recordan-

2156 5259 2261 5306 tur.
2312 5249 2463 5317 Quod
2491 5259 2667 5304 autem
2697 5266 2802 5305 non
2832 5253 3139 5320 conjectura
3167 5255 3237 5307 sit
3261 5255 3402 5324 quod
3424 5257 3544 5312 dico
3576 5261 3738 5314 :andi

2155 5342 2279 5397 illos
2317 5341 2592 5396 dicentes:
2623 5341 2883 5408 Etiam;in
2909 5355 3110 5413 peccato
3147 5346 3278 5399 enim
3321 5364 3494 5403 sumus
3533 5350 3588 5402 in
3631 5353 3742 5419 fra-

2156 5444 2280 5488 trem
2324 5442 2549 5486 nostrum
2570 5432 2722 5501 (Gen.
2752 5433 2839 5488 42.
2866 5435 2980 5503 2i).
3009 5437 3099 5489 Sic
3125 5443 3179 5490 et
3209 5445 3285 5506 tu,
3313 5453 3434 5492 cum
3463 5440 3554 5494 tibi
3582 5442 3743 5512 quid-

2156 5527 2295 5596 piam
2322 5525 2618 5595 contigerit,
2651 5525 2738 5580 dic
2766 5543 2780 5582 :
2815 5526 3008 5592 Etiam,
3044 5527 3096 5580 in
3125 5538 3345 5597 peccato
3366 5545 3573 5596 sumus,
3613 5535 3743 5603 quia

2156 5616 2425 5671 Christum
2456 5631 2562 5672 non
2587 5615 2908 5683 audivimus,
2931 5616 3056 5686 quia
3079 5617 3407 5687 juravimus:
3430 5622 3741 5690 juramentn

2159 5705 2454 5780 frequentia
2482 5717 2532 5768 et
2555 5708 2785 5781 perjuria
2813 5709 2868 5765 in
2897 5718 3056 5780 caput
3081 5724 3261 5768 meum
3283 5712 3601 5772 inciderunt.
3626 5713 3738 5774 ita-
