4088 6142
518 282 627 341 105

508 397 695 453 λοιπὸν
721 399 821 467 τὴν
847 396 1135 468 τιμωρίαν.
1168 395 1374 460 Είδετε,
1400 394 1455 447 τί
1508 393 1710 447 ἔπαθον
1737 395 1786 447 οἱ
1821 393 2086 464 ψευδόμε-

508 498 623 546 νοι;
646 479 851 534 Οὐκοῦν
879 482 1191 551 ἐννοήσατε,
1213 478 1268 530 τί
1291 478 1569 530 πείσονταί
1585 477 1678 530 καὶ
1693 479 1740 530 οί
1773 477 2088 546 ἐπιορκοῦν-

509 579 618 627 τες·
643 565 952 634 ἐννοήσατε,
977 564 1070 617 καὶ
1094 563 1392 632 ἀπόστητε.
1424 559 1539 614 Οὐκ
1567 560 1711 614 ἔστιν
1743 558 1982 631 ὀμνύντα
2011 561 2086 631 μὴ

512 650 809 718 ἐπιορκεῖν,
835 648 928 700 καὶ
955 647 1150 700 ἑκόντα
1201 647 1294 700 καὶ
1322 645 1542 700 ἄκοντα·
1572 643 1672 696 οὐκ
1696 642 1842 698 ἐστιν
1897 645 2087 712 ἐπιορ-

510 730 709 785 κοῦντα
724 729 983 801 σωθῆναι.
1016 731 1202 801 ’Δρκεῖ
1231 730 1329 801 μία
1349 727 1604 800 ἐπιορκία
1625 726 1688 781 τὸ
1717 728 1826 781 πᾶν
1849 726 2088 798 ἐργάσα-

510 815 659 880 σθαι,
691 817 786 870 καὶ
816 815 1108 887 ὁλόκληρον
1139 815 1271 886 ἡμῖν
1313 813 1413 883 τὴν
1451 811 1723 882 τιμωρίαν
1766 811 2086 880 ἐπαγαγεῖν.

1225 282 1282 337 S.
1325 279 1609 337 JOANNIS
1644 278 2126 338 CHRYSOSTOMI
2163 279 2482 337 ARCHIEP.
2517 280 3065 340 CONSTANTINOP.

3659 284 3766 343 106

2196 394 2294 449 Διά
2322 395 2386 468 δὴ
2416 394 2578 449 τοῦτὸ
2603 396 2990 467 προσέχωμεν,
3023 396 3347 469 παρακαλῶ,
3399 396 3632 465 ἑαυτοῖς,
3679 399 3771 454 ἵνα

2186 478 2286 549 τὴν
2314 478 2562 531 ἐντεῦθεν
2588 479 2808 532 κόλασιν
2837 481 3209 549 διαφυγόντες,
3234 482 3335 550 τῆς
3351 482 3504 553 παρά
3519 480 3616 536 τοῦ
3632 482 3772 538 Θεοῦ

2187 561 2595 632 φιλανθρωπίας
2620 561 2962 634 ἀξιωθῶμεν,
3004 565 3189 636 χάριτι
3214 567 3309 619 καὶ
3337 568 3642 637 οἰκτιρμοῖς
3673 564 3774 622 τοῦ

2192 646 2514 716 μονογενοῦς
2540 646 2705 701 αὑτοῦ
2726 646 2856 701 Υἰοῦ
2883 687 2902 714 ,
2942 649 3060 719 μεθ’
3085 642 3147 702 οὔ
3187 649 3267 721 τῷ
3300 650 3495 722 Πατρί,
3534 652 3651 721 ἅμα
3696 652 3778 723 τῷ

2188 729 2330 800 ἁγίῳ
2344 729 2812 799 Πνεύματι,δόξα,
2838 732 3058 801 κράτος,
3090 733 3245 805 τιμὴ,
3281 732 3374 786 νῦν
3404 733 3497 788 καὶ
3521 734 3632 799 ἀεὶ,
3679 737 3778 788 καὶ

2189 814 2270 877 εἰς
2300 814 2428 878 τοὺς
2454 813 2657 878 αἰῶνας
2671 815 2780 869 τῶν
2807 814 3041 870 αἰώνων.
3076 817 3267 889 ’Δμήν.

545 987 3716 1016 W—W

1957 1110 2204 1165 ΟΜῙΛῙΑ
2233 1109 2332 1166 ll".

528 1239 819 1313 'Araajtdc
839 1235 907 1313 δέ·
927 1238 959 1289 ό
979 1232 1306 1313 ἀρχιερεύς,
1327 1230 1426 1313 καὶ
1448 1228 1670 1313 πάντες
1688 1233 1742 1313 οἱ
1766 1230 1888 1313 σύν
1906 1227 2089 1313 αὐτῷ,

581 1314 621 1380 η
651 1299 811 1366 οὗσά
834 1299 1209 1380 αἵρεσζςζτῷν
1234 1301 1674 1380 Σαδδουκαίων,
1690 1299 2094 1380 ἐξελήσρησᾳν

585 1368 790 1447 ξήλου,
810 1368 908 1431 καῖ
931 1368 1227 1447 ἐπέϐαλον
1249 1375 1355 1439 τὰς
1380 1372 1575 1447 χεῖρας
1599 1369 1798 1447 αὐτῶν
1818 1368 1918 1447 επὶ
1951 1368 2094 1447 τοὺς

581 1439 985 1513 ἀποστόλους,
1009 1445 1108 1500 καὶ
1133 1445 1338 1499 ἔθεντο
1365 1439 1590 1506 αὐτοὺς
1609 1441 1679 1494 ἐν
1704 1441 1954 1511 τηρήσει
1982 1439 2091 1507 δηο

578 1522 787 1593 μοσίᾳ.

586 1663 654 1722 α’.
684 1663 849 1719 Οὐδὲν
876 1659 1209 1732 ἰταμώτερον
1243 1658 1462 1722 κακίας,
1491 1657 1642 1711 οὐδὲν
1671 1654 2089 1727 τολμηρότερον.

514 1751 688 1821 Πείρᾳ
705 1747 965 1820 μαθόντες
983 1746 1079 1815 τὴν
1102 1742 1278 1796 αὐτῶν
1303 1740 1551 1813 ἀνδρείαν
1565 1740 1623 1804 ἐξ
1644 1733 1720 1792 ὧν
1734 1737 2092 1809 ἐπεχείρησαν

515 1834 799 1907 πρότερον,
828 1832 976 1900 ὅμως
1014 1826 1371 1898 ἐπιχειροῦσι,
1403 1825 1498 1878 καὶ
1530 1823 1688 1876 πάλιν
1719 1823 2094 1874 ἐπισυνίσταν-

511 1903 693 1971 ται.Τί
712 1916 880 1979 ἐστιν,
920 1909 1204 1975 Ἀναστὰς
1231 1909 1301 1961 δὲ
1330 1910 1362 1962 ὀ
1391 1905 1723 1976 ἀρχιερεὺς,
1752 1904 1851 1981 καί
1872 1903 2093 1970 πάντες

511 2005 566 2055 οἱ
602 2001 724 2054 σὺν
745 1996 906 2062 αὐτῷ
925 2011 945 2061 ;
975 1993 1267 2065 Διηγέρθη,
1287 1992 1443 2063 φησὶ,
1470 1989 1711 2060 κινηθεὶς
1734 1990 1827 2041 ἐπὶ
1867 1991 1980 2052 τοῖς
1999 2005 2094 2057 γε·

512 2083 778 2156 νομένοις.
832 2079 943 2135 Kal
1005 2076 1303 2131 ἐπέϐαλον
1349 2073 1458 2138 τὰς
1517 2073 1717 2141 χεῖρας
1744 2071 1958 2156 ,αὐτῶν
1981 2071 2090 2156 -ὲπί

510 2153 653 2234 τούς
670 2163 1073 2228 ἀποστόλους,
1105 2160 1202 2214 καὶ
1229 2158 1435 2213 ἔθεντο
1477 2157 1699 2223 αὐτοὺς
1727 2155 1797 2209 ἐν
1843 2153 2092 2223 τηρήσει

512 2252 793 2323 δημοσίᾳ.
817 2247 931 2303 Νῦν
966 2244 1320 2317 σφοδρότερον
1364 2243 1548 2304 αὐτοῖς
1581 2240 1932 2294 ἐπιτίθενται.
1979 2239 2092 2323 Ούκ

512 2321 715 2401 εὐθέως
728 2335 786 2388 δὲ
807 2332 1003 2394 αὐτοὺς
1026 2329 1268 2401 ἔκριναν,
1283 2326 1688 2399 προσδοκῶντες
1706 2323 1868 2378 πάλιν
1893 2321 2092 2386 αὐτοὺς

511 2422 720 2494 πράους
751 2416 993 2473 ἔσεσθαι.
1021 2413 1131 2468 Kal
1174 2413 1336 2465 πόθεν
1388 2411 1568 2481 δῆλον,
1609 2410 1690 2462 ὅτι
1741 2406 2092 2494 σφοδρότερον

512 2493 696 2569 αύτοῖς
712 2501 1046 2572 ἐπετέθησαν
1061 2514 1076 2563 ;
1105 2496 1239 2550 Ἀπὸ
1252 2496 1347 2550 τοῦ
1364 2495 1535 2549 θεῖναι
1551 2494 1744 2557 αὐτοὺς
1770 2494 1851 2555 εἰς
1864 2493 2094 2563 τήρησιν

512 2587 799 2662 δημοσίαν.
849 2583 1019 2639 Πάλιν
1046 2580 1434 2652 περιπίπτουσι
1474 2577 1771 2662 κινδύνοις,
1807 2576 1904 2630 καὶ
1933 2575 2095 2662 πάλιν

630 2669 782 2741 παρὰ
799 2666 894 2720 τοῦ
909 2664 1043 2719 Θεοῦ
1066 2661 1397 2718 ἀπολαύουσι
1417 2660 1612 2732 ῥοπῆς·
1634 2659 1727 2713 καὶ
1747 2660 1915 2724 ὅπως,
1932 2657 2095 2712 άκουε

510 2741 621 2810 τῶν
675 2752 818 2825 ἑξῆς·
852 2752 1140 2820 Ἀγγελος
1183 2746 1253 2801 δὲ
1288 2746 1508 2814 Κυρίου
1559 2743 1658 2799 διὰ
1715 2741 1826 2813 τῆς
1876 2741 2097 2825 νυκτὸς

553 2823 766 2903 νέῳξεή
790 2835 899 2902 τὰς
930 2835 1129 2898 πύλας
1157 2829 1268 2899 τῆς
1310 2825 1612 2899 φυλακῆς,
1673 2823 1981 2896 ἐξαγαγών
2033 2841 2097 2878 τε

512 2922 756 2987 αὐτοὺς,
773 2916 921 2973 εἷπε·
947 2915 1300 2984 Πορεύεσθε,
1335 2912 1433 2965 καὶ
1487 2907 1809 2976 σταθέντες
1857 2909 2097 2964 λαλεῖτε

514 3005 584 3059 ἐν
601 3003 681 3069 τῷ
707 3000 839 3072 ἱερῷ
850 3000 931 3066 τῷ
949 2997 1076 3063 λαῷ
1094 2996 1291 3051 πάντα
1304 2996 1377 3050 τὰ
1396 2994 1633 3064 ῥήματα
1652 2991 1764 3061 τῆς
1783 2990 1932 3063 ζωῆς
1956 2994 2099 3047 ταύ-

515 3104 647 3156 της.
673 3084 842 3139 Τοῦτο
866 3083 960 3135 καὶ
978 3083 1056 3144 εἰς
1107 3079 1332 3132 ἐκείνων
1376 3075 1728 3149 παραμυθίαν
1750 3075 1963 3144 γέγονε,
2003 3076 2098 3131 καὶ

517 3170 596 3231 εἰς
619 3166 822 3219 τούτων
848 3163 1114 3234 ὠφέλειαν
1149 3162 1243 3215 καὶ
1268 3160 1634 3215 διδασκαλίαν.
1667 3158 1778 3213 Kal
1803 3160 1924 3231 δρα,
1961 3159 2096 3231 ὅπερ

517 3252 610 3304 ἐπὶ
624 3248 717 3303 τοῦ
744 3244 1004 3317 Χριστοῦ,
1031 3244 1191 3298 τοῦτο
1230 3244 1323 3297 καὶ
1353 3243 1447 3298 νῦν
1476 3242 1781 3313 γινόμενον.
1833 3242 2099 3313 Γινόμενα

523 3337 618 3410 μὲν
648 3337 755 3406 γὰρ
782 3334 950 3405 δήπου
973 3331 1045 3385 τά
1068 3331 1319 3404 θαύματα
1350 3332 1449 3384 οὐκ
1472 3330 1695 3401 ἀφίησιν
1724 3330 1921 3410 αὐτοῦς
1949 3328 2096 3396 ἰδεῖν,

519 3407 610 3489 ἀφ’
649 3415 723 3473 ὧν
744 3418 789 3472 δ’
818 3414 885 3471 ἂν
916 3414 1159 3488 μάθοιεν,
1199 3413 1374 3470 ταῦτα
1400 3412 1817 3479 κατασκευάζει·
1841 3407 1952 3467 οἷον
2004 3413 2099 3467 ἐπὶ

516 3503 617 3574 τῆς
646 3501 995 3563 ἀναστάσεως
1023 3499 1124 3571 τῆς
1154 3497 1315 3554 αὑτοῦ
1340 3498 1441 3551 οὐκ
1469 3497 1682 3567 ἀφῆκεν
1712 3508 1739 3537 ι
1756 3496 1953 3560 αὐτοὺς
1970 3495 2098 3550 ἰδεῖν

517 3584 634 3647 πῶς
656 3583 874 3653 ἀνέστη·
899 3582 1105 3649 ἀνάξιοι
1136 3582 1244 3655 γάρ
1267 3581 1360 3635 τοῦ
1388 3581 1589 3652 ταύτην
1609 3581 1744 3638 ἰδεῖν
1779 3577 1939 3653 ἦσαν·
1963 3579 2099 3635 ἀλλὰ

517 3667 785 3722 δείκνυσιν
804 3667 897 3735 ἀφ’
927 3661 1001 3719 ὧν
1027 3665 1186 3719 τοῦτο
1207 3665 1522 3738 εἰργάσατο.
1550 3663 1701 3738 [105]
1738 3664 1970 3735 Ὀμοίως
2003 3664 2098 3718 καὶ

518 3753 612 3806 ἐπὶ
632 3750 726 3806 τοῦ
758 3751 902 3805 οίνου
927 3749 1022 3804 τοῦ
1040 3752 1148 3805 ἀπὸ
1168 3752 1262 3804 τοῦ
1303 3750 1493 3815 ὓδατος
1511 3749 1826 3821 γενομένου,
1872 3751 1935 3803 οὐ
1971 3748 2092 3820 βλέ-

518 3852 712 3889 πουσιν
733 3835 783 3888 οἰ
823 3834 1189 3906 ἀνακείμενον
1219 3833 1447 3907 ἐμέθυον
1477 3835 1606 3905 γάρ·
1639 3835 1734 3887 καὶ
1781 3833 1879 3905 τὴν
1914 3834 2096 3904 κρίσιν

518 3917 801 3991 ἐπιτρέπει
832 3918 1061 3991 ἑτέροις.
1109 3917 1263 3973 Οὕτω
1302 3918 1367 3990 δὴ
1398 3919 1493 3971 καὶ
1514 3917 1768 3972 ἐνταῦθα.
1806 3917 2097 3988 Ἐξαγομέ-

518 4018 642 4065 νους
666 4001 764 4072 μὲν
794 4001 901 4074 γάρ
917 4003 1116 4065 αὐτοὺς
1137 4003 1235 4072 οὐχ
1267 4002 1455 4075 ὁρῶσι,
1481 4002 1757 4074 τεκμήρια
1787 4001 1844 4055 δὲ
1862 4041 1878 4065 ,
1904 4002 1996 4070 ἀφ’
2020 3994 2096 4055 ὧν

518 4086 779 4161 ἠδύναντο
804 4086 1142 4159 καταμαθεῖν
1177 4089 1246 4141 τά
1276 4086 1565 4158 γενόμενα,
1597 4082 1759 4143 είδον.
1800 4085 1865 4138 Τί
1898 4085 2097 4156 δήποτε

513 4172 575 4227 δὲ
604 4173 698 4227 καὶ
737 4174 879 4228 κατὰ
904 4173 1002 4245 τὴν
1036 4172 1208 4227 νύκτα
1252 4172 1447 4235 αὐτοὺς
1505 4169 1759 4238 ἐξέϐαλε;
1803 4169 1925 4223 Ὀτι
1956 4167 2098 4221 οὕτω

514 4257 722 4330 μᾶλλον
747 4258 781 4329 ἢ
810 4257 1033 4320 ἐκείνως
1054 4256 1471 4327 ἐπιστεύθησαν·
1490 4254 1666 4319 ἄλλως
1696 4271 1758 4309 τε
1780 4254 1875 4308 καὶ
1891 4255 1975 4307 ὅτι
1997 4253 2099 4306 οὐκ

516 4338 583 4394 ἂν
616 4341 710 4396 ἐπὶ
733 4341 793 4395 τὸ
822 4341 1098 4413 ἐρωτῆσαι
1136 4336 1317 4412 ἦλθον·
1347 4337 1472 4393 οὒτε
1510 4338 1615 4411 μὴν
1660 4337 1864 4409 ἑτέρως
1904 4336 1969 4393 ἂν
2004 4338 2099 4391 καὶ

517 4424 672 4478 αὐτοὶ
712 4423 1040 4478 ἐπίστευσαν
1070 4423 1125 4477 ι).
1162 4422 1319 4477 Οὕτω
1374 4423 1466 4475 καὶ
1490 4421 1712 4476 ἐπὶτῶν
1730 4420 1975 4475 παλαιῶν
2006 4421 2098 4490 γέ-

517 4524 696 4578 γονεν,
723 4502 835 4559 οἷον
861 4508 954 4560 ἐπὶ
980 4506 1075 4559 τοῦ
1109 4505 1597 4576 Ναϐουχοδονόσορ·
1648 4501 1787 4558 εἶδεν
1816 4505 2098 4568 αἰνοῦντας

516 4592 610 4645 τὸν
640 4591 772 4644 Θεὸν
796 4592 889 4644 ἐπὶ
916 4591 1013 4661 τῆς
1062 4590 1295 4660 καμίνου
1327 4591 1453 4651 τοὺς
1480 4589 1694 4655 παῖδας,
1728 4594 1821 4642 καὶ
1857 4590 1976 4642 τότε
2019 4591 2100 4652 είς

518 4672 780 4743 ἔκπληξιν
835 4668 989 4744 ἦλθε.
1054 4672 1184 4724 Δέον
1233 4671 1409 4724 τοίνυν
1437 4675 1533 4725 καὶ
1575 4671 1798 4735 τούτους
1827 4672 2098 4742 ἐρωτῆσαι

519 4756 756 4827 πρῶτον,
784 4755 909 4819 Πῶς
967 4754 1240 4826 ἐξήλθετε,
1293 4756 1343 4807 οἰ
1362 4754 1419 4808 δὲ
1448 4754 1523 4818 ὡς
1550 4754 1765 4817 οὐδενὸς
1804 4755 2098 4825 γενομένου

518 4839 768 4912 ιρωτῶσι
811 4839 1082 4909 λέγοντες·
1119 4839 1267 4909 Οῠχί
1304 4836 1672 4909 παραγγελία
1707 4840 2101 4910 παρηγγείλα-

512 4942 629 4996 μεν
657 4925 799 4997 ὑμῖν
821 4924 908 4996 μὴ
929 4924 1168 4989 λαϐεῖν;
1198 4925 1306 4979 Kal
1332 4925 1457 4996 ὅρα,
1487 4923 1604 4988 πῶς
1629 4922 1696 4977 δι’
1730 4923 1931 4995 ἑτέρων
1963 4943 2099 4996 μαν-

520 5010 769 5065 θάνουσιν
792 5011 1024 5065 ἅπαντα.
1059 5009 1254 5079 Ὀρῶσι
1293 5011 1402 5081 γὰρ
1435 5009 1828 5081 κεκλεισμένην
1866 5010 1966 5083 τὴν
1990 5030 2094 5081 φυ-

518 5097 691 5169 λακὴν
733 5096 870 5165 μετά
917 5094 1234 5164 ἀσφαλείας,
1292 5095 1532 5158 καὶτοὺς
1571 5093 1819 5164 φύλακας
1855 5095 2097 5159 ἑστῶτας

516 5180 625 5253 πρὸ
656 5178 765 5234 τῶν
802 5178 1001 5250 θυρῶν.
1060 5178 1459 5244 Ἀκούσαντες
1503 5176 1592 5241 δὲ,
1624 5177 1918 5247 εἰσῆλθον
1976 5177 2096 5233 ὑπὸ

517 5265 625 5319 τόν
647 5264 859 5333 ὄρθρον
884 5264 970 5329 είς
992 5262 1058 5315 τὸ
1091 5262 1250 5331 ἱερὸν
1277 5264 1374 5316 καί
1400 5261 1744 5316 ἐδίδασκον.
1763 5264 2097 5331 Παραγενό-

511 5365 696 5419 μενος
714 5346 782 5402 δὲ
803 5351 835 5402 ὁ
854 5346 1182 5416 ἀρχιερεὺς,
1212 5348 1311 5401 καὶ
1346 5350 1400 5402 οἱ
1428 5348 1549 5400 σὺν
1566 5346 1745 5412 αὐτῷ,
1768 5347 2096 5401 συνεκάλε-

516 5446 638 5486 σαν
668 5430 736 5485 τὸ
769 5430 1108 5499 συνέδριον,
1132 5430 1228 5484 καὶ
1258 5428 1464 5483 πᾶσαν
1491 5431 1606 5499 τὴν
1634 5432 1958 5501 γερουσίαν
1976 5428 2095 5483 τῶν

513 5517 660 5570 υίῶν
687 5514 952 5584 Ἰσραήλ·
972 5515 1070 5570 καὶ
1084 5513 1448 5570 ἀπέστειλαν
1479 5518 1566 5582 εἰς
1590 5516 1657 5569 τὸ
1686 5515 2097 5586 δεσμωτήριον

515 5596 775 5668 ἀχθῆναι
831 5601 1071 5665 αὑτῦύς.
1119 5600 1591 5667 Παραγενόμενοι
1626 5598 1694 5652 δὲ
1721 5603 1775 5653 οἱ
1809 5598 2096 5666 ὑπηρέται

517 5684 631 5750 οὺχ
666 5678 846 5751 εὗρον
871 5685 1087 5750 αὐτοὺς
1118 5685 1188 5737 ἐν
1216 5683 1290 5752 τῇ
1313 5684 1579 5753 φυλακῇ·
1604 5684 2096 5753 ἀναστρέψαντες

580 5851 608 5880 ⁸
652 5850 757 5918 λιιι
793 5852 1098 5918 ἀναστάσεως
1140 5855 1346 5918 γέγονεν.
1409 5855 1514 5903 Οὐκ
1555 5855 1753 5915 ἀφῆκεν.
1818 5858 1844 5898 Ι)
1887 5858 2092 5918 Quidam

517 5924 634 5963 mss.
677 5911 841 5968 ἦλθον·
878 5913 963 5960 οὐκ
995 5916 1049 5961 ἀν
1077 5911 1244 5975 ἑτέρως
1265 5916 1563 5964 ἐπίστευσαν.

2193 1227 2261 1282 δὲ
2277 1228 2672 1299 ἀπήγγειλαν,
2692 1231 2997 1300 λέγοντες,
3026 1233 3199 1287 ὅτιτὸ
3218 1234 3336 1303 μὲν
3365 1235 3779 1307 δεσμωτήριον

2191 1311 2445 1381 εὕρομεν
2476 1313 2908 1383 κεκλεισμένον
2949 1315 3022 1368 ἐν
3056 1314 3225 1385 πάσῃ
3276 1318 3583 1388 ἀσφαλείᾳ
3605 1363 3620 1387 ,
3671 1324 3775 1377 καί

2191 1394 2334 1462 τοὺς
2363 1396 2641 1465 φύλακας
2670 1396 2935 1465 ἑστῶτας
2958 1401 3070 1468 πρὸ
3113 1398 3231 1454 τῶν
3254 1402 3467 1469 θυρῶν·
3492 1405 3776 1471 ἀνοίξαν-

2190 1496 2290 1546 τες
2333 1479 2401 1533 δὲ
2457 1480 2578 1535 ἔσω
2630 1479 2851 1535 οὐδένα
2898 1482 3169 1552 εὕρομεν.
3230 1487 3400 1557 Διπλῆ
3433 1490 3465 1560 ἡ
3504 1490 3777 1559 ἀσφάλεια

2190 1560 2380 1634 ὥσπερ
2408 1564 2501 1616 ἐπὶ
2524 1562 2619 1617 τοῦ
2654 1564 2847 1646 τάφου,
2900 1566 2996 1620 καὶ
3038 1568 3069 1637 ή
3101 1571 3338 1638 σφραγὶς
3363 1571 3455 1624 καὶ
3484 1574 3533 1625 οἰ
3562 1574 3777 1646 ἀνθρω-

2193 1665 2306 1702 ποι.
2330 1648 2496 1720 Ὅρα,
2538 1648 2654 1712 πῶς
2695 1645 2836 1719 ἦσαν
2871 1649 3146 1723 θεομάχοι.
3196 1654 3383 1709 Ταῦτα
3435 1645 3773 1729 ἀνθρώπινα,

2191 1735 2313 1788 είπέ
2344 1752 2455 1805 μοι,
2486 1735 2554 1789 τά
2581 1735 2667 1789 ἐπ’
2683 1735 2860 1789 αὐτῶν
2885 1739 3181 1810 γενόμενα;
3203 1741 3298 1804 Τίς
3317 1743 3512 1808 αὐτοὺς
3537 1744 3778 1817 ἐξήγαγε

2190 1818 2298 1873 τῶν
2344 1818 2523 1891 θυρῶν
2562 1818 2997 1891 κεκλεισμένων;
3058 1823 3176 1887 πῶς
3208 1822 3430 1894 ἐξῆλθον
3461 1826 3570 1880 τῶν
3599 1829 3778 1897 φυλά-

2192 1921 2304 1959 κων
2338 1905 2443 1976 πρὸ
2468 1904 2575 1958 τῶν
2621 1904 2799 1976 θυρῶν
2842 1906 3125 1976 ἑστώτων;
3172 1910 3379 1974 Ὄντως
3434 1913 3781 1983 μαινομένων

2194 1991 2287 2043 καὶ
2323 1990 2627 2060 μεθυόντων
2654 1989 2723 2043 τά
2754 1991 2993 2062 ῥήματα.
3028 1991 3134 2057 Οὓς
3157 1993 3217 2046 οὐ
3262 1994 3494 2066 κατέσχε
3528 1998 3774 2070 φυλακὴ,

2193 2074 2288 2127 καὶ
2317 2074 2512 2145 δεσμά,
2546 2074 2642 2128 καὶ
2675 2074 2835 2147 θύραι
2869 2074 3272 2147 κεκλεισμέναι,
3327 2079 3532 2132 τούτων
3577 2098 3784 2153 προσεο

2191 2158 2427 2229 δόκησαν
2458 2158 2832 2228 περιέσεσθαι,
2862 2159 3067 2212 παίδων
3099 2160 3347 2230 ἀνοήτων
3403 2165 3635 2234 πρᾶγμα
3668 2183 3782 2219 πα-

2192 2239 2395 2304 θόντες.
2417 2241 2480 2294 Οί
2510 2240 2778 2311 ὑπηρέται
2803 2240 2934 2310 γοῦν
2961 2241 3140 2296 αὐτῶν
3160 2242 3248 2296 διά
3275 2245 3433 2299 τοῦτο
3454 2248 3784 2318 παραγίνον-

2191 2341 2301 2383 ται.
2323 2325 2416 2378 καὶ
2431 2324 2753 2396 ὁμολογοῦσι
2768 2326 2829 2378 τὸ
2850 2327 3095 2395 γεγονὸς,
3117 2327 3202 2381 ἴνα
3229 2330 3412 2385 πᾶσαν
3429 2332 3612 2396 αὐτοῖς
3634 2335 3782 2386 ἀπο-

2193 2409 2448 2465 κλείσωσι
2468 2410 2761 2480 πρόφασιν.
2806 2410 2970 2482 Ὀρᾷς
3000 2413 3203 2483 σημεῖα
3234 2415 3327 2468 ἐπὶ
3379 2417 3626 2487 σημείοις
3654 2417 3781 2472 διά-

2196 2512 2359 2567 φορα,
2386 2493 2455 2546 τά
2479 2494 2576 2564 μὲν
2616 2495 2707 2548 ὑπ’
2730 2495 2931 2561 αὐτῶν,
2967 2496 3036 2548 τά
3053 2495 3110 2548 δὲ
3137 2498 3217 2561 εἰς
3255 2499 3451 2565 αὐτοὺς
3487 2502 3776 2572 γενόμενα,

2195 2576 2231 2632 ἀ
2263 2578 2359 2631 καὶ
2383 2575 2740 2648 λαμπρότερα
2764 2573 2862 2649 ἧνς
2925 2577 3121 2643 Καλῶς
3169 2580 3290 2634 οὐδὲ
3343 2582 3544 2647 εὐθέως
3593 2585 3783 2649 αὐτοῖς

2195 2657 2463 2732 ἐμηνύθη,
2486 2658 2623 2713 ἀλλά
2648 2661 2910 2734 πρότερον
2930 2663 2988 2715 ὲν
3009 2663 3213 2736 ἀπορίᾳ
3234 2665 3531 2734 γεγονόσιν,
3558 2667 3643 2720 ἵνα
3664 2668 3789 2721 δια-

2197 2745 2529 2815 σκεψάμενοι
2577 2756 2601 2783 c
2633 2744 2781 2798 θείαν
2841 2741 2979 2799 εἶναι
3030 2746 3292 2817 δύναμιν,
3344 2748 3486 2803 οὕτω
3530 2750 3785 2821 μάθωσιν

2197 2827 2431 2883 ἅπαντα.
2471 2828 2568 2895 Ὠς
2595 2827 2664 2881 δὲ
2714 2827 2991 2898 ἤκουσαν
3016 2831 3159 2899 τοὺς
3179 2833 3402 2902 λόγους
3453 2837 3704 2903 τούτους
3744 2832 3787 2891 ’ὅ

2195 2928 2261 2967 τε
2279 2911 2588 2982 ἀρχιερεὺς
2619 2912 2717 2966 καὶ
2768 2915 2801 2966 ό
2844 2914 3176 2984 στρατηγὸς
3226 2916 3333 2971 τοῦ
3383 2918 3542 2985 ἱεροῦ
3591 2919 3690 2973 καὶ
3724 2921 3788 2976 cl

2199 2996 2510 3067 ἀρχιερεῖς,
2548 2995 2878 3064 διηπόρουν
2936 2999 3069 3065 περὶ
3129 2999 3328 3053 αὐτῶν
3359 3001 3416 3054 τί
3443 3001 3519 3056 ἂν
3546 3002 3785 3073 γένοιτο

2195 3079 2391 3134 τοῦτο.
2434 3083 2920 3148 Παραγενόμενος
2940 3080 3007 3134 δέ
3037 3099 3125 3147 τις
3161 3083 3526 3155 ἀπήγγειλεν
3550 3087 3782 3155 αὐτοῖς,

2197 3162 2285 3216 ὅτι
2308 3161 2435 3216 ἰδοὺ
2464 3165 2518 3216 οι
2537 3161 2770 3230 ἄνδρες,
2787 3162 2895 3230 οὓς
2911 3165 3119 3220 ἔθεσθε
3136 3166 3206 3220 ὲν
3222 3167 3299 3237 τῇ
3325 3169 3590 3239 φυλακῇ,
3618 3173 3784 3226 είσὶν

2199 3248 2267 3303 ὲν
2289 3246 2370 3313 τῷ
2392 3247 2524 3317 ἱερῷ
2573 3248 2830 3315 ἑστῶτες
2876 3251 2974 3304 καὶ
3018 3250 3415 3321 διδάσκοντες
3445 3256 3554 3310 τὸν
3599 3258 3780 3312 λαόν.

2202 3332 2344 3386 Τότε
2367 3328 2647 3386 ἀπελθὼν
2672 3334 2705 3386 ό
2745 3334 3082 3402 στρατηγὸς
3107 3335 3230 3390 σὺν
3282 3337 3407 3404 τοῖς
3431 3340 3782 3408 ὑπηρέταις,

2196 3413 2421 3485 ἤγαγεν
2445 3414 2667 3481 αὐτοὺς
2692 3417 2764 3469 οὐ
2795 3416 2945 3484 μετά
2975 3418 3141 3485 ,ϐίας-
3174 3419 3501 3490 ἐφοϐοῦντο
3536 3424 3646 3493 γὰρ
3671 3425 3784 3478 τὸν

2196 3496 2370 3562 λαὸν,
2403 3498 2507 3551 ἵνα
2549 3496 2636 3567 μὴ
2692 3497 3084 3554 λιθασθῶσιν.
3128 3501 3192 3554 Ὢ
3225 3505 3324 3575 τῆς
3355 3506 3570 3570 ἀνοίαςί
3623 3508 3783 3576 Ἐφο-

2199 3578 2410 3645 6οῦντο,
2437 3581 2589 3651 φησὶ,
2614 3579 2705 3633 τὸν
2739 3581 2913 3652 δχλον.
2943 3582 3008 3635 Τί
3032 3584 3140 3655 γάρ
3168 3585 3365 3651 αὐτοὺς
3389 3589 3417 3640 ὁ
3448 3590 3601 3660 δχλος
3630 3591 3781 3661 ὠφέ-

2197 3663 2309 3730 λει;
2341 3664 2469 3748 Δέον
2490 3664 2580 3717 τὸν
2611 3665 2741 3718 Θεὸν
2772 3666 3074 3737 φοϐηθῆναι
3104 3671 3195 3722 τὸν
3232 3672 3483 3746 καθάπερ
3542 3676 3783 3748 πτηνοὺς

2197 3747 2284 3802 ἀεὶ
2308 3747 2416 3800 τῶν
2445 3747 2640 3819 χειρῶν
2670 3750 2866 3812 αὐτοὺς
2887 3749 3263 3821 ἐξαρπάζοντα
3316 3755 3425 3809 τῶν
3457 3756 3605 3831 [101]
3634 3747 3783 3812 ὲκεί-

2197 3849 2322 3885 νων·
2350 3834 2398 3885 οἱ
2428 3832 2485 3886 δὲ
2511 3831 2708 3903 μᾶλλον
2738 3831 2829 3885 τὸν
2868 3832 3022 3903 ὄχλον
3049 3836 3360 3903 φοϐοῦνται.
3404 3840 3468 3894 '0
3497 3841 3566 3894 δέ
3587 3843 3783 3912 ἀρχιε-

2191 3914 2336 3984 ρεὺς
2359 3914 2747 3984 ἐπηρώτησεν
2782 3916 3023 3983 αὐτοὺς,
3057 3918 3271 3987 λέγων·
3306 3923 3453 3991 Οὐχὶ
3484 3930 3783 3996 παραγγεκ

2196 4000 2299 4067 lla
2347 4000 2830 4070 παρηγγείλαμεν
2877 4001 3022 4069 ὑμῖν
3060 4001 3149 4071 μὴ
3206 4002 3517 4061 διδάσκειν
3568 4010 3666 4062 ἐπὶ
3696 4007 3782 4075 τῷ

2197 4082 2441 4153 ὀνόματι
2484 4084 2705 4150 τούτῳ;
2760 4084 2871 4137 Καὶ
2905 4083 3034 4138 ἰδοὺ
3069 4086 3460 4155 ἐπληρώσατε
3522 4090 3657 4159 τὴν-
3678 4092 3781 4146 Ίεο

2193 4164 2515 4234 ρουσαλὴμ
2547 4163 2660 4234 τῆς
2691 4164 2947 4235 διδαχῆς
2966 4169 3154 4237 ὑμῶν,
3188 4171 3287 4224 καὶ
3316 4172 3631 4236 ,βούλεσθε
3677 4176 3731 4228 ἐς
3754 4207 3782 4217 -

2198 4248 2442 4320 ἀγαγεῖν
2456 4249 2548 4319 ἐφ’
2566 4247 2725 4318 ἡμᾶς
2748 4249 2812 4303 τὸ
2834 4244 2976 4318 αἷμα
2994 4250 3101 4305 τοῦ
3113 4252 3427 4322 ἀνθρώπου
3450 4258 3682 4312 τούτου.
3712 4259 3782 4312 Τί

2198 4330 2290 4388 οὖν
2321 4333 2372 4386 οἱ
2395 4331 2679 4385 ἀπόστολοι
2703 4348 2717 4396 ;
2754 4331 2924 4385 Πάλιν
2980 4335 3096 4403 μετ’
3123 4336 3420 4402 ἐπιεικείας
3448 4340 3630 4404 αὐτοῖς
3659 4341 3786 4397 δια-

2197 4417 2463 4487 λέγονται·
2484 4414 2662 4468 καίτοι
2696 4431 2759 4484 γε
2795 4413 2922 4485 ἐνῆν
2946 4418 3139 4469 εἰπεῖν·
3171 4418 3326 4483 Τίνες
3347 4420 3455 4491 γάρ
3484 4424 3603 4475 ἐστε
3620 4424 3783 4495 ὑμεῖς

2198 4498 2722 4570 ἀντιδιαταττόμενοι
2756 4498 2834 4569 τῷ
2853 4498 3002 4570 Θεῷ;
3043 4499 3203 4554 Ἀλλά
3229 4503 3316 4569 τί;
3346 4504 3514 4558 Πάλιν
3539 4508 3597 4560 ὲν
3627 4506 3782 4573 τάξει

2199 4584 2576 4654 παραινέσεως
2605 4583 2698 4636 καὶ
2745 4582 3075 4654 συμὸουλῆς,
3143 4585 3239 4639 καὶ
3290 4589 3425 4657 μετὰ
3477 4592 3780 4658 ἐπιεικείας

2199 4668 2399 4738 πολλῆς
2445 4667 2850 4740 ἀποκρίνονται.
2910 4668 3269 4738 Ἀποκριθεὶς
3308 4671 3378 4724 δὲ
3414 4671 3639 4742 Πέτρος
3678 4676 3781 4732 καί

2198 4756 2254 4808 οἱ
2281 4754 2609 4808 ἀπόστολοι
2635 4747 2808 4805 εἷπον
2830 4767 2846 4783 ·
2896 4752 3245 4824 Πειθαρχεῖν
3272 4753 3368 4809 δεῖ
3384 4755 3506 4822 Θεῷ
3537 4757 3784 4828 μᾶλλον

2197 4835 2238 4906 ἣ
2267 4834 2615 4905 ἀνθρώποις.
2660 4834 2834 4906 Πολλὴ
2865 4836 2898 4904 ὴ
2940 4833 3233 4908 φιλοσοφία
3272 4839 3365 4892 καὶ
3402 4840 3648 4911 τοιαύτη,
3696 4843 3781 4896 ὅτι

2200 4918 2450 4973 ἐντεῦθεν
2478 4916 2781 4971 δεικνύουσι
2809 4919 2906 4971 καὶ
2931 4919 3131 4986 αὐτοὺς
3160 4923 3500 4995 μαχομένους
3527 4924 3605 4995 τῷ
3637 4925 3777 4995 Θεῷ.

2213 5003 2265 5056 Ὁ
2298 5002 2441 5066 Θεὸς
2468 4998 2588 5054 τῶν
2625 4998 2894 5068 πατέρων
2918 5001 3087 5071 ἡμῶν
3122 5004 3360 5075 ἤγειρεν
3408 5006 3662 5074 Ἰησοῦν,
3707 5009 3783 5063 ὃν

2194 5084 2363 5155 ὑμεῖς
2427 5082 2865 5152 διεχειρίσασθε
2944 5088 3354 5158 κρεμάσαντες
3417 5090 3516 5144 ἐπὶ
3562 5091 3778 5156 ξύλου.

2200 5168 2424 5223 Τοῦτον
2448 5167 2483 5221 ὁ
2527 5166 2669 5233 Θεὸς
2703 5166 2970 5239 ἀρχηγὸν
3003 5170 3103 5225 καὶ
3149 5172 3397 5241 Σωτῆρα
3452 5175 3663 5243 ὕψωσε
3703 5173 3780 5244 τῇ

2195 5251 2364 5320 δεξιᾷ
2395 5252 2604 5319 αὐτοῦ,
2642 5251 2855 5307 δοῦναι
2894 5255 3218 5323 μετάνοιαν
3258 5256 3337 5324 τῷ
3388 5259 3626 5328 Ἰσραὴλ
3677 5262 3779 5313 καί

2195 5340 2417 5409 ἄφεσιν
2443 5336 2758 5407 ἁμαρτιῶν.
2789 5339 2885 5391 Ὃν
2913 5340 3069 5410 ὑμεῖς
3092 5339 3355 5403 ἀνείλετε,
3376 5344 3559 5412 φησὶν,
3590 5343 3618 5394 ὁ
3645 5342 3779 5407 Θεὸς

2195 5423 2406 5494 ἤγειρε.
2431 5422 2541 5475 Kal
2560 5421 2682 5490 ὅρα,
2706 5420 2783 5491 τῷ
2804 5421 2980 5492 Πατρὶ
3001 5423 3061 5474 τὸ
3086 5426 3192 5475 πᾶν
3215 5425 3379 5479 πάλιν
3405 5426 3781 5495 ἀνατιθέασιν,

2197 5507 2284 5559 ἵνα
2316 5506 2391 5575 μὴ
2421 5503 2547 5577 δόξῃ
2572 5504 2844 5574 ἀλλότριος
2870 5500 3008 5556 εἶναι
3036 5504 3130 5557 τοῦ
3160 5508 3389 5579 Πατρός.
3413 5510 3523 5563 Καὶ
3542 5510 3773 5578 ὕψωσε,

2196 5592 2351 5661 φησι,
2386 5588 2460 5658 τῇ
2486 5587 2654 5655 δεξιᾷ
2688 5588 2892 5643 αὐτοῦ.
2947 5589 3059 5659 Οὐχ
3103 5591 3288 5655 ἁπλῶς
3338 5594 3438 5665 τὴν
3479 5595 3777 5650 ἀνάστασιν

2195 5675 2352 5729 τοῦτο
2385 5674 2573 5746 μόνην,
2602 5674 2737 5726 ἁλλά
2769 5674 2794 5713 ά
2825 5673 2919 5727 καὶ
2952 5674 3050 5745 τὴν
3085 5674 3313 5745 ῦψωσιν,
3364 5679 3631 5745 τουτέςτι,
3673 5681 3778 5749 τὴν

2195 5758 2482 5829 ἀνάληψιν,
2507 5758 2677 5828 δηλοῖ.
2706 5759 2814 5813 Τοῦ
2831 5758 3041 5814 δοῦναι
3059 5761 3385 5830 μετάνοιαν
3406 5762 3484 5825 τῷ
3513 5762 3773 5832 Ἰσραήλ.

2206 5860 2419 5971 εἰςὶὲΙῆ
2460 5860 2844 5923 ἐπισκεψάμενοι.
2930 5859 2958 5899 ἀ
3000 5862 3138 5917 Unus
3179 5866 3288 5915 cod.
3323 5865 3585 5915 ἀνάστασιν
3626 5868 3773 5932 λέγει.
