4084 6174
260 379 349 436 I05
1180 363 1244 420 IN
1286 362 1464 417 ACTA
1508 354 2034 414 APOSTOLOBUM.
2077 352 2309 409 IiOMIL.
2351 354 2488 409 XIII.

258 507 350 562 que
379 488 636 545 confitere
665 505 676 539 :
709 500 828 540 nam
854 492 908 537 et
935 481 1008 535 illi
1036 476 1264 534 confessi
1298 475 1528 529 salutem
1553 470 1826 562 consecuti

256 561 387 639 sunt.
419 580 555 649 Quid
600 579 739 632 enim
769 577 810 630 si
841 589 948 628 non
975 580 1194 640 repente
1222 567 1352 621 ultio
1373 561 1610 619 invadit?
1657 575 1824 631 quan-

257 675 529 747 doquidem
575 671 757 728 Achab
789 677 1004 740 propter
1045 662 1303 720 Nabuthae
1348 673 1457 714 non
1500 656 1678 712 statim
1709 663 1830 724 post

257 781 518 841 peccatum
550 766 733 836 plexus
753 763 852 817 fuit
874 763 950 831 (ὅ.
969 756 1191 830 Βε9.21.
1211 754 1324 823 19).
1357 752 1464 806 (iur
1487 764 1616 805 vero
1639 748 1829 841 sicres

263 840 462 934 agitur?
487 861 587 914 Dat
613 857 708 912 tibi
734 858 875 912 Deus
904 850 1268 922 praescriptum
1295 854 1526 914 tempus,
1560 851 1620 896 ut
1647 840 1833 934 aliltta~

258 931 360 1019 ris;
387 957 430 1010 si
460 964 790 1024 perseveres,
833 959 1049 1016 poenam
1078 943 1294 998 demum
1324 937 1548 992 inducit.
1589 931 1830 996 Vidistis,

258 1047 374 1118 quid
398 1023 539 1116 passi
567 1045 678 1100 sint
705 1039 1031 1098 mendaces?
1056 1035 1318 1104 Cogitate,
1341 1029 1468 1100 quid
1489 1025 1705 1118 passuri
1723 1023 1834 1076 sint

259 1115 479 1208 perjuri;
522 1136 776 1207 cogitate,
805 1140 862 1188 et
895 1127 1156 1186 desistite.
1197 1124 1311 1180 Non
1357 1127 1533 1192 potest
1559 1117 1647 1187 qui
1687 1115 1833 1183 jurat

3422 362 3520 418 106

1941 481 2049 520 non
2067 465 2325 535 peierare,
2343 467 2471 520 velit
2492 461 2626 520 nolit
2657 484 2665 495 ·
2701 475 2804 522 nan
2832 485 2898 537 po
2911 471 3014 525 test
3035 471 3278 542 periurus
3293 469 3517 532 salutem

1936 557 2211 625 consequi.
2258 556 2468 612 Sufﬁcit
2513 573 2677 613 unum
2726 562 3040 630 perjurium,
3072 576 3131 618 ut
3163 579 3326 622 totum
3357 572 3520 638 perti-

1936 647 2063 712 ciat,
2095 657 2150 701 et
2179 655 2344 701 totum
2375 650 2528 704 nobis
2556 651 2872 721 supplicium
2933 655 3165 710 inducat.
3211 660 3336 714 Ideo
3365 664 3518 717 nobis

1939 739 2089 809 ipsis,
2135 755 2336 810 quaeso,
2369 743 2742 809 attendamus;
2787 755 2844 800 ut
2870 763 3081 816 poenam
3113 751 3269 820 hujus
3314 757 3516 824 peccati

1937 829 2248 901 effugientes
2287 833 2647 890 misericordia
2680 837 2772 892 Dei
2807 839 3108 909 dignemur,
3139 846 3305 912 gratia
3329 858 3384 901 et
3415 851 3514 901 mi-

1939 925 2295 979 serationibus
2324 927 2575 998 unigeniti
2601 929 2718 999 ejus
2749 930 2887 995 Filii,
2911 935 3121 1001 quicum
3149 937 3292 991 Patri
3325 949 3379 992 et
3403 941 3521 1009 Spi-

1941 1016 2067 1069 ritui
2110 1029 2293 1072 sancto
2341 1019 2528 1088 gloria,
2557 1020 2859 1089 imperium,
2892 1023 3083 1088 honor,
3118 1041 3259 1081 nunc
3283 1039 3337 1082 et
3366 1045 3507 1082 scm-

1947 1122 2060 1178 per,
2094 1109 2223 1162 etin
2248 1110 2442 1165 saecula
2466 1112 2806 1168 saeculorum.
2849 1117 3036 1170 Amen.

1523 1317 1872 1386 HOMILIA
1913 1313 2086 1378 XIII.

259 1494 386 1549 CAP.
416 1493 473 1549 5.
503 1507 556 1546 v.
591 1491 679 1546 l7.
707 1487 996 1556 Exsurgens
1025 1490 1193 1535 autem
1212 1479 1443 1550 princeps
1485 1469 1835 1528 sacerdotum,

323 1596 372 1640 et
402 1600 574 1639 omnes
601 1581 686 1651 qui
709 1596 822 1633 cum
842 1577 930 1631 illo
959 1583 1124 1636 erant,
1157 1586 1269 1642 quae
1299 1580 1369 1623 est
1399 1564 1604 1621 ltwresis
1629 1560 1841 1617 Saddu-

325 1692 583 1738 carorum,
612 1673 787 1743 repleti
812 1677 928 1724 sunt
953 1667 1084 1732 zelo,
1115 1663 1204 1718 l8.
1251 1671 1301 1716 et
1339 1662 1621 1729 injecerunt
1663 1666 1844 1706 manus

322 1770 377 1822 in
399 1766 674 1837 apostolos,
696 1775 742 1818 et
763 1769 1033 1834 posuerunt
1053 1773 1138 1811 eos
1164 1757 1217 1809 in
1244 1753 1472 1808 custodia
1493 1746 1717 1820 publica.

327 1861 378 1914 1.
405 1857 547 1912 Nihil
572 1853 928 1926 impudentius
953 1849 1312 1917 audaciusque
1351 1841 1573 1897 malitia.
1623 1837 1839 1892 Illorum

259 1951 460 2021 experti
492 1946 857 2004 fortitudinem
885 1943 1076 2004 exiis,
1119 1953 1240 2010 quae
1284 1937 1432 2006 prius
1480 1934 1838 1989 attentarant,

263 2051 495 2097 attamen
534 2039 712 2094 denuo
764 2034 1143 2107 aggrediuntur
1193 2037 1248 2084 et
1295 2028 1488 2082 iterum
1537 2023 1837 2086 insurgunt.

259 2136 396 2203 Quid
420 2135 520 2190 sibi
549 2133 664 2187 vult
683 2129 814 2186 illud
838 2170 854 2197 ,
888 2127 1182 2196 Exsurgens
1211 2123 1449 2192 princeps
1486 2115 1838 2203 sacerdotum,

258 2202 303 2282 et
327 2244 504 2282 omnes
529 2226 615 2292 qui
635 2241 747 2278 cum
770 2222 860 2277 illo
883 2217 1065 2276 erant?
1089 2215 1364 2271 Excitatus
1391 2220 1490 2271 est,
1526 2206 1728 2277 inquit,
1779 2202 1844 2256 iis

253 2337 374 2392 qua!
401 2319 713 2375 acciderant
757 2320 1077 2371 commotus.
1122 2308 1193 2363 Et
1237 2308 1515 2378 injecerunt
1560 2312 1743 2392 manus
1789 2296 1843 2348 in

263 2391 532 2485 apostolos
554 2451 572 2478 ,
600 2420 648 2465 et
672 2416 946 2482 posuerunt
974 2421 1057 2460 eos
1081 2405 1136 2458 in
1161 2401 1385 2456 custodia
1432 2395 1650 2466 publica.
1694 2391 1845 2485 Nunc

255 2483 636 2564 vehementius
657 2503 776 2558 illos
803 2502 1152 2556 insectantur.
1186 2495 1296 2550 Nec
1320 2491 1498 2547 statim
1527 2489 1595 2543 de
1619 2485 1722 2540 illis
1758 2483 1847 2553 ju-

252 2598 464 2664 dicant,
493 2601 772 2668 sperantes
786 2593 904 2648 illos
929 2587 1314 2646 mansuetiores
1338 2583 1471 2638 fore.
1495 2581 1562 2636 Et
1581 2578 1843 2634 undenam

250 2693 428 2762 liquet
456 2690 580 2745 illos
599 2686 964 2743 vehementius
991 2684 1278 2738 insectatos
1299 2693 1421 2734 esse
1439 2677 1462 2729 ?
1483 2675 1561 2730 Ex
1588 2689 1676 2739 eo,
1703 2669 1844 2742 quod

247 2782 539 2850 posuerint
589 2780 709 2836 illos
736 2780 788 2834 in
814 2776 1055 2833 custodia
1081 2773 1315 2845 publica.
1360 2771 1564 2825 Rursus
1608 2764 1848 2821 incidunt

245 2876 297 2929 in
327 2873 584 2946 pericula
609 2915 625 2940 ,
655 2881 711 2929 et
737 2886 927 2928 rursus
958 2869 1051 2925 Dei
1096 2866 1321 2938 gratiam
1369 2862 1749 2933 experiuntur;
1793 2866 1849 2911 et

240 2965 531 3036 quomodo
553 3007 570 3030 ,
621 2963 746 3020 audi
794 2960 1071 3031 sequentia
1101 2976 1115 3010 :
1155 2958 1242 3012 19.
1284 2954 1504 3024 Angelus
1541 2961 1707 3005 autem
1741 2946 1844 3001 Do—

236 3061 369 3115 mini
402 3076 506 3130 per
533 3067 730 3112 noctem
773 3053 977 3124 aperuit
1011 3053 1204 3121 januas
1239 3046 1454 3100 carceris
1478 3085 1492 3109 ,
1541 3051 1586 3096 et
1635 3041 1851 3094 educens

234 3167 340 3216 eos,
373 3149 529 3204 dixit
551 3163 570 3202 :
601 3146 694 3201 20.
722 3143 824 3211 Ite,
856 3154 904 3197 et
925 3152 1114 3196 stantes
1139 3138 1404 3210 loquimini
1424 3138 1474 3190 in
1505 3136 1692 3203 templo
1717 3131 1850 3203 plebi

232 3243 424 3297 omnia
455 3238 612 3294 verba
632 3239 747 3293 vitta
771 3236 942 3307 hujus.
971 3235 1084 3290 Hoc
1111 3241 1166 3289 et
1192 3232 1245 3286 in
1276 3231 1484 3285 illorum
1525 3225 1850 3283 consolatio-

233 3349 383 3400 nem,
421 3339 489 3386 et
522 3329 574 3384 in
604 3330 790 3384 horum
819 3327 1095 3382 utilitatem
1122 3340 1186 3380 ac
1205 3322 1499 3378 doctrinam
1526 3318 1721 3373 factum
1743 3326 1843 3372 est.

229 3425 297 3481 Et
329 3425 474 3481 vide
509 3466 525 3490 ,
553 3422 695 3494 quod
725 3422 776 3476 iu
803 3420 1016 3476 Christo
1037 3460 1053 3486 ,
1084 3418 1135 3472 id
1164 3417 1323 3472 etiam
1354 3428 1497 3469 nunc
1524 3411 1720 3468 evenit.
1744 3410 1847 3464 Pa-

227 3526 369 3572 trata
401 3516 568 3572 enim
597 3514 850 3568 miracula
877 3529 981 3566 nun
1004 3511 1132 3566 sinit
1157 3523 1254 3563 eos
1279 3507 1463 3562 videre
1491 3547 1506 3571 ,
1536 3504 1631 3560 sed
1673 3503 1846 3569 aliqua

229 3617 512 3680 apparat,
543 3623 609 3661 cx
642 3606 835 3675 quibus
862 3605 962 3658 hoc
987 3603 1266 3664 ediscant;
1294 3609 1351 3654 ut
1382 3600 1435 3652 in
1459 3596 1848 3654 resurrectione

228 3714 322 3755 sua
355 3716 482 3755 non
518 3697 767 3768 permisit
790 3709 884 3751 eos
909 3694 1116 3761 videre,
1149 3691 1418 3762 quomodo
1461 3689 1845 3753 resurrexerit;

227 3790 445 3864 indigni
479 3791 638 3846 ettim
663 3787 923 3858 erantqui
948 3787 1084 3842 hanc
1112 3783 1386 3847 viderent;
1410 3783 1503 3838 sed
1534 3780 1848 3837 ostenditex

222 3884 322 3951 iis,
361 3901 506 3955 qua:
545 3893 678 3937 tunc
703 3880 846 3936 fecit.
881 3879 1140 3934 Similiter
1169 3892 1289 3932 cum
1334 3890 1523 3946 aquam
1571 3875 1622 3928 in
1665 3874 1846 3928 vinum

227 3977 470 4030 mutavit
493 4016 512 4040 ,
550 3972 648 4043 qui
676 3970 1085 4026 discumbebant
1109 3984 1212 4023 non
1239 3967 1440 4034 vident,
1474 3975 1657 4036 utpote
1681 3966 1845 4029 ebrii;

216 4069 625 4138 judiciumque
666 4065 785 4118 aliis
836 4063 1112 4134 permittit.
1162 4061 1251 4117 Sic
1283 4070 1339 4116 et
1361 4074 1502 4114 nunc
1527 4061 1718 4114 l'actUm
1745 4066 1845 4113 est.

221 4158 357 4214 Nam
391 4160 537 4214 illos
566 4197 582 4222 ,
630 4154 722 4225 qui
770 4153 1177 4218 cducebautur,
1229 4167 1334 4206 non
1382 4150 1599 4210 vident:
1658 4149 1848 4204 indicia

218 4266 350 4307 vero
377 4294 394 4318 ,
443 4265 527 4307 ex
555 4247 760 4319 quibus
781 4253 1026 4315 poterant
1053 4259 1141 4300 res
1164 4255 1341 4315 gestas
1380 4242 1622 4298 ediscere
1642 4282 1658 4306 ,
1708 4240 1850 4294 vidc-

214 4353 369 4398 runt.
405 4342 537 4398 Cur
565 4355 673 4412 per
709 4350 917 4394 noctem
946 4339 1124 4394 emisit
1169 4337 1328 4392 illos?
1366 4337 1498 4403 Quia
1547 4335 1640 4389 illo
1684 4333 1853 4402 magis

215 4449 378 4504 quam
435 4433 567 4487 alio
619 4429 784 4484 modo
829 4429 960 4483 lich
1003 4429 1108 4482 illis
1157 4427 1398 4481 habenda
1425 4437 1540 4482 erat
1572 4443 1586 4480 :
1619 4425 1851 4494 alioquin

216 4540 323 4581 non
358 4527 446 4581 illi
483 4524 568 4580 ad
606 4521 1048 4591 interrogandum
1075 4519 1384 4584 venissent,
1411 4519 1496 4572 vel
1540 4519 1646 4572 alio
1696 4517 1855 4572 modo

215 4617 380 4672 etiam
410 4659 426 4683 ,
463 4617 590 4686 ipsi
625 4628 736 4669 non
771 4611 1150 4671 credidissent.
1177 4609 1264 4666 Sic
1287 4619 1344 4664 et
1370 4609 1510 4679 apud
1539 4618 1747 4664 veteres
1768 4625 1857 4663 ac-

215 4709 383 4776 cidit,
448 4717 522 4764 ut
582 4703 1106 4762 Nabuchodonosori
1141 4719 1156 4756 :
1201 4701 1335 4756 vidit
1372 4700 1647 4755 laudantes
1689 4701 1853 4754 Deum

217 4815 419 4870 pueros
453 4803 516 4857 in
555 4798 793 4853 camino
823 4797 960 4867 ignis
990 4794 1165 4865 (Dan.
1197 4795 1249 4850 3.
1276 4794 1338 4850 91
1366 4793 1422 4864 ),
1453 4802 1506 4848 et
1538 4805 1661 4848 tunc
1680 4793 1856 4848 Obsllt-

215 4895 474 4962 peractus
504 4901 635 4949 est.
667 4887 803 4944 Cum
834 4889 1159 4958 Oportuisset
1190 4902 1317 4958 ergo
1351 4887 1578 4958 primum
1623 4888 1854 4942 interro-

213 5001 338 5059 gare
363 5034 382 5059 ,
416 4981 751 5057 Quomodo
776 4982 974 5052 egressi
1004 4982 1172 5037 estis?
1199 4981 1296 5043 illi,
1329 4981 1480 5052 quasi
1506 4980 1636 5035 nihil
1660 4981 1854 5035 factum

215 5092 394 5150 esset,
462 5081 888 5144 interrogant,
939 5073 1176 5128 dicentes
1217 5089 1230 5126 :
1275 5071 1463 5127 Nonne
1517 5073 1856 5144 praecipiendo

215 5173 586 5245 precepimus
609 5166 767 5222 vobis
787 5181 850 5218 ne
869 5163 1189 5231 loquamini?
1218 5164 1284 5217 Et
1303 5165 1444 5228 vide,
1473 5163 1744 5234 quomodo
1765 5178 1859 5232 per

214 5266 346 5321 alios
373 5264 591 5321 omnia
628 5258 871 5313 discant.
901 5253 1094 5309 Vident
1123 5255 1264 5310 enim
1299 5254 1537 5310 clausum
1562 5269 1857 5318 carcerem,

214 5367 263 5412 et
287 5357 580 5415 custodes
615 5358 840 5407 stantes
869 5355 993 5402 ante
1008 5346 1220 5416 januas.
1247 5347 1335 5399 Ἦ.
1385 5346 1484 5412 Qui
1520 5363 1635 5400 cum
1682 5346 1858 5399 audis-

213 5464 355 5518 sent,
387 5452 766 5506 intrauerunt
796 5439 1022 5493 diluculo
1068 5439 1123 5492 in
1166 5437 1446 5507 templum,
1497 5447 1541 5492 et
1587 5438 1858 5492 docebant.

215 5544 518 5600 Αάυεηεεηδ
543 5547 755 5594 autem
781 5532 1016 5603 princeps
1043 5529 1358 5585 sacerdotum
1384 5569 1401 5595 ,
1434 5537 1478 5582 et
1522 5530 1607 5598 qui
1646 5545 1759 5582 cum
1804 5545 1860 5582 eo

213 5649 384 5705 erant,
417 5631 880 5692 convocauerunt
901 5622 1193 5688 concilium,
1223 5630 1270 5675 et
1295 5636 1464 5674 omnes
1492 5620 1710 5673 seniores
1731 5620 1863 5689 ﬁlio-

211 5746 317 5786 rum
349 5729 575 5793 ιπαει,
616 5732 677 5779 et
717 5719 956 5773 miserunt
983 5718 1050 5771 ad
1076 5732 1330 5770 carcerem
1373 5724 1426 5766 ut
1471 5713 1858 5769 adducerentur.

211 5820 291 5879 Ἡ.
321 5825 466 5882 Cum
499 5826 715 5876 autem
741 5811 986 5868 venissent
1016 5806 1253 5874 ministri,
1284 5813 1524 5874 etaperto
1551 5820 1747 5859 carcere
1766 5823 1863 5886 non

1946 1463 2244 1518 invenissent
2284 1468 2434 1534 illos,
2482 1476 2666 1528 reversi
2708 1478 3082 1548 nuntiaverunt,
3117 1483 3208 1539 25.
3258 1489 3521 1546 dicentes:

1949 1553 2216 1612 Carcerem
2242 1561 2440 1628 quidem
2467 1565 2744 1622 invenimus
2770 1574 2995 1627 clausum
3019 1593 3134 1631 cum
3158 1584 3294 1635 omni
3313 1585 3523 1657 diligen-

1947 1649 2035 1714 tia,
2066 1661 2111 1702 et
2131 1655 2362 1707 custodes
2388 1665 2576 1712 stantes
2617 1671 2734 1715 ante
2766 1664 2992 1731 ianuas;
3039 1672 3315 1737 aperientes
3358 1649 3520 1733 autem
3567 1715 3577 1734 .-

1948 1745 2194 1795 neminem
2222 1745 2356 1798 intus
2376 1747 2672 1806 invenimus.
2709 1753 2915 1823 Duplex
2947 1763 3204 1818 securitas
3233 1776 3289 1820 ut
3338 1768 3391 1822 in
3438 1785 3521 1826 se-

1947 1837 2129 1904 pulcro
2153 1881 2168 1904 ,
2209 1840 2536 1911 signaculum
2587 1857 2642 1902 et
2686 1849 2948 1909 homines.
2980 1858 3132 1924 Vide,
3156 1873 3312 1933 quam
3344 1881 3519 1926 essent

1949 1925 2058 1982 Deo
2088 1930 2307 1986 inimici.
2340 1933 2587 1993 Hmccine
2613 1940 2843 2000 humana
2865 1959 3054 2013 erant,
3083 1925 3323 2011 dic-mihi
3346 2001 3360 2024 ,
3407 1978 3521 2030 qua:

1945 2023 2086 2077 circa
2117 2023 2238 2078 illos
2265 2024 2400 2081 facta
2427 2037 2552 2084 sunt
2569 2031 2592 2084 γ
2609 2035 2728 2102 quis
2747 2032 2866 2093 illos
2885 2040 3069 2097 eduxit
3083 2045 3262 2115 januis
3287 2023 3481 2110 cuna.
3507 2099 3516 2108 .

1946 2115 2214 2181 quomodo
2223 2118 2468 2175 exierunt
2481 2126 2788 2182 enatodibus
2799 2139 2920 2187 ante
2933 2132 3075 2190 fores
3091 2141 3377 2197 stantibus?
3393 2146 3522 2205 Vere

1946 2204 2236 2263 furentium
2252 2218 2306 2264 et
2323 2210 2591 2269 ebriorum
2609 2219 2770 2274 verba
2797 2235 2940 2280 sunt.
2969 2227 3116 2295 Quos
3144 2248 3250 2288 non
3280 2204 3522 2296 detinueé

1947 2310 2072 2352 runt
2096 2314 2280 2356 carcer
2306 2313 2360 2358 et
2383 2306 2593 2364 vincula
2623 2310 2870 2385 foresque
2889 2318 3086 2376 clausae
3113 2365 3127 2387 ,
3155 2324 3319 2384 hosce
3343 2345 3521 2400 spera-

1948 2389 2077 2445 bant
2125 2406 2184 2448 se
2235 2410 2391 2464 posse
2445 2415 2719 2473 superare,
2775 2409 3136 2480 insipientium
3180 2422 3521 2487 puerttlorum

1949 2497 2099 2539 more
2137 2484 2333 2542 al'l‘ecti.
2372 2490 2593 2549 Ministri
2636 2511 2796 2566 porro
2831 2515 3018 2559 eorum
3064 2484 3195 2562 ideo
3231 2513 3428 2569 adsunt
3460 2528 3521 2575 'et

1948 2572 2147 2632 factum
2173 2581 2512 2646 conﬁtentur.
2531 2595 2586 2640 ut
2609 2604 2822 2647 omnem
2851 2595 2956 2651 illis
2981 2600 3268 2658 excludant
3294 2621 3529 2665 excusa-

1956 2668 2117 2724 tionis
2160 2686 2369 2726 ansam.
2414 2675 2602 2733 Viden‘
2643 2683 2899 2740 miracula
2939 2688 3191 2760 diversa,
3254 2698 3357 2751 alia
3403 2701 3522 2756 aliis

1950 2760 2190 2829 adjecta;
2221 2765 2463 2834 quandam
2511 2770 2581 2824 ab
2625 2771 2730 2828 illis
2773 2775 2943 2842 facta,
2973 2783 3215 2848 quaedam
3247 2798 3344 2856 pro
3384 2791 3521 2857 illis,

1950 2867 2070 2921 quae
2091 2853 2251 2908 etiam
2289 2855 2516 2913 clariora
2561 2864 2753 2918 erant?
2781 2865 2927 2921 Bene
2967 2871 3161 2926 factum
3184 2917 3198 2938 ,
3243 2853 3382 2948 quod
3419 2853 3523 2940 non

1953 2945 2131 2998 statim
2176 2947 2305 3017 ipsis
2341 2951 2636 3007 nuntiatum
2663 2957 2765 3024 sit,
2809 2959 2902 3015 sed
2932 2963 3079 3031 prius
3107 2945 3523 3033 auxii'fuerint.

1953 3045 2012 3093 ut
2055 3038 2476 3100 internoscentes
2513 3047 2748 3104 divinam
2778 3067 2898 3109 esse
2918 3055 3168 3114 virtutem
3192 3103 3206 3124 ,
3239 3065 3316 3121 sic
3343 3073 3520 3126 omnia

1952 3130 2179 3188 discant.
2206 3134 2297 3188 24.
2331 3136 2432 3192 «Ut
2460 3149 2640 3196 autem
2662 3145 2944 3203 audierunt
2977 3151 3078 3208 hos
3120 3170 3400 3218 sermones
3416 3181 3528 3218 ma-

1951 3223 2200 3294 gistratus
2218 3231 2467 3299 templiet
2495 3234 2760 3321 principes
2785 3243 3146 3314 sacerdotum,
3179 3253 3520 3326 ambigebant

1951 3315 2018 3370 de
2039 3316 2143 3373 illis
2170 3320 2423 3415 quidnam
2449 3323 2618 3381 lieret.
2650 3317 2740 3385 25.
2774 3331 3078 3392 Adveniens
3103 3352 3282 3397 autem
3310 3315 3520 3415 quidam

1957 3411 2218 3466 nuntiavit
2243 3414 2320 3468 eis
2346 3428 2362 3470 :
2390 3413 2530 3472 Ecce
2561 3419 2679 3486 viri,
2703 3438 2836 3492 quos
2863 3429 3118 3494 posuistis
3139 3433 3190 3487 in
3218 3411 3490 3494 carcerem
3508 3485 3521 3503 .

1953 3509 2080 3556 sunt
2131 3503 2184 3558 in
2235 3507 2433 3576 templo
2472 3518 2677 3568 stantes
2716 3524 2770 3569 et
2820 3515 3074 3575 docentes
3112 3527 3385 3595 populum.
3432 3531 3518 3587 26.

1952 3591 2103 3649 Tunc
2130 3593 2261 3650 abiit
2290 3601 2629 3670 magistratus
2657 3619 2779 3660 cum
2809 3609 3089 3678 ministris,
3115 3591 3421 3676 iet—adduxit
3457 3625 3520 3678 il-

1952 3683 2033 3739 los
2075 3685 2192 3741 sine
2233 3688 2284 3742 vi
2319 3705 2334 3740 :
2368 3691 2623 3748 timebant
2663 3697 2810 3768 enim
2866 3703 3116 3772 potiulum
3143 3749 3158 3770 ,
3216 3725 3282 3765 ne
3323 3711 3520 3782 lapida-

1951 3786 2156 3832 rentur.
2192 3798 2212 3832 ι
2264 3779 2309 3836 0
2346 3782 2739 3854 insipientiam!
2789 3792 3102 3864 'I‘imebant,
3150 3779 3516 3872 inquit,—tur-

1953 3868 2094 3923 bam.
2126 3871 2261 3937 Quid
2287 3880 2540 3942 proderat
2572 3879 2720 3934 turba
2747 3882 2770 3934 ?
2793 3882 2927 3939 Cum
2978 3868 3307 3958 oportuisset
3344 3868 3520 3953 'Deunt

1955 3961 2164 4028 timere,
2195 3965 2283 4033 qui
2309 3980 2523 4037 semper
2552 3969 2669 4025 illos
2700 3981 2963 4045 tamquam
2994 3982 3239 4039 volucres
3262 4001 3325 4040 ex
3362 3993 3533 4046 mani-

1953 4052 2052 4109 bus
2078 4055 2312 4124 ipsorum
2342 4059 2631 4128 eripiebat,
2665 4063 2739 4118 illi
2771 4080 2898 4122 vero
2940 4073 3114 4139 potius
3159 4077 3366 4132 turbam
3410 4096 3527 4135 me-

1955 4238 2038 4329 vit
2055 4253 2150 4294 eos
2171 4280 2184 4302 ,
2217 4240 2398 4296 dicens
2427 4261 2440 4296 :
2469 4243 2559 4298 28.
2588 4246 2772 4302 Nonne
2801 4253 3157 4321 praecipiendo
3182 4238 3532 4329 praecepimus

1956 4328 2109 4382 vobis
2141 4345 2208 4383 ne
2232 4329 2500 4386 doceretis
2525 4334 2576 4386 in
2607 4338 2824 4392 nomine
2866 4341 3008 4395 isto?
3046 4345 3114 4398 Et
3155 4361 3281 4402 ecce
3316 4328 3539 4421 repletis

1957 4419 2251 4476 Jerusalem
2282 4422 2523 4477 doctrina
2549 4435 2820 4494 vestra,et
2863 4432 3023 4488 vultis
3069 4436 3322 4495 inducere
3371 4419 3526 4513 super

1961 4527 2058 4566 nos
2079 4512 2390 4581 sanguinem
2418 4513 2652 4572 hominis
2678 4519 2848 4575 istius.
2875 4539 2897 4575 ι
2926 4522 3060 4591 Quid
3094 4527 3250 4599 igitur
3273 4512 3524 4602 apostoli.

1959 4605 2156 4660 lterum
2179 4620 2297 4660 cum
2317 4611 2716 4666 mansuetudine
2728 4613 3073 4684 alloquuntur
3086 4637 3177 4676 eos
3194 4641 3208 4688 ;
3235 4628 3442 4682 tametsi
3461 4628 3531 4683 dic

1958 4710 2081 4752 cere
2098 4705 2338 4766 poterant
2354 4718 2367 4754 :
2386 4699 2609 4768 Quinam
2625 4706 2755 4759 estis
2771 4711 2976 4779 vos,qui
2994 4715 3258 4770 contraria
3276 4720 3382 4774 Deo
3399 4737 3525 4790 pra:-

1959 4788 2167 4858 cipitis?
2216 4790 2320 4846 Sed
2352 4794 2513 4863 quid?
2552 4795 2781 4852 Rursum
2826 4813 3102 4860 monentes
3148 4819 3203 4863 et
3250 4788 3552 4872 consilium.

1960 4880 2147 4938 dantes
2185 4899 2306 4938 cum
2337 4883 2744 4945 [transactudine
2771 4897 3114 4963 respondent.
3161 4901 3249 4956 9.9.
3296 4903 3525 4973 Respon-

1961 4972 2084 5028 dens
2106 4984 2273 5029 autem
2297 4974 2479 5032 Petrus
2503 4989 2550 5033 et
2575 4983 2794 5051 apostoli
2813 4985 3048 5041 dixerunt
3073 5005 3092 5044 :
3112 4990 3325 5048 Obedire
3341 4972 3538 5066 oportet

1962 5065 2070 5121 Deo
2099 5070 2259 5138 magis
2286 5086 2439 5139 quam
2463 5073 2765 5130 hominibus.
2807 5077 2992 5149 Magna
3025 5082 3326 5152 huiusmodi
3361 5089 3527 5158 philo-

1964 5161 2170 5230 sophia,
2199 5178 2301 5232 qua
2331 5167 2618 5222 ostendunt
2661 5170 2779 5224 illos
2821 5187 2943 5227 cum
2989 5175 3100 5229 Deo
3143 5195 3397 5250 pugnare.
3442 5184 3531 5240 50.

1965 5254 2101 5309 Deus
2127 5265 2329 5324 patrum
2357 5267 2641 5314 nostrorum
2667 5265 2927 5319 suscitavit
2955 5265 3151 5335 Iesum,
3179 5288 3322 5340 quem
3348 5291 3433 5328 vos
3455 5277 3532 5331 ἕης

1966 5347 2224 5399 teremistis
2245 5349 2600 5417 suspendentes
2627 5353 2677 5406 in
2699 5354 2858 5424 ligno.
2891 5357 2979 5411 51.
3009 5357 3162 5413 Hunc
3188 5363 3462 5433 principe»:
3495 5382 3542 5425 et

1968 5437 2286 5493 Saluatorem
2311 5442 2548 5496 exultavit
2570 5442 2709 5499 Deus
2731 5447 2938 5502 dextera
2957 5465 3070 5512 sua,
3100 5453 3169 5503 ad
3187 5454 3410 5509 dandam
3434 5475 3534 5528 pae-

1965 5532 2224 5585 nitentiam
2251 5529 2435 5586 Israeli
2464 5544 2510 5587 et
2537 5537 2879 5592 remissionem
2911 5550 3249 5610 peccatorum.
3281 5545 3437 5614 Eum,
3459 5551 3532 5605 in-

1965 5623 2100 5693 quit,
2130 5638 2288 5694 quem
2317 5639 2413 5680 vos
2441 5628 2730 5692 occidistis,
2784 5631 2923 5687 Deus
2961 5634 3256 5690 suscitavit.
3291 5639 3355 5694 Et
3393 5641 3535 5710 vide,

1969 5715 2109 5769 Patri
2137 5731 2325 5770 rursus
2355 5724 2521 5770 totum
2536 5717 2861 5787 adscribunt,
2889 5738 2955 5778 ne
2978 5724 3246 5782 videretur
3270 5745 3387 5785 esse
3408 5733 3540 5786 alie-

1971 5823 2068 5864 nus
2096 5825 2125 5864 a
2155 5809 2332 5865 Patre.
2365 5808 2431 5862 Et
2470 5811 2727 5882 exultavit,
2774 5814 2963 5886 inquit,
3022 5817 3228 5874 dextera
3267 5840 3381 5879 sua.
3431 5824 3544 5881 Hoc
