4088 6142
477 327 576 384 96⁸1

474 455 602 496 vero
631 454 734 492 non
757 437 929 493 solum
963 436 1426 498 resurrectionem,
1460 435 1552 489 sed
1583 435 1742 488 etiam
1773 433 2050 487 exultatio-

475 549 618 598 nem,
652 531 702 584 id
746 540 847 591 est,
895 531 1337 598 assumptiouem,
1381 529 1661 599 significat.
1711 526 1791 579 Ad
1831 528 2053 579 dandam

478 624 822 694 pmilentiam
847 620 869 674 Ι
878 623 1049 675 sraeli.

544 718 599 768 ‘2.
629 715 754 768 \‘ide
783 729 964 768 rursus
993 714 1220 776 lucrum,
1249 721 1302 766 et
1325 712 1652 767 defensionis
1675 727 1823 766 more
1853 710 2054 764 doctri-

478 823 599 861 nam
647 805 964 876 perfectam.
1013 804 1100 859 52.
1137 804 1203 858 Et
1242 821 1332 857 nos
1373 821 1542 857 sumus
1568 806 1678 874 ejus
1704 813 1847 856 testes
1878 804 2054 855 horum

478 898 763 952 uerborum.
807 897 990 966 Magna
1021 897 1229 951 dicendi
1279 897 1511 951 libertas.
1550 895 1748 950 Deinde
1777 894 1841 948 ad
1886 894 2056 948 dicto-

476 1009 595 1048 rum
649 993 807 1047 fidem
848 991 1071 1060 adjicit:
1121 990 1189 1043 Et
1226 991 1431 1059 spiritus
1456 1000 1693 1055 sanctus,
1734 1004 1876 1055 quem
1919 986 2056 1040 dedit

478 1085 615 1138 Deus
632 1083 969 1138 obedientibus
984 1082 1098 1135 sibi.
1125 1081 1283 1135 Vides
1297 1079 1566 1150 quomodo
1580 1095 1686 1134 non
1712 1095 1808 1133 suo
1833 1088 2053 1141 tantum,

478 1175 570 1229 sed
602 1175 759 1228 etiam
785 1173 1012 1243 Spirilus
1043 1173 1348 1227 testimonio
1377 1174 1630 1225 utantur?
1652 1171 1759 1225 Nec
1789 1171 2054 1234 dixerunt,

483 1272 642 1336 Quem
669 1268 806 1320 dedit
838 1267 1021 1331 nobis;
1070 1265 1186 1331 sed,
1223 1265 1573 1318 Obedientibus
1595 1279 1614 1317 :
1637 1265 1794 1318 simul
1821 1262 2060 1316 modeste

479 1369 715 1430 agentes,
742 1367 796 1412 et
840 1370 1086 1426 magnum
1125 1356 1270 1410 illum
1319 1369 1437 1409 esse
1466 1363 1847 1417 monstrantes,
1880 1353 2060 1405 decla-

482 1463 770 1522 rantesque
800 1451 938 1520 quod
977 1459 1031 1503 et
1057 1449 1154 1518 ipsi
1186 1447 1390 1517 possint
1420 1446 1568 1500 illum
1607 1447 1864 1513 accipere.
1906 1444 2056 1508 Vide,

484 1543 753 1616 quotnodo
779 1550 834 1597 et
859 1541 1112 1610 Operibus
1141 1549 1191 1593 et
1214 1539 1391 1593 verbis
1413 1538 1744 1603 erudiuntur,
1772 1551 1870 1590 nec.
1891 1543 2062 1588 atten-

482 1641 611 1691 dant
638 1654 652 1702 ;
687 1645 743 1690 ut
765 1635 908 1704 justa
937 1649 1120 1688 eorum
1151 1632 1420 1686 damnatio
1446 1631 1534 1685 sit.
1588 1630 1708 1684 Ideo
1755 1630 1896 1682 enim
1941 1628 2060 1681 illos

484 1730 622 1784 Deus
651 1727 859 1781 sinebat
885 1726 934 1778 iu
971 1724 1227 1793 judicium
1255 1722 1464 1786 adduci,
1510 1729 1566 1774 ιιι
1595 1720 1668 1774 illi
1699 1719 2058 1782 erudirentur,

483 1823 528 1876 si
557 1822 769 1892 quidem
810 1819 990 1872 dicere
1017 1817 1328 1877 Voluissent,
1375 1825 1428 1868 et
1462 1814 1688 1884 apostoli
1717 1812 1783 1866 ad
1817 1811 2061 1865 fiduciam

486 1919 900 1969 concitarentur.
926 1911 1013 1965 55.
1047 1909 1171 1963 Haec
1203 1925 1316 1960 cum
1355 1907 1631 1971 audissent,
1662 1903 2059 1967 dissecabiintur,

483 2019 528 2060 et
554 2005 835 2076 cegitabunt
858 2003 1136 2070 interﬁcere
1153 2001 1287 2054 illos.
1316 1999 1446 2054 Vide
1467 2000 1733 2069 ingentem
1754 1997 2060 2066 nequitiam.

483 2099 613 2153 Cum
643 2096 970 2165 oportuisset
993 2109 1056 2146 ex
1098 2093 1161 2146 iis
1188 2108 1306 2161 qua:
1331 2090 1613 2144 audierant
1643 2087 1923 2152 deterreri,
1957 2087 2066 2141 dis-

484 2198 735 2244 secantur
761 2186 860 2250 illi,
908 2195 962 2239 et
997 2184 1064 2238 de
1108 2181 1418 2237 occidendis
1466 2182 1596 2236 viris
1627 2179 1822 2234 frustra
1847 2178 2064 2234 consul-

489 2289 618 2332 tant.
648 2277 752 2332 Sed
778 2291 996 2330 necesse
1025 2282 1110 2328 est
1151 2273 1396 2343 superius
1426 2271 1561 2326 lecta
1588 2281 1854 2340 repetere.
1892 2271 2060 2340 Ange-

491 2375 569 2426 lus
590 2381 758 2425 autem
784 2369 991 2423 Domini
1021 2384 1110 2437 per
1139 2377 1331 2420 noctem
1351 2367 1579 2437 aperiens
1597 2368 1786 2435 januas
1829 2365 2063 2429 carceris,

489 2478 537 2520 et
570 2468 783 2520 educens
829 2479 914 2516 eos
939 2461 1064 2515 dixit
1087 2477 1105 2514 :
1132 2458 1233 2524 Ite,
1274 2470 1320 2512 et
1347 2469 1535 2513 stantes
1563 2458 1823 2526 loquimini
1860 2458 1914 2510 in
1940 2466 2068 2509 tem-

491 2559 577 2629 plo
610 2558 747 2630 plebi
779 2556 953 2610 omnia
991 2555 1136 2610 verba
1179 2555 1292 2607 vita:
1319 2553 1489 2622 hujus.
1525 2552 1761 2605 Educens
1792 2566 1811 2605 :
1838 2567 1941 2605 non
1981 2551 2069 2604 ille

495 2653 670 2707 educit
697 2665 812 2716 eos,
846 2647 938 2703 sed
962 2647 1211 2712 dimittit;
1237 2655 1292 2700 ut
1314 2647 1438 2700 hinc
1463 2645 1771 2699 ostendatur
1792 2644 2070 2713 imperter-

492 2747 626 2801 ritus
669 2745 881 2798 illorum
909 2745 1150 2807 animus,
1199 2755 1357 2811 quem
1391 2740 1490 2809 ipsi
1517 2738 1893 2802 exhibuerunt,
1951 2752 2068 2791 cum

494 2845 652 2892 noctu
686 2836 748 2889 in
801 2833 1054 2903 templum
1089 2831 1312 2900 ingressi
1351 2829 1632 2884 docebant.
1677 2828 1828 2896 Quod
1882 2829 1924 2882 si
1955 2827 2072 2882 illos

494 2930 778 2999 ejecissent
819 2927 1100 2989 custodes,
1130 2933 1187 2978 ut
1211 2924 1288 2978 illi
1321 2924 1612 2992 putabant,
1648 2921 1912 2991 fugissent
1940 2936 2070 2990 apo-

495 3023 638 3086 stoli,
667 3022 712 3075 si
742 3030 916 3074 tamen
943 3019 1439 3085 obtemperassent;
1492 3016 1600 3068 imo
1629 3014 1674 3068 si
1717 3015 1836 3067 illos
1864 3013 2076 3067 emisis-

496 3120 631 3175 seut,
683 3124 788 3162 non
820 3109 875 3162 in
916 3106 1115 3176 templo
1140 3106 1437 3170 stetissent,
1466 3104 1562 3160 sed
1591 3104 1767 3173 fugam
1795 3102 2064 3165 fecissent,

497 3201 637 3272 quod
691 3215 847 3254 nemo
897 3212 1000 3252 non
1049 3196 1256 3261 videat,
1307 3196 1408 3249 nisi
1443 3195 1702 3265 insipiens
1750 3195 1838 3249 sit.
1890 3193 2077 3248 Nonne

499 3289 835 3362 prazcipiendo
886 3287 1210 3359 praecepimus
1253 3286 1432 3340 vobis?
1477 3287 1532 3340 Si
1583 3286 1785 3355 utique.
1813 3285 1887 3339 illi
1926 3284 2076 3340 vobis

500 3379 1008 3451 obtemperaverint,
1052 3386 1196 3431 recte
1225 3375 1487 3446 arguitis;
1542 3373 1626 3428 sin
1670 3383 1795 3429 tunc
1843 3374 2079 3429 dixerint

501 3473 650 3527 vobis
688 3485 878 3526 senon
907 3470 1373 3538 obtemperaturos
1403 3481 1546 3533 esse,
1595 3465 1791 3520 frustra
1831 3467 2075 3537 arguitis,

505 3567 696 3620 frustra
732 3561 1042 3633 praecipitis.
1071 3560 1206 3615 Vide
1235 3559 1518 3614 criminum
1563 3559 2075 3629 inconsequentiam,

505 3667 559 3710 et
585 3657 851 3726 ingentem
881 3654 1180 3708 stultitiam.
1213 3652 1624 3723 Sanguinarium
1654 3653 1868 3707 demum
1895 3654 2081 3709 volunt

507 3748 790 3804 ostendere
837 3747 1142 3803 Judzeorum
1173 3746 1432 3812 animum,
1472 3755 1528 3801 et
1551 3746 1692 3816 quod
1725 3747 1821 3816 ipsi
1853 3763 1960 3802 non
1993 3766 2082 3803 ve-

509 3840 679 3895 ritatis
705 3854 864 3894 causa
904 3842 1018 3893 hinc
1059 3846 1237 3908 agant,
1267 3838 1360 3894 sed
1393 3853 1450 3892 ut
1475 3855 1533 3894 se
1564 3839 1906 3894 ulciscantur.
1959 3841 2082 3897 Ideo

510 3949 614 3988 non
666 3932 921 3988 audacter
969 3932 1100 4002 ipsis
1141 3933 1471 4002 respondent
1518 3933 1789 4002 apostoli:
1835 3934 2082 3990 doctores

509 4026 652 4080 enim
683 4033 867 4089 erant;
908 4024 1008 4079 etsi
1049 4024 1168 4094 quis
1209 4039 1330 4079 cum
1360 4025 1627 4080 civitatem
1657 4032 1817 4080 t0tam
1849 4042 2084 4080 commo-

513 4119 694 4183 visset,
721 4128 775 4172 et
801 4127 942 4172 tanta
971 4117 1132 4171 fultus
1156 4129 1297 4172 esset
1317 4119 1507 4189 gratia,
1539 4134 1642 4173 non
1662 4135 1910 4190 maguum
1933 4120 2085 4191 quid-

513 4211 650 4280 piam
689 4210 937 4281 loquutus
984 4210 1170 4266 esset?
1217 4213 1286 4266 At
1327 4227 1429 4267 non
1465 4212 1516 4266 id
1545 4211 1784 4268 fecerunt
1819 4215 1926 4280 illi;
1979 4231 2083 4269 non

512 4304 654 4360 enim
677 4304 1062 4370 irascebantur,
1095 4303 1188 4360 sed
1225 4305 1612 4360 miserabantur
1637 4316 1689 4360 et
1715 4307 2084 4377 lacrymaban-

513 4408 599 4454 tur
626 4398 765 4465 illos,
795 4406 852 4453 et
876 4396 1265 4460 deliberabant,
1293 4397 1561 4466 quomodo
1593 4397 1708 4450 illos
1731 4397 1799 4451 ab
1826 4413 2007 4452 errore
2033 4407 2088 4452 et

513 4491 588 4544 ira
620 4497 950 4544 revocarent.
983 4487 1099 4542 Non
1136 4489 1273 4543 ultra
1317 4489 1500 4542 dicunt
1532 4489 1654 4550 illis,
1707 4488 1803 4542 Vos
1825 4491 2088 4559 judicate;

515 4583 609 4637 sed
662 4583 734 4636 ita
779 4581 1100 4636 sententiam
1152 4580 1351 4646 ferunt,
1407 4581 1569 4647 Quem
1612 4582 1747 4636 Deus
1797 4584 2088 4650 suscitavit;

513 4675 640 4729 hinc
668 4673 1021 4738 declarantes,
1077 4671 1192 4726 hazc
1237 4688 1304 4728 ex
1349 4673 1610 4728 sententia
1655 4675 1748 4728 Dei
1787 4673 1921 4730 facta
1947 4693 2084 4731 esse.

513 4765 629 4822 Non
651 4763 902 4818 dixerunt
931 4780 943 4816 :
969 4764 1160 4816 Annon
1186 4770 1311 4816 tunc
1335 4763 1571 4817 diximus
1605 4765 1752 4818 vobis
1783 4781 1797 4813 :
1825 4764 1944 4819 Non
1972 4785 2090 4834 pos-

512 4874 707 4920 sumus,
735 4870 848 4924 qua:
874 4853 1090 4908 uidimus
1114 4862 1160 4908 et
1187 4854 1494 4920 audivimus,
1547 4872 1648 4908 non
1689 4857 1826 4926 loqui
1873 4859 2006 4927 (Act.
2032 4861 2086 4913 4.

514 4951 650 5020 20)?
691 4964 795 5003 non
823 4949 966 5004 enim
998 4947 1318 5002 contentiosi
1344 4958 1529 5011 erant;
1563 4946 1657 5002 sed
1686 4963 1868 5003 rursus
1902 4950 2088 5006 eadem

519 5049 723 5104 dicunt,
750 5053 964 5094 crucem
995 5052 1206 5106 nempe,
1236 5039 1703 5093 resurrectionem.
1742 5037 1925 5110 Neque
1949 5041 2088 5095 refe-

515 5144 640 5189 runt
665 5147 780 5196 cur,
804 5146 902 5184 nec
937 5127 1078 5198 quod
1106 5142 1204 5198 pro
1231 5129 1388 5184 nobis
1408 5129 1692 5185 crucifixus
1715 5131 1816 5197 sit;
1846 5132 1938 5187 sed
1960 5133 2089 5188 sub-

516 5227 755 5282 indicant
782 5221 1018 5293 quidem,
1063 5235 1162 5275 nec
1204 5221 1485 5276 manifeste
1533 5221 1836 5292 loquuntur,
1873 5233 1929 5278 ut
1967 5224 2088 5280 illos

516 5319 727 5373 interim
767 5315 1094 5371 deterreant.
1141 5313 1396 5382 Quaenam
1428 5315 1514 5369 hic
1544 5315 1849 5371 rhetorica?
1890 5317 2040 5372 Nulla
2070 5336 2084 5373 :

518 5413 591 5466 ita
619 5411 737 5465 sine
772 5421 1032 5479 apparatu
1062 5410 1396 5480 evangelium
1428 5413 1550 5464 vitae
1579 5411 1956 5480 praedicabant.
1991 5411 2088 5467 Ubi

516 5503 668 5569 dixit,
699 5501 985 5569 Exaltavit,
1017 5501 1240 5568 addidit,
1273 5518 1373 5571 qua
1418 5503 1486 5557 de
1525 5519 1681 5557 causa
1715 5522 1728 5556 :
1759 5503 1837 5555 Ad
1868 5503 2089 5558 dandam

518 5594 858 5663 paenitentiam
907 5592 1092 5648 Israeli
1117 5635 1132 5656 ,
1209 5603 1255 5648 et
1334 5595 1675 5648 remissionem
1750 5605 2085 5664 peccatorum.

519 5684 588 5737 At
641 5683 853 5749 dicent,
907 5685 1032 5740 Haec
1085 5693 1209 5740 tunc
1253 5685 1550 5754 probabilia
1593 5700 1700 5738 non
1757 5684 2084 5739 videbantur.

519 5774 657 5843 Quid
702 5774 881 5830 dicis?
917 5777 1183 5846 quomodo
1225 5793 1328 5833 non
1376 5775 1668 5845 probabilia
1714 5775 1840 5843 illa,
1891 5777 2082 5848 quibus

1173 321 1228 377 S.
1267 319 1544 376 JUANNIS
1579 317 2052 374 CHRYSOSTOMI
2090 317 2409 378 ARCHIEP.
2447 317 2973 376 CONSTANTINOP.

3640 319 3746 376 £08

2159 449 2261 488 nec
2308 431 2572 503 principes
2619 449 2719 488 nec
2754 433 3036 488 multitudo
3063 433 3430 489 contradicere
3473 443 3741 503 poterant,

2159 525 2254 579 sed
2301 526 2530 580 aliorum
2573 526 2786 594 quidem
2817 542 2910 580 ora
2955 526 3376 590 obturabantur,
3421 529 3509 581 alii
3567 539 3746 583 autem

2158 619 2519 675 docebantur?
2548 618 2614 672 Et
2635 636 2726 673 nos
2746 637 2938 684 sumus,
2969 619 3160 690 inquit,
3188 631 3334 675 testes
3361 621 3543 674 horum
3566 621 3747 673 uerbo-

2159 727 2292 763 rum.
2321 711 2603 778 Qnorum?
2653 710 2802 777 Quod
2837 713 3207 766 remissionem
3231 753 3244 772 ,
3292 712 3432 782 quod
3479 715 3747 781 paeniten-

2164 802 2288 855 tiam
2316 803 2621 870 promiserit
2651 819 2664 854 :
2696 818 2818 857 nam
2844 804 3164 859 resurrectio
3185 806 3240 858 in
3263 804 3512 859 confesso
3531 803 3748 859 demum

2162 901 2295 948 erat.
2328 893 2481 959 Quod
2526 909 2652 948 vero
2680 893 2770 948 det
2797 894 3172 950 remissionem
3199 936 3214 963 ,
3263 904 3317 950 et
3344 911 3443 949 nos
3465 905 3628 950 testes
3656 910 3749 950 su-

2162 997 2282 1038 mus
2307 994 2360 1038 et
2380 984 2608 1053 Spiritus
2629 994 2862 1050 sanctus,
2890 986 2978 1056 qui
2997 1002 3103 1040 non
3128 987 3383 1049 venisset,
3405 987 3501 1040 nisi
3522 998 3740 1056 peccata

2162 1083 2286 1129 ante
2313 1075 2483 1129 soluta
2507 1075 2746 1129 fuissent.
2777 1077 3167 1146 Argumentum
3191 1077 3366 1146 itaque
3393 1077 3744 1130 indubitatum

2165 1165 2267 1220 hoc
2305 1177 2405 1220 est.
2460 1166 2806 1220 Peccatorum
2853 1168 3222 1222 remissionem
3254 1167 3428 1233 audis,
3463 1169 3622 1221 miser
3646 1211 3660 1233 ,
3694 1181 3748 1222 et

2163 1256 2304 1326 quod
2329 1271 2513 1324 poenas
2535 1271 2637 1309 non
2665 1265 2907 1326 repetat,
2939 1266 2992 1311 et
3021 1256 3099 1311 vis
3128 1257 3411 1312 occidere?
3442 1258 3508 1312 Et
3534 1269 3746 1328 quantae

2165 1348 2266 1404 hoc
2293 1349 2542 1419 nequitia:
2572 1366 2676 1402 non
2715 1347 2910 1404 fuerit?
2949 1349 3108 1419 Atqui
3148 1351 3448 1418 oportebat,
3483 1352 3563 1405 vel
3597 1367 3748 1404 nien-

2166 1443 2357 1496 tientes
2389 1441 2745 1512 redarguere;
2777 1442 2859 1495 vel
2888 1441 2930 1495 si
2962 1442 3165 1496 nollent
3185 1443 3426 1508 credere,
3461 1458 3566 1496 non
3594 1444 3735 1497 occi-

2166 1533 2312 1590 dere.
2349 1534 2484 1602 Quid
2547 1536 2688 1588 euim
2731 1545 2903 1589 morte
2933 1535 3150 1604 dignum
3195 1537 3348 1590 erat?
3412 1540 3478 1590 At
3524 1539 3598 1591 illi
3632 1554 3741 1606 pra)

2166 1625 2346 1681 furore
2377 1643 2443 1682 ne
2479 1627 2693 1696 quidem
2725 1627 2965 1682 sciebant
2993 1629 3119 1698 quid
3147 1628 3342 1683 factum
3373 1640 3534 1683 esset.
3589 1629 3745 1692 Vide,

2167 1719 2432 1787 quomodo
2464 1718 2549 1772 hic
2579 1719 2790 1773 facinus
2812 1728 3192 1784 memorantes,
3225 1721 3292 1775 de
3315 1722 3631 1776 remissione
3658 1723 3743 1776 lo-

2167 1820 2397 1879 quantur
2430 1829 2443 1864 :
2476 1810 2819 1865 ostendentes
2847 1810 3079 1865 facinora
3107 1811 3320 1882 quidem
3366 1822 3534 1866 morte
3587 1813 3748 1883 digna

2168 1917 2305 1967 esse,
2362 1902 2734 1957 remissionem
2783 1917 2910 1956 vero
2940 1903 3091 1972 quasi
3127 1903 3564 1972 resipiscentibus
3609 1904 3747 1958 dari.

2168 1993 2449 2060 Quomodo
2498 1995 2652 2048 aliter
2685 1993 2988 2063 persuaderi
3022 2003 3287 2063 poterant,
3318 2013 3474 2065 quam
3505 1997 3752 2051 docendo

2170 2087 2292 2140 illos
2324 2087 2401 2139 sic
2443 2087 2577 2140 bene
2619 2097 2831 2140 acturos
2869 2087 3026 2140 esse?
3075 2085 3144 2139 Et
3169 2087 3288 2140 vide
3317 2087 3699 2155 malignitatem
3735 2108 3747 2142 :

2169 2178 2489 2234 Sadducazos
2515 2179 2617 2232 illis
2665 2175 2949 2242 inducunt,
2999 2177 3087 2247 qui
3119 2180 3348 2233 maxime
3390 2178 3457 2233 de
3507 2196 3754 2233 resurre‘

2171 2271 2346 2324 ctione
2375 2269 2664 2336 dolebant;
2693 2269 2785 2324 sed
2814 2270 2940 2323 nihil
2968 2270 3071 2324 illis
3090 2271 3288 2325 malitia
3311 2271 3532 2341 profuit.
3558 2272 3751 2326 Verum

2172 2361 2398 2417 fortasse
2428 2361 2570 2416 dicet
2594 2362 2856 2431 quiSpiam
2887 2378 2900 2412 :
2933 2360 3130 2430 Ecquis
3153 2363 3344 2416 talibus
3373 2361 3574 2425 fruens,
3617 2380 3752 2431 qua-

2173 2451 2312 2506 libus
2353 2451 2620 2521 apostoli,
2654 2451 2833 2515 bonis,
2873 2468 2978 2506 non
3012 2467 3234 2523 magnus
3262 2452 3432 2509 factus
3475 2455 3642 2509 esset?
3687 2458 3756 2508 At

2173 2543 2293 2598 vide
2319 2542 2608 2614 quomodo,
2637 2554 2927 2612 antequam
2953 2545 3122 2613 gratia
3149 2544 3472 2610 fruerentur,
3504 2561 3757 2613 persevc-

2147 2643 2359 2690 ‘rantes
2405 2633 2728 2689 unanimiter
2779 2642 2932 2689 erant
2959 2635 3010 2688 in
3042 2634 3304 2701 oratione,
3337 2645 3391 2688 et
3432 2636 3485 2688 in
3524 2651 3754 2705 superna

2173 2729 2340 2798 gratia
2373 2737 2672 2797 sperantes.
2706 2727 2772 2781 Et
2817 2738 2893 2792 tu,
2939 2725 3174 2794 dilecte,
3228 2742 3449 2796 regnum
3499 2727 3755 2781 cmlorum

2175 2833 2379 2889 speras,
2398 2829 2452 2873 et
2470 2818 2598 2872 nihil
2629 2818 2892 2872 sustines?
2920 2827 2973 2872 et
3000 2828 3053 2871 tu
3075 2817 3328 2885 Spiritum
3356 2818 3627 2886 accepisti,
3656 2833 3759 2872 nec

2178 2911 2301 2965 talia
2334 2911 2572 2980 pateris,
2616 2924 2791 2978 neque
2821 2908 3184 2979 periclitaris?
3235 2909 3312 2962 Illi
3364 2910 3670 2980 priusquam
3727 2927 3756 2964 a

2178 3003 2444 3074 prioribus
2469 3004 2813 3072 respirarent,
2836 3017 3018 3057 rursus
3033 3003 3099 3056 ad
3121 3003 3219 3056 alia
3240 3002 3586 3057 ducebantur.
3622 3004 3756 3058 lllud

2178 3104 2353 3150 autem
2385 3097 2554 3165 ipsum
2579 3112 2682 3148 non
2708 3096 2900 3159 inflari,
2935 3110 3033 3149 nec
3058 3111 3191 3149 vana
3218 3096 3390 3164 gloria
3409 3095 3571 3161 affici,
3589 3113 3755 3166 qttan—

2181 3197 2288 3242 tum
2334 3197 2412 3242 est
2445 3189 2676 3242 bonum?
2704 3187 2835 3244 Cum
2863 3190 3269 3243 mansuetudine
3297 3189 3463 3258 loqui,
3500 3199 3756 3260 quantum

2179 3290 2263 3336 est
2285 3281 2527 3336 lucrum?
2570 3281 2752 3352 Neque
2795 3283 2938 3336 enim
2990 3282 3169 3336 omnia
3200 3283 3386 3353 gratiae
3425 3291 3613 3346 erant;
3665 3283 3760 3336 scd

2183 3373 2394 3428 illorum
2422 3389 2632 3444 quoque
2661 3373 2821 3429 smdii
2853 3373 3045 3429 indicia
3080 3375 3246 3429 multa
3274 3386 3416 3429 sunt.
3454 3376 3583 3430 Nam
3615 3377 3760 3446 quod

2183 3465 2364 3535 gratia:
2389 3465 2526 3520 dona
2555 3467 2607 3520 in
2647 3465 2752 3521 illis
2779 3465 3144 3537 splenderent,
3198 3482 3383 3521 eorum
3414 3483 3558 3522 cura:
3583 3477 3638 3523 et
3677 3468 3762 3523 di-

2185 3558 2414 3630 ligentia:
2443 3567 2577 3613 erat.

2256 3653 2308 3707 5.
2352 3650 2484 3706 Vide
2510 3667 2736 3721 namque
2763 3649 2940 3706 statim
2969 3667 2999 3706 a
3029 3651 3292 3722 principio
3316 3667 3472 3722 quam
3497 3651 3758 3707 sollicitus

2192 3746 2263 3800 sit
2291 3745 2500 3806 Petrus.
2535 3761 2693 3814 quam
2723 3746 2845 3816 vigil
2873 3756 2926 3800 et
2951 3746 3194 3812 sobrius;
3227 3745 3495 3815 quomodo
3538 3746 3766 3800 creden-

2190 3845 2269 3890 tes
2302 3836 2553 3906 pecunias
2583 3835 2929 3905 abjiciebant.
2972 3835 3116 3889 Nihil
3162 3836 3428 3905 proprium
3480 3837 3764 3900 habebant,

2191 3929 2241 3982 iu
2274 3931 2515 3983 oratione
2546 3929 2916 3994 versabantur,
2947 3929 3286 3984 concordiam
3317 3929 3665 3992 exhibebant,
3712 3930 3766 3982 in

2185 4019 2402 4089 jejuniis
2432 4021 2679 4089 agebant.
2726 4021 2850 4074 llaec
2875 4036 2937 4075 ex
2969 4035 3074 4090 qua
3103 4020 3290 4090 gratia,
3324 4036 3503 4090 qmcso
3523 4020 3546 4073 ?
3568 4020 3688 4074 Ideo
3715 4020 3766 4073 id

2191 4111 2389 4176 efficit,
2438 4121 2495 4163 ut
2542 4126 2638 4180 per
2687 4111 2963 4164 ministros
3027 4126 3154 4166 suos
3203 4111 3625 4182 redarguantur;
3675 4112 3767 4181 qui

2191 4204 2369 4268 etiam,
2421 4213 2474 4258 ιιι
2523 4203 2660 4274 apud
2706 4203 2977 4258 Christum
3003 4204 3148 4257 missi
3175 4203 3441 4267 dicebant,
3474 4202 3768 4274 Numquam

2193 4296 2340 4350 homo
2372 4297 2444 4349 sic
2466 4294 2702 4365 loquutus
2747 4305 2842 4360 est,
2873 4305 2999 4348 sicut
3046 4296 3126 4348 hic
3168 4295 3315 4348 homo
3347 4295 3525 4364 (Joan.
3554 4295 3604 4348 7.
3636 4295 3730 4362 46)
3753 4336 3767 4356 ,

2192 4389 2641 4444 annuntiaverunt
2664 4389 2865 4443 reversi
2897 4404 3014 4458 qua:
3041 4386 3299 4442 viderant.
3329 4387 3409 4442 Tu
3431 4397 3605 4441 autem
3637 4387 3772 4440 mihi

2195 4482 2280 4538 hic
2309 4481 2587 4537 considera
2613 4481 2822 4536 illorum
2851 4479 3334 4546 mansuetudinem,
3376 4479 3645 4550 quomodo
3674 4494 3773 4533 ee-

2131 4637 2146 4645 _
2194 4577 2324 4630 dunt
2351 4591 2366 4639 ;
2398 4591 2606 4631 necnon
2637 4575 2815 4629 fictam
2863 4575 3117 4645 principis
3144 4574 3479 4629 sacerdotum
3513 4582 3773 4627 mentem.

2197 4668 2465 4725 Mansuete
2491 4666 2633 4722 enim
2664 4667 2768 4720 illis
2797 4667 3052 4736 loquitur,
3086 4674 3269 4735 utpote
3301 4665 3525 4725 timens;
3565 4672 3619 4716 et
3651 4679 3777 4732 pro-

2193 4758 2378 4813 ltibere
2411 4759 2580 4829 magis
2609 4758 2856 4823 volebat,
2902 4772 3058 4827 quam
3096 4755 3358 4818 occidere,
3389 4756 3510 4825 quia
3561 4755 3610 4810 id
3667 4769 3775 4809 non

2199 4861 2422 4920 poterat.
2466 4855 2639 4921 Atque
2682 4860 2742 4904 ut
2783 4864 2972 4903 omnes
3007 4859 3260 4915 moveat,
3303 4865 3364 4903 ac
3408 4849 3475 4902 de
3519 4852 3778 4902 extremis

2198 4943 2486 5016 periclitari
2513 4942 2758 5008 suadeat,
2794 4940 2984 5004 Vultis,
3018 4941 3206 5012 inquit,
3232 4942 3468 4996 inducere
3502 4958 3652 5008 super
3683 4958 3780 4994 nos

2196 5036 2491 5106 sanguinem
2527 5034 2742 5086 hominis
2783 5032 2964 5088 illius?
3012 5034 3201 5089 Adhuc
3243 5033 3403 5088 homo
3435 5033 3526 5087 tibi
3569 5033 3782 5087 videtur

2197 5126 2358 5181 esse?
2387 5124 2461 5179 Ita
2502 5125 2654 5189 dixit,
2688 5124 2979 5180 ostendens
3007 5127 3109 5180 hoc
3136 5135 3461 5195 prmceptum
3489 5133 3543 5178 et
3565 5125 3778 5193 jussum

2199 5219 2298 5273 sibi
2333 5219 2461 5287 ipsis
2504 5217 2865 5272 necessarium
2909 5232 3048 5272 esse.
3091 5217 3194 5273 Sed
3240 5218 3363 5272 vide
3411 5215 3536 5286 quid
3587 5216 3781 5269 Petrus

2197 5311 2338 5364 dicat
2367 5327 2380 5362 :
2414 5308 2566 5363 Hunc
2617 5310 2895 5379 principem
2924 5320 2969 5362 et
2997 5310 3313 5364 Saluatore»:
3354 5308 3490 5361 Deus
3539 5307 3784 5361 exultavit

2197 5405 2406 5458 dextera
2428 5421 2540 5470 sua,
2575 5404 2641 5456 nd
2669 5402 2892 5458 dandam
2922 5404 3264 5472 pmuitentiam
3294 5402 3499 5469 Israeli,
3529 5412 3576 5455 et
3602 5403 3784 5455 remis-

2197 5500 2388 5552 sionem
2431 5507 2763 5567 peccatorum.
2798 5498 2893 5551 Hic
2921 5512 3026 5550 non
3054 5496 3296 5550 meminit
3317 5498 3575 5562 gentium,
3625 5505 3681 5548 ut
3713 5510 3784 5548 ne

2198 5607 2381 5647 ansam
2409 5591 2580 5646 daret.
2610 5590 2678 5644 Et
2704 5591 2952 5656 volebant,
2981 5589 3169 5658 inquit,
3212 5588 3438 5641 occidere
3462 5587 3599 5641 illos.
3647 5587 3782 5640 V'ide

2198 5700 2406 5740 rursum
2437 5685 2533 5737 hos
2560 5684 2610 5738 in
2640 5683 2880 5752 angustia
2905 5691 2959 5737 et
2985 5681 3172 5735 dolore
3197 5696 3212 5744 ;
3247 5680 3362 5733 illos
3383 5694 3514 5732 vero
3541 5679 3594 5732 in
3624 5679 3780 5748 quie-

2201 5790 2251 5834 te
2271 5823 2283 5843 ,
2317 5779 2496 5834 laetitia
2526 5788 2574 5832 et
2597 5777 2885 5845 voluptate.
2913 5775 3026 5830 Non
3057 5771 3370 5843 simpliciter
3395 5770 3469 5824 illi
3499 5771 3776 5832 dolebant,
