4088 6142
298 263 394 351 101

360 405 424 477 ρ.
450 404 596 475 Ὅρα
622 401 781 456 πάλιν
811 401 875 453 τὸ
906 401 1095 472 κέρδος
1116 401 1210 454 καὶ
1230 404 1288 455 ἐν
1308 400 1456 468 τάξει
1477 402 1770 469 ἀπολογίας
1794 401 1871 453 δι-

296 485 585 543 δασκαλίαν
612 485 1050 555 ἀπηρτισμένην.
1082 484 1191 538 Καὶ
1245 484 1410 555 ἡμεῖς
1455 485 1640 554 ἐσμεν
1686 484 1870 539 αὑτοῦ

294 568 584 641 μάρτιερες
610 566 734 620 τῶν
747 565 1033 635 ῥημάτων
1067 567 1308 621 τούτων.
1355 567 1528 639 Πολλὴ
1576 569 1608 639 ἡ
1660 568 1872 638 παρρη-

303 654 403 706 σία.
431 646 572 705 Εἶτα
600 650 913 717 ἀξιόπιστον
938 648 1171 722 [λοιπὸν]
1194 650 1286 703 τὸν
1323 652 1481 719 λόγον
1535 649 1728 711 ποιῶν.
1779 652 1874 703 ἐπο

300 738 496 808 ήγαγε·
532 733 647 788 Καὶ
675 732 743 786 τὸ
766 732 1052 801 Πνεῦμαι
1080 732 1148 785 δὲ
1192 733 1467 803 τδᾶγιον,
1522 733 1555 786 ὃ
1599 732 1822 787 ἔδωκεν
1842 733 1877 785 δ

302 818 439 883 Θεὸς
475 816 605 882 τοῖς
647 815 1082 884 πειθαρχοῦσιν
1137 815 1316 881 αὐτῷ.
1359 818 1540 888 Ὀρᾷς,
1596 817 1714 880 πῶς
1753 816 1876 886 οὐχὶ¹

306 904 459 974 μόνον
477 904 549 971 τῆ
578 898 814 965 ἑαυτῶν,
856 899 994 952 ἀλλά
1023 901 1115 953 καὶ
1141 903 1205 970 τῇ
1236 899 1331 953 τοῦ
1363 900 1678 970 Πνεύματος
1739 917 1878 971 μαρ-

302 984 458 1055 τυρία
488 982 820 1053 κέχρηνταις
869 984 983 1036 Καὶ
1026 982 1125 1034 οὐκ
1170 978 1341 1047 εἷπον,
1387 984 1452 1036 Ὀ
1481 982 1680 1036 ἔδωκεν
1724 983 1876 1053 ἡμῖν,

302 1066 453 1132 ἀλλὰ,
489 1066 623 1132 Τοῖς
658 1067 1048 1134 πειθομένοις*
1076 1066 1191 1136 ἅμα
1220 1065 1319 1136 μὲν
1345 1066 1744 1137 μετριάζοντες,
1762 1065 1878 1136 ἃμα

303 1151 357 1203 δὲ
379 1151 522 1220 μέγα
534 1148 666 1202 αὐτὸ
686 1147 1018 1212 δεικνύντες,
1043 1150 1134 1201 καὶ⁵
1150 1147 1453 1218 δηλοῦντες,
1476 1151 1558 1202 ὅτι
1586 1151 1679 1202 καὶ
1696 1150 1880 1208 αὐτοῖς

304 1232 525 1285 δυνατὺν
548 1231 753 1284 λαθεῖν.
790 1230 953 1301 Ὅρα,
984 1229 1099 1293 πῶς
1119 1230 1211 1284 καὶ
1235 1230 1301 1283 δι’
1334 1229 1513 1301 ἔργων
1547 1233 1641 1284 καὶ
1667 1231 1753 1284 διά
1779 1235 1878 1302 ρη-

308 1317 493 1387 μάτων
525 1311 896 1376 ἐπαιδεύοντο,
921 1313 1097 1366 καὶοὺ
1140 1315 1448 1383 προσεῖχον,
1473 1314 1559 1368 ἵνα
1579 1314 1763 1367 δικαία
1783 1314 1880 1366 αὐ-

305 1401 417 1461 τοῖς
451 1399 486 1469 ἡ
511 1397 836 1466 κατάκρισις
855 1395 1103 1466 γένηται.
1144 1398 1244 1451 Διά
1288 1397 1397 1467 γάρ
1442 1413 1523 1450 τοι
1551 1396 1707 1450 τοῦτο
1734 1396 1830 1450 καὶ
1851 1396 1881 1448 ὁ

306 1481 439 1545 Θεὸς
469 1478 763 1551 συνεχώρει
788 1477 1020 1547 ἄγεσθαι
1046 1479 1244 1542 αὐτοὺς
1271 1480 1348 1542 είς
1395 1479 1764 1551 δικαστήριον,
1793 1479 1879 1533 ἴνα

306 1567 410 1621 καὶ
439 1566 634 1617 ἐκεῖνοι
661 1561 1046 1627 παιδεύωνται,
1078 1562 1133 1614 εί
1153 1578 1218 1631 γε
1248 1561 1536 1633 μανθάνειν
1574 1562 1878 1631 ἐϐούλοντο,

310 1649 411 1702 καὶ
438 1649 489 1699 οί
516 1647 544 1686 ιι
568 1644 855 1699 ἀπόστολοι
888 1644 968 1707 είς
993 1644 1301 1716 παρρησίαν
1337 1644 1683 1713 ἀλείφωνται.
1718 1648 1783 1699 οι
1812 1645 1882 1699 δὲ

309 1735 705 1795 ἀκούσαντες,
737 1728 1095 1796 διεπρίοντο,
1138 1729 1236 1782 καὶ
1269 1728 1592 1783 ἐϐούλοντο
1640 1728 1882 1784 ἀνελεῖν

308 1816 553 1881 αὐτούς.
586 1812 730 1882 Ὅρα
756 1811 961 1874 κακίας
980 1810 1308 1881 ὑπερϐολήν.
1330 1811 1457 1864 Δέον
1482 1811 1568 1881 ἐφ’
1606 1807 1685 1874 οἷς
1716 1812 1881 1882 ἠκουο

310 1915 412 1951 σαν
438 1894 896 1965 καταπλαγῆναι,
930 1893 980 1947 οἱ
1004 1893 1060 1946 δὲ
1081 1893 1439 1965 διαπρίονται,
1470 1893 1563 1948 καλ⁵
1600 1894 1881 1967 βουλεύον-

310 1998 400 2034 ται
453 1980 585 2047 εἰκῆ
644 1979 875 2033 ἀνελεῖν.
925 1975 1062 2030 Ἀλλ’
1112 1977 1408 2046 ἀναγκαῖον
1456 1976 1639 2032 λοιπὸν
1676 1976 1882 2031 ἀνωθεν

312 2064 442 2116 ἰδεῖν
462 2064 531 2115 τά
554 2061 962 2132 ἀνεγνωσμένα.
1000 2061 1280 2130 Ἀγγελος
1308 2059 1377 2112 δὲ
1400 2059 1618 2126 Κυρίου
1645 2058 1744 2114 διὰ
1772 2058 1881 2127 τῆς

308 2145 532 2211 νυκτὸς
551 2144 760 2214 ἤνοιξε
792 2145 902 2211 τὰς
929 2144 1130 2210 πύλας
1159 2141 1270 2211 τῆς
1293 2141 1599 2211 φυλακῆς,
1622 2143 1719 2196 καὶ
1785 2143 1882 2208 ἐξ·

311 2226 548 2296 αγαγὼν
569 2227 784 2293 αὐτοὺς
816 2222 1017 2281 εζτενο
1052 2228 1405 2295 Πορεύεσθε,
1428 2226 1528 2279 καὶ
1560 2225 1882 2293 σταθέντες

311 2310 553 2366 λαλεῖτε
575 2313 646 2365 ἐν
670 2308 751 2376 τῷ
776 2309 910 2377 ἱερῷ
943 2309 1021 2375 τῷ
1053 2310 1179 2376 λαῷ
1206 2309 1405 2364 πάντα
1429 2309 1502 2364 τὰ
1514 2311 1753 2379 ῥηματα
1772 2309 1882 2379 τῆς

313 2392 459 2462 Mc
482 2395 727 2461 ταύτης.
776 2393 1152 2463 Ἐξαγαγώνο
1194 2395 1295 2448 οὐκ
1340 2393 1501 2458 αὐτὸς
1541 2396 1741 2463 ἀπάγει
1782 2396 1883 2448 αὺ-

309 2478 454 2541 τοὺς,
478 2477 596 2531 ἀλλ’
627 2477 852 2548 ἀφίησιν
871 2494 887 2508 ο
912 2476 1053 2530 ὥστε
1079 2478 1173 2532 καὶ
1198 2477 1372 2551 ταύτῃ
1410 2478 1589 2532 αὐτῶν
1637 2479 1884 2552 γνωσθῆ-

311 2578 397 2615 ναι
419 2563 481 2615 τὺ
511 2561 954 2629 ἀκατάπληκτον,
988 2560 1016 2614 ὃ
1043 2563 1135 2617 καὶ
1160 2562 1366 2630 ἔδειξαν
1386 2564 1578 2627 νυκτὸς
1618 2564 1884 2619 εἰσελθόν-

310 2661 397 2707 τες
415 2646 498 2706 είς
524 2644 585 2697 τὸ
622 2644 763 2714 ἱερὸν
786 2645 881 2698 καὶ
908 2644 1265 2709 διδάσκοντες.
1309 2646 1371 2698 Εἰ
1408 2646 1464 2698 δὲ
1506 2646 1758 2711 ἐξέδαλον
1785 2647 1883 2701 αὐ-

308 2728 430 2790 τοὺς
452 2728 505 2779 οἱ
530 2726 791 2796 φύλακες,
820 2727 896 2791 ὡς
922 2730 1117 2782 ἐκεῖνοι
1144 2727 1389 2798 ἐνόμιζον
1410 2769 1424 2791 ,
1482 2727 1678 2798 ἔφυγον
1713 2732 1797 2799 ἂν,
1830 2730 1885 2784 εἴ

308 2824 373 2876 γε
390 2809 707 2873 πεισθέντες
733 2809 958 2879 ἐξῆλθον
980 2827 994 2841 ·
1028 2809 1224 2880 μᾶλλον
1253 2811 1330 2874 δὲ,
1363 2813 1410 2864 εί
1444 2811 1691 2878 ἐξέϐαλον
1725 2824 1747 2852 ο
1779 2816 1880 2868 αύ-

309 2891 432 2953 τοὺς
448 2893 671 2957 ἐκεῖνοι,
694 2893 793 2945 οὐκ
809 2893 874 2945 ἂν
898 2895 977 2956 εἰς
992 2893 1053 2945 τὸ
1070 2893 1214 2963 ἱερὸν
1235 2893 1361 2964 ἔστη
1370 2911 1487 2959 σαν,
1511 2894 1624 2949 ἀλλ’
1644 2896 1880 2967 ἀπέδρα-

314 2990 411 3026 σαν
455 2975 731 3028 ἀν.Τοῦτο
769 2975 827 3028 δὲ
853 2975 1023 3039 οὐδεὶς
1057 2975 1228 3039 οὕτως
1246 2977 1470 3046 ἀνόητος
1501 2976 1641 3032 ὥστε
1665 2980 1739 3051 μὴ
1757 2997 1881 3035 συν-

308 3055 457 3111 ιδεῖν.
479 3058 629 3127 Οὐχὶ
672 3057 824 3130 [105]
848 3060 1211 3128 παραγγελία
1226 3062 1704 3131 παρηγγείλαμεν
1716 3061 1879 3132 ὑμῖν,

312 3139 443 3211 φησί
463 3156 481 3205 ;
504 3141 567 3193 El
598 3142 697 3211 μὲν
726 3138 818 3195 οὖν
848 3142 944 3194 καὶ
968 3143 1122 3195 αὐτοὶ⁸
1145 3142 1476 3214 ἐπείσθησαν
1506 3146 1664 3210 ὑμῖν,
1701 3146 1881 3212 καλῶς

311 3222 563 3277 εὐθύνετε
583 3239 599 3254 ·
632 3226 687 3278 εί
708 3223 764 3276 δὲ
793 3224 890 3277 καὶ
918 3225 977 3290 ἐξ
1001 3225 1209 3278 ἐκείνου
1267 3221 1421 3280 εἷπον
1471 3227 1545 3298 μὴ
1598 3228 1882 3301 πεισθήσε-

313 3306 454 3371 σθαι,
484 3307 740 3379 περιτταὶ
761 3308 818 3359 αἱ
843 3305 1082 3374 εὐθῦναι,
1117 3309 1371 3378 περιτταὶ
1399 3309 1493 3362 καὶ
1512 3310 1566 3362 αί
1598 3327 1881 3382 παραγγε-

308 3390 437 3444 λίαι.
469 3390 616 3460 Ὀρα
647 3389 1011 3460 ἐγκλημάτων
1033 3390 1440 3455 ἀνακολουθίαν,
1474 3392 1570 3445 καὶ
1608 3393 1882 3467 ὑπερϐάλ-

308 3473 503 3528 λουσαν
536 3474 749 3528 ἄνοιαν.
784 3473 1016 3536 Ψονικάς
1041 3472 1226 3528 λοιπὸν
1267 3473 1544 3545 βούλονται
1576 3476 1744 3541 δεῖξαι
1780 3478 1881 3541 τὰς

307 3557 652 3628 προαιρέσεις
671 3557 780 3610 τῶν
827 3555 1111 3621 Ἰουδαίων,
1142 3557 1218 3620 ὡς
1253 3558 1313 3610 οὐ
1339 3556 1407 3610 δι’
1424 3558 1679 3630 ἀλήθειαν
1708 3560 1879 3614 ταῦτα

306 3638 622 3701 ποιούντων,
680 3639 796 3693 ἀλλ’
843 3638 984 3692 ὥστε
1035 3638 1344 3710 ἀμύνασθαι
1383 3639 1738 3711 βουλομένων.
1782 3643 1880 3696 Διά

306 3723 463 3777 τοῦτο
489 3725 585 3776 καὶ
613 3723 734 3777 οὐδέ
767 3723 1011 3795 θρασέως
1036 3724 1217 3787 αὐτοῖς
1241 3724 1627 3795 ἀποκρίνονται
1674 3727 1721 3779 οἱ
1744 3726 1879 3779 ἀπό-

308 3807 515 3860 στολοι·
541 3805 851 3860 διδάσκαλοι
902 3806 1009 3877 γάρ
1033 3803 1174 3877 ἦσαν
1196 3821 1208 3833 ’
1237 3806 1413 3859 καίτοι
1441 3807 1525 3871 τίς
1556 3809 1657 3861 οὐκ
1680 3808 1746 3863 ἂν
1776 3810 1875 3882 τὴν

308 3890 461 3943 πόλιν
510 3889 732 3943 ἃπασαν
777 3889 1254 3962 ἀναρτησάμενος,
1290 3889 1384 3943 καὶ
1432 3890 1697 3962 τοσαύτης
1748 3894 1877 3946 ἀπο-

304 3972 486 4026 λαύων
507 3974 749 4044 χάριτος,
777 3967 930 4025 εἶπεν
960 3975 1025 4025 ἂν
1045 3973 1109 4043 δή
1135 3989 1187 4025 τι
1212 3974 1306 4026 καὶ
1352 3973 1648 4043 ἐφθέγξατο
1695 3977 1834 4045 μέγα
1857 3995 1871 4043 ;

318 4056 459 4109 Ἀλλ’
488 4058 586 4125 οὐχ
615 4051 760 4110 οὗτοι
785 4071 798 4084 ο
840 4056 902 4108 οὺ
934 4056 1040 4128 γὰρ
1073 4054 1385 4127 ὠργίζοντο,
1413 4056 1527 4109 ἀλλ’
1557 4058 1745 4128 ἠλέουν
1775 4061 1870 4114 αύο

306 4142 428 4203 τοὺς
456 4140 552 4194 καὶ
573 4140 855 4211 ἐδάκρυον,
886 4141 981 4192 κα)⁸
1006 4140 1291 4205 ἐσκόπουν,
1317 4140 1464 4202 ὅπως
1487 4141 1682 4205 αὐτοὺς
1700 4143 1874 4197 ἀπαλ-

302 4221 509 4285 λάξωσι
527 4223 622 4292 τῆς
649 4222 858 4291 πλάνης
886 4223 978 4275 καὶ
1002 4222 1091 4275 τοῦ
1130 4222 1321 4293 θυμοῦ.
1364 4223 1476 4276 Καὶ
1520 4223 1618 4276 οὐκ
1675 4224 1754 4278 ἔτι
1786 4225 1873 4279 λέ.

304 4321 465 4374 γουσι
487 4306 623 4377 πρὸς
659 4304 879 4369 αὐτούς’
924 4303 1122 4374 Ὑμεῖς
1152 4306 1393 4373 κρίνατε
1415 4324 1429 4337 ο
1494 4306 1609 4359 ἀλλ’
1639 4308 1873 4376 ἀποφαί-

304 4406 482 4442 νονται
511 4389 777 4458 λέγοντες⁵
813 4393 920 4443 Ὃν
947 4393 980 4442 ό
1011 4388 1154 4454 Θεὸς
1181 4388 1375 4456 ἤγειρε
1396 4405 1410 4420 ο
1444 4388 1532 4443 διὰ
1558 4388 1747 4444 τούτου
1780 4392 1875 4462 δη-

304 4471 542 4536 λοῦντες,
600 4474 683 4526 ὅτι
730 4471 873 4526 κατά
914 4471 1140 4542 γνώμην
1197 4470 1291 4523 τοῦ
1338 4469 1471 4523 Θεοῦ
1499 4472 1673 4526 ταῦτά
1703 4476 1868 4529 ἐστιν.

306 4556 417 4607 Οὐκ
440 4552 595 4609 εἷπον
620 4555 698 4619 δὲ,
721 4557 799 4610 ὅτι
819 4557 933 4608 Οὐκ
962 4554 1189 4624 εἴπομεν
1222 4554 1349 4622 ύμῖν
1374 4554 1465 4606 καὶ
1495 4554 1639 4622 τότε,
1685 4557 1873 4626 Ἡμεῖς

306 4641 373 4693 οὐ
402 4638 730 4708 δυνάμεθα,
773 4638 811 4694 ἃ
842 4638 1084 4708 εἴδομεν
1107 4637 1206 4691 καὶ
1242 4638 1607 4707 ἠκούσαμεν,
1647 4638 1731 4710 μὴ
1761 4645 1871 4696 λα-

302 4721 470 4786 .ῑεῖν;
504 4723 568 4774 οὗ
600 4722 708 4792 γάρ
735 4724 840 4776 είσι
871 4721 1181 4792 φιλότιμον
1223 4719 1356 4774 ἀλλὰ
1412 4721 1574 4775 πάλιν
1615 4722 1684 4776 τὰ
1733 4724 1872 4779 αύτά

303 4821 457 4872 φασι,
488 4804 583 4857 τὸν
612 4804 861 4875 σταυρὸν,
885 4807 985 4877 τὴν
1019 4806 1332 4858 ἀνάστασιν.
1368 4805 1479 4857 Καὶ
1517 4805 1577 4859 ού
1630 4804 1871 4875 λέγουσι,

300 4887 384 4942 διά
407 4889 466 4942 τί
498 4887 820 4961 ἐσταυρώθη
845 4908 859 4922 ·
892 4892 975 4944 ὅτι
1005 4891 1144 4961 ὑπὲρ
1176 4891 1366 4961 ἡμῶΨ
1396 4890 1510 4944 ἀλλ’
1549 4891 1871 4947 αἰνίττονται

302 4971 417 5039 μὲν,
446 4968 604 5024 οὔπω
638 4970 696 5024 δέ
721 4971 997 5044 φανερῶς,
1022 4974 1158 5036 τέως
1196 4973 1393 5036 αὐτοὺς
1427 4973 1665 5043 φοϐῆσαι
1696 4975 1870 5044 βουλόο

303 5070 473 5121 μενοι.
499 5053 641 5108 Εἰπέ
675 5072 788 5126 μοι,
812 5054 941 5107 ποία
987 5055 1241 5126 ῥητορεία
1286 5056 1554 5121 ἐνταῦθα;
1595 5057 1865 5129 Οὐδεμία·

300 5138 439 5193 οὕτω
456 5141 630 5210 χωρὶς
649 5139 992 5209 κατασκευῆς
1011 5139 1071 5191 τὸ
1091 5140 1189 5209 τῆς
1205 5140 1349 5209 ζωῆς
1375 5140 1672 5212 ἐκήρυττον
1693 5140 1870 5211 Εύαγ-

301 5221 496 5290 γέλιον.
526 5221 711 5276 Εἰπὼν
738 5223 819 5289 δὲ,
847 5223 928 5276 ὅτι
957 5223 1212 5291 Ὓψωσε,
1273 5223 1420 5293 λέγει
1468 5225 1562 5279 καὶ
1592 5226 1683 5279 ἐπὶ
1739 5227 1864 5291 τίνι,

308 5306 440 5360 Ἐπὶ
468 5305 547 5371 τῷ
576 5305 787 5361 δοῦναι
808 5305 1156 5375 μετάνοιαν,
1180 5307 1422 5374 ἐπάγων,
1462 5306 1542 5373 τῷ
1582 5309 1827 5378 Ἰσραὴλ
1850 5349 1865 5375 ,

296 5391 391 5444 καὶ
437 5389 667 5460 ἄφεσιν
709 5388 1031 5459 ἁμαρτιῶν.
1086 5389 1227 5442 Ἀλλ’
1256 5389 1490 5443 ἀπίθανα
1525 5391 1696 5445 ταῦτα
1728 5394 1866 5457 τέως

294 5473 485 5540 ἐδόκει,
513 5476 669 5545 φασί.
700 5475 768 5527 Τί
804 5474 1014 5542 λέγεις;
1046 5473 1140 5528 καὶ
1171 5473 1290 5534 πῶς
1313 5472 1373 5524 ού
1410 5472 1607 5528 πιθανά
1643 5476 1862 5542 μᾶλλον,

294 5551 373 5621 οἷς
394 5574 459 5627 γε
485 5561 589 5612 οὐκ
612 5558 877 5630 ἄρχοντες
903 5557 1177 5610 ἀντειπεῖν
1210 5549 1376 5625 εἶχον,
1406 5555 1467 5608 ού
1492 5555 1721 5626 πλῆθος·
1747 5559 1865 5612 ἀλλ’

293 5641 342 5696 οι
377 5642 478 5713 μὲν
498 5640 947 5713 ἐπεστομίζοντο,
976 5641 1025 5693 οἱ
1047 5639 1103 5693 δὲ
1125 5639 1500 5705 ἐδιδάσκοντος
1530 5641 1637 5693 Καὶ
1671 5642 1862 5711 ἡμεῖς,

354 5779 549 5844 [πάθω
572 5777 853 5844 παρρησία,
878 5777 960 5825 καὶ
996 5778 1053 5826 τὸ
1091 5777 1361 5844 ἀξιόπιστον
1382 5792 1393 5803 ·
1439 5776 1534 5844 Καί
1570 5777 1626 5825 τὸ
1647 5777 1860 5844 Πνεῦμα.

297 5836 326 5878 δ
365 5840 504 5892 Unus
524 5836 657 5892 ω(ιί
676 5836 1019 5894 ’παιδεύωνται,
1063 5842 1144 5888 καὶ
1182 5839 1351 5894 πάντες
1385 5838 1667 5901 μανθάνωσι,
1692 5836 1859 5892 καὶόί.

303 5903 326 5933 ⁶
357 5904 453 5958 Alﬁ
502 5906 717 5963 ἐξῆλθον,
737 5902 817 5949 καὶ
851 5902 889 5949 εί
912 5901 1144 5963 ἐξέϐαλον,

1271 285 1338 340 ΙΝ
1375 239 1560 341 ACTA
1597 280 2130 341 APOS'I'OLORUM.
2169 281 2402 339 HOMIL.
2435 281 2571 337 XIII.

3442 285 3541 341 IOB

1978 401 2111 471 φησὶ
2137 441 2153 469 ,
2211 399 2507 471 μάρτυρες
2556 396 2674 452 τῶν
2721 400 3006 468 ῥημάτων
3054 398 3279 454 τούτων
3327 399 3537 468 ἐσμέν.

1977 484 2186 550 Ποίων;
2219 484 2341 536 Ὀτι
2365 480 2580 551 ἀφεσιν,
2601 483 2683 536 ὅτι
2721 482 3010 550 μετάνοιαν
3057 481 3420 552 ἐπηγγείλατο
3442 498 3457 512 ·
3505 484 3541 554 ἡ

1981 566 2079 637 μὲν
2105 566 2214 637 γὰρ
2242 566 2536 629 ἀνάστασις
2563 562 2631 636 ἦν
2651 565 2836 618 λοιπὸν
2856 565 3277 636 ὡμολογημένη.
3318 567 3438 618 Ὀτι
3487 564 3546 618 δέ

1973 651 2167 720 ἄφεσιν
2198 650 2432 713 δίδωσιν,
2457 651 2618 719 ἡμεῖς
2654 647 3038 719 μαρτυροῦμεν
3057 687 3073 712 ,
3102 649 3196 701 καὶ
3236 648 3298 701 τὸ
3324 648 3549 719 Πνεῦμα

1972 733 2034 785 τὸ
2058 733 2231 801 ἀγιον,
2265 732 2294 785 ὃ
2321 733 2421 785 οὐκ
2448 731 2514 785 ἀν
2536 731 2757 802 ἐπῆλθε,
2783 729 2859 800 μὴ
2888 729 3151 800 πρότερον
3170 728 3197 769 ἀ
3225 729 3336 783 τῶν
3371 732 3550 802 ἀμαρ-

1972 812 2106 869 τιῶν
2153 814 2446 875 λυθεισῶν·
2507 814 2648 868 ὥστε
2709 811 3193 883 ἀναμφισϐήτητον
3253 815 3550 887 τεκμήριον

1973 900 2131 953 τοῦτό
2158 901 2328 954 ἐστιν.
2360 902 2588 970 ¹Ἀφεσιν
2609 899 3022 971 ἁμαρτημάτων
3080 895 3317 960 ἀκούεις,
3373 897 3547 960 ἄθλιε.

1975 983 2071 1038 καὶ
2094 985 2177 1038 ὅτι
2204 984 2265 1037 οὐ
2291 984 2449 1054 δίκην
2479 986 2724 1047 ἀπαιτεῖ,
2781 982 2878 1036 καὶ
2925 979 3103 1050 βούλει
3150 980 3399 1045 ἀνελεῖν;
3438 983 3551 1035 Καὶ

1978 1066 2148 1136 πόσης
2177 1067 2348 1121 ταῦτα
2379 1068 2499 1138 οὐχὶ⁸
2519 1068 2756 1131 κακίας;
2785 1065 2978 1120 Καίτοι
3006 1064 3040 1135 ἦ
3070 1063 3339 1133 διελέγξαι
3367 1065 3551 1134 ψευδο·

1980 1149 2175 1221 μένους
2198 1150 2434 1222 ἐχρῆν,ἢ
2467 1152 2541 1222 μὴ
2574 1150 2927 1221 δυναμένους,
2958 1149 3245 1216 πεισθῆναι
3264 1165 3278 1179 ο
3314 1151 3362 1202 εί
3390 1148 3447 1202 δὲ
3475 1149 3549 1219 μὴ

1976 1235 2258 1288 ὲὸούλοντο
2286 1234 2593 1302 πεισθῆναι,
2628 1237 2704 1305 μὴ
2728 1233 2959 1288 ἀνελεῖν.
2991 1232 3055 1286 Τί
3082 1231 3193 1303 γάρ
3232 1228 3300 1303 ῆν
3328 1232 3551 1304 ἀναιρέ-

1977 1334 2115 1381 σεως
2146 1317 2329 1385 ἀξιον;
2366 1318 2430 1370 Ol
2456 1318 2513 1370 δέ
2549 1317 2655 1370 ὑπὸ
2686 1315 2779 1369 τοῦ
2819 1313 2993 1386 θυμοῦ
3043 1315 3162 1368 οὐδὲ
3220 1314 3454 1368 συνεῖδον
3490 1315 3553 1367 τὸ

1975 1402 2358 1472 γεγενημένον.
2397 1402 2566 1472 Ὅρα,
2609 1400 2728 1463 πῶς
2781 1399 3015 1453 ἐνταῦθα
3081 1399 3553 1469 μνημονεύσαντες

1975 1482 2072 1537 τοῦ
2092 1483 2461 1555 τολμήματος,
2480 1482 2609 1553 περὶ
2631 1483 2876 1550 ἀφέσεως
2900 1482 3261 1550 διαλέγονται,
3309 1481 3555 1535 δεικνύν-

1975 1582 2087 1630 τες,
2109 1565 2276 1620 ὅτιτά
2306 1565 2403 1636 μὲν
2422 1564 2765 1634 γεγενημένα
2792 1563 2918 1628 ἄξια
2955 1562 3211 1627 θανάτου,
3240 1563 3311 1617 τά
3333 1563 3390 1616 δὲ
3412 1562 3553 1618 διδό-

1980 1665 2118 1719 μενα
2152 1648 2228 1712 ὠς
2253 1647 2587 1718 εὐγνώμοσιν
2621 1647 2849 1700 ἐδίδοντο
2878 1658 2922 1699 ο.
2959 1646 3084 1710 Πῶς
3126 1646 3192 1701 ἂν
3240 1646 3415 1710 ἄλλως
3468 1663 3554 1711 τις

1976 1733 2193 1785 ἔπεισεν
2222 1732 2419 1793 αὐτοὺς
2442 1730 2476 1799 ἧ
2499 1729 2576 1792 ὡς
2599 1729 3020 1797 εὐδοκιμοῦντας
3047 1729 3251 1794 simi»);
3314 1731 3421 1782 Καὶ
3452 1731 3554 1801 δρα

1974 1816 2074 1886 τὴν
2126 1812 2462 1884 κακουργίαν
2484 1827 2499 1842 ’
2550 1812 2674 1873 τοὺς
2736 1811 3125 1876 Σαδδουκαίους
3198 1813 3381 1876 αὐτοῖς
3453 1814 3554 1881 ἐφ-

1978 1895 2221 1960 ιστῶσιν,
2255 1895 2305 1948 οἳ
2337 1894 2573 1965 μάλιστα
2593 1893 2794 1965 ἤλγουν
2827 1893 2920 1947 ἐπὶ
2947 1897 3012 1965 τῇ
3059 1895 3368 1949 ἀναστάσει.
3411 1892 3553 1948 Ἀλλ’

1975 1979 2127 2032 οὐδὲν
2151 1979 2248 2049 τῆς
2277 1978 2542 2050 πονηρίας
2568 1976 2871 2031 ἀπώναντο.
2912 1978 3052 2031 Ἀλλ’
3108 1979 3237 2043 ἴσως
3282 1981 3396 2051 ἐρεῖ
3436 1993 3551 2041 τις·

1976 2063 2088 2117 Καὶ
2110 2062 2193 2126 τίς
2223 2062 2508 2134 ἄνθρωπος
2533 2062 2788 2115 τοιούτων
2822 2061 3132 2125 ἀπολαύων,
3163 2064 3291 2116 οἵων
3312 2064 3362 2115 οἱ
3413 2062 3552 2114 ἀπό-

1980 2146 2175 2209 στολοι,
2214 2146 2316 2199 οὐκ
2339 2145 2405 2199 ἀν
2438 2146 2608 2217 μέγας
2628 2145 2879 2213 ἐγένετο;
2927 2145 3067 2200 Ἀλλ’
3109 2147 3212 2217 δρα
3279 2163 3369 2216 μοι
3423 2145 3556 2217 πρὶν

1977 2231 2010 2302 ἢ
2068 2228 2376 2283 ἀπολαῦσαι
2427 2229 2529 2300 τῆς
2574 2230 2815 2301 χάριτος,
2856 2229 2974 2292 πῶς
3021 2225 3162 2300 ἦσαν
3211 2244 3554 2301 προσκαρτε-

1983 2312 2201 2385 ροῦντες
2225 2312 2567 2385 ὁμοθυμαδὸν
2628 2315 2696 2383 τῇ
2747 2316 3044 2384 προσευχῇ,
3084 2313 3181 2366 καὶ
3243 2311 3556 2377 ἐλπίζοντες

1979 2398 2070 2449 ἐπὶ
2085 2394 2182 2466 τὴν
2202 2395 2408 2450 ἀνωθεν
2427 2397 2619 2468 ῥοπήν.
2636 2394 2748 2449 Καὶ
2766 2396 2828 2448 σὺ
2842 2394 2994 2467 [106]
3005 2394 3262 2459 ἐλπίζεις,
3280 2394 3551 2466 ἀγαπητέ,

1981 2480 2258 2551 βασιλείαν
2305 2479 2569 2551 οὐρανῶν,
2624 2477 2741 2532 ἀλλ’
2789 2478 2942 2531 οὐδὲν
2996 2478 3313 2550 ὑπομένεις;
3363 2478 3551 2531 καὶσὺ

1979 2562 2203 2635 Πνεῦμα
2242 2562 2450 2627 ἐλαδες,
2484 2561 2597 2616 ἀλλ’
2630 2561 2690 2615 ού
2711 2560 2931 2614 τοιαῦτα
2971 2561 3220 2632 πάσχεις,
3265 2560 3388 2614 οὐδὲ
3436 2577 3554 2614 κιν-

1977 2645 2252 2711 δυνεύεις;
2291 2646 2517 2698 Ἐκεῖνοι
2564 2643 2643 2706 δὲ,
2695 2645 2824 2714 πρὶν
2859 2644 2894 2715 ἢ
2938 2643 3047 2697 τῶν
3104 2642 3384 2715 προτέρων
3431 2643 3556 2696 ἀνα-

1978 2729 2231 2795 πνεῦσαι,
2262 2729 2426 2783 πάλιν
2449 2727 2533 2797 ἐφ’
2565 2727 2727 2797 ἕτερα
2749 2726 2964 2797 ῆγοντο.
2995 2726 3105 2778 Καὶ
3131 2724 3290 2780 τοῦτο
3328 2726 3385 2779 δὲ
3420 2725 3553 2779 αὐτὸ

1975 2815 2038 2868 τδ
2065 2816 2138 2886 μὴ
2161 2813 2496 2882 τυφωθῆναι,
2529 2811 2590 2864 τὸ
2620 2810 2694 2880 μὴ
2729 2809 3097 2880 κενοδοξῆσαι,
3117 2809 3281 2863 πόσον
3313 2809 3459 2862 ἐστὶν
3487 2810 3553 2861 ἀ-

1976 2898 2172 2968 γαθόνῑ
2209 2898 2270 2950 τὸ
2294 2895 2431 2967 μετά
2456 2892 2757 2957 ἐπιεικείας
2805 2891 3168 2959 διαλέγεσθαι,
3231 2892 3398 2945 πόσον
3435 2892 3553 2945 ἐστὶ

1977 2981 2165 3052 κέρδος
2191 2980 2205 3034 ι
2229 2981 2302 3034 Ού
2335 2978 2446 3049 γὰρ
2473 2978 2537 3049 δὴ
2573 2975 2750 3028 πάντα
2778 2974 2878 3045 τῆς
2897 2975 3117 3044 χάριτος
3154 2970 3242 3046 ἦν,
3284 2974 3420 3029 ἀλλά
3459 2976 3553 3029 καὶ

1977 3063 2072 3134 τῆς
2095 3062 2274 3117 αὐτῶν
2307 3060 2540 3130 σπουδῆς
2575 3056 2744 3111 πολλὰ
2775 3056 2843 3110 τὰ
2874 3058 3167 3127 τεκμήρια.
3231 3056 3305 3110 Τδ
3347 3057 3455 3129 γὰρ
3492 3058 3552 3110 ἐν

1976 3147 2158 3210 αὐτοῖς
2175 3146 2244 3199 τὰ
2269 3144 2372 3214 τῆς
2402 3144 2622 3215 χάριτος
2643 3140 2990 3211 διαλάμπειν,
3023 3141 3121 3210 τῆς
3148 3138 3330 3194 αὐτῶν
3353 3143 3551 3213 ἐπιμε-

1976 3227 2124 3292 λείας
2146 3222 2236 3298 ἦν.

2045 3310 2262 3380 ⁸ῤ”Ορα
2290 3308 2420 3378 γοῦν
2447 3307 2606 3372 εὐθὺς
2631 3307 2690 3375 ἐξ
2715 3308 2908 3380 ἀρχῆς,
2939 3307 3055 3369 πῶς
3076 3310 3549 3380 μεμεριμνημένος

1975 3392 2004 3445 ὁ
2025 3392 2226 3464 Πέτρος
2242 3392 2379 3454 ἐστὶ,
2408 3391 2524 3454 πῶς
2539 3392 2721 3462 νήφων
2750 3392 2845 3444 καὶ
2867 3389 3203 3461 ἐγρηγορὼς,
3238 3390 3354 3452 πῶς
3383 3392 3433 3443 οί
3461 3408 3549 3443 πι-

1979 3476 2300 3539 στεύσαντες
2332 3476 2399 3528 τὰ
2425 3476 2688 3545 χρήματα
2717 3474 2968 3547 ἔρριψαν.
3019 3473 3186 3527 Οὐδὲν
3221 3473 3347 3527 ἴδιον
3380 3469 3547 3545 εἶχον,

1976 3559 2033 3610 ἐν
2062 3560 2191 3630 εὐχῇ
2216 3555 2376 3630 ἦσαν,
2408 3558 2660 3628 ὁμόνοιαν
2718 3558 3114 3621 ἐπεδείκνυντο,
3159 3557 3218 3609 ἐν
3271 3550 3549 3627 δηστείαις

1975 3640 2180 3711 διῆγον.
2210 3639 2393 3693 Ταῦτα
2419 3641 2578 3704 ποίας
2607 3641 2859 3711 χάριτος;
2893 3640 3011 3693 είπέ
3075 3656 3183 3710 μοι.
3241 3640 3339 3694 Διά
3391 3641 3548 3694 τοῦτο

1977 3724 2071 3777 καὶ
2100 3723 2165 3776 δι’
2199 3723 2375 3776 αὐτῶν
2415 3726 2553 3776 ποιεῖ
2581 3722 2832 3790 γενέσθαι
2895 3723 2987 3776 τὸν
3025 3721 3245 3793 ἔλεγχον
3278 3722 3386 3776 τῶν
3445 3725 3548 3778 ὑπ-

1975 3807 2189 3878 ηρετῶν
2222 3808 2401 3862 αὐτῶν
2422 3823 2435 3837 ·
2467 3807 2516 3858 οῖ
2544 3808 2639 3860 καὶ
2662 3805 2851 3876 ῶσπερ
2876 3807 2968 3858 ἐπὶ
2988 3806 3081 3858 τοῦ
3103 3805 3338 3879 Χριστοῦ
3362 3807 3545 3876 ἔλεγον

1973 3895 2021 3945 οἱ
2044 3891 2400 3962 πεμφθέντες,
2447 3890 2743 3944 Οὐδέποτε
2771 3890 2959 3955 οὕτως
2986 3889 3296 3954 ἅνθρωπος
3321 3889 3545 3960 ἐλάλη-

1972 3991 2085 4030 σεν
2097 3978 2176 4041 ὠς
2203 3971 2381 4041 οὗτος
2405 3977 2438 4029 ό
2463 3974 2788 4042 ἅνθρωπος,
2812 3972 3149 4042 ἀπήγγειλαν
3175 3974 3545 4045 ὑποστρέψαν-

1969 4076 2059 4119 τες
2080 4059 2221 4130 άπερ
2259 4057 2415 4112 εἶδον.
2444 4058 2514 4109 Σὺ
2545 4057 2603 4109 δέ
2641 4074 2730 4127 μοι
2770 4056 2961 4109 σκόπει
2991 4057 3222 4109 ἐνταῦθα
3252 4059 3346 4110 καὶ
3365 4058 3542 4111 αὐτῶν

1970 4141 2067 4212 τὴν
2094 4143 2411 4205 ἐπιείκειαν,
2436 4140 2552 4203 πῶς
2577 4141 2804 4201 εἴκουσι,
2841 4138 2935 4191 καὶ
2967 4139 3059 4190 τοῦ
3101 4139 3398 4209 ἀρχιερέως
3443 4140 3541 4207 τὴν

1974 4226 2361 4296 πεπλασμένην
2383 4223 2627 4293 γνώμην.
2674 4220 2960 4282 Ἐπιεικῶς
2986 4221 3093 4289 γὰρ
3145 4220 3301 4289 δῆθεν
3357 4221 3541 4286 αὐτοῖς

1972 4309 2311 4377 διαλέγεται,
2362 4308 2457 4361 διτε
2498 4304 2866 4375 φοϐούμενος,
2925 4305 3017 4356 καὶ
3051 4303 3291 4357 κωλῦσαι
3341 4304 3539 4374 μᾶλλον

1972 4391 2238 4453 ἐϐούλετο,
2265 4389 2545 4461 ἧάνελεῖν,
2580 4387 2769 4457 ἐπειδὴ
2795 4386 2953 4439 τοῦτο
2974 4386 3072 4438 ούκ
3099 4386 3327 4455 ἠδύνατο
3357 4386 3400 4439 τ.
3430 4390 3539 4442 Καὶ

1971 4478 2113 4530 ὥστε
2137 4476 2343 4539 πάντας
2373 4474 2618 4542 κινῆσαι,
2647 4473 2740 4526 καὶ
2763 4471 2892 4541 περὶ
2924 4470 3031 4522 τῶν
3057 4470 3299 4540 ἐσχάτων
3356 4472 3538 4535 αὐτοῖς

1971 4560 2340 4630 ἐπικρεμάσαι
2370 4558 2458 4610 τὸν
2485 4557 2752 4619 κίνδυνον,
2802 4555 3126 4615 Βούλεσθε,
3180 4554 3363 4622 φησὶν,
3428 4555 3535 4607 ἐπ-

1969 4643 2212 4714 αγαγεῖν
2241 4643 2331 4712 ἐφ’
2362 4640 2517 4711 ἡμᾶς
2550 4640 2613 4693 τὸ
2647 4635 2788 4708 αἷμα
2819 4638 2922 4692 τοῦ
2958 4635 3266 4704 ἀνθρώπου
3291 4639 3537 4701 τούτου;

1973 4730 2094 4783 Ἔτι
2124 4727 2408 4798 ἄνθρωπος
2432 4721 2569 4778 εἷναί
2600 4742 2680 4777 σοι
2708 4725 2885 4785 δοκεῖς
2921 4719 3108 4785 Οὕτως
3128 4716 3269 4784 εἶπε,
3296 4721 3531 4784 δεικνὺς.

1969 4814 2050 4867 ὅτι
2078 4809 2351 4878 ἀναγκαία
2380 4811 2412 4876 ἡ
2449 4807 2844 4879 παρακέλευσις
2891 4806 3120 4873 γέγονεν⁴
3150 4805 3350 4869 αὐτοῖς.
3396 4805 3532 4856 Ἀλλ’

1968 4896 2068 4966 δρα
2091 4895 2183 4948 καὶ
2209 4893 2300 4945 τὸν
2329 4891 2551 4961 Πέτρον,
2578 4890 2630 4943 τί
2654 4905 2820 4958 φησιν
2843 4904 2857 4918 ·
2898 4887 3115 4941 Τοῦτον
3150 4890 3181 4940 ό
3212 4887 3360 4951 Θεὸς
3383 4888 3532 4955 ἀρχ-

1967 4977 2118 5046 ηγὸν
2167 4975 2264 5028 καὶ
2315 4971 2559 5039 Σωτῆρα
2606 4972 2815 5039 ϋψωσε
2845 4969 2918 5038 τῇ
2946 4969 3115 5036 δεξιᾷ.
3170 4967 3375 5032 αὐτοῦ,
3426 4969 3530 5021 τοῦ

1967 5059 2175 5113 δοῦναι
2196 5055 2516 5126 μετάνοιαν
2544 5053 2624 5119 τῷ
2658 5053 2922 5121 Ἰσραὴλ,
2959 5053 3052 5107 καὶ
3088 5052 3306 5119 ἄφεσιν
3350 5053 3530 5119 ἀμαρη

1968 5140 2124 5195 τιῶν.
2169 5137 2432 5192 Ἐνταῦθα
2457 5138 2518 5190 οὐ
2544 5136 2812 5207 μέμνηται
2840 5136 2944 5188 τῶν
3007 5135 3195 5197 ἐθνῶν,
3229 5135 3313 5187 ἵνα
3349 5133 3423 5203 μὴ
3454 5132 3529 5202 δῷ

1964 5224 2154 5297 λαὸήν.
2209 5222 2317 5277 Καὶ
2368 5221 2708 5283 ἐϐούλοντο,
2776 5220 2958 5288 φησὶν,
3022 5217 3260 5271 ἀνελεῖν
3286 5217 3525 5281 αὐτούς.

1967 5310 2111 5380 Ὅρα
2148 5306 2311 5361 πάλιν
2351 5304 2569 5367 τούτους
2598 5306 2655 5356 ἐν
2686 5303 2910 5373 ἀπορίᾳ,
2965 5301 3184 5365 τούτους
3231 5304 3293 5353 ἐν
3320 5299 3482 5372 ὀδύνῃ
3505 5318 3520 5331 ο

1963 5391 2203 5454 ἐκείνους
2234 5390 2289 5442 δὲ
2311 5391 2368 5440 ἐν
2394 5388 2573 5442 ἀνέσει
2598 5388 2691 5438 καὶ
2724 5385 2955 5455 εὐθυμία
2980 5386 3073 5437 καὶ
3102 5386 3167 5437 ἐν
3191 5385 3388 5454 τρυφῇ.
3413 5383 3524 5452 Οὐχ

1963 5473 2150 5536 ἁπλῶς
2175 5471 2470 5534 ὠδυνῶντο,
2504 5469 2645 5522 ἀλλὰ
2673 5470 3029 5535 Διεπρίοντο.
3051 5465 3218 5518 Τοῦτό
3245 5468 3390 5518 ἐστιν
3414 5465 3535 5536 ἀρα-

1963 5558 2043 5625 τδ,
2078 5554 2262 5618 κακῶς
2285 5553 2474 5607 παθεῖν
2500 5553 2568 5604 τὸ
2589 5552 2772 5614 κακῶς
2804 5553 2974 5603 ποιεῖν
2999 5565 3013 5579 ο
3047 5547 3296 5625 καθάπερ
3318 5548 3411 5601 καὶ
3431 5550 3534 5602 ἐνυ.

1961 5624 2134 5697 ταῦθα
2159 5639 2303 5692 ἐστιν
2336 5637 2482 5691 ἰδεῖν.
2537 5636 2623 5688 Ἐν
2641 5635 2859 5705 δεσμοῖς
2880 5629 3020 5705 ἦσαν
3044 5624 3206 5695 οὗτοι,
3231 5632 3524 5703 παρειστή-

2021 5845 2049 5886 d
2084 5845 2323 5903 Ἐπῆλθεν.
2346 5845 2384 5892 εἰ
2412 5845 2473 5906 μὴ
2494 5842 2734 5906 πρότερον,
2750 5841 2838 5906 ᾃεὶιξ
2860 5853 3001 5906 ιιῃυς.
3027 5902 3036 5906 Δ
3074 5852 3096 5906 9
3139 5841 3289 5906 Ξειξὶι.
3312 5842 3377 5896 ὡς
3395 5837 3527 5901 03:9-

1976 5912 2124 5964 γὲταις
2146 5902 2364 5956 ἐδίδοντο.
2413 5902 2457 5943 Ἰ
2490 5902 2622 5954 L’ims
2643 5902 2800 5959 ἐπειδή
2824 5902 2970 5950 ἐκεῖνο
2991 5902 3044 5950 ον)
3071 5902 3278 5950 δυνατόν.
