4084 6174
498 249 604 306 109

481 378 670 418 κεισαν
697 359 1049 428 δικαστηρίῳ,
1101 358 1196 410 καὶ
1236 359 1286 411 οί
1335 355 1645 420 δικάζοντες
1663 354 1801 428 ἦσαν
1832 356 1890 407 ἐν
1916 355 2051 408 ἀπο-

482 447 575 517 ρίᾳ
601 457 650 508 (ι,
687 446 744 496 ἐν
767 442 1044 512 ἀμηχανίᾳ
1067 440 1251 511 πολλῇ.
1283 441 1547 512 Καθάπερ
1580 440 1687 510 γάρ
1716 443 1744 492 ὁ
1780 439 1870 492 τὸν
1918 438 2049 491 ἀδά-

482 545 655 600 μαντα
676 526 946 596 πλήττων,
971 523 1134 587 αὐτὸς
1158 523 1425 593 λαμϐάνει
1470 524 1568 593 τὴν
1618 524 1860 593 πληγήν·
1904 521 2049 574 οὕτω

475 610 538 680 δὴ
596 610 690 662 καὶ
733 600 900 661 οὗτοι.
976 606 1115 658 Ἀλλ’
1181 605 1366 678 ἐώρων
1435 606 1496 659 οὐ
1567 606 1725 676 μόνον
1766 607 1864 658 οὐκ
1937 605 2051 673 ἐμ-

475 690 832 761 ποδιζομένην
888 689 1066 742 αὐτῶν
1126 688 1226 760 τήν
1261 687 1594 760 παρρησίαν,
1626 686 1760 741 ἀλλά
1789 688 1883 741 καὶ
1917 685 2051 757 μᾶλ-

436 809 442 848 λ
473 780 563 832 λον
589 779 890 848 αὐξόμενον
926 775 988 828 τὸ
1015 775 1298 846 κήρυγμα.
1327 777 1422 827 καὶ
1456 775 1892 844 ἀκαταπλήκτως
1931 775 2049 828 δια-

398 856 441 869 "
471 860 792 931 λεγομένους
815 858 843 897 5
876 858 1092 920 αὐτοὺς,
1129 859 1221 910 καὶ
1251 857 1326 929 μὴ
1361 857 1700 928 παρέχοντας
1725 856 1914 919 λαϐάς.
1945 857 2051 908 Μι-

475 947 780 1018 μησώμεθα
801 946 1022 1015 τούτους
1047 945 1109 1015 δὴ
1142 945 1236 1011 καὶ
1256 947 1434 1014 ἡμεῖς,
1458 945 1751 1017 ἀγαπητοὶ,
1793 944 1889 997 καὶ
1918 944 2050 996 ἀκα-

468 1031 770 1100 τάπληκτοι
803 1029 861 1081 ἐν
891 1029 1026 1081 πᾶσι
1063 1026 1349 1098 γενώμεθα
1377 1031 1488 1092 τοῖς
1522 1027 1734 1092 δεινοῖς.
1765 1027 1877 1079 Οὐκ
1931 1025 2045 1078 ἔστι

467 1112 635 1166 δεινόν
669 1129 724 1164 τι
749 1109 829 1180 τῷ
857 1110 1176 1180 φοϐουμένῳ
1203 1111 1294 1164 τὸν
1325 1111 1477 1176 θεὸν,
1513 1110 1638 1164 ἀλλ’
1691 1112 1746 1162 ἐν
1793 1111 1908 1174 τοῖς
1969 1109 2044 1180 μὴ

468 1196 825 1266 φοϐουμένοις
884 1195 1004 1248 ἐστὶ
1051 1196 1119 1248 τὰ
1175 1195 1341 1263 δεινά.
1380 1195 1436 1247 '0
1470 1195 1578 1265 γὰρ
1609 1194 1718 1247 τῶν
1762 1193 1951 1246 παθῶν
1976 1193 2043 1246 δι’

466 1278 666 1349 ἀρετῆς
692 1277 960 1348 ἀνώτερος
983 1279 1284 1348 γινόμενος,
1299 1278 1389 1330 καὶ
1409 1276 1597 1346 ὥσπερ
1627 1277 1784 1330 σκιὰν
1808 1276 1876 1329 τά
1897 1293 2041 1346 παρ-

465 1361 591 1414 όντα
639 1360 998 1431 παρατρέχων
1032 1361 1362 1431 πράγματα,
1398 1361 1516 1423 πῶς
1551 1359 1654 1412 ὐπό
1681 1375 1827 1422 τινος
1859 1359 2040 1410 πείσεο

463 1460 552 1498 ται
578 1444 782 1508 δεινόν;
811 1443 929 1495 τίνα
951 1443 1007 1515 δὲ
1031 1443 1436 1514 φοϐηθήσεται;
1467 1443 1500 1514 ἢ
1549 1443 1601 1495 τί
1652 1442 1722 1495 τά
1773 1443 1920 1495 δεινά
1956 1442 2038 1494 λο-

462 1531 697 1594 γιεῖται;
720 1526 931 1580 Οὐκοῦν
955 1526 1357 1597 καταφύγωμεν
1383 1528 1474 1578 ἐπί
1494 1527 1696 1596 ταύτην
1713 1527 1811 1596 τὴν
1833 1526 2040 1594 πέτραν

461 1613 558 1683 τήν
583 1613 846 1667 ἄσειστον.
879 1612 942 1664 Εἰ
991 1610 1142 1663 πόλιν
1186 1613 1315 1680 ἡμῖν
1350 1627 1432 1673 τις
1478 1608 1840 1674 κατεσκεύαζε
1867 1608 2034 1680 1107],

462 1696 555 1749 καὶ
589 1698 767 1764 τεῖχος
800 1694 1131 1764 περιετίθει·
1179 1693 1377 1761 μᾶλλον
1412 1693 1466 1745 δὲ
1500 1695 1548 1744 εί
1576 1691 1853 1762 ἁπῴκιζεν
1891 1693 2038 1762 ἡμᾶς

461 1780 541 1842 είς
571 1779 696 1849 γῆν,
726 1777 854 1832 ἔνθα
886 1777 1070 1846 μηδεὶς
1095 1772 1162 1847 ἦν
1204 1780 1231 1830 ὀ
1264 1777 1514 1846 ἐνοχλῶν,
1561 1777 1654 1830 καὶ
1705 1778 1886 1830 πᾶσαν
1923 1779 2038 1830 ἐκεῖ

460 1864 690 1932 παρεῖχε
714 1861 812 1932 τὴν
840 1861 1118 1928 ἀφθονίαν,
1142 1861 1241 1913 οὐκ
1277 1862 1434 1929 ἀφεὶς
1467 1861 1605 1931 πρὸς
1655 1861 1848 1913 οὐδένα
1897 1862 2036 1930 πρᾶ-

459 1962 575 2015 γμα
597 1945 760 2014 ἔχειν,
788 1945 886 1996 οὐκ
911 1945 976 1996 ἂν
1002 1944 1147 2013 ἡμᾶς
1167 1945 1224 1996 ἐν
1241 1942 1477 2016 τοσαύτῃ
1503 1943 1835 2012 κατέστησεν
1867 1945 2034 2012 ἀσφα-

459 2028 594 2098 λείᾳ,
626 2031 682 2079 ἐν
703 2027 803 2098 ὅσῃ
832 2025 925 2078 νῦν
946 2026 974 2077 ὁ
1006 2026 1262 2094 Χριστός.
1298 2027 1476 2077 Ἔστω
1510 2024 1672 2093 γοῦν,
1720 2027 1768 2078 εί
1831 2025 2030 2095 βούλει,

457 2113 550 2164 καὶ
582 2113 615 2182 ἡ
648 2111 804 2181 πόλις
838 2108 1038 2178 χαλκῆ,
1074 2110 1252 2177 τεῖχος
1284 2107 1547 2160 πάντοθεν
1597 2108 1796 2177 ἔχουσα
1838 2125 2033 2179 καρτε-

458 2195 552 2266 ρὸν
582 2194 677 2247 καὶ⁸
706 2191 977 2246 ἀνάλωτον
997 2202 1043 2228 θ’
1082 2191 1272 2260 μηδεὶς
1315 2190 1450 2260 αὐτῇ
1483 2190 1826 2261 προσκείσθω
1870 2192 2029 2244 πολέ-

460 2295 602 2348 μιος,
634 2277 864 2348 ἀφθονον
889 2275 1060 2343 ἐχέτω
1085 2274 1188 2341 γῆν
1213 2275 1305 2326 καὶ
1335 2273 1572 2343 λιπαράν
1594 2291 1607 2304 ο
1672 2274 1929 2344 παρέστω
1974 2276 2030 2329 δὲ

456 2345 551 2414 καὶ
589 2345 768 2429 ἡτῶν
803 2357 976 2410 ἄλλων
1002 2355 1232 2424 ἀφθονία
1262 2357 1597 2426 πραγμάτων
1622 2374 1635 2387 ο
1671 2355 1912 2410 ἔστωσαν
1936 2358 2030 2410 καὶ

455 2444 672 2496 πολῖται
698 2442 898 2511 ἥμεροι
929 2441 1023 2492 καὶ
1056 2443 1368 2510 προσηνεῖς,
1403 2440 1497 2491 καὶ
1525 2437 1713 2509 μηδεὶς
1742 2441 1858 2492 ἐκεῖ
1909 2458 2029 2508 φαι-

457 2526 630 2579 νέσθω
663 2523 970 2594 κακοῦργος
997 2523 1156 2593 ἀνὴρ,
1187 2522 1260 2592 μὴ
1290 2522 1548 2590 κλέπτης,
1586 2521 1660 2593 μὴ
1693 2521 2026 2592 λωποδύτης,

458 2609 533 2681 μὴ
573 2608 931 2676 συκοφάντης,
971 2606 1044 2676 μὴ
1073 2605 1444 2675 δικαστήριον,
1480 2605 1615 2657 ἀλλά
1651 2605 2030 2677 συναλλάγμα-

453 2711 522 2744 τα
553 2691 766 2752 ἀπλῶς”
799 2689 893 2760 καὶ
920 2689 1121 2758 ταύτην
1149 2688 1386 2758 οἰκῶμεν
1430 2687 1527 2758 τὴν
1587 2687 1736 2741 πόλιν
1761 2705 1775 2720 ο
1810 2688 1910 2742 οὐκ
1961 2685 2028 2760 ἦν

452 2774 572 2828 οὐδέ
602 2773 773 2836 οὕτως
803 2775 860 2825 ἐν
894 2771 1161 2842 ἀσφαλείᾳ
1198 2772 1318 2842 ζῇν.
1343 2772 1440 2824 Διά
1471 2771 1554 2838 τί;
1579 2772 1698 2825 Ὅτι
1749 2773 1842 2825 καὶ
1895 2774 2030 2842 πρὸς

451 2860 686 2926 οἰκέτας,
725 2856 818 2910 καὶ
843 2854 977 2924 πρὸς
1003 2857 1259 2920 γυναῖκα,
1282 2855 1376 2906 καὶ
1416 2854 1552 2924 πρὸς
1581 2854 1766 2907 παιδία
1815 2855 2026 2926 ἀνάγκη

449 2921 828 3010 διαφέρεσθαι,
884 2921 980 2990 καὶ
1030 2935 1233 3005 πολλῆς
1279 2921 1516 3006 ἀθυμίας
1558 2931 1696 2989 εἶναι
1754 2921 2024 2991 ὑπόθεσινξ

465 3009 731 3088 Ἐνταῦθα
768 3020 824 3072 δὲ
854 3009 1005 3072 οὐδὲν
1031 3017 1308 3072 τοιοῦτον·
1340 3019 1400 3070 οὐ
1422 3017 1531 3087 γὰρ
1567 3013 1656 3088 ἦν,
1709 3018 1810 3071 οὐκ
1855 3015 1924 3088 ἦν
1967 3019 2028 3072 τὸ

451 3105 654 3172 λυποῦν
686 3089 806 3156 οὐδὲ
836 3103 896 3154 τὸ
926 3101 1162 3172 παρέχον
1196 3100 1433 3170 ἀθυμίαν
1464 3103 1606 3153 τινά.

495 3176 500 3181 ’
536 3188 695 3241 Ἀλλά
718 3188 778 3239 τὸ
810 3185 1142 3255 θαυμαστὸν,
1171 3184 1310 3236 αὐτά
1336 3183 1399 3255 δὴ
1461 3183 1528 3236 τά
1568 3185 1830 3238 δοκοῦντα
1882 3205 2025 3259 παρ-

453 3261 598 3345 έχειν
620 3270 878 3342 ἀθυμίαν,
910 3267 1080 3321 ταῦτα
1105 3268 1281 3336 πάσης
1306 3268 1512 3335 ἐγίνετο
1529 3270 1701 3338 χαρᾶς
1725 3271 1813 3323 καὶ
1841 3271 2030 3341 εὐφρο-

452 3347 629 3427 σύνης
664 3356 832 3408 αἴτια.
885 3351 1020 3405 Εἰπέ
1076 3352 1182 3422 γάρ
1218 3368 1330 3420 μοι,
1385 3351 1529 3413 τίνος
1577 3352 1760 3404 ἕνεκεν
1803 3353 2026 3423 ἔμελλον

451 3440 636 3495 ἀλύειν
671 3439 868 3490 ἐκεῖνοι
893 3453 908 3502 ;
944 3434 1085 3497 τίνος
1111 3435 1168 3489 δέ
1196 3434 1378 3486 ἕνεκεν
1409 3434 1810 3504 δυσχεραίνειν;
1837 3436 2024 3490 Βούλει

451 3510 866 3593 παραγάγωμέν
895 3536 1016 3571 τινα
1044 3521 1100 3570 ἐν
1170 3517 1248 3588 τῷ
1282 3518 1470 3588 μέσῳ;
1547 3520 1725 3572 Ἔστω
1783 3537 1867 3584 τις
1917 3521 2025 3577 ἀπὸ

452 3589 694 3664 ὑπάτων,
727 3602 954 3655 πλοῦτον
978 3600 1261 3672 κεκτήσθω
1292 3601 1477 3665 πολὺν,
1509 3602 1660 3654 πόλιν
1683 3602 1900 3656 οἰκείτω
1928 3603 2025 3675 τὴν

455 3687 759 3760 βασιλικὴν,
783 3685 1086 3757 πράγματα
1115 3685 1250 3754 πρὸς
1289 3684 1491 3755 μηδένα
1519 3686 1722 3756 ἐχέτω,
1765 3689 2024 3757 τρυφάτω

455 3773 638 3842 μόνον,
669 3769 916 3839 καὶπρὸς
949 3768 1106 3821 τοῦτο
1132 3768 1486 3838 ἀσχολεῖσθω,
1518 3771 1574 3820 ἐν
1617 3770 1754 3840 αὐτῇ
1805 3773 1872 3841 τῇ
1930 3788 2022 3824 κο-

454 3858 600 3927 ρυφῇ
631 3854 723 3906 καὶ
749 3854 840 3905 τοῦ
874 3851 1103 3906 πλούτου
1133 3855 1228 3905 καὶ⁵
1264 3854 1362 3922 τῆς
1387 3853 1553 3923 τιμῆς
1591 3856 1684 3906 καὶ
1715 3857 1812 3924 τῆς
1864 3856 2025 3909 δυνα-

453 3939 635 4001 στείας
657 3937 998 4007 καθήμενος’
1045 3936 1575 4006 ἀντεπεξαγάγωμεν
1626 3938 1774 4008 αὐτῷ
1819 3939 2022 4010 Πέτρον

450 4025 544 4078 τὸν
573 4025 630 4075 ἐν
656 4022 894 4091 δεσμοῖς,
928 4021 977 4073 εἰ
1006 4019 1173 4082 δοκεῖ,
1204 4021 1296 4073 τὸν
1328 4022 1385 4073 ἐν
1419 4021 1634 4092 μυρίοις
1659 4025 1848 4084 κακοῖς
1868 4040 1881 4052 ·
1928 4025 2023 4077 καὶ

451 4105 642 4160 τοῦτον
666 4094 969 4175 εὑρήσομεν
996 4101 1285 4172 τρυφῶντα
1326 4102 1541 4173 μᾶλλον.
1575 4105 1741 4157 ’Ὅταν
1790 4105 1898 4176 γὰρ
1934 4123 2020 4158 το-

453 4178 624 4260 σαύτη
661 4189 946 4260 περιουσία
974 4189 1147 4257 χαρᾶς
1176 4183 1234 4258 ᾗ,
1281 4187 1356 4251 ὡς
1400 4189 1458 4241 ἐν
1505 4188 1725 4257 δεσμοῖς
1777 4191 2018 4260 ἥδεσθαι,

451 4274 703 4343 ἐννόησον
736 4263 995 4326 ὅσονὲστὶ
1025 4271 1084 4324 τὸ
1118 4271 1347 4342 μέγεθος
1379 4273 1476 4341 τῆς
1509 4273 1706 4343 χαρᾶς.
1754 4274 2019 4346 Καθάπερ

449 4356 558 4426 γὰρ
581 4356 742 4431 οίέπὶ
773 4355 1012 4426 μεγάλης
1037 4354 1189 4418 ὄντες
1234 4356 1428 4426 ἀρχῆς,
1475 4356 1572 4408 ὅσα
1621 4354 1687 4410 ἂν
1736 4359 2019 4431 προσπέσῃ

448 4430 620 4505 δεινὰ,
647 4442 747 4493 οὐκ
779 4439 1166 4501 αἰσθάνονται,
1215 4438 1330 4490 ἀλλ’
1374 4439 1690 4508 ἐπιμένουσι
1735 4443 1801 4509 τῇ
1841 4430 2013 4512 χαρᾷ)

448 4521 591 4592 οὕτω
609 4523 674 4591 δὴ
702 4523 795 4574 καὶ
817 4511 962 4574 οὗτοι
983 4521 1050 4572 δι’
1080 4520 1220 4573 αὐτά
1245 4519 1308 4590 δὴ
1339 4520 1511 4572 ταῦτα
1543 4520 1740 4589 μᾶλλον
1778 4511 2012 4592 ἔχαιρον.

449 4606 526 4658 Οὐ
560 4604 667 4673 γὰρ
696 4603 861 4665 ἐστιν,
884 4604 982 4655 οὐκ
1015 4601 1126 4655 ἐστι
1158 4603 1300 4672 λόγῳ
1321 4605 1777 4673 παραστῆσαιτὴν
1800 4605 2012 4675 ἡδονὴν,

448 4690 580 4756 ὅσην
608 4686 749 4755 ἔχειν
779 4685 1060 4752 συμϐαίνει
1087 4686 1213 4746 τοὺς
1243 4684 1330 4736 διὰ
1357 4685 1589 4754 Χριστόν
1621 4703 1673 4737 τι
1707 4687 2015 4756 πάσχοντας

447 4769 616 4840 δεινόν
642 4784 656 4797 ·
685 4767 882 4837 μᾶλλον
909 4767 1017 4836 γὰρ
1055 4769 1147 4820 ἐπὶ
1166 4769 1276 4829 τοῖς
1307 4767 1496 4828 δεινοῖς
1547 4768 1842 4839 χαίρουσιν,
1867 4771 1899 4840 ἢ
1924 4773 2016 4824 ἐπὶ

445 4855 561 4918 τοῖς
593 4852 834 4921 ἀγαθοῖς.
857 4853 922 4905 Εἴ
950 4869 1033 4914 τις
1062 4853 1282 4921 ἐφίλησε
1309 4853 1399 4905 τὸν
1422 4854 1671 4923 Χριστὸν,
1699 4851 1835 4907 οἶδεν
1868 4856 1896 4908 δ
1924 4856 2008 4909 λέ-

446 4957 547 5006 γω.
612 4925 776 4989 Ἀλλά
799 4936 884 5003 τίς
925 4935 1220 5002 ἀσφαλείας
1257 4936 1440 4988 ἕνεκεν
1473 4937 1694 5006 ἐμελλον
1723 4937 1792 4991 τὰ
1819 4937 2008 5009 δυσχε-

447 5024 515 5093 ρῆ
540 5019 761 5089 φεύγειν
787 5017 814 5057 ιι
843 5036 858 5085 ;
889 5020 1000 5072 Καὶ
1026 5019 1129 5081 τίς,
1153 5018 1273 5071 εἰπέ
1298 5036 1418 5088 μοι,
1451 5020 1642 5090 μυρίον
1681 5025 2010 5093 κεκτημένος

443 5103 694 5168 πλοῦτον,
767 5101 1053 5164 τοσούτους
1100 5100 1376 5164 κινδύνους
1426 5102 1662 5174 ἡδυνήθη
1708 5103 2008 5174 διαφυγεῖν,

441 5183 618 5241 ἔθνεσι
635 5183 904 5246 τοσούτοις
930 5184 1152 5253 ὁμιλῶν,
1172 5184 1312 5254 ὑπὲρ
1344 5187 1722 5254 μεταστάσεως
1737 5189 2010 5254 πολιτείας

443 5271 612 5342 μόνης
631 5264 654 5336 ;’
683 5264 839 5323 Οὗτοι
879 5268 936 5321 δὲ
964 5267 1150 5339 ῶσπερ
1193 5269 1250 5334 ἐξ
1306 5269 1675 5339 ἐπιτάγματος
1731 5271 2006 5342 βασιλικοῦ

377 5357 382 5364 “
441 5356 619 5410 πάντα
645 5355 823 5425 ἡνυον,
859 5350 1056 5424 μᾶλλον
1087 5351 1143 5404 δὲ
1173 5351 1267 5404 καὶ
1302 5351 1482 5419 πολλῷ
1525 5353 1721 5424 ῥᾴδιον.
1777 5355 1850 5407 Οὐ
1899 5357 2008 5429 γάρ

438 5428 611 5500 οὓτως
645 5437 923 5505 ἐπίταγμα
958 5433 1252 5503 βασιλικὸν,
1276 5435 1350 5499 ὡς
1402 5435 1467 5489 τά
1513 5436 1735 5490 ἐκείνων
1788 5440 2007 5509 ῥήματα

379 5533 390 5568 ’ς
439 5521 653 5575 ἅπαντα
682 5522 882 5591 ἤνυσαν
900 5535 914 5549 θ
939 5519 998 5570 τὸ
1020 5518 1126 5586 γάρ
1150 5518 1426 5588 ἐπίταγμα
1453 5520 1513 5573 τὺ
1542 5519 1815 5589 βασιλικὸν
1832 5523 2000 5590 ἀνάγ-

502 5706 525 5770 f’
559 5703 687 5751 Mem
739 5703 899 5770 Codex
943 5706 1204 5770 δικάζοντες
1233 5706 1280 5770 έν
1325 5705 1522 5770 κινδύνῳ
1554 5704 1694 5770 ἦσαν,
1738 5707 1785 5754 ἐν
1807 5707 2000 5770 ἀπορίᾳ.

438 5763 468 5805 li
495 5765 628 5830 Idem
674 5768 754 5830 καί
796 5766 1132 5830 ἀφροντίστως
1158 5763 1505 5829 διαλεγόμενοι.’
1563 5770 1586 5798 ο
1646 5767 1778 5815 Idem
1825 5763 2002 5830 ἔχουσα

436 5829 616 5891 ὐψ-ήλον
633 5825 712 5873 καὶ
730 5819 984 5892 ἀνάλωτον.
1052 5829 1076 5867 ά
1097 5819 1225 5889 Haec,
1268 5819 1460 5888 ἔμελλον
1482 5830 1540 5878 τά
1571 5831 1771 5892 δυσχερῆ
1801 5819 1997 5890 φέύγειν,

441 5890 620 5956 Δεδυηι
645 5893 691 5938 in
731 5903 826 5937 uno
861 5890 973 5938 (iod.

1095 243 1153 299 S.
1189 241 1476 299 JOANNIS
1507 239 1999 298 CIIRYSOSTOMI
2037 236 2359 295 ARCHIEP.
2401 240 2942 300 CONS'I'ANTINOP.

3629 251 3729 304 ΗΟ

2163 371 2235 424 κῃ
2261 354 2548 424 ἐπάγεται,
2584 350 2726 411 οὗτοι
2754 357 2809 410 δὲ
2839 359 3059 422 ἑκόντας
3113 358 3206 412 καὶ
3236 362 3729 434 προαιρουμένους,

2157 439 2251 490 καὶ
2292 439 2487 509 μυρίαν
2512 442 2670 512 χάριν
2696 443 2924 506 εἰδότας.
2957 443 3112 496 Ποῖον
3142 441 3418 514 ἐπίταγμα
3453 443 3731 512 βασιλικὸν

2158 523 2372 576 πάντων
2395 524 2696 594 ἀποστῆναι
2745 527 2851 580 τῶν
2893 526 3223 598 χρημάτων,
3255 528 3351 582 καὶ
3407 528 3506 599 τῆς
3549 530 3730 603 ψυχῆς

2154 604 2370 659 ἔπεισεν
2395 606 2481 672 ἂν,
2516 609 2612 661 καὶ
2642 612 3053 681 καταφρονῆσαι
3079 611 3278 673 οίκίας,
3295 611 3572 680 πατρίδος,
3599 632 3730 684 συγ-

2153 688 2344 756 γενῶν,
2377 690 2598 768 καὶιτῆς
2625 694 2900 764 σωτηρίας
2927 693 3130 764 αὐτῆςς
3165 693 3305 747 Ἀλλ⁹
3322 696 3378 748 αί
3403 695 3513 748 τῶν
3534 697 3731 755 ἀλιέων

2151 772 2242 854 καὶ
2273 773 2612 842 σκηνοποιῶν
2639 773 2861 844 ἴσχυσαν
2899 776 3278 844 φωναί.⁹Ὠστε
3318 777 3414 830 καὶ
3461 777 3520 832 ἐν
3563 780 3726 854 ἡδονῇ

2147 848 2308 923 ἦσαν,
2368 857 2463 909 καὶ
2509 855 2868 928 δυνατώτεροι
2918 858 3016 912 καὶ
3085 859 3424 930 ἰσχυρότεροι
3484 848 3724 918 πάντων-ξ

2147 936 2274 1001 Ναὶ,
2303 940 2487 1007 φησὶν,
2513 940 2733 1005 ἐκεῖνοι,
2765 940 2957 1010 ἐπειδὴ
2987 941 3054 995 τά
3087 945 3287 1012 σημεῖα
3312 943 3548 998 ἐποίουν.
3579 947 3640 998 Ol
3668 946 3727 1000 δέ

2147 1021 2556 1087 πιστεύσαντες,
2577 1023 2699 1078 εἰπέ
2728 1042 2839 1096 μοι,
2857 1026 2985 1078 ποῖα
3009 1027 3207 1096 σημεῖα
3242 1025 3478 1089 ἐποίουν,
3499 1031 3546 1081 οί
3566 1045 3726 1100 τρισ-

2144 1104 2324 1187 χίλιοι,
2350 1107 2443 1159 καὶ
2467 1107 2915 1178 πεντακισχίλιοι,
2946 1109 2996 1162 οἳ
3022 1109 3116 1162 καὶ
3138 1111 3195 1162 ἐν
3211 1110 3532 1178 ἀγαλλιάσει
3552 1113 3720 1187 πολλῇ

2143 1186 2357 1257 διῆγον;
2411 1187 2562 1260 [108]
2597 1190 2833 1254 Εἰκότως
2855 1207 2869 1221 ’
2896 1193 2930 1261 ἡ
2958 1190 3066 1262 γάρ
3103 1192 3291 1246 πασῶν
3321 1193 3429 1246 τῶν
3478 1186 3723 1266 ἀθυμιιῖιν

2146 1270 2473 1344 ύπόθεσις,ἡ
2502 1273 2611 1327 τῶν
2644 1274 2943 1344 χρημάτων
2973 1275 3169 1346 κτῆσις
3206 1276 3464 1348 ἀνῄρητο.
3508 1279 3720 1352 Ἐκείνη

2144 1353 2271 1424 γὰρ,
2295 1354 2476 1424 ἐκείνη
2519 1356 2614 1408 καὶ
2657 1356 2942 1426 πολέμων,
2984 1359 3077 1411 καὶ
3112 1359 3312 1430 μάχης,
3374 1362 3469 1414 καὶ
3518 1363 3717 1434 λύπης,

2143 1439 2239 1491 καὶ
2300 1440 2558 1510 ἀθυμίας,
2591 1443 2687 1494 καὶ
2735 1443 2952 1496 πάντων
3000 1445 3148 1498 αίτία
3198 1447 3305 1498 τῶν
3333 1447 3519 1501 κακῶν
3547 1444 3646 1518 ἦν·
3683 1453 3717 1520 ἡ

2139 1520 2228 1575 τὸν
2259 1522 2372 1592 βίον
2400 1525 2655 1578 ἐπίπονον
2685 1525 2912 1578 ποιοῦσα
2958 1526 3054 1580 καὶ
3095 1527 3484 1600 λυπηρότερον,
3535 1532 3717 1605 ἐκείνη

2139 1603 2274 1660 ἐστί.
2298 1606 2406 1658 Καὶ
2436 1607 2652 1671 πλείους
2683 1607 2833 1679 εὕροι
2865 1625 2947 1673 τις
2989 1609 3054 1662 ἂν
3089 1611 3288 1680 μᾶλλον
3324 1611 3548 1682 ἔχοντας
3587 1603 3717 1667 ἀθυέ

2141 1688 2268 1756 μίας
2303 1689 2589 1753 ὑποθέσεις
2625 1702 2648 1729 θ
2681 1693 2808 1755 τοὺς
2838 1692 2897 1745 ἐν
2927 1693 3164 1764 πλούτῳ,
3198 1694 3232 1764 ἢ
3253 1695 3378 1758 τούς
3429 1698 3485 1749 ἐν
3536 1697 3713 1768 πενίᾳ.

2137 1771 2199 1823 Εἰ
2226 1771 2284 1824 δέ
2317 1771 2391 1844 μὴ
2417 1772 2564 1826 δοκεῖ
2583 1792 2724 1827 τισιν
2754 1775 2928 1839 οὕτως
2953 1776 3118 1846 ἐχειν,
3145 1778 3206 1831 οὐ
3262 1779 3411 1851 παρά
3457 1781 3558 1850 τὴν
3605 1781 3717 1834 τῶν

2136 1856 2476 1924 πραγμάτων
2511 1855 2695 1926 φύσιν,
2732 1858 2869 1911 ἀλλά
2901 1859 3051 1929 παρά
3081 1860 3177 1931 τὴν
3210 1860 3367 1926 δόξαν
3415 1863 3613 1919 αὐτῶν.
3651 1865 3717 1917 Ei

2132 1939 2187 1990 δέ
2225 1957 2342 1992 τινα
2378 1940 2671 2011 ἐχουσικαὶ
2697 1944 2889 2014 ἡδονὴν
2925 1949 2975 1997 οἱ
2999 1947 3056 1998 ἐν
3102 1946 3337 2017 πλούτῳ,
3383 1947 3534 2002 οὐδὲν
3585 1949 3716 2001 θαυ-

2135 2023 2356 2090 μαστόν.
2390 2024 2500 2077 Καὶ
2534 2023 2642 2095 γὰρ
2665 2028 2714 2079 οί
2729 2025 2919 2097 ψώρας
2946 2029 3446 2100 ἀναπεπλησμένοι,
3468 2031 3525 2083 ἐν
3547 2031 3712 2100 πολλῇ

2131 2106 2269 2157 εἰσιν
2296 2105 2478 2176 ἡδονῇ.
2514 2107 2638 2162 Ὀτι
2664 2109 2770 2180 γὰρ
2804 2111 3030 2164 ἐκείνων
3058 2112 3208 2165 οὐδὲν
3260 2113 3608 2185 διαφέρουσιν
3662 2115 3714 2168 οἱ

2131 2190 2508 2254 πλουτοῦντες,
2545 2192 2660 2245 ἀλλ’
2687 2195 2719 2264 ἡ
2749 2193 2894 2264 ψυχὴ
2920 2195 3146 2266 τοιαύτη
3188 2195 3272 2258 τίς
3314 2198 3463 2249 ἐστιν
3505 2198 3712 2263 αὐτοῖς,

2130 2271 2288 2339 δῆλον
2311 2273 2542 2326 ἐκεῖθεν’
2581 2273 2828 2329 Ἀνιῶσιν
2854 2278 3050 2340 αὐτοὺς
3073 2278 3371 2348 φροντίδες,
3401 2281 3496 2332 καὶ
3518 2279 3666 2350 ὅμως
3685 2279 3709 2319 τ

2132 2355 2410 2425 βούλονται
2445 2357 2635 2424 αὐταῖς
2657 2359 2936 2429 ἐνέχεσθαι
2960 2359 3050 2412 διὰ
3073 2361 3171 2430 τὴν
3198 2361 3534 2433 πρόσκαιρον
3585 2363 3710 2432 ἡδο-

2131 2440 2226 2509 νήν
2253 2456 2266 2468 ”
2297 2439 2429 2492 οἱδέ
2458 2438 3132 2514 τούτων’ἀπηλλαγμένοι,
3169 2444 3225 2496 ἐν
3267 2445 3423 2515 ὑγεία
3472 2445 3577 2497 εἰσὶ
3619 2447 3712 2498 καὶ

2130 2520 2366 2592 ἀθυμίας
2395 2522 2574 2587 ἐκτός.

2197 2603 2259 2657 δ’.
2294 2605 2358 2656 Τί
2389 2605 2556 2675 ἥδιον,
2601 2607 2722 2659 εἰπέ
2757 2625 2878 2677 μοι;
2915 2609 2968 2661 τί
2995 2609 3081 2662 δαὶ
3108 2609 3538 2679 ἀσφαλέστερον;
3571 2611 3710 2682 ὑπὲρ

2129 2687 2292 2757 ἄρτου
2321 2688 2623 2758 φροντίζειν
2654 2690 2771 2750 ἐνὸς
2799 2691 2893 2742 καὶ
2920 2691 3306 2762 ἐνδυμάτων,ἢ
3341 2693 3478 2762 ὑπὲρ
3502 2692 3711 2764 μυρίων

2129 2771 2222 2822 καὶ
2259 2770 2482 2823 οἰκετῶν
2506 2771 2599 2824 καὶ
2627 2771 2945 2848 ἐλευθέρων,
2967 2774 3034 2826 τὰ
3063 2775 3166 2828 καθ
3185 2777 3198 2797 ’
3224 2777 3413 2830 ἐαυτὸν
3443 2777 3516 2847 μὴ
3554 2794 3713 2848 μερι-

2132 2851 2377 2920 μνῶντα;
2408 2854 2675 2924 Καθάπερ
2705 2854 2814 2925 γάρ
2844 2847 2999 2918 οὗτος
3033 2857 3173 2928 ὑπὲρ
3203 2858 3400 2911 ἐαυτοῦ
3423 2847 3658 2912 δέδοικεν
3689 2876 3705 2889 ·

2128 2935 2270 2989 οὕτω
2291 2936 2382 2989 καὶ
2410 2937 2473 2989 σὺ
2501 2937 2640 3008 ὐπέρ
2675 2937 2782 2991 τῶν
2809 2942 2908 3010 τῆς
2938 2941 3035 3010 σῆς
3075 2943 3506 3012 ἐκκρεμαμένων
3537 2961 3712 3012 κεφα-

2128 3018 2244 3087 λῆς.
2277 3020 2387 3072 Καὶ
2411 3020 2464 3072 τί
2501 3020 2700 3090 δήποτε
2724 3022 2957 3090 φευκτὸν
2991 3025 3026 3092 ἡ
3080 3024 3240 3076 πενία
3285 3024 3466 3091 δοκεῖ,
3500 3027 3706 3096 φησίνς

2141 3103 2356 3170 Ἐπειδὴ
2382 3105 2474 3156 καὶ
2501 3104 2570 3156 τά
2595 3104 2730 3158 ἄλλα
2759 3106 2938 3174 ἀγαθά
2963 3107 3214 3160 ἀπευκτὰ
3236 3108 3452 3172 πολλοῖς
3499 3111 3706 3179 τυγχά-

2129 3201 2228 3248 νει,
2253 3185 2396 3256 ἆπερ
2437 3187 2574 3239 είσὶν
2600 3187 2661 3240 οὐ
2690 3187 2775 3240 διὰ
2805 3189 2865 3241 τὸ
2893 3190 3142 3243 ἀπευκτὰ
3174 3187 3313 3244 εἶναι
3350 3193 3580 3260 φευκτὰ,
3615 3193 3709 3247 ἁλ-

2127 3267 2193 3320 λά
2259 3267 2346 3320 διά
2396 3269 2458 3322 τὸ
2509 3270 2950 3341 δυσκατόρθωτα.
3013 3273 3226 3329 Οὐκοῦν
3268 3277 3361 3329 καὶ
3419 3275 3556 3349 αὕτη
3605 3279 3708 3330 οὐκ

2126 3352 2392 3422 ἀπευκτὴ,
2421 3353 2556 3405 ἀλλά
2571 3353 3012 3423 δυσκατόρθωτος
3035 3372 3047 3385 ’
3081 3355 3220 3410 ὥστε
3260 3358 3314 3411 εί
3331 3359 3395 3427 γέ
3417 3377 3501 3423 τις
3535 3361 3706 3430 αὐτὴν

2128 3435 2370 3502 ἐνεγκεῖν
2399 3435 2646 3504 ἠδύνατο,
2680 3437 2779 3489 οὐκ
2829 3437 2896 3490 ἂν
2949 3433 3016 3509 ἦν
3051 3440 3320 3509 ἀπευκτή.
3353 3441 3451 3496 Διά
3489 3443 3542 3496 τί
3596 3443 3706 3512 γὰρ

2126 3519 2224 3571 οὐκ
2251 3519 2558 3593 ἀπηύχοντο
2582 3519 2752 3591 αὐτὴν
2799 3522 2849 3578 οἱ
2908 3521 3233 3590 ἀπόστολοι;
3270 3523 3358 3577 διά
3415 3526 3467 3577 τί
3515 3526 3705 3580 πολλοὶ

2126 3604 2220 3654 καὶ
2245 3604 2524 3674 αἱροῦνται
2557 3606 2746 3675 αὐτὴν,
2772 3607 2866 3660 καὶ
2887 3607 2946 3658 οὐ
2986 3607 3146 3677 μόνον
3179 3609 3278 3661 οὐκ
3296 3609 3624 3680 ἀπεύχονται
3653 3613 3702 3676 8,

2125 3686 2262 3739 ἀλλά
2283 3689 2376 3740 καὶ
2408 3688 2755 3759 ἐπιτρέχουσι
2779 3705 2794 3753 ;
2820 3689 2862 3741 Τ
2865 3689 2893 3741 ὸ
2929 3689 3037 3760 γάρ
3058 3691 3226 3754 ὅντως
3249 3693 3538 3760 ἀπευκτὸν,
3577 3693 3703 3748 οὐδὲ

2125 3771 2362 3840 αἱρετὸν,
2386 3771 2525 3842 πλὴν
2554 3773 2669 3834 τοῖς
2699 3771 3070 3842 μαινομένοις.

2192 3853 2254 3906 Εἰ
2279 3853 2337 3905 δέ
2372 3855 2420 3905 οἱ
2450 3854 2732 3924 φιλόσοφοι
2752 3854 2860 3907 τῶν
2895 3855 3196 3926 ἀνθρώπων
3229 3859 3323 3910 καὶ
3364 3857 3556 3930 ὑψηλοὶ
3606 3861 3703 3914 ἐπὶ

2121 3935 2326 4000 ταύτην
2353 3936 2600 4008 ἔρχονται
2618 3937 2693 3999 ῶς
2717 3937 2808 3988 ἐπί
2840 3955 2892 3990 τι
2919 3939 3120 4008 χωρίον
3179 3941 3418 4008 ἀσφαλὲς
3452 3944 3546 3994 καὶ
3576 3943 3703 3996 ἀνο-

2125 4035 2236 4083 σον,
2265 4020 2416 4071 οὐδὲν
2445 4019 2778 4090 θαυμαστὸν,
2813 4020 2907 4074 ἐάν
2933 4024 3045 4084 τοῖς
3073 4023 3251 4086 ἄλλοις
3295 4024 3370 4094 μή
3421 4025 3570 4096 δοκῇ.
3640 4026 3699 4080 '0

2126 4104 2224 4173 μὲν
2244 4103 2351 4173 γὰρ
2376 4103 2628 4164 πλούσιος
2657 4103 2809 4156 οὐδὲν
2835 4105 3024 4176 ἕτερον
3051 4101 3189 4158 εἷναί
3242 4125 3330 4176 μοι
3379 4109 3545 4172 δοκεῖ,
3581 4109 3698 4164 ἀλλ’

2122 4186 2155 4256 ἢ
2189 4187 2343 4248 πόλις
2372 4186 2676 4256 ἀτείχιστος
2698 4189 2754 4239 ἐν
2787 4188 2954 4258 πεδίῳ
2980 4189 3207 4259 κειμένη
3237 4194 3331 4243 καὶ
3370 4191 3699 4261 πολλαχόθεν

2121 4268 2481 4338 ἐπισπωμένη
2509 4269 2634 4332 τοὺς
2665 4269 3112 4335 ἐπιϐουλεύοντας
3133 4290 3145 4303 ·
3182 4274 3214 4343 ἡ
3240 4272 3292 4326 δὲ
3332 4275 3491 4326 πενία
3530 4275 3700 4344 φρού-

2121 4368 2238 4421 ριον
2295 4351 2559 4420 ἀσφαλὲς,
2604 4345 2788 4422 χαλκῷ
2837 4355 3298 4425 περιϐεϐλημένον
3340 4355 3538 4425 πολλῷ,
3598 4357 3697 4410 καὶ

2117 4435 2372 4488 δύσκολον
2409 4437 2529 4506 ἔχον
2561 4437 2659 4507 τὴν
2689 4438 2893 4492 ἄνοδον.
2930 4438 3038 4490 Καὶ
3079 4431 3186 4509 μὴν
3209 4441 3536 4505 τούναντίον,
3589 4459 3698 4512 φη-

2121 4521 2226 4584 σὶν,
2257 4521 2406 4573 ἐστίν
2429 4537 2442 4550 “
2477 4515 2626 4574 οὗτοι
2651 4522 2760 4592 γάρ
2786 4523 2984 4574 εἰσινοὶ
3011 4525 3087 4584 εἰς
3115 4521 3461 4594 δικαστήριον
3491 4525 3698 4579 πολλά-

2119 4619 2206 4665 κις
2241 4603 2523 4673 ἑλκόμενοι
2551 4621 2562 4633 ο
2598 4600 2740 4658 οὗτοί
2767 4605 2902 4657 εἰσιν
2935 4606 2984 4657 οί
3017 4606 3442 4675 ἐπηρεαζόμενοι
3468 4609 3561 4660 καὶ
3589 4626 3693 4662 κα-

2118 4686 2229 4748 κῶς
2273 4687 2596 4756 πάσχοντες.
2634 4689 2745 4758 Οὐχ
2775 4690 2822 4740 οί
2850 4690 3076 4758 πένητες
3100 4687 3305 4752 ἁπλῶς,
3330 4687 3442 4741 ἀλλ’
3491 4692 3538 4743 οἱ
3593 4691 3694 4744 πέ-

2119 4786 2276 4838 νητες
2306 4769 2425 4839 μὲν,
2456 4769 2770 4840 βουλόμενοι
2801 4771 2858 4823 δὲ
2887 4770 3154 4822 πλουτεῖν.
3205 4770 3344 4838 Ἐγὼ
3382 4772 3439 4825 δὲ
3470 4774 3530 4825 ού
3562 4777 3694 4846 περὶ

2115 4851 2336 4904 ἐκείνων
2366 4869 2436 4920 φη
2446 4854 2524 4921 μὶ,
2557 4853 2692 4904 ἀλλὰ
2715 4854 2844 4923 περὶ
2870 4853 2975 4905 τῶν
3015 4853 3422 4916 σπουδαζόντων
3451 4859 3508 4909 ἐν
3529 4859 3695 4928 πενίᾳ

2114 4933 2342 5000 διάγειν.
2389 4935 2522 4987 Εἰπὲ
2591 4936 2696 5004 γάρ
2760 4953 2869 5005 μοι,
2935 4935 3025 4988 διὰ
3088 4936 3140 4988 τί
3205 4937 3394 5006 μηδεὶς
3453 4938 3578 5001 τοὺς
3633 4942 3696 4993 ἐν

2113 5019 2226 5078 τοῖς
2255 5016 2437 5086 ὄρεσιν
2463 5018 2607 5070 ἐλκει
2634 5021 2711 5079 εἰς
2739 5017 3117 5090 δικαστήριον;
3157 5020 3332 5072 καίτοι
3364 5037 3426 5088 γε
3447 5021 3495 5072 εί
3535 5023 3566 5091 ἡ
3591 5038 3694 5075 πε-

2114 5098 2202 5151 νία
2231 5100 2552 5171 εὐχείρωτον
2573 5141 2587 5165 ,
2625 5100 2864 5164 ἐκείνους
2909 5103 3142 5171 μάλιστα
3173 5103 3392 5154 πάντων
3435 5102 3693 5158 ἕλκεσθαι

2112 5182 2219 5235 ἔδει
2239 5225 2254 5248 ,
2283 5184 2393 5254 δσῳ
2433 5184 2648 5237 πάντων
2674 5185 2780 5236 εἰσὶ
2811 5186 3147 5256 πενέστεροι.
3173 5184 3273 5238 Δια
3305 5185 3357 5238 τί
3391 5187 3517 5248 τοὺς
3541 5203 3695 5256 προ·-

2112 5267 2430 5330 σαιτοῦντας
2453 5267 2626 5330 οὐδεὶς
2677 5267 2826 5321 ἐλκει
2885 5271 2965 5332 είς
3026 5269 3402 5339 δικαστήριον;
3453 5269 3538 5321 διὰ
3577 5270 3628 5322 τί
3658 5271 3687 5310 ιι

2114 5351 2303 5422 μηδεὶς
2333 5350 2575 5421 βιάζεται
2638 5351 2771 5422 μηδὲ
2820 5353 3178 5420 συκοφαντεῖς
3232 5348 3320 5422 ἆρ’
3360 5353 3418 5404 οὐ
3467 5352 3602 5406 διότι
3631 5355 3693 5407 ἐν

2109 5434 2496 5506 ἀσφαλεστέρῳ
2520 5436 2702 5506 χωρίῳ
2737 5435 2956 5505 μένουσι
2981 5451 2994 5499 ;
3020 5436 3214 5497 Πόσοις
3237 5435 3297 5488 τὸ
3329 5437 3561 5506 πρᾶγμα
3595 5439 3695 5490 καὶ

2106 5516 2480 5571 δυσοιώνιστον
2503 5515 2639 5572 εἶναι
2667 5519 2829 5584 δοκεῖ,
2857 5520 2890 5588 ή
2918 5518 3077 5572 πενία
3102 5519 3266 5586 λέγω,
3298 5519 3390 5571 καὶ
3421 5520 3483 5571 τὸ
3514 5537 3692 5591 προσ-

2107 5605 2306 5668 αιτεῖν;
2355 5602 2419 5652 Τί
2452 5598 2564 5667 οὖν,
2596 5600 2719 5654 εἰπέ
2759 5619 2868 5672 μοι,
2902 5602 3064 5655 καλὸν
3096 5602 3157 5655 τὸ
3185 5604 3456 5669 ἐπαιτεῖν;
3485 5603 3690 5671 Καλὸν,

2174 5720 2197 5746 e
2240 5707 2322 5754 Sic
2345 5707 2540 5768 quidam
2566 5713 2618 5753 et
2640 5708 2745 5768 ipse
2781 5706 2931 5754 Savil.
2972 5707 3022 5755 In
3049 5706 3220 5754 Morel.
3250 5707 3496 5762 ὑποθέσεις
3518 5709 3690 5756 deest.

2113 5768 2323 5829 ΐὍμως
2343 5767 2487 5816 deest
2513 5770 2562 5831 in_
2584 5767 2872 5831 qgjbusdam
2907 5768 3026 5817 Mss.
3087 5769 3115 5808 Ι
3155 5768 3326 5817 Morel.
3349 5769 3492 5831 μόνον
3533 5770 3691 5818 ἀπεύ-

2103 5828 2288 5898 χονται,
2340 5831 2486 5898 τηειρ.
2552 5828 2756 5898 λᾼίξυυβ
2791 5832 2900 5880 cud.
2939 5831 3262 5893 δικαστήριον,
3303 5828 3375 5879 ὅτι
3397 5830 3512 5892 πρὸς
3537 5831 3694 5898 ἔσχα-

2102 5909 2181 5939 τον
2212 5892 2352 5950 ἠλθον
2380 5892 2554 5944 πενίας.
2581 5891 2668 5937 Διά
2696 5892 2751 5938 τί,
