4084 6174
324 349 422 405 109

322 459 411 518 sed
460 457 874 514 Dissecabantur.
923 453 1036 508 lloc
1082 460 1166 508 est
1207 448 1361 515 illud,
1392 447 1534 503 male
1568 445 1698 516 pati,
1746 443 1886 498 male

326 555 492 610 facere
523 570 537 605 :
568 561 623 605 ut
652 565 792 605 nunc
817 547 998 604 videre
1022 553 1128 602 est.
1158 543 1222 599 ili
1246 545 1298 598 in
1319 556 1538 596 carcere
1559 547 1732 601 erant,
1751 536 1892 605 iudi-

325 645 402 701 cio
430 642 751 697 sistebantur
775 657 789 706 ;
817 648 870 694 et
896 637 1102 707 iudices
1129 637 1185 689 in
1211 633 1454 704 angustia
1483 639 1654 695 erant,
1684 628 1890 685 consilii

325 748 540 804 prorsus
582 740 850 800 expertes.
905 728 1054 784 Sicut
1101 727 1243 782 enim
1293 725 1373 787 is,
1427 723 1515 793 qui
1555 721 1888 775 adamantem

325 823 570 898 percutit,
620 823 734 891 ipse
781 821 986 890 plagam
1031 817 1229 886 excipit
1254 834 1268 870 :
1297 816 1366 869 ita
1393 825 1445 868 et
1474 813 1557 867 his
1583 811 1792 867 accidit.
1823 813 1895 864 At

326 915 570 971 videbant
596 929 700 968 non
727 913 888 967 modo
919 911 1155 980 ipsorum
1182 907 1429 962 ﬁduciam
1459 921 1562 961 non
1585 903 1891 975 praepediri,

329 1004 418 1060 sed
450 1004 884 1075 praedicationem
916 1002 1084 1068 magis
1108 998 1315 1068 augeri,
1358 997 1584 1066 illosque
1611 997 1728 1050 sine
1752 1002 1896 1048 metu

329 1096 490 1166 loqui,
522 1095 828 1163 nullamque
865 1091 1103 1162 praebere
1135 1104 1341 1142 ansam.
1396 1088 1502 1142 Hos
1548 1086 1816 1140 imitemur
1844 1093 1899 1139 et

329 1205 440 1252 nos,
464 1187 664 1251 dilecti,
693 1195 750 1241 et
779 1186 830 1239 in
861 1182 1098 1238 adversis
1129 1180 1468 1250 imperterriti
1511 1179 1699 1232 simus.
1753 1177 1894 1232 Nihil

326 1296 484 1351 grave
507 1289 592 1334 est
629 1281 700 1342 ei,
733 1279 821 1347 qui
853 1278 1001 1331 timet
1038 1276 1238 1338 Deum;
1289 1273 1382 1329 sed
1434 1289 1540 1326 non
1589 1271 1898 1326 timentibus

327 1388 446 1428 eum
474 1371 652 1441 gravia
680 1371 896 1423 instant.
920 1368 1048 1422 Nam
1075 1367 1163 1434 qui
1193 1381 1285 1434 per
1308 1366 1553 1419 virtutem
1581 1361 1740 1416 animi
1774 1377 1894 1416 mo-

328 1477 411 1518 tus
461 1470 700 1532 superat,
740 1476 862 1515 cum
908 1459 1188 1526 praesentia
1231 1458 1370 1510 velut
1403 1456 1644 1508 iunbram
1675 1463 1899 1521 praster-

326 1564 527 1619 currat,
575 1553 698 1622 quid
741 1551 861 1605 mali
883 1552 950 1604 ab
977 1549 1153 1617 aliquo
1184 1544 1449 1615 patiatur?
1498 1544 1624 1614 quid
1649 1542 1900 1596 timebit?

326 1655 378 1702 et
408 1661 508 1699 cur
532 1645 707 1713 gravia
735 1642 820 1696 illa
847 1657 965 1696 esse
993 1639 1237 1709 putabit?
1279 1637 1418 1706 Ergo
1439 1635 1806 1705 confugiamus
1835 1633 1902 1686 ad

329 1740 465 1792 hanc
492 1737 856 1791 inconcussam
888 1744 1112 1801 petram.
1146 1731 1198 1784 Si
1230 1729 1348 1798 quis
1381 1727 1534 1782 nobis
1565 1727 1749 1780 urbem
1777 1739 1903 1778 con-

329 1837 578 1893 strueret,
610 1834 665 1880 et
685 1840 892 1880 murum
929 1823 1376 1889 circumponeret,
1410 1819 1517 1871 imo
1540 1818 1582 1871 si
1609 1831 1707 1871 nos
1735 1824 1906 1869 trans—

330 1919 493 1975 ferret
548 1919 602 1974 in
659 1927 878 1982 terram,
946 1914 1036 1970 ubi
1099 1929 1259 1967 nemo
1311 1912 1569 1976 turbaret,
1619 1918 1674 1963 et
1727 1923 1906 1962 rerum

331 2010 538 2080 copiam
589 2007 974 2078 suppeditaret,
1022 2014 1082 2059 ut
1130 2005 1329 2058 nullum
1379 2014 1522 2057 esset
1563 2017 1681 2055 cum
1730 2000 1908 2068 aliquo

330 2103 620 2172 negotium,
676 2116 781 2154 non
823 2101 874 2153 in
918 2107 1061 2152 tanta
1090 2112 1189 2152 nos
1218 2097 1504 2150 securitate
1535 2095 1904 2157 constitueret,

329 2195 382 2249 in
440 2202 638 2264 quanta
690 2206 829 2245 nunc
874 2189 1137 2245 Christus.
1184 2188 1336 2252 Esto,
1390 2187 1434 2242 si
1479 2186 1673 2255 placet,
1725 2184 1911 2238 civitas

326 2300 494 2350 aerea,
548 2283 727 2338 valido
767 2283 969 2336 circum
1016 2294 1171 2334 muro
1219 2278 1426 2333 munita
1471 2285 1527 2330 et
1581 2276 1909 2345 inexpugna—

329 2381 465 2435 bili:
507 2379 683 2433 nullus
729 2377 802 2432 illi
843 2375 914 2431 sit
959 2374 1150 2438 hostis,
1206 2383 1400 2428 terram
1436 2370 1632 2424 habeat
1659 2370 1912 2438 pinguem

326 2483 379 2526 ct
410 2472 636 2526 uberem
663 2489 677 2523 :
706 2469 845 2523 adsit
872 2483 1086 2537 quoque
1112 2466 1336 2520 aliarum
1362 2479 1543 2518 rerum
1575 2463 1729 2532 copia
1759 2478 1772 2513 :
1803 2460 1911 2515 sint

328 2565 474 2616 cives
496 2560 757 2616 mansueti
781 2568 834 2614 et
866 2559 1054 2612 mites:
1085 2557 1262 2612 nullus
1291 2555 1362 2611 ibi
1391 2555 1472 2609 vir
1502 2553 1768 2622 malignus
1811 2566 1910 2621 ap-

324 2662 538 2722 pareat,
563 2669 668 2706 non
700 2653 800 2717 fur,
833 2666 938 2705 non
966 2650 1248 2720 expilator,
1279 2664 1384 2702 non
1409 2647 1734 2717 sycophanta
1761 2686 1777 2711 ,
1806 2660 1913 2698 non

326 2745 506 2798 forum
539 2744 814 2813 iudiciale,
867 2742 959 2798 sed
1002 2750 1150 2811 pacta
1182 2739 1496 2808 simpliciter
1529 2756 1540 2789 :
1574 2746 1628 2791 et
1658 2736 1795 2790 hanc
1825 2735 1916 2788 ha-

321 2837 565 2892 bitemns
602 2837 869 2890 civitatem
901 2853 915 2889 :
949 2849 1122 2902 neque
1147 2833 1224 2886 sic
1268 2841 1443 2885 tamen
1483 2845 1670 2884 secure
1710 2829 1916 2881 vivere-

322 2943 470 2982 mus.
501 2928 717 2994 Quare?
761 2926 894 2993 Quia
927 2925 1287 2979 necessarium
1336 2932 1499 2985 esset,
1555 2937 1674 2976 cum
1727 2921 1917 2984 servis,

319 3034 450 3073 cum
488 3033 658 3072 uxore
686 3026 740 3072 et
768 3031 888 3070 cum
919 3014 1041 3068 filiis
1069 3013 1338 3076 altercari,
1391 3011 1649 3080 multique
1675 3010 1920 3064 maeroris

318 3120 479 3166 esset
512 3109 744 3162 occasio.
776 3107 873 3161 Hic
896 3120 1024 3159 vero
1050 3103 1183 3158 nihil
1207 3102 1510 3173 huiusmodi
1534 3121 1546 3154 :
1570 3102 1701 3156 nihil
1725 3103 1922 3172 quippe

317 3202 475 3264 erat,
505 3197 650 3266 quod
680 3198 764 3252 vel
793 3211 1078 3252 maerorem
1107 3196 1188 3250 vel
1213 3195 1450 3250 dolorem
1473 3194 1705 3249 aﬂ‘erret.

393 3289 674 3345 Gaudium
719 3305 889 3342 eorum
928 3289 1014 3358 qui
1059 3297 1265 3358 praplcr
1291 3287 1544 3341 Christum
1566 3288 1922 3356 patiuntur.—

319 3381 428 3438 Sed
459 3379 614 3451 quod
662 3381 850 3433 mirum
895 3387 995 3442 est,
1043 3393 1106 3434 ea
1149 3379 1282 3446 ipsa,
1320 3393 1438 3447 qua:
1481 3377 1723 3431 videntur
1769 3377 1920 3431 nobis

320 3489 631 3530 maerorem
674 3471 903 3537 afferre,
959 3485 1115 3526 causa
1167 3470 1342 3524 omnis
1399 3469 1597 3524 laetitire
1644 3478 1697 3524 et
1747 3468 1921 3538 gaudii

322 3575 511 3622 erant.
568 3565 660 3618 Dic
707 3565 848 3618 enim
897 3561 1066 3625 mihi,
1137 3576 1234 3615 cur
1295 3562 1468 3616 moesti
1536 3559 1759 3614 fuissent
1809 3559 1924 3614 illi?

322 3659 456 3728 quid
485 3672 640 3725 aegre
679 3655 952 3709 tulissent?
1000 3653 1090 3707 Vis
1120 3654 1422 3722 quempiam
1454 3652 1506 3705 in
1535 3651 1768 3705 medium
1797 3651 1926 3706 affe-

325 3747 571 3803 ramus?
617 3746 698 3800 Sit
735 3746 854 3815 quis
900 3745 981 3798 vir
1022 3743 1343 3808 consularis,
1395 3742 1598 3812 magnis
1638 3742 1926 3796 instructus

323 3842 556 3912 opibus,
606 3841 660 3893 in
706 3839 838 3892 urbe
879 3837 1220 3908 lmperatoria
1245 3837 1406 3890 vitam
1434 3851 1617 3906 agens,
1651 3836 1923 3904 negotium

325 3946 452 3986 cum
485 3931 648 3985 nullo
676 3929 885 3994 habeat,
925 3927 1131 3982 deliciis
1166 3927 1258 3982 det
1285 3941 1526 3995 operam,
1571 3935 1625 3980 et
1675 3925 1797 3979 huic
1838 3926 1927 3978 nni

326 4026 402 4080 rei
436 4023 746 4086 incumbat,
781 4022 831 4074 in
861 4021 1095 4074 culmine
1119 4019 1418 4072 divitiarum
1443 4061 1456 4082 ,
1512 4019 1728 4072 honoris
1750 4028 1803 4072 et
1833 4033 1930 4087 po-

327 4116 520 4170 tentia:
573 4113 785 4182 positus
815 4129 826 4164 :
860 4127 1194 4181 opponamus
1243 4120 1423 4164 autem
1470 4109 1543 4162 illi
1594 4110 1831 4174 Petrum,
1883 4110 1928 4163 si

328 4208 534 4276 placet,
570 4206 629 4260 in
657 4204 882 4258 vinculis
920 4213 974 4258 et
1006 4203 1299 4258 innumeris
1329 4203 1488 4256 malis
1517 4202 1829 4271 degentem;
1877 4210 1932 4255 et

328 4300 476 4355 hunc
551 4299 742 4368 potius
787 4298 1116 4352 inveniemus
1169 4296 1526 4350 deliciantem.
1608 4294 1741 4348 Cum
1790 4293 1932 4347 enim

328 4402 482 4447 tanta
507 4392 587 4447 sit
618 4388 797 4460 gaudii
830 4389 1002 4456 copia,
1055 4397 1114 4441 ut
1144 4388 1195 4439 in
1219 4387 1449 4440 vinculis
1493 4387 1655 4440 etiam
1701 4385 1934 4438 delecte-

329 4493 436 4548 tur,
477 4482 673 4552 cogita
706 4491 899 4550 quapta
925 4478 994 4534 sit
1022 4478 1198 4548 gaudii
1222 4477 1553 4543 magnitudo.
1605 4476 1755 4531 Sicut
1792 4476 1935 4530 enim

329 4574 385 4640 ii,
415 4575 512 4642 qui
544 4587 810 4641 magnum
842 4568 1117 4638 possident
1147 4568 1533 4637 magistratum,
1577 4567 1620 4620 si
1650 4566 1775 4635 quid
1809 4567 1932 4622 mali

329 4665 574 4731 accidat,
633 4677 742 4716 non
793 4660 1049 4726 sentiunt,
1099 4657 1194 4712 sed
1235 4658 1287 4710 in
1327 4656 1522 4726 gaudio
1553 4667 1935 4726 perseverant:

329 4756 406 4812 sic
448 4767 509 4812 et
563 4757 664 4811 isti
699 4763 912 4824 propter
941 4753 1056 4807 haec
1087 4751 1314 4806 maxime
1344 4751 1660 4820 gaudebant.
1693 4750 1806 4806 Non
1846 4768 1940 4824 po-

332 4857 436 4902 test
471 4849 664 4912 enim,
695 4860 799 4898 non
829 4844 1008 4912 utique
1039 4851 1212 4912 potest
1238 4857 1486 4896 sermone
1511 4841 1763 4911 explicari
1787 4843 1940 4897 volu-

333 4948 452 5011 ptas
489 4951 725 5002 eorum,
771 4939 858 5004 qui
894 4943 1106 5004 propter
1145 4933 1420 4988 Christum
1461 4948 1624 5000 grave
1669 4933 1940 5003 quidpiam

332 5033 631 5099 patiuntur
659 5044 674 5080 :
703 5040 828 5079 nam
853 5025 1019 5080 multo
1047 5026 1214 5095 magis
1242 5025 1473 5096 gaudent
1503 5025 1554 5079 in
1579 5025 1752 5092 malis,
1783 5041 1941 5096 quam

332 5121 384 5176 in
429 5124 634 5179 bonis.
687 5117 802 5173 Hoc
843 5116 984 5188 quod
1024 5117 1183 5186 dico,
1227 5119 1376 5172 novit
1405 5120 1644 5188 quisquis
1673 5119 1942 5174 Christum

332 5215 533 5287 diligit.
569 5212 692 5269 Sed
733 5210 904 5280 quid?
951 5225 1016 5263 an
1043 5210 1344 5264 securitatis
1374 5225 1532 5264 causa
1557 5210 1673 5266 haec
1701 5211 1838 5264 mala
1861 5213 1944 5266 fu-

333 5321 462 5377 gere
493 5301 834 5363 debebant?
862 5302 928 5355 Et
955 5301 1095 5370 quis,
1119 5316 1319 5370 quasso,
1345 5301 1633 5356 innumeris
1658 5304 1943 5358 instructus

333 5401 561 5468 opibus,
603 5411 734 5452 sum
766 5403 840 5448 tot
867 5393 1115 5464 gentibus
1141 5407 1394 5456 versans,
1453 5401 1530 5445 tot
1561 5393 1793 5462 pericula
1815 5393 1948 5447 etfu-

334 5509 462 5561 gere
498 5487 783 5561 potuerit,
815 5487 859 5539 si
885 5486 953 5540 de
971 5484 1278 5554 reipublica:
1306 5484 1599 5538 mutatione
1629 5485 1852 5553 agatur?
1883 5484 1947 5538 Hi

332 5596 520 5639 autem
551 5579 733 5652 quasi
760 5594 825 5632 ex
855 5579 1001 5646 iussu
1035 5576 1182 5645 regio
1225 5576 1401 5630 omnia
1431 5575 1801 5644 perﬁciebant;
1843 5578 1949 5633 imo

333 5685 388 5730 et
415 5675 607 5731 multo
643 5669 878 5725 facilius.
912 5668 1092 5738 Neque
1121 5668 1263 5722 enim
1285 5667 1465 5736 jussus
1495 5666 1670 5735 regius
1693 5667 1782 5720 illa
1812 5668 1951 5724 valet

331 5765 598 5834 efﬁcere,
661 5777 788 5834 quae
837 5763 1079 5830 ipsorum,
1116 5758 1278 5815 verba
1325 5757 1686 5828 operabautur
1720 5776 1734 5813 :
1763 5759 1947 5827 iussus

1279 335 1345 391 IN
1386 332 1568 389 ACTA
1607 326 2126 386 APOSTOLOBIJM.
2167 325 2401 384 1101111...
2440 325 2583 385 XIII.

3483 335 3574 390 110

1997 441 2192 512 quippe
2219 443 2397 512 regius
2425 458 2494 498 ex
2533 443 2854 500 necessitate
2879 446 3057 516 cogit;
3106 446 3162 502 hi
3197 464 3325 502 vero
3350 460 3572 518 sponta-

1994 549 2147 599 neos,
2189 533 2436 598 libentes,
2464 544 2518 590 ct
2554 535 2701 590 mille
2728 536 2928 604 gratias
2962 537 3256 594 referentes
3283 540 3568 595 ducebant.

1994 624 2125 692 Quis
2143 623 2322 693 iussus
2353 625 2530 695 regius
2549 639 2680 697 epes
2708 641 2896 681 omnes
2922 627 3199 699 ipsamque
3226 631 3458 686 animam
3482 647 3572 686 re-

1998 713 2238 784 linquere
2277 715 2565 782 suasisset,
2617 717 2832 771 domum
2885 727 3266 783 contemnere,
3309 723 3532 790 patriam
3557 765 3573 788 ,

1997 816 2274 876 cognatos,
2310 809 2585 876 ipsamque
2615 809 2886 862 salutem?
2916 808 3020 865 Sed
3053 809 3104 864 id
3144 820 3367 880 potuere
3395 813 3573 882 pisca-

2000 909 2174 954 torum
2197 909 2251 953 et
2278 901 2565 969 pellionnm
2596 915 2788 966 voces;
2820 902 2888 955 ita
2917 903 3049 956 utin
3081 901 3351 972 voluptate
3376 905 3576 976 degen-

2004 1000 2102 1056 tes,
2129 991 2457 1060 potentiores
2484 1001 2538 1044 et
2560 989 2810 1047 fortiores
2840 993 3090 1047 omnibus
3133 1004 3334 1048 essent.
3382 996 3575 1060 Etiam,

2004 1084 2227 1154 inquies,
2246 1085 2367 1153 quia
2401 1086 2549 1152 signa
2576 1085 2822 1139 edebant.
2841 1087 2906 1138 At
2926 1086 3015 1155 (ιυί
3043 1085 3332 1142 credebant
3358 1103 3476 1158 qua:
3501 1090 3578 1144 si-

2001 1191 2100 1244 gna
2129 1175 2405 1240 faciebant,
2431 1176 2518 1230 illa
2543 1183 2735 1244 nempe
2762 1176 2859 1230 tria
2892 1177 3060 1231 millia
3080 1186 3135 1232 et
3154 1178 3388 1248 quinque
3417 1179 3579 1235 millia

2004 1266 2299 1328 hominum,
2326 1267 2414 1335 qui
2443 1276 2618 1321 tamen
2647 1268 2698 1321 in
2725 1267 3082 1322 exsultatione
3105 1268 3268 1322 multa
3296 1269 3581 1339 degebant?

2005 1355 2073 1410 Et
2096 1356 2215 1424 iure
2241 1356 2454 1425 quidem
2485 1373 2498 1409 :
2533 1373 2652 1410 nam
2684 1359 2921 1411 omnium
2949 1373 3105 1411 causa
3141 1375 3452 1424 mwrorum,
3488 1377 3582 1430 pe-

2004 1449 2278 1501 cuniarum
2308 1463 2500 1516 nempe
2522 1449 2810 1515 possessio,
2838 1449 3045 1503 sublata
3073 1460 3208 1504 erat.
3240 1449 3332 1506 llla
3357 1468 3584 1522 namque

2005 1539 2287 1602 bellorum,
2309 1542 2711 1594 contentionum
2737 1580 2752 1606 ,
2776 1542 3020 1595 maeroris
3047 1543 3390 1611 omniumque
3419 1546 3586 1598 malo-

2007 1646 2122 1683 rum
2153 1644 2312 1684 causa
2345 1639 2481 1695 erat,
2510 1647 2628 1700 qua:
2654 1632 2816 1685 vitam
2847 1631 3165 1688 laboriosam
3203 1636 3588 1707 molestamque

2008 1721 2304 1776 reddebat:
2334 1722 2595 1792 longeque
2637 1723 2814 1791 plures
2847 1735 3068 1778 numtos
3107 1727 3343 1796 reperias
3372 1727 3585 1797 divites,

2008 1828 2168 1882 quam
2195 1828 2478 1883 pauperes.
2515 1814 2666 1880 Quod
2699 1815 2742 1868 si
2772 1814 3086 1883 quibusdam
3115 1832 3218 1872 non
3245 1819 3490 1875 videatur
3516 1821 3588 1874 ita

2009 1920 2148 1970 esse,
2184 1921 2290 1959 non
2316 1921 2381 1959 ex
2413 1921 2595 1959 rerum
2623 1917 2806 1959 natura
2828 1947 2842 1971 ,
2890 1909 2983 1961 sed
3017 1923 3082 1962 ex
3124 1924 3308 1964 eorum
3340 1912 3591 1980 opinione

1970 2041 1977 2047 .
2010 2000 2087 2054 sic
2112 2015 2169 2053 se
2197 2015 2283 2054 res
2318 1999 2495 2054 habet.
2541 1999 2695 2067 Quod
2726 2001 2768 2053 si
2807 2001 2931 2069 quid
2965 2003 3193 2058 habeant
3219 2004 3410 2060 divites
3440 2007 3591 2060 volu-

2013 2093 2190 2164 ptatis,
2231 2092 2365 2146 nihil
2393 2093 2609 2147 mirum.
2635 2093 2766 2147 Nam
2791 2101 2844 2148 et
2873 2095 2959 2164 qui
2992 2096 3172 2151 scabie
3199 2097 3340 2166 pleni
3367 2107 3507 2164 sunt,
3538 2099 3591 2153 in

2012 2201 2200 2254 magna
2230 2193 2356 2238 sunt
2384 2185 2679 2254 voluptate.
2711 2185 2862 2254 Quod
2894 2197 3072 2240 autem
3103 2188 3172 2242 ab
3203 2188 3307 2242 illis
3334 2189 3469 2244 nihil
3488 2189 3594 2244 dif-

2016 2279 2183 2333 ferant
2203 2278 2414 2343 divites,
2433 2278 2529 2332 sed
2556 2279 2748 2334 eodem
2777 2279 2885 2334 sint
2912 2280 3113 2344 animo,
3133 2279 3255 2334 hinc
3283 2282 3454 2350 palam
3484 2291 3587 2338 est.

2015 2374 2140 2428 Illos
2165 2389 2308 2430 cura:
2335 2383 2570 2428 atterunt
2595 2393 2608 2428 :
2641 2384 2692 2430 et
2719 2384 2894 2430 tamen
2929 2376 3114 2431 volunt
3142 2376 3243 2429 illis
3269 2375 3494 2431 detineri
3525 2376 3596 2429 ob

2014 2475 2416 2534 temporaneam
2446 2466 2773 2536 voluptatem
2805 2485 2817 2520 :
2846 2468 2936 2536 qui
2988 2477 3164 2521 autem
3212 2477 3339 2522 sunt
3372 2482 3405 2520 a
3452 2468 3596 2522 curis

2017 2557 2194 2621 liberi,
2216 2557 2266 2610 in
2293 2558 2519 2611 sanitate
2545 2573 2775 2613 mmrore
2803 2560 2949 2612 vacui
2981 2558 3204 2628 degunt.

2089 2650 2143 2704 4.
2172 2648 2308 2716 Quid
2338 2649 2565 2711 dulcius,
2597 2665 2777 2718 quaso
2796 2691 2810 2713 ,
2839 2649 2964 2720 quid
2998 2651 3158 2704 tutius
3181 2693 3196 2717 ,
3230 2650 3297 2706 de
3327 2665 3432 2705 uno
3456 2667 3597 2722 pane

2018 2753 2071 2797 et
2100 2743 2167 2796 de
2196 2751 2342 2796 veste
2370 2741 2657 2796 sollicitum
2699 2757 2817 2796 esse
2840 2783 2855 2807 ,
2888 2758 2954 2796 an
2985 2742 3052 2796 de
3080 2742 3226 2797 mille
3252 2745 3420 2798 servis
3445 2752 3500 2798 et
3536 2743 3601 2797 li-

2021 2833 2184 2899 beris,
2216 2847 2277 2887 ac
2297 2831 2363 2886 de
2387 2832 2565 2900 seipse
2588 2831 2716 2885 nihil
2739 2833 2963 2886 curare?
2983 2832 3436 2897 Quemadmodum
3458 2835 3600 2889 enim

2023 2923 2110 2978 hic
2137 2938 2231 2991 pro
2264 2922 2442 2992 seipse
2471 2922 2656 2976 timet:
2682 2922 2751 2975 ita
2780 2931 2836 2976 et
2864 2930 2918 2975 tu
2958 2937 3056 2992 pro
3087 2922 3183 2988 iis,
3215 2921 3302 2992 qui
3334 2939 3397 2977 ex
3429 2924 3603 2993 capite
3679 2921 3684 2925 ’

2025 3024 2115 3070 tuo
2147 3015 2398 3084 pendent.
2431 3013 2500 3068 Et
2525 3029 2620 3069 cur
2646 3000 2928 3082 paupertas
2964 3014 3213 3083 fugienda
3240 3014 3448 3069 videtur
3469 3055 3484 3081 ,
3514 3016 3602 3069 in-

2023 3107 2208 3175 quies?
2241 3104 2373 3172 Quia
2401 3105 2502 3158 alia
2533 3119 2745 3174 quoque
2773 3105 2907 3159 bona
2941 3105 3088 3158 multi
3121 3116 3467 3172 aversantur,
3496 3121 3603 3161 non

2024 3195 2166 3266 quod
2200 3195 2482 3265 fugienda,
2527 3195 2620 3250 sed
2658 3195 2799 3265 quod
2829 3207 2950 3250 actu
2989 3196 3225 3252 difficilia
3269 3198 3396 3252 sint.
3443 3198 3604 3268 Igitur

2024 3299 2311 3358 paupertas
2343 3303 2447 3343 non
2492 3287 2737 3358 fugienda
2764 3330 2778 3354 ,
2824 3289 2918 3343 sed
2968 3291 3224 3344 exercitio
3247 3291 3478 3346 difﬁcilis
3499 3302 3608 3350 est.

2027 3381 2209 3451 Itaque
2235 3381 2277 3434 si
2308 3383 2426 3448 quis
2451 3380 2591 3434 illam
2625 3367 2763 3436 ferre
2787 3390 2988 3449 posset,
3020 3381 3161 3435 haud
3190 3381 3432 3451 fugienda
3459 3382 3606 3437 vide-

2026 3483 2194 3528 retur.
2219 3470 2327 3528 Cnr
2353 3473 2494 3527 enim
2522 3473 2663 3526 illam
2686 3488 2791 3527 non
2816 3473 3200 3526 aversabantur
3224 3472 3487 3542 apostoli?
3511 3487 3608 3528 cur

2029 3567 2173 3620 illam
2203 3567 2353 3620 multi
2385 3566 2607 3636 eligunt,
2637 3581 2736 3619 nec
2765 3565 2924 3619 modo
2952 3565 3095 3619 illam
3129 3581 3232 3620 non
3263 3575 3604 3634 aversantur,

2029 3657 2124 3710 sed
2153 3655 2217 3708 ad
2252 3655 2394 3708 illam
2426 3653 2748 3709 accurrunt?
2778 3655 2927 3722 Quod
2957 3657 3098 3710 enim
3132 3672 3260 3712 vere
3301 3657 3606 3728 fugiendum

2031 3757 2134 3812 est,
2167 3747 2378 3801 nonnisi
2405 3747 2608 3801 insanis
2637 3747 2925 3816 Optandum
2954 3747 3180 3802 videtur.

2105 3839 2388 3909 Paupertas
2415 3837 2710 3907 prwsidium
2749 3838 3178 3894 "turritun1.v—Si
3221 3850 3398 3894 autem
3438 3839 3611 3909 philo-

2032 3933 2184 4002 sOphi
2209 3933 2346 3985 inter
2367 3931 2610 3986 homines
2633 3931 2909 3994 sublimes,
2937 3931 3001 3985 ad
3024 3931 3158 3986 hanc
3175 3935 3324 4002 quasi
3347 3932 3414 3988 ad
3434 3933 3608 3989 locum

2034 4034 2202 4080 tutum
2229 4034 2282 4078 et
2307 4039 2492 4079 sanum
2515 4026 2755 4090 veniunt,
2775 4026 2906 4079 nihil
2935 4027 3125 4080 mirum
3149 4035 3250 4088 est,
3279 4029 3320 4080 si
3345 4027 3432 4081 alii
3456 4041 3612 4081 secus

2034 4120 2380 4173 arbitrentur.
2408 4117 2541 4172 Nam
2567 4117 2713 4172 dives
2744 4118 2879 4171 nihil
2906 4118 3048 4172 aliud
3081 4118 3208 4172 mihi
3237 4118 3446 4171 videtur
3469 4133 3609 4183 esse,

2036 4225 2193 4279 quam
2221 4211 2348 4263 urbs
2375 4211 2490 4262 sine
2517 4224 2668 4262 muro
2691 4209 2742 4262 in
2771 4209 2990 4278 planitie
3018 4210 3206 4277 posita,
3239 4223 3355 4277 qua:
3383 4207 3614 4277 undique

2040 4300 2376 4354 insidiatores
2416 4300 2652 4353 attrahat
2679 4317 2690 4352 :
2719 4307 3005 4366 paupertas
3047 4313 3174 4352 vero
3206 4297 3506 4366 przesidium
3535 4308 3616 4352 est

2040 4391 2335 4452 munitum,
2365 4403 2471 4442 mre
2500 4389 2668 4442 multo
2693 4388 3099 4451 circumdatum,
3132 4403 3348 4442 accessu
3377 4389 3611 4444 difficile.

2042 4481 2112 4536 At
2133 4521 2148 4547 ,
2199 4479 2406 4548 inquies
2430 4519 2444 4543 ,
2481 4489 2665 4532 contra
2702 4495 2788 4532 res
2817 4494 2875 4531 se
2905 4477 3096 4546 habet;
3131 4479 3180 4531 hi
3212 4479 3354 4533 enim
3383 4495 3525 4550 saepe
3551 4483 3617 4536 ad

2045 4572 2272 4627 tribunal
2300 4571 2602 4634 trahuntur,
2635 4569 2686 4623 hi
2715 4569 3000 4636 lzeduntur,
3030 4581 3083 4626 et
3108 4571 3244 4625 male
3276 4570 3490 4626 habent.
3514 4572 3615 4627 Sed

2045 4653 2150 4718 non
2174 4678 2435 4733 pauperes
2451 4662 2764 4733 simpliciter
2783 4671 2926 4728 sunt,
2953 4663 3045 4718 sed
3073 4677 3332 4734 pauperes
3354 4667 3438 4734 qui
3462 4663 3617 4719 ditari

2044 4753 2283 4824 cUpiunt.
2313 4753 2423 4824 Ego
2448 4767 2576 4807 vero
2600 4768 2704 4806 non
2734 4751 2802 4807 de
2829 4753 2935 4806 illis
2963 4753 3170 4823 loquor,
3203 4753 3295 4809 sed
3323 4753 3388 4808 de
3417 4755 3501 4819 iis,
3530 4757 3614 4824 qui

2047 4847 2098 4900 in
2145 4853 2458 4915 paupertate
2501 4844 2702 4899 versari
2750 4843 2983 4898 student.
3020 4844 3113 4898 Dic
3142 4845 3283 4898 enim
3316 4845 3478 4910 mihi,
3525 4861 3622 4898 cor

2048 4953 2205 4992 nemo
2235 4952 2362 5001 eos,
2407 4937 2495 5005 qui
2536 4937 2587 4989 in
2635 4935 2902 4990 montibus
2927 4935 3164 5004 degunt,
3199 4937 3247 4988 in
3293 4937 3380 5004 ius
3425 4936 3623 4989 trahit?

2047 5028 2288 5098 quamvis
2317 5028 2360 5081 si
2388 5037 2671 5096 paupertas
2702 5025 2854 5081 facile
2882 5027 3216 5097 opprimitur,
3250 5027 3368 5081 illos
3396 5028 3623 5082 maxime

2051 5118 2184 5172 trahi
2217 5126 2522 5186 Oporteret,
2555 5117 2645 5187 qui
2694 5128 2816 5171 sunt
2863 5119 3098 5171 omnium
3147 5117 3488 5187 pauperrimi.
3517 5116 3620 5171 Cnr

2051 5209 2324 5262 mendicos
2356 5222 2515 5261 nemo
2545 5207 2704 5260 trahit
2731 5207 2794 5260 ad
2820 5207 3092 5276 iudicem?
3122 5223 3217 5260 cur
3242 5222 3403 5264 nemo
3430 5205 3559 5264 illos
3573 5208 3625 5260 vi

2051 5301 2138 5356 vel
2175 5300 2435 5354 Calumnia
2467 5299 2706 5367 impetit?
2734 5315 2910 5353 nonne
2933 5299 3055 5368 quia
3088 5298 3138 5351 in
3170 5298 3362 5351 tutiore
3387 5297 3504 5351 loco
3524 5297 3626 5351 ha.-

2052 5390 2264 5445 bitant?
2300 5389 2467 5455 Quam
2501 5389 2680 5443 multis
2721 5389 3080 5444 infelicissima
3109 5389 3317 5443 videtur
3345 5399 3661 5458 paupertas.

2054 5491 2109 5536 et
2156 5481 2500 5536 mendicitas?
2545 5482 2679 5548 Quid
2731 5483 2908 5550 igitur,
2965 5495 3185 5549 quaeso,
3235 5479 3501 5534 bonumne
3546 5493 3630 5537 est

2055 5574 2393 5630 mendicare?
2425 5575 2649 5639 Bonum,
2681 5575 2724 5627 si
2754 5574 2821 5627 sit
2850 5573 2938 5643 qui
2965 5573 3266 5626 consoletur
3292 5581 3345 5628 et
3375 5572 3630 5628 miserea-

2059 5679 2164 5735 tur,
2194 5669 2238 5722 si
2269 5669 2337 5721 sit
2363 5667 2451 5736 qui
2485 5667 2763 5736 largiatur:
2786 5666 2922 5719 hanc
2949 5665 3110 5718 vitam
3138 5665 3360 5719 otiosam
3391 5675 3444 5720 et
3471 5680 3634 5721 secu-.

2059 5776 2171 5817 ram
2201 5775 2318 5816 esse
2348 5774 2502 5815 nemo
2531 5775 2632 5814 non
2663 5758 2824 5812 novit.
2853 5757 2964 5829 Ego
2988 5750 3161 5812 autem
3188 5772 3291 5812 non
3319 5756 3623 5828 hoc‘laude,
3651 5817 3653 5820 ,
