4084 6174
473 307 570 360 HI
1170 294 1208 350 ‘5

469 415 629 478 absit,
649 412 741 467 sed
765 409 928 480 probe
953 409 999 464 si
1026 408 1148 478 quis
1178 424 1306 478 opes
1333 423 1437 461 non
1468 406 1762 462 desideret.
1791 406 1886 460 Dic
1910 405 2053 462 enim

474 505 606 560 mihi
627 543 642 571 ,
673 517 808 572 quos
833 501 1006 570 potius
1029 499 1238 564 beatos,
1267 499 1488 563 dixeris,
1517 515 1583 552 an
1613 498 1820 552 virtutis
1845 497 2049 552 studio.

470 613 581 658 sos,
612 611 677 648 an
709 608 803 648 eos
828 592 916 662 qui
950 591 1135 662 procul
1163 591 1231 644 ab
1274 591 1359 643 illa
1408 591 1568 643 sunt?
1612 589 1892 644 Studiosos
1936 590 2052 642 sine

469 688 653 741 dubio.
685 685 816 741 Uter
839 701 966 754 ergo
994 685 1214 738 idoneus
1245 691 1328 737 cst
1356 683 1420 735 ad
1453 683 1597 736 utilia
1622 681 1967 742 addiscenda,
1998 690 2054 735 et

469 778 535 833 ad
579 775 934 847 philosophia:
975 775 1332 845 splendorem,
1379 790 1446 826 an
1491 773 1578 826 hic
1620 789 1686 826 an
1729 771 1858 825 ille?
1901 771 2054 825 Hunc

467 873 650 942 utique
676 885 796 925 esse
826 871 995 938 palam
1018 880 1118 923 est.
1148 865 1202 924 Si
1232 883 1335 921 non
1365 867 1570 929 credas,
1597 865 1646 919 id
1672 864 1839 920 disce.
1871 863 2053 918 Addu-

466 974 619 1018 catur
647 963 767 1033 quis
791 979 820 1016 e
851 961 966 1014 foro
995 959 1431 1016 mendicantium.
1458 957 1546 1028 qui
1575 958 1644 1011 sit
1671 970 1866 1019 caicus,
1899 956 2047 1009 clan-

466 1055 588 1121 dus,
613 1054 862 1118 mutilus;
889 1052 1024 1108 alius
1043 1065 1252 1122 quoque
1273 1060 1491 1119 aspectu
1519 1051 1798 1111 formosus,
1825 1062 2052 1114 corpore

471 1147 724 1201 robustus
749 1159 812 1200 ac
838 1144 1070 1208 vividus,
1097 1141 1287 1213 opibus
1313 1141 1610 1205 abundans,
1634 1153 1827 1210 genere
1851 1139 2045 1201 clarus,
2079 1201 2081 1204 ,

471 1243 706 1308 potentia
735 1238 937 1292 valens.
977 1233 1051 1308 (α)
1084 1235 1190 1289 Hos
1218 1236 1392 1303 itaque
1418 1232 1484 1287 ad
1518 1231 1866 1302 phil050phim
1891 1230 2050 1284 disci-

471 1332 670 1398 plinam
701 1330 1059 1391 adducamus,
1098 1335 1150 1381 et
1192 1326 1495 1387 videamus,
1527 1334 1646 1378 uter
1674 1339 1856 1377 eorum
1884 1322 2050 1390 magis

467 1422 767 1475 doctrinam
810 1421 1062 1488 excipiat.
1113 1418 1192 1472 Sit
1240 1432 1367 1486 ergo
1415 1417 1640 1484 primum
1693 1422 2047 1483 praaceptum,

467 1512 510 1565 ll
521 1513 694 1567 umilis
715 1521 829 1566 esto
854 1521 908 1566 et
940 1509 1238 1570 modestus;
1273 1507 1374 1561 hoc
1396 1508 1536 1562 enim
1566 1504 1813 1559 Christus
1841 1519 2040 1573 prmee-

469 1607 544 1678 pit
571 1623 582 1656 :
605 1615 718 1658 nter
742 1604 908 1673 magis
941 1602 1042 1655 hoc
1061 1599 1283 1670 implere
1304 1599 1533 1669 poterit?
1561 1596 1738 1662 Beati,
1770 1602 1853 1666 qui
1880 1599 2051 1666 lugent

467 1697 676 1768 (Manli.
712 1697 764 1751 5.
795 1696 850 1766 5)
877 1714 889 1748 :
913 1694 1033 1765 quis
1061 1693 1204 1748 dicto
1243 1693 1412 1760 magis
1458 1691 1737 1745 attendet?
1768 1691 1914 1746 Beati
1949 1691 2048 1742 lm-

467 1783 624 1841 milcs
647 1805 660 1838 :
685 1797 801 1839 uter
842 1788 1008 1854 magis
1045 1783 1265 1838 audiet?
1293 1782 1441 1835 Beati
1469 1784 1658 1838 mundo
1685 1782 1835 1835 corde
1857 1797 1875 1834 :
1895 1781 2044 1846 beati,

466 1879 554 1947 qui
593 1880 817 1932 esuriant
843 1887 888 1930 et
916 1877 1091 1930 sitiunt
1121 1874 1601 1945 justitiam:beati,
1649 1874 1732 1943 qui
1777 1889 2048 1941 persequu-

471 1971 655 2022 tionem
685 1970 948 2040 patiuntur
975 1977 1180 2038 prapter
1207 1966 1462 2037 justitiam
1491 1963 1649 2036 (Ibid.
1680 1981 1725 2018 υ.
1758 1965 1809 2019 8.
1839 1965 1891 2020 6.
1922 1961 2045 2035 10);

469 2062 589 2131 quis
616 2061 729 2115 haec
756 2061 908 2116 facile
937 2059 1204 2130 excipiet?
1233 2059 1299 2113 Et
1325 2060 1370 2112 si
1404 2059 1502 2124 vis,
1539 2058 1654 2112 hwc
1695 2058 1904 2126 utrique
1949 2057 2048 2110 ad-

463 2162 731 2222 aptemus.
775 2157 963 2206 Antam
1007 2153 1092 2206 ille
1119 2160 1287 2206 tumet
1311 2151 1544 2221 undique
1580 2161 1635 2204 et
1673 2150 1917 2212 inﬂatur;
1962 2149 2051 2203 hic

467 2263 596 2302 vero
628 2247 903 2302 huntiliter
943 2264 1161 2316 prorsus
1205 2245 1367 2301 sentit
1412 2260 1476 2299 ac
1523 2245 1787 2299 demissus
1815 2244 1933 2298 est?
1962 2245 2050 2297 Sic

468 2342 653 2409 utique
693 2357 751 2394 se
800 2354 886 2393 res
940 2339 1120 2392 habet.
1165 2339 1257 2391 Est
1299 2347 1350 2392 et
1393 2337 1532 2406 apud
1572 2345 1821 2390 externos
1851 2335 2050 2390 dictum

470 2429 900 2487 similc:Servus
944 2429 1156 2498 quidem
1188 2429 1474 2497 Epictetus,
1515 2441 1740 2495 corpore
1790 2440 2047 2488 mancus,

472 2531 784 2592 paupertate
819 2522 930 2576 Irus
955 2563 968 2586 ,
1014 2531 1069 2578 ct
1110 2521 1312 2574 amicus
1352 2518 1729 2573 immortalium
1761 2518 1856 2589 (ὁ).
1889 2518 1962 2570 lta
1992 2534 2052 2571 se

473 2615 636 2668 habet
693 2629 914 2682 pauper.
972 2613 1154 2665 Divitis
1209 2619 1386 2665 autem
1443 2611 1617 2664 anima
1671 2618 1842 2664 scatet
1895 2609 2052 2663 malis

470 2706 741 2771 omnibus,
769 2705 1094 2774 arrogantia,
1121 2718 1252 2757 vana
1276 2702 1464 2773 gloria,
1492 2701 1871 2771 cupiditatibus
1897 2701 2053 2755 innu-

472 2799 656 2861 meris,
685 2799 786 2863 ira,
815 2796 1028 2862 furore,
1063 2797 1306 2861 avaritia,
1336 2795 1616 2864 injuslitia,
1649 2795 1873 2864 aliisque
1903 2809 2050 2848 mor-

468 2891 570 2945 bis.
596 2890 774 2944 Palam
799 2903 926 2959 ergo
945 2899 1025 2944 est
1048 2888 1214 2954 illam,
1233 2903 1391 2956 quam
1415 2887 1552 2941 hanc
1572 2886 1638 2940 ad
1663 2884 2050 2961 philosophiam

469 2982 734 3050 aptiorem
779 2997 919 3035 esse.
967 2980 1196 3035 Omnino
1235 2979 1442 3033 discere
1484 2978 1721 3047 quaeritis
1749 3019 1764 3042 ,
1817 2989 1934 3031 utra
1983 2977 2054 3030 sit

471 3076 686 3130 suavior
713 3094 725 3128 :
753 3075 853 3127 hoc
883 3075 1025 3128 enim
1058 3088 1086 3125 a
1115 3072 1294 3125 multis
1320 3071 1487 3140 quaeri
1515 3070 1698 3135 video,
1729 3079 1847 3123 utra
1873 3070 1942 3124 sit
1961 3070 2051 3139 ju-

475 3168 721 3222 cundior.
755 3167 911 3222 Certe
941 3166 1041 3219 hac
1067 3166 1118 3218 in
1151 3181 1210 3219 re
1239 3164 1370 3218 nihil
1395 3163 1746 3218 dubitandum
1774 3172 1853 3217 est
1885 3181 1897 3218 :
1930 3179 2052 3218 nam

471 3261 560 3330 qui
590 3259 805 3314 sanitati
836 3259 1052 3329 prepior
1077 3266 1196 3323 est,
1227 3258 1272 3310 is
1315 3257 1366 3310 in
1396 3256 1668 3324 voluptate
1695 3257 1859 3309 nmlta
1887 3254 2050 3324 degit.

472 3352 624 3418 Uter,
659 3367 863 3423 quaeso,
897 3351 962 3405 ad
990 3351 1156 3420 legem
1187 3348 1344 3414 hanc,
1376 3363 1533 3416 quam
1563 3348 1926 3417 redintegrare
1953 3362 2050 3402 vo-

474 3444 682 3508 lumus,
712 3452 795 3498 est
818 3443 1012 3511 aptior,
1041 3455 1244 3510 pauper
1281 3455 1346 3492 an
1375 3439 1559 3493 dives?
1586 3439 1703 3508 quis
1730 3439 1884 3493 facile
1905 3439 2053 3508 jura—

471 3535 597 3592 bit?
639 3535 729 3604 qui
773 3533 896 3590 ﬁliis
944 3533 1224 3597 irascitur,
1271 3531 1356 3600 qui
1404 3545 1525 3583 cum
1564 3529 1856 3584 innumeris
1901 3539 2051 3598 pacta

532 3692 605 3752 (ιι)
629 3693 889 3752 sequentia
907 3690 1032 3751 apud
1056 3687 1299 3752 Platonem
1323 3687 1545 3752 fcruntur
1569 3685 1602 3734 l.
1629 3687 1662 3736 6
1682 3689 1747 3736 de
1770 3686 2050 3752 Republica.

476 3749 720 3814 Iliaeque
758 3749 1360 3814 Chrysostomus,At’latoni
1395 3757 1558 3799 utr-ten
1580 3762 1677 3798 non
1702 3763 1870 3811 parum
1893 3749 2053 3799 infen-

473 3830 576 3872 sus,
612 3811 714 3862 lucc
738 3811 1071 3874 desu'utpsisse
1095 3811 1306 3861 videtur.

535 3871 604 3938 (ὁ)
648 3875 766 3924 Hzec
802 3871 1066 3923 consonant
1098 3887 1206 3923 cum
1239 3874 1394 3935 epigr.
1443 3871 1528 3922 illo
1561 3873 1580 3934 (
1617 3871 1812 3922 Anthol.
1858 3871 1952 3921 Pal.
1992 3875 2052 3933 7,

503 3939 639 3998 76):

780 4010 910 4055 Aebb;
935 4001 1130 4056 ἐπίκτητος
1153 4010 1302 4060 τινὸμιιν
1324 4009 1383 4046 καὶ
1399 4011 1539 4056 σώματι
1559 4008 1668 4059 ξηρὸς
1683 4036 1694 4054 ,

870 4072 942 4110 Καὶ
961 4073 1083 4128 «why
1105 4063 1197 4122 lpos,
1214 4070 1274 4110 καὶ
1295 4069 1391 4122 φίλος
1407 4070 1610 4118 ᾀθανὰτοις.

1491 4183 1783 4190 _—_—~__~

1792 4182 1850 4189 __—

466 4413 596 4468 CAP.
638 4412 689 4466 5.
723 4427 770 4463 ν.
802 4410 889 4464 54.
923 4409 1148 4477 Sui-gens
1163 4415 1329 4464 autem
1358 4405 1564 4481 quidam
1591 4405 1643 4456 in
1668 4403 1880 4456 concilio
1909 4401 2052 4455 Plia-

535 4507 708 4558 riswus
730 4545 744 4568 ,
804 4502 1002 4554 nomine
1035 4497 1302 4560 Gumaliel,
1359 4496 1480 4566 legis
1521 4496 1712 4561 doctor,
1744 4493 2052 4548 Itonorabilis

540 4596 782 4648 universa:
807 4593 957 4660 plebi,
975 4591 1126 4660 jussit
1154 4595 1292 4659 foras
1319 4588 1386 4639 ad
1421 4593 1562 4657 breve
1597 4586 1820 4638 homines
1847 4587 1977 4653 ﬁeri.

543 4689 596 4738 1.
625 4685 718 4737 llic
748 4683 1004 4740 Gamaliel
1025 4682 1168 4734 Pauli
1197 4680 1382 4740 doctor
1407 4687 1522 4732 erat
1548 4697 1562 4733 :
1591 4677 2051 4746 admirationeque

467 4777 684 4848 dignum
715 4784 816 4837 est,
848 4771 1135 4841 quomodo,
1165 4769 1362 4839 judicio
1403 4769 1585 4822 valens
1610 4768 1739 4821 etin
1769 4767 1884 4837 lege
1910 4767 2050 4836 peri-

470 4880 574 4934 tus,
617 4864 852 4936 nondum
884 4860 1161 4932 crederet:
1194 4875 1364 4930 neque
1412 4859 1581 4930 potuit
1605 4857 1822 4910 omnino
1872 4857 2048 4911 incre—

469 4960 626 5014 dulus
657 4969 892 5018 manere,
948 4962 1006 5023 ut
1055 4953 1224 5022 palam
1278 4960 1360 5004 est
1409 4966 1474 5004 ex
1519 4949 1634 5019 ejus
1682 4949 1880 5014 verbis,
1931 4966 2049 5019 qua:

467 5048 800 5114 consulendo
828 5046 1001 5100 all‘ert.
1033 5042 1195 5111 Jussit
1224 5041 1386 5108 enim,
1430 5041 1618 5111 inquit,
1643 5043 1781 5110 foras
1814 5039 1882 5092 ad
1909 5040 2050 5094 breve

472 5141 697 5194 homines
714 5137 846 5207 ﬁeri.
873 5134 1005 5189 Vide
1034 5134 1367 5203 prudentiam
1393 5131 1786 5196 concionantis,
1838 5140 1893 5185 et
1917 5145 2050 5200 quo-

471 5234 636 5295 modo
664 5229 842 5288 statim
895 5227 1014 5300 illos
1070 5226 1127 5281 in
1180 5233 1380 5280 metum
1429 5224 1694 5292 conjiciat.
1725 5222 1801 5278 Ne
1833 5239 1964 5277 vero
1992 5223 2047 5277 in

469 5325 829 5396 suspicionem
872 5329 1100 5385 veniret,
1132 5317 1274 5387 quod
1303 5317 1488 5371 eadem
1535 5332 1652 5386 qure
1689 5316 1763 5370 illi
1797 5317 2045 5382 sentiret,

468 5431 563 5471 eos
591 5414 682 5485 qui
712 5415 766 5468 in
790 5410 1019 5482 concilio
1045 5408 1321 5475 sedebant,
1351 5424 1412 5462 ac
1450 5407 1495 5461 si
1527 5399 1637 5462 suae
1666 5407 1932 5477 opinionis
1963 5422 2050 5460 es-

469 5515 592 5562 sent
637 5504 961 5576 alloquitur;
1004 5517 1102 5556 nec
1141 5500 1306 5554 multa
1350 5501 1515 5554 utitur
1565 5498 1918 5562 vehementia,
1952 5497 2048 5552 sed

468 5598 618 5664 quasi
639 5611 760 5650 cum
784 5593 911 5650 viris
937 5592 1118 5647 furore
1145 5591 1326 5657 ebriis,
1348 5592 1416 5645 ita
1443 5590 1569 5645 dicit
1597 5608 1610 5644 :
1635 5590 1722 5645 '55.
1758 5589 1861 5643 Viri
1873 5587 2048 5642 Israe-

471 5687 593 5752 litw,
635 5687 874 5754 attendite
904 5684 1042 5758 vobis
1068 5699 1223 5752 super
1267 5682 1549 5737 hominibus
1591 5683 1701 5735 istis
1727 5681 1848 5751 quid
1885 5680 2050 5733 acturi

470 5776 596 5831 :in‘s.
635 5777 708 5840 Ne
751 5787 971 5845 temere,
1012 5777 1201 5849 inquit,
1229 5793 1400 5848 neque
1433 5776 1622 5847 leviter
1651 5774 1916 5829 feramini.
1955 5774 2045 5828 56.

1265 292 1542 349 JOANNIS
1576 293 2047 350 CHRYSOSTOMI
2086 293 2399 348 ARCHIEP.
2439 294 2968 350 CONSTANTINOP.

1789 4257 2134 4318 HOMILIA
2173 4257 2347 4318 XIV.

2161 406 2308 468 iniit;
2350 422 2417 460 an
2446 408 2536 477 qui
2565 421 2756 476 panem
2787 424 2950 462 unum
2977 423 3042 464 ac
3070 418 3271 464 vestem
3303 408 3562 478 petiturus
3585 425 3744 467 accc-

2157 502 2268 556 dit?
2296 502 2430 558 Huic
2471 503 2616 558 nulla
2654 504 3080 572 juramentorum
3113 503 3442 566 necessitas,
3483 504 3529 558 si
3571 505 3740 573 velit,

2158 592 2252 648 sed
2280 606 2494 663 semper
2523 595 2750 664 negotiis
2775 608 2974 649 vacuus
2995 603 3106 660 est;
3136 597 3243 648 into
3268 608 3396 647 vero
3425 595 3487 660 is,
3514 594 3606 664 qui
3635 611 3741 651 non

2153 684 2334 753 jurare
2359 685 2578 748 didicit,
2612 699 2755 753 saepe
2781 685 2994 739 divitias
3024 695 3258 754 spernet,
3292 695 3346 739 et
3371 686 3439 738 ab
3470 685 3572 739 hoc
3601 684 3744 739 bono

2157 791 2310 832 more
2335 778 2546 831 virtutis
2573 777 2684 831 vias
2716 778 2911 846 ubique
2941 786 3151 846 paratas
3179 777 3359 831 videre
3377 776 3499 842 erit,
3525 791 3741 832 omne»

2156 884 2259 938 que
2299 869 2364 922 ad
2404 870 2705 939 {equitatem
2745 868 3070 934 tendentes,
3117 867 3182 922 ad
3211 868 3517 922 divitiarum
3545 867 3741 938 despc-

2156 970 2324 1024 ctum,
2353 959 2419 1014 ad
2447 960 2722 1029 pietatem,
2749 959 2816 1014 ad
2841 959 3035 1013 anima:
3060 969 3259 1014 rectam
3282 959 3740 1026 constitutionem,

2155 1050 2220 1104 ad
2243 1052 2731 1120 compunctionem.

2226 1141 2413 1196 Contra
2435 1145 2748 1212 juramento.
2776 1172 2844 1182 —-
2872 1141 2948 1197 Ne
2982 1143 3148 1197 simus
3185 1157 3312 1213 ergo
3362 1141 3719 1214 negligentes,

2155 1234 2355 1300 dilecti,
2379 1235 2473 1288 sed
2504 1235 2722 1288 multam
2751 1234 3100 1289 adhibeamus
3116 1233 3476 1305 diligentiam:
3499 1233 3589 1304 qui
3614 1249 3742 1290 sese

2155 1325 2530 1390 emendarunt,
2559 1335 2616 1380 ut
2651 1325 2702 1380 id
2724 1325 2866 1395 quod
2892 1325 3233 1380 emendatum
3262 1335 3344 1380 est
3381 1334 3703 1380 conservent
3721 1367 3736 1388 .

2157 1433 2224 1472 ne
2249 1417 2404 1471 facile
2433 1415 2696 1480 dil'lluant,
2730 1433 2862 1471 neve
2901 1428 3046 1472 retro
3070 1426 3386 1484 vertantur;
3425 1419 3516 1487 qui
3558 1427 3738 1473 autem

2153 1509 2327 1564 adhuc
2370 1521 2517 1564 retro
2558 1511 2728 1565 relicti
2763 1518 2907 1574 sunt,
2956 1519 3015 1564 tit
3043 1520 3358 1581 resurgant,
3389 1521 3443 1566 et
3469 1522 3659 1567 curent
3688 1515 3740 1568 id

2152 1601 2295 1670 quod
2339 1601 2518 1656 deﬁcit
2548 1603 2788 1672 implere.
2829 1602 3152 1674 lnterimque
3197 1604 3252 1669 ii,
3281 1604 3370 1674 qui
3400 1619 3459 1659 se
3488 1605 3742 1660 emenda-

2155 1700 2296 1755 runt,
2322 1692 2426 1746 illis
2454 1693 2542 1762 qui
2572 1694 2807 1748 nondum
2853 1693 2903 1748 id
2941 1701 3250 1762 potuerunt,
3283 1696 3434 1765 quasi
3466 1696 3518 1750 in
3551 1697 3742 1768 pelago

2154 1784 2422 1850 nantibus,
2461 1800 2651 1838 manus
2685 1784 3041 1854 porrigentes,
3083 1786 3229 1856 ipsos
3255 1786 3308 1841 in
3344 1796 3498 1856 portu
3535 1804 3564 1841 a
3588 1788 3734 1858 jura-

2154 1877 2346 1929 mentis
2375 1891 2542 1931 vacuo
2580 1875 2859 1946 recipiant.
2891 1876 3085 1931 Portus
3113 1877 3311 1947 quippe
3335 1887 3478 1933 tutus
3499 1889 3602 1948 est,
3630 1896 3736 1936 non

2148 1969 2330 2036 jurare
2361 1985 2374 2018 :
2405 1978 2608 2038 portus,
2639 1977 2697 2023 ut
2727 1984 2796 2024 ne
2840 1970 2958 2039 quis
2995 1969 3371 2039 submergatur
3397 1970 3464 2024 ab
3491 1971 3742 2026 irruenti-

2152 2058 2251 2111 bus
2281 2059 2470 2112 ventis.
2497 2059 2644 2114 Licet
2671 2060 2811 2114 enim
2834 2060 2932 2126 ira,
2963 2060 3088 2116 licet
3110 2059 3396 2127 damnum,
3427 2061 3550 2116 licet
3592 2061 3742 2117 furor

2155 2149 2366 2204 aliudve
2387 2149 2717 2217 effervescat,
2732 2151 2909 2204 anima
2931 2150 2983 2204 in
3008 2161 3120 2204 tuto
3142 2159 3250 2217 est;
3276 2151 3345 2206 ita
3369 2161 3424 2207 ut
3445 2151 3572 2206 nihil
3595 2153 3744 2207 emit-

2157 2252 2233 2296 tat
2261 2242 2404 2313 quod
2444 2243 2626 2298 dicere
2665 2259 2771 2298 non
2804 2244 2962 2299 liceat
2993 2260 3006 2296 :
3038 2259 3213 2314 neque
3238 2244 3379 2298 enim
3410 2244 3508 2298 sibi
3533 2246 3611 2299 vel
3643 2262 3742 2299 ne-

2152 2335 2454 2388 cessitatem
2499 2335 2581 2390 vel
2638 2334 2808 2405 legem
2843 2335 3141 2390 constituit.
3185 2335 3340 2399 Vide,
3371 2335 3495 2406 quid
3521 2346 3743 2406 pr0ptcr

2149 2424 2510 2493 jnramentum
2532 2426 2718 2480 iecerit
2743 2425 2983 2480 Herodes
3010 2445 3023 2480 :
3046 2437 3206 2496 caput
3227 2425 3578 2481 Praecursoris
3605 2443 3744 2496 pra:-

2153 2515 2314 2580 cidit;
2347 2515 2566 2584 Propter
2587 2517 2879 2585 iuramenta
2895 2517 3048 2580 enim,
3077 2516 3267 2586 inquit,
3286 2524 3332 2570 et
3359 2525 3565 2586 prapter
3587 2518 3743 2570 sintut

2153 2606 2516 2660 discumbentes
2564 2607 2723 2660 noluit
2764 2605 2904 2660 illaut
2953 2607 3192 2676 repellere
3241 2606 3446 2678 (Marc.
3507 2607 3560 2662 6.
3601 2606 3739 2677 26).

2153 2697 2287 2766 Quid
2318 2705 2532 2768 propter
2547 2698 2904 2768 jnramentum
2944 2714 3113 2768 passae
3147 2707 3271 2753 sunt
3308 2699 3482 2755 tribus
3529 2699 3738 2770 (Judic.

2152 2789 2242 2841 9.1.
2277 2788 2343 2842 10
2364 2789 2404 2860 ),
2437 2790 2579 2844 circa
2611 2790 2807 2845 tribum
2837 2790 3296 2860 Benjamin?quid
3326 2806 3517 2861 passus
3535 2801 3617 2847 est
3643 2807 3746 2862 pro

2149 2880 2454 2949 juramento
2483 2881 2647 2936 Saftl?
2668 2881 2759 2938 ille
2781 2881 2994 2952 quidem
3033 2881 3324 2952 pejeravit;
3350 2883 3590 2939 Herodes
3611 2899 3743 2939 vero

2158 2972 2392 3040 perjurio
2434 2972 2756 3028 deteriorem
2797 2973 3000 3028 catdem
3049 2971 3195 3028 fecit.
3220 2973 3454 3028 Rursum
3484 2975 3640 3030 Jesus
3669 2976 3743 3031 ob

2149 3062 2508 3131 jnramentum
2541 3062 2852 3121 Gabaonitis
2881 3062 3100 3130 factum,
3129 3073 3326 3134 quanta
3347 3079 3533 3134 passus
3557 3066 3628 3119 sit
3654 3079 3746 3120 no-

2155 3155 2241 3209 sti.
2280 3154 2558 3209 Satanicus
2586 3155 2729 3210 enim
2760 3155 2982 3225 laqueus
3007 3165 3090 3210 est
3112 3155 3500 3225 jnramentum.
3527 3157 3742 3212 Dirum-

2158 3261 2343 3314 panms
2383 3261 2510 3316 ergo
2540 3245 2714 3312 funes,
2760 3254 2816 3300 et
2850 3261 2950 3302 nos
2975 3247 3046 3301 ita
3077 3247 3466 3304 constituemus
3494 3260 3552 3302 ut
3585 3248 3746 3305 facile

2155 3353 2457 3392 caveamus.
2508 3337 2827 3394 Liberetnur
2875 3354 2905 3392 a
2963 3339 3154 3409 laqueo
3196 3347 3428 3406 satanai;
3460 3341 3743 3396 timeamus

2159 3429 2492 3482 Dominicum
2527 3439 2880 3500 praeceptum:
2928 3431 2981 3485 in
3019 3433 3275 3500 optimam
3300 3434 3744 3490 consuetudinem

2156 3535 2255 3575 nos
2279 3520 2602 3576 deducamus
2633 3537 2649 3576 ε
2690 3531 2748 3576 ut
2776 3523 3063 3592 progressi,
3093 3532 3148 3576 et
3179 3523 3283 3578 hoc
3321 3510 3378 3578 et
3403 3524 3504 3578 alia
3535 3540 3746 3595 praecev

2159 3624 2243 3684 pta
2275 3615 2579 3685 implenles,
2609 3618 2867 3684 promissa
2886 3616 3224 3686 diligentibus
3245 3619 3414 3686 ipsum
3446 3632 3746 3689 consequa-

2157 3724 2277 3762 mur
2302 3709 2462 3772 bona,
2502 3709 2670 3777 gratia
2715 3718 2769 3763 et
2817 3709 3144 3780 benignitate
3183 3711 3394 3764 Domini
3423 3712 3591 3766 nostri
3619 3711 3746 3768 Jesu

2157 3798 2375 3863 ChriSti,
2408 3801 2622 3870 quicum
2659 3799 2804 3854 Patri
2832 3808 2887 3854 et
2911 3800 3130 3871 Spiritui
3161 3811 3349 3856 sancto
3379 3801 3544 3872 gloria
3565 3842 3581 3869 ,
3637 3803 3746 3858 im-

2159 3892 2383 3962 perium,
2419 3893 2607 3956 honor,
2635 3906 2777 3947 nunc
2801 3900 2857 3946 et
2877 3905 3110 3961 semper,
3134 3902 3188 3947 et
3213 3893 3266 3947 in
3297 3893 3489 3949 ssecula
3522 3895 3746 3950 saeculoo

2161 4001 2298 4040 rum.
2329 3987 2519 4040 Amen.

2677 4185 2836 4192 ⁵,..-
2855 4187 3086 4192 _—_.—._
3097 4187 3559 4194 “.W—w
3569 4185 3737 4195 ——_

2165 4421 2183 4454 ι
2211 4404 2346 4457 Ante
2368 4402 2508 4456 enim
2539 4401 2635 4456 hos
2652 4401 2766 4457 dies
2789 4402 3024 4457 surrexit
3046 4401 3314 4469 Theudas,
3334 4401 3518 4457 dicens
3545 4415 3601 4456 se
3619 4415 3748 4460 esse

2158 4495 2387 4564 aliquem
2419 4511 2434 4548 :
2457 4494 2541 4549 cui
2557 4495 2824 4550 consentit
2846 4509 3100 4550 numerus
3122 4495 3356 4548 virorum
3379 4495 3590 4550 circiter
3612 4507 3753 4562 qua-

2158 4586 2559 4658 dringentorum
2598 4607 2610 4642 :
2641 4589 2730 4658 qui
2757 4588 2966 4643 occisus
3005 4598 3120 4653 est;
3153 4597 3208 4642 et
3238 4603 3426 4642 onmes
3450 4587 3538 4657 qui
3559 4586 3751 4643 crede-

2158 4679 2286 4734 bant
2311 4679 2383 4743 ei,
2413 4679 2654 4748 dissipati
2681 4689 2804 4736 sunt
2824 4690 2879 4736 et
2903 4681 3100 4735 redacti
3121 4679 3188 4735 ad
3212 4680 3455 4734 nihilum.
3490 4698 3510 4732 ι
3542 4680 3750 4735 Exem-

2158 4769 2257 4840 plis
2282 4770 2401 4824 illos
2426 4771 2492 4825 ad
2514 4787 2696 4826 sanam
2723 4784 2954 4826 mentem
2979 4771 3124 4826 ducit
3142 4788 3157 4836 ;
3177 4779 3231 4826 et
3247 4771 3416 4834 illmn,
3447 4769 3536 4838 qui
3563 4765 3754 4839 plures

2157 4859 2461 4926 seduxerat,
2495 4862 2713 4916 demum
2742 4861 2896 4916 affert
2941 4861 3008 4915 ad
3053 4862 3266 4916 illorum
3297 4861 3749 4918 consolationem.

2155 4953 2455 5021 Antequam
2507 4967 2632 5005 vero
2686 4952 2930 5022 exempla
2979 4952 3238 5023 proferat,
3291 4953 3457 5008 dicit:
3491 4956 3756 5010 Attendite

2155 5043 2293 5096 vobis
2321 5059 2340 5095 :
2376 5041 2439 5095 iis
2481 5057 2610 5095 vero
2661 5042 2858 5107 allatis,
2912 5045 3234 5098 sententiam
3273 5043 3478 5113 profert
3495 5045 3680 5100 dicens
3731 5062 3748 5098 :

2162 5151 2181 5184 ‹
2213 5133 2277 5186 Et
2307 5148 2447 5186 nttnc
2483 5132 2661 5202 itaque
2689 5131 2808 5186 dico
2849 5134 3022 5200 vobis,
3052 5133 3314 5189 Discedite
3344 5135 3410 5188 ab
3442 5134 3751 5189 hominibus

2156 5223 2291 5277 istis.
2317 5224 2405 5278 37.
2436 5222 2567 5278 Post
2592 5222 2735 5278 hunc
2757 5225 2989 5280 surrexit
3016 5225 3182 5281 Judas
3207 5224 3459 5280 Galilzeus
3479 5227 3532 5280 in
3557 5226 3750 5282 diebus

2162 5312 2530 5382 professionis,
2557 5324 2612 5369 et
2635 5316 2826 5371 avertit
2874 5318 3127 5386 popttlum
3174 5317 3398 5372 multum
3430 5327 3551 5387 post
3583 5333 3669 5383 se;
3693 5330 3750 5374 et

2155 5406 2268 5474 ipse
2289 5421 2497 5475 quoque
2526 5407 2710 5474 periit;
2741 5417 2793 5461 et
2830 5424 3037 5474 omnes,
3068 5417 3330 5479 quotquot
3349 5424 3739 5464 consenserunt

2153 5497 2223 5558 ei,
2243 5495 2469 5564 dispersi
2499 5507 2642 5551 sunt.
2665 5498 2754 5553 58.
2783 5498 2848 5553 Et
2893 5515 3033 5553 nunc
3060 5499 3239 5570 itaque
3268 5499 3388 5556 dico
3413 5501 3590 5564 vobis,
3625 5501 3749 5556 Dis-

2153 5587 2326 5643 cedite
2351 5590 2418 5642 ab
2444 5587 2746 5644 hominibus
2763 5590 2902 5652 istis.
2942 5600 2996 5645 et
3022 5592 3182 5645 sinite
3214 5591 3336 5644 illos
3370 5608 3384 5644 :
3417 5590 3670 5660 quoniam
3698 5592 3748 5646 si

2153 5691 2320 5736 estex
2351 5680 2652 5736 hominibus
2677 5681 2958 5735 consilium
2983 5681 3083 5736 hoc
3100 5692 3190 5735 aut
3211 5696 3366 5752 opus,
3390 5681 3746 5754 dissolvetur;

2155 5773 2241 5829 39.
2271 5773 2315 5829 si
2337 5789 2462 5833 vero
2489 5790 2553 5846 es
2579 5773 2686 5830 Deo
2710 5781 2812 5838 est,
2834 5789 2937 5830 non
2963 5775 3206 5844 poteritis
3222 5772 3688 5831 dissolvereillud.
3717 5789 3744 5826 ι
