4084 6174
334 359 422 414 111

336 478 426 533 ἐὰν
517 478 546 529 6
591 474 1076 548 παραμυθούμενος
1112 475 1209 528 καὶ
1259 475 1454 541 ἐλεῶν,
1487 475 1584 528 ἐάν
1692 474 1720 526 6
1753 487 1894 540 παρ-

333 562 465 630 έχων
488 575 503 590 ⁸
534 557 675 612 οὕτω
707 557 822 628 βίον
850 558 1181 628 ἀπράγμονα
1209 558 1303 610 καὶ
1330 556 1550 626 ἀσφαλῆ
1575 554 1761 607 τοῦτον
1787 555 1895 616 πᾶς

333 639 486 697 οἶδεν.
533 639 672 708 Ἐγὼ
691 641 748 693 δέ
779 640 839 692 06
875 639 1036 693 τοῦτο
1063 639 1344 709 παραινῶ’
1397 639 1471 708 μὴ
1509 638 1716 706 γένοιτο
1735 652 1748 666 ο
1778 633 1892 688 ἀλλ’

332 725 467 779 ὥστε
493 723 568 795 μὴ
599 723 830 776 πλούτου
851 722 1002 795 [109]
1035 722 1304 793 ἐφίεσθαι.
1328 723 1462 775 Εἰπὲ
1488 723 1596 793 γάρ
1618 720 1896 792 μοι,τίνας

335 808 395 866 ἂν
411 807 547 860 εἴπω
567 806 762 877 μᾶλλον
785 805 1106 875 μακαρίους,
1127 807 1252 867 τοὺς
1274 805 1604 876 ἐπιτηδείους
1618 804 1753 875 πρὸς
1767 807 1896 875 ἀρε-

333 891 446 962 τὴν,
477 890 510 959 ἢ
537 891 663 952 τοὺς
689 888 892 956 ταύτης
927 888 1116 958 πόῤῥω
1140 885 1577 957 καθεστηκότας;
1636 885 1892 957 Εὔδηλον,

332 975 408 1030 ὅτι
436 976 558 1036 τοὺς
582 971 975 1042 ἐπιτηδείουςι.
1008 969 1104 1032 Τίς
1159 966 1251 1023 οῦν
1302 971 1600 1040 ἐπιτήδειος
1645 972 1782 1039 πρὸς
1833 969 1896 1021 τὸ

334 1059 520 1131 μαθεῖν
547 1076 599 1110 τι
618 1057 726 1110 τῶν
745 1056 1052 1129 χρησίμων,
1082 1055 1174 1108 καὶ
1200 1054 1433 1124 λάμπειν
1475 1057 1556 1131 ἐν,
1591 1052 1893 1124 φιλοσοφίᾳ,

331 1128 478 1206 οὗτος
503 1143 536 1212 ἢ
576 1128 820 1207 ἐκεῖνοςς
851 1139 1020 1192 Παντί
1059 1155 1160 1192 που
1183 1138 1358 1209 δῆλον,
1385 1139 1469 1191 ὅτι
1500 1128 1672 1198 οὗτος.
1727 1137 1790 1188 Et
1837 1135 1894 1188 δέ

332 1227 594 1287 ἀπιστεῖς,
633 1223 890 1292 μάνθανε·
933 1221 1173 1288 ’Δγέσθω
1199 1238 1282 1283 τις
1302 1221 1408 1274 ἀπὸ
1430 1220 1530 1289 τῆς
1558 1221 1762 1290 ἀγορᾶς
1786 1218 1896 1271 τῶν

333 1304 792 1376 προσαιτούντων,
818 1303 910 1356 κα)⁸
934 1303 1090 1367 αὐτὸς
1141 1303 1240 1374 μὲν
1285 1303 1425 1356 ἔστω
1457 1303 1651 1372 πηρὸς,
1700 1301 1893 1372 χωλὸς,

332 1389 520 1452 κυλλός
545 1405 558 1418 ·
595 1387 779 1458 ἕτερος
800 1386 858 1439 δέ
907 1403 989 1448 τις
1035 1387 1195 1448 καλὸς
1249 1384 1349 1455 μέν
1383 1383 1528 1448 ίδεῖν,
1566 1383 1786 1454 ἰσχυρὸς
1817 1383 1895 1454 τῷ

334 1471 568 1542 σώματι,
601 1469 859 1522 πάντοθεν
892 1467 1154 1538 σφριγῶν,
1185 1470 1296 1531 τοῖς
1319 1468 1560 1538 χρήμασι
1608 1466 1896 1538 περιρῤεό⁴

335 1573 496 1626 μενος
517 1571 531 1585 ’
565 1554 719 1623 γένος
747 1553 913 1623 ἐχέτω
942 1552 1208 1623 λαμπρὸν,
1234 1552 1328 1605 καὶ
1377 1550 1690 1605 δυναστείαν
1725 1551 1895 1619 μεγά-

331 1639 451 1709 λην.
491 1635 694 1690 Οὐκοῦν
717 1635 1009 1705 ἀγάγωμεν
1031 1633 1250 1696 τούτους
1271 1635 1350 1696 είς
1375 1633 1437 1687 :6
1458 1633 1556 1704 τῆς
1579 1633 1894 1702 φιλοσοφίας

331 1720 732 1790 παιδευτήριον,
760 1719 852 1770 καὶ
887 1717 1104 1786 ἴδωμεν,
1128 1717 1212 1781 τίς
1242 1716 1421 1770 αὐτῶν
1450 1717 1648 1787 μᾶλλον
1683 1713 1890 1779 δέξεται

331 1804 397 1856 :6
425 1805 521 1872 τῆς
552 1801 892 1865 διδασκαλίας
911 1838 926 1853 .
954 1801 1135 1855 Ἔστω
1159 1799 1288 1870 γοῦν
1332 1801 1392 1853 τὸ
1433 1800 1648 1871 πρῶτον
1681 1799 1892 1870 παράγ-

332 1885 527 1956 γελμα,
558 1883 820 1947 Ταπεινδς
849 1883 940 1936 ἔσο
963 1885 1056 1936 καὶ
1079 1883 1329 1955 μέτριος-ο
1371 1881 1528 1935 τοῦτο
1564 1882 1674 1952 γὰρ
1703 1883 1732 1934 6
1759 1881 1893 1952 Χρι-

334 1969 456 2032 στὸς
479 1966 806 2039 προσέταξε·
841 1967 922 2030 τίς
955 1967 1152 2037 μᾶλλον
1187 1965 1319 2020 αὐτὸ
1356 1965 1698 2036 κατορθῶσαι
1730 1963 1890 2034 δυνή-

335 2071 504 2113 σεται,
533 2046 684 2114 οὗτος
714 2050 747 2120 ἢ
773 2050 1008 2112 ἐκεῖνος;
1053 2046 1342 2115 Μακάριοι
1387 2050 1439 2101 οι
1497 2044 1889 2111 πενθοῦντεςο

330 2135 411 2198 τίς
451 2133 647 2204 μᾶλλον
671 2131 922 2203 προσέξει
952 2131 1028 2202 τῷ
1069 2130 1371 2202 είρημένῳ;
1420 2130 1694 2200 Μακάριοι
1722 2129 1771 2180 οί
1801 2144 1895 2180 τα-

331 2217 526 2270 πεινοίο
552 2216 631 2280 τίς
660 2215 857 2285 μᾶλλον
877 2214 1198 2279 ἁκούσεται;
1229 2213 1513 2280 Μακάριοι
1554 2215 1608 2266 at
1651 2211 1893 2278 καθαροὶ

328 2299 403 2368 τῇ
430 2298 644 2367 καρδίᾳ
665 2314 678 2326 ·
703 2295 984 2367 μακάριοι
1009 2300 1062 2350 οὶ
1095 2294 1414 2362 πεινῶντες
1461 2294 1559 2348 καί
1603 2292 1896 2362 διψῶντες

329 2385 446 2451 τὴν
472 2383 871 2450 δικαιοσύνην
895 2397 908 2412 ⁸
944 2379 1224 2450 μακάριοι
1247 2382 1301 2433 οἱ
1352 2376 1725 2448 δεδιωγμένοι
1771 2376 1896 2430 ἓνε-

327 2485 440 2521 κεν
458 2466 850 2532 δικαιοσύνης
873 2480 888 2495 ·
918 2464 1001 2528 τίς
1020 2463 1254 2527 εὐκόλως
1284 2462 1457 2517 ταῦτα
1511 2459 1893 2525 καταδέξεται;

328 2551 441 2605 Καὶ
471 2552 519 2603 εί
552 2548 750 2619 βούλει,
780 2549 944 2601 πᾶσιν
969 2547 1148 2611 αὐτοῖς
1168 2545 1565 2617 ἐφαρμόσωμεν
1587 2545 1894 2614 ἑκατέρους.

329 2635 442 2706 Οὐχ
473 2633 502 2685 6
533 2633 632 2705 μὲν
662 2631 982 2702 φλεγμαίνει
1013 2631 1102 2683 καὶ
1143 2629 1275 2682 οίδεῖ
1320 2627 1582 2682 πάντοθεν
1610 2643 1625 2658 ·
1659 2628 1689 2679 6
1718 2625 1775 2677 δὲ
1799 2641 1896 2677 τα-

325 2718 678 2785 πεινοφρονεῖ
699 2714 786 2768 65l
811 2713 904 2768 καὶ
933 2713 1284 2766 συνέσταλται
1313 2709 1604 2773 διαπαντός
1625 2725 1638 2774 ;
1663 2706 1897 2777 Εὔδηλον

321 2799 431 2852 ὅτι.
466 2799 626 2851 Ἔστι
664 2798 761 2868 μὲν
787 2792 879 2849 οὖν
901 2796 965 2865 δή
998 2813 1050 2847 τι
1077 2796 1171 2849 καὶ
1190 2794 1318 2857 ἔπος
1349 2792 1556 2846 τοιοῦτο
1598 2793 1708 2854 τοῖς
1767 2789 1900 2855 ἔξω·

322 2881 418 2934 θεν
450 2881 746 2952 εἰρημένον
771 2895 784 2910 ·
829 2877 1022 2940 Δοῦλος
1052 2878 1148 2948 μὲν
1185 2875 1527 2942 Ἐπίκτητος,
1561 2872 1718 2944 σῶμα
1765 2872 1897 2925 ἀνά-

321 2981 530 3034 πηροςο
575 2963 766 3032 πενίην
815 2958 986 3033 Ἶρος,
1031 2961 1125 3012 καὶ
1185 2959 1337 3024 φίλος
1377 2957 1674 3010 ἀθανάτων,
1741 2953 1900 3006 Ἀλλά

315 3047 494 3100 τοῦτο
532 3047 632 3114 μὲν
665 3047 694 3097 ὀ
722 3044 912 3114 πένης.
952 3043 1019 3094 Ἠ
1039 3041 1096 3093 δέ
1116 3038 1212 3092 τοῦ
1241 3038 1496 3091 πλουσίου
1523 3037 1666 3107 ψυχὴ
1690 3037 1901 3090 πάντων

311 3131 496 3202 γέμει
523 3128 632 3181 τῶν
661 3125 867 3188 κακῶν,
895 3123 1174 3188 ἀπονοίας,
1240 3122 1564 3186 κενοδοξίας,
1602 3119 1902 3190 ἐπιθυμιῶν

309 3213 575 3285 μυρίων,
604 3210 773 3281 ὀργῆς
806 3209 900 3263 καὶ
937 3206 1128 3278 θυμοῦ,
1161 3205 1492 3272 πλεονεξίας,
1531 3203 1758 3266 ἀδικίας,
1811 3203 1904 3285 καὶ

304 3299 360 3350 ετ
388 3284 559 3354 τινος
587 3293 793 3364 ἐτέρου.
833 3293 974 3361 ’Δρα
998 3289 1248 3361 φανερὸν,
1277 3289 1359 3342 ὅτι
1409 3287 1544 3360 πρὸς
1589 3284 1902 3355 φιλοσοφίαν

307 3380 464 3449 αὕτη
497 3375 803 3446 ἐπιτηδεία,
839 3375 871 3445 ἢ
902 3373 1105 3444 ἐκείνη.
1127 3375 1346 3436 Πάντως
1377 3372 1587 3441 ζητεῖτε
1611 3371 1820 3440 μαθεῖν,
1849 3368 1902 3422 τί

305 3464 541 3534 μᾶλλον
560 3459 707 3530 ἥδιον
729 3474 742 3487 ·
775 3459 930 3511 τοῦτο
954 3456 1059 3528 γὰρ
1112 3455 1261 3526 παρά
1307 3454 1518 3516 πολλοῖς
1576 3453 1902 3522 ζητούμενον

301 3546 452 3616 ὁρῶ,
505 3544 567 3596 ετ
612 3559 675 3610 γε
721 3539 858 3611 αὕτη
907 3540 1071 3610 ἡδίων
1113 3541 1146 3610 ἠ
1202 3538 1463 3610 διαγωγή.
1497 3537 1608 3591 Καὶ
1648 3536 1753 3607 μὴν
1784 3535 1930 3604 οὐδὲ,

310 3629 466 3699 ὺπέρ
526 3624 726 3677 τούτου
786 3621 1145 3693 ἀμφιϐάλλειν
1193 3622 1336 3692 χρή·
1379 3623 1407 3674 6
1451 3620 1559 3690 γὰρ
1609 3619 1775 3686 ἐγγὺς
1804 3617 1902 3686 τῆς

301 3711 544 3780 ὑγείας,
576 3704 731 3770 06:0;
757 3707 848 3759 καὶ
875 3707 930 3759 ἐν
957 3705 1115 3776 ἡδονῇ
1141 3703 1330 3774 πολλῇ.
1365 3702 1460 3765 Τίς
1491 3701 1568 3765 δέ,
1608 3701 1729 3754 εἰπέ
1791 3716 1901 3770 μοι,

302 3795 453 3864 πρὸς
487 3793 560 3845 τὸ
584 3789 940 3862 προκείμενον
970 3790 1018 3852 ι),
1035 3787 1171 3856 ὅπερ
1194 3785 1513 3856 βουλόμεθα,
1539 3783 1900 3855 κατορθῶσαι.
1927 3853 1931 3860 η

295 3879 398 3931 τὸν
455 3875 644 3946 νόμον
699 3871 890 3925 τοῦτον
943 3869 1120 3938 λέγω,
1172 3869 1493 3939 ἐπιτήδειος,
1544 3868 1572 3919 6
1616 3865 1844 3938 πένηςῆ
1875 3867 1904 3918 6

298 3957 614 4021 πλουτῶν;
647 3955 731 4018 τίς
765 3952 1001 4015 εὐκόλως
1027 3953 1260 4022 ὀμεῖται,
1286 3951 1314 4002 6
1342 3951 1479 4022 πρὸς
1509 3950 1703 4015 παῖδας
1763 3966 1906 4020 παρ-

289 4044 677 4114 οξυνόμενος,
715 4042 743 4093 6
772 4038 907 4110 πρὸς
941 4036 1162 4108 μυρίους
1195 4033 1333 4105 έχων
1359 4033 1794 4105 συναλλάγματα,
1823 4031 1905 4102 ἢὸ

360 4178 390 4206 ⁸
423 4174 541 4225 Alii
563 4172 853 4230 εῦδηλονὸτι
885 4169 993 4226 τοὺς
1007 4169 1155 4232 ἐγγύς.
1221 4166 1250 4208 δ
1273 4167 1446 4216 Morel.
1475 4168 1654 4231 πρὸςτὸ
1672 4170 1904 4233 κείμενον.

1326 351 1392 406 ΙΝ
1433 349 1616 406 ACTA
1653 342 2182 403 APOSTOLORUM.
2217 338 2449 397 HOMIL.
2487 339 2626 397 XIV.

3461 331 3566 387 112

1993 478 2234 550 προσιὼν
2284 478 2423 551 ὑπὲρ
2469 477 2636 548 ἄρτου
2697 475 2730 546 ἢ
2783 472 2995 545 ίματίου
3035 473 3182 536 ένός;
3228 462 3392 532 06:0;
3441 465 3562 520 οὐδὲ

1994 565 2241 633 ἀνάγκην
2265 563 2443 633 ὅρκων
2475 561 2606 631 ἔχει,
2644 559 2738 613 ἐὰν
2761 558 2912 628 θέλῃ,
2935 556 3048 610 ἁλλ’
3079 557 3164 608 ἀεὶ
3191 556 3247 607 ἐν
3273 553 3563 622 ἀπραγμο·

1998 647 2132 719 σύνῃ
2163 645 2372 714 διάγει’
2408 645 2606 715 μᾶλλον
2630 643 2686 696 δὲ
2711 645 2740 695 6
2776 640 3164 709 παιδευόμενος
3204 637 3277 707 μὴ
3312 633 3561 705 ὀμνύναι,

1995 731 2090 783 καὶ
2136 730 2432 800 χρημάτων
2481 727 2880 798 καταφρονήσει
2907 723 3185 784 πολλάκις,
3223 720 3316 773 καὶ
3363 733 3568 800 πανταζ-

1993 811 2090 883 χοῦ
2115 797 2212 882 τῆς
2236 797 2436 883 ἀρετῆς
2472 811 2569 872 τὰς
2587 797 2740 872 ὁδοὺς
2762 806 3098 878 τεμνομένας
3117 803 3224 857 ἀπὸ
3258 802 3446 855 τούτου
3468 797 3564 883 τοῦ

1994 882 2160 948 καλοῦ
2194 882 2292 946 ἴδοι
2319 911 2402 956 τις
2433 893 2518 957 ἂν,
2549 893 2642 946 καὶ
2675 892 2854 953 πάσας
2892 888 3162 959 φερούσας
3212 885 3347 956 1:96;
3396 882 3567 935 ἐπιεί-

1994 994 2166 1040 κειαν,
2199 976 2335 1045 πρὸς
2363 975 2660 1046 χρημάτων
2708 971 3027 1044 ὑπεροψίαν,
3082 969 3218 1039 πρὸς
3258 965 3564 1027 εὐλάϐειαν,

1994 1059 2131 1130 πρὸς
2163 1060 2489 1110 κατάστασιν
2515 1057 2710 1127 ψυχῆς,
2742 1056 2876 1126 πρὸς
2903 1053 3210 1117 κατάνυξιν.

2065 1139 2156 1210 Μὴ
2172 1141 2235 1210 δὴ
2267 1139 2621 1210 ρᾳθυμῶμεν,
2655 1137 2951 1207 ἀγαπητοὶ,
2985 1135 3121 1188 ἀλλά
3169 1133 3329 1186 πάλιν
3366 1129 3565 1200 πολλὴν

1995 1222 2352 1293 ποιησώμεθα
2426 1223 2527 1292 τὴν
2599 1221 2866 1290 σπουδήν·
2935 1220 2984 1272 οί
3049 1219 3147 1289 μέν
3207 1215 3566 1286 κατωρθωκό-

1992 1329 2124 1376 τες,
2184 1311 2324 1364 ὦστε
2388 1310 2617 1380 φυλάξαι
2684 1311 2744 1362 :6
2812 1307 3156 1379 κατορθωθέν
3189 1345 3204 1369 ,
3268 1305 3409 1359 ὥστε
3490 1306 3565 1376 μὴ

1994 1395 2228 1459 εὐκόλως
2291 1395 2566 1466 ἀπορροήν
2621 1410 2739 1447 τινα
2799 1391 3179 1461 γενέσθαικαὶ
3248 1389 3568 1460 παλίρῤοιαν

1994 1480 2075 1542 είς
2131 1477 2371 1530 τούπίσω
2407 1488 2465 1516 ο·
2524 1477 2574 1528 οί
2623 1475 2680 1528 δέ
2747 1475 2828 1528 ἔτι
2882 1475 3208 1544 λειπόμενοι,
3255 1472 3392 1525 ὥστε
3446 1472 3569 1525 δια-

1995 1561 2294 1629 ναστῆναι,
2359 1559 2499 1612 ὥστε
2563 1559 2859 1612 σπουδάσαι
2913 1559 2972 1612 :6
3025 1557 3207 1609 λεῖπον
3259 1555 3565 1626 πληρῶσαι.

1996 1643 2107 1695 Καὶ
2136 1642 2272 1704 τέως
2301 1643 2348 1694 οί
2401 1639 2839 1710 κατορθώσαντες
2864 1640 2988 1703 τοὺς
3035 1641 3200 1709 μήπω
3221 1638 3564 1709 δυνηθέντας,

1993 1726 2242 1796 καθάπερ
2254 1727 2312 1776 ἐν
2329 1724 2550 1792 πελάγει
2567 1724 2884 1794 νηχομένοις
2904 1723 2999 1785 τάς
3015 1725 3198 1793 χεῖρας
3220 1722 3566 1786 ἐκτείνοντες,

1992 1810 2050 1861 ἐν
2077 1807 2152 1878 τῷ
2177 1806 2352 1876 λιμένι
2396 1807 2494 1876 τῆς
2525 1806 2832 1874 ἀνωμοσίας
2862 1805 3220 1874 δεχέσθωσαν.
3255 1804 3430 1874 Λιμὴν
3457 1804 3564 1873 γὰρ

1991 1891 2160 1953 ὄντως
2195 1888 2461 1959 ἀσφαλὴς,
2486 1888 2548 1940 τὸ
2589 1886 2670 1959 [11
2691 1888 2746 1959 0]
2778 1889 2852 1959 μὴ
2874 1887 3122 1957 ὀμνύναιο
3140 1887 3474 1957 λιμὴν,ιπρδς
3507 1885 3570 1938 :6

1995 1973 2070 2044 μὴ
2099 1969 2587 2035 καταποντίζεσθαι
2625 1970 2730 2022 ὑπὸ
2762 1969 2870 2022 τῶν
2909 1971 3355 2040 προσπιπτόντων
3409 1985 3570 2020 πνευ-

1996 2057 2200 2127 μάτων.
2251 2054 2370 2108 Κᾶν
2405 2055 2514 2126 γάρ
2545 2055 2704 2125 ὀργὴ,
2767 2054 2869 2107 κᾶν
2926 2055 3179 2124 ἐπήρεια,
3241 2051 3342 2104 κᾶν
3399 2051 3568 2120 θυμὸς

1994 2138 2286 2210 ὑπερζέσῃ,
2326 2136 2424 2190 κᾶν
2453 2136 2649 2199 ὁτιοῦν,
2675 2135 2872 2207 ἡψυχὴ
2904 2137 2962 2188 ἐν
2993 2135 3263 2207 ἀσφαλείᾳ
3307 2133 3570 2201 καθέστη-

1993 2239 2108 2285 κεν,
2135 2220 2275 2275 ὤστε
2306 2220 2414 2273 οὐδ’
2441 2219 2506 2274 ἂν
2546 2219 2750 2291 ἐκϐάλῃ
2779 2235 2831 2271 τι
2861 2219 2968 2273 τῶν
2993 2219 3092 2271 οὐκ
3137 2217 3456 2287 ὀφειλόντων
3493 2219 3568 2268 εξ-

1997 2305 2191 2377 ρῆσθαι
2210 2321 2224 2336 ⁸
2249 2305 2310 2357 οὐ
2331 2303 2440 2374 γὰρ
2470 2305 2551 2366 είς
2578 2303 2822 2373 ἀνάγκην
2849 2301 3181 2372 κατέστησεν
3202 2300 3419 2371 ἑαυτὴν,
3449 2300 3569 2353 οὐδέ

1995 2388 2177 2459 νόμον.
2220 2388 2361 2459 Ὅρα
2399 2387 2452 2439 τί
2495 2386 2583 2440 διά
2629 2387 2721 2439 τὸν
2777 2387 2938 2458 ὅρκον
2985 2385 3242 2456 ἐποίησεν
3284 2383 3562 2454 Ἡρώδηςο

1995 2470 2093 2540 τὴν
2145 2471 2386 2540 κεφαλὴν
2439 2469 2675 2541 ἀπέτεμε
2722 2469 2815 2522 τοῦ
2870 2468 3205 2540 Προδρόμου.
3261 2467 3366 2520 Διὰ
3426 2466 3570 2530 τοὺς

1997 2552 2214 2618 ὅρκους
2259 2551 2388 2621 γάρ,
2412 2553 2561 2620 φησὶ,
2595 2552 2692 2605 καί
2728 2550 2868 2616 τοὺς
2887 2551 3433 2620 συνανακειμένους
3456 2551 3566 2603 οὐκ

1995 2633 2296 2702 ἠθέλησεν
2335 2633 2527 2700 αὐτὴν
2563 2632 2868 2700 ἀθετῆσαι.
2905 2633 2971 2686 Τί
3005 2633 3068 2686 δι’
3101 2635 3262 2703 ὅρκον
3293 2633 3568 2686 πεπόνθα-

1999 2734 2083 2769 σιν
2123 2717 2178 2769 αί
2212 2716 2376 2784 φυλαὶ
2416 2716 2508 2768 ἐπὶ
2552 2717 2650 2786 τῆς
2692 2715 2948 2786 Βενιαμὶν
2969 2716 3177 2786 φυλῆς;
3211 2717 3264 2768 τί
3314 2716 3381 2770 δι’
3409 2717 3570 2786 ὅρκον

1999 2797 2323 2851 πέπονθενό
2375 2796 2581 2861 Σαούλ;
2643 2797 2700 2850 '0
2757 2798 2856 2865 μέν
2907 2797 3014 2866 γὰρ
3065 2797 3483 2868 ἐπιώρκησεν,ὀ
3516 2798 3571 2851 δέ

1984 2878 2256 2951 ’Ἡρώδης
2311 2879 2404 2933 καὶ
2443 2879 2541 2949 τῆς
2588 2878 2869 2947 ἐπιορκίας
2912 2881 3091 2948 χεῖρον
3143 2880 3453 2948 εἰργάσατο,
3482 2879 3572 2932 τὸν

2002 2964 2179 3031 φόνον.
2204 2960 2371 3014 Πάλιν
2398 2959 2644 3030 όἸησοῦς
2669 2959 2756 3012 διά
2781 2959 2872 3012 τὸν
2904 2960 3065 3030 ὅρκον
3099 2961 3190 3013 ἐπὶ
3210 2961 3316 3013 τῶν
3350 2961 3572 3014 Γαϐαω-

2000 3045 2160 3099 νιτών
2181 3039 2268 3098 οἷα
2312 3044 2574 3097 πέπονθεν
2597 3042 2790 3110 ἔγνως.
2835 3042 3107 3114 Σατανικὴ
3131 3044 3235 3116 γὰρ
3263 3045 3429 3108 ὅντως
3457 3046 3572 3098 ἐστὶ

2001 3129 2165 3196 παγὶς
2212 3129 2272 3180 τὸ
2299 3127 2547 3198 ὀμνύναι.
2603 3127 2990 3199 Διαρῤήξωμεν
3027 3128 3203 3181 τοίνυν
3236 3128 3299 3180 :6
3341 3129 3569 3199 σχοινία,

2003 3211 2094 3263 καὶ
2137 3210 2195 3262 ἐν
2237 3209 2454 3281 εὐκολίᾳ
2482 3212 2894 3280 καταστήσομεν
2921 3209 3146 3274 ἑαυτοὺς
3179 3211 3359 3280 πάσης
3402 3210 3573 3280 φυλα-

2001 3294 2125 3361 κῆς.
2173 3293 2601 3364 Ἀπαλλαγῶμεν
2633 3297 2731 3364 τῆς
2775 3293 3065 3362 σατανικῆς
3092 3293 3346 3361 παγίδος·
3405 3296 3572 3366 φοϐη-

2003 3373 2183 3445 θῶμεν
2216 3374 2315 3446 τὴν
2355 3375 2570 3446 ἐντολὴν
2615 3377 2716 3446 τὴν
2749 3377 3136 3446 Δεσποτικήν⁶.
3161 3375 3240 3439 είς
3285 3377 3572 3447 συνήθειαν

2002 3457 2226 3528 ἀρίστην
2245 3459 2470 3521 ἑαυτοὺς
2493 3458 2815 3529 ἐμϐάλωμεν
2837 3457 2865 3497 ά
2882 3473 2896 3489 ο
2927 3459 3012 3509 ἵνα
3034 3456 3135 3526 ὁδῷ
3167 3457 3568 3527 προϐαίνοντες,

2002 3539 2096 3593 καὶ
2142 3538 2346 3610 ταύτην
2397 3541 2490 3594 καὶ
2544 3541 2642 3602 τὰς
2689 3540 2880 3602 λοιπὰς
2933 3539 3149 3601 ἐντολὰς
3197 3540 3572 3610 κατορθώσαν-

2002 3639 2115 3685 τες,
2169 3622 2277 3676 τῶν
2332 3622 2754 3693 ἐπηγγελμένων
2810 3620 3150 3692 ἐπιτύχωμεν
3196 3622 3413 3691 ἀγαθῶν
3459 3627 3572 3689 τοῖς

2003 3707 2288 3770 ἀγαπῶσιν
2351 3707 2553 3771 αὐτὸν,
2617 3706 2798 3776 χάριτι
2860 3705 2954 3758 καὶ
3037 3704 3415 3778 φιλανθρωπίᾳ
3475 3709 3570 3762 τοῦ

2004 3788 2207 3858 Κυρίου
2245 3787 2400 3858 ἡμῶν
2451 3787 2624 3857 Ἰησοῦ
2663 3787 2937 3859 Χριστοῦ,
3000 3787 3118 3857 μεθ’
3147 3782 3206 3842 οὗ
3262 3788 3340 3860 τῷ
3398 3790 3573 3861 Πατρὶ

2005 3869 2119 3940 ἅμα
2154 3868 2234 3939 τῷ
2262 3870 2401 3940 ἁγίῳ
2432 3869 2705 3940 Πνεύματι
2727 3868 2873 3935 δόξα,
2900 3870 3115 3942 κράτος,
3171 3872 3324 3941 τιμὴ,
3355 3871 3448 3925 νῦν
3479 3875 3573 3927 καὶ

2005 3951 2112 4017 ἀεὶ,
2143 3952 2236 4004 καὶ
2255 3952 2332 4014 είς
2359 3952 2486 4014 τοὺς
2515 3951 2717 4014 αίῶνας
2755 3951 2862 4004 τῶν
2890 3950 3121 4007 αἰώνων.
3163 3953 3356 4024 Ἀμήν.

2069 4088 2231 4154 {Alii
2265 4090 2330 4154 εἷς
2370 4089 2613 4154 τούπίσω,
2642 4089 2723 4136 καὶ
2761 4093 2875 4148 τοὺς
2893 4091 2940 4139 ἐν
2962 4092 3030 4153 τῷ
3053 4090 3245 4153 πελάγει
3268 4094 3568 4154 νηχομένους.

2007 4148 2037 4191 ἀ
2057 4151 2156 4202 Alii
2175 4152 2367 4208 ἑαυτοὺς
2385 4151 2775 4212 καταστήσωμεν.

1732 4352 1830 4402 ΟΜ
1839 4351 1974 4404 [AIA
2021 4354 2118 4404 IA'.

297 4449 638 4512 Ἀναστὰς
672 4444 740 4497 δέ
807 4460 901 4508 τις
954 4442 1023 4512 ἐν
1069 4439 1150 4504 τῷ
1195 4439 1490 4512 συῗεδρίῳ
1550 4441 1866 4512 Φαρισαῖος
1888 4482 1904 4505 ο

355 4506 678 4588 ὀνόματὶ-
713 4506 1049 4588 ιῗαιέάυὲιὴυὲν
1125 4506 1661 4588 νομςιὲιδάετκαιίοςν
1698 4510 1908 4588 ,τίμιος

354 4576 568 4645 παὶτὶ
603 4583 692 4648 τῷ
720 4576 866 4645 λαῷ,
890 4576 1216 4632 ἐκέλευσεν
1242 4576 1355 4641 ἔξω
1385 4577 1582 4646 ,βραχὺ
1619 4576 1908 4642 τοὺς’ἀν..

349 4661 674 4729 θρὼπους
697 4650 996 4721 γενέσθαι.

350 4767 426 4814 α’.
468 4753 675 4815 Οὗτος
713 4753 742 4803 6
771 4746 1075 4820 Γαμαλιὴλ,
1102 4743 1316 4798 Παύλου
1340 4743 1652 4808 διδάσκαλος
1673 4740 1758 4815 ἦν.
1799 4742 1909 4796 Καὶ

275 4844 602 4916 θαυμάσαι
636 4836 814 4900 ἀξιον,
845 4833 961 4896 πῶς
993 4833 1088 4885 καὶ
1106 4830 1205 4892 :6;
1233 4828 1372 4882 κατά
1392 4828 1515 4882 νοῦν
1544 4828 1751 4895 κρίσεις
1771 4827 1907 4897 ἔχων

275 4931 374 4982 καὶ
392 4908 778 4996 ’νομομαθὴς
817 4916 912 4980 ὢν,
945 4915 1153 4968 οὐδέπω
1183 4912 1686 4996 ἐπίστευσενηούκ
1716 4908 1907 4963 ἔστιδὲ

274 5012 446 5067 αὐτὸν
481 4993 708 5082 μεῖναι
763 4999 836 5071 μὴ
870 4997 1232 5082 πιστεύσαντα
1257 4996 1322 5048 δι’
1349 4995 1491 5082 ὅλου.
1509 4994 1636 5082 ’Καὶ
1667 4993 1821 5065 δῆλον
1844 4993 1908 5082 ἐκ

271 5096 382 5147 τῶν
450 5072 766 5164 ρἠάτων
813 5081 998 5143 αὐτοῦ,
1057 5079 1124 5132 δι’
1163 5072 1238 5131 ὧν
1301 5075 1673 5148 συμϐουλεύει.
1746 5073 1906 5130 Ἐκέ-

268 5157 474 5233 λευσέ
508 5157 678 5245 -ξξὰρ,
736 5165 922 5236 φησὶν,
957 5161 1074 5245 ἔξω
1124 5161 1321 5245 ,βραχύ
1379 5160 1520 5245 τοὺς
1561 5157 1908 5245 ἀνθρώπους

267 5241 577 5328 ποιῆσαι.
607 5241 619 5243 _
647 5252 805 5320 ’Ὅρα
852 5246 949 5315 τὴν
994 5242 1213 5328 ,σύνεσιν
1255 5243 1375 5328 τῆςΔ
1406 5241 1786 5328 ᾆημηῖῗρίαςζ
1816 5241 1909 5328 mf.

268 5321 682 5406 πῶςάὐτοὺς
717 5329 920 5391 εὐθέως
957 5327 1036 5389 είς
1062 5323 1224 5393 φόϐον
1252 5322 1522 5376 ἐσέϐαλεν.
1555 5323 1716 5376 Ὥστε
1834 5322 1907 5392 μὴ

263 5405 750 5491 ὑπόπτευθῆναι
788 5425 810 5454 ο
866 5411 1026 5466 αὐτὸν
1079 5408 1153 5471 ὼς
1195 5408 1263 5459 τά
1320 5406 1540 5458 ἐκείνων
1591 5405 1907 5476 φρονοῦντα,

261 5511 336 5575 ὡς
363 5513 527 5583 πρὸς
584 5487 1007 5583 ὁμογνώμονας
1061 5488 1412 5583 διαλέγεται,“
1438 5488 1640 5583 zeal-06A
1651 5487 1818 5578 πολλῇ
1841 5490 1908 5558 τῇ

263 5567 648 5668 σφοδρότητι
715 5581 1001 5668 κέχρηται,
1040 5571 1177 5668 ’ἀλλζ
1211 5571 1287 5633 ὠς
1319 5568 1424 5668 ύ-πὸ
1475 5568 1587 5668 τοῦ.
1613 5567 1783 5639 θυμοῦ
1824 5585 1912 5638 με-

259 5652 523 5742 θύουσιν,
552 5652 567 5663 ’
585 5669 767 5727 οὕτω
800 5661 962 5733 φησίν
979 5676 996 5691 ’
1017 5655 1278 5742 κἈΥδΡε
1321 5652 1699 5742 ἰσραηῖλῖται’
1727 5666 1912 5742 7‘99?

258 5761 436 5834 ἐχετε
462 5733 787 5816 ἐξευτοῖς,
813 5744 919 5834 ἐπί
933 5741 1068 5834 τοῖς
1095 5733 1679 5834 ἀνθρώποιςὶτούτρὶις.
1691 5733 1906 5834 risui/1-

273 5815 423 5902 ἐῖξέ
447 5840 844 5914 πράσσειν.
899 5827 992 5898 Μὴ
1047 5821 1250 5884 ἁπλῶς,
1309 5817 1460 5890 φησὶ,
1492 5816 1624 5887 μηδέ
1650 5815 1725 5880 ὡς
1753 5815 1908 5887 ἔτυχε

320 5963 345 5993 ο
379 5955 686 6024 Ὲνέδαλε,
747 5945 824 5994 καὶ
857 5943 981 5990 ὥστε
1022 5938 1084 5999 μή
1108 5934 1464 5992 ὑποπτευθῆναι,
1493 5932 1564 5980 sic
1586 5943 1724 5981 unus.

1635 6058 1641 6073 ‘.
1709 6069 1713 6073 .
1739 6055 1837 6072 Ἅιδη.-

2010 4439 2260 4512 φέρεσθε.
2308 4439 2428 4508 Πρὸ
2479 4439 2588 4508 γὰρ
2641 4439 2864 4493 τούτων
2901 4437 3017 4491 τῶν
3065 4436 3296 4506 ἡμερῶν
3345 4439 3568 4510 ἀνέστη

2011 4522 2254 4587 Θευδᾶς,
2293 4521 2504 4592 λέγων,
2542 4517 2696 4575 εἶναι
2727 4537 2861 4574 τινα
2901 4519 3136 4584 ἑαυτὸν,
3165 4512 3213 4586 ᾧ
3244 4527 3572 4588 προσεκαλ-

2007 4605 2167 4674 λήθη
2189 4603 2432 4673 ἀριθμὸς
2498 4602 2732 4672 ἀνδρῶν
2770 4603 2850 4669 ὡς
2898 4605 3325 4674 τετρακοσίων
3368 4604 3436 4672 ὃς
3464 4607 3570 4660 ἀν-

2007 4686 2208 4756 ῃρέθη·
2240 4687 2337 4741 καὶ
2362 4685 2581 4752 πάντες
2608 4685 2740 4740 ὅσοι
2769 4687 3076 4741 ἐπείθοντο
3102 4686 3278 4752 αὐτῷ.
3301 4687 3572 4758 διελύθη-

2009 4787 2131 4824 σαν
2166 4776 2263 4824 καὶ
2294 4768 2572 4840 ἐγένοντο
2597 4772 2683 4835 είς
2719 4769 2917 4824 οὐδέν.
2960 4769 3090 4822 Ἀπὸ
3116 4770 3569 4843 παραδειγμάτων

2008 4856 2203 4917 αὐτοὺς
2257 4853 2597 4924 σωφρονίζει,
2629 4853 2726 4906 καὶ
2776 4853 2865 4906 τὸν
2905 4852 3155 4916 πλείονας
3187 4855 3569 4925 ἀποστήσαντα

2009 4935 2231 5007 ὕστερον
2257 4936 2435 5004 τίθησι
2452 4931 2942 5004 παραμυθούμενος
2958 4934 3170 4998 αὐτούς.
3202 4936 3314 5007 Πρὸ
3339 4939 3441 5006 μὲν
3473 4933 3568 4990 οὖν

2007 5019 2098 5072 τοῦ
2129 5019 2196 5072 :6
2226 5017 2643 5088 παραδείγματα
2659 5014 2707 5086 [1
2723 5015 2808 5087 11]
2828 5019 3019 5079 εἰπεῖν,
3039 5017 3204 5084 λέγει,
3235 5019 3569 5088 Προσέχετε

2008 5101 2266 5167 ἑαυτοῖςο
2331 5099 2514 5169 ἐπειδὴ
2563 5099 2618 5151 δέ
2680 5098 2896 5163 ἔδειξεν,
2951 5100 3308 5170 ἀποφαίνεται
3356 5103 3565 5171 λέγων’

2007 5182 2116 5238 Καὶ
2162 5181 2236 5236 τὰ
2296 5180 2412 5233 νῦν
2463 5179 2618 5247 λέγω
2675 5181 2836 5249 ὑμῖν,
2901 5183 3219 5251 Ἀπόστητε
3284 5184 3400 5238 ἀπὸ
3449 5183 3569 5237 τῶν

2007 5262 2331 5332 ἀνθρώπων
2366 5263 2606 5318 τούτων.
2640 5264 2802 5317 Μετὰ
2844 5264 3055 5319 τοῦτον
3091 5265 3317 5332 ἀνέστη
3352 5267 3569 5335 Ἰούδας

2009 5351 2044 5402 ὁ
2095 5343 2416 5408 Γαλιλαῖος
2469 5343 2538 5396 ἐν
2579 5344 2707 5410 ταῖς
2758 5344 3005 5415 ἡμέραις
3036 5346 3147 5414 τῆς
3196 5349 3566 5417 ἀπογραφῆς,

2009 5429 2108 5484 καί
2155 5426 2506 5496 ἀπέστησεν
2553 5427 2760 5479 ἱκανὸν
2784 5429 2938 5483 λαὸν
2964 5431 3154 5482 ὀπίσω
3205 5431 3421 5485 αὐτοῦ·
3461 5434 3568 5489 κά-

2015 5511 2206 5573 κεῖνος
2270 5507 2538 5566 ἀπώλετο
2559 5549 2574 5572 ,
2634 5509 2734 5562 καί
2799 5510 3018 5577 πάντες
3069 5510 3203 5566 ὅσοι
3261 5512 3569 5570 ἐπείθοντο

2012 5596 2192 5662 αὐτῷ,
2237 5592 2807 5658 διεσκορπίσθησαν.
2868 5594 2978 5648 Καὶ
3015 5595 3202 5649 τανῦν
3225 5596 3380 5667 λέγω
3407 5600 3567 5670 ὑμῖν⁹

2024 5681 2342 5746 Ἀπόστητε
2384 5673 2502 5727 ἀπὸ
2536 5671 2652 5725 τῶν
2678 5674 3000 5742 ἀνθρώπων
3026 5677 3270 5746 τούτων,
3323 5682 3422 5735 καὶ
3469 5683 3566 5739 ἐά-

2011 5779 2158 5819 σατε
2185 5757 2405 5823 αὐτούς
2424 5771 2436 5783 ·
2479 5754 2588 5818 ὅτι,
2621 5755 2811 5824 ἐὰν-,ᾖ
2841 5757 2908 5822 ἐξ
2945 5758 3266 5826 ἀνθρώπων
3291 5765 3330 5833 ἡ
3363 5767 3566 5837 ,βουλὴ

2012 5847 2162 5911 αὕτη
2207 5841 2243 5910 ἢ
2290 5839 2357 5894 τὸ
2403 5838 2578 5908 ἔργον
2615 5838 2807 5905 τοῦτο,
2857 5843 3361 5910 καταλυθήσεται·
3399 5853 3453 5904 εὶ
3497 5852 3566 5905 aa

2015 5933 2082 5985 ἐκ
2115 5925 2258 5982 Θεοῦ
2308 5924 2495 5988 ἐστιν,
2539 5922 2609 5976 06
2650 5921 2988 5991 δυνήσεσθε
3037 5931 3369 5988 καταλῦσαι
3398 5937 3564 5992 αὐτό.
