4084 6174
489 308 596 363 “5

503 419 652 474 Ὦσεὶ
683 418 897 486 ἔλεγεν·
948 416 1291 487 Ἀνάσχεσθε,
1344 419 1439 473 καὶ
1484 418 1578 472 ἐὰν
1611 419 1670 486 ἐξ
1725 417 1935 472 ἑαυτῶν
1982 416 2076 470 καί⁵

485 498 632 560 οὗτοι
664 502 1016 571 συνέστησαν,
1041 500 1190 552 οὐδὲν
1214 499 1445 554 κωλύσει
1488 505 1582 555 καὶ
1615 503 1810 565 αὐτοὺς
1841 498 2075 554 καταλυ-

489 589 665 659 θῆναι.
699 585 943 650 Μήποτε
995 583 1096 635 καί
1135 583 1423 652 Θεομάχοι
1459 584 1755 652 εὑρεθῆτε.
1806 584 1917 637 Καὶ
1976 581 2065 634 διὰ

491 671 586 726 τοῦ
635 671 916 732 ἀδυνάτου,
973 669 1068 720 καὶ
1112 667 1197 720 διὰ
1257 667 1351 720 τοῦ
1401 669 1719 741 ἀσυμφόρου
1769 667 2068 739 ἀποτρέπει

487 754 703 817 αὐτούς.
757 754 870 806 Οὐκ
923 746 1042 804 εἶπε
1101 751 1157 803 δὲ
1197 751 1299 804 ὑπὸ
1333 752 1477 814 τίνος
1530 752 1898 824 ἀνῃρέθησαν,
1956 748 2067 804 ἀλλ’

488 836 693 903 ἁπλῶς,
720 837 802 890 ὅτι
823 834 1160 906 διελύθησαν,
1193 837 1332 905 τάχα
1352 836 1426 896 ὡς
1466 836 1761 905 παρέλκον.
1798 836 1876 890 Δι’
1898 828 1972 889 ὧν
2011 834 2068 887 δὲ

487 923 797 993 ὑποτίθησι.
867 920 1144 984 διδάσκει,
1213 921 1292 974 ὅτι
1355 921 1418 974 Εἰ
1479 922 1578 989 μὲν
1622 921 1960 994 ἀνθρώπινον
2011 918 2070 972 τὸ

487 1007 668 1079 ἔργον,
719 1006 870 1058 οὐδὲν
913 1005 1092 1076 δεήσει
1139 1006 1478 1076 πραγμάτων
1518 1005 1678 1076 ὑμῖν·
1720 1008 1769 1058 εἰ
1821 1006 1876 1058 δὲ
1929 1003 2069 1058 θεῖόν

489 1092 658 1151 ἐστιν,
681 1089 800 1142 οὐδὲ
834 1087 969 1160 μετὰ
997 1089 1334 1159 πραγμάτων
1351 1088 1646 1158 δυνήσεσθε
1667 1088 2066 1161 περιγενέσθαι.

489 1173 650 1228 Οὕτω
683 1172 813 1242 γοῦν
839 1173 932 1225 καὶ
969 1175 996 1225 ὁ
1024 1172 1179 1240 λόγος
1213 1174 1428 1236 συνετὸς
1458 1173 1656 1240 ἔδοξεν,
1691 1176 1772 1228 ὅτι
1802 1174 1896 1228 καὶ
1920 1173 2071 1227 ἐπεί-

493 1258 700 1326 σθησαν
758 1256 896 1309 ὥστε
967 1257 1041 1328 μὴ
1099 1257 1309 1310 ἀνελεῖν
1362 1259 1581 1321 αὐτοὺς,
1627 1257 1760 1311 ἀλλά
1817 1256 2072 1329 μαστίξαι

492 1341 673 1411 μόνον.
705 1341 1106 1406 Ἐπείσθησαν
1134 1341 1242 1410 γάρ
1267 1340 1445 1404 αὐτῷ,
1476 1342 1636 1411 φησί·
1680 1341 1777 1394 καί
1803 1354 2070 1409 προσκα-

489 1424 813 1492 λεσάμενοι
869 1422 1012 1486 τοὺς
1048 1424 1451 1488 ἀποστόλους.
1499 1424 1806 1493 δείραντες
1848 1424 2074 1494 παρήγ-

490 1511 699 1577 γειλαν
735 1506 818 1576 μὴ
868 1505 1082 1560 λαλεῖν
1129 1506 1226 1558 ἐπὶ
1281 1506 1363 1572 τῷ
1397 1509 1638 1576 ὀνόματι
1699 1509 1805 1562 τοῦ
1847 1507 2070 1574 Ἰησοῦ,

495 1591 594 1645 καὶ
645 1591 970 1644 ἀπέλυσαν
1023 1591 1264 1656 αὐτούς.
1308 1591 1470 1660 Ὅρα,
1525 1591 1663 1662 μετά
1711 1591 1852 1644 πόσα
1883 1590 2074 1662 μαστί-

491 1675 678 1738 ζονται
738 1672 992 1744 θαύματα
1037 1685 1084 1728 α.
1144 1673 1253 1726 Καὶ
1294 1674 1442 1744 ὅμως
1501 1674 1660 1728 πάλιν
1690 1677 1723 1740 ἡ
1761 1673 2075 1728 διδασκαλία

493 1757 825 1810 ἐπετείνετο·
886 1757 980 1810 καὶ
1036 1756 1142 1827 γάρ
1181 1757 1274 1809 καὶ
1332 1758 1389 1808 ἐν
1423 1757 1570 1828 οἰκίᾳ
1617 1759 1710 1811 καὶ
1743 1760 1800 1810 ἐν
1839 1758 1916 1812 τῶ
1946 1757 2075 1828 ἱερῷ

491 1841 790 1894 ἐδίδασκον.
839 1842 902 1892 Οἱ
943 1839 1058 1908 μὲν
1090 1835 1203 1894 οὖν
1234 1839 1591 1907 ἐπορεύοντο
1621 1841 1930 1909 χαίροντες
1956 1839 2074 1894 ἀπὸ

493 1925 815 1992 προσώπου
844 1928 948 1976 τοῦ
978 1923 1322 1991 συνεδρίου,
1354 1923 1442 1976 ὅτι
1475 1923 1627 1990 ὑπὲρ
1652 1924 1758 1978 τοῦ
1783 1925 2076 1994 ὀνόματος

493 2009 599 2064 τοῦ
633 2009 888 2076 Χριστοῦ
915 2007 1372 2075 κατηξιώθησαν
1395 2005 1817 2076 ἀτιμασθῆναι,
1869 2004 2078 2061 πᾶσάν

494 2110 557 2147 τε
583 2092 810 2161 ήμέραν
838 2091 906 2144 ἐν
931 2089 1009 2156 τῷ
1046 2090 1179 2160 ίερῷ
1218 2091 1316 2143 καί
1353 2091 1480 2144 κατ’
1511 2086 1678 2144 οἷκον
1727 2092 1838 2144 οὐκ
1897 2090 2078 2143 ἐπαύ-

493 2193 635 2230 οντο
663 2175 1053 2240 διδάσκοντες
1111 2174 1212 2227 καί
1269 2171 1775 2243 εὐαγγελιζόμενοι
1834 2172 2078 2241 Ἰησοῦν

495 2261 772 2328 Χριστόν.
813 2259 914 2311 Ἐν
940 2257 1007 2310 δὲ
1035 2257 1164 2322 ταῖς
1192 2256 1440 2325 ἡμέραις
1469 2258 1709 2323 ταύταις
1739 2257 2080 2324 πληθυνόν-

494 2360 614 2395 των
631 2340 748 2394 τῶν
771 2338 1071 2409 μαθητῶν,
1094 2339 1330 2407 ἐγένετο
1353 2339 1698 2408 γογγυσμὸς
1718 2337 1835 2392 τῶν
1869 2339 2078 2405 Ἑλλη-

495 2420 719 2478 νιστῶν
747 2422 893 2490 πρὸς
933 2422 1076 2488 τοὺς
1107 2421 1436 2488 Ἐϐραίους,
1471 2420 1559 2475 ὅτι
1592 2423 2078 2491 παρεθεωροῦντο

495 2505 661 2575 ἐντῇ
700 2505 969 2570 διακονίᾳ
1010 2503 1084 2573 τῇ
1125 2503 1487 2573 καθημερινῇ
1523 2507 1582 2557 αὶ
1638 2503 1810 2572 χῆραι
1857 2505 2074 2560 αὐτῶν.

498 2591 612 2643 Οὐκ
650 2591 708 2643 ἐν
746 2589 980 2649 ἐκείναις
1036 2589 1254 2650 πάντως
1289 2587 1434 2655 λέγει
1487 2591 1606 2652 ταῖς
1655 2589 1922 2658 ήμέραις·
1963 2587 2078 2642 ἀλλ’

497 2674 622 2726 ἐπεὶ
651 2671 908 2741 συνήθεια
936 2669 1155 2736 τοιαύτη
1180 2671 1207 2710 b
1237 2670 1354 2722 ἐστὶ
1383 2673 1446 2741 τῇ
1475 2671 1688 2741 Γραφῇ,
1720 2671 1814 2724 καὶ
1854 2671 1922 2724 τά
1949 2670 2080 2743 μέλ-

496 2756 657 2810 λοντα
714 2755 1031 2826 συμϐαίνειν
1050 2753 1124 2817 ὡς
1182 2753 1379 2824 ἐφεξῆς
1445 2753 1704 2823 γινόμενα
1760 2753 1930 2822 λέγει,
1993 2753 2080 2808 διά

490 2840 656 2894 τοῦτο
679 2838 851 2902 οὕτως
873 2833 1048 2891 εἶπεν.
1071 2834 1425 2908 Ἑλληνιστάς
1460 2835 1516 2888 δὲ
1544 2833 1698 2905 οἶμαι
1725 2836 1926 2900 καλεῖν,
1955 2837 2080 2900 τοὺς

508 2923 807 2994 Ἑλληνιστὶ
835 2920 1255 2992 φθεγγομένους·
1274 2915 1417 2974 οὗτοι
1439 2920 1547 2991 γὰρ
1586 2919 1890 2990 Ἑλληνιστί
1916 2919 2081 2973 διελέ-

494 3024 657 3078 γοντο
698 3005 938 3076 Ἑϐραῖοι
986 3005 1156 3066 ὄντες.
1212 3001 1339 3057 Ἰδοὺ
1401 3005 1495 3056 καὶ
1539 3003 1697 3066 ἄλλος
1744 3004 2076 3074 πειρασμός·

497 3091 702 3163 μᾶλλον
730 3088 785 3140 δὲ
819 3089 913 3141 καὶ
939 3088 1026 3153 σὺ,
1059 3089 1106 3139 εἰ
1141 3086 1319 3157 βούλει
1348 3089 1590 3153 σκοπεῖν,
1623 3087 1742 3155 ὕψει
1766 3087 1861 3140 καὶ
1878 3086 2080 3141 ἔσωθεν

500 3175 596 3230 καὶ
628 3173 826 3238 ἔξωθεν
855 3171 982 3234 τοὺς
1005 3169 1273 3238 πολέμους
1305 3169 1464 3232 ὄντας
1500 3168 1561 3233 ἐξ
1587 3169 1781 3241 ἀρχῆς,
1813 3173 2081 3236 Προσκα-

495 3255 823 3326 λεσάμενοι
871 3253 960 3315 δὲ,
1013 3253 1165 3322 φησί,
1212 3255 1266 3305 οἱ
1310 3251 1538 3306 δώδεκα
1583 3253 1648 3305 τὸ
1700 3251 1932 3321 πλῆθος
1965 3252 2082 3306 τῶν

496 3339 777 3413 μαθητῶν
817 3379 832 3402 ,
861 3333 1034 3392 εἷπον
1053 3352 1066 3367 ·
1115 3337 1236 3389 Οὐκ
1264 3336 1523 3404 ἀρεστόν
1548 3336 1680 3390 ἐστι
1717 3339 2080 3390 καταλιπόν-

499 3442 609 3492 τας
635 3421 791 3493 ήμᾱς
814 3422 920 3475 τὸν
952 3421 1138 3488 λόγον
1165 3419 1270 3472 τοῦ
1324 3418 1494 3480 Θεοῦ,
1537 3417 1838 3472 διακονεῖν
1873 3419 2082 3487 τραπέ-

498 3509 646 3573 ζαις.
681 3505 902 3568 Καλῶς·
959 3502 1068 3555 τῶν
1097 3502 1206 3573 γάρ
1237 3502 1548 3570 ἀναγκαίων
1575 3501 1644 3554 τά
1685 3502 2083 3573 ἀναγκαιότερα

502 3589 894 3661 προτιμότερα.
934 3588 1078 3657 Ὅρα
1109 3586 1187 3648 δὲ,
1221 3585 1333 3648 πῶς,
1364 3583 1567 3648 εὐθέως
1589 3586 1683 3640 καὶ
1704 3586 1908 3640 τούτων
1951 3589 2082 3658 πρό-

504 3688 655 3728 νοιαν
683 3671 979 3734 ποιοῦνται,
1013 3671 1106 3723 καὶ
1135 3668 1228 3722 τοῦ
1271 3667 1625 3739 κηρύγματος
1645 3670 1744 3722 οὐκ
1769 3670 2082 3741 ἀμελοῦσιν.

517 3757 606 3821 Ὠς
653 3753 1061 3824 αἰδεσιμώτεροι
1111 3753 1166 3805 δὲ
1199 3754 1394 3805 ἐκεῖνοι
1416 3747 1584 3824 ἦσαν,
1622 3753 1703 3807 διὸ
1731 3757 1825 3809 καὶ
1859 3755 2084 3827 προκρί-

507 3855 707 3892 νονται.
762 3836 1207 3904 Ἐπισκέ-ψασθε
1258 3831 1390 3898 οὖν,
1436 3833 1707 3904 ἀδελφοὶ,
1762 3836 1984 3905 ἄνδρας
2013 3838 2084 3903 ἐξ

509 3920 676 3991 ὑμῶν
700 3919 1224 3990 μαρτυρουμένους
1249 3918 1419 3979 ἑπτὰ.
1465 3919 1715 3988 πλήρεις
1742 3923 2085 3990 Πνεύματος

512 4007 609 4060 καί
654 4005 894 4074 σοφίας,
943 4002 1050 4068 οὓς
1102 4003 1562 4072 καταστήσομεν
1587 4004 1685 4056 ἐπὶ
1717 4002 1829 4071 τῆς
1882 4006 2086 4073 χρείας

509 4092 751 4157 ταύτης.
805 4085 1000 4155 Ἡμεῖς
1023 4086 1090 4138 δὲ
1117 4084 1193 4154 τῇ
1226 4085 1534 4156 προσευχῇ
1572 4088 1668 4140 καί
1715 4085 1789 4155 τῇ
1814 4087 2086 4156 διακονίᾳ

511 4172 616 4228 τοῦ
645 4172 829 4240 λόγου
855 4169 1478 4238 προσκαρτερήσομεν.
1521 4169 1629 4224 Kal
1658 4168 1880 4238 ἤρεσεν
1907 4174 1938 4225 δ
1979 4172 2085 4225 λά-

509 4274 615 4327 τος
647 4256 902 4309 ἐνώπιον
955 4251 1182 4316 παντὸς
1226 4251 1333 4304 τοῦ
1380 4252 1670 4319 πλήθους.
1729 4255 1837 4307 Kal
1887 4253 2088 4319 ἐξελέ-

509 4342 692 4406 ξαντο
758 4339 1065 4407 Στέφανον
1126 4336 1315 4406 ἄνδρα
1395 4337 1598 4406 πλήρη
1663 4339 1921 4404 πίστεως
1986 4340 2086 4394 καί

509 4427 854 4494 Πνεύματος
869 4423 1063 4490 άγιίου.
1087 4422 1229 4491 ’Λρα
1261 4421 1355 4473 καὶ
1378 4424 1573 4475 ἐκεῖνοι
1604 4421 1828 4492 πλήρεις
1850 4423 2088 4489 πίστεως

512 4507 674 4582 ἦσαν,
706 4508 798 4571 οῦς
851 4507 944 4560 καὶ
982 4505 1312 4572 ἐξελέξαντο,
1353 4505 1436 4557 ἴνα
1462 4507 1536 4575 μὴ
1567 4505 1714 4577 [112]
1733 4506 1800 4558 τὰ
1826 4506 1967 4560 αὐτὰ
1993 4507 2086 4575 γέ·

511 4608 690 4662 νηται,
718 4586 805 4641 οἷα
850 4589 942 4639 ἐπὶ
986 4589 1178 4648 Ἰούδα,
1217 4583 1305 4640 οἷα
1373 4590 1466 4640 ἐπὶ
1517 4590 1759 4640 Ἀνανίου
1805 4590 1898 4642 καὶ
1947 4590 2089 4643 Σαπ-

512 4674 728 4744 φείρας.
759 4671 869 4724 Καὶ
894 4672 1213 4734 Φίλιππον,
1249 4671 1347 4723 καί
1393 4672 1695 4738 Πρόχορον
1717 4671 1818 4724 καί
1841 4673 2088 4727 Νικάνο⁶

507 4772 607 4828 pa,
664 4754 763 4808 καί
822 4754 1064 4821 Τίμωνα,
1117 4753 1215 4806 καί
1271 4753 1603 4822 Παρμενᾶν,
1641 4754 1737 4806 καί
1788 4756 2088 4810 Νικόλαον

515 4837 905 4906 προσήλυτον
969 4835 1286 4904 Ἀντιοχέα,
1357 4835 1464 4902 οὓς
1509 4837 1780 4905 ἔστησαν
1834 4837 2089 4893 ἐνώπιον

514 4921 632 4978 τῶν
673 4922 1052 4984 ἀποστόλων,
1103 4920 1200 4973 καὶ
1234 4919 1704 4990 προσευξάμενοι
1725 4962 1739 4984 ,
1788 4920 2090 4989 ἐπέθηκαν

513 5005 720 5072 αὐτοῖς
749 5005 854 5070 τὰς
884 5002 1107 5072 χεῖρας.
1148 5002 1258 5056 Καί
1295 5005 1327 5057 ό
1357 5005 1538 5071 λόγος
1575 5003 1681 5057 τοῦ
1713 5004 1931 5072 Κυρίου
1976 5006 2087 5074 ηὔ-

514 5090 683 5156 ξανε,
709 5089 805 5142 καί
834 5086 1203 5154 ἐπληθύνετο
1227 5088 1259 5139 ό
1298 5087 1536 5154 ἀριθμὸς
1565 5086 1686 5141 τῶν
1709 5087 1990 5156 μαθητῶν
2019 5090 2090 5144 έν

523 5170 922 5243 Ἰερουσαλὴμ
948 5169 1209 5240 σφόδρα·
1244 5169 1436 5235 πολύς
1463 5187 1526 5223 τε
1551 5171 1734 5238 ὄχλος
1751 5170 1872 5224 τῶν
1887 5173 2090 5240 ἱερέων

513 5257 788 5324 ὑπήκουε
823 5253 899 5322 τῇ
931 5257 1151 5308 πίστει.
1197 5252 1334 5306 Ἀλλ’
1367 5253 1561 5323 ἴδωμεν
1590 5255 1794 5309 ἄνωθεν
1821 5255 1889 5309 τά
1935 5259 2087 5328 εἰρη-

516 5343 674 5415 μένα.
724 5339 992 5407 Ἄνδρες,
1031 5338 1356 5408 προσέχετε
1389 5339 1643 5406 ἑαυτοῖς.
1703 5339 1843 5411 Ὅρα
1883 5339 1946 5411 δή
2000 5359 2088 5411 μοι

512 5427 604 5481 τὸν
645 5424 987 5496 Γαμαλιήλον
1016 5423 1248 5477 ἐνταῦθα
1280 5422 1395 5485 πῶς
1427 5425 1543 5491 μετ’
1576 5425 1875 5488 ἐπιεικείας
1910 5425 2088 5480 διαλέο

485 5501 488 5514 ’
513 5527 670 5579 γεται
703 5511 797 5562 καὶ
831 5509 1037 5580 βραχέα
1064 5507 1285 5574 διέξεισι
1314 5507 1448 5578 πρὸς
1478 5508 1692 5572 αὐτοὺς,
1724 5510 1818 5562 καὶ
1853 5509 1912 5562 ού
1941 5509 2089 5578 λέγει

515 5593 720 5649 παλαιά
753 5595 1087 5665 διηγήματα,
1145 5592 1321 5646 καίτοι
1350 5609 1412 5661 γε
1459 5592 1618 5663 ἔχων,
1648 5592 1785 5646 ἀλλά
1827 5595 2087 5664 νεώτερα,

514 5675 552 5730 ἃ.
581 5677 814 5745 μάλιστα
857 5677 993 5748 πρὸς
1028 5677 1208 5730 πίστιν
1240 5671 1378 5747 ἦσαν
1411 5677 1626 5748 ἰσχυρά.
1682 5677 1772 5730 Διὸ
1826 5677 1919 5730 καὶ
1971 5678 2088 5748 μετ’

517 5758 866 5830 ἐπικρύψεως
926 5761 1216 5816 αἰνίττεται
1277 5761 1478 5830 λέγων·
1531 5759 1653 5829 Πρὸ
1706 5759 1817 5829 τὰρ
1867 5762 2090 5816 τούτων

630 5906 865 5974 Θαύματα
893 5909 1038 5974 ᾷοεει
1059 5910 1109 5959 iu
1134 5925 1247 5962 uno.
1316 5913 1341 5952 ι»
1365 5911 1566 5972 Quidam
1588 5921 1700 5958 mss.
1726 5909 1934 5974 ἡμέραις.
1977 5913 2088 5961 Συν-

519 5971 652 6030 “ea
679 5971 765 6034 γὰρ
788 5969 998 6028 τοιαύτη.

1202 302 1259 356 S.
1299 299 1581 357 JOANNIS
1617 296 2098 357 CHRYSOSTOMI
2135 298 2456 357 ARCHIEP.
2495 299 3042 362 CONSTANTINOP.

3653 297 3757 359 ιιι

2179 416 2297 472 τῶν
2345 420 2582 490 ἡμερῶν
2602 441 2618 454 ο
2662 423 2944 493 μονονουχὶ
2970 417 3165 490 δηλῶν,
3193 417 3270 480 ὡς
3307 418 3368 469 οὐ
3396 414 3502 485 πρὸ
3526 417 3760 473 πολλῶν»

2179 499 2243 554 El
2277 503 2374 572 μὲν
2405 499 2498 557 οῦν
2526 503 2728 567 εὐθέως
2775 500 2946 570 εἶπεν,
2985 502 3186 571 Ἅφετε
3209 499 3336 563 τοὺς
3366 498 3566 570 ἄνδρας
3588 509 3636 562 θ.
3667 502 3762 554 καὶ

2181 586 2341 650 αὐτὸς
2369 586 2544 654 ἔδοξεν
2568 588 2808 651 ὕποπτος
2839 589 2926 650 ἂν,
2961 586 3055 641 καὶ
3100 587 3130 639 ὁ
3162 585 3318 654 λόγος
3360 584 3532 646 οὕτως
3561 584 3660 637 ούκ
3691 581 3760 656 ἦν

2182 669 2430 740 ἰσχυρός·
2487 669 2626 741 μετά
2671 670 2728 723 δὲ
2779 669 2886 723 τῶν
2929 668 3386 742 παραδειγμάτων
3427 666 3528 737 τὴν
3556 666 3761 721 οἰκείαν

2181 751 2333 822 ἰσχὺν
2359 752 2652 824 ἐλάμϐανε.
2691 751 2790 806 Διά
2823 753 2976 806 τοῦτο
2997 752 3118 805 οὐδὲ
3163 750 3281 813 ἐνὸς
3308 749 3600 820 μέμνηται,
3624 750 3762 805 ἀλλά

2179 836 2272 886 καὶ
2305 834 2578 908 δευτέρου,
2607 836 2784 890 καίτοι
2804 830 2950 906 εἶχεν
2977 837 3149 889 εἰπεῖν
3173 834 3267 888 καὶ
3295 835 3497 905 τρίτον,
3530 834 3594 886 ἐκ
3614 852 3765 906 περιρ

2178 918 2365 982 ουσίας
2414 923 2508 974 καὶ⁸
2556 921 2747 974 ἑαυτὸν
2803 919 2982 983 καλῶς
3033 919 3260 987 λέγοντα
3296 916 3533 981 δεικνὺς,
3573 918 3762 971 κάκεί-

2178 1017 2301 1065 νους
2327 1005 2553 1073 ἀπάγων
2597 1005 2698 1075 τῆς
2739 1005 2962 1075 φονικῆς
2993 1001 3384 1074 προαιρέσεως.
3434 1001 3766 1070 Ἀπόστητε

2180 1084 2299 1138 ἀπὸ
2324 1087 2444 1140 τῶν
2475 1089 2826 1156 ἀνθρώπων.

2253 1168 2486 1242 β’.“ορα,
2503 1171 2620 1233 πῶς
2636 1173 2695 1225 τὸ
2715 1168 2845 1242 ἦθος
2863 1171 3132 1240 ἐπιεικής.
3153 1170 3262 1224 Καὶ
3282 1168 3405 1222 οὔτε
3437 1170 3643 1242 μακρὸν
3663 1171 3755 1224 τὸν

2179 1253 2355 1320 λόγον,
2407 1255 2542 1308 ἀλλά
2572 1256 2833 1325 σύντομον
2877 1257 3044 1308 ποιεῖ·
3083 1251 3206 1306 οὕτε
3235 1252 3459 1306 ἐκείνων
3501 1253 3639 1323 μετά
3667 1252 3759 1306 θυ-

2184 1337 2285 1408 μοῦ
2319 1338 2608 1409 μέμνηται.
2641 1339 2749 1393 Kal
2781 1337 3003 1404 πάντες
3049 1335 3183 1391 ὅσοι
3231 1336 3537 1391 ἐπείθοντο
3575 1333 3755 1401 αὐτῷ,

2180 1419 2752 1490 διεσκορπίσθησαν.
2786 1420 2956 1475 Τοῦτο
2999 1419 3190 1488 λέγων,
3231 1418 3382 1471 οὐδὲν
3415 1420 3494 1482 εἰς
3523 1420 3758 1490 Χριστὸν

2184 1504 2511 1575 βλασφημεῖ,
2539 1506 2654 1559 ἀλλ’
2683 1506 2711 1558 ὃ
2739 1503 2986 1575 βούλεται
3024 1503 3276 1574 μάλιστα,
3305 1502 3576 1573 κατορθοῖ.
3621 1503 3764 1556 Ἐὰν

2181 1584 2240 1660 ᾖ,
2275 1590 2457 1659 φησὶν,
2489 1590 2558 1654 ἐξ
2585 1589 2928 1658 ἀνθρώπων,
2958 1587 3460 1655 καταλυθήσεται.
3500 1586 3768 1640 Ἐνταῦθα

2182 1674 2276 1726 καὶ
2336 1673 2740 1741 συλλογίζεσθαί
2799 1691 2888 1743 μοι
2947 1673 3147 1734 αὐτοὺς
3201 1670 3364 1735 δοκεῖ,
3408 1672 3501 1724 καὶ
3551 1670 3761 1738 λέγειν·

2183 1757 2390 1811 Οὐκοῦν
2441 1758 2565 1810 ἐπεὶ
2620 1759 2680 1810 οὐ
2725 1755 3014 1826 κατελύθη,
3065 1756 3164 1808 οὐκ
3197 1753 3344 1809 ἔστιν
3399 1753 3764 1824 ἀνθρώπινον.

2183 1842 2407 1910 Μήποτε
2461 1843 2554 1895 καὶ
2602 1841 2870 1912 Θεομάχοι
2923 1839 3204 1910 εὑρεθῆτε.
3259 1838 3429 1892 Τοῦτο
3485 1835 3628 1905 εἷπε,
3691 1838 3771 1908 τῷ

2183 1923 2431 1995 ἀδυνάτῳ
2463 1925 2557 1977 καὶ
2587 1923 2888 1995 ἀσυμφόρῳ
2925 1921 3305 1976 καταστέλλων
3330 1922 3544 1985 αὐτούς.
3599 1924 3670 1975 El
3701 1921 3772 1973 δὲ

2183 2011 2252 2064 ἐκ
2277 1989 2424 2062 Θεοῦ
2459 2008 2645 2071 ἐστιν,
2677 1989 2759 2062 οὺ-
2793 1989 3160 2075 δυνήσεσθε.
3210 2005 3325 2058 Οὐκ
3369 1999 3540 2070 εἶπεν,
3579 2004 3704 2057 Ἑάν

2184 2093 2317 2156 Θεὸς
2364 2092 2392 2143 ὁ
2439 2091 2700 2162 Χριστός·
2745 2090 2805 2143 τὸ
2851 2088 2960 2162 γὰρ
3012 2087 3170 2158 ἔργον
3197 2086 3356 2140 τοῦτο
3394 2087 3619 2158 ἐδήλου·
3659 2087 3772 2140 οὐδ’

2185 2176 2517 2246 ἀπεφήνατο,
2549 2175 2752 2227 ὅτιούκ
2778 2172 3116 2244 ἀνθρώπινόν
3139 2173 3304 2236 ἐστιν,
3332 2169 3452 2223 οὔτε
3482 2172 3563 2224 ὅτι
3601 2169 3771 2235 θεῖον,

2185 2259 2319 2313 ἀλλά
2364 2257 2442 2328 τῷ
2491 2258 2737 2328 μέλλοντι
2805 2256 2984 2326 καιρῷ
3045 2255 3142 2325 τὴν
3198 2253 3383 2307 πίστιν
3443 2254 3768 2324 ἐπέτρεψεν,

2185 2342 2325 2398 ὥστε
2369 2343 2574 2397 πεῖσαι.
2606 2342 2718 2395 Καὶ
2745 2342 2795 2394 εί
2830 2341 3036 2404 ἔπεισε,
3068 2340 3213 2402 τίνος
3240 2338 3426 2392 ἕνεκεν
3481 2337 3531 2403 ἀ,
3579 2339 3769 2407 φησὶν,

2187 2425 2481 2495 ἐμάστιξαν
2505 2425 2618 2494 ςΤῇ
2647 2425 2743 2495 μὲν
2759 2423 3228 2492 ἀναμφισϐητήτῳ
3254 2421 3588 2492 δικαιολογία
3613 2421 3769 2474 ἀντι-

2187 2510 2380 2580 ϐλέψαι
2418 2509 2518 2562 οὐκ
2543 2504 2708 2579 κείχον
2727 2526 2740 2538 ·
2772 2509 2921 2578 ὅμως
2945 2507 3002 2560 δὲ
3032 2508 3124 2560 τὸν
3152 2505 3322 2576 θυμὸν
3365 2505 3636 2577 ἐπλήρουν
3673 2504 3771 2558 τὸν

2186 2597 2414 2648 οἰκεῖον·
2452 2592 2625 2655 ἄλλως
2657 2591 2715 2645 δὲ
2747 2593 2840 2644 καὶ
2880 2590 3040 2644 πάλιν
3084 2589 3256 2662 ταύτῃ
3310 2589 3566 2660 φοϐήσειν
3607 2604 3772 2660 προσ-

2187 2677 2466 2748 εδόκησαν.
2519 2676 2630 2730 Καὶ
2659 2674 2737 2745 τῷ
2761 2673 2835 2745 μὴ
2868 2673 3148 2744 παρόντων
3173 2672 3230 2726 δὲ
3260 2671 3437 2724 αὐτῶν
3466 2670 3638 2724 ταῦτα
3680 2669 3744 2722 λέ
3769 2701 3784 2712 -

2186 2779 2322 2830 γειν,
2354 2759 2702 2813 ἐπεσπάσατο
2727 2757 2924 2828 μᾶλλον
2951 2755 3178 2819 αὐτούς·
3217 2757 3311 2808 καὶ
3346 2758 3379 2826 ή
3409 2753 3684 2823 γλυκύτης
3711 2753 3775 2806 δὲ

2187 2845 2294 2897 τῶν
2327 2843 2520 2912 λόγων,
2569 2842 2664 2896 καὶ
2715 2842 2776 2894 τὸ
2819 2841 3026 2894 δίκαιον
3069 2839 3178 2892 τῶν
3205 2839 3516 2909 λεγομένων
3555 2837 3769 2892 ἔπειθε.

2186 2928 2362 2983 Μόνον
2393 2927 2500 3000 γάρ
2532 2927 2653 2997 οὐχὶ
2681 2927 2945 2998 ἐκήρυττε
2979 2925 3071 2978 καὶ
3103 2919 3256 2988 οὗτος
3279 2923 3342 2976 τὸ
3395 2922 3728 2991 Εὐαγγέλιον
3751 2939 3768 2954 ·

2190 3011 2388 3082 μᾶλλον
2408 3010 2466 3063 δέ
2500 3010 2782 3080 μονονουχὶ
2829 3008 3052 3062 τοιαῦτα
3101 3004 3602 3076 δικαιολογούμενος
3631 3003 3774 3074 πρὸς

2187 3095 2384 3157 αὐτοὺς
2435 3092 2810 3146 ἀποτείνεται·
2853 3089 3191 3159 Ἐπείσθητε,
3238 3089 3320 3142 ὅτι
3367 3090 3469 3142 οὐκ
3515 3088 3773 3158 ἰσχύσατε

2188 3176 2505 3232 καταλῦσαι.
2546 3176 2646 3230 Διὰ
2691 3176 2746 3228 τί
2779 3177 2879 3229 οὐκ
2911 3173 3304 3238 ἐπιστεύσατες
3342 3171 3500 3225 Οὕτω
3538 3171 3678 3242 μέγα
3705 3176 3773 3230 τὸ

2189 3261 2469 3330 κήρυγμα,
2522 3260 2603 3312 ὅτι
2651 3258 2745 3312 καὶ
2799 3257 2949 3328 παρά
2986 3256 3094 3310 τῶν
3135 3255 3345 3325 ἐχθρῶν
3402 3256 3434 3325 ή
3472 3253 3770 3325 μαρτυρία.

2183 3344 2347 3397 ’Ἐκεῖ
2381 3343 2720 3414 τετρακόσιοι
2758 3341 3080 3412 ἀνέστησαν,
3113 3341 3206 3392 καὶ
3235 3337 3373 3409 μετὰ
3401 3338 3558 3390 τοῦτο
3589 3337 3777 3400 ίκανδς

2189 3426 2372 3497 ὄχλος·
2405 3420 2506 3481 ὧδε
2547 3425 2755 3479 δώδεκα
2791 3420 2933 3495 ἦσαν
2967 3425 3016 3477 οἰ
3071 3421 3297 3492 πρῶτοι.
3356 3420 3448 3491 Μὴ
3486 3417 3580 3474 οὖν
3625 3422 3775 3490 ὑμᾶς

2190 3510 2419 3564 πτοείτω
2441 3510 2501 3562 τὸ
2561 3507 2761 3578 πλῆθος
2815 3508 2875 3561 τὸ
2904 3507 3354 3577 προσγενόμενον.
3406 3503 3550 3559 Ἐὰν
3591 3505 3701 3574 τὰρ
3732 3499 3777 3576 ᾖ

2189 3593 2257 3658 ἐξ
2300 3592 2621 3662 ἀνθρώπων
2658 3592 2723 3646 τὸ
2769 3593 2944 3662 ἔργον
2984 3591 3161 3645 τοῦτο
3185 3630 3198 3652 ,
3267 3589 3775 3654 καταλυθήσεται.

2191 3673 2318 3747 Εἶχε
2362 3677 2456 3730 καὶ
2500 3676 2794 3743 Αίγύπτιον
2832 3674 3006 3726 εἰπεῖν
3055 3671 3273 3743 ἓτερον,
3323 3671 3458 3724 ἀλλά
3521 3671 3779 3741 περιττὸς

2191 3761 2374 3815 λοιπὸν
2391 3756 2459 3831 ἦν
2497 3762 2525 3812 ό
2553 3760 2709 3828 λόγος
2737 3757 2922 3812 αὐτοῦ.
2960 3752 3136 3822 Εἶδες,
3184 3756 3302 3821 πῶς
3332 3756 3409 3826 τῷ
3439 3756 3651 3826 φοϐερῷ
3678 3757 3780 3810 τὸν

2189 3843 2344 3911 λόγον
2369 3841 2515 3915 [115]
2541 3841 2889 3906 κατέκλεισε;
2922 3839 3012 3892 Διὸ
3030 3838 3124 3892 καὶ
3155 3839 3254 3892 οὐκ
3283 3839 3638 3906 ἀποφαίνεται
3669 3840 3781 3892 ἀπ-

2191 3925 2320 3991 λῶς,
2341 3926 2428 3978 ἵνα
2457 3924 2532 3996 μὴ
2547 3924 2673 3998 δόξῃ
2695 3925 2835 3994 ὑπὲρ
2849 3922 3027 3976 αὐτῶν
3055 3921 3236 3990 λέγειν
3251 3921 3406 3975 ·ἀλλ⁹’
3424 3921 3533 3974 ἀπὸ
3558 3924 3653 3991 τῆς
3675 3920 3777 3975 τοῦ

2193 4010 2516 4080 πράγματος
2547 4008 2821 4070 ἐκϐάσεως
2845 4005 3232 4073 συλλογίζεται.
3265 4005 3378 4056 Ούκ
3415 4004 3683 4074 ἐτόλμησε
3715 4003 3778 4059 δὲ

2193 4080 2593 4163 ἀποφήνασθαι,
2627 4091 2709 4144 ὅτι
2753 4091 2853 4143 οὐκ
2881 4088 3217 4160 ἀνθρώπινόν
3242 4090 3411 4153 ἐστιν,
3455 4088 3574 4141 οὐδὲ
3595 4090 3677 4142 ὅτι
3707 4089 3779 4144 ἐκ

2193 4175 2358 4229 Θεοῦ·
2414 4174 2600 4246 ἐπειδὴ
2653 4176 2701 4226 εί
2739 4169 2911 4238 εἶπεν,
2955 4173 3037 4226 ὃτι
3067 4174 3130 4226 ἐκ
3165 4171 3322 4236 Θεοῦ,
3360 4172 3644 4238 ἀντέλεγον
3673 4171 3778 4226 ἂν·

2193 4261 2243 4313 εἰ
2291 4259 2349 4312 δὲ
2395 4257 2453 4324 ἐξ
2511 4255 2833 4328 ἀνθρώπων,
2871 4255 3152 4326 πρόχειροι
3180 4255 3342 4309 πάλιν
3370 4255 3451 4317 εἰς
3482 4255 3543 4307 τὸ
3571 4257 3784 4306 ἐπανα-

2195 4343 2385 4413 στῆναι
2442 4340 2697 4410 ἐγίνοντο.
2756 4337 2856 4390 Διά
2913 4338 3072 4392 τοῦτο
3128 4339 3324 4401 αὐτοὺς
3376 4340 3684 4409 περιμεῖναι
3711 4337 3780 4390 τὸ

2192 4427 2344 4490 τέλος
2373 4422 2603 4485 κελεύει,
2632 4421 2836 4476 εἰπών·
2881 4422 3230 4490 Ἀπόστητε.
3268 4422 3330 4474 Ol
3375 4421 3429 4474 δὲ
3488 4419 3778 4474 ἀπειλοῦσι

2195 4509 2377 4572 πάλιν,
2411 4507 2612 4571 εἰδότες
2641 4506 2758 4574 μὲν,
2793 4505 2874 4558 ὅτι
2902 4504 3054 4558 οὐδὲν
3081 4503 3321 4569 ἀνύουσι,
3376 4502 3654 4564 ποιοῦντες
3715 4502 3779 4555 δὲ

2193 4595 2253 4646 τὸ
2280 4593 2481 4648 αὐτῶν.
2515 4590 2766 4645 Τοιοῦτον
2799 4588 2907 4659 γὰρ
2948 4591 2982 4660 ή
3036 4589 3224 4649 κακία,
3249 4586 3529 4648 ἀδυνάτοις
3576 4585 3784 4639 πολλά-

2195 4695 2283 4740 κις
2314 4677 2600 4746 ἐπιχειρεῖ.
2654 4677 2816 4729 Μετὰ
2868 4672 2936 4725 δὲ
2979 4672 3192 4726 τοῦτον
3245 4671 3469 4736 ἀνέστη
3528 4667 3777 4734 Ἰούδας.

2195 4759 2377 4814 Ταῦτα
2407 4761 2516 4821 τοῖς
2551 4755 2644 4810 τοῦ
2680 4757 2941 4828 Ἰωσήπου
2973 4754 3194 4826 βιϐλίοις
3225 4753 3562 4822 ἐγκύψαντες
3597 4750 3781 4822 μαθή-

2197 4843 2353 4897 σεσθε
2385 4841 2808 4913 ἀκριϐέστερον·
2863 4841 3066 4902 ἐκεῖνος
3119 4839 3229 4908 γὰρ
3265 4839 3362 4908 τὴν
3395 4837 3597 4890 τούτων
3633 4835 3782 4888 ἰστο·

2197 4926 2318 4996 ρίαν
2351 4923 2653 4978 συντάττων
2685 4921 2926 4994 ἀκριϐῶς
2957 4923 3178 4992 ἱστορεῖ.
3211 4915 3383 4983 Εἶδες,
3416 4918 3600 4988 ἡλίκον
3630 4916 3781 4970 ἐτόλ-
3814 4976 3816 4978 τ

2198 5025 2370 5081 μησεν
2426 5009 2620 5073 εἰπεῖν,
2679 5005 2760 5058 ὅτι
2805 5006 2908 5060 Ἐκ
2961 5004 3130 5072 Θεοῦ,
3181 5006 3269 5058 ὅτε
3309 5003 3491 5055 λοιπὸν
3533 4999 3641 5053 ἀπὺ
3667 4999 3783 5053 τῶν

2196 5090 2533 5163 πραγμάτων
2563 5088 2662 5159 τὴν
2685 5087 2865 5140 πίστιν
2888 5087 3099 5141 ἐλαϐεν.
3136 5088 3341 5148 Ὄντως
3376 5083 3543 5152 πολλὴ
3573 5085 3606 5154 ἡ
3631 5084 3782 5154 παρ-

2199 5177 2382 5249 ρησία,
2456 5173 2591 5226 πολὺ
2636 5171 2697 5224 τὸ
2747 5183 2771 5210 ο
2806 5172 3327 5243 ἁπροσωπόληπτον.
3373 5167 3786 5233 Ἐπείσθησαν

2195 5261 2262 5314 δὲ
2293 5256 2474 5325 αὐτῷ,
2514 5255 2665 5327 φησί.
2718 5255 2828 5310 Kal
2865 5253 3423 5323 προσκαλεσάμενοι
3455 5250 3596 5314 τοὺς
3626 5249 3784 5303 ἀπο-

2195 5346 2482 5408 στόλους,
2529 5339 2831 5409 δείραντες
2877 5337 3196 5393 ἀπέλυσαν
3233 5336 3473 5400 αὐτούς.
3513 5330 3785 5402 ᾞδέσθη-

2198 5448 2296 5483 σαν
2323 5428 2421 5498 τὴν
2472 5424 2627 5489 δόξαν
2660 5423 2753 5477 τοῦ
2793 5423 3014 5493 ἀνδρός·
3073 5421 3154 5473 διὸ
3180 5421 3274 5473 καὶ
3305 5417 3400 5471 τοῦ
3429 5415 3639 5469 ἀνελεῖν
3677 5414 3785 5482 μὲν

2194 5514 2320 5576 τοὺς
2353 5510 2680 5571 ἀποστόλους
2711 5507 3072 5577 ἀφίστανται·
3127 5503 3483 5573 μαστίξαντες
3511 5499 3568 5552 δέ
3619 5498 3789 5568 μόνον

2195 5598 2389 5661 αὐτοὺς
2418 5593 2763 5650 ἀπολύουσιν.
2803 5594 2865 5645 Ol
2921 5589 3038 5659 μὲν
3089 5584 3203 5643 οὖν
3258 5586 3615 5654 ἐπορεύοντο
3651 5585 3791 5651 χαί-

2191 5699 2401 5752 ροντες
2444 5680 2562 5736 ἀπὸ
2606 5674 2930 5747 προσώπου
2975 5671 3084 5727 τοῦ
3113 5669 3457 5738 συνεδρίου,
3510 5667 3600 5721 ὅτι
3627 5667 3792 5737 ὑπὲρ

2262 5791 2285 5818 ⁸
2311 5788 2427 5836 Post
2445 5787 2567 5843 hac,
2592 5783 2734 5844 ἄφετε
2753 5780 2863 5844 τούς
2879 5777 3068 5841 ἄνδρας,
3094 5778 3145 5825 In
3167 5788 3266 5844 unp
3286 5775 3458 5823 multa
3471 5778 3596 5844 _sqpt
3616 5771 3795 5844 vatio-

2197 5831 2596 5913 tates-{sicilia}?
2627 5831 2751 5913 inihil
2776 5831 3084 5913 δόξεεηὲιιιῇ.
3119 5835 3398 5913 ρετιίηεῖῐιι..Β
3453 5834 3483 5913 νύ
3505 5833 3661 5913 ξιιμ-ε
3686 5831 3784 5913 ἑπ-

2196 5897 2438 5975 έστρεῷεν.
2455 5897 2789 5975 Ἐῗπεςσθησαψ
2810 5903 2934 5957 τίνος
2957 5901 3040 5949 οὖν
3062 5897 3243 5975 ἕνεκεν..
3303 5901 3322 5921 ⁹
3343 5899 3428 5950 Hic
3450 5897 3664 5947 multum
3686 5906 3784 5945 τε-

2199 5962 2324 6026 fiam
2346 5962 2484 6035 inss.,
2505 5968 2592 6019 sed
2609 5967 2784 6017 eodem
2803 5977 2954 6017 sensu
2977 5962 3269 6028 procedunt.
