4088 6142
294 299 400 358 H3

292 423 371 474 Ac
415 415 460 470 si
487 412 726 468 diceret:
753 409 1095 479 Exspectate,
1131 416 1185 460 et
1211 406 1256 460 si
1287 421 1352 459 ex
1381 403 1574 474 seipsis
1602 402 1674 458 illi
1706 403 1874 458 coacti

293 515 433 570 sunt,
463 503 595 558 nihil
625 501 883 571 impediet
907 498 1190 569 quominus
1229 495 1612 550 dissolvantur.
1647 491 1730 546 Ne
1751 496 1880 564 forte

293 606 340 650 et
365 595 470 650 Deo
493 608 780 663 repugnare
807 589 1150 644 inveniamini.
1176 586 1243 642 Et
1263 603 1326 642 ex
1366 585 1704 655 impossibili,
1732 593 1786 638 et
1812 599 1878 638 ex

294 687 459 743 inutili
485 684 683 740 avertit
709 698 824 738 eos.
853 681 962 736 Nec
991 681 1140 744 dicit,
1191 696 1222 736 a
1267 694 1372 748 quo
1399 677 1699 746 interempti
1740 677 1876 742 sint;

293 779 386 834 sed
414 776 754 846 simpliciter,
785 773 926 844 quod
947 773 1053 829 sint
1082 772 1346 840 dissipati,
1372 769 1510 824 forte
1541 769 1868 838 superfluum

298 871 491 924 ducens
515 869 665 938 plura
687 866 906 922 addere.
939 865 1017 920 Ex
1049 866 1114 920 iis
1136 879 1282 931 vero,
1310 865 1428 934 quae
1466 863 1753 933 subjungit,
1783 861 1880 916 do-

293 971 373 1015 cet
402 979 415 1014 :
445 961 506 1016 Si
528 961 821 1014 humanum
847 960 917 1012 sit
963 973 1114 1027 opus,
1152 973 1256 1011 non
1283 964 1366 1010 est
1417 956 1560 1024 quod
1588 955 1664 1009 rei
1695 970 1875 1008 curam

291 1055 486 1121 agatis;
527 1054 608 1106 sin
635 1051 898 1112 divinum.
924 1049 1177 1120 quidquid
1206 1048 1460 1116 feceritis,
1491 1064 1597 1102 non
1639 1047 1880 1117 poteritis

291 1159 566 1214 superare.
592 1143 680 1200 Sic
705 1157 885 1198 sermo
907 1141 1117 1211 sapiens
1159 1141 1306 1194 visus
1347 1148 1432 1194 est
1461 1155 1616 1193 :nam
1641 1139 1876 1209 persuasi

291 1245 416 1290 sunt
439 1245 623 1288 utnon
654 1233 960 1289 occiderent
987 1233 1128 1295 illos,
1161 1231 1255 1287 sed
1285 1231 1618 1302 ﬂagellarent
1648 1242 1874 1285 tantum.

292 1327 665 1381 Consenserunt
713 1333 885 1377 autem
932 1322 1044 1388 illi,
1098 1324 1296 1392 inquit;
1347 1323 1437 1378 40.
1480 1333 1525 1376 et
1553 1333 1878 1377 convocantes

289 1419 570 1489 apostolus,
593 1418 735 1472 casis
761 1417 1200 1482 denuntiauerunt,
1237 1431 1299 1469 ne
1333 1417 1652 1485 loquerentur
1693 1417 1744 1470 in
1781 1431 1876 1470 no-

292 1513 429 1564 mine
459 1510 492 1563 J
500 1528 585 1564 esu
605 1527 623 1575 ;
646 1521 690 1562 et
708 1511 1001 1563 dimiserunt
1030 1525 1134 1563 eos.
1157 1507 1311 1573 Vide,
1339 1518 1460 1579 post
1482 1508 1875 1578 quotmiracula

293 1605 658 1675 tlagellanturl
686 1603 754 1656 Et
776 1612 950 1658 tamen
975 1602 1166 1656 iterum
1191 1601 1430 1656 doctrina
1454 1600 1873 1656 extendebatur:

295 1712 418 1749 nam
450 1706 504 1749 et
533 1698 581 1748 in
611 1693 770 1748 domo
797 1703 852 1748 et
882 1693 932 1747 in
961 1693 1159 1762 templo
1204 1691 1490 1747 docebant.
1524 1692 1616 1747 4i.
1650 1710 1669 1744 ι
1706 1690 1774 1745 Ει
1802 1691 1876 1745 illi

294 1787 509 1857 quidem
552 1785 696 1838 ibant
741 1785 1035 1855 gaudentes
1076 1800 1106 1839 a
1152 1793 1438 1854 conspectu
1467 1784 1697 1851 concilii,
1745 1799 1879 1855 quo-

294 1879 434 1932 niam
473 1877 621 1946 digni
647 1876 809 1931 habiti
841 1885 966 1931 sunt
1002 1891 1097 1946 pro
1119 1878 1336 1931 nomine
1363 1875 1560 1932 Christi
1591 1887 1873 1932 contume-

293 1968 416 2022 liam
468 1969 577 2038 pati
608 1986 620 2020 :
651 1968 740 2022 42.
791 1969 933 2021 omni
981 1977 1158 2022 autem
1209 1967 1295 2022 die
1345 1984 1454 2022 non
1499 1970 1779 2023 cessabant
1823 1969 1874 2022 iu

294 2060 492 2128 templo
543 2069 598 2112 et
645 2060 784 2113 circa
831 2059 1018 2113 domos
1050 2058 1309 2113 docentes
1351 2068 1404 2112 et
1455 2061 1876 2129 evangelizantes

294 2149 473 2204 Jesum
527 2149 830 2204 Christum.
864 2148 1022 2220 (Cap.
1050 2145 1128 2213 6.)
1160 2151 1212 2204 1.
1241 2149 1300 2204 In
1323 2151 1508 2206 diebus
1531 2163 1708 2206 autem
1739 2153 1872 2217 illis,

295 2253 572 2297 crescente
618 2258 842 2297 numero
874 2242 1276 2313 discipulorum,
1308 2243 1502 2298 factum
1535 2255 1876 2300 estmurmur

295 2334 602 2389 Cneeorum
635 2335 893 2390 adversus
922 2335 1196 2399 Hebraeos,
1226 2351 1291 2390 eo
1313 2336 1453 2406 quod
1477 2337 1876 2407 deSpieerentur

297 2430 345 2480 in
373 2426 676 2481 ministerio
705 2426 1016 2496 quotidiano
1045 2426 1217 2481 vidua:
1247 2443 1452 2482 eorum.
1493 2447 1511 2480 ι
1549 2429 1660 2482 Νοη
1689 2429 1741 2482 in
1771 2429 1874 2485 illis

294 2520 511 2572 omnino
565 2519 695 2572 dicit
736 2518 960 2583 diebus;
989 2518 1082 2572 sed
1110 2520 1229 2588 quia
1284 2518 1398 2573 haec
1427 2528 1508 2574 est
1536 2523 1874 2575 consuetudo

295 2613 601 2682 Scripturce,
647 2620 705 2666 ut
753 2627 874 2682 qua:
913 2611 1088 2666 futura
1125 2621 1296 2677 erant,
1347 2613 1498 2683 quasi
1533 2614 1710 2668 statim
1735 2613 1873 2670 facta

293 2705 431 2759 dicat
460 2723 477 2759 :
513 2704 636 2758 ideo
660 2704 739 2759 sic
781 2705 1034 2774 loquitur.
1078 2704 1402 2760 llellenistas
1429 2715 1555 2776 puto
1585 2707 1674 2761 hic
1696 2709 1872 2762 vocari

292 2813 402 2876 eos,
433 2799 524 2868 qui
553 2797 742 2852 Graece
779 2797 1167 2868 loquebantur;
1201 2798 1254 2852 hi
1302 2801 1444 2854 enim
1474 2798 1658 2855 Gneca
1696 2799 1872 2869 lingua

294 2892 593 2957 utebantur,
635 2891 762 2945 licet
809 2890 1021 2945 llebraii
1053 2901 1256 2944 essent.
1292 2892 1430 2947 Ecce
1466 2892 1570 2946 alia
1623 2894 1868 2960 tentatio;

293 2986 396 3039 imo
423 2995 479 3040 et
503 2996 584 3050 tu,
612 2987 655 3040 si
676 2986 962 3040 observare
983 2986 1131 3050 velis,
1169 2986 1458 3055 perspicies
1479 2987 1546 3040 ab
1566 2985 1713 3040 initio
1733 2985 1870 3040 bella

291 3085 342 3130 et
367 3076 513 3131 intus
538 3087 592 3132 et
614 3078 742 3132 loris
770 3076 954 3131 fuisse.
987 3076 1041 3129 2.
1075 3075 1434 3138 Convocantes,
1466 3076 1654 3146 inquit,
1679 3076 1871 3130 duode-

291 3171 383 3220 cim
421 3169 797 3223 multitudinem
847 3168 1224 3237 discipulorum,
1281 3168 1514 3222 dixerunt
1571 3183 1590 3221 :
1637 3166 1758 3222 Non
1798 3176 1871 3220 est

291 3275 484 3328 tequum
514 3277 617 3313 nos.
634 3259 975 3328 derelinquere
997 3260 1194 3312 verbum
1223 3257 1340 3321 Dei,
1364 3269 1408 3311 et
1425 3259 1708 3312 ministrare
1732 3275 1872 3310 men-

289 3356 372 3406 sis.
429 3353 574 3407 Bene
616 3370 630 3407 :
674 3351 994 3406 necessariis
1035 3351 1175 3406 enim
1227 3351 1392 3420 magis
1422 3350 1721 3404 necessaria
1748 3357 1872 3403 sunt

291 3444 636 3515 pra-ferenda.
667 3443 798 3498 Vide
822 3455 1023 3509 autem,
1063 3443 1331 3513 quomodo
1373 3443 1550 3496 statim
1591 3453 1646 3497 et
1679 3441 1867 3495 horum

289 3553 466 3590 curam
483 3537 737 3600 habeant,
767 3547 820 3590 et
841 3536 1268 3605 prmdicationem
1287 3551 1392 3588 non
1407 3535 1693 3604 negligant.
1712 3533 1869 3600 Quasi

290 3639 459 3683 autem
502 3627 925 3683 venerabiliores
977 3628 1048 3680 illi
1099 3635 1299 3689 essent,
1341 3626 1461 3680 ideo
1499 3625 1866 3694 pra:feruntur.

288 3722 338 3774 3.
391 3740 409 3772 ι
444 3720 796 3775 Considerate
833 3734 980 3789 ergo,
1024 3718 1234 3781 fratres,
1276 3717 1418 3770 viros
1451 3732 1517 3771 ex
1561 3716 1708 3769 vobis
1746 3714 1869 3768 boui

291 3815 579 3868 tesdmonii
611 3823 841 3883 septem,
875 3812 1059 3880 plenos
1097 3810 1298 3880 Spiritu
1339 3821 1392 3863 et
1415 3809 1696 3878 sapientia,
1735 3822 1869 3877 quos

289 3906 679 3960 constituemus
709 3919 870 3972 super
901 3903 1000 3956 hoc
1020 3917 1172 3971 opus.
1196 3904 1248 3956 4.
1280 3902 1388 3955 Nos
1411 3915 1536 3954 vero
1563 3901 1786 3954 orationi
1817 3908 1871 3954 et

289 3997 584 4051 ministerio
602 3996 748 4051 verbi
777 3997 1030 4050 instantes
1058 3996 1274 4048 erimus.
1301 3995 1353 4048 5.
1383 3995 1448 4047 Et
1473 3994 1665 4062 placuit
1695 3979 1870 4046 s'ermo

288 4104 467 4142 coram
489 4087 636 4142 omni
678 4085 1034 4141 multitudine.
1067 4084 1134 4138 Et
1171 4085 1447 4154 elegerunt
1499 4082 1827 4151 Stephanum
1851 4123 1864 4146 ,

289 4183 464 4234 virum
495 4180 710 4248 plenum
747 4179 850 4232 fide
873 4189 926 4231 et
950 4177 1146 4246 Spiritu
1187 4188 1394 4231 saneto.
1434 4195 1454 4228 ι
1493 4175 1687 4245 Utique
1709 4186 1761 4229 et
1793 4175 1868 4228 illi

292 4272 429 4339 pleni
463 4271 565 4323 iide
587 4280 756 4333 erant,
782 4285 915 4339 quos
945 4280 999 4323 et
1023 4270 1324 4338 elegerunt;
1358 4277 1497 4321 utne
1527 4267 1710 4322 eadem
1737 4281 1870 4321 con--

291 4365 578 4431 tingerent,
610 4379 727 4432 qua:
759 4364 807 4415 in
836 4361 990 4427 Juda,
1010 4363 1130 4416 etin
1157 4362 1356 4414 Anania
1377 4370 1431 4416 et
1455 4361 1735 4431 Sapphira.
1764 4378 1782 4410 ‹
1807 4360 1872 4414 Ει

291 4456 615 4524 Philippum,
651 4465 706 4508 et
733 4455 1081 4519 Prochorum,
1123 4464 1176 4507 et
1220 4453 1555 4520 Nicanorem,
1595 4463 1649 4507 et
1686 4453 1868 4506 Timo-

293 4564 432 4612 nem,
463 4557 518 4600 ct
549 4547 883 4609 Parmenaui,
915 4557 968 4602 et
1014 4546 1286 4600 Nicolaum
1319 4548 1640 4617 proselytum
1680 4547 1868 4600 Antio-

293 4640 519 4693 chenum
555 4657 567 4691 :
601 4639 655 4693 6.
686 4654 816 4708 quos
843 4647 1143 4693 statuerunt
1166 4653 1342 4692 coram
1365 4639 1637 4707 apostolis,
1668 4648 1721 4693 et
1749 4654 1869 4692 eum

293 4741 570 4796 orassent,
606 4732 969 4798 imposuerunt
995 4731 1074 4785 eis
1102 4745 1305 4784 manus.
1335 4731 1385 4786 7.
1430 4731 1491 4785 Et
1526 4731 1742 4784 verbum
1770 4731 1871 4784 Do-

296 4825 415 4878 mini
443 4830 759 4888 crescebat,
789 4835 842 4879 et
871 4824 1324 4894 multiplicabatur
1357 4840 1610 4878 numerus
1635 4823 1870 4892 discipu-

296 4917 460 4970 lorum
491 4918 545 4970 in
596 4916 894 4971 Jerusalem
928 4934 940 4969 :
970 4917 1131 4970 multa
1161 4916 1320 4971 etiam
1356 4917 1508 4971 turba
1536 4915 1869 4970 sacerdotum

294 5007 571 5060 obediehat
593 5006 732 5060 fidei.
763 5025 781 5058 )
807 5005 911 5061 Sed
940 5007 1075 5061 dieta
1095 5009 1282 5061 iterum
1307 5016 1634 5075 repetamus.
1652 5006 1774 5069 Viri,
1795 5017 1873 5059 at-

294 5098 469 5149 tendite
495 5097 653 5151 vobis.
688 5097 817 5151 Vide
836 5098 962 5150 mihi
985 5097 1728 5166 hicGanialiclem,quomodo
1750 5113 1870 5150 cum

297 5188 698 5243 mansuetudine
731 5197 782 5241 et
825 5189 1004 5256 paucis
1032 5188 1296 5256 loquatur,
1329 5203 1427 5241 nec
1459 5199 1662 5242 veteres
1691 5199 1874 5242 narret

298 5278 562 5345 historias,
596 5285 698 5334 etsi
731 5290 930 5351 posset,
971 5280 1063 5333 sed
1104 5295 1289 5346 novas,
1317 5297 1435 5349 qua:
1462 5281 1692 5334 maxime
1714 5281 1778 5334 ad
1813 5280 1876 5334 fi-

297 5372 407 5426 dem
448 5373 771 5427 ﬁrmandam
810 5374 1070 5426 valerent.
1103 5371 1226 5426 Ideo
1261 5371 1471 5426 occulte
1511 5372 1759 5436 insinuat,
1791 5371 1873 5426 di-

297 5479 415 5517 cens
446 5481 460 5516 :
495 5461 637 5518 Nam
677 5475 796 5517 ante
825 5463 916 5516 Iros
953 5464 1079 5529 dies,
1104 5462 1253 5532 quasi
1283 5462 1580 5528 declarans,
1613 5479 1717 5517 non
1751 5471 1875 5516 ante

299 5559 482 5612 multos
501 5557 640 5614 dles.
667 5544 935 5612 Si'statim
957 5556 1198 5624 dixisset,
1233 5555 1494 5611 Dimittile
1533 5557 1695 5622 viros,
1719 5558 1771 5612 in
1797 5573 1878 5612 su-

297 5650 581 5716 rpicionem
609 5650 874 5714 venisset,
906 5657 961 5703 et
989 5663 1166 5704 sermo
1195 5666 1300 5703 non
1334 5651 1404 5703 ita
1430 5649 1635 5704 validus
1658 5651 1874 5716 fuisset;

300 5751 406 5797 cum
433 5743 704 5814 exemplis
721 5751 904 5796 autem
929 5741 1030 5795 vim
1061 5744 1283 5814 accepit.
1310 5742 1434 5799 ideo
1457 5759 1558 5799 non
1578 5759 1739 5798 unum
1761 5757 1875 5799 me-

1252 288 1318 345 IN
1353 287 1535 345 ACTA
1574 284 2102 344 APOSTOLORUM.
2143 283 2374 342 HOMIL.
2411 287 2549 343 XIV.

3465 294 3562 352 ιιι

1986 409 2181 467 morat,
2213 403 2308 456 sed
2339 410 2393 458 et
2433 402 2680 458 alterum.
2728 405 2885 475 Atqui
2912 414 3122 476 poterat
3148 415 3203 462 ct
3229 407 3440 462 tertium
3463 409 3562 463 ad-

1984 493 2115 549 dere
2141 508 2208 549 ex
2236 493 2547 561 abundanti,
2579 504 2633 550 et
2671 510 2824 550 suum
2866 497 3184 554 confirmare
3234 515 3562 568 sermonem,

1985 585 2208 655 illosque
2235 601 2263 639 a
2293 587 2634 658 sanguinario
2679 589 2955 660 proposito
2993 591 3280 648 abducere.
3309 591 3566 650 Discedite

1983 676 2046 729 ab
2069 677 2372 733 hominibus.

2053 768 2108 821 2.
2144 768 2295 828 Vide.
2323 784 2482 839 quam
2512 771 2583 824 sit
2602 771 2837 827 moribus
2861 785 3188 830 mansuetus.
3219 774 3402 848 Neque
3437 777 3562 833 lon-

1984 875 2132 929 gum,
2165 861 2256 914 sed
2279 861 2495 916 brevem
2526 863 2663 917 texit
2685 878 2990 920 sermonem
3021 883 3035 929 ;
3086 883 3258 937 neque
3287 869 3408 924 illos
3429 885 3550 926 cum

1986 952 2164 1006 furore
2192 965 2474 1008 memorat.
2532 954 2598 1008 Et
2624 972 2795 1010 omnes
2820 969 3060 1029 quotquot
3087 973 3444 1016 consenserunt
3473 965 3518 1016 ei
3536 1005 3555 1030 ,

1982 1044 2195 1115 dispersi
2219 1057 2354 1100 sunt.
2390 1047 2498 1102 Hoc
2519 1047 2725 1114 dicens,
2761 1066 2866 1104 non
2898 1052 2948 1104 in
2991 1052 3259 1107 Christum
3312 1055 3556 1123 blasphe-

1983 1146 2134 1202 mat;
2191 1137 2283 1191 sed
2335 1137 2384 1192 id
2412 1181 2428 1204 ,
2477 1141 2617 1208 quod
2650 1143 2878 1196 maxime
2922 1144 3169 1208 volebat,
3224 1145 3449 1213 perlicit.
3495 1148 3556 1202 Si

1979 1228 2062 1290 sit,
2105 1229 2293 1297 inquit,
2325 1246 2389 1284 ea:
2443 1232 2768 1300 hominibus,
2825 1235 3143 1292 dissolvetur.
3199 1237 3296 1292 Hic
3347 1239 3558 1295 videtur

1980 1318 2098 1373 illos
2119 1321 2428 1390 syllogismo
2457 1323 2734 1391 impetere,
2762 1341 2826 1380 ac
2846 1325 3024 1381 dicere
3053 1346 3067 1382 :
3105 1328 3245 1399 Ergo
3271 1329 3394 1398 quia
3455 1330 3556 1386 hoc

1980 1412 2296 1468 dissolutum
2326 1431 2431 1470 non
2478 1416 2595 1482 fuit,
2649 1434 2754 1472 non
2781 1429 2864 1472 est
2891 1420 3201 1476 humanum.
3253 1422 3334 1476 ,γε
3357 1428 3488 1495 forte
3516 1435 3562 1478 et
3653 1473 3666 1488 ,

1979 1501 2089 1557 Deo
2116 1522 2398 1577 repugnare
2422 1509 2766 1564 inveniamini.
2803 1511 2914 1566 Hoc
2943 1511 3176 1578 dicebat,
3207 1529 3272 1568 ex
3299 1515 3550 1585 impossi-

1980 1597 2069 1651 bili
2102 1609 2152 1652 et
2186 1600 2360 1652 inutili
2390 1601 2512 1654 illos
2534 1603 2854 1672 reprimens.
2882 1603 2944 1658 Si
2965 1620 3079 1657 vero
3106 1622 3168 1659 ea:
3198 1605 3303 1660 Deo
3325 1617 3416 1672 est,
3447 1625 3550 1661 non

1979 1690 2223 1758 poteritis.
2274 1690 2388 1744 Non
2437 1691 2608 1758 dixit,
2657 1694 2709 1748 Si
2759 1694 3004 1750 Christus
3059 1697 3130 1750 sit
3186 1699 3362 1763 Deus;
3420 1715 3555 1768 opus

1979 1780 2120 1834 enim
2175 1781 2240 1835 iis
2293 1781 2636 1838 declarabat:
2692 1802 2864 1854 neque
2913 1785 3207 1862 affirmavit
3237 1789 3321 1842 vel
3370 1789 3560 1842 huma-

1979 1885 2137 1936 num,
2182 1871 2264 1927 vel
2307 1872 2543 1928 divinum
2589 1891 2747 1940 esse;
2795 1878 2889 1932 sed
2912 1877 3090 1932 futuro
3139 1881 3362 1950 tempori
3394 1880 3555 1935 ﬁdem

1980 1963 2257 2029 permisit,
2292 1973 2349 2018 ut
2393 1966 2663 2022 suaderet.
2722 1968 2790 2022 Et
2831 1971 2876 2024 si
2920 1972 3122 2037 suasit,
3175 1973 3420 2042 inquies,
3461 1989 3558 2028 cur

1980 2054 2362 2124 flagellarunt?
2397 2058 2711 2116 lndubitata:
2760 2062 2980 2132 quidem
3030 2064 3292 2118 dictorum
3338 2065 3556 2134 justitite

1979 2149 2243 2203 obsistere
2272 2165 2376 2203 non
2425 2160 2733 2220 potuerunt,
2775 2153 2871 2208 sed
2909 2163 3087 2210 tamen
3143 2155 3372 2210 furorem
3400 2170 3555 2210 suum

1984 2242 2338 2310 impleverunt
2401 2261 2414 2298 :
2470 2245 2703 2316 alioquin
2756 2262 2888 2302 vero
2935 2248 3014 2301 sic
3059 2263 3117 2300 sc
3173 2247 3292 2302 illos
3353 2257 3558 2316 perter-

1980 2332 2177 2386 rituros
2206 2333 2514 2402 sperabant.
2543 2335 2695 2403 Quod
2726 2347 2901 2392 autem
2933 2338 3046 2392 [nec
3073 2338 3176 2391 illis
3198 2353 3302 2391 non
3324 2353 3558 2407 praesen-

1979 2425 2118 2480 tibus
2146 2426 2366 2493 diceret,
2394 2428 2494 2483 hoc
2525 2429 2645 2484 illos
2671 2432 2838 2500 magis
2864 2431 3085 2485 attraxit
3113 2449 3126 2485 :
3167 2445 3229 2485 ac
3283 2431 3550 2485 sermonis

1975 2517 2244 2581 suavitas,
2295 2519 2668 2591 dictorumque
2717 2522 2920 2592 justitia
2949 2521 2999 2576 id
3027 2523 3135 2577 illis
3175 2522 3362 2577 suasit.
3419 2521 3556 2578 Fere

1978 2624 2204 2679 namque
2233 2619 2286 2663 et
2310 2610 2393 2664 hic
2423 2613 2761 2682 evangelium
2785 2613 3105 2683 praedicabat
3129 2632 3143 2680 ;
3180 2616 3286 2669 imo
3305 2615 3419 2670 haec
3442 2616 3554 2672 fere

1974 2699 2204 2763 dicebat,
2233 2717 2352 2756 cum
2377 2703 2579 2770 justitia
2607 2705 2752 2772 ipsos
2770 2705 3080 2776 alloquens;
3114 2707 3431 2763 Persuasum
3460 2711 3555 2765 lia-

1976 2792 2114 2848 betis
2135 2810 2234 2851 vos
2255 2809 2359 2848 non
2419 2810 2577 2865 posse
2625 2797 2936 2852 dissolvere.
2984 2799 3091 2852 Cur
3131 2816 3236 2854 non
3293 2801 3554 2857 credidis-

1976 2885 2080 2939 tis?
2105 2885 2234 2940 Tam
2268 2903 2454 2958 magna
2485 2897 2568 2943 est
2596 2889 2923 2959 praedicatio,
2956 2891 3192 2946 utetiam
3224 2892 3290 2947 ab
3321 2893 3549 2948 inimicis

1975 2979 2333 3034 testimonium
2379 2981 2590 3036 habeat.
2624 2981 2733 3037 Illic
2761 2983 3133 3054 quadringenti
3165 2996 3503 3042 surrexerunt
3527 3028 3545 3054 ,

1972 3080 2026 3124 et
2078 3080 2258 3139 postea
2318 3087 2506 3142 magna
2557 3073 2872 3129 multitudo:
2925 3075 3010 3129 hic
3063 3076 3340 3132 duodecim
3393 3079 3548 3148 primi

1972 3170 2144 3216 erant.
2177 3162 2250 3216 Ne
2276 3179 2405 3232 ergo
2427 3180 2520 3217 vos
2561 3164 2962 3234 perterrefaciat
2989 3167 3340 3223 multitudinis
3365 3185 3550 3227 acces-

1973 3255 2072 3306 sio.
2102 3255 2160 3308 Si
2187 3256 2317 3308 enim
2351 3272 2413 3310 ea:
2437 3257 2719 3311 hominibus
2746 3260 2898 3329 fuerit
2923 3277 3049 3329 opus
3069 3261 3182 3324 hoc,
3215 3261 3535 3317 dissolvetur.

1973 3345 2184 3400 Poterat
2211 3357 2266 3402 ct
2289 3349 2428 3402 aliud
2458 3347 2762 3421 Egyptinm
2809 3351 3021 3417 dicere;
3071 3351 3165 3407 sed
3201 3354 3311 3422 jam
3362 3369 3547 3424 super-

1974 3437 2133 3492 lluum
2162 3442 2258 3494 hoc
2281 3439 2480 3495 fuisset.
2516 3440 2716 3506 Viden’,
2737 3442 3002 3511 quomodo
3024 3452 3225 3498 terrore
3243 3459 3547 3500 sermonem

1972 3532 2334 3586 concluserit?
2360 3531 2482 3587 Ideo
2510 3548 2614 3586 non
2638 3534 2948 3603 simpliciter
2962 3536 3279 3589 sententiam
3303 3536 3505 3605 profert
3523 3575 3540 3602 ,

1974 3633 2028 3674 ut
2057 3637 2122 3677 ne
2149 3621 2389 3678 videatur
2405 3638 2502 3693 pro
2525 3623 2628 3678 illis
2650 3624 2861 3689 dicere;
2915 3624 3008 3680 sed
3033 3641 3098 3680 ex
3127 3627 3205 3681 rei
3231 3635 3424 3682 eventu
3452 3643 3543 3681 ra-

1973 3713 2272 3768 tiocinatur.
2337 3713 2454 3769 Non
2481 3731 2642 3772 ausus
2671 3726 2752 3772 est
2775 3732 2902 3771 vero
2925 3717 3219 3784 affirmare,
3244 3718 3542 3775 doctrinam

1972 3807 2115 3861 illam
2144 3822 2252 3861 non
2274 3807 2581 3874 humanam,
2607 3810 2698 3864 sed
2727 3825 2791 3864 ex
2821 3811 2927 3864 Deo
2957 3825 3110 3866 esse:
3141 3811 3262 3881 quia
3292 3813 3334 3866 si
3365 3811 3540 3867 dixis-

1973 3909 2050 3953 set
2083 3916 2145 3954 ex
2176 3900 2284 3954 Deo
2312 3915 2431 3955 esse
2459 3941 2475 3968 ,
2518 3903 2962 3957 contradixissent
2985 3904 3060 3956 illi
3091 3920 3107 3968 ;
3162 3904 3208 3958 si
3257 3914 3431 3959 autem
3479 3919 3548 3961 ex

1974 3990 2278 4046 hominibus
2303 3992 2544 4059 dixisset,
2597 3994 2662 4048 ad
2690 3995 3066 4065 insurgentium
3093 3999 3341 4066 propensi
3371 4009 3545 4053 erant.

1973 4079 2094 4135 Ideo
2125 4083 2242 4138 illos
2272 4083 2430 4138 ﬁnem
2469 4095 2777 4155 exspectare
2799 4087 2951 4156 jubet
2977 4128 2991 4151 ,
3020 4088 3222 4152 dicens,
3267 4089 3538 4147 Discedite.

1974 4174 2049 4227 Illi
2080 4190 2205 4229 vero
2235 4191 2445 4230 rursum
2481 4178 2772 4243 minantur,
2797 4180 3031 4233 scientes
3052 4181 3266 4248 quidem
3313 4197 3371 4234 se
3413 4182 3545 4236 nihil

1974 4284 2128 4337 posse
2178 4269 2452 4337 perlicere,
2501 4284 2598 4323 suo
2639 4279 2816 4324 autem
2889 4287 3036 4325 more
3081 4272 3357 4327 facientes.
3403 4273 3547 4327 Talis

1973 4359 2113 4413 enim
2145 4373 2230 4412 res
2251 4368 2332 4413 est
2352 4359 2576 4424 malitia,
2620 4376 2738 4429 qua:
2779 4362 3125 4430 impossibilia
3175 4377 3318 4430 saepe
3351 4372 3541 4421 teutat.

1977 4448 2100 4503 Post
2125 4449 2258 4502 hunc
2283 4459 2452 4503 autem
2479 4451 2696 4504 surrexit
2744 4450 2911 4504 ludas
2933 4452 3031 4521 (α).
3088 4452 3233 4517 Haec,
3264 4453 3305 4506 si
3329 4453 3547 4524 Josephi

1974 4543 2140 4596 libros
2162 4543 2518 4612 inspexeritis,
2547 4545 2847 4599 accuratius
2869 4545 3119 4600 ediscelis
3147 4565 3160 4600 :
3194 4546 3281 4600 ille
3308 4562 3541 4617 namque

1975 4633 2164 4688 horum
2199 4634 2472 4688 historiam
2522 4635 2807 4706 diligenter
2854 4647 3054 4691 narrat.
3105 4638 3288 4693 Viden‘
3330 4641 3542 4707 qualem

1975 4743 2086 4781 rem
2113 4743 2274 4782 ausus
2316 4738 2398 4782 est
2426 4727 2624 4792 dicere,
2681 4728 2819 4798 quod
2847 4728 2930 4782 Ea:
2957 4729 3064 4784 Deo
3090 4773 3104 4798 ,
3136 4732 3259 4802 quia
3308 4742 3487 4801 postea
3519 4749 3550 4786 a

1978 4821 2135 4874 rebus
2165 4820 2291 4888 ipsis
2315 4820 2472 4875 fidem
2494 4823 2737 4890 accepit?
2789 4821 2925 4876 Vere
2979 4839 3168 4894 magna
3205 4825 3432 4892 fiducia,
3491 4838 3550 4882 et

1976 4914 2118 4966 nulla
2162 4929 2504 4983 personarum
2545 4915 2806 4981 acceptio.
2838 4914 3203 4970 Consenserunt
3249 4928 3416 4973 autem
3450 4920 3546 4985 illi,

1979 5004 2164 5072 inquit.
2191 5001 2257 5055 Et
2283 5014 2608 5058 convocanles
2663 5006 2938 5074 apostolos,
2995 5023 3164 5062 cmsos
3207 5009 3544 5064 dimiserunt.

1977 5097 2210 5151 Rcveriti
2241 5105 2366 5150 sunt
2390 5099 2710 5152 Sententiam
2739 5100 2872 5165 viri;
2925 5101 3150 5171 ideoque
3175 5102 3496 5156 destiterunt
3519 5119 3546 5154 a

1979 5189 2255 5258 proposito
2286 5189 2558 5244 occidendi
2586 5193 2854 5260 apostolos
2889 5211 2902 5246 :
2953 5192 3250 5262 flagellatos
3277 5203 3454 5246 autem
3485 5195 3550 5247 il-

1981 5281 2061 5334 los
2086 5279 2377 5332 dimittunt.
2421 5279 2487 5332 Et
2517 5281 2593 5332 illi
2639 5281 2838 5349 quidem
2869 5283 3006 5334 ibant
3057 5284 3329 5352 gaudentes
3375 5302 3405 5336 a
3433 5301 3554 5340 con-

1980 5381 2150 5440 spectu
2173 5371 2395 5435 concilii,
2425 5371 2661 5439 quoniam
2689 5371 2827 5440 digni
2871 5373 3024 5424 habiti
3075 5383 3190 5425 sunt
3234 5391 3324 5440 pro
3354 5378 3560 5429 nomine

1982 5462 2167 5517 Christi
2194 5463 2547 5514 contumeliam
2575 5463 2698 5529 pati.
2727 5464 2930 5529 Quibus
2960 5465 3122 5532 signis
3146 5463 3246 5518 hoc
3269 5480 3372 5518 non
3397 5468 3554 5523 inira-

1986 5554 2137 5609 bilius
2164 5563 2245 5608 est
2273 5555 2295 5604 ’ἰ
2321 5553 2585 5621 Nusquam
2607 5554 2706 5608 hoc
2731 5556 2871 5622 apud
2901 5566 3107 5610 veteres
3137 5556 3378 5627 contigit.
3424 5557 3553 5611 Nam

2048 5688 2120 5748 (α)
2145 5687 2267 5734 Vide
2290 5685 2557 5748 Josephum
2579 5686 2870 5748 Antiq.Jud.
2890 5685 2924 5735 l.
2946 5687 3021 5743 l8,
3049 5700 3090 5735 c.
3120 5690 3164 5748 i,
3192 5693 3272 5740 ubi
3305 5691 3444 5743 Judze
3461 5693 3558 5744 Ga-

1987 5746 2110 5801 lilzei
2128 5749 2372 5800 historiam
2407 5746 2586 5809 refert;
2612 5755 2663 5797 et
2695 5746 2729 5799 l.
2753 5749 2834 5813 20,
2853 5764 2898 5800 c.
2918 5749 2966 5812 ‘2,
2991 5751 3072 5801 ubi
3092 5746 3365 5804 de'fbeuda
3390 5759 3502 5816 agit.
