4088 6142
511 327 616 385 Ilii

510 439 771 496 Jeret'nias
796 436 1009 507 quidem
1038 434 1332 505 ﬂagellatus
1361 442 1443 488 est
1470 440 1692 503 propter
1717 429 1937 484 verbum
1964 427 2083 493 Dei,

515 531 641 586 Elia:
665 537 719 583 et
746 527 863 582 aliis
893 527 1075 580 minati
1106 533 1261 579 sunt:
1297 525 1392 579 sed
1421 523 1507 578 hic
1533 533 1586 577 et
1627 539 1694 577 ex
1727 521 1827 575 hac
1857 535 1914 574 re
1938 529 1992 572 et
2020 533 2085 572 ex

517 621 683 689 signis
712 621 958 673 virtutem
990 617 1081 672 Dei
1117 617 1476 671 declararunt.
1509 613 1622 668 Non
1649 613 1784 667 dixit
1811 611 1953 680 quod
1980 624 2086 663 non

516 710 795 772 dolerent;
841 709 932 762 Sed
980 707 1120 778 quod
1147 708 1269 761 licet
1288 706 1529 760 dolentes
1558 703 1869 774 gauderent.
1905 699 2086 756 Unde-

512 815 633 855 nam
684 799 736 854 id
779 798 993 870 liquet?
1038 800 1112 852 Ex
1144 798 1383 868 sequenti
1429 798 1674 850 libertate
1727 792 1976 848 dicendi:
2017 791 2086 844 ita

511 909 725 966 semper
743 895 901 949 etiam
933 901 1052 962 post
1079 893 1258 961 plagas
1281 888 1614 959 pr;rdicando
1641 885 1928 941 instabant.
1963 883 2088 937 Ideo

511 985 564 1040 id
586 985 880 1048 declarans,
907 989 980 1037 ait
1010 1002 1022 1037 :
1057 982 1123 1036 In
1155 985 1338 1052 templo
1362 991 1407 1035 et
1434 983 1568 1052 circa
1590 979 1766 1033 domos
1788 994 1888 1031 non
1917 991 2087 1029 cessa-

512 1075 632 1128 bant
681 1078 912 1128 docentes
952 1083 997 1127 et
1037 1073 1434 1143 euangelizantes
1473 1069 1731 1124 Clu-istum
1771 1067 1970 1121 Iesum.
2019 1063 2088 1119 In

512 1168 685 1221 diebus
723 1179 890 1222 autem
921 1169 1042 1221 illis.
1074 1167 1276 1234 Quibus
1297 1164 1520 1219 diebus?
1554 1163 1686 1218 Cum
1721 1162 1832 1215 tunc
1861 1159 2085 1224 ﬂerent;

511 1273 628 1314 cum
659 1260 884 1332 ﬂagella,
909 1277 1026 1314 cum
1053 1261 1209 1314 mina:
1230 1302 1244 1322 ,
1268 1275 1388 1313 cum
1412 1257 1653 1324 discipuli
1673 1253 2088 1322 multiplicaren-

517 1363 635 1404 tur:
668 1361 792 1405 tunc
820 1351 1035 1404 Factum
1059 1361 1132 1404 est
1158 1365 1404 1404 murmur.
1433 1348 1499 1402 Et
1526 1346 1766 1401 fortassis
1794 1345 1864 1399 ob
1904 1342 2084 1397 multi-

512 1443 748 1497 tudinem
793 1443 1012 1510 contigit
1043 1422 1193 1494 z'non
1244 1441 1387 1494 enim
1433 1445 1606 1508 potest
1652 1437 1704 1490 in
1751 1434 2089 1490 multitudine

513 1543 691 1588 tantus
716 1534 847 1586 ordo
873 1533 1094 1587 servari.
1129 1532 1193 1586 Et
1228 1548 1412 1601 magna
1445 1530 1590 1584 turba
1619 1528 1935 1582 sacerdotum
1969 1525 2088 1579 obe-

511 1625 678 1679 diebat
699 1625 834 1691 ﬁdei.
861 1624 952 1678 llis
971 1624 1358 1684 subindicatur,
1380 1637 1446 1676 ex
1468 1622 1549 1685 iis,
1571 1620 1660 1690 qui
1681 1619 1876 1674 Christi
1901 1631 2088 1672 necem

513 1719 796 1774 machinati
817 1727 959 1783 sunt,
987 1717 1183 1771 multos
1212 1714 1520 1769 credidisse.

584 1809 920 1866 Ministerinm
957 1809 1301 1878 quotidianum
1330 1807 1470 1876 quid.
1502 1803 1792 1857 —Factum
1831 1812 1903 1856 est
1950 1818 2091 1854 mur-

512 1919 644 1968 mur,
670 1904 804 1973 quod
828 1905 1201 1974 despicerentur
1222 1901 1274 1954 in
1303 1900 1596 1970 quotidiana
1623 1897 1897 1950 ministerio
1927 1895 2090 1949 vidua:

511 2010 704 2049 eorum.
757 1995 897 2064 Ergo
927 1994 1290 2065 quotidianum
1339 1993 1690 2046 ministerium
1734 2006 1859 2058 erga
1901 1989 2088 2043 viduas

509 2096 645 2140 erat.
679 2087 744 2142 Et
775 2087 928 2152 vide,
961 2086 1230 2158 quomodo
1270 2085 1357 2141 hic
1395 2085 1744 2139 ministerium
1792 2094 1984 2149 vocet,
2036 2093 2091 2138 et

513 2192 616 2230 non
662 2177 839 2230 statim
869 2178 1296 2249 eleemosynam;
1329 2177 1508 2248 sicque
1541 2187 1595 2230 et
1623 2190 1718 2230 eos
1753 2176 1840 2245 qui
1869 2176 2086 2242 darent,

511 2279 564 2322 et
603 2283 698 2323 eos
727 2271 815 2337 qui
844 2271 1180 2340 acciperent,
1215 2269 1454 2324 extollat.
1485 2269 1598 2324 Hoc
1625 2284 1730 2324 non
1776 2285 1842 2324 ex
1889 2269 2090 2323 malitia

512 2359 799 2424 oriebatur,
857 2361 949 2414 sed
981 2361 1219 2416 fortassis
1261 2376 1328 2416 ex
1371 2361 1538 2415 turbae
1587 2361 1926 2432 negligentia.
1967 2360 2090 2415 Ideo

513 2449 615 2503 hoc
660 2451 710 2504 in
747 2451 976 2505 medium
1005 2453 1223 2520 protulit
1267 2451 1416 2524 (non
1446 2468 1665 2522 parvum
1710 2455 1850 2507 enim
1892 2453 2090 2507 malum

510 2543 674 2610 erat),
697 2542 838 2611 quod
865 2544 972 2598 cito
1001 2544 1292 2598 curandum
1319 2545 1572 2614 oportuit.
1603 2543 1784 2599 Viden’
1821 2547 2091 2614 quomodo

513 2617 570 2686 in
596 2632 857 2702 principio
882 2636 1018 2689 mala
1061 2652 1162 2690 non
1191 2635 1318 2690 foris
1350 2647 1551 2692 tantum
1578 2678 1593 2702 ,
1624 2635 1718 2692 sed
1747 2637 1905 2692 etiam
1948 2638 2090 2692 intus

513 2735 693 2779 essent
713 2726 738 2778 ?
762 2726 838 2780 Tu
870 2743 996 2781 vero
1027 2745 1131 2782 non
1178 2729 1351 2782 solum
1397 2727 1641 2784 attendas
1667 2729 1807 2800 quod
1849 2739 2089 2784 curatum

513 2817 700 2883 fuerit,
735 2819 827 2872 sed
869 2821 1028 2874 etiam
1056 2821 1196 2891 quod
1230 2836 1477 2891 magnum
1524 2829 1668 2875 esset
1712 2822 1926 2875 malum.
1960 2820 2094 2876 Con-

512 2909 729 2963 siderate
754 2927 894 2981 ergo,
917 2911 1131 2980 fratres,
1163 2913 1294 2965 viros
1322 2929 1384 2966 ea:
1407 2911 1543 2966 vobis
1566 2921 1770 2983 septem.
1800 2911 1915 2966 Non
1944 2913 1996 2967 id
2024 2927 2092 2967 ex

513 3004 730 3071 proprio
753 3012 877 3057 nutu
900 3003 1115 3069 faciunt,
1132 3003 1226 3058 sed
1245 3004 1389 3072 prius
1411 3019 1469 3059 se
1484 3014 1736 3060 excusant
1757 3009 1896 3074 apud
1915 3004 2094 3059 multi-

517 3094 772 3149 tudinem.
800 3095 876 3148 lla
910 3103 963 3148 et
987 3109 1124 3148 nunc
1147 3094 1260 3148 lieri
1290 3103 1580 3164 oporteret.
1611 3095 1730 3148 A'on
1763 3105 1832 3148 est
1858 3111 2087 3162 aequum,

516 3184 698 3248 aiunt,
750 3199 842 3237 nos
888 3182 1229 3252 derelinquere
1285 3184 1485 3237 verbum
1532 3184 1663 3250 Dei,
1713 3195 1759 3237 et
1810 3187 2093 3239 ministrare

517 3277 722 3330 mensis.
750 3275 929 3330 Primo
957 3276 1340 3331 absurditatem
1372 3275 1606 3346 profert,
1654 3277 1940 3332 ostendens
1985 3293 2090 3334 non

515 3381 674 3438 posse
709 3377 988 3439 utrumque
1035 3379 1279 3422 accurate
1326 3369 1564 3438 praestari
1609 3387 1623 3424 :
1663 3371 2090 3441 quandoquidem

514 3476 637 3514 cum
687 3460 960 3515 Matthiam
989 3461 1244 3515 ordinare
1274 3463 1545 3531 oportuit,
1591 3462 1761 3531 primo
1799 3463 1873 3517 rei
1902 3475 2086 3519 osten-

513 3553 650 3607 dunt
677 3555 1078 3619 necessitatem,
1103 3555 1227 3624 quia
1250 3569 1386 3608 unus
1415 3553 1700 3621 defecerat,
1732 3565 1785 3610 et
1812 3556 2090 3612 duodecim

516 3658 636 3697 esse
663 3643 963 3712 oportebat.
998 3643 1170 3698 Etiam
1209 3645 1297 3699 hic
1341 3645 1706 3700 necessitatem
1747 3647 2034 3701 ostendunt
2075 3665 2089 3702 :

518 3751 618 3789 nec
648 3735 776 3788 illud
799 3745 922 3790 ante
949 3735 1216 3799 fecerunt,
1242 3735 1335 3790 sed
1365 3746 1740 3807 exspectarunt
1758 3737 1930 3793 donec
1949 3754 2093 3792 mur-

519 3840 644 3886 mur
659 3826 924 3892 oriretur;
956 3841 1126 3896 neque
1148 3835 1323 3882 tamen
1348 3827 1486 3898 passi
1507 3837 1630 3882 sunt
1658 3837 1715 3882 ut
1741 3829 1842 3884 hoc
1868 3830 2090 3885 multum

515 3927 803 3970 cresceret.

607 4007 660 4061 5.
704 4007 771 4062 Et
812 4007 966 4071 vide;
1013 4007 1271 4078 judicium
1324 4010 1428 4066 illis
1468 4013 1813 4080 permittunt,
1860 4023 1913 4068 et
1971 4015 2092 4069 illos

519 4097 809 4167 praeferunt
837 4099 928 4170 qui
959 4100 1206 4154 omnibus
1236 4101 1537 4170 placerent,
1571 4114 1623 4157 et
1664 4107 1898 4159 omnium
1940 4107 2090 4160 testi-

519 4193 700 4246 monio
727 4192 932 4262 probati
955 4203 1154 4249 essent.
1188 4194 1319 4249 Cum
1347 4197 1579 4264 oportuit
1601 4197 1870 4252 Matthiam
1899 4214 2091 4269 propo-

518 4299 646 4338 nere
671 4325 686 4350 ,
743 4284 984 4354 Oportet,
1037 4286 1316 4354 inquiunt,
1350 4305 1412 4342 ea:
1436 4289 1497 4342 iis
1519 4328 1535 4355 ,
1575 4289 1660 4356 qui
1686 4290 1940 4343 nobiscum
1978 4301 2092 4344 sunt

518 4376 655 4430 omm’
682 4386 902 4446 tempore
925 4395 943 4442 ;
971 4377 1054 4432 hic
1080 4389 1255 4433 autem
1283 4395 1386 4434 non
1418 4382 1495 4434 sic
1525 4399 1539 4436 :
1567 4397 1670 4435 non
1702 4385 1843 4436 enim
1871 4385 1973 4437 tale
2000 4401 2095 4439 ne-

516 4468 714 4536 gotium
745 4477 879 4524 erat.
916 4469 1038 4522 Ideo
1065 4469 1164 4524 hoc
1201 4486 1304 4524 non
1340 4473 1468 4524 sorti
1501 4473 1888 4540 permiserunt;
1923 4490 2092 4543 neque

517 4574 638 4612 cum
669 4560 764 4628 ipsi
791 4570 1009 4629 possent
1036 4559 1235 4631 Spiritu
1263 4564 1390 4616 moti
1414 4563 1630 4632 eligere,
1662 4565 1711 4618 id
1739 4567 1967 4632 faciunt;
1996 4569 2090 4623 sed

519 4664 584 4701 ex
616 4651 897 4703 multorum
919 4653 1221 4705 testimonio
1239 4653 1378 4721 quod
1401 4655 1650 4722 placitum
1672 4665 1814 4710 esset
1832 4665 2088 4714 statuunt.

518 4737 762 4805 Alioquin
793 4755 937 4804 vero,
972 4757 1248 4795 numerum
1279 4742 1523 4810 delinire,
1551 4745 1821 4812 ordinare,
1843 4748 1908 4800 ad
1932 4751 2090 4804 talem

521 4846 698 4897 usum,
729 4832 794 4884 ad
825 4833 944 4886 illos
971 4834 1268 4902 pertinebat
1301 4836 1315 4865 ί
1342 4852 1356 4900 ;
1386 4835 1584 4907 eligere
1608 4847 1782 4892 autem
1811 4840 1951 4894 viros
1988 4841 2092 4897 illis

521 4925 864 4994 permittunt,
890 4935 946 4978 ut
984 4940 1050 4979 ue
1077 4925 1381 4980 viderentur
1408 4927 1474 4982 ad
1495 4929 1842 4998 quorumdam
1869 4933 2089 5001 gratiam

517 5030 681 5084 agere
711 5034 724 5070 :
752 5017 874 5084 quia
901 5027 955 5070 ct
982 5017 1121 5070 Dens
1150 5017 1314 5088 Moysi
1340 5019 1580 5088 permisit
1604 5021 1800 5091 eligere
1828 5024 2087 5091 seniores,

518 5125 653 5178 quos
681 5119 919 5163 noverat.
962 5109 1120 5164 Multa
1149 5113 1289 5164 enim
1318 5114 1572 5181 sapientia
1601 5129 1734 5183 opus
1761 5124 1843 5170 est
1884 5117 1938 5171 in
1969 5118 2091 5172 tali-

520 5202 618 5258 bus
647 5203 1150 5274 dispensationihus.
1191 5203 1268 5259 Ne
1302 5209 1498 5275 putetis
1526 5207 1688 5274 enim,
1717 5211 1838 5278 quia
1869 5209 2090 5266 verbum

523 5312 627 5351 non
656 5297 786 5367 ipsis
813 5295 1176 5351 concreditum
1209 5297 1404 5364 fuerat,
1433 5313 1537 5352 non
1571 5314 1704 5369 opus
1727 5301 1973 5358 habuisse
2000 5318 2091 5357 sa-

523 5391 716 5459 pientia
747 5408 761 5442 :
785 5390 947 5446 multa
972 5400 1118 5447 certe
1142 5407 1276 5460 Opus
1303 5391 1554 5449 habuere.
1589 5392 1702 5448 Nos
1731 5411 1842 5449 vero
1876 5397 2092 5450 orationi

509 5496 568 5539 st
605 5487 880 5541 ministerio
921 5487 1054 5540 verbi
1097 5487 1338 5540 instantes
1367 5489 1570 5542 erimus.
1604 5487 1670 5542 Et
1711 5489 1860 5542 initio
1886 5499 1939 5543 et
1987 5489 2092 5545 fine

517 5593 639 5632 sese
664 5589 936 5632 excusant.
975 5576 1230 5632 Instantes
1271 5579 1490 5643 erimus,
1530 5579 1794 5648 inquiunt.
1831 5579 1920 5633 Sic
1948 5580 2091 5633 enim

520 5667 830 5738 Oportebat,
859 5684 967 5722 non
997 5669 1206 5736 leviter,
1233 5684 1338 5724 non
1369 5678 1683 5740 utcumque,
1709 5670 1802 5724 sed
1822 5684 1942 5722 cum
1970 5685 2092 5738 per-

582 5779 602 5812 ⁸
638 5777 800 5830 Iorcl.
825 5780 966 5846 legit,
987 5779 1079 5834 sibi
1101 5783 1398 5846 adscribunt,
1423 5797 1530 5848 pro,
1555 5781 1625 5835 ad
1646 5779 1752 5836 illos
1774 5781 2056 5847 pertinebat.

1297 319 1356 375 S.
1387 315 1664 375 JOANNIS
1699 310 2172 370 CllliYSOSTOlll
2203 307 2514 365 ARCHIEP.
2554 307 3081 365 CONSTANTINOP.

3674 316 3779 374 “6

2194 425 2516 480 severantia.
2547 423 2615 478 Et
2643 425 2857 496 placuit,
2880 427 3070 496 inquit,
3095 445 3258 510 sermo
3283 447 3454 484 coram
3477 435 3614 486 omni
3636 436 3773 489 mul-

2194 519 2427 572 titudine.
2475 518 2542 572 Et
2571 517 2672 572 hoc
2714 520 2924 574 illorum
2965 523 3274 591 sapientiam
3305 523 3544 579 decebat.
3575 527 3778 586 Omnes

2193 610 2392 666 dictum
2441 611 2756 677 laudarunt;
2791 613 2860 666 ita
2889 614 3164 682 prudentia
3207 616 3421 684 plenum
3451 628 3586 674 erat.
3639 639 3660 674 ι
3707 623 3776 679 Et

2195 704 2499 772 elegerunt,
2525 703 2694 772 inquit
2722 704 2960 772 (rursum
2992 706 3090 774 ipsi
3112 706 3368 776 eligunt),
3401 708 3729 778 Stephanum
3757 755 3775 780 ,

2194 793 2363 847 virum
2395 795 2606 863 plenum
2653 794 2756 848 ﬁde
2786 805 2839 850 et
2867 795 3064 865 Spiritu
3105 809 3288 852 sancto
3308 841 3321 863 ,
3353 810 3409 855 et
3439 801 3734 874 Philippum
3759 847 3774 870 ,

2195 893 2250 940 et
2279 884 2602 940 Prochorum
2621 927 2637 952 ,
2665 897 2721 942 et
2748 886 3084 949 Nicanorem,
3112 898 3168 943 et
3199 889 3478 946 Timonem
3497 935 3511 956 ,
3543 901 3598 948 et
3643 895 3774 950 Par-

2194 994 2427 1044 ntenatn,
2455 989 2508 1035 et
2534 979 2807 1035 Nicolaum
2835 982 3158 1052 proselytum
3184 984 3573 1040 Antiochenam
3602 1006 3615 1042 :
3642 1003 3778 1058 quos

2194 1077 2492 1124 statuerunt
2521 1085 2701 1124 coram
2753 1073 3029 1141 apostolis.
3063 1073 3128 1126 Et
3171 1085 3384 1130 orantes
3411 1078 3780 1148 imposuerunt

2195 1159 2300 1213 illis
2326 1175 2533 1214 manus.
2568 1181 2588 1212 s
2621 1161 2755 1216 Hinc
2785 1163 2956 1233 palam
2987 1173 3102 1230 est,
3129 1167 3269 1234 quod
3300 1172 3694 1238 segregaverint
3715 1174 3776 1226 il-

2195 1251 2274 1306 los
2311 1268 2343 1306 a
2371 1254 2747 1318 multitudine;
2780 1263 2836 1308 et
2881 1256 2950 1309 illi
2985 1256 3232 1321 trahunt,
3263 1275 3367 1313 non
3411 1263 3635 1330 apostoli
3677 1263 3771 1319 du-

2193 1354 2340 1398 cunt.
2373 1345 2526 1408 Vide,
2556 1362 2714 1415 quam
2757 1363 2862 1400 non
2909 1348 3174 1419 superﬂue
3221 1351 3450 1422 scriptor
3476 1354 3724 1424 loquatur
3757 1375 3774 1411 :

2195 1451 2300 1488 non
2332 1437 2472 1491 enim
2501 1437 2632 1492 dicit
2660 1440 2930 1508 quomodo
2955 1481 2969 1505 ,
2999 1441 3094 1495 sed
3125 1443 3435 1512 simpliciter
3453 1447 3594 1516 quod
3625 1448 3770 1502 ordi-

2195 1527 2302 1580 nati
2352 1528 2458 1582 sint
2513 1545 2605 1596 per
2630 1530 2926 1584 orationem
2975 1550 2989 1586 :
3037 1532 3138 1586 hoc
3180 1535 3322 1589 enim
3366 1546 3450 1591 est
3486 1539 3773 1596 ordinatio.

2201 1617 2387 1673 Manus
2417 1621 2514 1675 viri
2541 1623 2953 1692 superpoaitur;
2995 1633 3161 1680 totum
3189 1642 3316 1681 vero
3340 1629 3478 1684 Deus
3501 1642 3772 1700 cperatur,

2194 1710 2416 1781 ejusque
2437 1728 2624 1766 manus
2642 1721 2726 1791 est
2744 1730 2861 1783 qua:
2885 1715 3050 1785 tangit
3069 1727 3227 1785 caput
3247 1719 3494 1785 ordinati,
3519 1723 3562 1776 si
3587 1738 3775 1791 quein-

2194 1802 2478 1857 admodum
2536 1784 2747 1873 opoFtet
2796 1784 3089 1860 ordinetur.
3121 1784 3187 1862 Et
3225 1826 3406 1874 sermo,
3442 1784 3643 1881 inquit,
3678 1813 3778 1869 Dei

2194 1893 2478 1960 crescebat,
2530 1905 2576 1948 et
2629 1894 3054 1966 multiplicabatur
3092 1916 3329 1954 numerus
3381 1902 3770 1974 discipulorum.

2193 1984 2308 2039 Non
2337 1985 2453 2041 sine
2482 2001 2642 2042 causa
2671 1987 2769 2043 hoc
2796 1989 2948 2056 dixit,
2996 1990 3088 2045 sed
3121 2001 3175 2046 ut
3202 1994 3508 2048 ostenderet
3533 2038 3546 2060 ,
3575 2008 3772 2064 quanta

2195 2075 2265 2129 sit
2294 2077 2650 2150 eleemosyna:
2694 2089 2748 2134 et
2777 2081 2901 2135 boni
2933 2082 3137 2137 ordinis
3169 2085 3355 2140 virtus.
3404 2089 3481 2140 Ac
3519 2087 3774 2159 deinceps

2194 2183 2312 2236 qua:
2337 2167 2660 2238 Stephanum
2687 2180 2930 2241 spectant
2951 2183 3258 2229 narraturus
3288 2187 3403 2231 est:
3436 2177 3556 2231 ideo
3585 2187 3775 2234 etcau-

2195 2276 2283 2315 sas
2313 2263 2522 2316 illorum
2571 2265 2880 2333 prtemittit:
2913 2265 2980 2320 Et
3010 2269 3190 2332 multi,
3225 2270 3426 2340 inquit,
3456 2273 3773 2328 sacerdotum

2193 2353 2482 2408 obediebant
2505 2357 2641 2424 fidei.
2665 2357 2796 2424 Quia
2828 2359 2968 2412 enim
3001 2361 3248 2414 videbant
3279 2363 3570 2433 principem
3597 2375 3650 2419 et
3673 2367 3774 2421 do-

2193 2457 2394 2500 ctorem
2424 2449 2536 2503 haec
2563 2452 2935 2518 proferentem,
2969 2468 3033 2506 ex
3055 2455 3303 2523 operibus
3320 2457 3430 2525 jam
3475 2457 3769 2526 periculum

2195 2537 2476 2593 faciebant.
2511 2539 2578 2593 Et
2601 2540 2953 2598 admiratione
2974 2544 3191 2614 dignum
3220 2557 3333 2611 est,
3375 2548 3514 2617 quod
3547 2550 3775 2619 populus

2196 2645 2302 2681 non
2335 2629 2534 2684 scissus
2555 2631 2712 2686 fuerit
2736 2633 2787 2686 in
2815 2634 3075 2689 electione
3098 2638 3353 2703 virorum,
3379 2639 3644 2708 quomodo
3664 2659 3772 2696 non

2196 2723 2461 2791 reprobati
2492 2723 2597 2777 sint
2622 2724 2689 2778 ab
2716 2725 2818 2778 illis
2840 2728 3086 2795 apostoli.

2269 2813 2552 2885 Presbyteri
2600 2826 2647 2869 et
2680 2815 2896 2871 Diaconi
2946 2835 3124 2872 nomen
3154 2820 3354 2889 quando
3386 2823 3680 2876 admissum.
3701 2853 3777 2866 —

2194 2904 2361 2973 Quam
2391 2923 2518 2977 ergo
2555 2907 2862 2977 dignitatem
2895 2907 3192 2964 habuerunt
3223 2911 3332 2978 illi,
3359 2921 3411 2967 et
3431 2927 3586 2982 quam
3618 2929 3774 2969 acce-

2197 3007 2388 3070 perunt
2423 2999 2846 3066 ordinationem,
2872 3001 2980 3071 jam
3011 3002 3325 3057 discendum
3352 3012 3451 3058 est.
3488 3005 3623 3060 Num
3653 3005 3773 3061 dia-

2195 3095 2498 3149 canorum?
2539 3096 2697 3165 Atqui
2750 3095 2863 3149 lucc
2911 3097 2961 3148 in
3011 3096 3262 3151 Ecclesiis
3314 3111 3418 3152 non
3473 3108 3624 3163 erat;
3676 3099 3774 3154 sed

2196 3186 2633 3255 presbyterorum
2680 3196 2796 3240 erat
2826 3187 3147 3240 (economia.
3193 3187 3354 3257 Atqui
3397 3189 3573 3242 nullus
3599 3189 3775 3244 adhuc

2195 3278 2476 3347 episcopus
2516 3287 2666 3343 erat,
2719 3289 3070 3348 praeterquam
3100 3281 3328 3349 apostoli
3370 3285 3593 3337 tantum.
3625 3282 3776 3338 Unde

2195 3377 2324 3437 pulo
2363 3382 2460 3422 nec
2499 3368 2842 3422 diaconorum
2873 3385 2972 3424 nec
3001 3371 3435 3442 presbyterorum
3469 3383 3591 3429 tunc
3614 3375 3776 3430 fuisse

2196 3474 2389 3513 nomen
2409 3458 2700 3514 admissum
2720 3475 2818 3514 nec
2837 3460 3207 3528 manifestum;
3232 3463 3325 3518 sed
3349 3463 3460 3533 jam
3483 3464 3548 3518 ad
3569 3465 3667 3518 hoc
3685 3482 3775 3517 or-

2194 3551 2358 3605 dinati
2390 3561 2532 3605 sunt.
2566 3551 2674 3607 Nec
2701 3553 3013 3622 simpliciter
3039 3554 3140 3608 hoc
3161 3571 3349 3610 munus
3381 3556 3486 3612 illis
3501 3557 3779 3613 concrali-

2199 3651 2307 3697 tum
2335 3653 2452 3705 est;
2481 3644 2572 3698 sed
2596 3646 2796 3714 precati
2825 3656 2965 3711 sunt,
2994 3656 3050 3700 ut
3076 3655 3310 3717 potestas
3337 3649 3440 3702 illis
3456 3650 3779 3705 concedere-

2197 3743 2300 3787 tur.
2327 3733 2457 3789 Vide
2499 3743 2700 3801 autem,
2723 3751 2927 3806 quaeso,
2952 3738 2995 3791 si
3043 3749 3245 3808 septem
3290 3740 3417 3794 viris
3453 3750 3566 3795 erat
3607 3757 3775 3811 opus,

2197 3834 2356 3878 tantae
2373 3825 2617 3880 fortassis
2634 3826 2923 3882 afﬂuebant
2939 3833 3197 3898 pecunim,
3214 3841 3356 3885 tanta
3371 3843 3484 3886 erat
3501 3833 3776 3888 viduarum

2196 3917 2496 3972 multitudo.
2521 3919 2659 3989 Ergo
2689 3936 2794 3974 non
2825 3922 3138 3991 simpliciter
3162 3939 3348 3992 preces
3375 3927 3774 3991 emiltebantur,

2195 4009 2286 4062 sed
2305 4024 2423 4063 cum
2447 4009 2608 4062 multa
2627 4011 2950 4077 attentione;
2976 4013 3200 4082 hocque,
3226 4013 3445 4083 perinde
3469 4026 3626 4084 atque
3646 4032 3779 4085 prte-

2194 4099 2413 4167 dicatio,
2445 4103 2815 4170 pcrliciebalur
2842 4119 2855 4156 :
2878 4103 3106 4170 plurima
3129 4105 3269 4158 enim
3307 4105 3555 4174 precibus
3586 4121 3778 4175 opera-

2195 4191 2406 4246 bantnr.
2427 4193 2513 4249 Sic
2531 4193 2818 4263 spiritualia
2842 4193 3281 4264 pra-ferebantur,
3302 4197 3379 4250 sic
3394 4196 3458 4250 ad
3483 4198 3782 4266 peregrina-

2197 4285 2368 4340 tiones
2398 4286 2761 4352 mittebantur,
2780 4288 2858 4341 sic
2881 4288 2995 4342 istis
3022 4290 3240 4344 verbum
3268 4289 3632 4344 concreditum
3659 4290 3776 4343 fuit.

2194 4377 2378 4446 Neque
2414 4378 2542 4432 dicit
2579 4377 2700 4444 hoc,
2746 4395 2918 4450 neque
2945 4380 3152 4434 extollit
3176 4395 3306 4444 eos;
3339 4380 3432 4435 sed
3461 4381 3621 4445 dicit,
3665 4395 3772 4434 non

2195 4487 2404 4540 :equum
2429 4486 2548 4525 esse
2573 4472 2914 4526 commissum
2937 4489 3069 4542 opus
3092 4473 3410 4542 relinquere.
3434 4473 3520 4527 Sic
3549 4488 3576 4524 a
3600 4472 3779 4540 Moyse

2196 4563 2420 4618 instituti
2444 4563 2670 4631 fuerant,
2698 4581 2763 4618 ne
2783 4567 2956 4618 omnia
2980 4565 3182 4635 agenda
3203 4566 3551 4634 susciperent.
3574 4563 3778 4620 Idcirco

2198 4656 2390 4711 Paulus
2406 4658 2498 4724 ait,
2532 4655 2600 4710 Ut
2617 4674 2893 4728 pauperum
2909 4667 3102 4710 tantum
3123 4673 3364 4711 memores
3381 4658 3535 4710 simus
3551 4655 3694 4725 (Gal.
3716 4655 3773 4711 2.

2195 4748 2304 4817 10).
2330 4748 2607 4815 Quomodo
2633 4757 2809 4802 autem
2835 4751 2931 4802 hos
2955 4749 3338 4803 antecesserint
3357 4748 3523 4802 disce.
3554 4747 3774 4816 Jejuna-

2195 4840 2341 4904 bant,
2372 4839 2780 4908 perseverabant
2822 4840 2873 4891 in
2891 4839 3152 4894 oratione.
3180 4840 3290 4895 Hoc
3311 4841 3469 4894 etiam
3497 4855 3635 4893 nunc
3659 4841 3773 4896 lieri

2194 4939 2483 4998 Oporteret.
2503 4929 2618 4983 Non
2643 4929 2959 4998 simpliciter
2978 4941 3154 4985 autem
3173 4932 3476 5002 spirituales
3493 4973 3507 4999 ,
3531 4930 3626 4986 sed
3651 4931 3780 4999 Spi-

2195 5023 2297 5077 ritu
2327 5031 2380 5076 et
2400 5021 2654 5091 sapientia
2680 5022 2865 5091 plenos
2880 5022 3031 5086 dixit,
3051 5023 3341 5078 ostendens
3377 5038 3582 5093 magna:
3600 5023 3782 5093 philo--

2195 5115 2396 5182 sophiae
2425 5113 2585 5168 fuisse
2612 5114 2977 5170 accusationes
2999 5115 3134 5170 ferre
3160 5114 3457 5169 viduarum.
3476 5117 3605 5183 Qua:
3635 5116 3780 5175 enim

2195 5206 2414 5271 utilitas,
2443 5205 2486 5259 si
2512 5203 2848 5275 dispensator
2893 5221 2996 5260 non
3028 5204 3232 5262 l'uretur
3268 5205 3504 5276 quidem,
3533 5205 3629 5262 sed
3655 5222 3776 5262 um-

2195 5298 2280 5350 nia
2315 5298 2538 5366 perdat?
2560 5298 2639 5351 vel
2667 5299 2708 5350 si
2742 5298 2886 5352 ferox
2911 5300 2978 5352 sit
3003 5309 3056 5354 et
3081 5298 3474 5354 exacerbetnr?
3505 5298 3614 5353 [lac
3639 5299 3692 5352 in
3721 5313 3780 5352 re

2195 5387 2540 5442 admirandus
2567 5399 2682 5440 erat
2713 5389 3003 5458 Philippus.
3037 5390 3112 5443 De
3161 5389 3253 5442 illo
3298 5405 3528 5460 namque
3575 5389 3709 5443 dicit
3758 5408 3774 5440 :

2195 5477 2264 5532 Et
2305 5480 2516 5548 ingressi
2551 5480 2600 5532 in
2647 5481 2850 5533 domum
2894 5480 3128 5552 Philippi
3175 5483 3529 5552 evangelista,
3574 5482 3661 5550 qui
3710 5506 3778 5546 εκ

2196 5577 2383 5636 septem
2409 5569 2511 5622 illis
2535 5582 2674 5635 erat,
2723 5573 2995 5625 mansimus
3025 5571 3166 5642 apud
3192 5573 3336 5626 illum
3389 5573 3527 5641 (Act.
3569 5573 3659 5626 2|.
3692 5574 3775 5637 8).

2200 5659 2385 5714 Viden'
2413 5660 2541 5715 nihil
2572 5661 2804 5716 humano
2824 5677 2974 5718 more
2995 5663 3334 5734 dispensari?
3362 5665 3428 5719 Et
3467 5664 3782 5730 multiplica-

2201 5753 2350 5808 batur
2375 5769 2609 5809 numerus
2633 5753 2991 5826 discipulorum
3016 5757 3070 5813 in
3096 5755 3402 5814 Jerusalem.
3426 5757 3778 5830 Jerosolymis
