4088 6142
256 294 371 352 H5

253 409 371 495 τοῦ
383 408 675 495 ὀνόματος
706 409 820 465 τοῦ
846 411 1107 480 Χριστοῦ
1139 416 1599 489 κατηξιώθησαν
1631 424 1833 495 dum.

252 493 486 562 σθῆναι.
541 493 733 547 Πὸσων
763 495 1007 565 σημείων
1038 496 1197 552 τοῦτο
1250 501 1312 553 οὐ
1351 493 1826 578 θαυμασιώτερονί

254 574 498 645 Οὐδαμοῦ
528 575 755 644 γέγόνεν
790 577 885 630 ἐπὶ
927 577 1034 631 τῶν
1079 578 1324 635 παλαιῶν
1361 583 1516 638 τοῦτο
1538 603 1552 617 ·
1586 574 1716 641 ἐπεί
1737 592 1831 642 καὶ

264 659 528 730 Ἱερεμίας
557 660 865 731 ἐμαστίχθη
892 661 978 714 διά
1008 662 1101 716 τὸν
1144 663 1300 732 λόγον
1331 666 1423 720 τοῦ
1450 668 1603 734 Θεοῦ,
1635 674 1729 725 καὶ
1752 672 1833 742 τῷ

266 743 417 813 Ἠλίᾳ
440 742 772 812 ἠπείλησαν,
823 744 916 797 καὶ
941 747 1053 808 τοῖς
1087 745 1266 812 ἀλλοις
1286 764 1300 778 ·
1327 750 1443 802 ἀλλ’
1476 753 1707 807 ἐνταῦθα
1739 756 1832 807 καὶ

257 825 360 878 ἀπὺ
401 824 621 884 τούτου,
652 826 754 878 οὐκ
784 826 896 879 ἀπὸ
920 827 1029 880 τῶν
1058 831 1299 900 σημείων
1343 832 1522 902 μόνον,
1551 835 1655 905 τὴν
1680 835 1835 889 δύνα-

262 924 348 975 μιν
370 905 753 990 ἐπεδείκνυντο
780 908 876 961 τοῦ
906 909 1063 966 Θεοῦ.
1094 913 1208 965 Οὐκ
1235 908 1408 981 εἶπεν,
1460 916 1541 968 ὅτι
1596 918 1696 971 οὐκ
1738 919 1834 990 ήλο

258 1005 400 1056 γουν,
434 988 555 1042 ἀλλ’
582 989 665 1041 ὅτι
696 990 793 1043 καὶ
820 990 1109 1060 ἀλγοῦντες
1143 992 1383 1066 ἔχαιρον.
1427 997 1597 1051 Πόθεν
1636 988 1829 1070 δῆλον;

268 1072 355 1125 ἐκ
384 1071 486 1140 τῆς
520 1076 659 1142 μετὰ
686 1073 860 1127 ταῦτα
888 1077 1225 1147 παρρησίας·
1271 1077 1442 1143 οὕτως
1470 1083 1833 1153 ἐνεστήκεσαν

258 1155 337 1208 ἀεὶ
358 1156 453 1208 καὶ
486 1155 627 1226 μετά
656 1156 755 1219 τὰς
782 1156 997 1228 πληγὰς
1025 1159 1407 1229 κηρύττοντες.
1435 1164 1526 1217 Διὸ
1564 1166 1834 1220 καὶτοῦτο

256 1237 446 1302 δηλῶν,
505 1239 602 1290 Ἐν
658 1239 739 1302 τῷ
788 1240 943 1308 ίερῷ,
988 1244 1143 1310 φησὶ,
1205 1244 1303 1297 καί
1360 1247 1487 1300 κατ’
1525 1243 1693 1301 οἷκον
1722 1252 1834 1303 οὐκ

256 1320 551 1374 ἐπαύοντο
581 1321 977 1389 διδάσκοντες
1029 1326 1125 1378 καὶ
1172 1328 1677 1398 εὐαγγελιζόμενοι
1723 1332 1835 1401 Ἰη·

254 1403 409 1456 σοῦν
476 1405 755 1472 Χριστόν.
819 1406 917 1458 Ἐν
963 1406 1031 1459 δὲ
1087 1408 1220 1474 ταῖς
1283 1410 1531 1478 ἡμέραις
1569 1415 1829 1481 ταύταις.

255 1485 730 1556 Ποίαιςήμέραις;
774 1488 904 1541 Ὅτε
941 1489 1112 1542 ταῦτα
1166 1490 1393 1559 ἐγίνετο,
1422 1495 1510 1547 ὅτε
1552 1496 1832 1566 μάστιγες,

253 1569 341 1620 ὅτε
400 1568 641 1631 ἀπειλαὶ,
708 1570 798 1622 ὅτε
863 1570 1222 1640 ἐπληθύνοντο
1278 1575 1328 1627 οἱ
1390 1576 1648 1648 μαθηταὶ,
1711 1579 1834 1633 τότε

254 1650 611 1720 Γογτυσμὸς
672 1651 918 1719 γίνεται.
979 1653 1110 1706 Ἀπὸ
1155 1654 1250 1708 τοῦ
1302 1656 1540 1729 πλήθους
1584 1659 1641 1713 δὲ
1692 1662 1833 1730 τάχα

256 1732 486 1803 συνέϐη·
545 1734 604 1785 οὐ
656 1734 769 1804 7&9
806 1734 955 1789 ἐστιν
984 1737 1268 1808 ἀκρίϐειαν
1297 1741 1356 1792 ὲν
1416 1740 1611 1810 πλήθει
1671 1738 1830 1798 εἶναι.

255 1815 364 1870 Kal
390 1816 586 1880 πολὺς
613 1815 797 1886 ὄχλος
826 1817 946 1871 τῶν
970 1820 1174 1888 ἱερέων
1199 1822 1471 1891 ὑπήκουε
1501 1824 1576 1893 τῇ
1608 1827 1828 1882 πίστει.

256 1897 426 1952 Τοῦτο
452 1899 826 1970 αἰνιττομένου
852 1903 970 1956 ἐστὶ
995 1905 1089 1957 καὶ
1106 1904 1433 1971 δεικνύντος.
1461 1910 1542 1962 ὅτι
1575 1911 1667 1980 ἀφ’
1702 1905 1777 1965 ὧν
1803 1914 1836 1965 ὁ

258 1980 397 2035 κατά
418 1979 660 2081 ξριστοῦ
693 1981 920 2048 θάνατος
944 1985 1267 2059 ἐσκευάσθη,
1296 1989 1480 2044 πολλοὶ
1507 1993 1615 2045 ἀπὸ
1628 1979 1834 2046 τούτων

260 2080 517 2117 π;στευου
525 2082 630 2119 σιν.

336 2146 631 2217 Ἐγένετο,
664 2152 822 2219 φησὶ,
854 2154 1215 2221 γογγυσμὸς,
1244 2151 1334 2207 ὅτι
1355 2158 1833 2226 παρεθεωροῦντο

255 2228 325 2283 ἐν
372 2227 446 2299 τῇ
491 2230 770 2301 διακονίᾳ
823 2231 900 2301 τῇ
927 2234 1287 2305 καθημεριή
1318 2238 1377 2291 al
1411 2237 1588 2306 χῆραι
1614 2240 1830 2295 αὐτῶν.

261 2314 404 2384 ’Λρα
426 2312 773 2396 καθημερινὴ
802 2315 1045 2369 διακονία
1072 2314 1141 2389 ἦν
1165 2321 1286 2383 ταῖς
1310 2322 1528 2391 χήραις.
1572 2324 1680 2378 Kal
1708 2325 1831 2396 ὅρα,

259 2396 375 2460 πιῖις
426 2398 521 2451 καὶ
568 2390 724 2461 οὗτος
780 2399 1055 2455 διακονίαν
1107 2400 1286 2467 καλεῖ,
1345 2390 1439 2458 καὶ
1501 2408 1561 2460 οὐ
1623 2390 1833 2479 ταχέως

259 2478 660 2551 ιλεημοσύνην·
730 2480 847 2551 ἅμα
896 2482 990 2536 καὶ
1042 2485 1167 2547 τοὺς
1218 2484 1482 2551 διδόντας,
1544 2490 1638 2544 καὶ
1704 2492 1834 2555 τοὺς

257 2559 633 2631 λαμϐάνοντας
661 2562 749 2617 διὰ
776 2563 966 2618 τούτου
1007 2567 1267 2638 ἐπαίρων.
1308 2567 1479 2624 Τοῦτο
1525 2572 1586 2625 οὑ
1636 2574 1836 2638 κακίας

262 2638 345 2713 ἦν,
398 2645 537 2699 ἀλλά
572 2645 669 2699 τοῦ
703 2646 936 2718 πλήθους
969 2648 1097 2713 τσως
1123 2650 1383 2723 ῥᾳθυμία.
1412 2653 1511 2708 Διά
1540 2655 1696 2709 τοῦτο
1739 2657 1834 2709 καὶ

266 2724 569 2809 ⁴προδῦθινικεν
620 2728 754 2783 αὐτὸ
802 2732 882 2793 είς
942 2730 1103 2802 μέσον
1157 2735 1238 2803 (ού
1290 2736 1485 2808 μικρὸν
1528 2737 1636 2809 γὰρ
1666 2739 1833 2792 κακὸν

264 2803 381 2879 ἦν),
428 2811 516 2865 ἵνα
566 2812 775 2882 ταχέως
829 2813 926 2868 καὶ
983 2803 1301 2889 διορθωθῇξ
1340 2803 1549 2891 Ὁρᾷς,
1741 2823 1835 2876 καὶ

264 2891 319 2974 ἐν
350 2894 495 2964 ἀρχῇ
540 2894 610 2946 τὰ
640 2894 789 2949 κακά
824 2897 945 2968 οὐχὶ
971 2897 1167 2965 ἔξωθεν
1222 2901 1380 2970 μόνον
1430 2898 1521 2974 ῆν,
1554 2902 1689 2957 ἀλλά
1740 2905 1835 2958 καὶ

265 2973 491 3057 ἐσωθεν;
526 2977 600 3030 Σὺ
633 2976 690 3030 δὲ
728 2977 804 3050 μὴ
847 2980 1005 3034 τοῦτο
1043 2982 1202 3052 μόνον
1239 2983 1373 3054 ἴδῃς,
1410 2984 1490 3038 ὅτι
1527 2985 1832 3057 διωρθώθη,

262 3055 371 3110 ἀλλ’
406 3058 492 3111 ὅτι
542 3059 686 3127 μέγα
719 3063 890 3115 κακὸν
912 3062 990 3118 ὅν.
1035 3063 1503 3133 Ἐπισκέψιισθε,
1558 3055 1831 3138 ἀδελφοί,

262 3139 482 3208 ἄνδρας
507 3141 580 3226 έξ
614 3144 782 3213 ὑμῶν
824 3145 994 3201 ἑπτά.
1044 3149 1157 3202 Οὐκ
1199 3150 1373 3221 οίκείᾳ
1416 3150 1610 3225 γνώμῃ
1661 3154 1837 3226 πράτ-

260 3239 459 3309 τουσιν,
485 3225 625 3280 ἀλλὰ
644 3228 907 3299 πρότερον
927 3229 1315 3299 ἀπολογοῦνται
1336 3231 1486 3306 [IN]
1507 3234 1587 3305 τῷ
1616 3236 1830 3309 πλήθει.

263 3305 415 3362 Οὕτω
476 3309 572 3363 καὶ
629 3310 727 3363 νῦν
772 3312 1015 3380 γίνεσθαι
1067 3313 1191 3369 ἔδει.
1256 3317 1329 3370 0τέ

264 3472 433 3539 Θεοῦ,
474 3473 785 3531 διακονεῖν
836 3476 1164 3545 τραπέζαις.
1231 3481 1455 3552 Πρῶτον
1524 3484 1585 3538 τὸ
1634 3486 1832 3541 ἄτοπον

259 3556 459 3641 τίθησι,
508 3558 749 3624 δεικνὺς,
796 3560 872 3625 ὡς
902 3560 1000 3615 οὐκ
1032 3562 1152 3616 ἐνὸν
1191 3577 1218 3604 ι
1253 3565 1391 3634 μετά
1435 3568 1671 3639 σπουδῆς
1720 3572 1833 3641 ἀμ-

262 3639 460 3710 φότερα
484 3641 782 3726 ᾲγίνεσθαιο
822 3644 944 3697 ἐπεὶ
998 3646 1092 3699 καὶ
1123 3646 1213 3701 ὅτε
1240 3648 1328 3700 τὸν
1368 3650 1614 3704 Ματθίαν
1653 3639 1833 3726 χειρο-

259 3726 426 3776 τονεῖν
480 3724 741 3795 ἔμελλον,
776 3726 988 3797 πρῶτον
1023 3727 1122 3800 τὴν
1167 3730 1354 3802 χρείαν
1394 3733 1695 3789 δεικνύουσι
1737 3724 1832 3792 τοῦ

260 3805 602 3877 πράγματος,
654 3809 739 3863 ὅτι
796 3826 857 3863 τε
903 3809 1084 3865 ἔλιπεν
1125 3807 1227 3878 εἷς,
1271 3814 1366 3868 καὶ
1423 3815 1529 3870 ἔδει
1580 3818 1833 3887 γενέσθαι

258 3888 484 3945 δώδεκα.
535 3893 645 3946 Kal
688 3893 922 3948 ἐνταῦθα
973 3895 1071 3967 τὴν
1124 3897 1311 3969 χρείαν
1366 3899 1677 3971 ἐδήλωσαν·
1738 3905 1834 3958 καὶ

259 3971 378 4026 οὔτε
430 3973 692 4046 πρότερον
727 3977 1008 4047 ἐποίησαν,
1040 3979 1172 4033 ἀλλὰ
1201 3982 1555 4053 περιέμειναν
1582 3986 1832 4054 γενέσθαι

258 4055 345 4107 τὸν
375 4056 718 4128 γογγυσμὸν,
744 4057 870 4113 οὔτε
902 4061 1009 4131 μὴν
1034 4062 1322 4134 ἠνέσχοντο
1370 4065 1463 4118 ἐπὶ
1507 4067 1643 4122 πολὺ
1676 4069 1834 4124 τοῦτο

262 4138 560 4210 συμϐῆναι.

323 4226 395 4290 7".
420 4222 534 4274 Καὶ
557 4222 680 4293 ὅρα,
694 4223 793 4295 τήν
809 4226 988 4296 κρίσιν
1015 4227 1197 4292 αὐτοῖς
1215 4231 1587 4303 ὶπιτρέπουσι,
1600 4234 1833 4301 καὶτοὺς

259 4305 426 4389 πᾶσιν
457 4306 788 4377 ἀρέσκοντας
814 4311 908 4363 καὶ
953 4310 1058 4364 ὑπὸ
1109 4313 1324 4368 πάντων
1356 4318 1833 4389 μαρτυρουμένους

259 4386 505 4453 ἐκείνους
539 4390 946 4460 προϐάλλονται.
987 4394 1115 4447 Ὅτε
1160 4395 1260 4465 μιν
1300 4395 1393 4450 οὖν
1437 4386 1549 4452 ’τδεί
1585 4386 1834 4456 Ματθίαν

260 4472 364 4525 Ben.
426 4473 850 4544 προϐάλλεσθαι,
888 4477 1005 4541 Δεῖ,
1039 4477 1247 4547 ελεγον,
1275 4476 1393 4533 τῶν
1415 4485 1836 4539 συνελθόντων

259 4556 403 4640 ἡμῖν
421 4557 663 4626 ἀνδρῶν
689 4561 955 4614 ἐνπαντὶ
983 4560 1064 4626 τῷ
1105 4564 1331 4632 χρόνῳο
1370 4564 1601 4620 ἐνταῦθα
1637 4567 1695 4620 δὲ
1736 4568 1835 4640 οὐχ

261 4639 464 4705 οὕτως·
499 4643 563 4695 οὐ
610 4643 720 4714 7&9
766 4644 1003 4700 τοιοῦτον
1027 4641 1097 4718 ἦν
1118 4647 1179 4700 τὸ
1208 4648 1455 4720 πρᾶγμα.
1504 4651 1594 4704 Διὸ
1641 4652 1736 4706 καὶ
1770 4639 1831 4706 οὗ

261 4723 446 4795 κλήρῳ
467 4725 602 4778 αὐτὸ
629 4727 951 4798 ἐπέτρεψαν,
997 4726 1122 4782 οὔτε
1164 4730 1344 4795 πάλιν,
1372 4732 1657 4804 δυνάμενοι
1680 4735 1834 4789 αὐτοὶ

263 4806 475 4872 ἐκλέξαι
527 4808 797 4879 Πνεύματι
851 4810 1177 4883 κινούμενοι,
1216 4814 1372 4869 τοῦτο
1425 4816 1694 4871 ποιοῦσιν
1725 4818 1835 4873 ἀπὸ

261 4890 353 4959 τῆς
385 4890 501 4944 τῶν
535 4892 744 4945 πολλῶν
778 4897 1079 4966 μαρτυρίας
1115 4899 1176 4951 τὸ
1205 4899 1395 4954 δοκοῦν
1439 4901 1639 4971 μᾶλλον
1674 4903 1834 4957 ἱστῶ-

266 4989 368 5058 σινἶ
396 4974 613 5039 ¹’Δλλως
645 4976 702 5029 δὲ
732 4977 793 5030 τὸ
820 4979 918 5049 μὲν
936 4979 1109 5050 ὁρίσαι
1137 4982 1229 5036 τὸν
1255 4983 1511 5055 ἀριθμὸν,
1538 4987 1632 5039 καὶ
1658 5003 1833 5058 χειρο-

261 5055 505 5138 τονῆσαι,
530 5059 625 5111 καὶ
655 5058 717 5113 τὸ
742 5061 800 5114 ἐν
826 5062 984 5133 χρείᾳ
1008 5063 1252 5137 τοιαύτῃ,
1279 5067 1457 5120 αὐτῶν
1481 5063 1577 5138 ἦν’
1628 5070 1688 5122 τὸ
1714 5055 1771 5123 δέ
1804 5071 1831 5110 b

261 5137 473 5225 ξλέσθαι
502 5142 631 5206 τοὺς
660 5142 862 5214 ἄνδρας
898 5145 1123 5209 ἐκείνοις
1150 5137 1554 5219 ἐπιτρέπουσιν,
1609 5152 1697 5206 ἵνα
1758 5154 1833 5225 μὴ

260 5221 481 5310 δόξωσιν
523 5226 679 5281 αὐτοὶ
722 5227 1078 5299 χαρίζεσθαι·
1112 5232 1234 5284 ἐπεὶ
1265 5236 1360 5287 καὶ
1395 5236 1423 5287 ὁ
1476 5235 1610 5300 Θεὸς
1662 5221 1832 5310 Μωσῇ

261 5305 544 5392 ἐπιτρέπει
570 5309 787 5365 ἑλέσθαι
815 5313 1238 5384 πρεσϐυτέρους,
1281 5316 1374 5380 οὒς
1410 5314 1538 5371 οἶδε.
1586 5321 1696 5374 Καὶ
1725 5305 1835 5392 7&9

264 5390 451 5473 σοφίας
496 5393 701 5465 πολλῆς
728 5394 809 5446 δεῖ
831 5396 888 5447 ὲν
917 5399 1037 5458 ταῖς
1061 5396 1335 5461 τοιαύταις
1356 5402 1704 5471 οἰκονομίαις.
1743 5390 1833 5473 Μὴ

263 5471 365 5543 τὰρ
381 5473 447 5544 δή
470 5477 759 5548 νομίσητε,
789 5478 977 5550 ἐπειδὴ
1001 5479 1157 5548 λόγον
1182 5481 1282 5533 οὐκ
1309 5483 1723 5553 ὲγκεχείρισται,
1752 5471 1834 5539 ὅτι

261 5555 534 5639 οὖᾼχρείαν
572 5560 684 5630 ἔχει
713 5561 908 5628 σοφίας
955 5564 984 5614 ὁ
1013 5562 1283 5628 τοιοῦτος·
1334 5564 1522 5634 χρῄζει
1568 5569 1696 5639 γὰρ,
1742 5571 1837 5624 καὶ

264 5637 473 5720 πολλῆς,
520 5641 729 5711 Ἡμεῖς
783 5643 871 5708 δὲ,
939 5647 1091 5714 φησὶ,
1144 5645 1220 5714 τῇ
1258 5646 1568 5715 προσευχῇ
1617 5637 1713 5703 καὶ
1762 5651 1837 5720 τῇ

264 5718 529 5794 διακονίᾳ
551 5727 665 5781 τοῦ
683 5727 874 5796 λόγου
909 5730 1528 5801 προσκαρτερήσομεν.
1554 5734 1661 5787 Καὶ
1678 5718 1839 5807 ἀρχόέ

265 5867 313 5919 οη
372 5857 513 5909 Unus
560 5859 756 5917 τίθησιν
780 5862 846 5917 ὡς
875 5861 962 5910 οὐκ
986 5862 1104 5913 ἐνόν.
1144 5863 1173 5905 b
1196 5864 1367 5917 Morel.
1393 5872 1446 5918 et
1466 5879 1592 5918 unus
1624 5869 1727 5919 cod.
1753 5869 1840 5918 αύ-

258 5918 346 5967 τῦν
365 5919 647 5984 ποιοῦνται,
672 5922 734 5970 τὸ
756 5922 827 5970 δέ.

1283 295 1351 352 IN
1387 297 1573 356 ACTA
1606 301 2139 367 APOSTOLORUM.
2175 308 2407 369 IIOMIL.
2447 312 2586 371 XIV.

3404 320 3510 377 “6

1942 444 2092 499 μενοι
2122 429 2215 484 καὶ
2238 430 2598 496 τελευτῶντες
2619 432 3028 504 ἀπολογοῦνται.
3058 434 3512 505 Προσκαρτερή-

1937 528 2145 582 σομεν,
2190 514 2370 584 φασίν.
2405 513 2563 571 Οθτω
2591 517 2701 589 γὰρ
2748 518 2875 582 ἔδει,
2920 521 3018 589 οὐχ
3071 518 3258 583 ἁπλῶς
3306 520 3414 573 οὐδ’
3437 520 3515 585 ὡς

1934 594 2140 666 ἔτυχεν,
2176 597 2313 652 ἀλλὰ
2351 604 2801 672 προσκαρτερεῖν.
2856 602 2963 656 Kal
3004 602 3207 670 ἤρεσε,
3243 602 3430 673 φησὶν,
3478 605 3513 657 ό

1931 678 2108 747 λόγος
2133 678 2389 736 ἐνώπιον
2403 684 2630 750 παντὸς
2649 684 2757 739 τοῦ
2793 683 3091 750 πλήθους.
3111 685 3221 738 Kal
3238 686 3394 738 τοῦτο
3412 683 3513 755 τῆς

1932 761 2112 814 αὐτῶν
2125 762 2315 831 σοφίας
2325 764 2711 832 ἀξιον.Πάντες
2733 766 3002 838 ἐπῄνεσαν
3025 766 3087 820 τὸ
3115 766 3320 836 λεχθέν·
3341 765 3511 830 οὕτως

1930 839 1998 915 ἦν
2018 848 2252 901 συνετόν.
2276 849 2384 902 Kal
2402 848 2782 915 ἐξελέξαντο,
2803 851 2936 921 φησὶ
2970 851 3156 920 (πάλιν
3177 851 3328 905 αὐτοὶ¹
3356 850 3512 904 ἐκλέ-

1933 932 2163 996 γονται),
2217 929 2546 1000 Στέφανον,
2605 932 2795 1001 ἄνδρα
2843 933 3048 1002 πλήρη
3105 935 3361 999 πίστεως
3413 932 3514 986 καὶ

1932 1013 2277 1080 Πνεύματος
2325 1015 2517 1085 ἁγίου,
2562 1017 2662 1070 καὶ
2692 1019 2997 1071 φίλιππον
3039 1017 3139 1071 καί
3183 1019 3511 1085 Πρόχορον,

1932 1095 2030 1149 καὶ
2082 1096 2398 1165 Νικάνορα,
2454 1099 2551 1152 καὶ
2610 1102 2857 1169 Τίμωνα,
2913 1101 3011 1155 καί
3041 1099 3380 1170 Παρμενᾶν,
3414 1100 3511 1153 καί

1931 1180 2229 1234 Νικόλαον
2280 1182 2664 1250 προσήλυτον
2701 1184 3023 1252 Ἀντιοχέω
3082 1184 3190 1251 οὓς
3241 1184 3517 1250 ἔστησαν

1931 1264 2185 1319 ἐνώπιον
2243 1264 2362 1319 τῶν
2416 1268 2796 1323 ἀποστόλων.
2865 1270 2973 1324 Kal
3038 1267 3514 1337 προσευξάμενοι

1931 1346 2235 1415 ἐπέθηκαν
2277 1348 2484 1414 αὐτοῖς
2529 1351 2636 1416 τὰς
2686 1350 2905 1420 χεῖρας.
2959 1352 3053 1405 Ἐκ
3088 1351 3279 1407 τούτου
3334 1351 3510 1420 δῆλον,

1933 1429 2015 1483 ὃτι
2040 1429 2322 1501 ἀφώρισαν
2349 1432 2545 1495 αὐτοὺς
2587 1431 2681 1484 τοῦ
2728 1432 2982 1504 πλήθους,
3018 1433 3113 1487 καὶ
3142 1434 3294 1487 αὐτοὶ
3322 1433 3513 1486 ἕλκου-

1935 1527 2037 1576 σιν,
2069 1512 2167 1583 οὑχ
2190 1514 2240 1565 οί
2294 1513 2581 1567 ἀπόστολοι
2622 1515 2863 1583 ἄγουσιν.
2890 1516 3051 1587 Ὅρα,
3095 1514 3209 1579 πῶς
3253 1515 3354 1569 οὐκ
3396 1515 3514 1569 ἐστι

1934 1595 2183 1664 περιττὸς
2228 1597 2256 1647 ὁ
2300 1595 2732 1666 συγγραφεύςω
2777 1597 2973 1668 οὐγὰρ
3002 1597 3149 1665 λέγει
3200 1597 3339 1660 πῶς,
3396 1596 3511 1650 ἀλλ’

1932 1678 2136 1741 ἁπλῶς,
2175 1679 2256 1731 ὅτι
2298 1679 2782 1750 ἐχειροτονήθησαν
2818 1680 2905 1734 διὰ
2951 1681 3258 1752 προσευχῆς
3281 1699 3295 1712 '
3355 1680 3515 1734 τοῦτο

1933 1760 2040 1828 7&9
2071 1761 2103 1825 ή
2156 1762 2455 1831 χειροτονία
2492 1762 2660 1816 ἐστίν.
2702 1761 2768 1815 Ἦ
2819 1763 2941 1833 χεὶρ
2996 1763 3268 1817 ἐπίκειται
3298 1762 3392 1817 τοῦ
3419 1764 3512 1816 ἀν-

1932 1842 2078 1913 δρὸς.
2111 1846 2173 1895 τὸ
2204 1843 2259 1896 δὲ
2309 1846 2418 1897 πᾶν
2449 1846 2477 1897 ό
2505 1845 2638 1909 Θεὸς
2663 1846 2973 1916 ἐργάζεται,
3007 1847 3102 1900 καὶ
3128 1848 3161 1917 ή
3195 1846 3361 1900 αὐτοῦ
3389 1847 3513 1920 χείρ

1934 1926 2079 1979 ἐστιν
2106 1928 2138 1996 ἡ
2168 1926 2443 1997 ἁπτομένη
2474 1927 2572 1997 τῆς
2603 1928 2846 1998 κεφαλῆς
2886 1928 2981 1982 τοῦ
3013 1930 3509 2000 χειροτονουμένου,

1932 2006 2026 2060 ἐὰν
2051 2007 2126 2071 ὡς
2154 2007 2236 2060 δεῖ
2276 2008 2671 2079 χειροτονῆται.
2724 2010 2837 2064 Kal
2881 2014 2915 2066 ό
2949 2013 3149 2082 λόγος’,
3207 2013 3362 2081 φησὶ,
3404 2012 3511 2066 τοῦ

1934 2089 2082 2143 Θεοῦ
2134 2090 2381 2157 ηὔξανε,
2443 2091 2543 2145 καί
2606 2093 2978 2161 ἐπληθύνετο
3020 2096 3054 2147 ὸ
3105 2095 3349 2164 ἀριθμὸς
3394 2093 3513 2148 τῶν

1871 2216 1875 2219 .
1925 2173 2226 2241 μαθητῶν.
2259 2174 2371 2245 Οὐχ
2424 2174 2610 2238 ἁπλῶς
2659 2171 2779 2229 εἶπε
2814 2175 2989 2239 τοῦτο,
3044 2176 3159 2229 ἀλλ’
3200 2176 3290 2230 ἵνα
3337 2175 3508 2248 δείξῃ,

1932 2257 2031 2327 ὅση
2059 2257 2159 2327 τῆς
2204 2258 2573 2330 ἐλεημοσύνης
2612 2260 2646 2330 ή
2678 2261 2833 2330 ἰσχὺς
2886 2259 2982 2314 καὶ
3032 2260 3132 2330 τῆς
3191 2259 3507 2324 διατάξεως.

1932 2340 2043 2393 Kal
2084 2339 2265 2411 μέλλει
2308 2341 2492 2396 λοιπὸν
2535 2342 2839 2414 διηγεῖσθαι
2886 2343 2957 2396 τὰ
3003 2343 3147 2397 κατά
3202 2343 3471 2413 Στέφανον
3493 2359 3508 2374 ·

1932 2422 2012 2476 διὸ
2037 2424 2132 2476 καὶ
2154 2424 2256 2488 τὰς
2306 2425 2484 2489 αίτίας
2531 2425 2714 2479 αὐτῶν
2749 2425 3039 2497 προτίθησι
3066 2440 3080 2455 ·
3129 2427 3240 2480 Kal
3270 2424 3509 2490 πολλοὶ,

1933 2504 2085 2575 φησι,
2102 2503 2219 2558 τῶν
2239 2506 2440 2574 ἱερέων
2461 2507 2774 2575 ὑπήκουον
2796 2506 2870 2576 τῇ
2895 2508 3115 2562 πίστει.
3137 2507 3511 2581 [115ΓΕπειδὴ

1933 2586 2044 2657 γὰρ
2074 2582 2212 2641 είδον
2244 2590 2334 2641 τὸν
2360 2591 2597 2660 ἄρχοντα
2643 2591 2738 2644 καὶ
2762 2590 3081 2645 διδάσκαλον
3101 2590 3274 2645 ταῦτα
3298 2592 3515 2663 ἀποφη·

1934 2668 2185 2738 νάμενον,
2218 2671 2326 2723 ἀπὸ
2348 2672 2458 2723 τῶν
2496 2671 2671 2740 ἔργων
2694 2672 2878 2726 λοιπὸν
2921 2672 3021 2743 τὴν
3052 2675 3245 2743 πεῖραν
3270 2673 3513 2745 ἐλάμϐα-

1933 2769 2042 2805 νον.
2080 2754 2190 2808 Kal
2218 2753 2495 2823 θαυμάσαι
2521 2755 2693 2819 ἄξιον,
2737 2754 2855 2818 πῶς
2900 2756 3000 2808 οὐκ
3028 2757 3252 2829 ἐσχίσθη
3290 2757 3351 2810 τὺ
3380 2758 3513 2829 πλῆ-

1935 2833 2025 2898 θος
2046 2836 2104 2888 ὲν
2151 2839 2218 2907 τῇ
2247 2836 2454 2908 αἱρέσει
2487 2837 2596 2891 τῶν
2627 2837 2858 2908 ἀνδρῶν,
2895 2837 3010 2902 πῶς
3038 2839 3140 2893 οὐκ
3183 2838 3514 2911 ἀπεδοκιμά-

1936 2917 2141 2988 σθησαν
2167 2921 2258 2973 ὑπ’
2287 2919 2468 2974 αὐτῶν
2496 2922 2547 2973 ol
2577 2920 2887 2976 ἀπόστολοι.

2017 3004 2229 3058 Ὀποῖον
2262 3005 2320 3057 δὲ
2342 3005 2453 3075 ἄρα
2480 3005 2699 3076 ἀξίωμα
2722 3002 2871 3076 εἶχον
2888 2998 3058 3071 οὗτοι,
3086 3009 3182 3062 καὶ
3214 3007 3373 3061 ποίαν
3400 3005 3515 3060 ἐδέε-

1935 3088 2092 3154 ξαντο
2116 3089 2470 3161 χειροτονίαν,
2502 3088 2803 3157 ἀναγκαῖον
2851 3089 3062 3160 μαθεῖν.
3104 3086 3254 3162 Ἀρα
3275 3092 3375 3164 τὴν
3402 3091 3513 3145 τῶν

1933 3175 2238 3236 διακόνωνς
2268 3174 2378 3229 Kal
2408 3173 2514 3245 μὴν
2542 3174 2703 3228 τοῦτο
2731 3177 2791 3228 ὲν
2842 3178 2963 3239 ταῖς
3011 3176 3363 3247 Ἐκκλησίαις
3412 3176 3514 3231 οὐκ

1933 3256 2103 3320 ἔστιν,
2134 3257 2270 3311 ἀλλά
2313 3256 2424 3310 τῶν
2476 3257 2867 3330 πρεσϐυτέρων
2922 3259 3072 3314 ἐστὶν
3118 3261 3153 3331 ή
3204 3259 3509 3329 οἰκονομίαι⁹

1813 3362 1830 3413 ε
1935 3341 2111 3394 καίτοι
2147 3340 2357 3394 οὐδέπω
2390 3341 2566 3405 οὐδεὶς
2588 3341 2889 3406 ἐπίσκοπος
2911 3339 2999 3413 ἦν,
3020 3343 3135 3397 ἀλλ’
3155 3345 3203 3397 οί
3223 3343 3512 3397 ἀπόστολοι

1938 3425 2118 3495 μόνον.
2146 3424 2310 3477 Ὅθεν
2331 3422 2456 3478 οὔτε
2484 3425 2771 3488 διακόνων,
2797 3425 2921 3480 οὗτε
2950 3428 3338 3498 πρεσϐυτέρων
3358 3422 3511 3497 οἶμαι

1933 3509 1994 3562 τὸ
2008 3509 2177 3581 ὖνομα
2202 3503 2340 3563 εἷναι
2359 3508 2518 3580 δῆλον
2543 3511 2637 3563 καὶ
2661 3511 2911 3582 φανερόν·
2937 3511 3074 3565 ἀλλὰ
3095 3512 3234 3575 τέως
3251 3513 3331 3575 εἰς
3352 3510 3511 3565 τοῦτο

1934 3593 2439 3665 ἐχειροτονήθησαν.
2461 3594 2573 3646 Kal
2597 3594 2695 3664 οὐχ
2709 3594 2896 3657 ἀπλῶς
2920 3593 3511 3665 ὲνεχειρίσθησαν,ἀλλ’

1932 3677 2230 3742 ὲπεύξαντο
2252 3677 2435 3741 αὐτοῖς
2470 3676 2723 3747 γενέσθαι
2767 3677 3016 3749 δύναμιν.
3049 3677 3190 3748 Ὅρα
3222 3678 3280 3731 δέ
3316 3695 3428 3749 μοι,
3458 3679 3509 3731 εί

1933 3760 2074 3814 ἑπτά
2093 3759 2301 3831 ἀνδρῶν
2331 3759 2551 3831 ἐδέησεν
2572 3762 2653 3823 είς
2667 3759 2845 3825 τοῦτο,
2872 3760 3111 3815 τοσαῦτα
3135 3761 3264 3823 ἴσως
3284 3760 3510 3833 ἐπέρρει

1933 3844 2037 3916 χρή
2046 3843 2485 3914 ματα,τοσούτων
2505 3843 2692 3915 χηρῶν
2708 3845 2914 3916 πλῆθος
2924 3840 3013 3917 ἦν.
3037 3846 3179 3917 Ἄρα
3200 3848 3298 3916 οὐχ
3322 3844 3510 3909 ἁπλῶς

1934 3928 1990 3980 al
2021 3926 2178 3997 εὐχαὶ
2208 3926 2620 3996 ὲγίνοντο,ἀλλά
2633 3927 2772 3999 μετά
2799 3928 3003 3997 πολλῆς
3032 3928 3134 3999 τῆς
3161 3931 3384 4002 σχολῆς*
3414 3930 3511 3984 καὶ

1931 4010 2110 4075 τοῦτο,
2141 4011 2328 4083 ὥσπερ
2356 4012 2419 4065 τὸ
2469 4014 2754 4084 κήρυγμα,
2801 4012 2976 4077 οὕτως
3028 4015 3241 4086 ήνύετοο
3283 4016 3351 4070 τὰ
3397 4016 3508 4087 γάρ

1933 4093 2106 4148 πλείω
2136 4095 2364 4159 ταύταις
2392 4096 2575 4167 ήνυον.
2631 4098 2789 4150 Οῦτω
2830 4098 2899 4151 τά
2942 4099 3288 4171 πνευματικά
3321 4100 3511 4153 ὲπελέο

1932 4196 2111 4249 γοντο,
2140 4179 2281 4234 οὕτω
2314 4181 2410 4235 καὶ
2432 4181 2569 4252 πρὸς
2589 4182 2900 4251 ἀποδημίας
2925 4182 3236 4236 ἐστέλλοντο
3253 4181 3306 4245 δ,
3336 4181 3509 4246 οὕτως

1934 4264 2375 4334 ὲνεχειρίσθησαν
2406 4259 2550 4318 οῦτοι
2579 4264 2672 4317 τὸν
2719 4264 2894 4330 λόγον.
2933 4263 3042 4316 Kal
3070 4265 3132 4316 οὐ
3166 4264 3336 4333 λέγει,
3387 4266 3508 4320 οὐδὲ

1934 4344 2150 4414 ἐπαίρει
2180 4345 2399 4407 αὐτοὺς,
2424 4344 2539 4397 ἀλλ’
2569 4345 2652 4398 ὅτι
2679 4344 2741 4397 τὸ
2765 4344 2917 4396 δοθὲν
2940 4346 3155 4413 ἀφεῖναι
3193 4344 3371 4415 ἔργον,
3405 4348 3507 4400 οὐκ

1932 4427 2183 4499 ἀρεστόν.
2206 4426 2394 4491 Οὕτως
2415 4422 2557 4499 ἦσαν
2589 4426 2698 4481 ἀπὸ
2734 4427 2981 4489 Μωσέως
3015 4427 3396 4492 παιδευθέντες
3429 4433 3504 4501 μὴ

1934 4511 2112 4565 πάντα.
2138 4510 2293 4564 αὐτοὶ⁴
2326 4508 2746 4581 μεταχειρίζειν.
2783 4509 2882 4563 Διά
2908 4508 3067 4563 τοῦτο
3096 4511 3188 4564 καὶ
3211 4513 3240 4564 ό
3272 4511 3502 4577 Παῦλος,

1933 4594 2133 4648 Μόνον
2146 4591 2267 4646 τῶν
2281 4592 2742 4664 πτωχῶν,φησὶν,
2756 4592 2858 4647 ἵνα
2871 4595 3357 4664 μνημονεύωμεν.
3382 4596 3506 4661 Πῶς

1932 4676 1990 4730 δὲ
2025 4677 2117 4729 καὶ
2139 4677 2378 4747 προῆγον
2399 4675 2641 4741 τούτους,
2677 4675 2936 4747 μάνθανευ
2974 4675 3312 4747 Ἐνήστευον,
3339 4696 3508 4751 προσ-

1934 4759 2259 4831 εκαρτέρουν
2285 4760 2437 4830 εὐχῇ.
2462 4758 2634 4815 Τοῦτο
2661 4759 2755 4812 καὶ
2791 4758 2886 4812 νῦν
2910 4759 3156 4828 γίνεσθαι
3208 4761 3335 4814 ἔδει.
3391 4762 3505 4834 Οὐχ

1934 4842 2118 4906 ἁπλῶς
2170 4842 2229 4896 δὲ
2281 4845 2706 4912 πνευματικοὺς,
2750 4842 2885 4897 ἀλλά
2925 4842 3239 4914 Πνεύματος
3273 4845 3499 4917 πλήρεις

1934 4928 2028 4981 καὶ
2064 4926 2252 4995 σοφίας
2274 4922 2416 4987 εἷπε,
2443 4927 2639 4997 δηλῶν,
2669 4926 2751 4979 ὃτι
2781 4926 3025 4996 μεγάλης
3083 4927 3403 4997 φιλοσοφίας
3428 4926 3497 5002 ῆν

1934 5011 2119 5081 φέρειν
2144 5009 2474 5081 κατηγορίας
2523 5010 2726 5081 χηρῶν.
2782 5009 2847 5061 Τί
2887 5009 2998 5082 γάρ
3026 5010 3237 5081 ὄφελος,
3265 5012 3393 5066 ὅταν
3426 5014 3503 5084 μὴ

1933 5094 2137 5164 κλέπτῃ
2186 5092 2305 5163 μὲν,
2367 5093 2606 5164 ἀπολλύῃ
2657 5093 2713 5146 δὲ
2762 5094 2964 5161 πάντα;
3026 5094 3058 5165 ἢ
3111 5093 3314 5166 θρασὺς
3409 5097 3503 5149 καὶ

1933 5177 2339 5249 παροξύνηται;
2379 5177 2487 5229 Kal
2507 5176 2676 5248 ταύτῃ
2708 5176 2764 5230 δὲ
2801 5176 3112 5248 θαυμαστὸς
3144 5174 3212 5249 ἦν
3258 5181 3287 5231 ό
3314 5179 3504 5233 Φίλιπ-

1933 5277 2052 5322 πος.
2103 5260 2238 5327 Περὶ
2292 5260 2400 5330 γὰρ
2443 5259 2607 5313 αὑτοῦ
2655 5275 2809 5332 φησι·
2851 5261 2961 5315 Kal
3005 5263 3380 5328 εἰσελθόντες
3415 5264 3502 5330 είς

1932 5342 2043 5395 τὸν
2051 5338 2218 5396 οἶκον
2228 5343 2528 5396 Φιλίππου
2540 5343 2645 5397 τοῦ
2660 5345 3088 5414 εὐαγγελιστοῦ
3097 5389 3108 5401 .
3118 5344 3292 5409 ὄντος
3301 5345 3368 5398 ἐκ
3384 5342 3503 5398 τῶν

1933 5425 2101 5487 ἑπτὰ,
2125 5425 2440 5494 ἐμείναμεν
2467 5426 2602 5493 παρ’
2628 5424 2806 5492 αὐτῷ.
2851 5428 3012 5497 Ὁρᾷς
3050 5427 3200 5479 οὐδὲν
3225 5428 3501 5498 ἀνθρωπίο

1935 5525 2040 5570 νως
2071 5506 2466 5576 διοικούμενον;
2494 5509 2599 5561 Kal
2639 5509 3010 5576 ἐπληθύνετο
3054 5512 3086 5561 ό
3112 5510 3355 5576 ἀριθμός
3383 5510 3502 5563 τῶν

1930 5590 2209 5658 μαθητῶν
2236 5590 2306 5643 ἐν
2338 5590 2753 5660 Ἰερουσαλήμ.
2794 5592 2881 5643 Ἐν
2918 5590 3305 5661 Ἱεροσολύμοις
3327 5593 3499 5647 ἐπεδί-

2002 5746 2025 5775 °
2056 5744 2114 5794 ‘0
2152 5747 2439 5810 συγγραφεύς
2470 5747 2700 5810 deest_in
2738 5760 2854 5810 uno.
2944 5745 2970 5784 d
2994 5747 3164 5795 Morel.
3201 5749 3498 5810 ἐστέλλοντο,

1940 5808 1992 5870 ει
2022 5812 2133 5870 ροει
2156 5808 2259 5856 haec
2276 5808 2454 5856 'oadem
2478 5808 2664 5870 repetit
2686 5830 2697 5856 :
2727 5809 2845 5858 infra
2872 5821 2989 5857 vero
3010 5811 3168 5858 series
3192 5812 3299 5869 ejus
3330 5808 3500 5859 adma;

1940 5869 2055 5914 dum
2082 5867 2248 5917 vitiata
2272 5883 2330 5917 ex
2369 5872 2515 5918 Savll.
2539 5867 2594 5919 τι
2617 5884 2732 5921 mss.
2757 5870 2986 5921 restituta
3032 5878 3126 5920 est.
3166 5867 3354 5922 Ibidem
3380 5885 3497 5923 mss.

1943 5929 2137 5990 quidam
2169 5931 2270 5977 ἀλλ’
2296 5931 2350 5978 ού
2384 5933 2520 5995 λέγει.
