4084 6174
351 343 458 398 11⁵1

349 475 626 532 crescebat
644 475 947 534 multitudo.
972 478 1080 534 Res
1103 479 1384 547 mirabilis,
1415 484 1503 538 ubi
1529 487 1739 542 occisus
1766 487 1936 543 fuerat

349 566 612 632 Christus,
644 570 751 626 illic
789 571 1066 628 crescebat
1114 573 1459 642 prmdicatio:
1492 593 1592 632 nec
1639 579 1798 633 modo
1829 595 1934 636 non

350 661 693 718 scandalizati
718 672 846 719 sunt
869 665 1086 734 quidam
1105 682 1170 721 ex
1201 666 1494 737 discipulis,
1527 670 1766 725 videntes
1794 687 1922 739 apo-

350 753 517 807 stolos
544 753 822 824 ﬂagellari,
849 757 988 810 alios
1015 757 1230 823 minari,
1259 759 1392 814 alios
1413 759 1669 830 Spiritum
1690 771 1928 829 tentare,

351 845 486 901 alios
519 862 886 914 murmurare;
915 849 1012 905 sed
1041 858 1099 906 et
1129 850 1360 906 maxime
1383 854 1675 922 augebatur
1711 854 1935 908 creden-

352 939 482 992 tium
509 954 762 994 numerus
785 957 799 992 :
823 941 902 994 sic
924 941 992 995 ab
1013 941 1235 996 Ananiae
1254 957 1383 997 casu
1411 942 1477 996 ad
1506 944 1784 999 meliorem
1825 945 1935 999 fru-

351 1045 469 1099 gem
510 1031 923 1098 reducebantur,
955 1041 1010 1088 et
1059 1033 1231 1104 major
1279 1035 1382 1089 illis
1433 1036 1593 1089 timor
1634 1046 1768 1091 erat.
1799 1035 1933 1092 Vide

353 1124 482 1178 mihi
516 1139 698 1194 porro,
740 1128 1012 1196 quomodo
1049 1129 1282 1183 creverit
1309 1129 1614 1184 multitudo.
1652 1130 1780 1184 Post
1813 1139 1931 1186 ten-

354 1217 581 1272 tationes
604 1219 796 1284 crevit,
822 1235 926 1272 non
953 1229 1096 1274 ante.
1119 1219 1440 1276 Consideres
1467 1237 1614 1286 vero,
1646 1231 1840 1290 quanta
1865 1222 1934 1275 sit

355 1312 446 1366 Dei
471 1312 794 1381 benignitas.
823 1314 904 1368 Ex
926 1315 1029 1369 illis
1048 1316 1188 1369 enim
1219 1315 1547 1384 principibus
1568 1315 1928 1380 sacerdotum,

353 1405 442 1472 qui
473 1405 540 1457 ad
572 1405 773 1459 caedem
809 1406 992 1460 turbas
1017 1407 1396 1472 concitabant,
1445 1407 1534 1476 qui
1565 1407 1685 1460 talia
1731 1407 1931 1459 clama-

353 1494 484 1549 bant
536 1505 594 1549 et
635 1494 918 1561 dicebant,
973 1498 1111 1550 Alios
1158 1497 1326 1551 salvos
1373 1499 1528 1568 fecit,
1561 1497 1780 1567 seipsum
1832 1513 1931 1550 non

353 1596 520 1654 potest
545 1587 738 1639 salvum
765 1589 930 1657 facere
951 1587 1164 1656 (Matth.
1195 1587 1287 1641 27.
1319 1587 1446 1658 42);
1487 1602 1552 1643 ex
1582 1588 1706 1650 illis,
1739 1588 1929 1658 inquit,

355 1677 514 1731 Mulli
543 1677 831 1732 obediebant
857 1680 993 1745 ﬁdei.

422 1769 476 1822 4.
500 1764 702 1822 Caritas
716 1784 834 1836 erga
871 1769 1100 1825 inimicas
1132 1778 1182 1822 et
1212 1769 1554 1824 misericordia
1575 1768 1934 1822 commendan-

355 1859 698 1928 tur.—Ejus
747 1859 928 1928 itaque
978 1869 1032 1914 et
1085 1875 1182 1914 nos
1235 1861 1530 1915 imitatores
1575 1861 1761 1915 simus.
1807 1858 1931 1913 Illos

354 1952 609 2020 suscepit,
636 1967 738 2006 nec
757 1953 967 2022 repulit.
993 1951 1080 2008 Sic
1100 1953 1347 2020 inimicis,
1368 1955 1454 2024 qui
1477 1955 1630 2008 nobis
1655 1955 1930 2008 innumera

353 2045 578 2100 intulere
603 2047 764 2112 mala,
793 2046 1052 2101 beneﬁcia
1083 2049 1457 2118 rependamus.
1491 2049 1544 2104 Si
1572 2049 1698 2117 quid
1729 2050 1926 2103 bonum

350 2134 633 2202 habemus,
666 2136 770 2190 illis
797 2137 1113 2203 tribuamus,
1139 2154 1207 2192 ne
1227 2137 1610 2192 benefaciendo
1648 2147 1932 2207 prmterea-

359 2243 479 2281 nius
523 2227 664 2283 illos.
703 2229 760 2282 Si
809 2234 948 2282 enim
984 2231 1118 2282 mala
1169 2230 1421 2298 patiendo
1468 2230 1691 2298 implere
1721 2237 1933 2298 oportet

351 2319 565 2372 illorum
581 2319 840 2384 furorem,
862 2323 1028 2374 multo
1044 2322 1209 2390 magis
1224 2321 1602 2376 benefaciendo
1626 2340 1638 2374 :
1664 2321 1768 2376 hoc
1789 2323 1932 2375 enim

354 2413 531 2464 minus
560 2422 643 2465 est
669 2413 781 2466 illo.
824 2412 938 2466 Non
961 2412 1101 2466 enim
1131 2428 1226 2481 par
1249 2429 1335 2468 res
1359 2424 1461 2476 est,
1487 2413 1800 2468 benefacere
1828 2413 1934 2467 ini-

352 2507 515 2570 mico,
549 2515 603 2558 et
629 2505 833 2574 majora
859 2506 995 2559 velle
1037 2506 1168 2574 pati;
1203 2506 1269 2559 ab
1301 2506 1400 2569 hoc
1428 2505 1494 2559 ad
1521 2507 1607 2559 illa
1635 2507 1927 2560 veniemus.

354 2594 480 2648 llaec
509 2593 737 2665 dignitas
767 2607 846 2651 cst
877 2597 1257 2667 discipulorum
1289 2597 1505 2651 Christi.
1549 2596 1936 2652 Crucifixerant

355 2685 525 2746 illum,
552 2689 640 2755 qui
668 2687 732 2739 ad
757 2687 1193 2742 benefaciemlum
1219 2689 1323 2742 illis
1351 2699 1601 2753 venerat;
1644 2688 1933 2757 discipulos

354 2778 500 2830 illius
526 2777 952 2849 flagellaverant;
984 2791 1038 2834 et
1076 2791 1257 2851 postea
1290 2781 1412 2835 illos
1449 2781 1515 2836 ad
1546 2781 1794 2836 eumdem
1831 2796 1936 2851 quo

355 2871 646 2938 discipulos
675 2872 928 2925 honorem
959 2872 1484 2943 ducit.similiterque
1527 2889 1622 2928 sua
1651 2875 1756 2928 illis
1789 2889 1932 2928 com-

355 2963 663 3016 municavit.
696 2962 1015 3030 lmitatores,
1045 2979 1246 3033 qumSo,
1277 2965 1473 3020 Christi
1520 2969 1720 3021 simus:
1756 2968 1807 3021 in
1834 2966 1936 3022 hoc

355 3063 570 3122 oportet
599 3055 744 3108 illum
783 3056 978 3110 imitari
1003 3073 1017 3118 ;
1051 3055 1152 3110 hoc
1174 3057 1312 3109 enim
1340 3059 1595 3126 aequalem
1624 3059 1731 3111 Deo
1770 3059 1932 3123 facit;

357 3149 459 3201 hoc
504 3149 781 3217 plusquam
821 3149 1112 3203 humanum
1161 3158 1262 3202 est.
1308 3149 1678 3222 Eleemosynae
1717 3168 1933 3218 operam

355 3240 546 3294 demus
571 3258 586 3294 :
618 3239 732 3294 haec
761 3241 1080 3310 patdagogus
1105 3249 1158 3295 et
1179 3240 1366 3294 doctor
1392 3251 1474 3296 est
1520 3243 1659 3296 illius
1701 3244 1934 3312 philoso-

356 3333 514 3400 phiae.
545 3333 645 3398 Qui
671 3333 855 3388 didicit
878 3335 1118 3388 misereri
1150 3334 1282 3402 ejus,
1308 3336 1397 3404 qui
1430 3335 1481 3388 in
1505 3336 1804 3391 calamitate
1831 3348 1932 3404 est,

355 3426 528 3480 discet
553 3427 716 3480 etiam
763 3427 1072 3495 injuriarum
1104 3428 1344 3484 oblivisci
1384 3447 1397 3482 :
1433 3431 1522 3499 qui
1567 3430 1669 3486 hoc
1714 3431 1933 3496 didicit,

356 3521 586 3576 inimicis
627 3521 788 3576 etiam
817 3521 1137 3578 benefacere
1178 3525 1390 3592 poterit.
1443 3525 1719 3580 Discamus
1752 3527 1932 3596 proxi-

355 3631 565 3668 morum
586 3615 740 3670 malis
762 3616 929 3686 frangi
954 3657 969 3682 ,
994 3626 1048 3670 et
1071 3617 1339 3672 discemus
1367 3618 1577 3672 illorum
1607 3621 1767 3674 etiam
1798 3623 1936 3675 mala

354 3705 518 3762 ferre.
547 3707 698 3762 Illum
725 3708 1132 3778 interrOgemus,
1163 3709 1256 3779 qui
1280 3710 1416 3764 male
1437 3725 1559 3780 erga
1601 3725 1697 3765 nos
1717 3711 1937 3766 allectus

355 3810 652 3862 est,annon
679 3799 999 3854 condemnet
1029 3801 1260 3870 seipsum
1286 3841 1300 3866 ,
1333 3816 1510 3855 annon
1544 3802 1670 3856 velit
1700 3803 1936 3870 philoso-

357 3887 529 3957 phari,
557 3904 736 3942 annon
768 3898 932 3943 totum
966 3891 1092 3944 oriri
1135 3891 1279 3945 dicat
1306 3892 1373 3946 ab
1394 3892 1470 3946 ira
1500 3902 1554 3947 et
1590 3893 1859 3949 simultate
1884 3904 1939 3950 et

355 3979 602 4045 miseria;
631 3996 757 4034 num
789 3981 914 4034 velit
938 3997 1005 4036 ex
1039 3997 1259 4036 numero
1285 3983 1491 4037 illorum
1515 3999 1653 4047 esse,
1701 3986 1787 4056 qui
1809 4001 1936 4041 con-

357 4073 632 4126 tumeliam
663 4071 846 4126 ferunt
875 4085 930 4128 et
964 4074 1156 4138 silent,
1191 4091 1296 4128 non
1327 4086 1505 4130 autem
1536 4076 1748 4131 illorum
1773 4120 1788 4146 ,
1842 4079 1934 4148 qui

353 4165 732 4219 contumeliam
763 4164 962 4220 faciunt
995 4177 1045 4222 et
1081 4167 1296 4234 furunt;
1331 4183 1507 4224 annon
1533 4185 1653 4225 eum
1684 4173 1773 4241 qui
1807 4173 1938 4240 pati-

355 4267 440 4312 tur
470 4258 789 4312 admiretur.
817 4257 895 4312 Ne
921 4268 1073 4328 putes
1106 4262 1206 4314 hoc
1234 4262 1664 4330 contemptibiles
1691 4262 1934 4318 reddere.

351 4349 495 4404 Nihil
543 4350 612 4402 ita
659 4352 1087 4421 contemptibiles
1130 4355 1302 4407 reddit
1347 4366 1405 4407 ut
1434 4356 1810 4409 contumeliam
1855 4357 1936 4408 in-

354 4441 529 4507 ferre;
583 4442 713 4497 nihil
761 4449 831 4498 ita
880 4445 1248 4510 venerabiles,
1285 4453 1341 4499 ut
1367 4447 1744 4501 contumeliam
1774 4447 1936 4502 ferre.

352 4535 443 4590 llle
489 4551 721 4605 namque
769 4547 849 4591 est
900 4537 1341 4601 contumeliosus,
1393 4537 1480 4591 hic
1539 4538 1935 4608 philosophus:

352 4627 442 4682 ille
512 4626 666 4696 pejor
730 4626 979 4694 homine,
1047 4626 1132 4680 hic
1183 4628 1381 4698 angelis
1439 4643 1552 4698 par.
1597 4628 1748 4683 Licet
1793 4629 1935 4684 enim

350 4719 531 4771 minor
582 4727 726 4771 esset
791 4718 1215 4779 contumelioso;
1283 4726 1556 4782 attamen,
1625 4719 1670 4774 si
1739 4721 1934 4787 vellet,

349 4818 533 4878 posset
570 4824 695 4863 eum
737 4810 934 4866 ulcisci.
969 4811 1218 4880 Alioquin
1250 4826 1373 4866 vero
1410 4811 1496 4865 hic
1519 4799 1935 4868 misericordiam

351 4902 597 4958 omnium
618 4903 718 4958 sibi
744 4905 991 4972 attrahet,
1028 4907 1116 4962 ille
1139 4921 1267 4961 vero
1295 4921 1491 4961 exosus
1513 4906 1632 4961 erit.
1662 4906 1796 4974 Quid
1834 4907 1935 4978 igi-

350 4996 479 5048 tur?
511 5010 690 5050 nonne
737 4995 859 5049 inde
903 4995 988 5051 hic
1035 4998 1198 5052 multo
1229 4999 1564 5067 praestantior
1602 4997 1743 5053 erit?
1782 4999 1935 5053 Illum

351 5099 584 5158 namque
610 5095 668 5140 ut
710 5087 974 5142 furentem
1003 5131 1016 5153 ,
1043 5087 1182 5142 hunc
1209 5102 1264 5142 ut
1309 5089 1622 5159 prudentem
1666 5089 1936 5145 habebunt

354 5195 564 5235 omnes.
596 5179 729 5234 Cum
757 5197 888 5250 ergo
914 5189 966 5234 te
987 5181 1129 5248 cogit
1156 5182 1437 5250 quispiam,
1472 5193 1527 5236 nt
1555 5183 1786 5252 aliquem
1827 5184 1932 5238 cri-

350 5274 596 5340 mineris,
622 5271 709 5328 die
739 5274 812 5328 illi
840 5291 852 5326 :
885 5273 1000 5328 Non
1031 5289 1244 5344 possum
1268 5275 1364 5342 ipsi
1397 5277 1749 5341 maledicere;
1776 5277 1936 5332 timeo

351 5366 492 5419 enim
519 5383 588 5421 ne
636 5367 775 5422 forte
803 5382 906 5420 non
938 5368 1007 5421 sit
1033 5367 1172 5420 talis.
1200 5364 1342 5420 Cave
1366 5376 1542 5421 autem
1571 5370 1802 5423 maxime
1821 5408 1836 5433 ,
1870 5384 1936 5424 ne

350 5456 400 5510 in
449 5466 631 5511 mente
697 5457 939 5521 dixeris,
995 5473 1129 5511 neve
1200 5455 1350 5510 alteri
1407 5459 1484 5510 sic
1543 5457 1794 5527 loquaris.
1859 5459 1936 5514 Ne

350 5550 583 5615 preceris
624 5549 790 5604 Deum
840 5557 1022 5602 contra
1065 5549 1212 5601 illum
1249 5564 1260 5598 :
1295 5547 1337 5600 si
1375 5547 1571 5601 videris
1609 5549 1754 5603 illum
1798 5552 1936 5606 male

349 5642 554 5709 audire,
585 5641 847 5697 defende:
875 5640 980 5704 dic,
1008 5639 1315 5703 Iracundize,
1336 5655 1441 5692 non
1461 5641 1581 5704 viri,
1604 5642 1757 5695 verba
1780 5653 1931 5709 sunt;

351 5733 460 5799 iraa,
486 5751 594 5790 non
615 5734 813 5798 amici;
848 5731 1041 5788 furoris
1065 5773 1080 5798 ,
1114 5748 1218 5787 non
1246 5733 1456 5786 animte.
1490 5733 1613 5786 Haec
1650 5735 1787 5788 circa
1828 5737 1936 5788 sin-

351 5828 468 5897 gula
492 5839 709 5900 peccata
735 5825 1049 5897 cogitemus.
1072 5825 1148 5882 Ne
1172 5833 1450 5896 exspectes
1473 5825 1646 5882 donec
1677 5826 1812 5898 ignis
1839 5838 1934 5883 ac-

1352 348 1417 404 lN
1455 349 1632 407 ACTA
1676 351 2188 414 APOSTOLORUM.
2232 357 2458 415 IIOMIL.
2501 359 2640 416 XIV.

3510 381 3612 440 “8

2039 471 2315 538 cendatur,
2345 475 2436 529 sed
2461 484 2587 531 ante
2614 479 2909 548 comprime
2940 499 2953 536 :
2996 499 3064 540 ne
3105 485 3272 542 feram
3303 494 3606 556 exacerbes,

2041 578 2140 618 nec
2181 567 2488 622 exacerbari
2536 570 2720 624 sinas:
2774 588 2877 627 non
2931 579 3131 644 poteris
3177 596 3518 651 compescere
3565 590 3609 644 si

2039 653 2249 712 flamma
2293 659 2632 715 accendatur.
2663 662 2798 730 Quid
2830 666 2973 721 enim
2994 667 3161 728 dixit?
3203 673 3370 732 Stulte
3403 685 3458 730 et
3487 677 3616 732 insi.

2039 746 2231 815 piens?
2285 748 2416 804 Uter
2470 752 2634 807 verbo
2683 754 2944 812 obnoxius
2997 769 3114 827 est,
3170 766 3257 832 qui
3311 766 3496 834 audit,
3544 783 3612 824 an

2039 839 2127 908 qui
2155 838 2322 894 dicit?
2351 842 2448 898 Hic
2474 860 2721 914 namque,
2747 858 2801 902 et
2821 850 2866 903 si
2898 851 3050 906 valde
3071 855 3283 924 sapiens
3310 859 3398 922 sit,
3423 861 3615 917 stultus

2038 933 2401 1001 reputabitur;
2451 936 2540 991 ille
2591 953 2752 1004 vero,
2805 943 2904 996 etsi
2946 944 3233 1001 admodum
3284 950 3478 1006 stultus
3507 953 3610 1020 sit,

2038 1025 2250 1093 sapiens
2278 1035 2333 1080 et
2360 1027 2706 1098 philosophus
2737 1031 3038 1088 habebitur.
3062 1036 3212 1103 Uter,
3245 1054 3447 1108 quaeso,
3479 1044 3615 1099 stul-

2043 1122 2126 1168 tus
2150 1155 2164 1179 ,
2195 1116 2284 1184 qui
2312 1117 2465 1171 alteri
2492 1117 2692 1188 profert
2719 1136 2782 1176 ea
2807 1137 2926 1192 quae
2963 1139 3068 1178 non
3117 1136 3278 1195 sunt,
3325 1144 3392 1183 an
3435 1133 3480 1185 is
3524 1135 3614 1202 qni

2039 1220 2212 1274 neque
2237 1207 2316 1261 sic
2340 1211 2626 1264 movetur?
2655 1211 2786 1266 Nam
2817 1213 2863 1267 si
2890 1213 3191 1286 philosophi
3240 1229 3356 1283 est,
3400 1223 3610 1278 etiamsi

2039 1299 2297 1369 inciteris,
2328 1317 2434 1356 non
2464 1305 2702 1371 moveri;
2750 1307 2963 1362 nemine
3000 1321 3246 1366 movente
3273 1319 3610 1384 exasperari,

2037 1400 2250 1459 quanta:
2276 1391 2590 1459 insipientia:
2617 1395 2812 1450 fuerit?
2838 1397 3079 1454 Nondum
3110 1401 3261 1469 dico,
3294 1422 3412 1474 qua:
3457 1424 3612 1478 paena

2037 1483 2268 1550 reposita
2333 1485 2403 1538 sit
2452 1485 2550 1552 iis,
2603 1488 2691 1556 qui
2747 1488 2799 1542 in
2855 1492 3153 1558 proximum
3209 1499 3496 1565 opprobria
3559 1509 3614 1554 et

2037 1574 2346 1644 blaspliema
2373 1577 2512 1632 dicta
2533 1579 2830 1649 proferunt.
2851 1583 2956 1638 Sed
2983 1586 3144 1654 quid?
3165 1588 3520 1658 ignobilemne
3547 1610 3611 1649 ex

2039 1664 2357 1734 ignobilibus
2379 1669 2532 1735 dixit,
2553 1679 2610 1725 et
2630 1671 2788 1726 vilem
2815 1689 2878 1728 ex
2903 1676 3092 1731 vilibus
3114 1682 3328 1735 ortum?
3350 1682 3542 1738 ltermn
3563 1687 3614 1741 in

2037 1758 2268 1824 seipsum
2301 1761 2461 1814 vertit
2489 1764 2852 1832 cpprobrium.
2885 1768 3017 1823 Nam
3063 1771 3152 1827 ille
3189 1775 3403 1844 quidem
3448 1779 3615 1834 hono-

2038 1849 2219 1902 rabilis
2242 1865 2306 1904 ac
2328 1855 2655 1910 reverendus
2685 1859 2981 1926 apparebit,
3007 1860 3090 1916 hic
3111 1880 3238 1919 vero
3280 1867 3402 1922 vilis
3431 1886 3444 1920 :
3493 1871 3617 1926 talia

2036 1941 2180 1995 enim
2211 1943 2262 1995 in
2294 1946 2638 2013 opprobrium
2669 1949 2932 2018 proferre,
2961 1956 3173 2022 generis
3219 1975 3410 2031 nempe
3437 1963 3613 2018 vilita-

2041 2040 2168 2094 tem,
2194 2033 2367 2101 pusilli
2394 2045 2477 2090 est
2515 2037 2700 2095 animi.
2740 2038 2835 2096 Ille
2863 2057 2993 2097 vero
3023 2061 3244 2116 magnus
3280 2059 3334 2104 et
3362 2053 3618 2108 mirabilis

2037 2133 2153 2189 est,
2187 2125 2275 2193 qui
2300 2126 2431 2180 nihil
2462 2129 2566 2183 tale
2604 2132 2836 2198 sentiat,
2885 2135 2979 2190 sed
3013 2138 3081 2192 ita
3109 2139 3333 2196 affectus
3362 2143 3434 2196 sit
3467 2159 3530 2199 ac
3572 2147 3617 2200 si

2038 2216 2346 2281 audivisset,
2372 2233 2430 2273 se
2456 2220 2654 2290 aliquid
2681 2225 2958 2281 excellens
2981 2243 3090 2297 pra:
3119 2231 3240 2286 aliis
3271 2233 3488 2288 habere.
3512 2235 3617 2291 Sed

2038 2308 2306 2363 moechum
2327 2319 2382 2364 et
2410 2311 2602 2366 similia
2624 2313 2810 2369 dicet?
2838 2318 2930 2372 Hie
2957 2319 3231 2376 ridendum
3259 2333 3375 2378 est:
3407 2327 3620 2396 quando

2039 2399 2178 2452 enim
2209 2402 2532 2457 conscientia
2564 2420 2669 2459 non
2708 2409 2924 2476 pnngit,
2973 2411 3150 2466 nullus
3179 2423 3262 2468 est
3304 2415 3396 2469 ira;
3445 2417 3614 2473 locns.

2041 2487 2095 2544 Si
2122 2490 2324 2560 cogites
2351 2509 2512 2557 vero,
2541 2513 2698 2566 quam
2729 2498 2866 2554 fteda
2897 2509 2952 2554 et
2980 2503 3119 2557 mala
3149 2506 3309 2560 verba
3341 2507 3616 2578 proferat,

2040 2596 2212 2651 neque
2242 2584 2320 2638 sic
2359 2594 2442 2639 est
2489 2587 2805 2644 dolendum.
2835 2591 2966 2646 Nam
3017 2595 3159 2664 quod
3195 2598 3388 2668 cuique
3438 2614 3615 2669 postea

2040 2686 2224 2729 notum
2254 2675 2487 2732 futurum
2511 2690 2646 2747 erat,
2669 2683 2769 2736 hoc
2791 2683 2900 2751 jam
2931 2685 3044 2754 ipse
3067 2688 3358 2743 revelavit:
3391 2692 3620 2763 indeque

2041 2769 2288 2824 omnibus
2309 2785 2368 2825 se
2386 2769 2488 2826 fide
2510 2772 2781 2841 indignant
2800 2779 3092 2844 constituit,
3113 2789 3298 2849 utpote
3314 2784 3402 2852 qui
3423 2785 3620 2840 nescie-

2040 2859 2109 2912 rit
2139 2862 2364 2928 proximi
2409 2873 2629 2932 peccata
2673 2876 2888 2936 tegere;
2921 2883 3083 2940 seque
3110 2873 3278 2943 magis
3307 2875 3510 2943 pudore
3535 2877 3617 2932 af-

2041 2948 2167 3004 fecit
2189 2992 2204 3018 ,
2232 2967 2388 3021 quam
2439 2955 2639 3021 alium;
2671 2972 2885 3014 omnem
2910 2960 3172 3017 obstruxit
3219 2976 3429 3035 portmn
3449 3011 3463 3032 ,
3501 2986 3616 3037 poe-

2043 3055 2243 3111 nasque
2266 3045 2364 3098 sibi
2389 3062 2578 3117 graves
2600 3049 2652 3102 in
2679 3049 2856 3105 futuro
2875 3052 3075 3122 judicio
3096 3060 3322 3126 paravit.
3342 3060 3454 3114 Non
3478 3066 3618 3118 enim

2041 3133 2203 3201 hunc,
2234 3147 2290 3190 ut
2341 3138 2487 3192 illum
2538 3143 2927 3199 aversabuntur
2976 3161 3199 3214 omnes,
3247 3153 3334 3221 qui
3393 3155 3617 3226 tegenda

2041 3228 2379 3284 revelaverit.
2404 3231 2483 3286 Tu
2521 3249 2736 3288 verone
2767 3238 2971 3292 reveles
2993 3256 3054 3294 ea
3078 3281 3093 3305 ,
3121 3257 3347 3310 quorum
3374 3248 3621 3302 conscius

2041 3337 2100 3377 es
2125 3340 2140 3388 ;
2168 3324 2260 3378 sed
2288 3335 2422 3392 tace,
2455 3326 2497 3380 si
2528 3328 2606 3382 vis
2629 3327 2823 3383 bonam
2852 3329 3048 3386 habere
3078 3333 3288 3388 famam.
3317 3335 3432 3391 Non
3460 3339 3621 3394 modo

2042 3420 2183 3473 enim
2214 3418 2524 3487 subvertes,
2559 3429 2614 3476 et
2644 3430 2789 3494 leges
2816 3439 2876 3479 ea
2895 3465 2910 3490 ,
2940 3441 3058 3494 qua:
3087 3426 3227 3481 dicta
3257 3438 3416 3496 sunt,
3445 3431 3539 3486 sed
3567 3441 3623 3488 et
3663 3475 3667 3480 .

2043 3509 2180 3564 aliud
2207 3511 2405 3566 bonum
2453 3515 2801 3583 operaberis:
2836 3531 2940 3572 non
2979 3519 3088 3586 jam
3116 3518 3276 3575 facies
3304 3531 3488 3576 contra
3538 3533 3619 3578 te-

2044 3602 2214 3672 ipsum
2243 3603 2370 3658 ferri
2389 3606 2729 3662 sententiam.
2752 3608 2870 3663 Tibi
2896 3611 3160 3681 quispiam
3189 3614 3497 3672 maledicit?
3528 3619 3623 3675 Dic

2046 3703 2102 3749 tu
2129 3712 2143 3748 :
2172 3697 2226 3750 Si
2254 3698 2431 3751 omnia
2463 3709 2662 3764 nosset,
2686 3715 2794 3755 non
2824 3701 2938 3756 hare
2963 3704 3136 3758 solum
3164 3707 3405 3763 dixisset.
3438 3710 3626 3764 Adtui-

2042 3787 2145 3840 rati
2187 3787 2316 3842 estis
2369 3803 2490 3843 cum
2536 3799 2754 3861 stupore
2805 3793 2856 3847 id
2895 3795 3034 3864 quod
3085 3797 3232 3852 dixi?
3276 3800 3380 3855 Sed
3429 3802 3622 3858 imitari

2042 3887 2274 3948 oportet.
2306 3879 2431 3935 Ideo
2462 3882 2604 3936 enim
2633 3883 2749 3939 haec
2776 3888 2974 3952 omnia,
3004 3904 3122 3958 quae
3160 3891 3229 3945 ab
3273 3894 3470 3948 exteris
3498 3909 3619 3964 pro-

2045 3969 2149 4024 lata
2179 3979 2342 4037 sunt,
2384 3972 2648 4038 diximus,
2700 3991 2808 4031 non
2833 3978 2976 4048 quod
3007 3980 3294 4051 Scriptura:
3343 3986 3655 4043 innumera-

2044 4064 2168 4118 talia
2202 4081 2308 4120 non
2342 4065 2606 4133 habeant;
2636 4069 2727 4122 sed
2755 4070 2895 4138 quod
2929 4070 3044 4125 haec
3083 4076 3250 4143 magis
3282 4078 3485 4144 possint
3529 4094 3625 4146 pn-

2043 4155 2172 4210 dore
2199 4156 2525 4213 suffundere.
2556 4158 2687 4212 Nam
2718 4159 2993 4228 Scriptura
3020 4177 3229 4233 quoque
3257 4167 3324 4218 ad
3366 4167 3623 4235 pudorem

2045 4249 2300 4306 inducere
2326 4255 2492 4318 solet,
2541 4263 2598 4306 ut
2625 4269 2744 4307 cum
2775 4254 2902 4308 dicit
2933 4275 2946 4310 :
2997 4255 3184 4310 Nonne
3213 4272 3259 4311 et
3301 4260 3483 4312 ethnici
3531 4262 3625 4316 hoc

2047 4343 2238 4412 faciunt
2268 4342 2476 4412 (Matth.
2508 4346 2561 4399 5.
2591 4347 2719 4414 4Ἱ)ἳ
2742 4347 3005 4415 Propheta
3036 4365 3164 4404 vero
3201 4351 3462 4408 Jcremias
3490 4357 3626 4410 ﬁlios

2044 4431 2261 4486 Rechab
2287 4433 2339 4487 in
2364 4436 2592 4488 medium
2616 4434 2835 4489 adduxit
2856 4436 2908 4504 (J
2917 4454 2987 4489 er.
3019 4438 3108 4493 55.
3131 4439 3209 4512 5),
3237 4443 3324 4510 qui
3349 4456 3623 4511 paternum

2047 4533 2369 4594 prreceptnm
2425 4526 2723 4596 transgredi
2777 4528 3082 4584 noluerunt.
3146 4532 3420 4589 Maledixit
3464 4538 3628 4594 Maria

2044 4617 2210 4689 Moysi
2238 4616 2421 4689 (Num.
2451 4616 2539 4690 12)
2571 4637 2584 4672 :
2616 4627 2671 4674 at
2700 4619 2788 4674 ille
2811 4621 2988 4675 statim
3018 4638 3231 4692 poenam
3263 4626 3329 4680 ab
3356 4627 3469 4696 ipsa
3501 4647 3624 4698 pre.

2044 4711 2194 4766 cibus
2216 4714 2426 4780 avertit,
2453 4729 2626 4783 neque
2654 4716 2922 4770 concessit
2949 4727 3004 4771 ut
3029 4719 3277 4785 sciretur,
3307 4735 3366 4776 se
3393 4723 3626 4778 vindica-

2045 4812 2154 4858 tum
2185 4805 2366 4861 fuisse.
2416 4809 2609 4861 Atnos
2640 4822 2744 4862 non
2802 4809 2917 4869 sic;
2968 4810 3063 4864 sed
3107 4812 3207 4866 hoc
3257 4815 3486 4870 maxime
3536 4832 3628 4868 vo-

2045 4895 2264 4963 lumus,
2331 4905 2388 4951 ut
2423 4898 2620 4952 sciatur
2677 4899 2925 4968 injuriam
2985 4916 3086 4955 non
3150 4904 3369 4957 inultam
3439 4905 3622 4961 fuisse.

2043 4987 2328 5058 Quousque
2353 4988 2420 5043 de
2448 5000 2586 5043 terra
2609 4991 2972 5058 spirabimus?
2998 4991 3114 5046 Non
3148 5003 3320 5061 potest
3348 5009 3520 5063 pugna
3559 5013 3625 5050 ex

2044 5096 2146 5133 una
2197 5082 2370 5134 solum
2417 5091 2565 5148 parte
2611 5091 2877 5135 constare.
2920 5080 3178 5138 Furentes
3226 5085 3270 5138 si
3308 5101 3373 5139 ex
3405 5096 3626 5155 utraque

2043 5181 2194 5242 parte
2243 5173 2420 5224 trahas
2447 5213 2461 5236 ,
2497 5174 2662 5242 magis
2691 5176 3067 5242 exasperabis;
3100 5177 3142 5230 si
3183 5192 3212 5230 a
3238 5178 3456 5233 dextera
3485 5181 3568 5232 vel
3593 5197 3625 5234 a

2043 5264 2257 5318 sinistra
2279 5303 2293 5328 ,
2327 5263 2558 5317 furorem
2587 5266 2907 5335 exsanguis.
2926 5267 3024 5332 Qui
3056 5283 3159 5322 non
3183 5271 3466 5338 patientem
3500 5287 3623 5325 ver-

2043 5355 2214 5419 berat,
2243 5354 2410 5423 magis
2433 5356 2740 5422 extollitur;
2767 5359 2855 5426 qui
2888 5358 3163 5413 cedentem
3189 5400 3204 5422 ,
3239 5363 3408 5428 magis
3431 5360 3628 5416 dissol-

2043 5449 2204 5513 vitur,
2233 5457 2288 5500 et
2307 5447 2359 5500 in
2403 5447 2576 5515 ipsum
2607 5448 2755 5517 plaga
2783 5452 3130 5506 convertitur.
3155 5451 3270 5505 Non
3305 5453 3373 5504 ita
3396 5464 3619 5523 antago-

2045 5542 2198 5596 nista:
2231 5539 2333 5593 vim
2358 5548 2573 5608 superat
2597 5542 2678 5594 vir
2704 5543 2755 5595 in
2786 5543 2930 5597 omni
2964 5557 3148 5610 pugna:
3171 5558 3366 5612 genere
3394 5545 3615 5612 peritus,

2044 5641 2217 5710 utqui
2269 5639 2460 5710 injuria
2495 5637 2768 5706 afficitur,
2809 5655 2906 5693 nec
2955 5638 3218 5706 rependit.
3268 5638 3619 5698 Adversarius

2043 5733 2185 5788 enim
2213 5747 2332 5787 cum
2363 5730 2566 5800 pudore
2594 5731 2820 5785 discedit
2844 5731 3190 5802 improbatus,
3243 5732 3414 5801 primo
3436 5747 3464 5787 a
3494 5750 3621 5803 pro-

2041 5827 2157 5898 pria
2181 5823 2526 5895 conscientia,
2572 5824 2808 5881 secundo
2853 5840 2884 5881 a
2913 5825 3300 5897 spectatoribus
3341 5827 3611 5883 omnibus.
