4084 6174
440 333 544 392 HO

441 453 642 519 Estque
661 445 713 501 iu
743 438 1025 514 proverbio
1045 435 1312 506 vulgatum
1345 429 1482 499 :Qui
1505 427 1754 519 honorat,
1768 436 1826 478 se
1846 421 2020 491 ipsum

445 515 695 596 honorat.
721 536 861 603 Ergo
886 540 939 587 et
965 525 1386 584 contumeliosus
1409 520 1511 576 sibi
1539 518 1639 589 ipsi
1669 515 1788 569 talis
1816 521 1921 569 est.

514 628 676 682 Nemo
694 626 894 680 lteditur
916 622 1015 676 nisi
1040 637 1072 673 a
1097 619 1358 688 seipso.—-
1377 612 1545 668 Nemo
1572 624 1670 664 nos
1700 605 1896 660 ladere
1923 617 2020 672 po-

439 719 584 784 terit,
605 718 800 772 iterum
815 713 956 779 dico,
977 711 1078 766 nisi
1096 723 1193 764 nos
1213 706 1313 777 ipsi
1334 721 1349 771 ;
1371 718 1468 758 nec
1485 701 1603 773 quis
1625 713 1710 754 me
1734 710 2024 767 pauperem

440 811 622 875 faciet,
653 809 753 864 nisi
769 805 1015 878 egoipse.
1041 802 1156 872 Age
1179 813 1328 870 ergo,
1361 797 1438 851 sic
1454 809 1565 850 rem
1588 788 1982 864 perpendamus
2006 805 2019 842 :

440 902 507 957 sit
521 899 651 956 mihi
664 899 840 953 anima
856 909 1076 966 pauper,
1089 901 1141 947 et
1159 902 1344 944 omnes
1361 884 1488 942 mihi
1508 881 1756 954 pecunias
1774 884 2018 950 erogent;

440 992 569 1063 quid
590 990 750 1046 inde?
767 990 945 1044 Donec
962 986 1052 1040 illa
1076 991 1333 1042 mutetur,
1356 977 1536 1034 omnia
1562 975 1756 1030 frustra
1781 978 1922 1026 sunt.
1947 969 2027 1024 Sit

443 1062 624 1140 anima
639 1081 769 1138 mihi
791 1094 1000 1150 magna,
1021 1085 1076 1132 ct
1092 1073 1270 1130 cuncti
1299 1069 1552 1144 pecunias
1573 1080 1720 1122 meas
1739 1062 2022 1132 accipiant;

443 1179 571 1250 quid
603 1175 761 1231 inde?
792 1176 971 1229 Donec
996 1171 1139 1225 illam
1168 1182 1271 1222 non
1303 1177 1586 1235 pauperem
1617 1157 1808 1214 reddas
1828 1197 1844 1220 ,
1895 1153 2026 1250 nihil

447 1244 576 1326 hinc
595 1266 796 1324 damni.
825 1265 906 1320 Sit
926 1262 1054 1318 mihi
1074 1261 1279 1330 impura
1310 1256 1416 1310 vita
1438 1292 1455 1320 ,
1481 1261 1534 1307 et
1553 1263 1740 1306 omnes
1762 1244 2027 1302 contraria

448 1361 518 1416 de
536 1375 622 1414 me
637 1357 833 1422 dicant;
856 1354 982 1426 quid
1013 1350 1168 1406 inde?
1192 1349 1339 1403 Licet
1359 1345 1560 1407 dicant,
1583 1350 1638 1395 at
1655 1354 1758 1394 non
1784 1338 1835 1392 in
1853 1343 2030 1390 mente

447 1448 764 1520 approbant.
785 1448 1010 1500 llursum
1029 1443 1098 1495 sit
1115 1439 1242 1494 mihi
1262 1437 1366 1491 vita
1378 1450 1532 1504 pura,
1549 1440 1603 1484 et
1617 1441 1805 1484 omnes
1822 1433 2034 1479 contra-

449 1517 736 1602 riadicaut;
760 1536 954 1607 etquid
978 1533 1101 1589 inde
1121 1533 1144 1586 ’ἶ
1161 1531 1292 1586 Nam
1325 1529 1376 1582 in
1407 1522 1732 1581 conscientia
1763 1535 1857 1575 sua
1875 1517 1925 1572 id
1947 1519 2033 1570 da-

450 1641 635 1687 mnant
655 1649 668 1685 :
692 1645 798 1685 non
821 1629 962 1682 enim
992 1623 1230 1696 persuasi
1251 1617 1538 1682 dicunt..Ut
1555 1617 1695 1671 enim
1718 1611 1900 1666 laudes
1925 1623 2032 1662 non

450 1730 662 1792 oportet
689 1719 990 1784 admittere,
1019 1717 1097 1769 sic
1125 1728 1225 1769 nec
1253 1711 1637 1766 accusationes.
1670 1704 1736 1758 Et
1779 1717 1875 1756 cur
1919 1700 2035 1754 haec

454 1814 614 1870 dico?
652 1813 820 1869 Nemo
861 1811 1014 1865 nobis
1051 1821 1301 1876 umquam
1334 1799 1572 1857 insidiari
1603 1795 1831 1867 poterit,
1864 1806 2036 1863 neque

455 1905 794 1960 accusatione
833 1896 1252 1958 circumvenire,
1309 1893 1353 1947 si
1406 1888 1754 1945 voluerimus.
1805 1883 1920 1938 Hoc
1964 1883 2033 1935 ita

457 1995 860 2050 consideremus
896 2012 908 2046 :
941 1991 1114 2045 trahat
1141 2003 1239 2042 nos
1268 1985 1388 2056 quis
1411 1981 1477 2038 ad
1504 1981 1680 2036 forum
1701 2017 1717 2044 ,
1747 1975 2039 2032 calumnie-

457 2095 546 2140 tur
571 2101 584 2150 ;
618 2085 767 2149 sivis
793 2126 807 2151 ,
833 2092 888 2138 et
910 2081 1147 2136 animum
1176 2077 1364 2132 ellerat
1391 2091 1405 2140 ;
1439 2081 1492 2129 et
1517 2070 1645 2142 quid
1671 2069 1773 2122 hoc
1793 2107 1811 2132 ,
1835 2066 1878 2120 si
1905 2081 2039 2134 pau-

456 2176 623 2246 liSper
667 2175 782 2229 lucc
832 2173 1097 2227 immerito
1144 2166 1322 2224 feras?
1349 2166 1460 2220 Hoc
1484 2164 1657 2233 ipsum
1688 2159 1885 2214 malum
1919 2165 2037 2222 est,

457 2269 686 2338 inquies.
738 2267 850 2321 Hoc
892 2265 1066 2334 ipsum
1103 2264 1300 2318 bonum
1339 2266 1422 2313 est
1447 2257 1464 2288 ¹
1491 2297 1506 2320 ,
1562 2253 1702 2324 quod
1746 2249 2041 2306 immeritus

460 2359 699 2429 patiaris.
745 2355 849 2411 Sed
911 2354 1081 2425 quid?
1132 2368 1199 2405 an
1247 2349 1495 2405 meritum
1543 2346 1650 2416 pati
1721 2339 2041 2413 oportebat?

460 2448 674 2519 Aliquid
688 2449 878 2503 iterum
889 2447 1060 2500 dicam
1081 2461 1094 2497 :
1117 2440 1474 2510 Philosophus
1487 2436 1698 2508 quidam
1713 2445 2039 2496 exterorum,

469 2547 529 2594 ut
553 2539 757 2594 audivit
793 2537 1094 2608 quempiam
1140 2534 1338 2588 obiisse
1358 2573 1373 2597 ,
1407 2546 1527 2588 cum
1555 2528 1768 2599 quidam
1792 2541 1855 2580 ex
1879 2523 2042 2577 disci-

466 2633 606 2702 pulis
633 2631 834 2686 diceret
874 2629 972 2699 ipsi
994 2670 1008 2689 .
1044 2627 1134 2681 Vae
1163 2624 1323 2690 mihi,
1355 2622 1482 2693 quia
1530 2619 1766 2689 injuste;
1802 2616 1890 2670 ille
1917 2629 2047 2669 con-

464 2739 682 2788 versus,
729 2722 834 2778 Sed
879 2720 1036 2790 quid,
1079 2718 1184 2785 ait,
1239 2731 1307 2770 an
1348 2714 1494 2784 juste
1535 2709 1798 2766 voluisses
1836 2704 1949 2778 (a)?
1977 2704 2045 2759 Et

528 2883 545 2912 ί
572 2878 735 2928 Morel.
763 2877 902 2939 legit,
931 2875 1112 2926 malum
1143 2879 1254 2939 est;
1291 2885 1404 2937 qua:
1437 2869 1585 2920 lectio
1614 2866 1876 2939 quadrabit
1894 2864 1939 2914 si
1966 2863 2045 2939 i_n-

466 2926 768 3003 terrogantis
791 2926 926 2989 inore
951 2939 1029 2988 hic
1064 2926 1335 3003 proferatur
1358 2942 1515 3003 :_tu_ne
1547 2926 1677 3003 enim
1709 2930 1782 2978 sic
1801 2934 1945 3003 totus
1959 2926 2047 3003 ιιΙο-

475 2986 563 3055 ais;
583 2986 958 3051 hiﬁesité'béc
978 2986 1160 3048 malum
1183 3005 1250 3048 est
1272 2995 1399 3057 quod
1433 2992 1700 3057 immeritus
1716 2986 1981 3057 potiaris;

531 3043 1356 3126 (aiiﬁ'iiiin'Jiaédiifii'aiébinﬁgat
1371 3043 1615 3104 buuuazus
1637 3054 1686 3100 in
1716 3043 1845 3101 Edit.
1870 3043 2011 3098 savil.
2032 3061 2045 3096 :

1155 319 1212 377 S.
1251 313 1527 375 JOANNIS
1567 305 2038 369 CllllYSOSTOMl
2079 302 2395 366 ARCHIEP.
2435 301 2969 360 CONSTANTINOP.

3600 302 3704 359 ηο

2129 419 2362 474 Joannes
2382 431 2561 474 nonne
2582 417 2776 486 injuste
2799 425 3042 471 mortuus
3063 416 3178 471 est?
3199 414 3368 482 Quem
3387 417 3514 486 ergo
3537 417 3704 487 inagis

2125 511 2436 576 miseraris,
2482 525 2678 566 eumne
2724 511 2812 579 qui
2861 510 3027 579 juste,
3077 523 3144 562 an
3183 523 3304 563 eum
3350 507 3440 577 qui
3468 508 3707 577 injuste’

2126 618 2305 658 nonne
2346 601 2491 657 hunc
2529 601 2784 656 miserum
2819 600 2955 656 dicis
2977 641 2994 666 ,
3022 599 3170 654 illum
3199 613 3328 653 vero
3363 599 3573 654 beatum
3597 604 3622 653 τ
3647 599 3704 654 In

2127 711 2233 766 quo
2257 709 2384 766 ergo
2405 693 2614 748 laeditur
2637 695 2796 748 homo
2817 707 2845 746 a
2863 703 3057 759 morte,
3087 691 3176 762 qui
3199 692 3422 746 multum
3449 692 3704 760 lucratur,

2127 788 2323 844 nedum
2346 788 2470 859 quid
2491 788 2669 843 damni
2695 786 2924 841 referat?
2947 785 3080 840 Nam
3102 787 3146 840 si
3175 801 3239 840 ex
3268 785 3549 839 immortali
3575 802 3703 840 mon-

2130 882 2289 936 talem
2318 881 2554 947 fecisset,
2571 880 2706 935 forte
2721 881 2973 938 damnum
2989 889 3162 944 esset;
3187 879 3232 934 si
3252 895 3382 935 vero
3403 879 3705 946 mortalem,

2129 986 2184 1030 et
2206 989 2270 1030 ex
2296 982 2480 1028 natura
2502 989 2596 1028 sua
2622 973 2780 1044 paulo
2807 972 3258 1042 postmeriturum
3290 971 3566 1027 festinavit
3585 988 3706 1028 cum

2131 1063 2295 1136 gloria
2325 1062 2593 1119 abducere
2617 1103 2633 1130 ,
2667 1062 2792 1132 quid
2824 1063 2948 1118 hinc
2974 1063 3186 1116 damni?
3210 1063 3289 1118 Sit
3319 1064 3472 1118 nobis
3500 1066 3712 1119 animus

2134 1169 2281 1214 recte
2326 1159 2672 1228 compositus,
2718 1166 2774 1212 et
2825 1157 3024 1211 nullum
3079 1157 3409 1211 extrinsecus
3458 1157 3709 1212 damnum

2135 1249 2404 1305 adveniet.
2457 1249 2563 1305 Sed
2614 1265 2718 1304 non
2743 1264 2803 1304 es
2849 1249 2901 1302 in
2925 1249 3094 1319 gloria
3118 1249 3143 1301 ?
3170 1249 3237 1302 Et
3265 1249 3390 1318 quid
3416 1250 3554 1306 hoc?
3577 1250 3709 1305 Nam

2137 1343 2277 1413 quod
2331 1343 2382 1396 in
2428 1342 2618 1411 opibus
2641 1385 2656 1408 ,
2689 1342 2917 1412 idipsum
2949 1343 3000 1396 in
3027 1342 3193 1412 gloria
3225 1351 3325 1398 est.
3354 1343 3410 1398 Si
3435 1345 3576 1398 enim
3604 1360 3717 1399 ma-

2135 1433 2360 1503 gnilicus
2400 1432 2552 1487 fuero
2574 1473 2588 1496 ,
2633 1433 2782 1487 nullo
2818 1448 2953 1504 opus
2979 1433 3218 1497 habebo;
3247 1435 3328 1488 sin
3357 1450 3506 1489 vana:
3531 1437 3715 1507 gloriae

2138 1523 2364 1593 cupidus
2400 1565 2414 1589 ,
2471 1533 2671 1593 quanto
2722 1525 2871 1595 plura
2919 1540 3235 1594 consequar,
3287 1534 3434 1580 tanto
3476 1527 3716 1595 pluribus

2139 1617 2332 1687 egebo.
2379 1617 2528 1672 Tunc
2575 1633 2702 1672 vero
2745 1618 3078 1688 splendidior
3125 1635 3220 1673 ero
3262 1629 3315 1674 et
3355 1620 3542 1689 majori
3571 1621 3717 1676 fruar

2141 1713 2304 1782 gloria
2333 1754 2348 1778 ,
2379 1712 2422 1766 si
2451 1712 2676 1782 gloriam
2703 1725 3099 1782 contempsere.
3146 1713 3272 1769 Haec
3301 1729 3420 1768 cum
3450 1716 3714 1781 sciamus,

2142 1805 2366 1874 gratiam
2400 1804 2692 1860 habeamus
2719 1804 2932 1861 Christo
2961 1807 3072 1861 Deo
3099 1817 3307 1872 nostro,
3340 1809 3428 1876 qui
3457 1810 3613 1863 talem
3643 1811 3721 1863 vi-

2146 1907 2253 1952 tam
2295 1897 2448 1952 nobis
2477 1897 2698 1968 largitus
2725 1907 2806 1953 est
2827 1938 2841 1962 ,
2873 1907 2928 1953 et
2957 1899 3098 1952 illam
3126 1898 3382 1954 adeamus
3407 1900 3470 1953 ad
3497 1902 3720 1971 gloriam

2145 1990 2349 2060 ipsius:
2396 1991 2518 2060 quia
2561 1990 2732 2059 ipsum
2760 1989 2917 2045 decet
2951 1991 3120 2061 gloria
3170 2007 3289 2046 cum
3333 1991 3493 2048 Patre
3526 1995 3722 2062 princi-

2145 2083 2235 2150 pio
2264 2092 2481 2135 carente
2505 2123 2520 2148 ,
2553 2091 2607 2136 et
2631 2091 2818 2136 sancto
2844 2081 3043 2152 Spiritu
3069 2083 3184 2152 ejus
3209 2125 3224 2150 ,
3254 2084 3306 2138 in
3331 2084 3525 2139 smcnla
3555 2101 3721 2141 sateu-

2145 2174 2337 2228 lorum.
2369 2175 2558 2229 Amen.

2157 2385 2180 2414 ε
2202 2367 2294 2419 sed
2334 2367 2502 2432 quid?
2536 2382 2600 2418 an
2631 2369 2763 2432 justo
2801 2369 3024 2422 voluisses
3047 2372 3072 2420 ?
3092 2388 3115 2418 ι
3149 2382 3266 2424 Haec
3303 2375 3509 2426 Socratis
3532 2384 3643 2428 sunt
3659 2378 3726 2429 ad

2149 2430 2513 2502 uxorem-perm
2529 2471 2542 2490 ,
2568 2438 2619 2502 ut
2633 2430 2807 2502 '_refert
2838 2434 3050 2502 Laertius
3069 2475 3081 2494 ,
3107 2435 3155 2484 in
3198 2438 3541 2502 Vita‘socratis
3565 2453 3584 2490 :
3607 2449 3728 2490 Cum

2149 2490 2612 2570 illi‘qieeret,
2639 2490 2824 2570 Injuste
2856 2490 3095 2570 moreris;
3131 2506 3278 2570 fune,
3302 2498 3474 2570 inquit,
3489 2501 3622 2570 juste
3651 2516 3726 2551 vo-

2151 2553 2363 2626 luisses?
2383 2554 2632 2626 Hactenus
2671 2553 2932 2626 Donamus.
2959 2553 3224 2626 Xenophon
3241 2553 3403 2611 autem
3489 2553 3731 2626 'Apologia

2151 2617 2450 2687 s_ocratis_sic
2467 2617 2613 2687 habet
2635 2632 2647 2666 :
2684 2617 2888 2687 quidam
2909 2627 3069 2687 antem
3089 2617 3306 2687 adstans,
3332 2624 3520 2687 nomine
3535 2617 3640 2687 Ἀρο

2153 2679 2413 2750 dorus,p_ir_
2433 2678 2642 2750 momina:
2664 2683 2857 2750 Socrati
2868 2682 3094 2750 addictus
3111 2720 3124 2742 ,
3150 2691 3196 2733 et
3230 2678 3472 2750 singulari
3496 2678 3732 2750 ηνᾰνάὶιηδ

2150 2739 2468 2813 ingenuitate,
2497 2739 2624 2813 dia‘it
2645 2755 2668 2813 :_
2693 2760 2714 2788 ι
2738 2743 2986 2813 ιςιιμὶάεηι,
3005 2757 3048 2813 _o
3086 2739 3429 2813 Socrates;th
3460 2739 3577 2798 ini/ii
3601 2763 3732 2813 prte-

2153 2803 2318 2873 sertim
2340 2803 2530 2873 videtur
2550 2803 2866 2873 intolerabile,
2889 2805 3016 2866 quod
3039 2813 3084 2856 te
3115 2803 3499 2873 ﬁdeantinjuste
3522 2803 3733 2873 moiien-

2155 2869 2266 2938 tem.
2287 2880 2309 2907 ι
2346 2867 2529 2938 nititur
2562 2872 2724 2938 autem
2756 2874 2999 2938 Socrates,_
3016 2867 3291 2938 Apollodori
3313 2867 3462 2932 capiti
3484 2869 3736 2938 blandiens

2155 2929 2456 2997 respondisse
2479 2938 2508 2997 :_
2534 2944 2557 2997 ς
2584 2935 2709 2977 Tune
2721 2941 2806 2997 ,ηο
2827 2929 3091 2997 carissime,
3115 2943 3193 2997 me
3222 2932 3355 2992 juste
3373 2929 3529 2992 quam
3560 2933 3738 2994 iniuste

2155 2987 2442 3058 morientem
2463 2987 2628 3058 videre
2648 2987 2819 3058 {nolles
2848 2989 2913 3040 ?s
2955 3000 3008 3042 et
3030 2987 3160 3041 hunc
3180 2987 3341 3042 locum
3365 2987 3520 3058 magis
3544 2987 3735 3046 videtur

2159 3047 2523 3111 Cbrysostomus
2545 3051 2838 3112 signiﬁcare.

474 3166 3739 3200 ___________.______—_————-———-———-—-—_—_—_____

1846 3244 2194 3308 HOMILIA
2236 3241 2379 3306 XV.

473 3410 601 3468 CAP.
642 3411 692 3465 6.
735 3425 789 3464 ν.
833 3408 886 3463 8.
930 3406 1220 3477 Stephanus
1249 3411 1416 3456 autem
1445 3401 1619 3470 plenus
1649 3396 1750 3467 ﬁde
1791 3404 1838 3448 et
1869 3392 2050 3447 virtute

544 3502 758 3573 faciebat
780 3498 1012 3570 prodigia
1036 3506 1082 3550 et
1110 3497 1256 3565 signa
1285 3508 1469 3562 magna
1499 3490 1551 3543 in
1581 3487 1790 3560 populo.

548 3597 600 3650 1.
633 3593 698 3647 1η
723 3593 1040 3647 ordinatione
1068 3589 1294 3658 Spiritus
1322 3594 1526 3640 sanctus
1556 3581 1770 3636 accedit.
1797 3609 1870 3620 -—
1894 3577 2050 3640 Vide,

476 3684 747 3758 quomodo
775 3686 914 3737 inter
939 3692 1144 3752 septem
1174 3680 1293 3734 illos
1316 3693 1452 3731 unus
1477 3673 1786 3745 praecellens
1803 3679 1964 3735 esset,
1993 3683 2057 3725 ac

481 3777 682 3847 primas
713 3782 938 3830 teneret.
966 3773 1081 3829 Etsi
1105 3771 1246 3826 enim
1277 3768 1544 3823 ordinatio
1565 3765 1866 3821 communis
1891 3770 2054 3828 esset,

481 3878 535 3922 at
567 3867 654 3921 hic
697 3865 952 3935 majorem
995 3863 1219 3932 gratiam
1257 3860 1493 3915 attraxit.
1541 3858 1710 3912 Antea
1755 3870 1884 3910 vero
1908 3853 2057 3924 signa

481 3976 588 4015 non
632 3958 894 4020 faciebat,
925 3956 1020 4012 sed
1068 3955 1155 4010 ubi
1198 3952 1512 4009 manifestus
1559 3948 1696 4015 fuit;
1725 3947 2059 4002 ntostende-

482 4061 632 4108 retur
655 4067 762 4107 non
784 4050 952 4105 solam
983 4049 1205 4119 gratiam
1228 4044 1476 4100 sufficere
1495 4085 1511 4107 ,
1548 4041 1642 4097 sed
1671 4041 2058 4096 ordinationem

488 4145 724 4214 requiri,
755 4154 812 4198 ut
841 4143 1073 4210 Spiritus
1097 4139 1337 4195 accessio
1366 4137 1472 4191 fiat.
1503 4136 1654 4204 Quod
1683 4135 1726 4188 si
1753 4143 1907 4186 antea
1937 4131 2060 4200 Spi-

485 4237 590 4292 ritu
635 4237 772 4306 pleni
823 4243 1008 4300 erant,
1050 4241 1104 4287 at
1153 4232 1206 4286 id
1259 4247 1288 4284 a
1331 4231 1563 4285 lavacro.
1616 4225 1670 4282 9.
1721 4225 2062 4281 Surrexerunt

484 4339 649 4383 autent
686 4329 891 4398 quidam
925 4326 988 4380 de
1020 4340 1301 4396 synagoga.
1356 4317 1857 4378 Consurrectiouem
1906 4323 2064 4370 vocat

484 4421 952 4478 exacerbationem
991 4429 1046 4474 et
1085 4419 1217 4473 iram
1262 4431 1469 4472 eorum.
1511 4414 1609 4468 llic
1649 4411 1771 4466 vide
1817 4424 2064 4480 magnam

486 4507 914 4575 multitudinem;
948 4511 1060 4565 imo
1088 4510 1246 4564 aliam
1273 4506 1626 4562 accusationis
1651 4503 1898 4558 formam.
1930 4500 2061 4556 Nam

488 4611 770 4674 postquam
809 4599 1068 4656 Gamaliel
1109 4599 1226 4653 illos
1269 4598 1583 4651 cohibuerat
1607 4634 1622 4659 ,
1666 4609 1734 4647 ne
1777 4594 1875 4646 hac
1911 4592 1979 4646 de
2007 4606 2065 4646 re

485 4695 816 4756 incusarent,
845 4691 1001 4744 aliam
1031 4688 1291 4742 inducunt
1317 4687 1735 4740 accusationem.
1761 4701 1781 4734 ς
1805 4681 2066 4736 διιπθιεα

487 4793 616 4840 ruut
628 4795 825 4848 autem,
851 4781 1040 4852 inquit,
1063 4779 1277 4850 quidam
1295 4778 1362 4833 de
1385 4790 1674 4850 synagoga,
1700 4789 1818 4843 qua:
1835 4773 2068 4842 appella-

491 4887 579 4932 tur
600 4875 992 4931 Libertiuorum
1009 4881 1066 4928 et
1080 4869 1462 4942 Cyrenensium
1483 4876 1537 4923 et
1553 4865 2064 4931 Alexandrinorum,

490 4979 547 5026 et
572 4983 754 5024 eorum
772 4966 860 5038 qui
880 4973 1032 5021 erant
1051 4979 1118 5018 ex
1137 4962 1318 5018 Cilicia
1341 4970 1396 5016 et
1418 4959 1559 5023 Asia,
1584 4957 1918 5028 disputantes
1944 4972 2064 5011 cum

489 5061 800 5130 Stephano;
835 5057 922 5112 10.
955 5064 1009 5109 ct
1030 5070 1134 5109 non
1167 5062 1415 5124 poterant
1441 5051 1694 5106 resistere
1713 5049 1986 5118 sapientia:
2015 5057 2069 5103 et

492 5151 735 5223 Spiritui,
753 5148 846 5220 qui
873 5146 1204 5216 loquebatur.
1225 5149 1246 5198 l
1265 5144 1310 5198 1.
1331 5143 1479 5198 Tunc
1498 5140 1877 5194 summiserunt
1901 5139 2062 5204 viros,

493 5255 567 5316 qit
621 5243 862 5298 dicereut
909 5253 968 5293 se
1007 5235 1275 5292 audivisse
1302 5250 1423 5290 eum
1461 5234 1728 5289 dicentem
1761 5231 1918 5287 verba
1951 5232 2068 5286 bla-

493 5337 750 5408 spbemias
778 5334 830 5388 in
859 5331 1094 5404 Moysem
1121 5337 1175 5382 et
1212 5329 1264 5382 in
1311 5328 1498 5383 Deum.
1531 5343 1551 5378 ι
1583 5323 1652 5380 Ut
1676 5323 2067 5379 accusationem

495 5432 794 5493 instituant,
821 5425 1019 5481 Contra
1049 5423 1235 5488 Deum,
1260 5422 1522 5490 inquiunt,
1547 5429 1602 5475 et
1626 5429 1808 5474 contra
1835 5417 2068 5490 Moysem

497 5523 750 5591 loquitur.
788 5519 913 5574 Ideo
949 5526 1129 5572 autem
1170 5514 1532 5584 disputabant,
1561 5520 1619 5566 ut
1655 5519 1909 5582 cogerent
1945 5525 2068 5563 eum

503 5612 700 5680 aliquid
745 5609 1007 5680 proferre.
1055 5607 1147 5661 Ille
1188 5619 1316 5660 vero
1358 5604 1557 5660 clarius
1613 5603 1928 5674 loquebatur
1954 5641 1968 5662 ,
2018 5609 2072 5653 et

495 5699 634 5757 forte
659 5702 789 5771 lcgis
815 5702 1165 5756 cessationem
1190 5705 1391 5752 tantum
1414 5693 1658 5761 dicebat;
1689 5693 1776 5749 vel
1803 5709 1906 5747 non
1929 5690 2072 5746 dice-

499 5793 590 5850 bat
618 5791 832 5864 quidem
901 5791 996 5847 sed
1025 5789 1342 5846 insinuabat.
1377 5788 1509 5844 Nam
1535 5787 1580 5844 si
1609 5786 1782 5858 palam
1809 5783 2031 5839 dixisset
2051 5821 2069 5848 ,

2171 3411 2277 3448 non
2304 3410 2436 3466 opus
2477 3395 2665 3451 fuisset
2693 3397 2995 3452 subornatis
3023 3399 3151 3453 viris
3190 3415 3287 3454 nec
3308 3399 3454 3454 falsis
3489 3395 3732 3454 testibus.

2164 3487 2398 3543 Diversae
2423 3498 2600 3542 autem
2623 3504 2906 3560 synagoga:
2926 3501 3101 3556 erant,
3130 3488 3521 3545 Libertinorum
3549 3503 3602 3546 et
3631 3493 3737 3562 Cy-

2163 3580 2492 3634 renensium.
2568 3580 2673 3634 Sed
2747 3583 3084 3653 Cyrenenses
3156 3585 3291 3637 ultra
3357 3584 3738 3638 Alexandriam

2163 3681 2321 3736 sunt,
2368 3674 2457 3742 qui
2484 3681 2539 3727 et
2579 3673 2688 3727 illic
2726 3689 2821 3744 per
2860 3687 3045 3744 gentes
3089 3690 3385 3746 synagogas
3431 3676 3737 3740 habebant;

2163 3778 2226 3818 ac
2265 3763 2398 3818 forte
2445 3763 2553 3818 illic
2595 3763 2924 3829 manebant,
2974 3781 3040 3820 ne
3066 3780 3207 3834 smpe
3230 3769 3461 3837 migrare
3488 3782 3743 3837 cogeren-

2165 3867 2296 3911 tur:
2346 3856 2604 3913 Libertini
2653 3869 2868 3919 autem.
2919 3858 3282 3914 Romanorum
3329 3860 3502 3915 liberti
3548 3871 3740 3924 erant,

2165 3956 2218 4002 et
2248 3948 2325 4002 sic
2349 3946 2865 4019 appellabantur(a).
2891 3948 2959 4005 Ut
2988 3957 3164 4003 autem
3196 3951 3265 4004 ibi
3299 3950 3448 4004 multi
3477 3950 3742 4019 peregrini

2168 4042 2509 4107 habitabant,
2559 4044 2629 4098 ita
2671 4054 2726 4098 et
2771 4059 3066 4115 synagogas
3110 4044 3409 4107 habebant,
3463 4045 3517 4098 in
3553 4045 3745 4113 quibus

2167 4136 2447 4206 oportebat
2465 4144 2520 4191 et
2544 4136 2800 4191 lectiones
2826 4145 2881 4191 et
2905 4136 3176 4192 orationes
3207 4137 3343 4192 fieri.
3373 4136 3450 4191 Tu
3472 4153 3596 4192 vero
3615 4138 3746 4192 mihi

2167 4229 2467 4300 perpendas
2494 4230 2675 4296 velim,
2712 4229 2979 4300 quomodo
3005 4238 3059 4285 et
3085 4229 3170 4283 hic
3191 4239 3406 4284 coactus
3435 4230 3629 4285 docere
3655 4244 3748 4284 co-

2169 4334 2343 4390 netur,
2372 4331 2426 4379 et
2454 4323 2530 4378 illi
2559 4337 2772 4377 rursum
2799 4323 2869 4378 ob
2897 4323 3042 4394 signa
3073 4336 3176 4376 non
3209 4321 3369 4377 modo
3395 4321 3462 4376 ad
3489 4322 3746 4376 invidiam

2169 4418 2522 4484 concitentur,
2550 4415 2643 4471 sed
2669 4415 2850 4482 etiam,
2880 4416 3002 4485 quia
3027 4415 3190 4469 verbo
3209 4414 3513 4482 superabat,
3531 4422 3584 4467 et
3607 4414 3749 4466 into-

2170 4508 2404 4564 lerabilis
2431 4510 2559 4579 ipsis
2586 4517 2721 4574 erat,
2741 4506 2902 4561 falsos
2927 4516 3087 4562 testes
3112 4505 3455 4560 constituant.
3486 4505 3750 4560 Nolebant

2169 4601 2310 4655 enim
2339 4601 2485 4656 illum
2514 4602 2629 4655 sine
2650 4615 2808 4655 causa
2833 4599 3098 4663 occidere,
3129 4597 3222 4652 sed
3248 4612 3370 4652 cum
3402 4596 3672 4665 suffragio,
3693 4605 3752 4650 ut

2171 4703 2225 4748 et
2249 4692 2443 4749 famam
2472 4694 2682 4748 illorum
2705 4692 2960 4748 laederent
2983 4709 2997 4757 ;
3022 4700 3076 4746 et
3103 4691 3206 4745 illis
3233 4691 3430 4745 relictis
3453 4688 3520 4743 ad
3543 4690 3641 4743 hos
3660 4705 3746 4744 ve-
3777 4691 3792 4732 -’

2171 4788 2343 4854 niunt,
2369 4797 2422 4842 ut
2454 4788 2530 4843 sic
2561 4788 2680 4841 illos
2700 4787 2859 4841 etiam
2887 4785 3382 4855 perterrefacerent.
3411 4783 3519 4839 Nec
3545 4785 3752 4851 dicunt,

2171 4883 2461 4952 Loquitur;
2485 4882 2602 4943 sed,
2635 4878 2755 4932 Non
2775 4889 2934 4933 cessat
2961 4878 3116 4949 loqui,
3149 4889 3206 4933 ut
3231 4880 3622 4934 accusationem
3655 4895 3756 4931 au-

2173 4984 2350 5046 geant.
2385 4974 2473 5028 l2.
2506 4993 2526 5026 ι
2549 4973 2969 5028 Commoverunt
2993 4979 3169 5027 autem
3197 4972 3436 5028 seniores
3455 4979 3508 5026 et
3528 4970 3755 5036 scribas,

2173 5079 2226 5124 et
2265 5075 2646 5123 concurrentes
2687 5074 2977 5134 rapuerunt
3025 5065 3196 5130 illum,
3238 5072 3292 5118 et
3336 5063 3670 5117 adduxerunt
3703 5063 3758 5116 in

2174 5159 2476 5223 concilium,
2513 5157 2599 5211 15.
2628 5167 2682 5212 et
2711 5164 3009 5211 statuerunt
3055 5155 3213 5209 falsos
3263 5164 3424 5209 testes
3447 5195 3462 5220 ,
3493 5155 3579 5222 qui
3605 5152 3758 5206 diee-

2175 5261 2293 5306 rent
2319 5269 2330 5304 :
2364 5250 2534 5305 Homo
2563 5249 2664 5304 iste
2688 5265 2792 5302 non
2823 5258 2998 5302 cessat
3025 5245 3168 5317 loqui
3199 5246 3360 5300 verba
3394 5245 3650 5298 adversus
3679 5245 3759 5297 lo-

2175 5361 2294 5400 cum
2317 5355 2554 5400 sanctum
2577 5352 2632 5398 et
2650 5342 2874 5412 legem»
2897 5341 3012 5396 Non
3027 5349 3220 5402 cessat,
3239 5341 3506 5409 inquiunt,
3527 5349 3581 5392 ut
3606 5338 3761 5391 illum

2180 5437 2231 5492 id
2257 5446 2540 5491 conantem
2575 5435 2830 5490 indicent.
2873 5435 2960 5488 Μ.
2995 5452 3014 5484 ‹
3038 5432 3353 5486 Audivimus
3378 5432 3518 5484 enim
3550 5431 3773 5485 cumdi-

2176 5539 2402 5592 centem,
2422 5528 2679 5597 Quoniam
2702 5529 2855 5585 Jesus
2881 5525 3184 5579 Nazarenus
3209 5524 3295 5579 hic
3317 5523 3556 5578 destruet
3581 5523 3762 5577 locum

2178 5624 2336 5679 istum
2357 5664 2375 5691 ,
2399 5634 2452 5679 et
2475 5622 2697 5678 mutabit
2720 5618 3162 5683 consuetudines,
3193 5631 3327 5688 quas
3359 5614 3576 5671 tradidit
3606 5615 3768 5672 nobis

2240 5787 2314 5851 (α)
2336 5784 2569 5837 Libertini
2593 5783 2890 5834 vocabantur
2921 5779 2953 5829 ti
2988 5778 3070 5842 qui
3106 5775 3394 5828 libertorum
3429 5771 3513 5824 lilii
3537 5779 3698 5824 erant.
