4088 6142
398 332 511 391 493

403 460 462 499 ra
489 449 673 497 contra
700 437 863 494 Deam
889 430 1199 503 blasphrma
1231 430 1421 493 facitis,
1452 437 1507 481 et
1535 444 1639 480 non
1668 428 1901 488 curatis;
1933 435 1987 479 et

402 536 472 589 de
516 533 696 603 Moyse
740 525 952 582 solliciti
1001 540 1121 578 esse
1168 521 1465 577 simulatis?
1512 520 1634 575 Ideo
1679 518 1989 587 proponitur

401 627 631 694 Moyses,
658 620 778 689 quia
802 634 920 688 qua:
949 617 1039 670 Dei
1058 624 1230 679 erant,
1256 629 1369 667 non
1389 611 1613 666 multum
1636 610 1912 674 curabant,
1934 618 1989 662 et

402 717 600 784 ubique
627 712 859 782 Moysem
883 713 1344 763 commemorant:
1371 704 1591 773 Moyses,
1612 699 1880 771 inquiunt,
1908 699 1990 752 hic

400 808 486 875 qui
516 803 689 858 adimit
719 819 808 856 nos
842 800 988 871 (Act.
1021 799 1074 853 7.
1114 797 1182 852 40
1203 798 1241 866 ).
1275 794 1427 849 facile
1454 792 1724 853 mobilem,
1737 788 1989 859 pepqum

405 897 694 952 irritantes.
727 893 883 962 Atqui
916 890 1184 961 quomodo
1225 888 1307 941 vir
1346 884 1689 954 blasphemus
1712 882 1782 936 ita
1813 880 1991 934 vince-

407 988 530 1042 ret?
559 984 826 1056 quomodo
854 983 933 1036 vir
975 981 1321 1051 blasphemus
1368 977 1489 1030 talia
1534 975 1682 1043 signa
1713 972 1765 1025 in
1794 968 1992 1041 populo

406 1078 643 1134 faceret?
668 1076 771 1131 Sed
802 1074 921 1128 talis
946 1088 1037 1126 res
1062 1079 1144 1125 est
1171 1068 1386 1131 invidia,
1419 1067 1608 1119 stultos
1633 1063 1869 1119 efﬁciens
1899 1075 1993 1114 eos

406 1184 540 1241 quos
571 1168 798 1231 invasit,
823 1176 887 1219 .ut
926 1178 1097 1233 neque
1130 1162 1192 1214 iis
1221 1157 1497 1213 attendant
1526 1172 1643 1225 qua:
1685 1155 1989 1223 loquuntur.

406 1262 704 1318 Audiuimus
729 1260 890 1322 illum,
914 1255 1188 1325 inquiunt,
1220 1252 1500 1320 loquentem
1526 1246 1819 1314 blaspltema
1849 1241 1995 1295 verba

393 1368 586 1412 contra
628 1353 856 1423 Moysem
894 1361 936 1403 et
970 1348 1172 1407 Deum;
1212 1358 1274 1413 ac
1315 1355 1549 1404 rursum,
1570 1337 1681 1391 llic
1709 1337 1857 1389 homo
1893 1350 1993 1387 non

408 1446 744 1502 cessat-verba
785 1442 920 1511 loqui
958 1447 1131 1492 contra
1168 1435 1333 1489 locum
1371 1442 1601 1486 sanctum
1637 1438 1682 1481 et
1720 1427 1910 1497 legem,
1942 1432 1997 1477 et

408 1539 686 1610 adjiciunt,
714 1536 840 1602 Qua:
866 1530 1073 1585 tradidit
1097 1525 1237 1579 nobis
1267 1522 1505 1593 Moyses;
1532 1535 1637 1573 non
1666 1517 1801 1571 ultra
1830 1515 1991 1569 Deus.

482 1604 535 1686 Β.
573 1627 753 1684 Viden’
784 1621 1063 1694 quomodo.
1082 1618 1230 1673 illum
1265 1616 1333 1669 ob
1376 1627 1619 1667 eversam
1660 1624 1774 1664 rem
1815 1604 1993 1675 publi-

409 1737 527 1776 cam
555 1717 866 1788 impietatis
906 1705 1382 1773 accusantiQuod
1414 1712 1589 1757 autem
1619 1695 1998 1769 nou,p0tuerit

413 1796 502 1869 ille
534 1786 664 1867 talia
679 1810 929 1864 audacter
962 1803 1103 1873 loqui
1129 1844 1144 1866 ,
1173 1801 1365 1869 cuique
1394 1794 1733 1850 manifestum
1763 1797 1846 1844 est
1879 1804 1894 1841 :
1924 1786 1995 1840 ita

413 1909 556 1964 mitis
582 1904 738 1959 velin
765 1901 898 1956 facie
916 1907 1045 1954 erat.
1078 1896 1240 1965 Igitur
1265 1891 1352 1946 ubi
1374 1906 1481 1944 non
1508 1882 1993 1943 calumniabantur,

414 1999 544 2053 nihil
582 1997 687 2050 tale
727 1992 856 2048 dicit
896 1989 1170 2057 Scriptura
1205 1984 1370 2053 :,quia
1400 1995 1528 2034 vero
1556 1986 1726 2033 totum
1752 1973 1855 2026 hoc
1883 1971 1999 2024 loco

412 2089 678 2145 calumnia
706 2094 807 2151 est,
839 2084 959 2151 jure
991 2080 1135 2135 illam
1162 2075 1381 2145 corrigit
1406 2073 1573 2135 Deus,
1600 2068 1804 2137 velpcr
1829 2064 2000 2134 ipsum

413 2183 641 2238 vultum.
675 2175 915 2247 Apostoli
954 2164 1549 2228 ccrtenoncalumniis
1578 2158 1995 2230 impetebantur,

415 2274 510 2329 Sed
556 2268 1014 2342 prohibebantur;
1057 2262 1146 2316 hic
1187 2275 1317 2314 vero
1358 2253 1639 2312 calumniis
1682 2248 1999 2319 impetitur:

418 2336 643 2433 ideoque
680 2370 804 2415 ante
840 2356 1020 2413 omnia
1061 2353 1237 2408 vultus
1266 2351 1436 2420 ipsum
1470 2351 1677 2417 purgat.
1709 2341 1871 2396 Forte
1898 2336 2001 2393 hoc

418 2432 747 2513 sacerdotem
792 2450 997 2524 pudore
1037 2446 1232 2502 affecit.
1262 2442 1364 2499 Ubi
1391 2454 1517 2496 vero
1541 2437 1715 2501 dixit,
1746 2432 2007 2488 Promise-

420 2558 498 2603 rat
523 2590 541 2615 ,
571 2544 805 2600 ostendit
847 2539 1256 2612 promissionem
1298 2533 1462 2588 fuisse
1503 2529 1693 2584 factam
1716 2533 2004 2594 antequam

421 2642 571 2696 locus
601 2638 887 2706 deputatus
915 2641 1059 2687 esset
1083 2670 1099 2695 ,
1128 2636 1411 2697 antequam
1440 2617 1819 2682 circumcisio,
1851 2622 2006 2668 ante—

418 2746 579 2802 quam
617 2725 936 2784 sacriﬁcium
966 2729 1022 2778 et
1054 2718 1309 2789 templum
1345 2723 1491 2770 esset
1527 2729 1540 2766 :
1572 2719 1627 2766 et
1661 2708 1778 2764 illos
1805 2720 1911 2761 non
1942 2718 2008 2758 ex

420 2823 619 2879 merito
646 2818 920 2888 accepisse
960 2809 1424 2868 circumcisionem
1463 2816 1637 2873 neque
1674 2800 1846 2871 legem
1868 2836 1884 2862 ,
1914 2791 2008 2849 sed

422 2912 742 2970 obedientia:
770 2918 974 2964 tantum
1011 2901 1313 2960 mercedem
1343 2898 1505 2952 fuisse
1535 2904 1753 2950 terram.
1782 2891 1853 2945 At
1880 2902 2013 2941 non-

429 3009 559 3063 dum.
585 3002 995 3061 circumcisione
1022 2997 1165 3057 data,
1190 2990 1477 3064 promissio
1504 2986 1754 3057 impletur
1784 3000 1799 3036 :
1832 2996 1896 3035 ac
1918 2993 2014 3049 per

427 3098 649 3168 figurant
682 3094 833 3156 illos,
869 3090 978 3143 Deo
1000 3087 1242 3157 jubente,
1276 3080 1563 3152 probatur,
1607 3073 1888 3144 reliquisse
1915 3084 2012 3139 pa-

440 3162 596 3243 triam
616 3196 670 3241 et
688 3182 1058 3253 cognationem
1081 3177 1195 3247 (illa
1226 3187 1453 3241 namque
1464 3167 1633 3240 patria
1652 3174 1751 3230 est,
1772 3162 1838 3218 ad
1856 3176 2013 3233 quam

432 3278 647 3335 duxerit
683 3275 868 3344 Deus),
910 3269 1081 3345 etbic
1119 3265 1469 3323 hereditatem
1489 3276 1593 3315 non
1626 3258 1862 3313 habere:
1888 3268 2014 3309 nam

430 3369 475 3424 si
501 3368 619 3438 quis
646 3369 1037 3422 remaccurate
1062 3357 1352 3420 examinet,
1381 3353 1559 3408 Persae
1575 3356 1700 3404 sunt
1726 3344 1895 3403 Judaei
1919 3360 1934 3409 ;
1963 3352 2017 3399 et

431 3435 624 3526 innuit,
656 3457 797 3529 quod
825 3456 986 3511 etiam
1012 3454 1213 3521 absque
1250 3447 1414 3518 signis
1442 3438 1918 3511 obtemperantium
1949 3435 2021 3490 sit

435 3555 551 3609 Deo
576 3550 834 3620 loquenti,
858 3546 1064 3602 etiamsi
1092 3541 1269 3614 gravia
1293 3536 1536 3608 quaedam
1556 3531 1816 3589 accidant.
1840 3528 2021 3597 Quan-

433 3618 724 3715 doquidem
765 3636 1061 3710 patriarcha
1089 3644 1143 3689 et
1171 3640 1393 3703 paterno
1423 3624 1669 3697 sepulcro
1693 3629 1749 3677 ct
1772 3618 2021 3675 omnibus

438 3712 674 3800 relictis,
714 3733 824 3787 Deo
861 3723 1280 3795 obtemperavit.
1340 3716 1495 3788 Quod
1555 3715 1600 3771 si
1662 3712 1820 3782 hujus
1873 3719 2023 3781 pater

442 3843 549 3881 non
619 3822 795 3878 socius
836 3819 978 3873 illius
1040 3816 1137 3870 fuit
1187 3811 1463 3881 migrantis
1502 3806 1580 3861 .in
1642 3802 2021 3867 Palaestinam,

442 3918 611 3973 multo
649 3915 825 3968 minus
854 3910 955 3965 filii.
979 3915 1136 3962 erunt
1180 3910 1459 3959 consortes
1483 3940 1496 3962 ,
1538 3894 1747 3951 etiamsi
1779 3904 2024 3961 magnam

449 4008 549 4062 vim
571 4014 782 4076 partem
826 4000 1182 4061 metiantur,
1236 3992 1360 4063 quia
1402 3989 1650 4043 virtutem
1681 3982 1870 4053 patris
1920 3994 2026 4034 non

452 4073 854 4156 itnitantur.-Et
882 4087 1167 4159 repromisit
1206 4084 1330 4137 dare
1364 4080 1506 4134 illam
1545 4077 1591 4131 ei
1616 4086 1662 4129 et
1688 4073 1864 4129 semini
1896 4076 2025 4140 ejus,

449 4189 640 4260 inquit,
677 4195 788 4257 post
826 4183 989 4237 illum.
1022 4177 1198 4233 Multa
1256 4174 1343 4229 hic
1386 4171 1481 4226 Dei
1528 4166 1834 4237 benignitas
1876 4162 2031 4218 exhi-

450 4256 639 4347 betur,
678 4256 849 4333 multa
894 4271 1124 4329 Abrahae
1171 4268 1323 4324 ﬁdes.
1370 4264 1502 4320 Nam
1549 4259 1692 4331 quod
1750 4256 2027 4320 crederet,

452 4375 579 4429 Cum
607 4346 830 4425 nondum
855 4374 981 4419 esset
1008 4363 1052 4418 ei
1082 4362 1238 4431 ﬁlius,
1272 4356 1373 4411 hoc
1419 4354 1534 4424 dus
1575 4363 1631 4407 et
1674 4346 2032 4404 obedientiam

456 4475 510 4520 et
560 4463 719 4518 fidem
754 4457 1005 4514 ostendit
1030 4450 1428 4522 :quamvisea
1453 4486 1468 4511 ,
1504 4458 1624 4513 qure
1665 4441 1803 4496 facta
1849 4445 2031 4501 erant,

456 4553 781 4610 contrarium
829 4550 1190 4601 monstrarent
1220 4551 1457 4605 :netupe
1500 4532 1641 4604 quod
1684 4544 1806 4584 cum
1854 4527 2037 4581 venis-

463 4657 580 4710 set,
639 4658 706 4696 ne
755 4638 1034 4706 vcstigimu
1101 4631 1313 4702 quidem
1370 4626 1522 4697 pedis
1566 4637 1720 4678 suum
1782 4619 2035 4683 haberet,

459 4749 631 4804 neque
660 4731 846 4793 ﬁlium,
871 4742 987 4797 quae
1014 4724 1134 4777 ﬁdei
1158 4718 1424 4775 contraria
1450 4722 1618 4769 erant.
1650 4711 1774 4765 Hazc
1797 4723 1892 4763 nos
1911 4721 2043 4777 quo-

461 4802 565 4900 que
590 4823 1005 4883 considerantes,
1032 4830 1151 4886 qua:
1173 4814 1311 4868 Deus
1333 4806 1655 4880 promiserit,
1678 4802 2039 4866 admittamus,

464 4922 672 4980 etiamsi
702 4914 969 4973 contraria
1006 4910 1287 4966 evenerint
1315 4925 1329 4961 :
1357 4901 1599 4975 quamvis
1624 4897 1763 4969 apud
1793 4910 1892 4950 nos
1916 4909 2044 4949 con-

467 5016 627 5071 traria
668 5025 775 5066 non
817 5009 961 5070 sint,
999 5002 1095 5058 sed
1141 5000 1296 5055 valde
1333 4992 1742 5063 consequentia.
1766 4988 1865 5046 Ubi
1902 4986 2043 5043 enim

468 5104 850 5181 promissiones
889 5106 1045 5161 sunt,
1082 5095 1126 5149 si
1168 5090 1433 5148 contraria
1472 5085 1759 5147 eveniant,
1799 5080 1883 5134 illa
1921 5091 2047 5131 vere

470 5168 738 5254 centraria
767 5197 929 5253 sunt;
959 5184 1097 5255 apud
1125 5189 1422 5237 nos.autem
1449 5188 1604 5231 secus
1632 5190 1646 5228 :
1674 5186 1795 5226 nam
1823 5169 1910 5223 hic
1933 5168 2049 5236 qui-

473 5293 595 5347 dem
617 5287 957 5342 afﬁietionem
977 5276 1127 5341 dixit,
1147 5274 1252 5328 illic
1270 5269 1528 5340 requiem.
1550 5263 1659 5319 Cur
1678 5259 2051 5318 confundimus

476 5375 759 5448 tempora?
797 5387 892 5427 cur
925 5367 1101 5423 omnia
1130 5379 1221 5418 sus
1250 5362 1422 5430 deque
1450 5351 1756 5411 evertimus?
1784 5349 2049 5419 Angeris,

478 5472 566 5525 die
588 5438 721 5523 inihi
742 5506 759 5533 ,
789 5464 909 5534 quia
936 5462 988 5517 in
1020 5462 1329 5529 paupertate
1356 5449 1490 5504 vivis
1510 5488 1523 5509 ,
1554 5454 1609 5502 et
1635 5444 1755 5499 ideo
1783 5438 2053 5495 turbaris?

479 5562 560 5617 Ne
590 5529 821 5614 turbaris
837 5572 851 5609 :
885 5557 1007 5626 jure
1032 5545 1345 5609 turbareris,
1377 5542 1422 5595 si
1449 5539 1557 5595 illic
1586 5533 1853 5592 tribulatio
1876 5529 2056 5584 futura

484 5660 627 5708 esset
656 5667 669 5702 :
702 5650 815 5717 ipsa
835 5620 991 5700 enim
1035 5638 1303 5697 tribulatio
1346 5632 1539 5705 quietis
1567 5636 1650 5684 est
1669 5639 1864 5680 causa.
1893 5620 2059 5675 Infir-

1141 318 1195 374 S.
1236 314 1512 374 JOANNIS
1547 314 2021 375 CIIRY‘SOS’I’OMI
2062 310 2379 368 ABCIIIEP.
2420 307 2947 366 GONST-ANTINOP.

3556 308 3671 367 ﬂ!

2091 422 2184 477 Illa
2216 423 2485 478 tribulatio
2518 434 2601 479 est
2639 426 2843 494 punitio
2866 467 2880 490 ,
2923 427 3036 481 hare
3075 435 3251 482 autem
3276 425 3673 492 ,νίηιιίιυιὶοοει

2092 516 2416 571 emendatio.
2444 517 2727 571 Certamen
2758 529 2839 573 est
2876 534 3110 589 priest-ns
3140 529 3350 589 tempus
3380 536 3392 572 :
3420 534 3651 587 ergmpu

2092 611 2255 680 gilatu
2286 620 2368 664 est
2395 626 2529 679 opus
2558 628 2572 664 :
2603 610 2801 666 bellum
2832 622 2885 666 et
2915 628 3087 682 pugna
3117 621 3218 666 est.
3250 610 3421 665 Nemo
3455 611 3677 665 imbelle

2094 702 2332 771 requiem
2363 701 2577 771 qum-rit,
2612 717 2770 756 nemo
2813 703 2862 755 in
2908 703 3050 756 bello
3085 702 3277 771 qumrit
3314 701 3637 768 voluptatem
3661 743 3675 763 .

2097 804 2194 844 nec
2217 789 2283 844 de
2306 790 2504 844 divitiis
2529 792 2787 845 sollicitus
2812 800 2909 853 est,
2940 807 3039 845 nec
3062 791 3133 845 de
3159 807 3324 845 uxore
3348 809 3363 854 ;
3394 792 3487 845 sed
3514 808 3676 847 unum

2098 886 2304 933 tantum
2345 889 2549 949 spei-tat
2572 923 2587 946 ,
2618 882 2886 951 quomodo
2922 882 3170 936 inimicos
3208 892 3442 951 superet.
3481 883 3590 936 Iloc
3626 896 3677 938 et

2098 970 2513 1036 nosfaciamus;
2536 989 2597 1027 ea
2626 975 2993 1040 si-vincatnus,
3021 984 3075 1030 et
3102 990 3223 1028 eum
3254 976 3475 1044 tropaeis
3495 992 3674 1030 rever-

2100 1065 2493 1128 tamur,romnia
2527 1065 2679 1119 nobis
2703 1066 2851 1120 dabit
2880 1066 3040 1120 Deus.
3074 1067 3185 1121 Hoc
3209 1066 3385 1120 solum
3406 1081 3677 1132 curemus,

2090 1154 2675 1222 .quomodo-diabolmn
2722 1157 3042 1212 vincamus:
3076 1157 3355 1211 imovero
3403 1159 3504 1213 hoc
3545 1175 3681 1226 opus

2100 1258 2205 1297 non
2252 1246 2417 1300 nostri
2463 1248 2622 1302 studii
2662 1259 2775 1312 est,
2806 1250 3125 1318 sed-gratia:
3158 1251 3247 1304 Dei
3282 1258 3470 1303 totum.
3506 1250 3678 1305 Unum

2101 1337 2253 1392 nobis
2278 1352 2420 1393 curm
2448 1341 2638 1404 sit,uut
2669 1342 2821 1395 nobis
2846 1341 2961 1410 ejus
2986 1344 3205 1410 gratiam
3232 1343 3563 1398 attrahamus
3582 1384 3596 1407 ,
3618 1356 3681 1397 ut

2091 1429 2232 1485 illud
2262 1431 2416 1485 nobis
2436 1434 2705 1488 auxilium
2729 1435 3111 1489 conciliemus-
3129 1436 3191 1489 Si
3221 1434 3359 1489 Deus
3387 1452 3479 1504 pro
3506 1437 3679 1499 nobis,

2089 1521 2212 1591 quis
2241 1532 2418 1575 contra
2446 1540 2543 1577 nos
2565 1524 2740 1593 (Rom.
2771 1524 2833 1579 8..
2856 1525 2946 1595 5|)
2970 1526 2993 1577 ἲ
3027 1526 3217 1593 inquit.
3253 1526 3364 1579 IIoc
3393 1543 3556 1579 unum
3584 1542 3681 1580 eu—

2102 1614 2281 1667 remus
2303 1624 2406 1677 ,e-ut
2438 1615 2524 1668 hic
2554 1615 2716 1669 nobis
2740 1631 2860 1670 non
2896 1616 3158 1671 efﬁciatur
3178 1617 3429 1671 inimicus
3449 1658 3464 1685 ,
3494 1627 3682 1673 ut-uen

2094 1713 2374 1759 avertatur
2401 1720 2430 1759 a
2460 1706 2633 1760 nobis.

2173 1798 2226 1851 4.
2269 1797 2381 1852 Non
2415 1799 2652 1853 trilmlari
2674 1839 2689 1864 ,
2720 1799 2812 1854 sed
2850 1815 3069 1869 peccare
3099 1801 3295 1855 malum
3326 1798 3530 1857 est.~Et
3556 1801 3671 1855 lure

2103 1888 2282 1958 gravis
2309 1889 2583 1945 tribulatio
2604 1898 2706 1956 est,
2740 1892 2948 1947 etiamsi
2972 1892 3030 1945 in
3060 1891 3267 1945 deliciis
3290 1905 3511 1961 agamus
3535 1906 3549 1953 ;
3578 1908 3683 1944 non

2106 1977 2226 2033 dico
2252 1979 2304 2033 in
2336 1979 2512 2034 futuro
2532 2023 2548 2047 ,
2584 1980 2677 2035 sed
2699 1983 2857 2036 etiam
2886 1983 2937 2036 in
2970 1982 3239 2051 praesenti.
3279 1980 3561 2049 Quomodo
3588 1996 3685 2049 pn-

2101 2080 2188 2125 tas
2212 2070 2452 2126 morderi
2472 2072 2864 2126 conscientiam
2890 2073 3171 2126 nostram?
3204 2088 3311 2142 quo
3340 2080 3605 2125 tormento
3637 2072 3687 2124 id

2107 2162 2345 2218 deterius
2390 2181 2495 2218 non
2520 2163 2737 2219 fuerit?
2780 2164 2981 2220 Vellent
3012 2163 3689 2234 diligentcrvinterrogare

2111 2269 2242 2317 eos,
2275 2255 2366 2325 qui
2399 2259 2450 2308 in
2482 2256 2635 2310 malis
2668 2257 2870 2320 vivunt,
2903 2271 2969 2310 an
2997 2271 3245 2326 umquam
3291 2255 3687 2310 iumemoriam

2108 2358 2449 2419 peccatorum
2480 2365 2699 2404 suorum
2729 2349 2970 2413 veniant,
3002 2364 3179 2404 annon
3211 2358 3479 2412 tremant,
3511 2362 3688 2401 annon

2108 2441 2395 2497 formident
2422 2483 2437 2509 ,
2468 2456 2645 2495 annon
2680 2440 2936 2495 doleant?
2966 2455 3144 2495 annon
3180 2441 3365 2495 beatos
3397 2438 3693 2509 praedicent

2107 2546 2240 2596 eos,
2271 2533 2358 2602 qui
2389 2532 2441 2586 in
2468 2531 2705 2601 jejunio,
2741 2532 2792 2585 in
2826 2532 3095 2586 montibus
3116 2571 3130 2596 ,
3162 2531 3213 2585 in
3247 2529 3581 2599 philoSophia
3610 2530 3691 2583 vi-

2112 2634 2260 2680 vunt.
2286 2625 2377 2680 Vis
2399 2624 2763 2695 illicquietem
2786 2623 3025 2679 habere?
3053 2623 3150 2677 llic
3176 2622 3576 2677 tribulationem
3601 2636 3693 2689 pa-
3772 2626 3779 2631 “

2114 2725 2228 2773 tere
2266 2726 2485 2787 propter
2514 2714 2840 2780 Christum;
2882 2715 3021 2769 nihil
3065 2714 3189 2769 huic
3230 2714 3432 2784 requiei
3452 2729 3560 2781 «,par
3588 2720 3690 2765 est.

2114 2810 2430 2866 Gaudebant
2472 2808 2699 2879 apostoli
2747 2807 2874 2863 dum
2900 2806 3331 2877 .fIageIIarentur.
3367 2804 3577 2859 Paulus
3603 2805 3696 2857 sic

2117 2907 2371 2963 admonet
2397 2947 2413 2973 ,
2463 2903 2688 2959 Gaudete
2727 2902 2780 2956 in
2828 2901 3047 2955 Domino
3075 2896 3351 2969 (Philipp.
3397 2898 3450 2951 4.
3481 2896 3573 2963 Δ).
3622 2896 3697 2949 Ει

2117 2997 2599 3069 quomodeupotcst
2615 2995 2735 3064 quis
2761 2992 2993 3063 gaudere
3016 3031 3031 3056 ,
3062 2989 3271 3059 inquies
3295 3029 3310 3055 ,
3345 2986 3432 3041 ubi
3461 2984 3691 3048 vincula,

2121 3099 2386 3147 tormenta
2408 3130 2424 3155 ,
2458 3086 2778 3142 tribunalia?
2826 3084 2947 3139 Istic
2972 3081 3204 3137 maxime
3234 3078 3466 3150 gauderi
3502 3084 3697 3147 potest.

2119 3181 2399 3252 Quomodo
2424 3187 2600 3234 autem
2622 3177 2787 3246 possit
2815 3172 3033 3244 gauderi
3053 3212 3069 3238 ,
3097 3170 3184 3225 ubi
3209 3170 3494 3231 lucc-sunt,
3527 3167 3698 3220 disce.

2123 3273 2223 3341 Qui
2263 3270 2458 3326 nullius
2492 3269 2594 3323 sibi
2636 3266 2883 3322 conscius
2911 3272 3024 3329 est,
3077 3260 3362 3331 plurimum
3391 3257 3697 3321 laetabitur;

2123 3364 2195 3418 ita
2224 3372 2280 3415 ut
2302 3403 2318 3429 ,
2364 3375 2472 3430 quo
2502 3358 2759 3427 majorem
2789 3352 2989 3410 dixeris
3018 3350 3414 3406 tribulationem
3440 3388 3456 3413 ,
3484 3362 3551 3402 eo
3582 3362 3697 3401 ma-

2119 3454 2291 3524 jorem
2334 3451 2481 3506 dicas
2511 3450 2860 3517 voluptatem.
2912 3445 3005 3499 Dic
3034 3443 3175 3498 enim
3214 3440 3340 3495 mihi
3366 3479 3382 3505 ,
3424 3438 3581 3493 miles
3608 3436 3702 3507 qui

2125 3546 2272 3602 mille
2298 3544 2516 3598 vulnera
2547 3538 2787 3608 accepit,
2820 3550 2998 3591 nonne
3028 3532 3221 3588 redibit
3246 3546 3367 3585 cum
3393 3543 3584 3598 magna
3615 3542 3705 3580 v0-

2125 3638 2361 3707 Iuptate,
2404 3635 2517 3703 ipsa
2547 3628 2849 3686 vulnera=in
2895 3633 3264 3695 argumentum
3308 3622 3508 3675 habens
3536 3618 3703 3674 auda-

2126 3730 2225 3785 ciae
2248 3768 2263 3793 ,
2296 3722 2597 3795 splendoris
2622 3731 2675 3776 et
2702 3717 3000 3774 claritatis?
3041 3716 3107 3769 Et
3145 3723 3202 3768 tu
3232 3714 3276 3767 si
3292 3726 3496 3783 iposses
3522 3725 3703 3765 erunt-

2128 3834 2258 3890 pere
2286 3818 2339 3873 in
2384 3816 2532 3870 illam
2569 3827 2773 3876 vocem,
2822 3824 2980 3879 quam
3023 3806 3239 3876 protulit
3284 3804 3500 3861 Paulus.
3555 3800 3708 3870 Stig-

2130 3920 2267 3964 mata
2293 3908 2419 3963 Jesu
2449 3917 2592 3978 porto
2624 3904 2644 3976 (
2675 3902 2794 3957 Gal.
2828 3902 2881 3955 6.
2907 3901 2971 3954 i7
2998 3898 3040 3969 ).
3075 3910 3260 3968 posses
3286 3901 3432 3950 certe
3463 3906 3704 3962 magnus,

2132 4003 2311 4059 clarus
2336 4010 2389 4055 ct
2418 3998 2639 4053 illustris
2662 4010 2803 4051 esse.
2832 3991 2939 4047 Sed
2968 4005 3071 4045 non
3102 3996 3185 4043 est
3211 3985 3552 4057 persequutio
3571 3984 3595 4037 ?
3615 3982 3711 4037 Sta

2134 4103 2318 4151 contra
2351 4090 2595 4162 gloriam;
2621 4096 2676 4143 et
2696 4087 2738 4141 si
2761 4085 2881 4155 quis
2906 4081 3233 4138 contrarium
3261 4077 3533 4147 quidpiam
3561 4074 3713 4128 ὧτε-ο

2135 4186 2240 4252 rit,
2289 4198 2356 4239 ne
2387 4178 2626 4235 timueris
2654 4177 2791 4231 male
2820 4173 3005 4228 audire
3037 4181 3253 4241 propter
3277 4168 3550 4223 Christum
3585 4181 3599 4218 :
3632 4174 3714 4219 sta

2136 4284 2321 4332 contra
2352 4273 2523 4327 fastus
2552 4266 2885 4340 tyrannidem
2908 4305 2924 4329 ,
2973 4272 3057 4317 sta
3095 4270 3280 4316 contra
3312 4260 3405 4313 ira:
3444 4271 3672 4327 pugnam
3693 4294 3711 4319 ,

2139 4379 2219 4425 sta
2261 4375 2446 4423 contra
2472 4359 2919 4430 concupiscentia:
2955 4362 3304 4411 tormentum.
3338 4350 3422 4405 "Et
3471 4350 3586 4403 hare
3615 4348 3716 4403 sti-

2138 4471 2338 4533 gmata,
2368 4458 2485 4513 base
2510 4464 2771 4512 tormenta
2798 4458 2942 4508 sunt.
2969 4447 3064 4503 Dic
3085 4447 3229 4500 enim
3258 4442 3413 4507 mihi,
3444 4438 3569 4510 quid
3594 4453 3721 4509 gra-

2142 4531 2340 4608 vius'in
2372 4548 2653 4606 tormentis
2676 4552 2762 4601 est
2783 4544 2842 4598 ιι
2870 4555 3045 4596 annon
3074 4536 3215 4608 quod
3254 4535 3431 4589 anima
3461 4531 3643 4587 doleat
3666 4537 3722 4584 et

2143 4644 2369 4700 uratur?
2397 4643 2516 4697 Illic
2536 4640 2678 4696 enim
2699 4650 2894 4705 corpus
2918 4630 3202 4692 dividitur;
3232 4626 3320 4681 hic
3345 4633 3523 4678 autem
3553 4630 3722 4676 totum

2146 4740 2286 4794 illius
2327 4746 2429 4792 est.
2469 4734 2625 4790 Circa
2655 4732 2801 4786 illam
2843 4727 3001 4782 dolor
3045 4732 3129 4778 est
3170 4718 3383 4790 quando
3431 4713 3721 4778 irascitur,

2147 4825 2585 4900 quandoinvidet
2607 4864 2624 4888 ,
2668 4818 2883 4890 quando
2908 4814 3032 4885 quid
3056 4813 3237 4867 simile
3264 4809 3390 4864 facit
3414 4824 3429 4871 ;
3457 4807 3569 4861 imo
3598 4819 3725 4858 vero

2146 4893 2603 4991 quandopatitur.
2650 4911 2763 4966 Hoc
2788 4907 2931 4962 enim
2950 4920 3068 4959 non
3096 4913 3181 4958 est
3212 4903 3422 4964 facere,
3452 4895 3547 4950 sed
3580 4893 3724 4963 pati,

2149 4990 2341 5078 nempe
2384 5005 2540 5062 irasci
2587 5011 2642 5058 ct
2687 4999 2922 5056 invidere
2968 4995 3259 5062 :oideoque
3310 4990 3425 5043 haec
3470 4991 3730 5040 vocantur

2150 5101 2342 5155 animm
2367 5094 2557 5157 morbi,
2591 5092 2807 5145 vulnera
2829 5128 2845 5155 ,
2875 5088 3065 5158 plagae.
3089 5084 3228 5138 Vere
3255 5092 3486 5148 namque
3510 5072 3730 5130 morbus

2153 5201 2237 5249 est
2261 5200 2317 5247 et
2345 5187 2534 5244 morbo
2559 5184 2794 5256 gravius.

2224 5283 2317 5338 Ira
2352 5254 2601 5347 quomodo
2629 5271 2873 5329 sedanda.
2905 5266 3256 5335 —Cogitatc,
3287 5258 3562 5324 iracundi,
3590 5254 3734 5326 quod

2156 5391 2278 5431 cum
2309 5371 2497 5427 morbo
2523 5368 2575 5423 id
2604 5365 2826 5420 faciatis.
2874 5361 3017 5431 Ergo
3043 5358 3133 5428 qui
3174 5370 3279 5409 non
3313 5352 3563 5408 irascitur
3583 5388 3600 5413 ,
3632 5362 3737 5401 nec

2158 5467 2378 5538 patitur.
2412 5460 2597 5517 Viden‘
2627 5472 2748 5512 eum
2772 5496 2787 5521 ,
2837 5453 2923 5509 cui
2962 5446 3286 5505 contumelia
3319 5443 3576 5505 infertur,
3630 5452 3735 5491 non

2163 5525 2271 5628 pati
2293 5595 2309 5614 .
2339 5551 2435 5608 sed
2460 5565 2586 5606 eum
2615 5547 2703 5617 qui
2734 5540 3111 5599 contumeliam
3146 5535 3342 5601 infert,
3388 5541 3448 5587 ut
3486 5531 3598 5601 jam
3627 5525 3737 5581 dixi

704 5676 1182 5807 iiiijitiislllllrcuiion
1212 5737 1281 5786 est
1314 5676 1380 5780 aii
1406 5731 1626 5777 mortem
1652 5676 1829 5791 (Ionii.
1856 5676 1886 5768 Vl
1900 5713 1923 5766 I
1937 5749 1950 5763 .
1980 5712 2055 5781 4).
2233 5712 2249 5745 ¹
2283 5708 2342 5760 In
2368 5719 2466 5759 uno
2488 5706 2604 5759 Cod.
2629 5701 2831 5765 tegitur,
2852 5692 2969 5761 quid
2991 5691 3123 5746 fasce
3143 5686 3394 5747 tormentis
3412 5684 3608 5753 gratius
3625 5684 3696 5732 est
3716 5676 3746 5734 1
