4084 6174
424 347 528 406 τας

422 465 645 519 ποιεῖτε.
678 459 885 517 Οὑκοῦν
907 459 938 512 ό
973 459 1050 531 μὴ
1072 459 1427 532 ὀργιζόμενος
1460 461 1522 514 οὑ
1554 459 1776 530 πάσχει.
1810 455 1998 528 Ὁρᾷς.

422 548 505 602 δτι
527 547 556 600 ὁ
586 543 937 616 ὑϐριζόμενος
975 541 1036 596 οὑ
1086 543 1307 614 πάσχει,
1337 542 1455 598 ἀλλ’
1503 544 1532 596 ό
1566 541 1824 613 ὑϐρίζων,
1862 541 1998 610 ὅπερ

422 629 561 702 ἔφην
591 628 686 681 καὶ
713 627 847 697 ἧδη;
883 626 1010 679 Ὅτι
1035 625 1147 698 7&9
1170 625 1396 695 πάσχει,
1426 624 1584 696 δῆλον
1623 625 1721 695 μὲν
1768 624 1862 676 κει)⁸
1886 620 1994 674 άπὸ

421 711 516 772 τοῦ
553 709 722 771 πάθος
769 707 1054 761 καλεῖσθαι
1103 707 1168 762 τὸ
1212 706 1477 771 τοιοῦτον,
1507 706 1667 772 δῆλον
1715 705 1771 758 δὲ
1805 705 1900 760 καὶ
1931 705 1996 756 ἐκ

420 793 516 846 τοῦ
564 793 834 862 σώματος·
891 788 1065 844 ταῦτα
1121 789 1232 861 7&9
1275 790 1385 842 άπδ
1429 789 1599 859 ὀργῆς
1646 786 1889 839 τίκτεται
1928 785 1995 838 τά

419 875 596 946 πάθη,
647 872 997 944 άμϐλυωπία,
1044 872 1419 942 παραπληξω,
1465 873 1563 924 καὶ
1613 869 1784 940 μυρία
1811 867 1992 937 ἕτερα.

434 956 595 1010 Ἀλλά
616 956 710 1008 τὸν
769 955 932 1008 παῖδα
979 953 1190 1024 ὕϐρισε,
1225 955 1410 1024 φησὶν,
1455 951 1593 1006 ἀλλὰ
1636 951 1728 1003 τδν
1757 949 1994 1014 οίκέτην.

421 1037 516 1108 Μὴ
536 1037 764 1108 νομίσῃς
795 1033 942 1090 εἶναι
984 1035 1269 1090 ἀσθένειαν
1292 1035 1352 1088 τδ
1376 1036 1450 1106 μὴ
1483 1035 1579 1090 καὶ
1628 1032 1791 1096 αὑτὸς
1840 1031 1998 1084 τοῦτο

423 1122 672 1191 ποιῆσαι.
703 1121 838 1173 Εἰπὲ
863 1121 973 1190 γάρ
1023 1137 1134 1190 μοι,
1181 1117 1360 1183 καλῶς
1409 1118 1672 1187 γέγονενς
1701 1117 1814 1170 Οὑκ
1844 1110 2005 1185 οἶμαι

424 1205 623 1256 εἰπεῖν·
657 1201 856 1256 οὐκοῦν
900 1203 976 1273 μὴ
1006 1204 1238 1274 ποιήσῃς
1271 1201 1332 1256 τὸ
1365 1201 1439 1272 μὴ
1485 1200 1664 1263 καλῶς
1691 1198 1995 1267 γινόμενον.

425 1283 558 1342 Οἶδα
579 1280 687 1340 οἷαι
708 1287 768 1338 ἐν
783 1288 900 1350 τοῖς
918 1284 1181 1349 τοιούτοις
1205 1285 1260 1337 αἱ
1280 1284 1440 1354 ὀργαὶ
1469 1283 1766 1336 τίκτονταιμ.
1797 1281 1862 1333 Τί
1881 1275 1996 1345 οὖν,
2043 1321 2046 1323 .

426 1370 496 1426 ἂν
527 1370 865 1440 καταφρονῇ,
891 1370 1077 1438 φησὶν,
1108 1369 1177 1422 ἂν
1195 1368 1358 1422 πάλιν
1385 1367 1544 1440 εἴπῃς
1581 1364 1859 1432 Ἐλεγξον,
1879 1365 1999 1416 ἐπιο

426 1452 678 1522 τίμησον,
711 1450 1110 1520 παρακάλεσον·
1141 1449 1407 1522 πραότητι
1431 1447 1569 1520 ὀργὴ
1593 1447 1798 1500 λύεται·
1827 1461 1996 1516 προσο

428 1535 598 1590 ελθὼν
629 1534 942 1604 ἐγκάλεσον.
976 1532 1145 1605 Ὑπὲρ
1180 1533 1277 1602 μὲν
1302 1533 1413 1602 γὰρ
1439 1531 1546 1584 τῶν
1579 1533 1658 1593 είς
1705 1530 1851 1600 ἡμᾶς
1879 1526 2000 1580 οὑδὲ

428 1615 588 1670 τοῦτο
634 1619 811 1670 ποιεῖν
841 1615 968 1686 χρὴ,
1013 1615 1154 1686 ὑπὲρ
1183 1614 1237 1667 δὲ
1284 1614 1392 1667 τῶν
1419 1612 1614 1677 ἄλλων,
1649 1611 1744 1665 καὶ
1787 1609 2001 1679 ἀνάγκη

427 1699 588 1754 τοῦτο
615 1700 680 1772 δὴ
711 1701 903 1753 ποιεῖν.
931 1698 1023 1768 Μὴ
1052 1699 1187 1752 ἰδίαν
1214 1696 1373 1767 ὕϐριν
1395 1695 1621 1766 νομίσῃς
1643 1693 1706 1747 τὺ
1727 1693 1818 1748 τὸν
1839 1691 2002 1745 παῖδα

429 1783 773 1854 ὑϐρισθῆναυ
802 1782 906 1836 κᾶν
941 1781 1113 1853 ἀλγῇς
1162 1780 1300 1849 ὑπὲρ
1337 1776 1567 1841 ἐκείνου,
1608 1776 1686 1848 μὴ
1737 1775 1812 1838 ώς
1841 1773 2002 1836 αὑτὸς

432 1865 731 1937 ὑϐρισθείςο
754 1865 815 1918 οὑ
844 1864 953 1935 7&9
977 1864 1163 1935 ἐπειδὴ
1181 1864 1210 1916 ό
1235 1865 1361 1925 παῖς
1391 1860 1578 1924 κακῶς
1600 1857 1822 1924 ἐπαθεν,
1845 1857 1997 1928 ὑϐρίο

431 1949 567 2019 σθης
597 1949 684 2014 σὺ,
708 1948 820 2001 ἀλλ’
849 1950 877 2002 ὁ
905 1947 1138 2018 ποιήσας
1161 1944 1368 2008 κακῶς.
1391 1944 1590 1998 Σϐέσον
1611 1941 1708 2013 τὴν
1731 1942 2006 2013 μάχαιραν

429 2031 530 2102 τὴν
562 2031 761 2096 ὀξεῖαν,
802 2031 860 2083 ἐν
884 2033 949 2102 τῇ
1003 2029 1146 2103 θήκῃ
1173 2028 1397 2083 κείσθω.
1431 2029 1530 2081 “Av
1573 2026 1784 2096 ἔχωμεν
1835 2023 2006 2093 αὑτὴν

430 2115 668 2184 γυμνὴν,
698 2112 958 2176 πολλάκις
986 2114 1080 2166 καὶ
1104 2114 1204 2165 οὑκ
1239 2111 1390 2175 ὄντος
1421 2107 1616 2180 καιροῦ
1665 2104 2001 2179 χρησόμεθα,

430 2196 785 2267 ἐφελκόμενοι
839 2198 932 2250 ὑπ’
979 2196 1167 2266 αὑτῆςο
1200 2195 1267 2248 ἂν
1315 2193 1373 2248 δέ
1495 2189 1873 2262 κεκρυμμένη,
1903 2189 2004 2244 κᾶν

431 2279 592 2352 χρεία
621 2280 865 2348 γένηται,
897 2277 1251 2349 σϐεσθήσεται
1290 2279 1326 2345 ἡ
1359 2276 1522 2347 ὀργή.
1560 2274 1730 2344 ’Υπὲρ
1756 2271 1924 2326 αὑτοῦ
1942 2272 2004 2325 οὑ

435 2362 682 2432 βούλεται
707 2363 853 2431 ἡμᾶς
875 2359 1188 2430 ὀργίζεσθαι
1210 2361 1238 2412 ό
1269 2357 1502 2429 Χριστὸς
1528 2358 1781 2429 (ἄκουσον
1812 2354 1920 2426 7&9
1952 2354 2006 2407 τί

434 2459 568 2512 φησι
606 2442 742 2511 πρὸς
768 2442 858 2494 τὸν
883 2441 1110 2511 Πέτρονο
1144 2441 1550 2508 Ἀπόστρεψον
1567 2438 1683 2506 τὴν
1701 2435 2006 2506 μάχαιράν

432 2524 718 2598 [ιὲῦμγου
738 2525 824 2588 είς
835 2522 950 2591 τὴν
964 2522 1200 2594 θήκην)·
1222 2523 1316 2576 καὶ
1332 2523 1396 2576 σὺ
1421 2523 1560 2593 ὑπὲρ
1582 2520 1766 2584 παιδος
1783 2519 1999 2592 ὀργίξῃς

432 2607 653 2671 Δίδαξον
681 2607 774 2660 καὶ
797 2606 885 2658 τὸν
917 2605 1079 2658 παῖδα
1131 2605 1456 2674 φιλοσοφεῖν⁸
1483 2603 1604 2658 είπέ
1629 2603 1778 2673 αὑτῷ
1805 2602 1874 2655 τὰ
1908 2601 2004 2655 τοῦ

433 2688 700 2742 Δεσπότου
736 2686 1054 2758 παθήματα·
1095 2687 1329 2757 μίμησαι
1390 2703 1486 2740 σου
1516 2686 1606 2739 τὸν
1655 2683 2002 2740 Διδάσκαλον.

434 2772 562 2824 Ὅτε
601 2771 826 2842 ἔμελλον
849 2772 944 2824 καὶ
965 2771 1118 2826 αὑτοὶ
1163 2769 1541 2839 ἀτιμάζεσθαι,
1573 2769 1673 2823 οὑκ
1725 2762 1898 2831 εἶπεν,
1924 2767 2006 2820 ὅτι

445 2854 765 2926 Ἕκδικήσω’
795 2854 932 2908 ἀλλά
959 2853 1048 2921 τί;
1087 2852 1226 2924 Ἐμὲ
1243 2853 1518 2919 ἐδίωξαν,
1550 2853 1649 2908 καί
1696 2851 1851 2922 ὑμᾶς
1878 2851 2008 2904 διώ-

434 2937 670 3004 ξουσιν.
703 2937 912 2990 Οὑκοῖιν
946 2936 1142 3006 φέρετε
1162 2930 1448 3003 γενναίως“⁶
1483 2935 1543 2988 οὑ
1583 2935 1691 3005 7&9
1713 2933 1847 3004 ἐμοῦ
1884 2933 2006 3003 βελ-

431 3019 579 3083 τίους
602 3019 778 3088 ὑμεῖς.
804 3017 990 3071 Ταῦτα
1012 3018 1186 3071 καὶσὺ
1217 3017 1352 3088 πρὸς
1369 3017 1461 3070 τὸν
1481 3017 1596 3070 υἱὸν
1617 3017 1710 3069 καὶ
1731 3017 1822 3070 τὸν
1846 3015 2008 3068 παῖδα

435 3103 576 3156 εἰπέ·
609 3105 723 3155 υὺκ
747 3099 799 3154 εἷ
815 3101 908 3154 τοῦ
931 3101 1201 3153 Δεσπότου
1238 3118 1329 3154 σου
1354 3098 1596 3170 βελτίων.
1642 3098 1806 3151 ’Δλλὰ
1831 3098 2008 3168 χήρας

435 3181 747 3260 εἶναιδοκεῖ
773 3183 845 3238 τά
899 3184 1120 3255 ῥήματα
1175 3181 1275 3252 τῆς
1309 3181 1649 3252 φιλοσοφίας.
1706 3178 1886 3250 Οίμοι,
1925 3179 2006 3231 ότι

436 3270 582 3339 λόγῳ
614 3267 962 3339 παραστῆσαι
992 3266 1091 3320 οὑκ
1114 3263 1214 3330 ἔνι,
1251 3264 1328 3329 ὡς
1361 3263 1468 3318 ὑπὸ
1491 3264 1592 3334 τῆς
1618 3261 1809 3333 πείρας
1840 3260 2008 3328 αὐτῆς

436 3351 747 3422 διδαχθῆναι
769 3352 964 3403 ἔνεστι.
988 3349 1098 3402 Καὶ
1118 3347 1208 3402 ῖνα
1236 3346 1436 3418 μάθῃς,
1459 3347 1517 3400 ἐν
1547 3344 1695 3416 μέσῳ
1719 3344 1810 3397 δύο
1839 3342 2010 3406 ἑστὼς

435 3433 872 3506 διαμαχομένων,
913 3431 1074 3502 γενοῦ
1099 3431 1200 3502 τῆς
1232 3429 1447 3502 μερίδος
1486 3428 1596 3482 τῶν
1617 3427 2006 3501 ἀδικουμένων,

440 3519 533 3572 καὶ
557 3517 630 3588 μὴ
655 3517 762 3571 τῶν
789 3517 1136 3582 ἀδικούντων,
1170 3514 1237 3569 ἂν
1265 3513 1341 3585 μὴ
1378 3511 1529 3585 παρὰ
1550 3511 1730 3581 σαυτῷ
1762 3509 1829 3563 τά
1853 3525 2008 3578 νικηο

437 3601 602 3671 τήρια
621 3601 756 3671 ίδῃς,
788 3599 857 3654 ἂν
881 3598 956 3670 μὴ
986 3598 1272 3669 λαμπροὺς
1292 3595 1464 3668 λάϐῃς
1495 3595 1810 3663 στεφάνους.
1845 3594 2007 3664 Ὀρα,

439 3683 559 3746 πῶς
593 3681 876 3752 ὑϐρίζεται
903 3684 932 3734 ὁ
956 3681 1110 3746 Θεὸς,
1147 3679 1242 3734 καὶ
1270 3677 1387 3742 πῶς
1439 3677 1793 3747 ἀποκρίνεται
1823 3677 2010 3748 πράως

439 3767 534 3822 καὶ
565 3765 806 3836 ἡμέρως.
855 3764 981 3819 Ποῦ
1029 3763 1184 3827 ἐστι,
1223 3763 1410 3834 φησὶν,
1463 3763 1644 3816 Ἀϐελ
1688 3765 1722 3816 ὀ
1748 3761 2009 3828 ἀδελφός

440 3863 558 3902 σου
580 3861 599 3909 ;
631 3846 740 3900 Kal
765 3847 818 3899 τί
846 3848 1083 3912 ἐκεῖνος;
1110 3845 1207 3913 Μὴ
1228 3845 1430 3915 φύλαξ
1450 3843 1563 3915 ἐγώ
1581 3846 1697 3913 ειμι
1713 3843 1817 3896 τοῦ
1833 3844 2010 3898 daal-

440 3929 561 3999 φοῦ
578 3946 697 3998 μου
716 3944 734 3993 ;
767 3928 832 3982 Τί
862 3917 1256 3999 αὐθαδέστερον
1275 3927 1494 3992 τούτους
1527 3925 1628 3979 κᾶν
1647 3925 1794 3996 παρά
1809 3941 1872 3992 γε
1893 3923 2011 3978 υίοῦ

441 4013 674 4082 ἦκουσεν
693 4011 756 4064 άν
783 4027 897 4075 τις;
931 4010 978 4063 εί
1004 4009 1111 4081 7&9
1143 4010 1294 4080 παρά
1337 4006 1591 4078 ἀδελφοῦ,
1626 4009 1726 4078 οὐχ
1763 4007 1918 4078 ὕϐριν
1946 4007 2014 4060 ἂν

441 4094 684 4164 ἡγήσατο
733 4093 794 4146 τὸ
829 4093 1099 4164 πρᾶγμας
1165 4091 1307 4145 Ἀλλ’
1336 4093 1365 4145 ό
1393 4091 1525 4156 Θεὸς
1577 4089 1742 4144 πάλιν
1793 4089 2014 4160 ἡμέρως

443 4179 819 4246 ἀποκρίνεται⁹
870 4175 1044 4243 Φωνὴ
1097 4174 1346 4243 αἵματος
1389 4173 1496 4228 τοῦ
1544 4170 1810 4240 ἀδελφοῦ
1861 4185 2012 4235 σου,

441 4260 596 4330 φησὶ,
621 4259 743 4327 ,ϐοᾷ
779 4260 924 4326 πρός
945 4274 1042 4328 με.
1084 4257 1222 4310 Ἀλλ’
1241 4260 1271 4311 ό
1296 4255 1427 4320 Θεὸς
1454 4254 1724 4326 άνώτερός
1749 4255 1898 4308 ἐστιν
1919 4253 2014 4325 όρ-

440 4343 568 4412 γῆς,
595 4344 778 4414 φησίν.
819 4341 982 4396 Ἀλλά
1014 4341 1104 4396 διὰ
1130 4340 1288 4395 τοῦτο
1345 4338 1616 4410 κατῆλθεν
1647 4339 1676 4391 ό
1733 4337 1828 4392 τοῦ
1877 4336 2013 4391 Θεοῦ

443 4425 592 4490 Υίὸς,
623 4427 710 4480 ἵνα
736 4426 794 4479 σὲ
815 4425 937 4478 θεὸν
967 4427 1169 4496 ποιήσῃ
1197 4422 1340 4477 κατὰ
1361 4422 1588 4492 δύναμιν
1609 4419 1708 4491 τὴν
1737 4419 2014 4490 ἀνθρωπί-

440 4524 562 4577 νην.
595 4507 732 4562 Ἀλλ’
765 4507 826 4560 οὑ
860 4506 1112 4576 δύναμαι,
1162 4506 1349 4576 φησὶν,
1379 4504 1663 4575 ἄνθρωπος
1690 4500 1782 4555 ὢν.
1807 4499 2016 4555 Οὐκοῦν

442 4590 576 4664 φέρε
597 4589 915 4658 ἀνθρώπους
950 4606 1032 4643 σοι
1056 4590 1484 4658 παραγάγωμεν.
1511 4586 1621 4638 Καὶ
1657 4587 1730 4655 μή
1767 4602 1834 4653 με
1859 4585 2011 4654 νομίο

475 4687 543 4744 ῃς
583 4671 791 4724 Παῦλον
819 4672 961 4740 ἐρεῖν
985 4670 1120 4739 μηδὲ
1143 4671 1367 4740 Πέτρον,
1395 4667 1532 4721 άλλά
1552 4683 1705 4729 τινας
1729 4666 1836 4718 τῶν
1858 4667 2011 4720 ἐλατ-

439 4755 612 4808 τόνων
634 4753 727 4806 καὶ
759 4752 961 4822 σφόδρα
984 4752 1297 4822 κατωτέρω.
1323 4751 1396 4806 Τὸ
1421 4750 1708 4820 παιδάριον
1741 4749 1888 4802 Ἠλεὶ
1912 4749 2012 4817 τὴν

445 4837 644 4889 ’Ἄνναν
673 4833 862 4904 ὕϐρισε
913 4833 1091 4903 λέγον·
1127 4833 1412 4903 Περιελοῦ
1459 4831 1566 4886 τὸν
1587 4827 1758 4884 οἶνόν
1783 4843 1920 4886 σου.
1949 4830 2020 4882 Τί

440 4917 634 4973 τούτου
689 4917 1186 4989 ὑϐριστικώτερονς
1240 4917 1306 4970 Τί
1337 4912 1432 4970 οὖν
1465 4914 1680 4985 ἐκείνης
1723 4911 1892 4980 Γυνὴ
1945 4913 2016 4967 ἐν

441 4999 683 5070 σκληρᾷ
708 5001 898 5071 ἡμέρᾳ
922 4999 1036 5071 ἐγώ
1071 5003 1206 5070 ειμι.
1237 4999 1402 5054 Οὑδέν
1429 4999 1598 5062 ὅντως
1628 4995 1857 5066 θλίψεως
1878 4996 2011 5050 ίσονο

442 5085 759 5157 φιλοσοφίας
814 5086 997 5156 μήτηρ
1027 5084 1197 5138 ἐστίν.
1235 5082 1304 5136 Ἦ
1363 5081 1502 5152 αὑτὴ
1531 5080 1588 5135 δὲ
1620 5079 1761 5146 αὕτη
1791 5079 1885 5134 καὶ
1916 5079 2015 5150 τὴν

441 5167 727 5237 άντίζηλον
784 5167 955 5236 αὑτῆς
987 5167 1206 5237 ἔχουσα,
1259 5165 1357 5235 οὑχ
1383 5163 1606 5236 ὕϐρισεν
1657 5163 1848 5232 αὑτήν·
1879 5161 2015 5216 ἀλλὰ

441 5251 496 5305 τί
515 5267 530 5316 ς
561 5251 706 5321 Πρὸς
739 5249 832 5304 τὸν
885 5249 1017 5304 Θεὸν
1075 5248 1432 5318 καταφεύγει,
1465 5247 1563 5314 καῖ
1591 5245 1858 5315 εὐχομένη
1894 5243 2015 5298 οὑδὲ

447 5334 715 5407 μέμνηται
741 5333 932 5403 αὑτῆς,
974 5333 1096 5387 οὑδὲ
1125 5331 1295 5401 λέγει,
1340 5330 1555 5400 Ἐπειδὴ
1593 5327 1841 5407 ὀνειδίζει
1874 5342 1942 5395 με
1977 5326 2010 5396 η

442 5406 619 5482 δεῖνα,
638 5417 916 5488 ἐπάμυνόν
945 5432 1058 5486 μοι·
1091 5414 1235 5469 οὕτω
1258 5412 1546 5484 φιλόσοφος
1574 5406 1640 5478 ἦν
1670 5411 1702 5481 ἡ
1738 5408 1874 5477 γυνὴ
1900 5408 2012 5472 (αί-

445 5500 760 5572 σχυνθῶμεν
788 5501 836 5554 οἱ
863 5498 1098 5570 άνδρες)·
1149 5497 1324 5552 καίτοι
1361 5495 1473 5549 rm
1500 5537 1516 5561 ,
1576 5494 1657 5548 ὅτι
1705 5492 1866 5564 ζήλου
1901 5490 2013 5544 ἴσον

444 5582 614 5636 οὐδέν.

516 5747 577 5794 ε’.
620 5742 680 5795 '0
715 5743 951 5812 τελώνης
973 5742 1249 5816 ὑϐρισθεὶς
1276 5743 1425 5814 παρά
1453 5741 1545 5796 τοῦ
1569 5737 1884 5811 Φαρισαίου.
1915 5735 2016 5789 οὑκ

447 5823 768 5895 ἀνθύϐρισε,
799 5826 974 5879 καίτοι
1026 5842 1113 5892 γε,
1161 5826 1210 5878 εί
1259 5825 1531 5888 ἐϐούλετο,
1573 5822 1838 5891 ἠδύνατοο
1879 5819 2015 5873 ἀλλά

450 5907 752 5980 φιλοσόφως
798 5909 994 5978 ηνεγκε
1027 5907 1219 5975 λέγων·
1261 5903 1555 5972 ἰλὰσθητί
1586 5921 1685 5974 μοι
1719 5901 1796 5968 τῷ
1823 5901 2012 5973 ἀμαρ-

1055 347 1116 400 S.
1153 343 1440 402 JOANNIS
1476 343 1666 401 CIIRY
1675 341 1974 401 εοετοδιι

2109 341 2340 402 ειπερ.
2378 342 2922 417 CONSTANTINOP,

3567 344 3674 404 ιεε

2095 455 2286 524 aug?»
2321 458 2381 512 ’θ
2420 459 2754 529 Μεμφιϐάαλ
2787 460 2894 518 ὑπὸ
2927 460 3020 516 τοῦ
3057 457 3246 514 δούλου
3279 457 3676 530 κατηγορηθεὶς

2097 539 2192 593 καὶ
2221 541 2650 612 συκοφαντηθείς
2667 581 2688 606 ι
2713 543 2866 598 οὐδὲν
2903 541 3026 597 οὕτε
3063 537 3216 596 εἶπεν
3233 581 3249 605 ,
3288 540 3414 598 οὔτε
3443 538 3674 611 ἔπραξεν

2101 619 2185 684 εἰς’
2210 622 2371 676 αὑτόν
2392 640 2447 677 τι
2477 624 2710 696 πονηρὸν
2729 638 2780 690 ι,
2806 625 2928 679 οὑδέ
2958 625 3052 681 ἐπὶ
3073 624 3168 679 τοῦ
3199 623 3462 694 βασιλέως
3485 622 3670 676 αὑτοῦ.

2100 703 2288 758 Βούλει
2343 705 2439 758 καὶ
2488 707 2693 777 πόρνης
2730 707 2961 766 ἀκοῦσαι
3018 706 3372 776 φιλοσοφίαν;
3408 705 3674 758 Ἄκουσον

2097 785 2192 839 τοῦ
2226 788 2462 857 Χριστοῦ
2500 788 2750 857 λέγοντος
2768 830 2784 854 ,
2823 789 2987 859 ἡνίκα
3014 792 3134 854 ταῖς
3159 788 3332 860 θριξὶν
3354 787 3522 858 αὑτῆς
3549 788 3676 853 τοὺς

2100 867 2265 931 πόδας
2289 870 2576 940 άπέμασσε
2597 888 2611 902 ο
2663 868 2914 926 Τελῶναι
2939 871 3037 924 καὶ
3065 871 3279 939 πόρναι
3304 870 3675 939 προάγουσιν

2097 949 2254 1018 ὑμᾶς
2275 954 2363 1017 εἰς
2387 955 2501 1020 τὴν
2534 953 2877 1018 βασιλείαν.
2909 947 3063 1017 Εἶδες
3099 953 3268 1023 αὑτὴν
3297 953 3540 1005 ἑστῶσαν
3580 954 3673 1005 καὶ

2097 1031 2438 1102 δακρύουσαν
2463 1073 2479 1098 ,
2511 1035 2606 1088 καὶ
2631 1034 2699 1088 τὰ
2725 1036 2903 1090 οίκεῖα
2943 1035 3316 1106 ἁμαρτήματα
3341 1034 3673 1104 ἀπολουομέ-

2099 1130 2229 1183 νην;
2265 1115 2426 1185 Ὅρα,
2451 1117 2568 1179 πῶς
2595 1117 2690 1170 καὶ
2713 1117 2850 1190 πρὸς
2873 1117 2964 1172 τὸν
2982 1119 3272 1188 Φαρισαῖον
3297 1119 3396 1170 οὐκ
3426 1116 3669 1188 ὠργίσθη

2099 1195 2462 1268 ὀνειδιζομένη
2481 1213 2495 1229 ο
2528 1200 2576 1252 εί
2607 1199 2720 1270 ᾔδει
2743 1201 2871 1270 7&9,
2903 1201 3090 1271 φησὶν,
3120 1201 3203 1252 ὅτι
3233 1199 3550 1271 ἁμαρτωλός
3582 1200 3672 1250 ἐσ-

2101 1296 2183 1334 τιν
2208 1279 2345 1352 αὕτη
2386 1282 2420 1352 ἡ
2443 1282 2599 1353 γυνὴ,
2622 1283 2722 1336 οὑκ
2747 1283 2815 1337 ἂν
2843 1284 3024 1337 είασεν
3057 1283 3250 1352 αὑτήν.
3283 1283 3392 1336 Καὶ
3421 1282 3520 1334 οὑκ
3551 1277 3671 1335 εἷπε

2103 1362 2238 1433 πρὸς
2257 1363 2416 1416 αὑτόν
2435 1381 2450 1395 ο
2476 1365 2542 1416 Τί
2565 1365 2673 1435 γάρ
2691 1382 2706 1429 ;
2731 1365 2854 1418 είπέ
2877 1382 2966 1434 μοι
2981 1382 2997 1396 ·
3020 1366 3085 1420 σὺ
3109 1365 3345 1434 καθαρὸς
3365 1364 3474 1418 άπὸ
3492 1366 3673 1434 ἁμαρ-

2101 1443 2363 1514 τημάτων
2397 1441 2482 1510 ei;
2516 1445 2668 1518 [1261
2697 1446 2836 1500 άλλά
2881 1445 3043 1500 πλέον
3075 1445 3304 1516 ἔπασχε,
3344 1445 3504 1506 πλέον
3533 1446 3671 1500 ὠδύ-

2107 1543 2228 1597 ρετο
2261 1528 2355 1581 καὶ
2385 1527 2688 1598 θερμότερα
2710 1528 2778 1582 τά
2807 1527 3017 1599 δάκρυα
3042 1528 3213 1598 ἠφίει.
3249 1528 3388 1581 Εἰδέ
3418 1531 3673 1596 γυναῖκες

2103 1610 2196 1662 καὶ
2229 1609 2453 1664 τελῶναι
2487 1610 2581 1663 καὶ
2611 1610 2808 1682 πόρναι
2838 1611 3207 1680 φιλοσοφοῦσι,
3246 1612 3338 1664 καὶ
3369 1610 3542 1670 ταῦτα
3569 1611 3674 1683 προ

2103 1692 2202 1762 τῆς
2222 1692 2464 1763 χάριτος,
2493 1693 2640 1755 τίνος
2669 1693 2904 1764 ἐσόμεθα
2923 1695 3082 1764 ἡμεῖς
3098 1693 3126 1733 ιι
3157 1691 3298 1758 ἄξιοι
3320 1693 3672 1762 συγγνώμης,

2108 1775 2246 1843 μετὰ
2278 1773 2376 1844 τὴν
2426 1773 2695 1843 τοσαύτην
2749 1775 2910 1844 χάριν
2938 1775 3143 1845 θηρίων
3196 1775 3396 1848 μᾶλλον
3445 1775 3672 1829 ἐκπολεο

2112 1854 2386 1928 μούμενοι,
2406 1855 2690 1920 δάκνοντες
2716 1857 2810 1910 καὶ
2835 1857 3213 1924 λακτίζοντεςῖ
3597 1865 3600 1867 Δ

2176 2055 2342 2109 (Ιὺδέν
2367 2055 2715 2128 αίσχρότερον
2747 2055 2940 2128 θυμοῦ,
2969 2057 3122 2112 οὐδὲν
3153 2057 3493 2128 ἀτιμότερον,
3523 2057 3676 2110 οὐδὲν

2103 2137 2434 2209 δεινότερον,
2474 2138 2625 2191 οὐδὲν
2656 2138 3013 2210 ἀηδέστερον,
3047 2139 3196 2192 οὐδὲν
3245 2138 3672 2210 βλαϐερώτερον.
3790 2169 3795 2175 -

2106 2220 2288 2274 Ταῦτα
2311 2219 2476 2288 λέγω,
2506 2221 2604 2290 οὑχ
2643 2221 2731 2273 ἵνα
2764 2221 2897 2291 πρὸς
2933 2222 3132 2293 ἄνδρας
3162 2214 3310 2291 ὦμεν
3335 2223 3533 2292 ἣμεροι
3579 2222 3677 2291 μό-

2107 2319 2228 2368 νον,
2275 2302 2411 2356 ἀλλὰ
2443 2301 2546 2356 κάν
2575 2303 2714 2373 γυνη
2746 2303 2905 2365 λάλος
2941 2299 2997 2374 ᾖ,
3027 2305 3115 2358 ἴνα
3164 2305 3365 2377 φέρῃς·
3417 2304 3556 2356 ἐστιν)
3593 2320 3678 2357 σοι

2107 2385 2416 2455 παλαίστρα
2446 2385 2540 2436 καὶ
2577 2385 2873 2454 γυμνάσιον
2895 2386 2929 2454 ἠ
2959 2387 3118 2457 γυνή.
3146 2385 3266 2448 [Ιῶς
3289 2384 3398 2455 7&9
3428 2387 3530 2438 οὑκ
3554 2385 3675 2440 ἄτο·

2106 2484 2224 2530 πον,
2253 2468 2528 2537 γυμνάσια
2559 2469 2664 2536 μὲν
2690 2467 3040 2537 ἀναδέχεσθαι
3064 2467 3215 2521 οὐδὲν
3242 2468 3430 2539 κέρδος
3463 2468 3672 2538 ἔχοντα,

2105 2549 2232 2602 ἔνθα
2260 2549 2513 2619 θλίϐομεν
2540 2549 2600 2602 τὸ
2643 2549 2822 2620 σῶμω
2851 2550 3128 2620 γυμνάσια
3161 2550 3218 2603 δὲ
3271 2551 3344 2622 μὴ
3397 2554 3569 2602 ποιεῖν
3599 2549 3677 2602 οἴ-

2105 2633 2258 2697 καδε,
2313 2633 2407 2685 καὶ
2446 2631 2550 2704 πρὸ
2603 2633 2714 2686 τῶν
2763 2632 2991 2701 ἀγώνων
3040 2633 3301 2702 στέφανον
3347 2635 3478 2703 ἡμῖν
3533 2649 3673 2702 παρ-

2105 2713 2324 2784 ἔχοντας
2350 2714 2590 2786 ’Υϐρίζει
2608 2717 2644 2785 η
2661 2717 2796 2786 γυνή
2820 2733 2835 2781 ;
2867 2715 2958 2787 Μὴ
2980 2716 3112 2788 γένῃ
3137 2717 3199 2770 σὺ
3223 2717 3358 2786 γυνή
3379 2731 3392 2745 ·
3417 2717 3678 2784 γυναικῶ⁴

2103 2797 2192 2860 δες
2220 2801 2326 2870 γὰρ
2364 2798 2425 2851 τὸ
2471 2799 2743 2870 ὑϐρίζειν·
2791 2800 2946 2864 νόσος
2989 2802 3107 2853 ἐστὶ
3148 2801 3348 2872 ψυχῆς,
3390 2800 3677 2870 ἐλάττωμά

2107 2881 2240 2933 ἐστι.
2290 2880 2380 2950 Μὴ
2407 2881 2633 2954 νομίσῃς
2681 2881 2898 2946 ἀνάξιόν
2936 2899 3031 2935 σου
3076 2879 3254 2947 εἶναι,
3296 2884 3424 2936 ὅταν
3456 2885 3490 2955 η
3541 2883 3676 2954 γυνὴ

2108 2961 2326 3032 ὑϐρίσῃ.
2365 2963 2627 3028 Ἀνάξιον,
2683 2964 2812 3018 ὅταν
2871 2964 2936 3017 ab
2988 2965 3086 3035 μὲν
3123 2964 3377 3036 ὑϐρίζῃς,
3409 2965 3590 3035 ἐκείνη
3618 2966 3676 3018 δὲ

2108 3043 2404 3116 φιλοσοφῇσ
2456 3046 2576 3100 τότε
2627 3045 2979 3116 ἀσχημονεῖς,
2999 3046 3122 3100 τότε
3179 3047 3474 3118 ὑϐρίσθης·
3509 3047 3575 3101 ἂν
3621 3047 3678 3100 δὲ

2109 3125 2382 3195 ὑϐρισθεὶς
2411 3128 2658 3201 ἐνέγκῃς,
2693 3132 2790 3198 τῆς
2815 3128 2994 3198 ἰσχύος
3023 3129 3125 3200 τῆς
3155 3130 3253 3200 σῆς
3287 3130 3457 3201 πολλὴ
3484 3132 3517 3201 ἡ
3555 3132 3676 3184 ἐπίο

2107 3207 2290 3274 δειξις.
2329 3211 2404 3262 Οὑ
2451 3210 2548 3274 τὰς
2578 3214 2844 3278 γυναῖκας
2873 3213 3084 3281 ἐνάγων
3132 3215 3213 3277 είς
3251 3213 3467 3285 ὕϐρεις,
3507 3215 3680 3269 ταῦτα

2107 3289 2281 3358 λέγω·
2327 3292 2404 3362 μὴ
2451 3292 2688 3360 γένοιτο·
2727 3292 2844 3346 ἀλλ’
2883 3295 2937 3348 εί
2959 3312 3058 3348 που
3108 3296 3201 3348 καὶ
3257 3296 3496 3365 συμϐαίη
3541 3296 3682 3349 κατὰ

2110 3374 2402 3443 σατανικην
2437 3373 2779 3447 περίστασιν,
2820 3376 2906 3430 ἵνα
2946 3378 3173 3448 φέρητε.
3211 3379 3446 3448 ’Δνδρῶν
3480 3379 3595 3431 ἐστι
3619 3378 3681 3432 τὸ

2109 3453 2293 3525 φέρειν
2319 3453 2424 3507 τῶν
2457 3455 2691 3528 ίσχυρῶν
2719 3458 2844 3522 τοὺς
2863 3457 3126 3521 ἀσθενεῖς.
3160 3460 3277 3513 Κᾶν
3308 3460 3523 3529 οἰκέτης
3554 3461 3681 3512 άντα

2108 3536 2276 3606 είπῃ,
2308 3535 2668 3608 φιλοσόφησον
2705 3538 2769 3592 σύ
2793 3557 2806 3573 ·
2849 3539 2945 3613 μὴ,
3008 3541 3060 3594 τί
3106 3543 3314 3606 ἐκεῖνος
3354 3541 3501 3605 άξιός
3531 3543 3683 3594 ἐστιν

2108 3617 2360 3682 ἀκοῦσαι,
2389 3617 2548 3693 είπῃς
2579 3620 2611 3691 ἢ
2637 3620 2870 3693 πράξῃς,
2898 3621 3033 3675 me:
3058 3623 3110 3676 τί
3139 3623 3219 3678 δεῖ
3241 3640 3298 3676 σε
3332 3625 3425 3676 καὶ
3459 3627 3682 3693 ποιῆσαι

2109 3701 2204 3754 καὶ
2233 3703 2423 3755 είπεῖν.
2466 3701 2749 3770 Μηδέποτε
2787 3705 2954 3774 κόρην
2991 3704 3247 3776 ὑϐρίζων,
3282 3706 3507 3776 αἰσχρὸν
3532 3706 3688 3774 ῥῆμα.

2112 3783 2345 3856 ἐκϐάλῃς
2369 3798 2383 3812 ·
2425 3782 2694 3853 μηδέποτε
2743 3785 2962 3854 οἰκέτην
2993 3787 3188 3858 μιαρὸν
3215 3788 3394 3858 είπῃς.
3448 3788 3684 3850 Ἐκεῖνος

2111 3865 2209 3934 οὑχ
2235 3863 2488 3936 ὑϐρίσθη,
2511 3865 2646 3920 ἀλλά
2671 3865 2756 3919 σύ.
2793 3867 2908 3920 οὑκ
2946 3867 3092 3922 ἐστιν
3131 3871 3187 3922 ἐν
3214 3869 3390 3940 ἐαυτῷ
3422 3865 3560 3922 εἶναι
3591 3869 3684 3922 τὸν

2112 3945 2484 4017 ὀργιζόμενον,
2517 3948 2706 4020 ὥσπερ
2750 3948 2870 4002 οὑδέ
2903 3949 3140 4019 πέλαγος
3186 3953 3607 4022 κυμαινόμενον,
3647 3951 3684 4021 ἢ

2115 4028 2298 4098 πηγὴν
2339 4028 2520 4098 μένειν
2555 4029 2824 4102 καθαράν,
2859 4030 3117 4104 βορϐόρου
3152 4033 3315 4086 ποθὲν
3356 4035 3684 4104 ἐμπεσόντος

2115 4112 2289 4182 αὑτῇο
2331 4110 2474 4164 οὕτω
2520 4113 2697 4166 πάντα
2736 4114 2972 4183 ἀναμὶξ.
3007 4115 3206 4185 μᾶλλον
3233 4116 3293 4169 δέ
3324 4115 3468 4169 οὕτω
3508 4117 3686 4171 πάντα

2109 4194 2227 4247 tvm
2255 4192 2349 4246 καὶ
2393 4193 2544 4246 κάτω
2571 4197 2798 4261 γίνεται.
2834 4195 2954 4249 Κᾶν
2981 4199 3282 4269 τυπτήσῃς,
3331 4198 3434 4250 κᾶν
3462 4199 3688 4269 διαρῤήο

2118 4275 2214 4348 ξῃς
2253 4275 2345 4329 τὸν
2369 4275 2706 4344 χιτωνίσκον,
2753 4278 2818 4332 σὺ
2846 4278 3068 4348 μείζονα
3098 4279 3196 4351 τὴν
3233 4281 3434 4351 βλάϐην
3461 4280 3689 4350 ὑπέμει-

2115 4375 2214 4420 νας
2237 4374 2248 4384 ·
2293 4357 2487 4428 ἐκείνῳ
2521 4357 2619 4428 μὲν
2663 4358 2774 4430 7&9
2807 4361 2936 4432 περὶ
2987 4361 3050 4415 τδ
3093 4361 3250 4433 σῶμα
3283 4364 3376 4416 καὶ
3412 4363 3540 4433 περὶ
3587 4361 3688 4432 τὴν

2116 4441 2319 4511 ἐσθῆτα
2350 4442 2383 4511 η
2413 4439 2613 4512 πληγὴ,
2651 4441 2734 4495 σοὶ
2778 4442 2835 4496 δὲ
2867 4443 2997 4513 περὶ⁹
3038 4445 3138 4517 τὴν
3181 4445 3383 4517 ψυχήν.
3441 4444 3688 4514 Ἐκείνην

2114 4525 2380 4596 διέτεμες,
2422 4525 2637 4595 ἐκείνην
2670 4525 2949 4597 ἐτρωσας,
2983 4527 3076 4581 τὸν
3112 4529 3325 4600 ἡνίοχον
3364 4529 3552 4592 ἔϐαλες
3579 4528 3689 4582 άπδ

2115 4609 2226 4661 τῶν
2257 4609 2438 4662 ἵππων
2463 4609 2631 4672 κάτω,
2667 4608 2857 4664 ὕπτιον
2885 4609 3147 4681 σύρεσθαι
3179 4611 3594 4682 παρεσκεύασας
3622 4612 3646 4638 ⁸
3667 4626 3684 4642 ⁸

2118 4691 2210 4745 καὶ
2246 4692 2445 4744 ταυτὸν
2477 4692 2706 4760 γίνεται,
2747 4688 2859 4747 οἷον
2896 4693 2990 4747 ἐὰν
3027 4694 3241 4764 ἡνίοχος
3274 4694 3444 4765 ἑτέρῳ
3475 4693 3689 4765 ὀργιζό-

2120 4789 2279 4842 μενος
2303 4772 2464 4826 ἕλοιτ’
2493 4774 2560 4827 ἂν
2592 4773 2869 4846 σύρεσθαι.
2897 4775 3015 4830 Κᾶν
3046 4775 3400 4846 ἐπιπλήττῃς,
3437 4776 3540 4830 κᾶν
3567 4793 3690 4828 νου-

2118 4853 2296 4926 θετῇς,
2331 4854 2435 4907 κᾶν
2461 4855 2639 4908 ὁτιοῦν
2669 4861 2847 4927 ποιῇς,
2876 4858 3047 4928 όργῆς
3083 4860 3252 4930 χωρὶς
3279 4859 3374 4911 καὶ
3401 4857 3593 4928 θυμοῦ.
3621 4859 3690 4914 ΕΙ

2116 4936 2223 5007 γὰρ
2267 4939 2296 4990 ό
2342 4935 2687 5007 ἐπιπλήττων
2738 4939 2920 5010 ίατρός
2965 4942 3081 4994 ἐστι
3116 4941 3212 4995 τοῦ
3265 4942 3688 5012 ἁμαρτάνοντος,

2117 5021 2234 5084 πῶς
2257 5019 2324 5074 ἂν
2359 5019 2573 5074 δύναιτο
2597 5020 2930 5091 θεραπεῦσαι
2959 5025 3166 5096 ἕτερον,
3205 5026 3396 5080 ἐαυτὸν
3425 5027 3692 5097 πρότερον

2115 5103 2391 5169 κακώσας,
2439 5103 2627 5159 ἑαυτὸν
2673 5105 2750 5175 μὴ
2784 5104 3135 5177 θεραπεύων;
3171 5108 3240 5162 El
3258 5125 3340 5171 τις
3362 5147 3378 5172 ,
3419 5108 3543 5162 είπέ
3575 5125 3690 5180 μοι,

2119 5187 2302 5259 ίατρδς
2355 5187 2642 5258 πορεύοιτο
2678 5189 2866 5261 ἕτερον
2911 5189 3266 5261 θεραπεύειν.
3297 5189 3560 5262 πρότερον
3591 5191 3693 5261 τὴν

2117 5272 2276 5340 χεῖρα
2305 5270 2681 5341 τραυματίσας
2699 5270 2797 5342 τὴν
2819 5272 3032 5338 ἑαυτοῦ,
3060 5273 3326 5342 πρότερον
3348 5273 3474 5334 τοὺς
3497 5273 3694 5339 ὀφθαλ-

2117 5353 2252 5419 μοὺς
2279 5353 2559 5421 πηρώσας,
2593 5353 2734 5407 οὕτω
2763 5356 2997 5407 ποιεῖται
3026 5354 3235 5408 ἐκείνου
3264 5354 3362 5428 τὴν
3408 5354 3648 5423 ἰατρείαν
3676 5370 3692 5419 ;

2117 5434 2274 5504 Οὐχὶ,
2305 5434 2488 5504 φησίν.
2512 5435 2668 5488 υὺτω
2694 5437 2789 5490 καὶ
2821 5437 2888 5490 σὺ
2909 5436 3014 5490 κᾶν
3041 5435 3398 5508 ἐπιπλήττῃς.
3431 5437 3533 5490 κᾶν
3571 5452 3692 5490 νου-

2117 5515 2296 5586 θετῇς,
2331 5515 2546 5589 καθαρὰ
2573 5517 2920 5589 βλεπέτωσάν
2947 5536 3040 5572 σου
3068 5519 3119 5571 οί
3145 5518 3434 5588 ὀφθαλμοί.
3467 5517 3556 5588 Μὴ
3603 5518 3694 5570 θο-

2117 5597 2295 5671 λώσῃς
2335 5600 2424 5654 τὸν
2453 5601 2598 5668 νοῦν,
2645 5602 2770 5655 ἐπεὶ
2800 5601 2919 5666 πῶς
2970 5604 3006 5673 η
3053 5600 3318 5675 θεραπεία
3359 5603 3690 5672 γενήσεται;

2183 5848 2213 5912 ᾗ
2254 5847 2389 5912 υηυε
2408 5847 2598 5912 ἔπραξέν
2632 5863 2681 5912 τι
2699 5847 2916 5908 πονηρόν.
3041 5847 3168 5898 Idem
3198 5845 3322 5904 τίνος
3357 5849 3500 5912 ἐσμὲν
3532 5844 3689 5909 ἡμεῖς.

2124 5911 2146 5942 ε
2178 5909 2311 5960 Unus
2328 5907 2491 5958 ὕπτιον
2525 5910 2738 5972 φέρεσθαι
2760 5907 3131 5974 παρεσκεύασας.
