4084 6174
305 324 399 382 HQ

300 441 437 495 Tunc
458 450 553 506 par
577 443 695 491 erat
712 434 894 492 dicere
914 435 1035 491 illos
1061 450 1077 491 :
1104 432 1330 505 Sapiens
1357 443 1442 494 est
1461 435 1602 492 Deus
1616 474 1639 502 ι
1664 449 1868 506 nosque

301 539 464 600 potest
484 529 611 584 hinc
631 528 907 583 reducere.
930 527 1202 596 Sapientia
1224 541 1453 596 namque
1481 527 1575 582 Dei
1595 527 1649 582 in
1671 541 1738 583 eo
1763 541 1869 588 ma-

299 621 427 675 xims
454 628 603 685 erat,
631 618 774 690 quod
802 619 854 672 in
880 618 1118 674 adversis
1143 633 1277 688 gens
1304 619 1393 675 illa
1423 627 1711 685 cresceret,
1740 633 1859 681 ser-

300 713 486 775 vitute,
519 711 775 766 :crumnis
802 718 857 767 et
883 710 1119 766 credibus
1144 718 1354 765 vexata.
1402 708 1526 765 Haec
1555 709 1867 780 magnitudo

300 805 658 877 promissionis
681 810 815 860 erat.
845 802 979 858 Nam
1003 803 1048 857 si
1080 802 1135 859 in
1165 813 1305 859 terra
1333 816 1428 860 sua
1455 803 1740 869 crevisset,
1762 817 1873 859 non

299 899 361 957 ita
388 897 632 957 mirabile
673 895 880 954 luisset.
906 893 1092 971 Neque
1131 910 1297 964 parvo
1337 904 1578 965 tempore
1607 895 1669 953 in
1695 896 1867 952 aliena

299 998 429 1046 terra
474 989 685 1045 fuerant
704 1029 721 1055 ,
767 987 863 1044 sed
888 986 1291 1058 quadringentis
1317 989 1493 1044 annis.
1524 987 1660 1043 llinc
1692 988 1854 1044 disci-

298 1097 429 1144 mus,
460 1080 591 1136 illos
604 1095 855 1151 magnam
873 1080 1261 1151 philosophiam
1288 1095 1398 1150 pra
1422 1095 1485 1137 se
1511 1080 1697 1137 tulisse
1722 1098 1735 1133 :
1760 1097 1869 1136 non

297 1174 431 1227 enim
482 1172 624 1227 sicut
660 1170 865 1226 domini
909 1172 1080 1229 servis
1107 1171 1213 1227 illis
1238 1171 1567 1236 utebantur,
1592 1170 1691 1227 sed
1732 1170 1871 1227 sicut

297 1265 495 1319 inimici
512 1274 567 1319 et
589 1263 819 1335 tyranni.
850 1261 977 1318 Ideo
997 1263 1243 1332 praedixit
1266 1262 1387 1318 illos
1410 1262 1462 1317 in
1486 1262 1735 1317 libertate
1757 1277 1871 1317 mn-

296 1369 392 1423 gna
435 1356 642 1409 littnros
677 1368 800 1409 esse
826 1371 841 1409 :
870 1353 924 1409 id
963 1353 1109 1409 enim
1146 1353 1246 1409 sibi
1274 1353 1391 1408 vult
1430 1350 1559 1410 illud
1581 1390 1598 1418 ,
1636 1351 1873 1409 Servium

297 1446 446 1512 inibi,
492 1454 540 1503 et
577 1447 674 1501 huc
709 1454 1054 1511 "uertentur,
1085 1459 1186 1500 nec
1227 1444 1347 1500 sine
1370 1443 1592 1499 ultione.
1640 1443 1708 1499 Et
1746 1442 1868 1499 ani-

296 1536 600 1604 madverte,
627 1535 900 1604 quomodo
946 1536 1189 1592 videatur
1229 1534 1431 1605 aliquid
1472 1533 1867 1593 circumcisioni

296 1629 608 1696 concedere,
637 1643 763 1684 eum
799 1626 932 1682 nihil
955 1628 1004 1685 ei
1033 1627 1267 1692 tribuat;
1293 1625 1557 1696 siquidem
1584 1623 1869 1694 promissio

298 1720 567 1789 pmcessit
609 1720 752 1775 illam
775 1761 792 1786 ,
822 1734 942 1789 qua
968 1718 1235 1788 posterior
1274 1717 1390 1774 luit.
1424 1716 1492 1773 Et
1528 1715 1867 1788 patriarcha,

295 1812 494 1882 inquit,
516 1811 831 1866 mulcatos.
860 1809 959 1865 llic
984 1822 1092 1865 non
1111 1807 1389 1876 laediteos,
1419 1808 1513 1863 sed
1538 1807 1869 1877 gratiﬁcatur

296 1903 443 1970 ipsis.
490 1902 828 1958 Patriarcbas
868 1911 1047 1957 autem
1085 1910 1243 1959 vocat
1284 1902 1687 1972 progenitores;
1733 1915 1868 1971 quo-

295 1995 432 2049 niam
458 1994 529 2050 de
558 1994 643 2050 bis
667 1994 835 2052 altum
858 1994 1156 2063 sepiebant.
1177 1993 1431 2064 Alioquin
1454 2008 1595 2049 vero.
1609 1992 1863 2060 ostendit,

292 2095 504 2141 sach
529 2101 637 2140 non
663 2083 831 2141 fuisse
849 2100 1209 2141 :erumnarum
1237 2095 1507 2155 expertes,
1534 2084 1634 2140 sed
1654 2084 1709 2138 in
1736 2084 1867 2153 ipsis

292 2177 547 2231 arumnis
556 2189 715 2244 opem
729 2185 1045 2246 asseqnutos
1057 2190 1196 2231 esse.
1222 2176 1301 2231 Illi
1316 2191 1445 2230 vero
1456 2189 1565 2230 non
1580 2174 1741 2232 modo
1757 2188 1865 2230 non

290 2267 573 2322 solvebant
589 2266 753 2337 ipsas,
786 2267 883 2323 sed
909 2267 1075 2324 etiam
1086 2281 1211 2325 eum
1222 2266 1580 2336 afﬂigentibus
1601 2280 1868 2337 secoope-

286 2357 693 2425 κωκυ-,απ
700 2358 1008 2413 debuissent
1021 2358 1198 2428 potius
1208 2356 1326 2412 illas
1335 2357 1867 2426 exscindereQnem-

287 2448 573 2503 admodum
609 2464 737 2518 ergo
767 2448 847 2503 illi
887 2448 1185 2520 Joscphum
1232 2447 1549 2513 renidentes,
1579 2448 1862 2504 clariorem

285 2539 432 2593 illum
456 2540 825 2606 reddiderunt,
850 2540 929 2595 sic
952 2556 1049 2596 rex
1077 2540 1335 2611 Moysen,
1364 2554 1489 2594 cum
1505 2540 1665 2609 jussit
1690 2541 1862 2597 occidi

284 2645 517 2700 pueros:
542 2631 642 2685 nisi
661 2633 809 2687 enim
834 2632 1100 2702 iussisset,
1133 2646 1238 2685 non
1268 2629 1696 2686 boceveuturum
1722 2639 1860 2686 erat.

351 2722 452 2777 Dei
516 2724 848 2792 prouidentia.
868 2753 942 2765 -
969 2722 1100 2780 Vide
1155 2722 1542 2794 providentiam
1602 2722 1719 2777 Dei.
1768 2720 1864 2776 ille

281 2814 421 2885 legat
463 2813 741 2885 Moyscm;
788 2828 888 2869 nec
928 2814 1067 2869 Deus
1112 2812 1397 2884 prohibet,
1441 2813 1584 2882 quod
1624 2812 1865 2867 futurum

276 2916 391 2972 erat
421 2906 775 2975 dispensans,
798 2913 859 2959 ut
877 2894 985 2959 illic
1010 2905 1109 2960 Dei
1154 2904 1362 2958 visione
1405 2902 1737 2973 dignaretur.
1774 2901 1866 2958 Sic

274 3009 329 3052 et
357 3012 591 3052 servum
626 2996 899 3050 venditum
932 2994 1002 3048 ibi
1034 3008 1212 3063 regem
1233 2993 1532 3058 constituit,
1561 2993 1653 3048 ubi
1673 3007 1865 3050 servus

271 3103 393 3143 esse
414 3085 726 3156 putabatur.
743 3084 892 3151 Sicut
922 3092 1098 3139 autem
1121 3082 1210 3138 hic
1238 3083 1310 3139 ibi
1340 3093 1543 3152 regnat,
1576 3084 1663 3140 ubi
1690 3084 1863 3154 ipsum

270 3176 671 3247 vendiderunt:
688 3175 763 3230 sic
782 3185 838 3230 et
854 3172 1098 3231 Christus
1119 3175 1173 3228 in
1194 3168 1367 3229 morte
1382 3183 1699 3243 potestatem
1710 3175 1863 3229 exiti-

273 3267 412 3323 buit.
449 3265 569 3320 Hoc
598 3280 702 3319 non
738 3265 956 3320 honoris
989 3274 1191 3319 tantum
1209 3275 1344 3328 erat,
1362 3265 1612 3336 sedquod
1627 3267 1789 3326 etiam
1805 3267 1861 3321 in

273 3374 362 3414 sua
382 3365 654 3430 potestate
681 3357 888 3412 ﬁderet.
906 3356 1017 3412 Sed
1036 3357 1145 3426 jam
1175 3372 1295 3427 qua;
1311 3356 1455 3412 dicta
1481 3366 1627 3424 sunt,
1645 3367 1861 3428 repeta.

274 3465 414 3504 tuus.
460 3448 528 3502 Et
556 3450 811 3502 constituit
848 3464 966 3504 eum
997 3443 1328 3519 prwpositum
1351 3466 1505 3521 super
1527 3449 1817 3522 AEgyptuut
1837 3492 1855 3518 ,

275 3551 319 3595 et
344 3556 506 3610 super
528 3556 727 3594 onmem
750 3539 958 3594 domum
978 3556 1144 3595 suum.
1170 3540 1301 3596 Vide
1322 3551 1517 3611 quanta
1548 3558 1643 3611 per
1662 3542 1861 3601 famem

277 3643 564 3705 prmparet.
602 3631 664 3687 lu
692 3633 1011 3703 septuaginta
1048 3635 1269 3704 quinque
1311 3635 1609 3701 auithus,
1656 3635 1859 3704 inquit,

276 3725 536 3779 descendit
553 3723 714 3777 Iacob
743 3725 796 3777 in
822 3722 1134 3794 diggptum,
1179 3735 1228 3779 et
1272 3724 1543 3796 defunctus
1569 3734 1642 3782 est
1670 3726 1780 3796 ipse
1811 3734 1859 3783 cl

278 3829 444 3889 patres
468 3816 654 3871 nostri.
680 3814 748 3870 Et
772 3815 1006 3883 translati
1025 3824 1142 3871 sunt
1162 3817 1215 3870 in
1248 3816 1479 3883 Sicltem,
1501 3826 1548 3871 et
1573 3818 1724 3887 positi
1741 3826 1863 3873 sunt

279 3909 328 3962 is
354 3909 592 3979 sepulcro
614 3948 630 3973 ,
656 3906 792 3977 quod
817 3906 936 3960 emit
977 3905 1236 3963 Abraham
1268 3908 1428 3977 pretio
1447 3907 1645 3977 argenti
1678 3924 1712 3961 tt
1735 3908 1859 3975 [iliis

282 3997 471 4053 Homer
498 3996 595 4065 ﬁlii
626 3997 851 4052 Siclrem.
881 3996 1130 4052 Ostendit
1157 3997 1283 4059 illos
1307 4013 1480 4067 neque
1504 3999 1736 4068 sepulcri
1761 4001 1860 4057 de.

280 4091 451 4147 minos
477 4091 665 4146 ﬁtisse.
696 4088 765 4144 Ut
783 4098 953 4144 autent
972 4090 1393 4161 appropinquavit
1419 4099 1614 4161 tempus
1641 4093 1879 4173 promise

278 4184 453 4248 tionis,
480 4199 639 4253 quam
650 4183 918 4253 juraverat
945 4181 1083 4237 Deus
1105 4183 1342 4248 Abralue,
1368 4184 1522 4238 crevit
1544 4185 1785 4254 populus,
1811 4194 1859 4240 et

281 4276 644 4345 multiplicatus
665 4284 737 4327 est
759 4275 815 4327 its
834 4272 1067 4345 Αἴθῃ)ιο
1083 4315 1098 4341 ,
1120 4274 1446 4345 quoadusque
1480 4276 1698 4331 surrexit
1726 4275 1860 4331 alius

281 4380 398 4429 res,
429 4364 525 4435 qui
550 4365 795 4420 nesciebat
815 4362 1031 4434 Ioseph.
1063 4364 1230 4431 Vide,
1256 4365 1529 4435 quomodo
1551 4382 1658 4423 non
1698 4366 1753 4422 in
1782 4374 1862 4421 tot

283 4459 431 4513 minis
457 4457 612 4511 auxit
639 4470 768 4521 eos,
799 4455 894 4512 sed
921 4470 1044 4510 cum
1086 4454 1208 4510 linis
1236 4457 1682 4528 appropinquavit
1710 4473 1725 4508 :
1759 4459 1859 4514 etsi

280 4545 384 4615 iam
414 4546 791 4619 quadringenti
817 4546 940 4601 anni
960 4586 977 4613 ,
1006 4546 1115 4602 imo
1141 4547 1321 4617 plures
1343 4588 1360 4614 ,
1389 4548 1778 4617 prmteriisscnt
1804 4549 1859 4605 in

284 4635 537 4710 Egyptu.
561 4637 626 4692 Et
651 4637 754 4694 hoc
773 4637 1019 4693 mirabile
1036 4646 1139 4693 est.
1170 4635 1258 4692 l9.
1284 4636 1407 4704 Hic,
1429 4638 1622 4708 inquit,
1643 4641 1861 4697 circum-

283 4730 479 4785 seniens
506 4745 667 4800 genus
690 4739 916 4784 nostrum
935 4770 954 4796 ,
980 4729 1155 4801 afﬂixit
1185 4737 1355 4801 patres
1379 4739 1596 4796 nostras,
1623 4740 1677 4787 ut
1699 4748 1860 4803 capo-

285 4832 450 4876 usrent
478 4823 707 4891 infantes
722 4838 840 4876 suos
861 4863 879 4889 ,
906 4839 970 4883 ne
989 4823 1380 4892 uiriﬁcarentur.
1413 4821 1821 4879 Circumveniens
1836 4865 1858 4892 ,

286 4910 480 4983 inquit,
533 4912 881 4969 subiudicans
925 4914 1314 4972 clandestinam
1358 4914 1564 4971 caedem
1595 4933 1608 4969 :
1643 4916 1860 4972 nolebat

286 5004 418 5059 enim
439 5014 630 5076 aperte
648 5003 773 5059 illos
784 5003 1060 5071 occidere;
1092 5006 1215 5062 ideo
1235 5006 1385 5062 addit
1410 5024 1429 5062 :
1454 5005 1527 5062 Ut
1550 5016 1861 5077 seponerent

284 5090 497 5163 infantes
529 5110 669 5154 suos.
693 5093 783 5149 20.
816 5091 884 5148 In
909 5110 1008 5164 quo
1027 5104 1250 5166 tempore
1284 5108 1435 5153 natus
1452 5107 1527 5153 est
1556 5095 1784 5168 Moyses,
1812 5105 1861 5152 et

288 5188 378 5258 {sit
399 5199 579 5258 gratus
602 5186 736 5243 Deo.
769 5187 880 5244 lloe
909 5187 1150 5243 mirabile
1173 5201 1293 5255 est,
1319 5190 1463 5261 quod
1492 5191 1536 5250 is
1554 5229 1571 5255 ,
1600 5191 1693 5262 qui
1719 5205 1860 5262 pra:-

286 5276 447 5335 lectus
483 5279 697 5336 futurus
718 5290 835 5335 erat
857 5319 872 5344 ,
924 5295 1033 5335 non
1057 5291 1186 5335 ante
1212 5283 1296 5336 vel
1319 5290 1480 5351 post,
1511 5283 1607 5339 sed
1638 5283 1693 5337 in
1739 5296 1859 5338 me-

285 5371 367 5428 dio
395 5371 581 5431 lurore
607 5382 879 5428 nascatur.
914 5371 981 5427 Et
1004 5373 1224 5426 nutritus
1251 5383 1323 5428 est
1347 5374 1508 5427 tribus
1526 5374 1779 5430 mensibus
1802 5376 1859 5431 in

288 5464 642 5537 domomum.
677 5464 901 5532 Quando
927 5466 1084 5535 igitur
1104 5464 1335 5518 humana
1363 5465 1563 5519 nullam
1593 5480 1742 5535 spem
1771 5466 1862 5522 ol-

287 5557 555 5622 tcrebant,
598 5565 657 5633 et
692 5557 835 5611 illum
878 5557 1213 5627 abiecerant,
1258 5564 1384 5610 tunc
1425 5555 1516 5610 Dei
1560 5558 1858 5612 teconomia

288 5644 444 5703 fulsit.
470 5646 566 5704 21.
598 5647 897 5719 Expositum
933 5658 1102 5702 autem
1142 5646 1285 5702 illum
1315 5645 1518 5703 sustth
1556 5647 1668 5715 [ilia
1709 5646 1857 5705 Plia-

290 5745 485 5808 ruont',
524 5750 573 5797 et
600 5741 804 5796 nutrivit
831 5757 945 5798 eum
986 5740 1082 5796 sibi
1125 5740 1178 5797 in
1207 5740 1388 5812 ﬁlium.
1414 5735 1686 5810 Nusquam
1717 5749 1854 5800 tetu-

1243 320 1307 377 ΙΝ
1345 321 1527 378 ACTA
1565 318 2090 388 APOSTOLORUM.
2132 320 2357 383 HOMIL.
2400 323 2542 391 XVI.

3460 337 3571 393 130

1980 432 2151 504 plum,
2174 451 2439 508 nusquam
2455 436 2797 508 antidotum,
2820 441 2948 500 licet
2964 452 3043 502 tot
3069 454 3320 519 tantaque
3340 447 3554 520 dispen-

1977 536 2182 585 sentur.
2213 528 2281 583 Et
2308 528 2568 587 educatus
2593 542 2677 595 est
2701 534 2753 589 in
2777 535 2998 593 barbara
3026 539 3206 596 domo.
3235 542 3326 603 22.
3356 545 3419 601 Et
3439 562 3553 600 eru-

1977 617 2113 683 ditus
2133 630 2210 675 est
2236 619 2441 693 Moyses
2460 623 2513 677 in
2537 624 2676 681 omni
2699 625 2951 696 sapientia
2974 628 3363 702 AE'ggptiorum,
3391 645 3438 689 ct
3453 644 3558 693 erat
3616 647 3622 653 ‘

1978 718 2154 778 potens
2179 710 2231 772 in
2257 713 2419 769 verbis
2446 724 2495 769 et
2518 715 2573 769 in
2598 715 2853 784 operibus.
2883 718 3060 776 Mirari
3088 725 3260 790 subit,
3290 730 3556 797 quomodo
3614 710 3622 760 ί

1974 801 2324 872 quadraginta
2352 808 2508 871 annis
2536 806 2644 863 illic
2669 808 2847 876 fuerlt,
2880 826 2980 868 nec
3007 813 3374 883 deprehensus
3399 820 3470 874 sit
3489 836 3556 875 ex

1975 891 2412 959 circmncisione;
2454 895 2564 952 imo
2605 897 2785 966 potius
2806 900 3077 970 quomodo
3113 919 3305 960 secure
3340 919 3577 978 agentes.

1977 994 2071 1033 sua
2099 981 2401 1052 despiciunt
2424 993 2482 1041 et
2511 985 2596 1045 hic
2617 996 2674 1044 ct
2694 987 2921 1061 Josepb,
2948 1002 3007 1047 ut
3027 993 3165 1049 alios
3190 1007 3407 1052 servent
3426 1017 3441 1054 :
3463 998 3557 1056 23.

1978 1067 2049 1123 Ut
2062 1082 2229 1129 autem
2253 1074 2514 1145 impletum
2529 1088 2605 1135 est
2622 1078 2701 1134 illi
2717 1080 3057 1153 quadraginta
3074 1101 3320 1140 annorum
3336 1097 3556 1159 tempus,

1973 1164 2197 1218 ascendit
2217 1165 2275 1218 in
2289 1182 2377 1221 cor
2401 1169 2535 1237 eius,
2557 1179 2612 1227 ut
2632 1171 2855 1233 uisitaret
2873 1178 3056 1245 fratres
3074 1193 3194 1234 suos
3217 1181 3350 1248 ﬁlios
3369 1180 3554 1239 Israel.

1973 1252 2064 1308 24.
2095 1253 2303 1313 Etcum
2325 1260 2531 1317 uidisset
2554 1265 2823 1330 quandam
2847 1266 3090 1336 iujuriant
3115 1273 3385 1341 patientem
3410 1314 3425 1339 ,
3448 1277 3560 1333 uitt-

1974 1343 2159 1407 dicuvit
2186 1347 2352 1415 illum,
2383 1360 2431 1405 et
2454 1352 2575 1421 fecit
2591 1355 2831 1413 ultionem
2855 1358 2920 1425 ei,
2952 1361 3042 1431 qui
3062 1361 3304 1432 injuria»:
3336 1369 3555 1423 sustine-

1972 1433 2084 1501 bat,
2117 1452 2352 1506 percusso
2375 1438 2645 1513 Egyptio.
2672 1443 2765 1501 25.
2807 1446 3143 1507 Esistiruabat
3167 1463 3336 1508 autem
3366 1456 3554 1513 intelli-

1971 1539 2089 1593 gere
2116 1526 2301 1595 [ratres
2320 1545 2455 1595 suos,
2477 1533 2721 1602 quoniam
2742 1534 2879 1591 Deus
2903 1554 2993 1607 per
3010 1555 3217 1597 manum
3235 1544 3393 1612 ipsius
3413 1547 3555 1602 daret

1972 1616 2186 1675 salutem
2212 1618 2317 1673 illis
2344 1635 2366 1674 :
2391 1630 2445 1674 at
2468 1621 2552 1677 illi
2569 1639 2672 1683 non
2698 1625 3077 1691 intellexerunt.
3102 1630 3259 1701 Vide,
3284 1639 3555 1706 quomodo

1972 1707 2210 1769 nondum
2243 1711 2499 1768 molestus
2524 1714 2786 1781 videatur,
2818 1719 2916 1774 sed
2939 1734 3060 1777 cum
3089 1731 3231 1780 tanta
3266 1729 3553 1786 concione-

1972 1807 2079 1866 tur,
2114 1800 2265 1859 illum
2290 1803 2476 1860 audire
2495 1807 2829 1877 sustineant;
2860 1811 2929 1866 ita
2946 1812 3069 1871 illos
3090 1816 3266 1873 vultus
3284 1820 3366 1874 sui
3385 1823 3553 1891 gratia

1970 1902 2207 1962 ceperat.
2241 1892 2602 1965 Existitttaltat,
2633 1901 2837 1972 inquit,
2864 1903 3145 1977 intelligere
3165 1908 3366 1978 fratres.
3393 1914 3553 1985 Atqui

1969 1985 2222 2053 operibus
2247 1989 2599 2056 patrocinium
2619 1993 3113 2066 demonstrabam,
3142 2016 3315 2071 nmine
3333 2016 3449 2063 erat
3470 2023 3556 2062 ra-

1971 2072 2189 2131 tiocinio
2208 2089 2382 2145 opus:
2410 2093 2586 2149 neque
2610 2090 2788 2140 tamen
2808 2086 2890 2147 sic
2913 2086 3312 2149 intellexerunt.
3340 2094 3551 2164 Viden‘,

1968 2167 2240 2236 quomodo.
2265 2185 2389 2228 cum
2418 2176 2830 2235 mansuetudine
2856 2181 3224 2250 concionetur,
3261 2198 3310 2242 et
3351 2203 3472 2244 cum
3500 2191 3553 2244 in

1968 2258 2062 2313 illo
2091 2259 2227 2315 iram
2263 2272 2634 2333 monstrasset,
2668 2268 2719 2323 in
2745 2267 2849 2328 huc
2877 2275 3340 2332 mansuetudinem
3368 2291 3553 2334 tlSlett-

1966 2348 2097 2406 datiI
2123 2351 2211 2407 26.
2239 2352 2482 2423 Sequenti
2499 2372 2614 2412 sero
2639 2358 2721 2417 die
2738 2363 2979 2432 apparuit
3004 2365 3113 2422 illis
3133 2366 3444 2438 litigantibus
3467 2387 3485 2425 :
3507 2382 3553 2424 et

1967 2442 2356 2501 reconcialiabat
2376 2446 2492 2503 illos
2511 2448 2567 2502 in
2591 2466 2713 2519 pace
2733 2491 2749 2517 ,
2780 2452 2953 2509 dicens
2978 2469 2998 2509 :
3034 2453 3167 2522 Viri,
3196 2461 3378 2527 fratres
3402 2462 3549 2527 estis,

1966 2542 2024 2625 ut
2049 2535 2175 2603 quid
2192 2537 2381 2592 uocetis
2404 2539 2743 2597 alterutrum?
2767 2542 2858 2603 27.
2888 2545 2990 2611 Qui
3010 2558 3179 2603 autem
3205 2550 3447 2621 injuriam
3472 2558 3554 2625 fa-

1965 2624 2126 2685 ciebat
2164 2626 2396 2695 proximo
2410 2667 2425 2691 ,
2464 2631 2651 2698 repulit
2679 2648 2795 2685 eum
2827 2635 2997 2696 dicens
3012 2654 3033 2692 :-
3064 2638 3188 2703 Quis
3216 2648 3263 2694 te
3296 2644 3553 2698 constituit

1966 2713 2249 2805 principem
2275 2724 2322 2769 et
2341 2715 2569 2785 judicent
2597 2735 2751 2788 super
2776 2725 2909 2777 nos?
2944 2725 3034 2781 28.
3067 2724 3329 2797 Numquid
3355 2732 3548 2800 interli-

1965 2819 2078 2859 cere
2096 2820 2174 2861 nte
2197 2815 2252 2858 tu
2270 2806 2369 2872 uis,
2386 2806 2515 2863 sicut
2539 2808 2651 2862 beri
2673 2809 2966 2880 interfecisti
2986 2812 3289 2886 digyptium
3302 2820 3328 2871 7
3350 2820 3553 2879 Eodem

1965 2895 2148 2955 animo
2179 2906 2367 2953 contra
2392 2897 2664 2955 Christum
2700 2901 2949 2959 videntur
2976 2904 3158 2963 dicere
3187 2924 3201 2960 :
3239 2905 3359 2964 Non
3395 2911 3551 2968 liabe-

1966 3003 2080 3044 mus
2115 3004 2323 3060 regem,
2357 2990 2457 3044 nisi
2481 2990 2729 3047 Casuram
2755 2992 2936 3064 (Joan.
2961 2996 3048 3055 l9.
3083 2996 3193 3069 15).
3226 2997 3314 3055 Sic
3340 3015 3554 3072 semper

1963 3079 2145 3138 t'acere
2164 3083 2409 3141 solebant
2432 3082 2605 3143 Judaei
2623 3126 2642 3149 ,
2668 3100 2795 3145 cum
2818 3086 3080 3145 beneﬁcia
3104 3092 3428 3162 acciperent.
3463 3095 3552 3150 Vi-

1962 3173 2142 3229 distin‘
2164 3172 2521 3242 insipientiam
2544 3175 2745 3243 tEum,
2762 3178 2854 3249 qui
2880 3192 2942 3234 se
2964 3189 3274 3237 servamrus
3293 3193 3431 3248 erat.
3459 3199 3550 3245 ac-

1962 3274 2154 3330 cusant
2187 3279 2309 3323 cum
2342 3265 2556 3331 dicunt,
2591 3266 2739 3323 Sicut
2762 3269 2871 3323 lteri
2898 3270 3192 3341 interfecisti
3217 3271 3548 3343 Egyptium.

1960 3358 2053 3419 29.
2088 3356 2243 3430 Fugit
2262 3369 2433 3425 autem
2452 3359 2656 3433 Moyses
2683 3363 2735 3419 iu
2765 3363 2912 3423 uerbo
2939 3366 3036 3420 isto
3057 3381 3077 3421 :
3106 3376 3152 3421 et
3172 3372 3337 3439 [actus
3361 3382 3431 3423 est
3457 3372 3554 3425 ad-

1962 3464 2087 3509 vena
2108 3452 2162 3511 iu
2191 3462 2328 3506 terra
2357 3451 2592 3520 Modica,
2622 3454 2709 3510 ubi
2741 3459 2995 3526 generavit
3020 3459 3155 3527 ﬁlios
3177 3460 3325 3515 duos.
3354 3461 3510 3533 Fugit
3532 3506 3548 3528 ,

1963 3558 2136 3614 neque
2162 3545 2283 3613 iuga
2305 3546 2663 3603 (nconomiam
2689 3548 2966 3614 exstinxit,
2994 3560 3052 3604 ut
3076 3567 3250 3620 neque
3271 3569 3440 3610 mors.
3457 3556 3547 3611 50.

1962 3632 2035 3693 Et
2053 3636 2271 3704 expletis
2299 3639 2448 3695 annis
2483 3637 2853 3708 quadraginta,
2881 3644 3122 3712 apparuit
3157 3644 3236 3699 illi
3273 3647 3322 3700 in
3354 3648 3551 3707 deserto

1962 3728 2148 3783 ruentis
2174 3726 2307 3787 Sina
2326 3730 2538 3798 angelus
2560 3728 2772 3789 Domini
2796 3733 2849 3786 iu
2878 3734 2994 3806 igne
3013 3736 3238 3805 ﬂammae
3260 3740 3391 3795 rubi.

2031 3819 2087 3879 ὅ.
2121 3819 2328 3887 Viden’,
2355 3821 2626 3891 quomodo
2661 3826 2967 3883 mconomia
2991 3843 3100 3883 non
3139 3839 3378 3899 tempore
3402 3834 3548 3889 scin-

1961 3911 2148 3971 ditur!
2171 3913 2305 3970 Cum
2346 3915 2601 3986 profugus
2643 3927 2818 3987 esset,
2867 3934 2989 3976 cum
3033 3923 3381 3991 peregrinus,
3425 3941 3548 3982 cum

1962 4005 2131 4061 multo
2156 4013 2396 4075 tempore
2412 4006 2464 4060 in
2489 4007 2662 4063 aliena
2687 4016 2827 4065 terra
2849 4011 3155 4077 mansisset,
3176 4024 3231 4067 et
3254 4015 3391 4068 tilias
3413 4016 3558 4071 duos.-

1961 4099 2317 4170 suscepimet,
2345 4115 2469 4155 cum
2493 4116 2601 4157 non
2625 4102 2765 4157 ultra
2786 4103 3014 4158 reditum
3035 4114 3394 4174 exspectaret,
3419 4115 3549 4162 tunc

1961 4189 2188 4258 angelus
2217 4189 2319 4258 ipsi
2347 4201 2587 4260 apparet.
2633 4190 2831 4247 Filium
2871 4192 2966 4249 Dei
2992 4203 3146 4249 vocat
3174 4196 3455 4264 angelum,
3493 4206 3551 4252 ut

1963 4289 2018 4334 et
2043 4280 2339 4336 lucillinam.
2373 4282 2440 4335 Et
2464 4282 2554 4336 ubi
2579 4282 2840 4352 apparet?
2866 4283 2923 4338 In
2944 4284 3183 4349 deserto,
3210 4301 3319 4341 non
3339 4288 3389 4340 in
3417 4296 3553 4344 tem-

1967 4369 2076 4439 plo.
2117 4367 2327 4434 Viden’,
2355 4379 2485 4436 quot
2513 4369 2642 4423 ﬁunt
2683 4372 2972 4439 miracula,
3016 4381 3072 4428 et
3110 4389 3370 4444 nusquam
3411 4386 3551 4433 tem-

1964 4462 2142 4532 plum,
2176 4475 2440 4531 nusquam
2479 4461 2775 4517 sacrilicia?
2804 4461 2988 4532 Neque
3029 4463 3117 4520 hic
3153 4466 3470 4535 simpliciter
3498 4471 3549 4525 in

1963 4551 2200 4617 deserto,
2231 4550 2327 4606 sed
2354 4551 2413 4606 in
2441 4551 2594 4607 rubo.
2628 4553 2719 4608 51.
2751 4552 2955 4624 Moyses
2977 4565 3144 4610 autem
3165 4557 3369 4631 uidens,
3381 4560 3550 4617 admi-

1963 4652 2105 4699 ratus
2127 4652 2203 4698 est
2232 4644 2426 4709 visum;
2452 4653 2501 4698 et
2525 4645 2790 4701 accedente
2818 4647 2907 4702 illo
2934 4657 2990 4702 ut
3020 4650 3381 4717 consideraret,
3415 4655 3557 4724 facta

1963 4746 2036 4792 est
2059 4752 2157 4792 vat:
2178 4735 2414 4791 Domini.
2459 4737 2602 4793 Ecce
2647 4753 2778 4794 voce
2806 4754 3019 4810 quoque
3047 4740 3297 4811 dignatus
3329 4753 3431 4803 est.
3460 4744 3550 4801 52.
3630 4742 3633 4745 ’

1962 4829 2077 4903 Ego
2103 4849 2215 4888 sum
2239 4830 2381 4887 Deus
2409 4841 2614 4904 patrum
2643 4843 2875 4901 tuorum,
2920 4833 3060 4889 Deus
3096 4836 3388 4903 Abraham,
3420 4836 3557 4893 Deus

1964 4922 2139 4987 Isaae,
2168 4932 2218 4977 et
2242 4922 2379 4979 Deus
2404 4921 2589 4977 Jacob.
2613 4922 2731 4978 Non
2749 4923 2912 4979 modo
2938 4924 3026 4979 hic
3047 4926 3285 4980 ostendit
3307 4928 3563 4997 angelum.

1961 5015 2051 5085 qui
2100 5014 2349 5084 apparuit
2372 5015 2460 5080 ei,
2498 5028 2622 5069 esse
2665 5014 2842 5085 magni
2886 5016 3095 5071 consilii
3124 5017 3411 5086 angelum;
3456 5018 3554 5076 sed

1963 5104 2126 5159 etiam
2155 5105 2425 5170 ostendit,
2467 5114 2722 5174 quantam
2752 5106 3134 5176 benignitatem
3168 5108 3309 5162 Dens
3350 5121 3445 5176 per
3472 5109 3556 5162 vi-

1964 5209 2081 5250 sum
2104 5193 2375 5250 exhibeat.
2406 5193 2752 5268 Tremefactus
2783 5205 2952 5250 autem
2979 5196 3182 5268 Moyses
3210 5213 3312 5252 non
3337 5198 3561 5253 audebat

1963 5287 2302 5342 considerare.
2333 5286 2423 5343 35.
2459 5282 2605 5341 Dixit
2633 5296 2804 5343 autem
2830 5287 2910 5342 illi
2943 5287 3197 5343 Dominus
3218 5303 3238 5343 .'
3265 5285 3418 5344 Solve
3443 5291 3555 5344 cal-

1963 5388 2275 5435 mmentum
2321 5378 2507 5449 pedum
2544 5388 2785 5445 tuorum;
2826 5379 2969 5433 locus
3014 5380 3149 5437 enim
3185 5382 3238 5433 in
3275 5395 3374 5449 quo
3419 5390 3555 5441 stas.

1963 5481 2099 5526 terra
2123 5477 2301 5525 sancta
2339 5479 2433 5524 est.
2459 5467 2729 5539 Nusquam
2756 5469 3012 5540 templum
3033 5510 3050 5537 ,
3080 5479 3135 5524 et
3164 5470 3314 5525 locus
3338 5479 3558 5525 sanctus

1963 5570 2048 5616 est
2086 5575 2183 5630 per
2221 5559 2610 5628 apparitionem
2660 5568 2716 5614 et
2761 5558 3135 5628 operationem
3174 5556 3393 5647 Christi.
3447 5558 3559 5617 llnc

1964 5652 2135 5707 multo
2161 5649 2572 5711 mirabiliusest,
2594 5663 2753 5719 quam
2771 5649 2919 5703 locus
2942 5647 3031 5704 ille
3055 5648 3108 5703 in
3130 5648 3330 5704 salictis
3346 5657 3558 5707 sancto—

1969 5759 2126 5802 rum:
2158 5744 2267 5801 illic
2294 5743 2438 5803 enim
2468 5756 2758 5813 suntquam
2783 5741 2862 5800 sic
2898 5742 3147 5814 apparuit
3182 5742 3359 5813 Deus,
3396 5757 3554 5803 nutu-
