4088 6142
437 345 542 405 l3!

436 472 597 532 quam
625 470 701 512 sic
728 450 1073 510 tremefactus
1088 462 1170 507 est
1194 453 1421 522 Moyses.
1446 448 1694 504 Vidistin’
1718 447 2020 502 misericor-

437 550 620 607 diam?
654 546 783 600 Vide
825 543 1037 598 tandem
1071 541 1506 597 sollicitudinctn.
1538 540 1626 594 54.
1666 536 1849 593 Videris
1883 538 2020 602 vidi,

438 642 639 711 iuqttit,
670 638 989 710 aﬂlictionem
1013 636 1187 705 populi
1217 635 1347 698 mei,
1378 634 1466 702 qui
1489 641 1559 684 est
1597 632 1648 683 iu
1681 628 1912 699 IEgypto
1931 669 1946 694 ,
1978 638 2025 681 et

436 734 673 805 gemitum
701 728 1087 786 eorum-audivi.
1119 737 1164 779 et
1184 722 1651 779 descendi'liberare
1675 737 1776 774 eos.
1804 717 1870 771 Et
1892 734 2026 772 mmc

437 824 567 887 veni,
597 831 642 875 et
668 822 860 875 mittam
890 828 946 873 te
967 816 1349 888 invngyptum.
1377 814 1527 878 Vide,
1558 812 1826 882 quomodo
1846 822 2028 866 osten-

438 914 528 966 dat
558 928 616 967 se
657 928 752 980 per
780 909 1039 965 beneﬁcia
1061 950 1076 971 ,
1109 923 1206 977 per
1249 905 1507 975 supplicia
1552 913 1608 959 et
1645 918 1742 974 per
1772 900 2024 956 miracula

436 1007 635 1059 ducere
662 1003 802 1064 illos,
830 1002 901 1054 illi
935 1016 1061 1054 vero
1083 1014 1298 1067 semper
1324 994 1483 1051 iidem
1512 1004 1685 1050 erant;
1714 995 1848 1049 lline
1867 992 2027 1047 disci-

440 1109 593 1159 mus,
625 1096 789 1147 Deum
822 1093 1017 1161 ubique
1044 1100 1364 1160 praisentem
1391 1103 1532 1143 esse.
1563 1087 1685 1142 llaec
1722 1096 1776 1141 et
1807 1100 1902 1139 nos
1929 1099 2027 1138 au-

438 1186 671 1250 dientes,
699 1184 751 1237 in
781 1181 1157 1236 afﬂictionibus
1182 1180 1255 1234 ad
1280 1195 1403 1234 eum
1430 1178 1819 1247 confugiamus.
1847 1174 1914 1229 Et
1942 1191 2028 1245 ge-

440 1278 654 1338 mitum,
688 1275 890 1344 inquit,
930 1289 1101 1326 eorum
1146 1272 1336 1329 audivi.
1374 1269 1489 1324 Non
1518 1268 1832 1338 simpliciter
1859 1266 2023 1331 dixit,

440 1367 792 1431 Audiri;sed,
812 1368 1032 1434 l'ropter
1055 1362 1406 1416 calamitates.
1434 1358 1587 1426 Quod
1618 1360 1661 1412 si
1690 1358 1810 1427 quis
1837 1357 1981 1409 dicat
2009 1371 2024 1408 :

443 1459 506 1512 Et
535 1473 631 1512 cur
653 1458 769 1511 illos
795 1463 874 1510 sie
897 1455 1054 1524 aflligi
1080 1450 1360 1522 permisit?
1387 1450 1587 1511 audiat,
1611 1449 1756 1503 oumi
1783 1449 1928 1518 justo
1949 1446 2047 1501 af-‘i

439 1551 703 1604 dictiones
733 1563 946 1602 causam
978 1559 1100 1601 esse
1126 1543 1466 1614 pranniorum
1498 1559 1511 1595 :
1544 1542 1628 1596 vel
1656 1542 1776 1596 ideo
1802 1541 1925 1595 illos
1949 1538 2029 1592 af-

442 1643 546 1710 fligi
590 1640 865 1709 permisit,
916 1647 975 1692 ut
1002 1637 1250 1691 virtutem
1295 1651 1443 1688 suam
1489 1633 1614 1688 hinc
1658 1633 2024 1704 splendentem

441 1731 755 1795 exhiberet,
801 1729 1025 1798 illosque
1060 1743 1154 1794 per
1185 1741 1450 1781 a‘rtrntuas
1492 1726 1826 1790 institueret,
1874 1734 1928 1776 ut
1975 1724 2026 1777 in

440 1822 689 1875 euntibus
721 1819 1244 1889 philosopharentur.
1278 1816 1413 1872 Vide
1455 1832 1583 1886 ergo
1611 1831 1731 1869 cum
1764 1824 1946 1870 essent
1975 1816 2040 1870 itr

440 1914 687 1973 deserto,
731 1925 837 1963 non
880 1908 1036 1961 modo
1068 1906 1414 1977 impinguati,
1464 1905 1789 1971 inci-assati,
1824 1905 2025 1959 dilatati

441 2009 599 2066 sunt,
633 2000 725 2054 sed
772 2000 931 2054 etiam
963 1998 1363 2067 deri-liquerunt
1410 1997 1589 2051 Deum.
1640 1995 1845 2064 Ubique
1886 1996 2027 2049 enim

440 2092 602 2145 anitni
632 2090 876 2144 remissio
899 2090 1093 2144 malum
1121 2099 1225 2155 est,
1252 2088 1465 2142 dilecte.
1494 2086 1617 2141 Ideo
1641 2087 1709 2141 ab
1730 2086 2031 2140 initio-dixit

443 2185 694 2238 Adamn:
745 2181 808 2234 In
854 2181 1039 2235 sudore
1083 2181 1247 2233 vultus
1287 2180 1358 2230 tui
1396 2178 1623 2230 comedes
1662 2193 1846 2246 partem
1890 2187 2029 2229 tuam

442 2272 594 2345 (Gen.
626 2274 678 2327 5.
701 2272 813 2343 t9).
842 2272 919 2327 Ne
947 2272 1103 2341 igitur
1123 2285 1186 2323 ex
1212 2268 1502 2322 afﬂictione
1524 2267 1685 2321 multa
1710 2268 1760 2320 in
1784 2282 2026 2336 magnam

442 2366 880 2436 tranquillitatem
911 2363 1218 2427 venientes,
1249 2362 1621 2416 contumeliosi
1661 2370 1876 2426 essent,
1910 2359 2041 2415 illos-

441 2460 601 2527 allligi
637 2456 894 2528 permittit
923 2473 937 2510 :
982 2471 1230 2525 magnum
1266 2456 1412 2508 enim
1437 2455 1632 2507 bonum
1672 2462 1755 2508 est
1789 2453 2029 2507 alllictio.

518 2551 810 2623 Aﬂlictiunis
839 2547 1261 2604 bonane—Audi
1305 2546 1552 2600 Davidetn
1578 2546 1842 2600 dicentem
1877 2562 1890 2597 :
1922 2544 2030 2598 Bo-

446 2661 566 2697 num
595 2643 718 2695 mihi
760 2642 879 2711 quia
917 2638 1193 2693 Itamiliasti
1224 2653 1301 2690 me
1342 2635 1525 2710 (Psal.
1560 2637 1680 2691 “8.
1714 2634 1838 2704 7|).
1877 2635 2031 2702 Quod

447 2737 491 2790 si
524 2733 727 2804 magnis
755 2742 810 2787 et
836 2730 1161 2786 admirandis
1187 2730 1314 2784 viris
1342 2745 1528 2798 magna
1557 2742 1645 2782 res
1673 2739 1754 2782 est
1777 2727 2027 2803 afflictio,

448 2828 615 2882 multo
644 2827 813 2893 magis
837 2824 1011 2877 nobis.
1041 2821 1097 2877 Si
1129 2821 1288 2875 vultis
1308 2862 1323 2886 ,
1372 2820 1541 2890 ipsam
1585 2818 1926 2874 afﬂictionem
1977 2818 2034 2875 in

451 2918 626 2988 seipsa
653 2915 1043 2969 examinemns.
1078 2912 1161 2966 Sit
1184 2911 1306 2982 quis
1335 2912 1573 2982 gaudens
1594 2953 1609 2975 ,
1641 2912 1794 2966 hctus
1819 2920 1873 2965 et
1899 2910 2033 2965 effu-

449 3026 541 3065 sus
564 3026 580 3074 ;
611 3008 736 3078 quid
766 3008 974 3074 turpius
998 3044 1014 3071 ,
1040 3005 1166 3074 quid
1196 3004 1529 3074 insipientins
1556 3006 1681 3083 iljo?
1701 3004 1779 3060 Sit
1797 3005 1917 3075 quis
1938 3005 2042 3059 do-

447 3102 563 3155 lens
620 3107 675 3151 et
721 3110 989 3159 moerens;
1038 3094 1164 3163 quid
1206 3094 1300 3148 illo
1345 3095 1518 3164 magis
1562 3095 2034 3164 philesophicum?

448 3190 653 3245 Idcirco
677 3185 905 3257 Sapiens
934 3184 1189 3240 admonet
1212 3225 1227 3250 ,
1259 3185 1444 3239 dicens
1476 3201 1491 3238 :
1527 3183 1714 3239 Melius
1737 3194 1809 3239 est
1830 3186 2030 3257 ingredi

445 3281 498 3334 in
525 3281 725 3333 domum
754 3278 918 3331 luctus
937 3318 951 3340 ,
982 3292 1131 3347 quam
1159 3277 1212 3330 in
1238 3275 1444 3329 domum
1468 3276 1601 3330 risus
1628 3276 1648 3348 (
1669 3276 1829 3331 Eccli.
1860 3279 1912 3333 7.
1940 3278 2031 3351 ὅ).

448 3371 608 3426 Forte
651 3368 791 3424 dicta
840 3367 1092 3423 irridetis.
1141 3367 1245 3423 Sed
1293 3367 1605 3434 videamus,
1654 3369 1827 3438 qualis
1874 3369 2035 3425 fuerit

447 3463 617 3517 Adam
668 3462 720 3515 in
767 3461 1050 3531 paradiso,
1098 3467 1153 3513 et
1194 3458 1367 3529 qualis
1412 3468 1595 3528 postea
1628 3473 1643 3513 :
1673 3461 1844 3530 qualis
1875 3460 2036 3518 fuerit

448 3554 578 3608 Cain
616 3562 775 3618 ante,
808 3551 984 3621 qualis
1016 3558 1222 3620 postea.
1266 3550 1381 3604 Non
1408 3559 1513 3605 stat
1543 3552 1593 3605 iu
1620 3567 1715 3607 sua
1745 3556 1872 3608 sede
1913 3554 2035 3609 ani-

448 3658 569 3698 mus
590 3683 608 3708 ,
649 3642 743 3696 sed
788 3641 939 3710 quasi
967 3656 995 3693 a
1027 3640 1259 3710 quodam
1284 3652 1443 3695 vento
1473 3642 1678 3696 tollitur
1701 3658 1731 3697 a
1763 3644 2035 3714 voluptate

449 3745 504 3789 et
530 3734 661 3795 levis
703 3732 963 3798 efficitur,
1002 3732 1136 3786 nihil
1182 3731 1385 3785 habens
1428 3730 1663 3786 ﬁrmum.
1710 3734 1920 3789 Etenim
1965 3736 2033 3792 ad

451 3824 832 3897 promis-siones
856 3833 937 3878 est
961 3822 1147 3890 facilis,
1174 3831 1229 3877 et
1260 3823 1329 3876 ad
1351 3823 1706 3892 pollicendum
1733 3838 2031 3897 promptus,

455 3930 510 3972 et
540 3932 728 3986 tnagna
751 3925 835 3970 est
860 3915 1260 3970 ratiociniorum
1293 3915 1583 3969 fluctuatio.
1616 3917 1750 3972 Hinc
1776 3919 1914 3973 risus
1954 3922 2033 3975 in-

456 4008 851 4083 tempestivus,
906 4004 1087 4059 laetitia
1136 4006 1343 4059 ratione
1399 4004 1691 4072 destituta,
1747 4008 2031 4064 verborum

453 4114 643 4169 magna
671 4106 726 4151 et
753 4097 1017 4167 superflua
1039 4098 1332 4165 nugacitas.
1358 4096 1558 4165 Ecquid
1584 4096 1650 4151 de
1670 4097 1787 4151 aliis
1810 4099 2032 4169 loquor?

451 4194 527 4249 De
568 4202 873 4247 sanctorum
921 4189 1103 4258 aliquo
1147 4204 1395 4258 agamus,
1445 4188 1823 4259 videamusque
1861 4193 2034 4261 qualis

448 4287 518 4340 sit
546 4287 597 4340 in
624 4285 898 4354 voluptate
923 4324 936 4348 ,
965 4291 1020 4336 et
1046 4282 1217 4352 qualis
1258 4282 1309 4335 in
1342 4296 1599 4337 mmrore.
1651 4282 1823 4338 Vultis
1871 4284 2030 4339 Davi-

448 4377 570 4431 dem
597 4373 1035 4433 consideremus?
1066 4372 1197 4426 Cum
1245 4388 1373 4444 ergo
1420 4374 1511 4427 ille
1556 4373 1608 4426 in
1660 4375 1933 4444 voluptate
1976 4385 2033 4430 et

451 4469 630 4523 laetitia
661 4477 968 4522 versaretur
996 4480 1025 4517 a
1058 4464 1237 4519 multis
1269 4464 1486 4533 tropaeis
1506 4505 1521 4528 ,
1550 4478 1578 4516 a
1608 4463 1851 4529 victoria,
1883 4479 1911 4516 a
1934 4480 2029 4519 co-

451 4560 618 4623 ronis,
641 4573 671 4623 a
698 4557 935 4619 deliciis,
967 4569 995 4606 a
1028 4553 1220 4608 ﬁducia
1247 4593 1260 4616 ,
1292 4554 1413 4607 vide
1437 4569 1556 4622 qua:
1582 4554 1780 4607 dixerit
1809 4563 1862 4609 et
1888 4553 2032 4610 fece-

448 4654 518 4709 rit
545 4668 559 4705 :
591 4651 700 4719 Ego
724 4660 893 4702 autem
912 4646 1018 4699 dixi
1043 4646 1093 4697 in
1119 4645 1431 4698 abundantia
1464 4661 1593 4707 mea,
1637 4643 1759 4698 Non
1801 4645 2032 4699 movebar

448 4744 499 4796 in
531 4751 771 4795 cateruam
801 4737 982 4808 (Psal.
1010 4735 1102 4790 29.
1134 4736 1164 4789 7
1191 4735 1231 4805 ).
1263 4734 1397 4788 Cum
1429 4744 1606 4787 autem
1641 4736 1691 4787 in
1739 4734 2030 4791 afflictione

450 4834 575 4896 fuit,
606 4828 727 4884 audi
753 4828 876 4899 quid
904 4828 1046 4881 dicat
1075 4844 1088 4880 :
1122 4825 1187 4879 Et
1211 4826 1255 4879 si
1282 4825 1465 4879 dixerit
1493 4825 1636 4887 mihi,
1665 4825 1824 4879 Nolui
1840 4835 1904 4892 te,
1919 4842 2031 4881 ecce

445 4939 575 4994 ego;
604 4922 757 4992 faciat
786 4920 909 4973 mihi
937 4917 1070 4985 quod
1097 4918 1338 4987 placitum
1362 4925 1435 4970 cst
1456 4932 1627 4969 coram
1647 4917 1757 4984 ipso
1782 4916 1870 4987 (2.
1898 4918 2025 4988 Reg.

448 5017 535 5070 15.
556 5014 629 5068 26
649 5014 688 5081 ).
710 5011 845 5078 Quid
870 5009 953 5063 his
980 5008 1159 5064 verbis
1179 5009 1345 5076 magis
1377 5007 1799 5075 philosophicum
1818 5007 1841 5059 ?
1862 5008 2028 5076 Quid-

446 5106 572 5174 quid
602 5102 711 5157 Deo
738 5103 905 5170 magis
950 5107 1158 5169 gratum
1211 5097 1402 5161 fuerit,
1451 5098 1659 5167 inquit,
1708 5097 1759 5153 id
1805 5098 1915 5152 fiat.
1962 5100 2027 5154 Et

447 5210 656 5252 rursum
700 5193 843 5247 Sauli
887 5190 1098 5245 dicebat
1124 5206 1139 5242 :
1168 5189 1229 5243 Si
1276 5199 1445 5242 autem
1485 5187 1623 5242 Deus
1664 5201 1938 5243 commovet
1980 5201 2028 5245 te

441 5298 620 5342 contra
651 5302 759 5351 me,
802 5283 1069 5338 odoratum
1110 5282 1176 5336 sit
1218 5280 1523 5349 sacri/icium
1563 5291 1701 5333 tuum
1749 5280 1769 5351 (
1791 5282 1841 5335 l.
1890 5280 2019 5351 Reg.

444 5377 535 5431 26.
570 5376 636 5431 t9
662 5378 698 5445 ).
732 5374 800 5429 Et
829 5383 953 5427 tunc
977 5413 993 5439 ,
1022 5387 1145 5426 cum
1181 5381 1326 5425 esset
1378 5370 1430 5424 itt
1480 5370 1768 5425 afflictione
1793 5411 1807 5435 ,
1861 5372 2023 5427 etiam

448 5468 677 5522 inimicis
703 5464 986 5535 parcebat;
1016 5474 1197 5535 postea
1222 5478 1350 5517 vero
1379 5476 1549 5531 neque
1588 5462 1773 5515 amicis
1796 5502 1812 5529 ,
1850 5477 2023 5531 neque

447 5558 513 5612 iis
531 5559 618 5626 qui
632 5573 690 5611 se
715 5555 846 5610 tnhil
865 5557 1132 5609 Ireserant.
1153 5553 1360 5607 Rursus
1381 5552 1546 5607 Jacob
1565 5567 1686 5605 cutn
1711 5553 1762 5605 in
1785 5566 2021 5605 :ernmna

442 5654 587 5701 esset
610 5685 624 5707 ,
654 5645 869 5700 dicebat
895 5662 907 5697 :
941 5643 1003 5698 Si
1039 5643 1228 5697 dederit
1260 5643 1383 5695 mihi
1409 5641 1544 5695 Deus
1572 5657 1750 5709 partem
1779 5640 1846 5692 ad
1876 5657 2021 5693 man-

442 5741 731 5799 ducandum
784 5749 833 5797 et
858 5740 1201 5797 vestimentum
1219 5756 1319 5810 quo
1344 5739 1545 5811 aperior
1566 5739 1590 5810 (
1612 5737 1739 5791 Gen.
1767 5736 1854 5792 28.
1880 5735 1950 5790 20
1975 5736 2016 5806 ).

1168 335 1225 396 Β.
1256 334 1540 398 ΚᾺΝΝΙΞ
1569 330 2051 392 CIIRYSOSTOMI
2078 328 2396 389 ARCIIIEP.
2436 333 2966 394 (IONST.\N'i"i'NOP.

3612 333 3713 389 l3!

2129 446 2196 501 Et
2223 446 2364 501 ﬁlius
2392 446 2503 502 Noe
2529 459 2684 504 antea
2713 451 2841 505 nihil
2876 452 2981 507 tale
3012 450 3245 517 fecerat;
3287 451 3375 505 ubi
3419 460 3596 507 autem
3646 458 3717 509 de

2128 536 2564 593 salute‘cnnﬁsus
2593 550 2674 593 est
2692 582 2707 606 ,
2737 542 2887 595 audis
2912 558 3069 612 quam
3096 544 3513 598 contumeliosus
3545 545 3717 599 factus

2128 630 2220 684 sit.
2263 630 2341 684 Et-
2374 630 2631 684 Ezechias
2666 647 2787 686 cum
2816 634 3157 687 inarerumnisv
3175 642 3349 696 esset,
3383 633 3506 689 vide
3536 636 3716 704 qualia

2076 779 2084 789 ,
2130 734 2226 789 pro
2260 721 2434 775 salute
2461 721 2646 775 fecerit
2674 739 2686 773 :
2716 737 2926 777 saccum
2956 724 3098 778 enim
3133 723 3329 790 induit“,
3375 735 3429 779 et
3472 725 3524 779 in
3575 736 3717 783 terra

2129 810 2307 877 sedit;
2336 811 2423 865 ubi
2449 821 2626 867 autem
2656 813 2709 866 in
2734 813 3005 883 voluptate
3032 813 3158 878 fuit,
3192 817 3386 871 cecidit
3434 833 3543 886 prae
3593 818 3717 872 alti-

2130 903 2317 958 tudine
2362 905 2543 958 cordis
2587 904 2691 959 sui.
2746 905 2871 959 ideo
2924 905 3133 977 Moyses
3158 907 3449 974 admonet,
3482 909 3719 965 dicens:

2130 991 2254 1048 Cum
2279 995 2554 1049 comederis
2575 1006 2621 1049 et
2652 996 2832 1051 biberis
2856 1006 2905 1053 et
2932 1009 3187 1051 saturatas
3216 1000 3372 1069 fueris
3390 1042 3407 1065 ,
3452 1000 3722 1056 recordare

2131 1083 2340 1137 Domini
2366 1085 2465 1139 Dei
2492 1087 2611 1156 tui~-(
2638 1086 2788 1141 Deut.
2809 1090 2862 1142 6.
2895 1088 3017 1155 12).
3039 1088 3282 1158 Prarceps
3303 1099 3388 1143 est
3405 1092 3548 1143 enim
3568 1090 3719 1146 locus

2130 1176 2444 1231 deliciarum
2464 1219 2493 1244 ,.
2531 1186 2595 1233 et
2614 1179 2937 1234 oblivionem
2966 1180 3309 1234 Dei‘indueit.
3345 1181 3480 1235 Cum
3509 1181 3718 1251 afﬂige-

2132 1278 2321 1322 rentur
2354 1269 2653 1337 lsraelitze,
2702 1270 2871 1325 multo
2915 1272 3095 1339 plures
3139 1280 3328 1335 erant;
3375 1287 3497 1324 cum
3539 1282 3717 1326 autem

2132 1360 2255 1414 illos
2280 1359 2603 1424 dimitteret,
2638 1368 2764 1415 tunc
2792 1376 2979 1415 omnes
3008 1362 3279 1429 peribant.
3301 1361 3367 1414 Et
3400 1377 3498 1415 cur
3537 1375 3716 1416 vetera

2132 1450 2374 1518 exempla
2403 1449 2605 1504 affero?
2631 1450 2716 1503 Ex;
2736 1450 2889 1504 nobis
2920 1450 3049 1519 ipsis
3077 1451 3381 1517 videamus,
3425 1452 3469 1506 si
3523 1453 3715 1521 placet.

2133 1540 2219 1594 Es-
2239 1541 2437 1595 noswis
2469 1541 2682 1609 plurimi
2710 1542 2761 1594 in
2786 1541 2961 1595 rebus
2975 1542 3248 1611 prosperis
3277 1541 3531 1595 inflantur
3549 1582 3564 1605 ,
3594 1558 3716 1595 οιιι-

2134 1630 2289 1684 nibus
2319 1631 2517 1685 inimici
2539 1630 2859 1697 ,imcundi,
2888 1632 3011 1686 dum
3057 1642 3316 1701 potestate
3364 1632 3542 1687 valent
3569 1649 3586 1698 ;
3621 1650 3718 1687 su-

2133 1721 2273 1775 blata
2302 1736 2445 1775 vero
2464 1731 2762 1791 potestate,
2796 1724 3228 1791 mansueti-sunt,
3261 1723 3507 1786 humiles,
3539 1726 3715 1788 mites,

2135 1814 2193 1867 in
2214 1823 2416 1868 natura:
2444 1830 2553 1868 sua:
2579 1816 2953 1885 cogitationem
2980 1817 3399 1884 veniunt..de
3436 1833 3523 1872 res
3553 1818 3625 1872 ita
3660 1835 3720 1874 se

2134 1904 2329 1960 habeat
2351 1946 2367 1970 ,
2394 1908 2629 1961 ostendit
2660 1908 2821 1962 David
2843 1948 2858 1975 ,
2889 1908 3078 1963 dicens
3104 1927 3117 1962 :
3154 1909 3335 1962 Tenuit
3360 1926 3444 1963 eos
3483 1912 3720 1978 superbia

2133 1990 2185 2043 in
2240 1992 2391 2059 ﬁnem
2432 2006 2450 2043 :
2499 1992 2718 2061 prodibit
2764 1996 2909 2062 quasi
2953 2009 3016 2046 ea:
3060 1993 3217 2062 adipe
3261 1993 3496 2059 iniquitas
3546 2009 3721 2048 eorum

2135 2078 2321 2148 (Psal.
2352 2081 2439 2135 72.
2472 2081 2524 2135 6.
2560 2081 2650 2152 7).
2682 2082 2809 2136 llzec
2832 2097 2862 2135 a
2893 2098 2979 2136 me
3006 2082 3147 2137 dicta
3175 2092 3299 2137 sunt
3321 2091 3427 2149 ,ιιι
3455 2098 3522 2138 ne
3542 2084 3718 2138 omni-

2134 2170 2235 2225 bus
2256 2170 2428 2224 modis
2447 2172 2698 2240 gaudium
2724 2188 3046 2242 quaeramus.
3078 2175 3142 2227 Et
3164 2175 3451 2243 quomodo,
3483 2176 3716 2245 inquies,

2134 2264 2210 2317 ait
2246 2263 2443 2317 Paulus
2474 2281 2499 2317 ι
2534 2264 2763 2318 Gaudete
2803 2281 2999 2336 semper
3039 2265 3312 2337 (Philipp.
3345 2267 3398 2320 4.
3431 2269 3463 2320 4
3493 2267 3550 2333 )?
3600 2267 3717 2322 Non

2134 2354 2450 2423 simpliciter
2474 2355 2608 2409 dixit
2631 2395 2660 2423 ,.
2678 2356 2921 2411 Gaudete
2941 2396 2971 2421 ,.
2990 2357 3091 2411 sed
3112 2357 3348 2423 addidit,
3378 2357 3408 2412 Ι
3413 2378 3445 2413 ιι
3474 2359 3714 2416 Domino.

2207 2448 2258 2500 4.
2284 2444 2537 2499 Gaudium
2555 2448 2808 2518 quodnam
2826 2450 2891 2502 sit
2912 2448 3308 2505 bonum.-—-lloe
3326 2453 3612 2507 maximum
3637 2463 3720 2508 est

2134 2538 2421 2607 gaudium;
2455 2539 2548 2593 tali
2587 2540 2887 2608 gaudebant
2930 2545 3192 2611 apostoli;
3224 2542 3479 2612 gaudium
3514 2544 3717 2599 lucrum

2135 2629 2364 2684 afferens
2400 2646 2415 2684 :
2445 2630 2586 2700 quod
2611 2632 2997 2698 acarceribus,
3026 2648 3055 2685 a
3086 2632 3261 2703 flagris
3283 2674 3298 2699 ,
3343 2648 3372 2688 a
3418 2650 3717 2705 persequu-

2137 2721 2405 2787 tionibus,
2439 2736 2471 2775 a
2501 2723 2637 2775 tnala
2674 2722 2821 2776 fama
2841 2733 2895 2779 et
2923 2740 2955 2777 a
2982 2725 3222 2780 tristibus
3254 2728 3473 2781 omnino
3516 2728 3716 2797 princi-

2137 2813 2282 2881 pium
2309 2821 2364 2867 et
2406 2813 2640 2867 radicem
2678 2813 2838 2869 habet
2880 2825 2934 2870 et
2980 2818 3314 2872 occasionem
3347 2836 3361 2872 :
3393 2819 3533 2873 unde
3570 2828 3622 2873 et
3666 2821 3717 2876 in

2136 2903 2347 2957 bonum
2367 2902 2530 2959 finem
2556 2907 2818 2975 pervenit.
2850 2906 3114 2961 Gaudium
3143 2924 3267 2964 vero
3293 2910 3476 2965 mundi
3520 2925 3674 2965 secus
3705 2930 3718 2966 :

2138 2998 2326 3069 incipit
2373 3000 2519 3054 enim
2565 3015 2596 3054 a
2646 3001 2933 3067 suavibus,
2977 3002 3281 3072 desinitque
3330 3004 3383 3057 in
3431 3004 3717 3058 tristitiam.

2138 3087 2321 3158 Neque
2365 3104 2464 3158 ego
2516 3091 2772 3158 prohibeo
2819 3091 3052 3161 gaudere
3096 3094 3148 3146 in
3198 3094 3457 3161 Domino,
3512 3095 3619 3148 into
3662 3096 3717 3149 id

2137 3178 2293 3233 valde
2320 3178 2607 3233 admoneo.
2642 3178 3073 3249 Flagellahantur
3109 3184 3370 3251 apostoli,
3418 3192 3472 3237 et
3517 3184 3719 3253 gaude-

2140 3268 2306 3334 bant;
2335 3270 2720 3335 vinciebantur,
2741 3282 2794 3327 et
2818 3272 3016 3342 gratias
3040 3273 3295 3342 agebant;
3327 3273 3718 3343 lapidahantnr,

2138 3372 2192 3417 et
2216 3362 2597 3432 praedicabant.
2626 3363 2738 3418 Hoc
2766 3372 2819 3418 et
2848 3380 2947 3434 ego
2983 3365 3143 3419 velint
3189 3366 3442 3435 gaudium
3471 3384 3484 3419 :
3516 3368 3656 3437 quod
3690 3385 3721 3423 a

2140 3455 2287 3510 nullo
2317 3456 2585 3524 corporali
2631 3456 2837 3510 initium
2880 3457 3106 3523 habent,
3148 3457 3243 3513 sed
3283 3472 3313 3511 a
3359 3459 3723 3528 spiritualibus

2138 3552 2322 3606 rebus.
2352 3550 2469 3606 Non
2511 3560 2682 3621 potest
2727 3552 2817 3621 qui
2857 3551 3148 3605 secundum
3195 3551 3452 3606 mundum
3494 3553 3719 3623 gaudet,

2141 3643 2299 3697 simul
2323 3652 2379 3697 et
2405 3643 2698 3697 secundum
2734 3643 2897 3697 Deum
2924 3642 3156 3713 gaudere
3189 3659 3203 3696 :
3236 3644 3410 3699 omnis
3432 3645 3572 3698 enim
3593 3686 3608 3710 ,
3631 3645 3721 3712 qui

2138 3734 2428 3789 secundum
2453 3733 2705 3788 mundutn
2735 3734 2924 3803 gaudet
2950 3775 2966 3800 ,
3010 3734 3078 3788 de
3117 3733 3318 3788 divitiis
3363 3736 3599 3804 gaudet,
3651 3735 3722 3791 de

2142 3828 2451 3896 voluptate,
2484 3827 2552 3882 de
2596 3827 2796 3897 gloria,
2840 3827 2908 3882 de
2956 3828 3223 3896 potentia,
3270 3826 3338 3881 de
3383 3829 3718 3897 arrogantia;

2137 3919 2225 3986 qui
2276 3933 2405 3973 vero
2446 3918 2737 3972 secundum
2788 3917 2990 3982 Deum,
3046 3918 3115 3972 de
3168 3918 3453 3987 ignominia
3505 3929 3722 3988 propter

2140 4008 2325 4071 iHum,
2377 4008 2445 4062 de
2489 4017 2839 4077 paupertate,
2886 4007 2953 4061 de
3003 4008 3211 4077 inopia,
3262 4007 3331 4062 de
3368 4008 3606 4076 jejunio,
3653 4010 3721 4065 de

2138 4099 2456 4155 humilitate.
2485 4100 2672 4155 Viden”
2695 4117 2851 4170 quam
2879 4102 3144 4155 contraria
3176 4104 3527 4171 argumenta?
3555 4103 3722 4168 Quot-

2137 4202 2266 4262 quot
2299 4192 2385 4246 hic
2413 4200 2561 4246 extra
2589 4191 2840 4262 gaudium
2864 4200 3024 4257 sunt,
3052 4203 3199 4245 extra
3233 4206 3522 4245 interorem
3554 4201 3716 4254 sunt;

2136 4294 2190 4339 et
2218 4291 2478 4354 quotquot
2507 4292 2654 4337 extra
2682 4297 2991 4347 mmrorem,
3020 4291 3144 4337 sunt
3167 4282 3328 4337 etiam
3376 4291 3524 4336 extra
3566 4282 3717 4335 volu-

2137 4388 2358 4447 ptatem.
2389 4376 2456 4429 Et
2481 4390 2665 4429 revera
2694 4374 2808 4429 hzec
2838 4384 2983 4440 sunt,
3011 4390 3130 4443 quae
3156 4389 3340 4428 verum
3368 4372 3616 4442 gaudium
3638 4374 3713 4426 fa-

2136 4468 2321 4532 ciunt,
2354 4466 2604 4536 quoniam
2638 4465 2727 4518 illa
2758 4480 2951 4519 nomen
3003 4472 3206 4517 tantum
3254 4463 3430 4533 gaudii
3476 4463 3718 4528 habent,

2138 4568 2307 4611 totttm
2327 4566 2503 4611 autem
2531 4557 2588 4609 in
2608 4570 2839 4610 mcerore
2863 4557 3021 4609 situm
3049 4563 3149 4608 est.
3179 4554 3444 4621 Quantttm
3472 4553 3717 4608 mceroris

2138 4649 2298 4704 habet
2324 4649 2625 4719 arrogans?
2653 4656 2909 4717 quantum
2940 4647 3261 4717 pnepeditur
3286 4646 3413 4700 dum
3457 4661 3715 4715 arrogan-

2138 4753 2218 4796 ter
2263 4742 2415 4812 agit?
2466 4741 2608 4795 Mille
2658 4740 2759 4795 sibi
2812 4748 2964 4809 parat
3012 4738 3406 4801 contumelias,
3464 4752 3713 4805 magnum

2133 4833 2358 4898 odium,
2399 4847 2646 4903 magnam
2696 4830 3064 4895 inimicitiam,
3117 4827 3373 4883 invidiam
3419 4826 3726 4896 ingentem-

2133 4925 2265 4979 Nam
2296 4925 2341 4977 si
2372 4938 2401 4975 a
2430 4922 2721 4991 majoribus
2750 4921 3079 4975 contumelia
3101 4919 3395 4982 afﬁciatur,
3435 4917 3617 4976 dolet:
3668 4919 3715 4972 si

2134 5031 2240 5068 non
2268 5022 2452 5069 contra
2483 5027 2672 5067 omnes
2701 5012 2975 5082 insurgat,
3004 5011 3299 5066 mordetur.
3331 5009 3556 5064 Humilis
3586 5025 3730 5065 vero-

2134 5106 2185 5158 in
2215 5105 2378 5159 multa
2408 5115 2493 5158 est
2516 5103 2809 5172 voluptate,
2832 5117 2863 5156 a
2896 5103 3042 5157 nullo
3071 5102 3329 5156 honorem
3357 5111 3678 5169 exspectans
3699 5117 3717 5153 :

2132 5196 2177 5250 si
2207 5196 2520 5261 honoretur,
2549 5194 2778 5263 gaudet;
2806 5194 2849 5247 si
2878 5209 2983 5248 neu
3014 5193 3341 5256 honoretur,
3373 5205 3481 5245 non
3530 5190 3675 5244 dolet
3695 5230 3714 5257 ,

2132 5287 2239 5340 into
2263 5286 2457 5356 gaudet
2494 5286 2633 5356 quod
2664 5301 2770 5340 non
2802 5285 3092 5341 honoratus
3136 5285 3206 5338 sit
3236 5284 3275 5336 ⁸.
3311 5284 3492 5351 Itaque
3538 5282 3716 5336 hono-

2129 5391 2244 5430 rem
2291 5391 2395 5429 non
2435 5393 2674 5446 qumrere
2708 5386 2761 5432 et
2790 5376 3079 5440 honorari,
3109 5374 3161 5428 id
3193 5389 3438 5444 magnam
3470 5372 3717 5442 volupta-

2131 5475 2235 5520 tem
2268 5466 2425 5536 parit.
2454 5466 2565 5522 illic
2594 5482 2723 5522 vero
2748 5468 3075 5522 contrarium
3103 5465 3331 5531 accidit;
3376 5464 3568 5536 quarrit
3610 5462 3717 5518 ho-

2192 5623 2209 5685 ε
2246 5618 2467 5685 Βουιιωο
2490 5622 2555 5671 ita
2589 5623 2881 5685 versionem_
2901 5619 3225 5685 Graecamhtc
3248 5626 3505 5685 immutare
3529 5615 3713 5685 placet,

2127 5684 2248 5792 utﬁin
2273 5683 2677 5793 interpretatione
2702 5682 2967 5746 legendum
2991 5683 3055 5731 sit
3074 5713 3091 5742 ,
3116 5680 3212 5732 imo
3235 5680 3350 5732 satis
3373 5682 3521 5732 haec:
3555 5680 3596 5728 si
3618 5688 3723 5726 tum

2125 5756 2187 5795 tu.
2209 5757 2321 5794 onor
2370 5756 2448 5794 ur.
