4088 6142
280 232 377 288 131

281 345 408 413 γείᾳ
428 339 524 396 τοῦ
553 340 815 413 Χριστοῦ.
861 341 1047 414 Πολλῷ
1089 343 1534 417 θαυμασιώτερον
1572 345 1732 400 τοῦτο
1769 346 1866 400 τοῦ

274 435 442 489 τόπου
498 435 558 486 ἐν
585 437 698 497 τοίς
737 433 941 501 Ἀγίοις
965 434 1075 487 τῶν
1105 434 1277 496 ἁγίων
1301 453 1314 466 ·
1342 436 1459 488 ἐκεῖ
1501 437 1610 508 γάρ
1635 434 1870 505 οὐδαμοῦ

276 515 657 587 ἐφάνηιοῦτως
680 519 709 569 6
736 516 892 582 Θεὸς,
923 516 1161 586 οὐδαμοῦ
1189 517 1361 582 οὕτως
1390 520 1650 591 ἔντρομος
1678 519 1870 588 γέγονε

276 604 541 674 Μωῦσῆς.
560 599 722 666 Εἶδες
748 603 848 674 τὴν
893 604 1338 673 φιλανθρωπίαν;
1375 607 1520 675 Ὅρα
1554 605 1739 660 λοιπὸν
1774 606 1869 659 καὶ

275 690 373 760 τὴν
428 686 783 758 κηδεμονίαν,
841 684 998 739 Ἰδὼν
1027 681 1240 738 είδονιι
1291 687 1406 753 τὴν
1447 687 1716 740 κάκωσιν
1762 686 1868 740 τοῦ

276 772 428 828 λαοῦ
453 788 597 840 μου,
621 771 776 838 φησὶ,
809 769 916 822 τοῦ
939 769 1009 822 ἐν
1027 769 1325 838 Αἰγύπτῳ,
1349 769 1448 822 καί
1481 770 1584 823 τοῦ
1618 784 1869 837 στεναγ-

273 860 389 929 μοῦ
408 855 891 924 αὑτῶν-ἤκουσα,
941 855 1040 908 καὶ
1083 855 1345 922 κατέϐην
1393 855 1710 919 ἐξελέσθαι
1760 857 1867 910 al)-

278 942 438 1006 τούς.
466 939 576 993 Καί
601 939 720 990 νῦν
740 937 941 1004 δεῦρο,
966 938 1305 990 ἀποστείλω
1335 955 1407 990 σε
1433 939 1863 1006 είςΑῑγυπτον.

279 1024 444 1092 Ὅρα,
476 1021 596 1084 πῶς
623 1019 914 1084 δείκνυσιν,
943 1021 1024 1072 ὅτι
1054 1019 1151 1072 καὶ
1193 1019 1257 1071 δι’
1282 1019 1637 1088 εὐεργεσιῶν,
1665 1022 1758 1073 καὶ
1780 1020 1868 1074 διά

278 1103 570 1160 κολάσεων,
603 1103 697 1155 καὶ
719 1102 806 1155 διὰ
843 1102 1136 1171 θαυμάτων
1183 1102 1416 1170 ἐπήγετο
1462 1101 1689 1161 αὐτούς·
1731 1103 1782 1154 οἱ
1810 1102 1866 1155 δὲ

277 1189 330 1241 οἱ
351 1187 508 1240 αὐτοὶ
540 1183 705 1255 ἦσαν.
745 1184 934 1246 Οὕτως
961 1183 1207 1236 ἐντεῦθεν
1233 1186 1596 1254 μανθάνομεν,
1613 1186 1697 1238 ὅτι
1731 1202 1866 1237 παν-

277 1274 445 1344 ταχοῦ
481 1273 740 1342 πάρεστιν
764 1272 795 1323 6
821 1270 970 1333 Θεός.
999 1269 1185 1324 Ταῦτα
1221 1271 1508 1335 ἀκούοντες
1528 1313 1544 1336 ,
1588 1272 1685 1325 καὶ
1705 1274 1867 1342 ἡμεῖς

277 1361 335 1410 ἐν
371 1360 494 1420 ταῖς
519 1355 736 1424 θλίψεσι
761 1354 900 1426 πρὸς
923 1353 1084 1408 αὐτὸν
1133 1355 1588 1424 καταφεύγωμεν.
1616 1355 1725 1409 Καὶ
1759 1355 1865 1409 τοῦ

277 1443 623 1511 στεναγμοῦ
643 1441 754 1512 γὰρ
779 1439 996 1502 αὐτῶν,
1040 1441 1227 1509 φησὶν,
1255 1441 1512 1508 ἤκουσα.
1537 1443 1647 1511 Οὐχ
1679 1442 1867 1506 άπλῶς

278 1523 761 1589 εἷπεν,”11›ιουσα,
785 1523 940 1587 ἀλλά,
971 1522 1059 1574 διά
1087 1522 1186 1584 τάς
1220 1523 1508 1594 συμφοράς
1541 1523 1591 1577 ι).
1624 1524 1685 1575 Et
1705 1523 1760 1575 δέ
1781 1541 1864 1587 τις

278 1610 460 1678 λέγοι,
497 1609 608 1660 Kal
638 1608 782 1668 τίνος
832 1606 1015 1657 ἕνεκεν
1039 1615 1060 1642 ο
1114 1606 1310 1667 αὐτοὺς
1342 1605 1492 1658 εἴασε
1547 1604 1865 1674 κακωθῆναι

277 1694 489 1757 οὖτωςς
522 1693 785 1753 ἀκουέτω,
821 1691 902 1742 ὅτι
943 1690 1177 1759 μάλιστα
1214 1689 1313 1760 μέν
1346 1686 1440 1742 οῦν
1479 1692 1642 1744 παντὶ
1670 1691 1865 1760 δικαίῳ

279 1779 335 1830 αῖ
367 1777 640 1838 κακώσεις
671 1776 838 1828 αἴτιαι
873 1773 1080 1842 μισθῶν
1101 1774 1344 1840 γίνονται
1369 1787 1384 1802 ⁶
1412 1774 1445 1843 ἢ
1478 1774 1571 1826 καὶ
1592 1773 1680 1826 διὰ
1706 1773 1865 1826 τοῦτο

280 1862 476 1922 αὐτοὺς
505 1858 686 1927 ἀφῆκε
722 1855 1045 1917 κακοῦσθαι,
1083 1856 1171 1908 ’ίνα
1203 1855 1302 1925 τὴν
1326 1855 1490 1908 αὑτοῦ
1511 1855 1743 1924 δύναμιν
1769 1857 1864 1910 καὶ

281 1941 531 1994 ἐντεῦθεν
559 1938 706 2010 δείξῃ
737 1939 1169 2008 διαλάμπουσαν,
1212 1937 1496 2000 κάκείνους
1527 1937 1594 1989 δι’
1627 1931 1702 1990 ῶν
1735 1940 1864 1990 ἐκα-

281 2022 470 2076 κοῦντο
503 2025 584 2085 είς
623 2022 802 2074 πάντα
852 2018 1117 2091 παιδεύσῃ
1157 2018 1490 2086 φιλοσοφεῖν.
1521 2019 1664 2089 Ὅρα
1709 2018 1863 2085 γοῦν,

278 2107 366 2162 ὅτε
395 2103 541 2178 ἦσαν
580 2107 638 2157 ἐν
661 2107 728 2173 τῇ
773 2105 985 2174 ἐρήμῳ,
1021 2103 1082 2156 οὐ
1121 2101 1280 2172 μόνον
1315 2101 1698 2172 ἐλιπάνθησαν,
1726 2104 1863 2156 ἐπα-

280 2192 572 2263 χύνθησαν,
603 2186 1038 2256 ἐπλατύνθησαν,
1083 2186 1219 2239 ἀλλά
1253 2185 1349 2238 καὶ
1384 2187 1745 2254 ἐγκατέλιπον
1772 2188 1864 2240 τὸν

280 2274 430 2326 Θεόν.
470 2268 754 2340 Πανταχοῦ
785 2269 894 2340 γὰρ
918 2271 950 2339 ὴ
990 2268 1192 2330 ἄνεσις,
1230 2270 1482 2337 ἀγαπητέ
1505 2311 1520 2334 ,
1548 2271 1739 2324 κακόν.
1765 2271 1864 2324 Διά

280 2355 437 2410 τοῦτο
462 2356 556 2407 καὶ
584 2353 646 2417 ἐξ
665 2355 838 2425 ἀρχῆς
859 2353 936 2422 τῷ
961 2352 1131 2422 ’Δδὰμ
1151 2352 1336 2420 ἐλεγεν
1362 2369 1374 2382 ·
1415 2353 1517 2406 Ἐν
1535 2352 1730 2422 ίδρῶτι
1757 2353 1865 2408 τοῦ

281 2440 608 2508 προσώπου
625 2457 745 2493 σου
768 2439 933 2508 φάγῃ
961 2438 1069 2491 τὸν
1088 2439 1271 2506 ἄρτον
1293 2455 1430 2494 σου.
1457 2440 1575 2494 Ἰνα
1599 2440 1776 2493 τοίνυν
1799 2443 1865 2495 ἐκ

278 2523 377 2593 τῆς
394 2522 598 2592 πολλῆς
621 2520 914 2583 κακώσεως
935 2523 1015 2584 είς
1027 2521 1212 2575 ἄνεσιν
1226 2522 1468 2584 ἐλθόντες
1486 2523 1560 2593 μὴ
1577 2524 1860 2594 ὑδρίσωσι,

280 2605 556 2660 θλίϐεσθαι
584 2604 778 2666 αὐτοὺς
792 2606 1082 2673 συγχωρεῖ·
1110 2603 1248 2673 μέγα
1276 2605 1383 2674 γάρ
1401 2606 1434 2673 ή
1453 2605 1627 2674 θλῖψις
1639 2607 1861 2674 ἀγαθόν.

348 2700 461 2753 Kal
493 2699 576 2752 δτι
595 2697 817 2766 ἀγαθὸν,
853 2697 1018 2751 ἄκουε
1057 2696 1151 2749 τοῦ
1186 2696 1348 2751 Δαυῒδ
1379 2697 1626 2765 λέγοντος
1646 2715 1660 2729 ·
1697 2701 1864 2768 Ἀγα-

280 2783 384 2836 θόν
418 2799 526 2850 μοι
576 2781 665 2834 ὅτι
711 2779 1119 2843 ἐταπείνωσάς
1135 2797 1229 2848 με.
1271 2781 1333 2833 El
1359 2780 1414 2831 66
1456 2783 1566 2843 τοῖς
1609 2781 1864 2850 μεγάλοις

281 2864 372 2917 καὶ
393 2864 733 2934 θαυμαστοῖς
772 2863 995 2933 ἀνδράσι
1027 2863 1168 2933 μέγα
1204 2863 1458 2933 ὴθλῖψις,
1501 2863 1680 2933 πολλῷ
1731 2865 1864 2934 μᾶλ-

280 2945 366 2999 λον
399 2948 554 3016 ἡμῖν.
601 2946 664 2998 Et
699 2944 952 3014 βούλεσθε
979 2945 1056 3009 δὲ,
1087 2945 1180 2998 καὶ
1215 2945 1384 3016 αὐτὴν
1419 2945 1504 3012 ἐφ’
1542 2945 1743 3012 ἑαυτῆς
1765 2945 1863 3013 τὴν

283 3028 465 3096 θλῖψιν
503 3025 658 3099 [152]
688 3027 1055 3095 ἐξετάσωμεν.
1099 3028 1280 3079 Ἔστω
1313 3043 1398 3089 τις
1427 3026 1632 3097 χαίρων
1658 3027 1862 3097 σφόδρα

279 3112 372 3163 καὶ
401 3109 651 3179 γεγηθὼς
679 3111 770 3162 καὶ
797 3108 1144 3178 διαχεόμενος
1161 3123 1176 3137 ⁸
1212 3108 1264 3161 τί
1296 3109 1786 3179 ἀσχημονέστερον,
1809 3108 1863 3161 τί

281 3194 635 3262 ἀνοητότερον
669 3191 894 3256 τούτους
930 3189 1112 3243 Ἔστω
1143 3208 1225 3253 τις
1253 3191 1433 3258 ἀλγῶν
1478 3193 1570 3245 καὶ
1599 3191 1822 3262 ἀθυμῶν
1843 3209 1861 3225 ·

280 3273 334 3324 τί
362 3270 555 3324 τούτου
603 3267 1065 3338 φιλοσοφώτερον;
1118 3269 1214 3320 Διά
1262 3269 1422 3321 τοῦτο
1466 3273 1561 3322 καὶ
1619 3270 1649 3322 6
1700 3269 1861 3337 σοφὸς

283 3354 538 3422 παραινεῖ
576 3350 786 3420 λέγων·
842 3349 1120 3416 Κρεῒττον
1159 3351 1247 3415 είς
1293 3351 1488 3403 οὶκίαν
1530 3351 1558 3390 ἀ
1601 3351 1863 3419 πένθους

269 3435 595 3497 εἰσελθεῖν,
620 3435 658 3500 ἢ
689 3435 774 3499 είς
807 3433 1006 3486 οὶκίαν
1028 3433 1304 3501 γέλωτος.
1349 3433 1501 3502 Τάχα
1537 3435 1628 3486 καὶ
1656 3435 1861 3504 διαμω-

285 3517 448 3570 κᾶσθε
485 3517 558 3569 τά
594 3515 885 3585 λεγόμενα.
944 3513 1090 3584 Πλὴν
1132 3514 1350 3582 ἴδωμεν,
1386 3510 1496 3577 οἷος
1540 3511 1608 3585 ἦν
1633 3516 1662 3566 6
1693 3517 1863 3586 Ἀδὰμ

280 3601 338 3652 ὲν
371 3598 704 3670 παραδείσῳ,
740 3596 831 3649 καὶ
872 3591 984 3653 οἷος
1040 3596 1178 3666 μετά
1207 3594 1379 3647 ταῦτα
1409 3591 1477 3666 ἦν
1500 3612 1514 3626 ·
1562 3591 1672 3659 οἷος
1717 3592 1785 3667 ἦν
1834 3600 1864 3651 6

283 3683 421 3735 Κάῖν
483 3681 591 3747 πρὸ
637 3679 852 3742 τούτου,
905 3678 1001 3730 καὶ
1043 3673 1150 3740 οίος
1189 3673 1258 3748 ἦν
1308 3679 1444 3747 μετά
1495 3674 1684 3731 ταῦτα.
1750 3678 1862 3750 Ούχ

280 3772 511 3840 ἔστηκεν
539 3770 633 3822 ἐπὶ
681 3769 781 3840 τῆς
833 3767 1035 3830 οἰκείας
1078 3767 1240 3836 ἐδρας
1279 3767 1314 3837 ή
1338 3766 1503 3836 ψυχὴ,
1533 3767 1646 3820 ἀλλ’
1671 3766 1860 3840 ὥσπερ

282 3863 384 3917 ὑπό
417 3878 564 3922 τινος
604 3859 914 3928 πνεύματος
942 3859 1152 3928 αἴρεται
1185 3856 1287 3925 τῆς
1331 3856 1525 3928 ἡδονῆς
1547 3857 1640 3910 καὶ
1667 3859 1861 3926 κουφί-

282 3954 452 4018 ζεται,
473 3951 626 4004 οὐδὲν
657 3949 855 4020 ἔχουσα
890 3948 1120 4018 βέϐαιον.
1153 3948 1262 4000 Kal
1293 3947 1398 4017 γὰρ
1443 3949 1536 4000 καὶ
1581 3948 1718 4017 πρὸς
1765 3950 1863 4002 ἐπ.

281 4035 538 4103 αγγελίας
593 4035 742 4086 ἐστὶν
788 4031 1028 4094 εῠκολος,
1066 4031 1158 4083 καὶ
1191 4030 1326 4100 πρὸς
1352 4029 1671 4099 ὑποσχέσεις
1727 4031 1862 4101 πρό-

281 4135 484 4189 χειρος,
517 4117 611 4169 καὶ
639 4114 805 4176 πολὺς
832 4115 861 4166 6
909 4113 1064 4175 σάλος
1092 4111 1200 4164 τῶν
1245 4111 1539 4181 λογισμῶν.
1583 4112 1861 4166 Ἐντεῦθεν

282 4202 510 4270 ἀκαιρος
533 4198 726 4266 γέλως,
759 4195 1048 4266 φαιδρότης
1083 4195 1182 4247 οὐκ
1233 4193 1429 4263 ἔχουσα
1475 4193 1650 4261 λόγον,
1689 4195 1861 4265 ῥημά-

280 4299 385 4335 των
426 4281 585 4343 ὕθλος
619 4279 783 4342 πολὺς
832 4279 925 4332 καὶ
963 4276 1234 4340 περιττός.
1284 4277 1392 4328 Kal
1436 4275 1490 4327 τί
1549 4275 1692 4343 λέγω
1735 4278 1862 4340 τοὺς

282 4365 511 4426 ἀλλουςς
541 4362 663 4414 Τῶν
701 4360 869 4429 ἀγίων
894 4361 988 4413 ἕνα
1016 4357 1512 4429 προχειρισώμεθα,
1544 4358 1638 4410 καὶ
1666 4357 1861 4426 ἴδωμεν

282 4446 364 4508 τίς
403 4445 505 4514 μὲν
537 4439 605 4514 ῆν
633 4446 688 4496 ἐν
721 4443 880 4513 ἡδονῇ
915 4439 1045 4506 ζῶν,
1088 4441 1172 4501 τίς
1222 4438 1278 4492 δὲ
1329 4438 1486 4491 πάλιν
1529 4441 1587 4492 ἐν
1631 4439 1857 4510 ἀθυμίᾳ.

284 4526 548 4579 Βούλεσθε
567 4522 660 4579 οὖν
685 4525 774 4578 τὸν
803 4522 965 4578 Δαυῒδ
993 4522 1194 4591 ἴδωμεν
1217 4537 1234 4588 ;
1273 4520 1399 4573 Ὅτε
1421 4519 1596 4573 τοίνυν
1623 4516 1774 4584 οὗτος
1803 4524 1861 4574 ἐν

285 4611 442 4678 ἡδονῇ
471 4604 541 4678 ἦν
587 4607 683 4660 καὶ
731 4609 788 4661 ἐν
835 4605 984 4678 χαρᾷ
1032 4603 1142 4657 ἀπὺ
1169 4601 1277 4654 τῶν
1325 4600 1533 4654 πολλῶν
1565 4603 1856 4672 τροπαίων,

286 4691 389 4744 ἀπὸ
413 4691 512 4760 τῆς
545 4689 722 4759 νίκης,
751 4689 858 4742 61:6
894 4689 1001 4741 τῶν
1036 4684 1332 4760 στεφάνων,
1357 4681 1465 4735 ἀπὸ
1499 4684 1598 4753 τῆς
1626 4685 1857 4754 τρυφῆς,

286 4774 388 4826 61:6
415 4759 516 4826 τοῦ
567 4773 810 4842 θαρρεῖν,
839 4771 959 4841 ὅρα,
1008 4764 1098 4821 οἵα
1151 4765 1244 4820 καὶ
1282 4759 1402 4817 εἷπε
1448 4765 1545 4817 xal
1589 4765 1854 4835 ἔπραξεν·

299 4855 435 4924 Ἐγὼ
454 4854 526 4908 δὲ
552 4850 693 4907 εἶπα
715 4854 786 4906 ἐν
810 4850 885 4919 τῇ
913 4849 1162 4916 εὐθηνίᾳ
1189 4865 1329 4915 μου,
1369 4848 1450 4900 Οὐ
1469 4845 1556 4914 μὴ
1586 4845 1860 4901 σαλευθῶ

289 4941 368 5004 είς
392 4939 500 4991 τὸν
525 4935 732 4990 αίῶνα.
774 4933 993 5004 Ἐπειδὴ
1029 4931 1087 4985 δὲ
1133 4933 1190 4985 ἐν
1217 4929 1396 4998 θλίψει
1429 4929 1669 4998 γέγονεν,
1698 4929 1861 4982 ἀκου-

291 5036 375 5072 σον
396 5019 449 5072 τί
473 5019 626 5087 λέγει
645 5034 659 5048 ·
723 5017 831 5071 Καὶ
863 5015 972 5068 ἐὰν
998 5014 1136 5080 sum
1159 5028 1280 5080 μοι·
1336 5012 1418 5064 οὐ
1447 5009 1735 5076 τεθέληκά
1760 5025 1854 5075 σε,

290 5101 415 5155 ἰδοὺ
445 5101 581 5171 ἐγὼ,
612 5100 852 5153 ποιείτω
875 5115 972 5167 μοι
989 5095 1056 5150 τὸ
1082 5093 1340 5163 ἀρεστὸν
1368 5093 1622 5147 ἐνώπιον
1649 5092 1855 5147 αὑτοῦ.

290 5181 352 5236 Τί
383 5183 585 5237 τούτων
619 5179 1049 5251 φιλοσοφώτερον
1075 5177 1182 5232 τῶν
1224 5175 1516 5246 ῥημάτων;
1573 5175 1642 5227 Ὅ
1689 5192 1742 5228 τι
1791 5176 1858 5229 ἂν

292 5259 420 5335 ᾖτῴ
451 5265 592 5334 Θεῷ,
623 5264 776 5334 φησὶ,
803 5261 975 5332 φίλον,
1009 5258 1181 5330 ταύτῃ
1221 5257 1378 5309 ἐστω.
1427 5257 1536 5309 Kal
1573 5257 1732 5310 πάλιν
1778 5257 1858 5327 τῷ

290 5347 474 5410 Σαοὺλ,
511 5348 699 5414 ἐλεγεν
719 5361 736 5377 ·
762 5345 833 5397 El
866 5344 934 5396 δὲ
964 5343 1180 5410 Κύριος
1219 5338 1466 5391 ἐπισείει
1495 5353 1570 5391 σε
1610 5339 1704 5392 ἐπ’
1730 5339 1856 5407 ἐμὲ,

290 5431 650 5500 ὀσφρανθείη
690 5429 729 5496 ἡ
764 5426 948 5481 θυσία
972 5442 1111 5480 σου.
1163 5423 1272 5475 Kal
1299 5420 1419 5473 τότε
1470 5423 1571 5489 μὲν
1593 5425 1651 5475 ἐν
1683 5422 1857 5490 θλίψει

289 5515 376 5576 ὢν,
416 5513 512 5566 xal
542 5510 758 5583 ἐχθρῶν
790 5508 1064 5578 ἐφείδετο·
1104 5505 1240 5577 μετά
1267 5503 1324 5556 δέ
1347 5501 1519 5556 ταῦτα
1545 5505 1669 5557 οὐδὲ
1705 5515 1730 5543 ο
1771 5502 1858 5572 φί-

342 5619 365 5647 ⁸
396 5618 493 5666 Alii
518 5620 753 5673 Μωῦσῆς.
775 5615 896 5663 Εἶτα
931 5615 962 5670 ἡ
1003 5609 1262 5675 κηδεμονία
1304 5603 1472 5659 πολλή.
1496 5670 1506 5675 _
1533 5607 1673 5675 Ἰδὼν
1716 5605 1856 5675 εἶδον.

293 5677 471 5741 {Unus
488 5679 579 5741 οὐχ
600 5670 770 5741 ἁπλῶς
812 5675 912 5741 δια.
933 5676 1016 5728 τὰς
1039 5670 1305 5741 συμφοράς,
1343 5670 1535 5741 αξιοι-εδ
1561 5670 1862 5741 ρτδςιεηηὶε-

298 5723 467 5787 lis—fw;
675 5723 828 5796 λέγοι,
856 5735 992 5789 Τίνος
1005 5723 1092 5796 οὖν
1109 5723 1302 5796 ’ἐνεκενξ
1375 5723 1401 5764 δ
1418 5723 1860 5796 Ιέθηιῖφιλοσρφώ-

293 5813 420 5865 τερον
431 5858 442 5865 _
470 5788 703 5865 κρεῖττον
725 5788 836 5865 γάρ’,
860 5788 1016 5857 φησὶν,
1047 5795 1114 5853 είς
1151 5793 1302 5843 οἰκίαν
1390 5806 1413 5836 c
1433 5788 1605 5843 Morel;
1631 5788 1853 5854 ἐφείδετο·

287 5858 373 5928 φο
401 5858 450 5908 δὲ
484 5858 662 5911 τούτου
690 5858 821 5907 οὐδέ.

1261 228 1340 284 1N
1377 229 1561 286 ACTA
1601 227 2141 289 APOSTOLORUM.
2184 231 2421 289 HOMIL.
2460 233 2584 290 XII.

3450 243 3558 301 152

1977 347 2104 412 λων,
2135 349 2253 402 οὐδὲ
2284 349 2393 403 τῶν
2431 349 2766 422 ἠδικηκότων
2812 347 2981 410 οὒῐέν.
3034 355 3202 411 Πάλιν
3252 358 3283 414 6
3337 359 3553 418 Ἰακὼϐ.

1974 430 2064 483 ὅτε
2095 432 2154 484 ἐν
2177 431 2352 500 θλίψει
2375 432 2615 500 γέγονεν,
2675 433 2880 503 ἔλεγεν·
2917 436 3059 492 Ἐὰν
3092 438 3174 506 δῷ
3205 458 3305 509 μοι
3339 443 3551 511 Κύριος

1973 513 2158 582 ἄρτον
2188 513 2420 583 φαγεῖν,
2456 515 2552 568 καί
2602 514 2834 583 ἱμάτιον
2861 522 3302 586 περιϐαλέσθαι.
3361 527 3472 579 Καὶ
3522 529 3552 582 6

1972 596 2067 648 τοῦ
2106 596 2376 680 Νῶεᾷυίδς
2416 597 2522 680 πρὸ
2553 598 2650 667 μὲν
2679 599 2866 653 τούτου
2897 603 3048 655 οὐδὲν
3089 605 3328 659 τοιοῦτον
3357 609 3549 680 ἐποίη-
3626 599 3629 602 ’

1972 695 2081 758 σεν·
2113 678 2296 750 ἐπειδὴ
2324 679 2380 732 δέ
2408 679 2710 751 ἐθάρρησεν
2744 682 2883 753 ὑπὲρ
2906 684 3006 752 τῆς
3025 687 3314 758 σωτηρίας,
3330 678 3551 755 ἀκούεις

1967 755 2079 824 οἷος
2100 760 2321 829 γέγονεν
2345 761 2625 832 ὑϐριστής.
2673 764 2782 816 Kal
2823 767 2850 816 6
2892 764 3138 829 Ἐζεκίας
3159 755 3244 820 έτε
3275 772 3372 841 μὲν
3396 767 3463 840 ἦν
3493 775 3550 824 ἐν

1968 843 2165 914 θλίψει,
2215 845 2316 914 ὅρα
2345 842 2434 898 οἷα
2485 847 2658 898 ἐποίει
2690 847 2827 917 ὑπὲρ
2853 849 2950 918 τῆς
2982 853 3256 921 σωτηρίας
3276 868 3289 881 ⁶
3347 855 3549 908 σάκκον

1965 927 2074 998 γάρ
2100 927 2469 997 περιεϐάλετο,
2524 929 2616 981 καὶ
2672 931 2748 992 εἰς,
2808 933 2910 1000 γῆν
2957 931 3234 985 ἐκάθισεν·
3277 935 3459 1005 ἐπειδὴ
3490 937 3544 990 δὲ

1967 1010 2186 1078 γέγονεν
2207 1011 2261 1062 ἐν
2287 1011 2469 1080 ἡδονῇ,
2505 1010 2696 1064 ἔπεσεν
2726 1013 2831 1065 61:6
2869 1013 2962 1065 τοῦ
2998 1012 3166 1082 ὕψους
3200 1016 3296 1086 τῆς
3321 1018 3546 1090 καρδίας

1967 1091 2155 1146 αὐτοῦ.
2205 1092 2302 1145 Διά
2359 1092 2514 1145 τοῦτο
2577 1094 2670 1146 καὶ
2731 1095 2968 1165 Μωῦσῆς
3031 1101 3286 1167 παραινεῖ
3335 1100 3543 1169 λέγων·

1967 1175 2178 1244 Φαγὼν
2210 1175 2307 1228 καί
2332 1175 2484 1228 πιὼν
2509 1176 2608 1229 καὶ
2646 1177 3038 1245 ἐμπλησθεὶς,
3072 1181 3374 1249 μνήσθητι
3423 1187 3540 1238 Kv-

1957 1259 2098 1325 ρίου
2131 1258 2238 1312 τοῦ
2266 1259 2412 1313 Θεοῦ
2431 1275 2567 1313 σου.
2607 1260 2984 1333 Ἀπόκρημνος
3015 1263 3121 1333 γάρ
3146 1267 3291 1318 ἐστιν
3319 1267 3346 1319 6
3380 1267 3544 1330 τόπος

1965 1341 1994 1393 6
2039 1342 2138 1410 τῆς
2166 1340 2399 1411 τρυφῆς,
2455 1341 2549 1394 καὶ
2595 1341 2766 1413 λήθην
2814 1343 2908 1397 τοῦ
2958 1345 3092 1398 Θεοῦ
3141 1349 3371 1417 ἐμποιεῖ.
3412 1351 3543 1402 Ὅτε

1965 1421 2236 1476 ἐθλίϐοντο
2280 1426 2330 1477 οί
2373 1424 2719 1494 Ἰσραηλῖται,
2775 1425 2952 1495 πολλῷ
3003 1427 3222 1492 πλείους
3271 1430 3541 1498 ἐγίνοντο·

1964 1505 2152 1575 ἐπειδὴ
2179 1505 2235 1558 δέ
2261 1505 2458 1568 αὐτοὺς
2486 1506 2657 1568 είασε,
2691 1507 2813 1559 τότε
2866 1508 3066 1571 πάντες
3100 1510 3394 1565 ἀπώλοντο.
3436 1514 3546 1567 Kal

1965 1587 2017 1640 τί
2045 1587 2188 1654 λέγω
2215 1588 2321 1640 61:6
2341 1587 2449 1640 τῶν
2476 1588 2719 1640 παλαιῶν
2744 1589 2811 1640 τὰ
2835 1591 3281 1660 παραδείγματα;
3317 1594 3546 1665 Ἴδωμεν

1964 1671 2058 1739 ἀφ’
2090 1670 2267 1740 ἡμῶν,
2298 1672 2346 1723 εί
2385 1671 2550 1725 δοκεῖ.
2593 1670 2778 1740 Ἦμῶν
2801 1672 2929 1724 ὅταν
2958 1675 3015 1726 ἐν
3043 1674 3318 1748 εὐπραγίᾳ
3350 1670 3480 1730 ὦσιν
3520 1677 3542 1716 ί

1963 1754 2012 1805 οἱ
2062 1751 2301 1816 πλείους,
2373 1753 2748 1821 τετυφωμένοι
2799 1755 3060 1822 γίνονται,
3111 1759 3278 1811 πᾶσιν
3337 1759 3542 1831 ἐχθροὶ,

1964 1833 2170 1905 ὀργίλοι
2220 1838 2318 1905 τῆς
2367 1833 2614 1899 ἐξουσίας
2655 1837 2974 1908 παρούσης·
3028 1841 3419 1914 ἀφαιρεθείσης
3464 1843 3543 1903 δέ,

1962 1917 2180 1990 ήμεροι,
2229 1918 2495 1984 ταπεινοὶ,
2555 1920 2741 1988 πρᾶοι,
2802 1920 2902 1990 τῆς
2947 1925 3152 1987 οίκείας
3201 1925 3412 1993 φύσεως
3465 1926 3546 1988 είς

1964 1999 2169 2052 ἐννοιαν
2203 1999 2473 2070 ἔρχονται.
2523 2001 2634 2054 Kal
2671 2003 2751 2054 δτι
2803 2002 2974 2067 οὕτως
3015 2005 3146 2074 εχει,
3181 2006 3418 2060 δείκνυσι
3448 2008 3544 2061 xal

1963 2083 1991 2135 6
2015 2081 2177 2137 Δαυῖδ
2202 2081 2374 2150 λέγων
2389 2099 2403 2112 ·
2450 2083 2818 2151 Ἐκράτησεν
2839 2086 3061 2153 αὐτοὺς
3085 2089 3122 2154 ἡ
3163 2091 3544 2157 ὑπερηφανία

1961 2167 2046 2231 είς
2071 2165 2242 2231 τέλος
2263 2181 2278 2196 ·
2319 2165 2701 2230 ἐξελεύσεται
2737 2168 2818 2233 ὡς
2863 2168 2931 2222 ἐκ
2965 2169 3214 2236 στέατος
3258 2173 3296 2240 ἠ
3341 2172 3543 2226 ἀδικία

1963 2247 2180 2300 αὐτῶν.
2215 2247 2398 2301 Ταῦτα
2447 2248 2511 2318 δή
2551 2267 2640 2318 μοι
2681 2250 2916 2320 εἴρηται,
2967 2251 3054 2303 ἵνα
3115 2252 3190 2322 μὴ
3225 2254 3291 2306 ἐκ
3340 2254 3542 2317 παντὸς

1963 2329 2162 2400 τρόπου
2207 2329 2308 2398 τὴν
2356 2330 2531 2400 χαράν
2588 2331 2863 2402 ζητῶμεν.
2929 2335 3038 2386 Kal
3109 2333 3244 2398 πῶς,
3298 2337 3481 2406 φησὶν,
3512 2338 3543 2390 6

1964 2412 2174 2475 Παῦλος
2200 2413 2368 2479 λέγει,
2403 2415 2644 2480 Χαίρετε
2681 2413 2937 2468 πάντοτε
2951 2434 2978 2480 ;-
3019 2417 3129 2486 Οὐχ
3164 2417 3349 2484 ἁπλῶς
3397 2415 3541 2484 εἷπε,

1963 2496 2224 2563 Χαίρετε,
2260 2495 2394 2549 ἀλλά
2424 2497 2783 2567 προσέθηκεν,
2839 2499 2940 2553 Ἐν
2971 2503 3186 2568 Κυρίῳ.

2037 2577 2189 2650 [133J
2213 2578 2273 2632 δ’.
2289 2578 2434 2648 Δῦτη
2457 2580 2683 2650 μεγίστη
2698 2581 2860 2651 χαρά·
2872 2581 3124 2653 τοιαύτην
3140 2583 3234 2636 καὶ
3250 2586 3298 2636 οῖ
3312 2585 3542 2639 ἀπόστο-

1963 2660 2043 2716 λοι
2055 2667 2080 2704 8
2095 2663 2214 2732 ἐχαι
2221 2679 2332 2731 ρον·
2349 2664 2492 2733 χαρὰ
2503 2663 2690 2731 κέρδος
2709 2665 3004 2734 φέρουσα,ή
3017 2665 3124 2719 ἀπὸ
3136 2667 3543 2737 δεσμωτηρίων,

1964 2747 1998 2816 ή
2027 2743 2136 2797 ἀπὸ
2179 2744 2476 2813 μαστίγων,
2503 2747 2535 2814 ή
2563 2745 2669 2797 ἀπὸ
2701 2746 2978 2814 διωγμῶν,
3009 2749 3040 2817 ή
3082 2748 3189 2801 61:6
3220 2749 3312 2801 τοῦ
3357 2750 3544 2814 κακῶς

1963 2826 2201 2892 ἀκούειν,
2252 2827 2286 2893 ἡ
2331 2825 2438 2878 ἀπὸ
2481 2825 2592 2878 τῶν
2640 2824 2902 2896 λυπηρῶν
2955 2829 3170 2892 πάντως
3203 2829 3398 2899 ἔχουσα
3443 2831 3544 2899 τήν

1963 2909 2137 2978 ἀρχὴν
2167 2907 2262 2960 xal
2288 2907 2386 2978 τὴν
2411 2907 2566 2976 ῥίζαν
2613 2909 2706 2962 καὶ
2730 2908 2825 2978 τὴν
2849 2908 3104 2963 ὑπόθεσιν
3127 2927 3140 2941 ·
3190 2911 3310 2963 ὅθεν
3336 2912 3430 2965 ual
3461 2915 3544 2976 είς

1963 2989 2196 3062 χρηστὸν
2235 2990 2453 3059 ἀπαντᾷ
2497 2988 2670 3053 τέλος.
2726 2989 2790 3042 Ἦ
2830 2989 2886 3044 δέ
2938 2989 3032 3043 τοῦ
3081 2992 3284 3058 κόσμου
3316 2995 3539 3048 τούναν-

1961 3091 2095 3134 τιον,
2128 3071 2352 3144 ἄρχεται
2383 3072 2479 3142 μὲν
2507 3072 2615 3125 ἀπὸ
2639 3071 2748 3127 τῶν
2778 3073 2972 3143 ήδέων,
3016 3074 3240 3146 τελευτᾷ
3267 3076 3323 3129 66
3368 3080 3447 3141 είς
3473 3079 3542 3131 τά

1960 3156 2199 3226 λυπηρά.
2253 3154 2386 3207 Οὐδέ
2437 3154 2549 3222 ἐγὼ
2613 3155 2804 3207 κωλύω
2852 3156 3059 3228 χαίρειν
3118 3158 3258 3212 κατά
3315 3159 3539 3230 Κύριον,

1961 3238 2096 3292 ἀλλά
2129 3238 2222 3291 καὶ
2247 3236 2450 3307 σφόδρα
2489 3237 2760 3306 παραινῶ.
2802 3239 3188 3308 Ἐμαστίζοντο
3215 3243 3264 3294 οἱ
3311 3243 3538 3296 ἀπόστο-

1960 3321 2064 3382 λοι,
2090 3321 2181 3372 καὶ
2207 3319 2424 3389 ἔχαιρον
2443 3332 2457 3346 ·
2496 3318 2752 3379 ἐδέδεντο,
2800 3321 2894 3372 καὶ
2927 3321 3280 3392 εὐχαρίστουν
3303 3342 3314 3354 ·
3361 3324 3542 3379 ἐλιθά-

1963 3403 2136 3468 ζοντο,
2187 3404 2279 3454 καὶ
2329 3401 2648 3470 ἐκήρυττον.
2723 3401 2943 3472 Ταύτην
2991 3404 3085 3455 καὶ
3133 3403 3244 3471 ἐγὼ
3283 3405 3541 3477 βούλομαι

1960 3487 2059 3555 τὴν
2081 3484 2255 3556 χαράν
2275 3501 2288 3514 ·
2338 3484 2433 3538 ἀπ’
2468 3483 2681 3546 οὐδενὸς
2733 3484 3046 3553 σωματικοῦ
3095 3485 3191 3556 τὴν
3215 3487 3385 3558 ἀρχὴν
3405 3489 3538 3558 ἔχει,

1962 3568 2074 3620 ἀλλ’
2115 3565 2222 3620 61:6
2277 3567 2618 3636 πραγμάτων
2650 3566 3056 3635 πνευματικῶν.
3116 3568 3228 3621 Οὐκ
3283 3569 3399 3622 ἐστι
3447 3571 3541 3623 τὸν

1961 3650 2104 3704 κατὰ
2132 3650 2331 3718 κόσμον
2362 3649 2617 3718 χαίροντα
2647 3647 2782 3718 ὁμοῦ
2813 3648 2906 3700 καὶ
2940 3649 3080 3702 κατὰ
3110 3648 3242 3703 Θεὸν
3287 3652 3499 3723 χαίρειν
3526 3668 3539 3682 ·

1963 3736 2069 3796 πᾶς
2091 3733 2198 3802 γάρ
2227 3735 2256 3785 6
2284 3731 2423 3784 κατά
2472 3730 2675 3801 κόσμον
2700 3733 2926 3801 χαίρων,
2955 3731 3048 3784 ἐπὶ
3077 3731 3290 3803 πλούτῳ
3339 3737 3538 3806 χαίρει,

1961 3816 2054 3869 ἐπὶ
2089 3818 2288 3885 τρυφῇ.
2321 3814 2414 3868 ἐπὶ
2445 3811 2572 3885 δόξῃ
2603 3813 2697 3866 καὶ
2746 3812 3051 3884 δυναστείᾳ,
3102 3814 3193 3868 ἐπὶ
3222 3815 3502 3886 ἀλαζονείᾳ
3521 3833 3536 3850 ⁸

1961 3898 1990 3951 6
2016 3898 2073 3950 66
2108 3899 2248 3952 κατὰ
2287 3897 2439 3960 Θεὸν,
2473 3897 2566 3948 ἐπὶ
2605 3896 2798 3965 ἀτιμίᾳ
2834 3899 2900 3966 τῇ
2933 3897 2998 3949 δι’
3018 3897 3200 3960 αὑτὸν,
3223 3899 3314 3951 ἐπὶ
3356 3899 3536 3972 πενίᾳ,

1962 3983 2056 4035 ἐπὶ
2094 3982 2466 4051 ἀκτημοσύνῃ,
2497 3981 2590 4033 ἐπὶ
2617 3980 2865 4049 νηστείᾳ,
2909 3981 3002 4034 ἐπὶ
3049 3985 3550 4055 ταπεινοφροσύνῃέ

1973 4064 2155 4134 Ὁρᾷς,
2183 4046 2264 4116 ὅτι
2295 4046 2531 4116 ἐναντίαι
2557 4063 2611 4115 αἱ
2640 4046 2920 4124 ὑποθέσεις
2945 4079 2960 4126 ;
3015 4063 3168 4115 Ὅσοι
3219 4046 3330 4127 ἔξω
3366 4046 3552 4135 χαρέῖ

1961 4148 2096 4200 εἰσιν
2137 4146 2390 4209 ἐνταῦθα,
2435 4145 2530 4198 καὶ
2566 4144 2771 4212 λύπης·
2824 4145 2918 4196 καὶ
2947 4145 3060 4196 ὅσοι
3091 4143 3193 4208 ἔξω
3239 4145 3415 4214 λύπης
3453 4149 3538 4199 ἐν·

1960 4227 2152 4290 ταῦθα,
2203 4229 2298 4280 καὶ
2330 4228 2547 4295 ήδονῆς.
2599 4226 2709 4278 Kal
2737 4225 2909 4286 ὅντως
2939 4225 3108 4278 ταῦτά
3154 4226 3270 4277 ἐστι
3319 4228 3388 4278 τά
3418 4243 3537 4280 ποι-

1960 4311 2122 4364 οῦντα
2158 4310 2332 4378 ἀληθῆ
2382 4308 2575 4377 χαράν,
2616 4307 2736 4359 ἐπεὶ
2786 4307 2968 4357 ἐκεῖνα
3005 4305 3173 4374 ὄνομα
3221 4307 3378 4374 μόνον
3423 4307 3534 4377 ἔχει

1961 4393 2154 4463 χαρᾶς,
2186 4390 2246 4443 τὸ
2295 4389 2351 4442 δέ
2409 4391 2516 4440 πᾶν
2564 4389 2622 4439 ἐν
2671 4385 2814 4456 λύπῃ
2867 4388 3062 4438 κεῖται.
3098 4386 3278 4455 Πόσην
3318 4387 3470 4442 ἀνίαν
3507 4392 3537 4441 6

1961 4472 2176 4537 ἀλαζὼν
2215 4471 2365 4541 ἔχειί
2427 4468 2544 4531 πῶς
2591 4467 2940 4520 διακόπτεται
2974 4468 3031 4519 ἐν
3056 4467 3205 4536 αὐτῷ
3241 4467 3317 4538 τῷ
3340 4469 3535 4534 ἀλαζο-

1960 4555 2230 4620 νεύεσθαι,
2286 4553 2484 4623 μυρίας
2551 4548 2732 4620 ἐαυτῷ
2805 4549 3193 4620 μηχανώμενος
3244 4550 3429 4622 ὕϐρεις
3462 4554 3535 4617 h,

1959 4637 2093 4690 πολὺ
2144 4635 2206 4688 τὸ
2241 4637 2415 4705 μῖσος,
2458 4633 2698 4703 μεγάλην
2730 4632 2829 4701 τὴν
2866 4631 3180 4700 ἀπέχθειαν,
3231 4632 3397 4687 πολὺν
3446 4635 3536 4687 τὸν

1960 4718 2170 4787 φθόνον,
2207 4717 2405 4784 πολλὴν
2438 4716 2538 4784 τὴν
2577 4714 2904 4784 βασκανίανί
2953 4712 3056 4766 κᾶν
3099 4714 3209 4782 γὰρ
3243 4715 3394 4786 παρά
3427 4717 3537 4769 τῶν

1963 4799 2223 4870 μειζόνων
2248 4797 2500 4867 ὑϐρισθῇ,
2534 4796 2716 4863 ἀλγεῖ·
2759 4795 2862 4849 κᾶν
2909 4795 2983 4865 μὴ
3018 4794 3236 4847 πάντων
3276 4797 3536 4862 κατεξαν-

1958 4884 2119 4951 αστῇ,
2157 4881 2430 4934 δάκνεται.
2491 4878 2548 4928 ’0
2590 4878 2646 4930 66
2695 4877 2945 4939 ταπεινὸς
2977 4879 3038 4928 ἐν
3067 4877 3234 4946 πολλῇ
3295 4879 3412 4930 ἐστι
3465 4881 3533 4948 τῇ

1959 4960 2139 5030 ἡδονῇ,
2185 4957 2314 5027 παρ’
2336 4954 2550 5016 οὐδενὸς
2582 4955 2897 5025 προσδοκῶν
2917 4955 3122 5023 τιμήν·
3168 4954 3236 5006 ἂν
3288 4954 3385 5024 μὲν
3440 4951 3533 5007 οὖν

1957 5040 2180 5110 τιμηθῇ,
2213 5038 2374 5108 ἥσθη,
2407 5037 2473 5090 ἂν
2511 5037 2568 5090 δὲ
2610 5037 2684 5107 μή
2715 5035 2944 5106 τιμηθῇ,
2998 5036 3099 5088 οὐκ
3133 5035 3388 5106 ἤλγησεν,
3417 5036 3533 5090 ἀλλ⁹

1957 5123 2166 5191 ἀγαπᾷ,
2188 5121 2269 5172 ὄτι
2302 5121 2400 5172 ούκ
2438 5119 2670 5189 ἐτιμήθη
2703 5119 2745 5170 ί.
2778 5119 2900 5187 ’.ἐρ’
2922 5113 3010 5170 οὖν
3038 5119 3102 5170 ἐκ
3127 5118 3220 5170 τοῦ
3254 5119 3329 5189 μὴ
3355 5118 3538 5189 ζητεῖν

1957 5204 2121 5274 τιμὴν
2163 5203 2259 5255 καὶ
2295 5201 2577 5267 τιμᾶσθαι,
2613 5199 2780 5270 πολλὴ
2814 5201 2847 5269 ή
2900 5200 3079 5269 ἡδονή.
3127 5200 3272 5252 Ἐκεῖ
3302 5200 3358 5252 66
3410 5200 3536 5253 τού-

1957 5287 2188 5351 ναντίον,
2248 5285 2340 5338 καὶ
2399 5285 2551 5354 ζητεῖ
2609 5283 2794 5352 τιμὴν,
2857 5283 2951 5334 καὶ
3008 5281 3068 5334 οὐ
3119 5283 3364 5351 τιμᾶται.
3421 5282 3532 5352 Οὐχ

1956 5371 2154 5441 ὁμοίως
2186 5368 2244 5421 66
2275 5367 2462 5438 ἥδεται
2511 5365 2676 5436 τιμὴν
2719 5367 2748 5418 6
2800 5364 3001 5434 ζητῶν,
3031 5365 3125 5416 καὶ
3172 5365 3201 5416 6
3231 5364 3306 5433 μὴ
3335 5362 3534 5433 ζητῶν.

2030 5489 2048 5526 ί
2074 5486 2470 5550 Παραδείγματα.
2515 5483 2613 5535 Νῦν
2640 5485 2836 5550 ίδιομεν,
2875 5483 2915 5530 εί
2949 5481 3097 5550 δοκεῖ,
3123 5479 3212 5550 οὐχ
3384 5479 3536 5550 ἐνλεύ-

1955 5551 2132 5614 πραγίᾳ
2159 5540 2405 5598 Ehenm-Mc
2429 5561 2572 5594 unus.
2638 5548 2661 5584 Β
2689 5540 2831 5592 ιᾶθηι
2848 5543 2972 5604 χαρά
2991 5557 3002 5568 '
3049 5541 3147 5587 οίον
3172 5544 3215 5587 οῑ
3255 5540 3532 5608 ἀπόστολοι.

1959 5613 1987 5648 ιι
2012 5612 2106 5659 Alii
2147 5610 2299 5664 ἐαυτῷ
2342 5610 2577 5664 προξενῶν
2614 5607 2698 5660 τὰς
2739 5605 2894 5664 ὕϐρεις
2975 5603 3021 5664 ίί
3053 5601 3339 5664 υουίηδῖιυεε
3370 5602 3533 5664 qu-

1959 5625 1987 5648 ³¹
2012 5625 2106 5659 AI"
2147 5625 2299 5657 εαυτω
2342 5625 2577 5670 προςενων
2614 5625 2698 5660 τας
2739 5625 2894 5664 υυρεις
3007 5625 3021 5638 ι
3053 5625 3339 5668 υυυιιδτυδέ
3370 5625 3531 5649 mulu-

1956 5672 2078 5734 festo
2116 5655 2386 5733 legendum.
2431 5669 2534 5716 ἀλλ’
2567 5669 2728 5727 ἀγαπᾷ
2749 5666 2821 5710 ὃτι
2849 5663 2936 5709 οὐκ
2963 5663 3220 5729 ᾐτιμάσθη.
3269 5663 3354 5708 Stc
3389 5660 3531 5723 plane

1957 5732 2211 5787 legendum
2233 5743 2336 5780 esse
2357 5729 2650 5778 demonstrat
2690 5724 2816 5787 quod
2838 5728 3070 5787 εεᾳιιιίαν,
3099 5721 3302 5787 μάλιστα
3325 5722 3366 5769 δ’
3388 5722 3530 5787 αὐτὸν

1961 5781 2112 5846 διῖδεις
2141 5793 2371 5852 ἀτιμάζει.
2410 5791 2556 5852 Alquj
2584 5781 2727 5852 illud,
2749 5785 2877 5852 quod
2903 5781 3243 5852 hicgﬁqhitur,
3268 5794 3359 5852 [περ
3401 5781 3534 5852 ιιιιιιμ

1963 5842 2157 5915 ηυτεὶη
2173 5842 2264 5902 néc
2278 5842 2325 5903 iis
2348 5865 2463 5903 mss.
2486 5842 2671 5913 iliquot
2692 5842 2920 5909 haﬁemr,
2943 5850 2996 5896 el
3017 5842 3094 5896 ιιἰὲ
3113 5842 3532 5906 supcrﬂuumest.
