4088 6142
497 359 666 423 Οὗτος
685 363 806 415 ὅσον
835 357 901 413 ἀν
937 357 1089 430 λάϐη.
1120 358 1273 411 οὐδὲν
1303 359 1518 428 ἡγεῖται
1563 357 1840 427 εἰληφέναι
1859 368 1876 388 ‘
1917 355 2062 408 ἐκεῖ·

498 465 584 511 νος
610 445 710 499 κᾶν
735 445 796 496 τὸ
840 444 1031 514 μικρὸν
1061 442 1185 510 δῷς,
1220 443 1294 504 ὼς
1321 441 1381 494 τδ
1415 443 1520 494 πᾶν
1549 441 1782 511 εἰληφὼς
1827 439 2060 509 δέχεται.

498 530 664 582 Πάλιν
690 531 718 580 6
741 525 958 596 τρυφῶν
995 525 1162 594 μυρία
1196 526 1492 593 πράγματα
1537 519 1670 593 ἔχει,
1703 523 1804 575 κᾶν
1824 522 1880 586 ἐξ
1912 521 2064 573 εὐκο-

497 610 617 673 λίας
668 609 761 661 καὶ
785 607 972 677 ὥσπερ
1021 607 1127 658 ἀπὸ
1158 607 1350 674 πηγῶν
1379 605 1524 674 αὑτῷ
1557 605 1626 656 τὰ
1653 603 1760 656 τῶν
1790 604 2063 674 προσόδων

497 691 746 763 ἐπιρρέῃ,
795 691 861 742 τὰ
889 689 995 742 ἀπὸ
1024 690 1119 758 τῆς
1152 688 1362 759 τρυφῆς
1394 687 1540 739 δεινά
1571 686 1796 750 δέδοικε,
1853 685 1947 737 καί¹
2001 683 2062 737 τὸ

496 775 687 844 ἄδηλον
742 773 834 826 τοῦ
897 772 1209 840 μέλλοντος*
1267 766 1416 831 οὗτος
1448 769 1507 822 ’δέ
1555 769 1642 821 ἀεὶ⁸
1688 771 1745 820 ἐν
1795 766 2062 838 ἀσφαλείᾳ

496 859 616 910 ἐστὶ
644 858 736 909 καὶ
756 844 821 908 ἐν
851 856 1030 925 ἡδονῇ.
1057 855 1238 912 ἐθίσας
1263 853 1451 905 ἐαυτὸν
1476 855 1532 905 ἐν
1559 851 1802 920 λιτότητι
1829 850 2060 920 διαίτης.

497 941 570 991 Οὑ
595 941 699 1010 γὰρ
728 938 898 1000 οὕτως
927 937 1111 990 ἑαυτὸν
1134 935 1429 998 ταλανίζει,
1459 935 1541 987 ὅτι
1572 935 1645 1004 μὴ
1679 935 1891 1004 μετέχει
1930 949 2060 1002 τρα·

495 1020 666 1090 πέζης
733 1019 1071 1083 πολυτελοῦς,
1125 1019 1199 1081 ὡς
1253 1016 1450 1088 τρυφᾷ,
1501 1018 1562 1069 τὸ
1627 1017 1720 1069 τοῦ
1777 1017 2061 1086 μέλλοντος

495 1106 686 1174 ἄδηλον
713 1105 785 1174 μὴ
812 1102 1081 1164 δεδοικώς.
1109 1102 1188 1154 Τά
1221 1101 1276 1152 δέ
1314 1103 1378 1154 ἐκ
1402 1102 1501 1169 τῆς
1524 1101 1734 1171 τρυφῆς
1761 1102 1859 1152 ὅσα
1888 1099 2056 1166 δεινά,

491 1188 663 1248 οὐδεὶς
685 1188 890 1254 ἀγνοεῖ·
934 1186 1226 1252 ἀναγκαῖον
1258 1183 1314 1236 δέ
1355 1184 1448 1235 καὶ
1480 1183 1573 1235 νῦν
1598 1185 1790 1235 εἰπεῖν.
1828 1180 2057 1246 Διπλοῦς

491 1271 520 1320 ὁ
553 1267 802 1338 πόλεμος,
825 1265 916 1319 τοῦ
955 1263 1100 1337 [154]
1132 1264 1399 1332 σώματος,
1425 1263 1588 1330 λέγω,
1613 1265 1706 1316 καί
1731 1263 1828 1332 τῆς
1843 1261 2018 1332 ψυχῆς
2039 1276 2054 1292 ο

490 1349 708 1410 διπλοῦς
747 1352 774 1402 6
810 1349 1036 1418 χειμὼν,
1067 1345 1229 1399 διπλᾶ
1259 1347 1324 1398 τά
1349 1347 1632 1416 νοσήματα
1654 1364 1666 1377 ⁸
1690 1347 1782 1398 καὶ
1809 1346 1870 1398 οὑ
1899 1343 2056 1398 τοῦτο

493 1433 672 1503 μόνον,
722 1433 834 1484 ἀλλ’
863 1434 944 1483 ὃτι
974 1431 1067 1482 καὶ
1124 1429 1348 1481 ἀνίατα·
1404 1429 1500 1479 καὶ
1538 1428 1776 1497 μεγάλας
1831 1429 2055 1498 φέρουσι

487 1516 659 1568 ταῦτα
704 1513 799 1577 τὰς
835 1511 1135 1581 συμφοράς.
1180 1509 1318 1562 Ἀλλ’
1357 1511 1513 1581 οὑχή
1551 1511 1791 1563 εὐτέλεια
1820 1517 1844 1544 ⁶
1887 1507 2055 1564 τοιοῦο

487 1614 599 1661 τον,
638 1597 770 1650 ἀλλά
798 1597 958 1663 διπλῆ
991 1597 1023 1664 ἡ
1076 1594 1254 1661 ὑγεία,
1292 1594 1452 1648 διπλᾶ
1483 1595 1551 1647 τὰ
1599 1595 1800 1662 ἀγαθά.
1837 1594 2053 1659 Ὕπνος

487 1681 710 1748 ὑγείας,
753 1679 934 1748 φησὶν,
985 1678 1054 1730 ἐν
1086 1676 1288 1746 ἐντέρῳ
1329 1678 1559 1743 μετρίῳ.
1610 1674 1889 1745 Πανταχυῦ
1949 1675 2056 1746 γὰρ

486 1763 547 1814 τὸ
603 1763 700 1832 μέν
747 1762 1055 1832 σύμμετρον
1086 1759 1348 1820 ποθεινὸν,
1385 1758 1444 1811 τδ
1490 1758 1546 1810 δέ
1588 1759 1822 1829 ἄμετρον
1854 1758 2055 1810 οὐκέτι.

489 1846 630 1914 Ὅρα
660 1845 794 1914 γάρ·
842 1843 1104 1913 Σπινθῆρι
1141 1840 1319 1911 μικρῷ
1346 1840 1508 1893 πολὺν
1543 1839 1714 1904 ξύλων
1748 1840 1931 1901 ἐπίθες
1959 1857 2057 1908 φο-

493 1927 671 1998 ρυτόν,
703 1926 797 1978 καὶ
831 1925 1014 1978 οὐκέτι
1040 1924 1153 1995 πῦρ
1183 1921 1244 1974 τὸ
1268 1923 1501 1993 λάμπον,
1531 1922 1668 1977 ἀλλά
1703 1921 1908 1975 καπνὸν
1937 1917 2056 1990 ὄψει

488 2009 691 2080 σφόδρα
718 2008 856 2079 ἀηδῆ
887 2008 940 2062 δ.

567 2091 743 2160 Ἀνδρί
775 2090 895 2143 λίαν
954 2087 1159 2159 ἰσχυρῷ
1195 2087 1286 2141 καί
1347 2087 1566 2158 μεγάλῳ
1605 2087 1821 2158 φορτίον
1864 2087 2056 2152 ’ἐπίθες

483 2173 546 2225 τὸ
580 2175 676 2242 τὴν
711 2174 860 2243 ἰσχὺν
892 2173 1235 2242 ὑπερϐαἷνον,
1268 2171 1358 2223 καὶ
1387 2170 1506 2239 δφει
1539 2169 1675 2238 μετά
1699 2170 1793 2222 τοῦ
1834 2170 2052 2241 φορτίου

486 2256 658 2326 χαμαὶ
689 2255 939 2323 κείμενον
989 2255 1082 2306 καὶ
1112 2252 1464 2324 ἐρριμμένον.
1507 2252 1679 2304 Πολὺν
1724 2251 1814 2304 τὸν
1855 2253 2052 2322 ’φόρτον

485 2335 686 2404 ἔμϐαλε
719 2335 794 2405 τῷ
821 2335 1008 2406 πλοίῳ.
1046 2336 1139 2386 καὶ
1161 2334 1392 2403 χαλεπὸν
1416 2334 1658 2403 εἰργάσω
1685 2332 1746 2385 τὸ
1773 2335 2048 2402 ναυάγιον.

484 2416 705 2469 Τοιοῦτο
765 2417 828 2486 δή
899 2434 949 2468 τι
1003 2415 1163 2486 καὶὴ
1212 2417 1388 2486 τρυφή
1435 2417 1570 2469 ἐστι.
1630 2408 1893 2488 Καθάπερ
1945 2416 2054 2487 γὰρ

486 2501 578 2551 ἐπὶ
621 2498 728 2552 τῶν
776 2497 1125 2570 ὑπεράντλων
1173 2498 1391 2561 πλοίων,
1426 2498 1590 2561 πολὺς
1624 2499 1652 2550 6
1689 2497 1914 2568 θόρυϐος
1943 2499 2052 2552 τῶν

485 2579 715 2642 ναυτῶν,
754 2579 847 2632 τοῦ
879 2579 1232 2649 κυϐερνήτου,
1273 2578 1366 2632 τοῦ
1407 2579 1688 2650 πρωρέως,
1717 2580 2051 2632 τῶνλέπιϐα-

483 2660 613 2724 τῶν,
644 2662 711 2714 τά
741 2661 838 2731 μέν
863 2661 1066 2714 ἀνωθεν
1104 2659 1436 2730 ῥιπτούντων
1483 2663 1564 2723 εἰς
1593 2660 1654 2713 τὸ
1683 2661 1935 2729 πέλαγος,
1984 2663 2052 2716 τά

484 2742 540 2796 δὲ
570 2742 840 2796 κάτωθεν·
871 2739 1016 2794 οὕτω
1041 2741 1106 2810 δὴ
1155 2741 1249 2794 καὶ
1300 2741 1554 2806 ἐνταῦθα,
1603 2742 1671 2795 τά
1726 2742 1825 2810 μὲν
1848 2743 2052 2797 ἀνωθεν

483 2828 761 2897 ἐμοῦντες,
787 2827 854 2880 τὰ
875 2827 930 2879 δέ
951 2827 1211 2891 κάτωθεν,
1240 2828 1336 2880 καὶ
1366 2827 1590 2890 ἑαυτοὺς
1631 2827 2048 2899 διαφθείροντες,

483 2910 802 2964 ἀπόλλυνται
837 2919 882 2961 ο.
940 2910 1050 2962 Καὶ
1095 2909 1155 2960 τὸ
1189 2909 1252 2979 δὴ
1304 2909 1519 2962 πάντων
1551 2910 1924 2981 αἰσχρότερον,
1971 2912 2052 2965 ὅτι

484 2993 612 3045 αὐτὸ
639 2992 700 3044 τὸ
731 2992 901 3060 στόμα
934 2990 1029 3060 τὴν
1065 2991 1260 3059 χρῆσιν
1301 2991 1674 3061 ἀναλαμϐάνει
1702 2992 1810 3045 τῶν
1832 2993 2053 3048 ὄπισθεν

485 3073 706 3143 μορίων,
739 3074 832 3125 καὶ
867 3072 1076 3138 γίνεται
1109 3071 1333 3123 ἐκείνων
1389 3072 1728 3142 ἀτιμότερον.
1788 3072 1851 3126 Εἰ
1894 3074 1951 3126 δέ
1993 3075 2052 3126 ἐν

483 3157 561 3225 τῷ
616 3156 842 3220 στόματι
889 3154 1126 3224 τοσαύτη
1175 3154 1550 3224 ἀσχημοσύνη,
1585 3156 1832 3226 ἐννόησον
1881 3158 1938 3209 ἐν
1981 3159 2048 3230 τῇ

481 3241 646 3310 ψυχῇ.
704 3239 810 3290 Καὶ
861 3237 964 3305 γὰρ
1011 3238 1128 3289 ἐκεῖ
1160 3239 1336 3290 πάντα
1367 3237 1590 3306 γνόφος,
1623 3239 1800 3292 πάντα
1829 3238 2047 3307 θύελλα,

482 3324 659 3374 πάντα
687 3323 894 3382 σκότος,
932 3321 1098 3390 πολλὴ
1144 3319 1250 3374 τῶν
1291 3320 1567 3390 λογισμῶν
1601 3320 1878 3390 σύγχυσις,
1929 3339 2050 3375 πιε-

482 3402 745 3473 ζομένων,
782 3401 1131 3470 θλιϐομένων,
1156 3403 1253 3470 τῆς
1281 3402 1453 3471 ψυχῆς
1474 3402 1641 3472 αὐτῆς
1665 3402 1763 3472 τὴν
1786 3404 2049 3474 ἐπήρειαν
2088 3429 2099 3440 -

482 3485 710 3555 βοώσης,
763 3483 1039 3536 Ἐντεῦθεν
1077 3483 1170 3536 καὶ
1200 3483 1352 3536 αὑτοὶ
1402 3484 1452 3535 οἰ
1502 3483 1916 3554 γαστριζόμενοι
1951 3485 2049 3538 ἀλ-

479 3565 670 3634 λήλους
696 3566 992 3628 αἰτιῶνται,
1026 3565 1458 3634 δυσχεραίνουσι,
1510 3565 1796 3618 σπεύδουσι
1839 3565 1936 3636 τὴν
1965 3565 2050 3618 έν-

478 3648 566 3700 δον
611 3647 1019 3719 ἀπορῤίψασθαι
1071 3648 1295 3717 κόπρον.
1331 3648 1519 3716 Ὅμως
1569 3648 1665 3701 καὶ
1699 3647 1834 3718 μετά
1873 3647 1934 3700 τὸ
1967 3651 2048 3720 ῥι-

479 3733 664 3801 φῆναι,
688 3730 806 3781 οὑδέ
841 3729 1012 3792 οὕτως
1039 3731 1068 3782 6
1095 3731 1253 3794 σάλος
1286 3731 1551 3784 παύεται·
1603 3730 1740 3784 ἀλλὰ
1759 3730 1854 3782 καί⁷
1875 3747 2046 3800 πυρε-

476 3815 560 3864 τοὶ
589 3811 835 3864 ἐντεῦθεν
864 3811 958 3864 καὶ
986 3811 1151 3866 νόσοι.
1178 3812 1307 3872 Ναὶ,
1342 3812 1495 3883 φησὶ,
1518 3811 1732 3866 νοσοῦσι
1759 3813 1853 3866 καὶ
1875 3813 2047 3882 ἀσχηο

479 3893 699 3963 μονοῦσι
720 3910 733 3924 °
768 3893 926 3961 λόγος
954 3894 1076 3963 εἰκῆ
1105 3893 1281 3948 ταῦτα
1305 3893 1537 3960 διεξιὼν,
1571 3894 1665 3947 καὶ
1695 3894 1884 3956 νόσους
1913 3897 2046 3964 ἡμῖν

465 3975 826 4043 καταλέγωνο
871 3975 1012 4029 νοσῶ
1063 3975 1172 4046 γὰρ
1199 3973 1328 4043 ἐγὼ,
1364 3977 1458 4030 καὶ
1509 3975 1728 4045 σπῶμαι
1769 3975 1900 4043 ἐγὼ,
1949 3977 2045 4030 καί

475 4057 768 4128 ἀσχημονῶ
805 4056 934 4126 ἐγὼ,
963 4060 990 4111 6
1027 4058 1102 4127 μὴ
1146 4057 1283 4126 ἔχων
1320 4061 1544 4125 φαγείνο
1579 4057 1800 4120 τούτους
1827 4057 1884 4109 ’δὲ
1915 4058 2042 4121 τοὺς

474 4142 792 4210 τρυφῶντας
839 4139 986 4193 ἔστιν
1039 4135 1411 4204 εὑπαθοῦντας
1469 4139 1615 4200 ἰδεῖν,
1675 4138 2040 4208 σφριγῶντας,

473 4224 782 4296 χαίροντας,
832 4222 1163 4293 φερομένους
1213 4223 1298 4291 ἐφ’
1333 4222 1535 4275 ἵππων.
1586 4220 1777 4290 Οτμοιί
1830 4222 2043 4292 θρήνων

472 4307 580 4378 γὰρ
629 4307 752 4372 ἄξια
785 4306 960 4361 ταῦτα
984 4307 1050 4361 τὰ
1085 4309 1323 4377 ῥήματα.
1357 4307 1496 4370 Τοὺς
1535 4306 1591 4360 δέ
1619 4306 2039 4374 ποδαλγοῦντας,

471 4391 597 4453 τοὺς
650 4392 741 4442 ἐπὶ
793 4390 997 4459 δίφρων
1037 4390 1390 4460 φερομένους,
1444 4390 1568 4451 τοὺς
1600 4387 2040 4458 καταδεσμουμέ-

471 4489 616 4535 νους,
662 4473 822 4525 πόθεν
853 4472 1089 4542 δρῶμεν,
1117 4473 1237 4525 εἰπέ
1282 4489 1404 4542 μοις
1465 4471 1574 4523 Καὶ
1622 4473 1670 4522 εἰ
1703 4471 1778 4542 μὴ
1810 4472 1871 4524 τὸ
1903 4471 2041 4540 πρᾶ-

471 4568 589 4622 γμα
652 4552 810 4622 ὑϐριν
858 4552 1126 4622 ἐνόμιζον,
1186 4554 1281 4606 καὶ
1313 4551 1675 4615 όνειδιστικῶς
1736 4568 1803 4622 με
1864 4551 2036 4604 ταῦτα

503 4705 573 4778 ,⁸.
587 4703 788 4761 Quidam
827 4705 1046 4813 ιμεγάλας
1089 4706 1282 4766 φέρουσι
1321 4704 1404 4779 τᾲς
1443 4703 1700 4780 συμφοράς.
1750 4703 1879 4752 Ἀλλ’
1924 4705 2031 4766 οὑχί

503 4766 695 4812 υτελετα.
764 4765 790 4805 b
871 4779 962 4812 nus
984 4766 1087 4813 cod.
1119 4767 1224 4813 ὄψει
1257 4767 1402 4812 πολυν
1440 4765 1580 4813 anon.
1673 4764 1880 4813 ‘Morel.
1919 4778 2030 4813 cum

470 4765 695 4827 εὐτέλεια.
764 4765 790 4805 b
827 4764 962 4827 Unius
984 4764 1224 4827 εοιίςὸᾥει
1257 4765 1402 4827 πολὺν
1440 4764 1613 4821 ἀήδή.’
1673 4764 1880 4814 ‘Morel.
1919 4764 2030 4814 cum

471 4838 569 4874 uno
589 4825 692 4874 cod.
727 4826 1063 4889 διαφθείροντες
1086 4825 1476 4873 ἀπαλλάττονται.

1246 241 1306 297 S.
1339 233 1628 296 .OANMS
1656 234 2150 296 CIIRYSOSTOMI
2188 236 2510 294 ARCHIEP.
2555 237 3104 296 CONSTANTINOP.

3630 237 3727 297 I34

2164 354 2342 422 λέγειν
2397 353 2647 425 ἡγοῦντο,
2681 355 2782 425 ἤδη
2834 355 2899 410 ἂν
2931 359 2956 397 ε
2987 357 3081 409 καὶ
3113 354 3371 426 ὀνομαστὶ
3409 355 3730 426 παρήγαγον

2163 437 2378 500 αὐτούς.
2433 435 2570 489 Ἀλλ’
2605 437 2710 488 εἰσί
2743 454 2907 500 τινες,
2947 440 2996 491 οἳ
3048 440 3141 491 καὶ
3180 439 3504 506 ὑγιαίνουσιν,
3547 443 3729 510 φησίν.

2177 517 2394 589 Ἐπειδὴ
2435 518 2508 589 μὴ
2541 518 2700 589 μόνον
2747 522 2925 590 τρυφῇ
2961 520 3408 590 προσανέχουσιν,
3449 521 3583 574 ἀλλά
3639 525 3736 576 καὶ

2163 603 2363 664 πόνοις.
2406 601 2556 654 Ἐπεὶ
2592 600 2680 663 δός
2711 617 2807 670 ¹μοι
2853 601 3142 669 ἄνθρωπον
3199 602 3490 664 διαπαντὸς
3527 605 3738 656 πιαινό-

2165 701 2323 754 μενον
2344 725 2359 748 ,
2422 684 2786 756 ἀνενέργητον
2840 683 3090 754 κείμενον
3116 725 3130 748 ,
3199 685 3364 755 μηδὲν
3420 685 3691 741 πονοῦντα
3712 724 3730 748 ,

2163 769 2290 822 ἰδεῖν
2329 767 2659 836 ὑγιαίνοντα.
2697 767 2834 820 Ἀλλ’
2871 769 2973 818 οὑκ
2995 766 3062 820 ἂν
3094 766 3295 838 εὕροις.
3339 769 3459 822 Κάν
3495 769 3602 841 γὰρ
3633 788 3737 840 μυυ

2161 850 2291 920 ρίων
2332 850 2531 920 ἰατρῶν
2556 850 2758 919 πλῆθος
2792 849 3038 920 συνέλθῂ,
3070 850 3267 914 ἐξελεῖν
3321 851 3482 904 αὑτὸν
3531 854 3596 905 οῦ
3655 853 3732 923 μὴ

2157 931 2358 1001 δυνηθῇ
2403 932 2512 984 τῶν
2564 931 2906 1002 νοσημάτων,
2959 933 3220 1001 διηνεκῶς
3269 932 3732 1004 γαστριζόμενον·

2157 1015 2275 1066 οὑδὲ
2299 1015 2406 1085 γὰρ
2439 1015 2549 1084 ἔχει
2571 1015 2633 1068 τὸ
2655 1016 2886 1084 πρᾶγμα
2911 1015 3094 1084 φύσιν.
3128 1014 3268 1082 Ἐγὼ
3287 1015 3342 1068 δέ
3372 1019 3466 1068 καὶ
3488 1019 3734 1086 ἰατρικὸν

2158 1096 2287 1165 ὑμῖν
2313 1096 2420 1166 ἐρῶ
2449 1097 2624 1165 λόγον’
2655 1097 2778 1150 Τῶν
2809 1099 2886 1160 εἰς
2922 1096 3020 1167 τὴν
3051 1098 3289 1167 γαστέρα
3323 1097 3730 1168 καταϐαλλομέ-

2156 1196 2282 1243 νων,
2307 1182 2368 1233 οὑ
2397 1180 2458 1232 τὸ
2483 1183 2590 1234 πᾶν
2617 1180 2827 1247 γίνεται
2854 1183 3026 1250 τροφή
3043 1197 3058 1211 θ
3095 1181 3215 1232 ἐπεὶ
3252 1181 3384 1250 μηδέ
3415 1183 3472 1232 ἐν
3499 1182 3633 1250 αὑτῇ
3661 1185 3727 1252 τῇ

2153 1263 2254 1332 τῆς
2299 1263 2503 1334 τροφῆς
2533 1261 2692 1330 φύσει
2741 1261 2802 1314 τὸ
2858 1263 2968 1315 πᾶν
3001 1264 3115 1315 ἐστι
3163 1263 3446 1332 τρόφιμον,
3481 1263 3591 1316 ἀλλ’
3616 1263 3731 1317 ἔστι

2152 1344 2214 1396 τὸ
2263 1343 2359 1412 μὲν
2396 1344 2568 1413 αὐτῆς
2590 1346 2671 1406 εἰς
2697 1343 3024 1415 διαχώρησιν
3061 1345 3438 1416 μεριζόμενον,
3481 1347 3539 1400 τὸ
3567 1346 3622 1400 δὲ
3650 1349 3731 1410 εἰς

2153 1426 2376 1494 τροφήν.
2409 1426 2506 1479 "Av
2539 1425 2637 1495 μὲν
2667 1422 2762 1479 οὖν
2793 1426 3078 1496 σύμμετρα
3105 1426 3229 1489 δοὺς
3257 1427 3438 1480 τέλεον
3461 1445 3731 1499 κατεργα-

2156 1507 2278 1577 σθῇ,
2313 1504 2471 1559 τοῦτο
2500 1507 2728 1574 γίνεται,
2765 1509 2859 1561 καί⁵
2908 1508 3004 1579 τὴν
3051 1508 3256 1562 οἰκείαν
3305 1509 3468 1562 ἔλαϐε
3523 1509 3726 1579 χώραν,

2157 1591 2249 1641 καὶ
2295 1589 2356 1642 τὸ
2387 1590 2485 1659 μὲν
2517 1591 2666 1659 ὑγιὲς
2717 1593 2808 1644 καὶ
2844 1592 3075 1661 χρηστὸν
3132 1593 3212 1653 εἰς
3260 1592 3349 1644 τὸν
3390 1593 3585 1645 οἰκεῖον
3629 1595 3728 1646 ἀν-

2157 1671 2360 1741 έδραμε
2389 1673 2570 1738 τόπον,
2593 1672 2655 1725 τὸ
2685 1673 2743 1726 δὲ
2777 1672 3027 1742 περιττὸν
3049 1673 3141 1725 καί
3169 1673 3438 1744 ἀχρηστὺν
3462 1673 3726 1743 ὑπεξῆλθε

2156 1755 2248 1805 καὶ
2433 1753 2773 1824 ἐξεχώρησεν
2797 1771 2812 1784 ·
2843 1755 2909 1808 ἂν
2931 1753 2986 1806 δὲ
3016 1753 3242 1820 πλῆθος,
3262 1756 3354 1807 καὶ
3369 1755 3490 1807 ὅσον
3515 1764 3540 1794 ο
3560 1755 3726 1808 αὐτοῦ

2153 1835 2436 1906 τρόφιμον,
2469 1837 2562 1890 καὶ
2589 1835 2746 1888 τοῦτο
2770 1835 2975 1903 γίνεται
3003 1835 3284 1905 βλαϐερόν.
3329 1837 3416 1898 Ὡς
3461 1836 3554 1887 ἐπὶ
3598 1837 3728 1888 ὑπο-

2153 1916 2443 1986 δείγματος
2478 1916 2536 1968 δέ
2564 1917 2800 1970 τοιοῦτον
2836 1917 2966 1988 ἐρῶ,
3007 1919 3094 1972 ἵνα
3124 1918 3474 1989 σαφέστερον,
3506 1918 3535 1970 ὃ
3562 1917 3729 1987 λέγω,

2155 1999 2282 2066 ὑμῖν
2310 1998 2552 2069 γένηται·
2587 1998 2693 2051 Τοῦ
2719 1999 2865 2054 σίτου
2896 1999 2957 2053 τὸ
2989 2000 3086 2069 μέν
3111 2001 3225 2053 ἐστι
3267 1999 3564 2069 σεμίδαλις,
3587 1999 3648 2052 τὸ
3669 2001 3726 2053 δὲ

2153 2080 2400 2151 ἄλευρον,
2422 2080 2483 2134 τὸ
2508 2081 2564 2133 δέ
2587 2082 2833 2151 πίτυρον.
2865 2082 2962 2134 Ἂν
2994 2081 3092 2150 μὲν
3118 2077 3210 2134 οὖν
3242 2083 3275 2150 ἡ
3305 2080 3446 2151 μύλη
3477 2081 3634 2154 λάϐῃ,
3689 2082 3727 2136 ἃ.

2155 2161 2374 2216 δύναται
2418 2162 2585 2228 ἀλεῖν,
2628 2164 2890 2233 ἀπέκρινε
2930 2161 3100 2216 ταῦτα
3129 2163 3305 2217 πάντα
3325 2181 3340 2194 ο
3378 2163 3444 2217 ἂν
3480 2164 3537 2217 δὲ
3565 2165 3726 2218 πλέον

2155 2244 2436 2315 ὲπτϐάλῃς,
2463 2245 2640 2300 πάντα
2671 2247 3016 2314 συγκέχυται.
3049 2244 3218 2298 Πάλιν
3267 2248 3295 2298 6
3333 2242 3474 2309 οἰνος
3513 2247 3578 2301 ἂν
3627 2248 3727 2319 τῆς

2155 2328 2538 2399 προσηκούσης
2575 2329 2941 2402 κατεργασίας
2969 2328 3126 2401 τύχῃ,
3175 2330 3392 2400 καὶτῆς
3430 2330 3536 2385 τῶν
3567 2331 3726 2402 ὡρῶν

2134 2412 2420 2479 ¹κράσεως,
2452 2412 2718 2484 πρότερον
2747 2412 2844 2482 μὲν
2870 2412 3049 2464 πάντα
3081 2412 3216 2482 ὁμοῦ
3245 2413 3472 2480 γίνεται,
3501 2416 3637 2484 μετά
3668 2415 3726 2469 δέ

2151 2494 2322 2548 ταῦτα
2369 2498 2430 2548 τὸ
2487 2497 2584 2566 μέν
2644 2495 2809 2549 αὑτοῦ
2840 2498 2920 2558 εἰς
2956 2495 3131 2566 τρύγα
3161 2496 3426 2564 ὑφιζάνει,
3457 2498 3517 2549 τὸ
3560 2497 3615 2550 δέ
3643 2498 3726 2560 εἰς

2151 2577 2325 2647 ἀφρὸν
2346 2578 2650 2648 ἀνατρέχει,
2682 2577 2742 2630 τὸ
2763 2577 2817 2630 δὲ
2837 2578 2984 2647 μένει
3001 2577 3292 2640 ἀπόλαυσις
3323 2579 3431 2631 τῶν
3470 2580 3727 2652 μετεχόν-

2151 2676 2258 2712 των
2281 2659 2323 2725 ¹,
2355 2661 2447 2713 καὶ
2465 2660 2621 2712 τοῦτό
2643 2660 2759 2712 ἐστι
2817 2659 2878 2712 τὸ
2929 2661 3183 2730 χρηστὸν,
3212 2661 3307 2714 καὶ
3356 2662 3453 2714 οὑκ
3500 2661 3565 2714 ἄν
3596 2678 3725 2714 ποτε

2152 2741 2359 2809 ταχέως
2381 2741 2538 2795 τοῦτο
2574 2740 2808 2812 τραπείη
2831 2757 2858 2779 ·-
2880 2743 3144 2814 πρότερον
3160 2743 3217 2794 δέ
3241 2741 3362 2794 οὔτε
3385 2738 3522 2805 οἶνός
3554 2743 3722 2806 ἐστιν,

2151 2823 2273 2874 οὗτε
2293 2823 2449 2892 τρὺξ,
2476 2825 2691 2877 πάντων
2727 2824 3043 2894 μιχθέντων.
3075 2823 3245 2877 Τοῦτο
3260 2825 3353 2877 καὶ
3376 2825 3468 2878 ἐπὶ
3499 2825 3596 2894 τῆς
3629 2826 3726 2878 θα·

2158 2904 2354 2974 λάττης
2386 2906 2482 2958 ἰδοι
2513 2923 2597 2968 τις
2617 2906 2703 2970 ἂν,
2734 2907 2862 2959 ὅταν
2889 2906 3161 2977 ὑπερϐολὴ
3189 2906 3453 2977 χειμῶνος
3475 2908 3720 2978 γένηται.

2155 2987 2423 3058 Καθάπερ
2451 2984 2542 3041 οὖν
2562 2989 2684 3041 τότε
2707 2991 2832 3051 τοὺς
2870 2989 3056 3058 ἰχθύας
3081 2990 3297 3060 ὁρῶμεν
3339 2993 3560 3062 νεκροὺς
3598 2992 3722 3045 ἐπι-

2154 3068 2412 3133 πλέοντας
2451 3071 2578 3132 τοὺς
2599 3070 2704 3123 ὑπὸ
2733 3070 2826 3122 τοῦ
2851 3070 3055 3140 ψύχους
3092 3075 3171 3136 εἰς
3217 3071 3307 3126 τὸν
3369 3071 3531 3142 βυθὸν
3566 3072 3721 3127 δῦναι

2155 3152 2231 3222 μῆ
2261 3153 2586 3222 δυνηθέντας
2607 3169 2620 3182 ·
2653 3152 2795 3206 οὑτω
2825 3154 2890 3224 δὴ
2907 3156 3000 3208 καὶ
3026 3156 3108 3223 ἐφ’
3135 3155 3292 3226 ἡμῶν
3317 3157 3722 3225 γίνεται.⁶’οταν

2151 3233 2260 3304 γὰρ
2292 3234 2458 3298 πολὺς
2480 3235 2685 3290 ἄνωθεν
2715 3237 3014 3309 ἐπιρρεύσῃ
3038 3238 3137 3301 τῆς
3167 3237 3502 3309 λαιμαργιας
3543 3243 3572 3293 6
3632 3241 3723 3294 ὑε-

2148 3317 2261 3379 τὸς,
2291 3317 2464 3370 πάντα
2495 3320 2844 3388 ἀνακινήσας,
2883 3323 3106 3390 νεκροὺς
3129 3322 3406 3375 ἐπιπλέειν
3428 3325 3573 3375 ποιεῖ
3595 3323 3722 3387 τοὺς

2148 3395 2442 3466 λογισμοὺς
2474 3400 2600 3460 τοὺς
2623 3399 2759 3463 τέως
2793 3401 3152 3467 ὑγιαίνοντας,
3186 3402 3279 3455 καὶ
3318 3404 3372 3456 ἐν
3407 3405 3538 3474 ἡμῖν
3585 3406 3721 3474 ἠρε-

2151 3479 2406 3549 μοῦντας.
2441 3481 2592 3533 Ἐπεὶ
2618 3475 2710 3534 οὖν
2739 3484 2804 3535 ἐκ
2831 3481 3097 3536 τοσούτων
3140 3484 3549 3554 ὑποδειγμάτων
3587 3489 3720 3557 ἡμῖν

2148 3563 2519 3616 ἀποδέδεικται
2551 3563 2786 3635 πολλὴὴ
2839 3565 3029 3635 βλάϐη,
3086 3565 3422 3636 παυσώμεθα
3478 3570 3718 3640 μακαρί-

2147 3642 2332 3709 ζοντες
2349 3645 2590 3710 τούτους,
2621 3646 2706 3716 ἐφ’
2726 3642 2807 3710 οἷς
2830 3647 3132 3713 ταλανίζειν
3157 3650 3343 3721 ἐχρῆν,
3393 3651 3720 3723 δακρύοντες

2103 3752 2108 3757 -
2145 3727 2201 3780 δέ
2243 3729 2458 3794 αὐτοὺς,
2486 3729 2570 3797 ἐφ’
2603 3725 2686 3792 οἷς
2714 3730 3039 3801 μακαρίζειν
3069 3731 3195 3797 ἔδει,
3237 3733 3333 3786 καὶ
3379 3733 3478 3804 τὴν
3513 3735 3721 3806 αὐτάρ·

2145 3825 2296 3863 κειαν
2321 3809 2641 3880 ἀγαπῶμεν.
2678 3809 2749 3864 Ἦ
2779 3812 2879 3864 οὑκ
2899 3813 3123 3866 ἀκούετε
3149 3814 3242 3866 καὶ
3270 3815 3476 3886 ἰατρῶν
3524 3815 3719 3885 λεγόν-

2144 3907 2274 3955 των,
2306 3892 2387 3944 δτι
2419 3891 2594 3944 ἔνδεια
2622 3893 2805 3964 μήτηρ
2839 3893 3025 3960 ὑγείας
3048 3911 3064 3960 ;
3105 3894 3242 3963 Ἐγὼ
3267 3895 3322 3948 δὲ
3348 3897 3468 3968 οὑχὶ
3486 3899 3582 3968 τῆς
3605 3916 3715 3952 σω-

2147 3975 2384 4044 ματικῆς
2410 3975 2600 4042 ὑγείας
2626 3975 2835 4044 μητέρα
2858 3975 2955 4044 τὴν
2993 3975 3197 4030 ἔνδειαν
3235 3973 3394 4045 εἶναι,
3441 3980 3576 4033 ἀλλά
3620 3982 3714 4036 καὶ

2147 4055 2244 4126 τῆς
2280 4057 2517 4126 ψυχικῆς
2555 4056 2717 4124 λέγω.
2750 4057 2934 4112 Ταῦτα
2983 4059 3075 4112 καί
3118 4059 3329 4125 Παῦλος
3375 4062 3472 4134 βοᾷ
3494 4065 3523 4116 6
3545 4064 3714 4130 ὄντως

2151 4138 2351 4208 ἰατρὸς,
2389 4139 2687 4207 Ἔχοντες,
2715 4137 2908 4206 λέγων,
2951 4139 3271 4211 διατροφὰς
3323 4144 3422 4198 καί
3489 4146 3718 4200 σκεπά-

2146 4236 2362 4289 σματα,
2396 4221 2627 4286 τούτοις
2659 4221 3172 4292 ἀρκεσθησόμεθα.
3231 4224 3553 4294 Πειθώμεθα
3603 4227 3715 4280 τοί-

2147 4319 2242 4355 νυν
2287 4301 2454 4373 αὑτῷ,
2484 4302 2570 4355 ἴνα
2593 4303 2922 4369 ὑγιαίνοντες
2957 4305 3302 4374 πράττωμεν,
3346 4307 3382 4360 ἀ
3409 4307 3489 4360 δεῖ
3520 4312 3710 4376 ποιεῖν,

2146 4385 2206 4437 ἐν
2260 4384 2479 4455 Χριστῷ
2535 4383 2706 4456 Ἰησοῦ
2753 4385 2831 4456 τῷ
2880 4387 3069 4458 Κυρίῳ
3113 4387 3303 4458 ἡμῶν,
3355 4391 3474 4459 μεθ’
3526 4385 3587 4443 οὗ
3633 4392 3713 4462 τῷ

2147 4468 2324 4538 Πατρὶ
2350 4470 2468 4537 ἅμα
2501 4468 2579 4539 τῷ
2604 4469 2742 4539 ἀγίῳ
2765 4469 3039 4540 Πνεύματι
3059 4509 3081 4534 .,
3111 4469 3258 4537 δόξα,
3307 4472 3525 4542 κράτος,
3554 4475 3710 4546 τιμὴ,

2142 4549 2238 4603 νῦν
2265 4551 2358 4604 καὶ
2383 4550 2490 4616 ἀεὶ,
2519 4552 2611 4604 καὶ
2642 4553 2722 4613 εἰς
2745 4552 2870 4615 τοὺς
2903 4550 3102 4614 αἰῶνας
3117 4552 3226 4604 τῶν
3254 4553 3483 4608 αἰώνων.
3515 4555 3707 4626 Ἀμήν.

2200 4641 2230 4682 (ι
2271 4643 2369 4693 Alii
2390 4646 2469 4692 καὶ
2491 4646 2776 4709 όνειδιστικὰ
2802 4647 2989 4709 ῥήματα
3014 4645 3237 4709 ἡγοῦντο,
3256 4649 3348 4704 ἤδη
3372 4647 3447 4696 ἄν.
3544 4660 3568 4687 θ
3595 4651 3712 4708 Qui-

2137 4705 2251 4768 dem
2293 4719 2408 4768 mgsr
2431 4706 2511 4752 καί
2550 4705 2910 4768 παρεχώρησεν·
2938 4708 2999 4768 ἂν
3036 4707 3087 4768 δὲ
3119 4709 3292 4763 πλῆθος
3327 4709 3587 4768 ἐγγένηται,
3611 4705 3707 4757 ’καὶ

2136 4767 2262 4834 ὅσον.
2337 4763 2356 4803 ί
2393 4763 2701 4828 ’Λνατρέχειτ
2731 4763 2786 4813 τὸ
2804 4767 2858 4814 δὲ
2885 4767 2949 4821 εἰς
2978 4766 3242 4815 ἀπόλαυσιν
3279 4763 3374 4816 τῶν
3391 4763 3707 4834 μετεχόντων,

2132 4826 2204 4874 sic
2227 4839 2367 4874 unus.

1908 4984 2151 5040 OMIAIA
2187 4980 2291 5034 IZ'.

475 5047 692 5105 Τοῦτον
730 5047 837 5101 τὸν
883 5046 1166 5113 Μωῢσῆν,
1201 5045 1274 5101 δν
1321 5048 1684 5116 ἠρνήσαντο,
1749 5052 2034 5117 εἰπόντες,

543 5119 657 5189 Τίς*
692 5132 765 5170 σε
808 5117 1180 5189 κατέστησεν
1208 5119 1468 5189 ἁρχοντα
1498 5119 1593 5189 καὶ
1619 5118 1916 5186 δικαστὴν
1944 5121 2037 5189 ἐφ’

537 5184 714 5255 ἡμᾶς
733 5187 946 5239 τοῦτον
968 5189 998 5238 ό
1017 5187 1159 5256 Θεὸς
1176 5184 1452 5256 ἀρχηγὸν
1471 5188 1566 5240 καί
1588 5184 1899 5256 λυτρωτὴν
1926 5184 2038 5244 ἀέξ-

535 5258 769 5310 ἐστειλε
792 5256 915 5310 σὺν
937 5255 1087 5324 χειρὶ
1129 5256 1388 5325 ἀγγέλου
1417 5258 1524 5312 τοῦ
1549 5255 2021 5326 ὀφθέντοςαὺτῷ

533 5327 606 5378 ἐν
631 5325 708 5388 τῇ
735 5325 917 5388 βάτῳ.

631 5343 705 5392 τῃ
735 5343 917 5390 paup.

535 5413 605 5461 α’.
640 5408 849 5477 Σφόδρα
874 5405 1029 5461 τοῦτο
1054 5407 1381 5478 κατάλληλον
1396 5409 1528 5480 πρὸς
1555 5409 1653 5480 τὴν
1673 5411 2038 5482 προκειμένην

466 5485 738 5542 ὑπόθεσιν.
791 5489 1015 5544 Τοῦτον
1055 5491 1164 5544 τὸν
1225 5490 1524 5559 Μωῦσῆν,
1582 5494 1732 5563 φησί.
1796 5493 2034 5560 Τοῦτον,

466 5570 634 5634 ποίονς
665 5569 768 5623 Τὸν
791 5571 1214 5625 κινδυνεύσαντα
1241 5573 1561 5640 ἀπολέσθαι,
1586 5575 1675 5628 τὸν
1698 5576 1788 5628 ὑπ’
1810 5576 1988 5629 αὐτῶν
2007 5581 2034 5621 ε

526 5716 552 5791 ξ
717 5731 856 5791 ﬁnus
875 5722 933 5769 ad
955 5734 1129 5791 novgm
1161 5724 1397 5791 glegemve
1423 5737 1596 5778 versus
1625 5726 1824 5779 omnino
1857 5729 2028 5791 variat,

461 5777 550 5848 σοι]
578 5777 688 5826 sine
700 5779 800 5828 uno
822 5792 997 5831 sensus
1028 5783 1329 5838 discrimine.

2141 5049 2581 5119 ἐξουθενηθέντα,
2608 5049 2667 5103 ὃν
2692 5052 2998 5122 ἠρνήσαντο
3024 5055 3289 5119 εἰπόντες·
3322 5058 3415 5121 Τίς
3454 5073 3528 5112 σε
3578 5076 3710 5114 κατ-

2139 5133 2402 5198 έστησεν
2423 5132 2689 5198 ἄρχοντα
2703 5148 2723 5197 ;
2753 5134 3004 5203 καθάπερ
3033 5137 3129 5190 καί⁸
3153 5138 3232 5207 τῷ
3257 5139 3476 5208 Χριστῷ
3501 5140 3705 5208 ἔλεγον·

2135 5217 2255 5268 Οὐκ
2287 5216 2505 5282 ἔχομεν
2525 5215 2806 5278 βασιλέα,
2834 5218 2888 5270 εἰ
2934 5218 3020 5288 μὴ
3060 5222 3350 5288 Καίσαρα.
3406 5222 3626 5276 Τοῦτον
3676 5227 3710 5279 ό

2142 5296 2285 5361 Θεὸς
2311 5296 2578 5364 ἀρχηγὸν
2595 5296 2693 5349 καί
2721 5299 3030 5367 λυτρωτὴν
3049 5301 3368 5356 ἀπέστειλε
3409 5305 3533 5357 σὺν
3558 5307 3708 5374 χειρί

2138 5379 2396 5449 ἀγγέλου
2422 5378 2515 5432 τοῦ
2545 5378 2789 5442 εἰπόντος
2813 5379 2992 5448 αὐτῷ·
3037 5382 3176 5449 Ἐγώ
3205 5385 3322 5452 εἰμι
3354 5389 3386 5439 ό
3429 5385 3571 5452 Θεὸς
3620 5388 3711 5440 Ἀ-

2139 5462 2348 5530 ϐραὰμ.
2379 5462 2640 5516 Ἐνταῦθα
2676 5463 2768 5515 καὶ
2793 5463 2862 5516 τὰ
2877 5465 3140 5534 γενόμενα
3167 5466 3438 5539 θαύματα,
3463 5469 3551 5524 διὰ
3576 5471 3712 5542 X9:-

2138 5545 2264 5597 στοῦ
2293 5545 2559 5598 δείκνυσιν
2589 5542 2739 5617 [156]
2765 5545 3108 5614 γεγενῆσθαι.
3129 5543 3339 5615 Οὗτος,
3365 5551 3661 5618 τουτέστιν,
3683 5554 3711 5606 6

2133 5625 2373 5697 Μωῦσῆς
2402 5627 2518 5698 (καὶ
2566 5627 2688 5698 ὅρα,
2739 5627 2855 5690 πῶς
2902 5626 3168 5682 δείκνυσιν
3202 5630 3364 5685 αὑτὸν
3418 5633 3712 5705 λαμπρὸν),

2133 5707 2428 5778 ἐξήγαγεν
2452 5708 2673 5774 αὐτοὺς
2698 5708 2958 5776 ποιήσας
2983 5710 3197 5780 τέρατα
3248 5713 3349 5767 καί
3399 5717 3618 5784 σημεῖα
3643 5718 3715 5770 ἐν

2131 5787 2209 5866 τῇ
2239 5791 2530 5861 Αἰγύπτῳ,
2557 5791 2660 5847 καί
2679 5790 2750 5846 ἐν
2789 5789 3037 5864 Ἐρυθρᾷ
3066 5794 3369 5866 θαλάσσῃ,
3391 5798 3492 5853 καὶ
3519 5799 3590 5854 ἐν
3636 5797 3716 5871 τῇ
