4088 6142
467 251 568 308 1311

464 376 545 436 tet
574 362 712 429 vide,
744 361 1016 433 quomodo
1046 361 1193 417 illum
1220 362 1558 432 splendidum
1596 360 1867 431 exhibeat)
1920 361 2048 414 edu-

461 463 535 515 xit
562 460 699 520 illos,
736 459 925 528 faciens
951 456 1184 527 prodigia
1218 467 1263 508 et
1289 456 1436 525 signa
1474 454 1527 507 in
1563 463 1695 507 terra
1731 451 1973 522 Afgypti,
2004 460 2050 505 et

463 553 513 605 in
541 552 670 603 nutri
690 548 878 609 Rubro,
903 555 952 601 et
975 545 1026 600 in
1051 547 1246 599 deserto
1265 546 1415 598 annis
1441 544 1800 615 quadraginta.
1828 545 1916 597 57.
1949 541 2050 595 llic

460 655 535 699 est
570 643 787 712 Moyses,
813 641 899 711 qui
924 641 1051 693 dixit
1077 639 1200 706 [iliis
1230 636 1436 690 Israel:
1459 635 1771 705 PrOpltetam
1793 634 1928 687 vobis
1960 650 2048 686 Iu-

463 736 657 791 scitabit
688 734 931 786 Dominus
957 730 1091 783 Deus
1116 746 1179 782 ea:
1207 728 1445 799 fratribus
1482 728 1654 780 vestris
1688 736 1940 794 tamquam
1968 741 2051 777 me

461 828 638 900 (Dent.
672 825 756 879 l8.
801 824 927 893 {8);
963 821 1014 875 id
1056 830 1159 885 est,
1184 826 1570 886 conlctltptmn,
1606 816 1812 870 insidiis
1841 814 2047 883 appeti-

463 933 594 975 tum.
627 919 835 973 Etenim
867 916 1108 969 voluerat
1139 914 1310 980 ipsum
1349 910 1597 966 occidere
1621 907 1883 972 Herodes,
1910 915 1963 959 et
1994 906 2044 959 in

464 1013 693 1081 Egypto
722 1019 966 1065 servatus
985 1015 1086 1063 est.
1112 1006 1247 1057 sicut
1273 1013 1326 1057 et
1353 1004 1439 1057 ille
1471 1016 1601 1071 puer
1624 1016 1743 1054 cum
1771 1007 1933 1064 esset,
1961 998 2045 1051 in-

457 1106 609 1163 sidiis
636 1117 716 1157 cst
742 1102 1027 1170 appetitus.
1059 1097 1146 1153 58.
1185 1095 1282 1149 llic
1313 1105 1404 1158 est,
1436 1095 1521 1165 qui
1540 1093 1637 1163 fuit
1675 1095 1728 1146 in
1761 1091 1970 1145 ecclesia
1992 1091 2046 1143 in

460 1196 751 1257 solitudine,
775 1210 886 1246 cum
912 1190 1111 1260 angelo,
1140 1187 1226 1258 qui
1245 1187 1541 1257 loquebatur
1562 1185 1607 1237 ei
1627 1184 1679 1237 in
1702 1192 1868 1235 monte
1890 1181 2040 1247 Sina,

458 1303 503 1344 et
534 1307 645 1342 cum
678 1287 904 1354 patribus
934 1281 1116 1335 nostris
1130 1297 1149 1343 ;
1177 1280 1263 1349 qui
1287 1278 1478 1347 accepit
1500 1275 1644 1328 verba
1665 1275 1775 1328 vitte
1799 1273 1923 1325 dare
1947 1288 2043 1324 no-

459 1382 551 1435 bis.
582 1380 784 1433 Rursus
810 1390 1068 1443 nusquam
1100 1370 1376 1439 templum,
1412 1381 1672 1435 nusquam
1701 1364 2039 1419 sacrilicium.

456 1472 584 1527 Cum
628 1470 827 1539 angelo,
882 1464 1070 1533 inquit,
1126 1471 1177 1513 ut
1222 1461 1364 1512 daret
1411 1457 1553 1510 nobis
1596 1456 1743 1508 verba
1769 1455 1901 1507 viae.
1947 1452 2044 1507 llic

458 1562 711 1620 ostendit,
748 1559 916 1627 ipsum
950 1570 1053 1608 non
1091 1560 1292 1605 tantum
1338 1550 1486 1618 signa
1518 1548 1727 1611 iecisse,
1759 1544 1850 1598 sed
1880 1544 2041 1599 etiam

458 1656 629 1724 legem
656 1652 886 1711 dedis~e,
918 1655 974 1700 ut
1001 1645 1244 1698 Christus
1267 1642 1404 1697 fecit.
1431 1636 1889 1704 Quemadmodum
1915 1649 2043 1703 ergo

461 1746 545 1797 hic
574 1743 744 1812 primo
773 1741 917 1807 signa
946 1736 1088 1800 facit,
1118 1744 1172 1788 et
1198 1745 1321 1786 tunc
1348 1732 1516 1800 legent
1546 1730 1636 1781 dat
1666 1746 1678 1779 :
1706 1729 1782 1782 sic
1809 1736 1862 1780 et
1889 1725 2041 1780 Chri-

458 1848 593 1890 stus.
638 1832 741 1888 Sed
790 1846 893 1885 non
944 1828 1228 1881 audii-runt
1268 1824 1449 1885 illum,
1489 1836 1702 1889 semper
1744 1831 2040 1886 repugnare

454 1928 620 1991 docti,
652 1933 773 1994 post
815 1924 962 1990 signa
1013 1920 1119 1983 illa,
1156 1925 1274 1986 post
1303 1915 1537 1984 prodigia
1574 1928 1666 1980 per
1690 1909 2038 1980 quadraginta

452 2034 621 2077 arium
651 2015 814 2069 edita.
853 2011 1034 2079 Neque
1076 2010 1175 2062 hoc
1220 2016 1458 2067 tantum,
1496 2004 1589 2058 sed
1631 2012 1682 2055 et
1711 2000 2036 2056 contrarium

452 2108 815 2164 exhibuerunt
838 2120 853 2166 ;
880 2103 1018 2171 quod
1044 2098 1343 2162 declarans,
1369 2094 1561 2163 adjecit
1584 2112 1596 2147 :
1619 2092 1711 2146 59.
1742 2090 1834 2144 Cui
1863 2090 2040 2142 nolue-

451 2210 567 2255 runt
589 2197 791 2251 obedire
811 2202 977 2259 patres
998 2190 1189 2250 nostri;
1215 2189 1304 2242 sed
1327 2187 1639 2255 repulerunt,
1664 2194 1708 2236 et
1730 2182 1891 2235 aversi
1922 2188 2039 2233 sunt

450 2292 685 2346 cordibus
712 2287 819 2341 suis
846 2287 895 2337 in
922 2282 1231 2352 [Egyptnun
1258 2280 1348 2335 40.
1367 2280 1586 2331 dicentes
1603 2276 1670 2328 ad
1694 2274 1863 2328 Aaron
1888 2287 1908 2326 .'
1930 2270 2039 2324 Fac

451 2384 592 2436 nobis
633 2381 771 2438 deos.
807 2376 892 2446 qui
935 2377 1218 2443 prlecedant
1246 2388 1336 2424 nos
1370 2385 1389 2423 :
1423 2368 1623 2437 Moyses
1648 2372 1779 2419 enim
1809 2364 1910 2427 ltic,
1939 2362 2029 2431 qui

452 2474 624 2528 eduxit
660 2487 750 2524 nos
773 2469 837 2521 de
868 2479 1000 2521 terra
1034 2463 1273 2534 Egypti,
1308 2462 1556 2514 nescimus
1591 2457 1712 2526 quid
1750 2460 1939 2527 factum
1973 2454 2037 2506 sit

449 2569 496 2619 ei
514 2564 704 2635 (Exod.
733 2562 821 2616 52.
855 2560 930 2628 1).
956 2559 1045 2612 41.
1069 2556 1135 2611 Ει
1163 2554 1371 2608 vitulum
1393 2555 1614 2622 fecerunt
1640 2549 1691 2601 in
1715 2546 1888 2599 diebus
1911 2543 2032 2609 illis,

449 2669 497 2711 et
522 2657 805 2710 obtulerunt
832 2651 1047 2705 hostiam
1068 2647 1362 2710 simulacro,
1392 2654 1438 2697 et
1458 2641 1762 2696 ltetabantur
1786 2640 1839 2691 in
1863 2636 2003 2706 aperi
2012 2665 2033 2675 -

449 2750 543 2802 bus
572 2760 814 2799 manuum
834 2756 1061 2795 suarum.
1088 2738 1175 2793 42.
1207 2735 1458 2790 Convertit
1483 2743 1652 2786 autent
1673 2730 1830 2793 Deus,
1857 2737 1902 2781 et
1924 2738 2035 2780 tra-

450 2840 577 2892 didit
607 2837 722 2889 illos
749 2833 933 2887 servire
962 2830 1157 2882 militiai:
1184 2828 1315 2891 cteli,
1350 2827 1478 2879 sicut
1502 2824 1747 2893 scriptum
1787 2831 1859 2874 est
1889 2822 1940 2871 in
1972 2817 2036 2871 li-

450 2932 539 2984 bro
567 2930 923 2999 prophetarum
946 2940 964 2977 :
997 2920 1259 2988 Numquid
1284 2918 1508 2970 victimas
1533 2924 1579 2968 et
1607 2912 1860 2979 sacri/icio
1882 2910 2034 2999 obtuf

450 2996 577 3075 listis
605 3020 725 3069 mihi
751 3016 896 3067 annis
934 3010 1270 3080 quadraginta
1306 3008 1358 3057 in
1393 3004 1611 3065 deserto,
1658 3002 1835 3053 domus
1870 2996 2037 3050 Israel

458 3116 633 3181 (Amos
679 3109 732 3163 5.
767 3104 902 3173 25)?
943 3102 1029 3156 45.
1076 3099 1140 3153 Ει
1178 3098 1463 3161 suscepistis
1504 3093 1879 3181 tabernaculum
1911 3087 2037 3181 Mo-

452 3179 585 3264 loclt,
617 3212 662 3256 et
683 3199 823 3253 sidus
843 3197 922 3249 dei
944 3192 1089 3247 vestri
1117 3188 1403 3256 ltempltau,
1437 3187 1649 3254 ﬁguras,
1671 3197 1796 3251 quas
1823 3179 2032 3247 fecistis,

449 3308 507 3351 ut
531 3291 810 3348 adoraretis
837 3303 941 3341 eus.
980 3283 1043 3336 Et
1073 3279 1376 3347 transferam
1418 3292 1503 3329 vos
1530 3283 1669 3326 trans
1700 3271 2029 3341 Babylonem.

454 3384 712 3447 Tradidit,-
735 3381 835 3433 hoc
861 3378 997 3430 idem
1018 3381 1103 3428 est
1128 3384 1212 3436 ac,
1232 3366 1489 3438 permisit.
1518 3364 1607 3418 tu.
1631 3359 2033 3416 Tabernaculum

450 3472 719 3530 testimonii
745 3479 851 3524 erat
879 3463 1104 3537 patribus
1133 3460 1316 3515 nostris
1356 3458 1410 3510 in
1447 3456 1662 3515 deserto,
1693 3452 1820 3506 sicut
1845 3460 2037 3505 statue—

450 3579 528 3622 rat
557 3568 659 3620 illis
691 3565 896 3633 loquens
922 3560 988 3611 ad
1027 3556 1080 3610 Μ
1085 3572 1274 3626 oysem,
1309 3560 1363 3606 ut
1390 3553 1573 3623 timeret
1601 3546 1732 3602 illud
1760 3544 2035 3601 secundant

449 3664 687 3730 formam,
716 3670 865 3723 quant
895 3651 1085 3705 viderat
1117 3645 1311 3717 (Exod.
1339 3642 1430 3699 25.
1461 3641 1574 3713 60).
1606 3641 1753 3696 Licet
1779 3639 2032 3695 taberna-

450 3750 629 3805 culum
660 3753 823 3809 esset,
853 3740 1111 3795 sacriﬁcia
1143 3753 1248 3792 non
1280 3744 1451 3790 erant.
1483 3733 1636 3802 Quod
1665 3746 1792 3787 vero
1818 3746 1924 3785 non
1948 3743 2035 3784 cs-

450 3852 593 3905 scnt,
627 3838 884 3909 propheta
913 3834 1150 3888 declarat
1178 3831 1260 3885 his
1282 3829 1460 3884 verbis
1483 3846 1497 3881 :
1524 3824 1787 3895 Numquid
1809 3824 2033 3877 victimas

451 3945 498 3987 et
524 3930 775 3999 sacriﬁcia
797 3926 1047 3980 obtulistis
1079 3923 1203 3975 milti
1222 3921 1246 3974 ν
1283 3918 1710 3975 Tabernaculum
1743 3914 2031 3970 testimonii

448 4034 584 4088 crat,
608 4034 662 4077 et
693 4020 823 4073 nihil
855 4018 981 4087 ipsis
1009 4015 1278 4085 proderat,
1313 4013 1405 4065 sed
1428 4010 1899 4065 consumebantur.
1928 4005 2032 4060 Ne-

447 4130 554 4185 que
583 4111 808 4165 antehac
831 4110 933 4162 illis
959 4121 1130 4177 signa,
1161 4120 1331 4173 neque
1361 4113 1539 4172 postea
1567 4100 1881 4169 proluerunt
1904 4097 2029 4151 illis.

449 4207 536 4261 45.
571 4204 718 4271 Quod
742 4213 789 4254 et
820 4200 1147 4260 induxerunt,
1176 4195 1506 4266 suscipientes
1534 4201 1702 4262 patres
1731 4189 1909 4244 nostri.
1944 4188 2032 4242 Vi-

448 4300 566 4352 den‘
596 4298 664 4350 ibi
694 4295 867 4347 locum
896 4302 1137 4346 sanctum
1174 4304 1315 4353 esse,
1343 4286 1431 4341 ubi
1459 4296 1541 4340 est
1573 4284 1752 4339 Deus?
1783 4282 1929 4346 Ideo,
1964 4279 2029 4334 In

446 4394 663 4451 deserto,
692 4387 844 4451 dixit,
868 4392 925 4437 ut
951 4382 1122 4436 locum
1155 4381 1271 4434 loco
1300 4377 1563 4434 conferat.
1594 4376 1795 4431 Deinde
1822 4373 2029 4429 beneﬁ-

445 4479 585 4532 ciqu
615 4477 873 4545 sequitur.
910 4473 973 4526 Et
997 4473 1325 4534 induxerunt,
1366 4469 1556 4538 inquit,
1589 4468 1918 4536 suscipientes
1938 4481 2029 4535 ραι

446 4584 547 4625 tres
572 4571 727 4623 nostri
758 4583 872 4620 cum
899 4565 931 4618 Ι
938 4581 1023 4618 esu
1049 4566 1100 4617 in
1129 4563 1491 4630 possessionem
1514 4561 1756 4628 gentium,
1784 4575 1909 4626 quas
1934 4574 2027 4611 ex-

447 4663 575 4733 pulit
621 4662 753 4713 Deus
793 4675 825 4710 a
865 4657 993 4726 [acie
1039 4666 1243 4725 patrum
1287 4663 1573 4706 nostrorum
1618 4668 1776 4719 usque
1812 4651 1881 4702 ad
1922 4652 2029 4704 dies

449 4752 631 4815 David,
665 4752 752 4804 46.
783 4749 870 4819 qui
899 4748 1083 4801 invenit
1109 4746 1327 4817 gratiam
1366 4756 1482 4797 ante
1510 4741 1695 4808 Deum,
1734 4753 1783 4797 et
1811 4744 1948 4812 petiit
1972 4752 2028 4795 ut

445 4847 685 4902 inveniret
706 4839 1085 4897 tabernaculum
1112 4838 1205 4892 Dei
1231 4837 1392 4891 Iacob
1423 4834 1594 4905 (Psal.
1629 4836 1750 4890 151.
1771 4834 1850 4904 5).
1873 4835 2029 4889 Petiit

444 4937 712 4994 azdilicare
736 4933 922 4999 David,
948 4941 1001 4987 et
1031 4947 1136 4985 non
1166 4944 1482 4984 concessum
1514 4935 1598 4981 est
1627 4926 1698 4991 ci,
1740 4941 1930 4995 magno
1959 4926 2026 4979 11-

444 5040 529 5086 cet
551 5040 605 5085 et
633 5025 899 5091 mirabili;
942 5023 1034 5078 sed
1080 5022 1304 5077 {editicat
1344 5020 1587 5088 ahjectus
1622 5019 1709 5073 ille
1746 5016 2022 5072 Salomon.

447 5125 571 5179 Ideo
595 5125 669 5176 ait
692 5138 705 5174 :
728 5121 821 5175 47.
871 5116 1119 5172 Salomon
1156 5125 1323 5167 autem
1368 5112 1638 5180 aediﬁcavit
1674 5111 1751 5165 illi
1794 5112 2021 5163 domum.

443 5217 532 5271 48.
562 5214 669 5270 Sed
695 5228 796 5266 non
823 5210 1108 5264 Altissimus
1149 5208 1203 5261 in
1240 5206 1544 5272 manufactis
1572 5205 1770 5274 templis
1808 5204 2021 5257 habitat.

441 5307 559 5362 iam
589 5306 689 5360 hoc
718 5319 811 5373 per
831 5316 913 5366 ea,
936 5316 1055 5371 qua:
1080 5314 1238 5368 supra
1264 5298 1404 5353 dicta
1431 5307 1576 5362 sunt,
1608 5308 1881 5351 ostensum
1904 5303 2021 5360 est;

440 5397 739 5452 declaratur
759 5394 918 5449 etiam
934 5408 998 5447 ex
1018 5390 1323 5461 prophetica
1341 5404 1471 5444 voce
1491 5406 1504 5441 :
1528 5387 1796 5457 quomodo
1818 5397 2018 5447 autem,

438 5490 561 5542 audi
590 5486 885 5555 sequentia.
926 5484 1071 5539 Sicut
1092 5483 1338 5553 praplteta
1367 5482 1529 5535 dicit:
1554 5480 1642 5534 49.
1675 5478 1866 5534 Cwlum
1896 5478 2019 5531 mitti

374 5636 383 5642 ,
436 5581 577 5633 sedes
603 5588 697 5641 est,
742 5587 876 5631 terra
921 5586 1087 5630 autent
1127 5572 1397 5628 scabellum
1440 5573 1625 5643 pedum
1666 5586 1912 5624 ineorum.
1951 5567 2021 5621 Et

435 5683 587 5739 quant
610 5667 815 5721 domum
838 5667 1155 5738 tedificabitis
1180 5664 1324 5734 mihi,
1346 5663 1467 5718 dicit
1488 5660 1739 5719 Dominus
1754 5660 1781 5715 l
1799 5657 2021 5729 autquis

1214 248 1275 306 S.
1312 248 1589 307 JOANNiS
1623 248 2097 307 CIIRYSOSTOMI
2131 248 2455 308 ARCHIEP.
2494 252 3028 311 CONSTANTINOP.

3628 267 3739 329 136

2158 360 2298 416 locus
2319 363 2639 432 requietionis
2669 382 2793 420 mea:
2816 377 2887 420 est
2906 367 2931 419 1'
2960 367 3050 422 50.
3079 383 3248 423 nonne
3273 383 3453 422 manus
3489 385 3601 426 mea
3618 375 3742 441 fecit

2154 453 2261 507 lucc
2281 453 2621 523 omnio(lsai.
2645 455 2733 510 66.
2759 458 2853 525 l)?
2880 457 2960 512 Ne
2988 458 3273 523 miremini,
3305 459 3496 528 inquit,
3525 462 3568 515 si
3589 461 3749 517 Chri-

2152 554 2267 599 stus
2298 545 2381 609 iis,
2411 546 2501 614 qui
2523 562 2744 616 regnum
2770 550 2933 618 ipsius
2952 550 3215 618 rejiciunt,
3244 552 3381 607 bene
3405 552 3550 615 facit,
3571 569 3744 623 quan-

2152 632 2438 703 doquidem
2467 646 2518 690 et
2547 636 2598 691 in
2637 637 2819 708 Moyse
2855 638 2958 694 hoc
2999 642 3195 694 factum
3224 652 3327 695 est.
3367 642 3435 696 Et
3471 659 3579 697 non
3606 645 3743 699 siut-

2153 724 2364 793 pliciter
2392 724 2514 778 illos
2559 728 2718 792 eruit,
2765 728 2858 781 scd
2903 728 2954 782 in
2999 729 3213 784 deserto
3258 742 3499 800 agentes.
3534 732 3742 802 Viden‘,

2151 814 2290 882 quod
2322 823 2541 883 propter
2584 816 2704 869 illos
2746 817 2893 885 signa
2945 818 3032 871 illa
3070 819 3211 873 edita
3255 820 3395 875 sint?
3436 820 3618 892 Itaque
3651 826 3742 893 qui

2151 917 2271 959 cum
2301 904 2414 959 Deo
2449 906 2702 975 loquutus
2728 919 2831 971 est,
2865 910 2955 977 qui
2986 910 3121 964 mire
3150 921 3431 977 servatus,
3472 915 3562 982 qui
3598 923 3741 969 tanta

2150 994 2276 1051 fecit
2303 998 2575 1067 etpotuit;
2610 1000 2841 1054 ostendit
2868 1003 3087 1055 omnino
3106 1012 3359 1071 Oportere
3385 1005 3590 1072 impleri
3616 1022 3743 1074 pro-

2152 1088 2410 1157 phetiatn,
2440 1106 2541 1145 nec
2571 1102 2849 1146 aversatur
2873 1094 2974 1148 sibi
3020 1094 3140 1163 ipsi.
3181 1094 3287 1150 Sed
3322 1097 3569 1164 superius
3598 1098 3740 1151 dicta

2150 1190 2473 1249 repetamus.
2507 1181 2607 1235 Hic
2626 1192 2717 1246 est,
2750 1183 2936 1253 inquit,
2975 1185 3175 1255 Moyses
3198 1188 3283 1255 qui
3311 1187 3438 1240 dixit
3467 1203 3489 1240 :
3517 1187 3742 1255 Prop/ie-

2148 1280 2251 1323 tant
2292 1273 2427 1327 vobis
2462 1275 2721 1328 suscitabit
2764 1275 3013 1329 Dominus
3044 1288 3299 1347 tamquam
3330 1295 3428 1332 me.
3470 1279 3581 1332 Iloc
3611 1295 3741 1350 pmo

2147 1363 2416 1418 Christum
2449 1367 2748 1435 reSpcsisse
2777 1383 2896 1423 cum
2923 1368 3057 1422 dixit
3095 1386 3107 1421 :
3137 1367 3222 1422 E1:
3244 1368 3444 1424 Judteis
3486 1372 3625 1424 salus
3666 1382 3739 1425 est

2148 1454 2325 1523 (Joan.
2352 1455 2404 1507 4.
2436 1455 2551 1525 22),
2577 1456 2811 1524 seipsum
2836 1457 3199 1511 subindicans.
3227 1457 3327 1511 Hic
3348 1462 3543 1527 est,'qui
3569 1463 3738 1531 fuitin

2147 1544 2342 1597 deserto
2371 1560 2485 1597 cum
2518 1546 2719 1615 angelo,
2759 1548 2845 1616 qui
2874 1548 3171 1617 loquebatur
3207 1549 3323 1618 ipsi.
3368 1549 3505 1605 Ecce
3548 1552 3737 1604 iterum

2147 1634 2381 1689 ostendit
2408 1636 2579 1705 ipsum
2602 1636 2814 1691 dedisse
2837 1637 3028 1707 legem,
3056 1638 3319 1707 siquidem
3343 1654 3462 1694 cum
3482 1641 3599 1709 ipso
3620 1651 3738 1695 erat

2148 1728 2198 1784 itt
2229 1738 2368 1784 cmtu
2408 1729 2457 1782 iu
2502 1730 2735 1783 deserto.
2790 1730 2889 1785 llic
2933 1746 3063 1785 vero
3112 1732 3428 1787 miraculum
3484 1749 3734 1804 magnum

2145 1823 2304 1875 etiam
2331 1832 2716 1876 commemorat
2745 1824 2794 1876 in
2824 1834 3006 1877 monte
3033 1823 3249 1878 factum.
3277 1825 3376 1891 Qui
3410 1827 3597 1894 accepit
3625 1844 3738 1881 ver-

2144 1917 2207 1966 ba
2235 1914 2366 1977 viae,
2396 1924 2452 1967 ut
2484 1914 2628 1969 daret
2665 1914 2826 1969 nobis.
2856 1915 3063 1986 Ubique
3104 1917 3363 1972 mirabilis
3388 1930 3470 1974 est
3498 1918 3730 1994 Moyses,

2144 2008 2375 2061 maxime
2403 2022 2530 2062 vero
2559 2008 2770 2077 quando
2811 2009 2893 2064 lex
2923 2009 3094 2065 danda
3124 2019 3259 2066 erat.
3305 2010 3442 2079 Quid
3480 2012 3581 2066 sibi
3621 2013 3733 2067 vult

2145 2098 2298 2162 illud,
2339 2096 2499 2151 Verba
2528 2100 2681 2153 vita?
2710 2099 2801 2154 Vel
2828 2116 2912 2167 ea,
2943 2116 3167 2170 quorum
3198 2101 3317 2156 linis
3341 2118 3435 2171 per
3452 2117 3733 2158 sermones

2144 2190 2562 2258 monstrabatur,
2593 2191 2672 2245 vel
2700 2192 3007 2261 prophetias
3033 2193 3182 2247 dicit.
3212 2193 3343 2248 111110
3370 2196 3611 2265 sequitur
3630 2198 3728 2250 cri-

2143 2283 2364 2336 minatio
2390 2284 2441 2336 in
2492 2283 2843 2352 patriarchas,
2873 2286 2961 2355 qui
3005 2294 3123 2354 post
3163 2286 3311 2356 signa
3355 2296 3408 2341 et
3446 2288 3725 2353 miracula,

2144 2385 2421 2442 postquam
2451 2384 2769 2443 acceperant
2790 2376 2947 2430 verba
2967 2377 3108 2443 vita),
3131 2376 3195 2430 Ei
3221 2378 3508 2442 noluerunt,
3534 2379 3725 2448 inquit,

2141 2464 2422 2520 obedientes
2446 2481 2571 2521 esse.
2590 2465 2753 2522 Recte
2775 2477 2951 2523 autem
2970 2469 3120 2535 dixit,
3139 2468 3297 2523 Verba
3316 2472 3450 2537 vita,
3467 2479 3524 2525 ut
3542 2481 3695 2526 osteu
3712 2502 3728 2515 -

2140 2558 2292 2613 deret
2315 2572 2435 2612 esse
2459 2573 2672 2627 quoque
2700 2558 2861 2614 verba
2884 2575 2989 2614 non
3016 2559 3268 2626 viventia,
3290 2560 3359 2615 de
3381 2562 3574 2631 quibus
3596 2561 3730 2616 Eze-

2141 2649 2280 2705 chiel
2310 2650 2419 2704 ait:
2449 2648 2513 2702 Et
2535 2650 2652 2702 dedi
2680 2650 2818 2703 vobis
2845 2660 3098 2722 praecepta
3119 2668 3218 2705 non
3239 2651 3370 2705 bona
3390 2651 3605 2721 (EsecIt.
3633 2652 3728 2707 20.

2139 2742 2253 2813 25).
2282 2742 2427 2796 Talia
2448 2757 2578 2812 ergo
2607 2743 2900 2812 respiciens
2927 2743 3080 2809 dixit,
3112 2741 3278 2796 Verba
3297 2743 3430 2797 vitaz.
3451 2743 3558 2798 Sed
3576 2761 3729 2814 repu-

2140 2834 2329 2897 lerunt,
2349 2844 2395 2888 et
2415 2835 2574 2888 aversi
2593 2845 2709 2888 sunt
2726 2835 2960 2889 cordibus
2980 2839 3085 2889 suis
3103 2835 3154 2889 in
3169 2834 3455 2907 .Eggptum
3476 2852 3496 2900 ,'
3529 2836 3617 2891 ubi
3646 2838 3728 2891 111-

2140 2925 2506 2994 gemiscebant
2522 2927 2559 2991 ί,
2583 2928 2669 2981 tibi
2686 2927 3005 2993 clamabant,
3037 2928 3178 2983 unde
3196 2929 3361 2983 Dento
3382 2929 3722 2983 invocabant.

2142 3014 2211 3069 Et
2232 3017 2462 3070 dicebant
2497 3017 2685 3071 Aaroni
2705 3033 2724 3070 :
2753 3017 2863 3071 Fac
2878 3017 3021 3073 nobis
3040 3019 3178 3084 deos,
3196 3021 3282 3090 qui
3304 3020 3589 3089 praecedant
3610 3037 3721 3074 nos.

2210 3109 2265 3161 2.
2306 3109 2610 3162 ,Ιιιάωονιυη
2648 3109 3102 3178 insipientia.—0
3146 3110 3539 3181 insipientiam!
3592 3110 3724 3173 Fac,

2141 3200 2404 3270 inquiunt,
2451 3210 2505 3252 ut
2546 3202 2831 3269 praecedant
2866 3216 2977 3254 nos.
3015 3200 3168 3268 Quo?
3196 3200 3249 3254 In
3282 3201 3592 3271 Egyptum.
3637 3201 3727 3256 Vi-

2139 3291 2282 3356 den’,
2311 3307 2468 3360 quam
2494 3306 2636 3361 :egre
2660 3291 3019 3346 avellerentur
3043 3307 3071 3345 a
3103 3293 3343 3348 moribus
3364 3292 3727 3364 lEgyptiacis?

2139 3381 2275 3450 Quid
2307 3380 2484 3436 dicis?
2518 3397 2626 3435 non
2668 3391 2949 3451 exspectas
2988 3398 3109 3437 eum
3148 3383 3236 3453 qui
3277 3392 3330 3438 te
3368 3384 3586 3450 eduxit;
3630 3384 3723 3438 sed

2141 3486 2304 3542 negas
2342 3471 2681 3536 beneﬁcium,
2713 3482 2767 3527 et
2807 3487 2839 3527 a
2888 3471 3229 3528 benefactore
3267 3471 3442 3543 fugis?
3478 3475 3541 3528 Et
3582 3474 3723 3541 vide,

2136 3565 2411 3637 quomodo
2449 3565 2771 3620 contumelia
2803 3564 3061 3620 alliciunt.
3106 3564 3311 3635 Moyses
3337 3566 3469 3619 enim
3504 3566 3605 3631 hic,
3639 3566 3724 3619 in-

2138 3656 2347 3726 qttiuut,
2378 3656 2466 3727 qui
2492 3656 2667 3710 eduxit
2693 3671 2783 3709 nos
2810 3656 2874 3709 de
2897 3664 3032 3710 terra
3058 3654 3298 3726 Egypti.
3325 3655 3593 3724 Nusquam
3629 3657 3722 3711 Dei

2139 3762 2356 3815 nomen,
2388 3747 2481 3802 sed
2509 3747 2686 3801 omnia
2726 3747 2892 3819 Moysi
2923 3747 3251 3802 adscribunt.
3284 3749 3348 3802 Et
3376 3764 3497 3803 cum
3524 3750 3725 3818 gratias

2137 3856 2296 3911 agere
2319 3849 2611 3909 Oporteret,
2644 3840 2880 3910 Moysem
2908 3839 2961 3893 in
2994 3839 3228 3893 medium
3258 3840 3568 3897 adducunt:
3600 3855 3721 3893 cum

2137 3941 2315 3985 autem
2346 3930 2446 3998 legi
2465 3929 2821 3984 obediendum
2848 3938 2980 3991 erat,
3005 3942 3109 3982 non
3128 3930 3237 3997 jam
3265 3929 3496 4000 Moysen:
3520 3945 3723 3984 memo-

2139 4032 2280 4078 rant.
2312 4022 2470 4090 Atqui
2506 4021 2733 4085 dixerat,
2780 4035 2839 4075 se
2874 4021 3186 4087 ascendere,
3219 4029 3277 4074 ut
3304 4020 3473 4090 legem
3510 4021 3721 4089 accipe-

2139 4124 2219 4169 ret
2244 4129 2259 4179 ;
2290 4114 2366 4168 illi
2399 4128 2526 4167 vero
2547 4128 2615 4167 ne
2644 4127 2739 4182 per
2766 4111 3114 4182 quadraginta
3145 4111 3357 4182 quidem
3385 4112 3501 4166 dies
3527 4127 3723 4181 exspe-

2136 4214 2368 4259 ctarunt.
2419 4202 2526 4256 Fac
2560 4202 2702 4257 nobis
2731 4203 2870 4256 deos.
2907 4201 3023 4257 Non
3066 4203 3334 4269 dixerunt,
3374 4203 3561 4264 Deum,
3603 4204 3719 4266 sed,

2138 4294 2272 4350 Deos
2298 4312 2316 4349 :
2338 4295 2416 4349 sic
2439 4293 2924 4360 debacchabantur,
2948 4303 3006 4347 ut
3026 4293 3292 4348 nescirent
3312 4293 3434 4363 quid
3457 4293 3717 4349 dicen-nt.

2136 4388 2205 4441 Et
2227 4393 2448 4459 fecerunt
2469 4388 2683 4440 vitulum
2703 4387 2754 4440 in
2770 4387 2943 4441 diebus
2964 4386 3084 4452 illis,
3107 4396 3154 4439 et
3169 4387 3451 4439 obtulerunt
3470 4385 3721 4453 sacriﬁcia

2134 4482 2293 4535 idolo.
2328 4480 2571 4535 Vidistiu‘
2599 4480 2955 4550 insipientiam
3000 4477 3311 4548 ingentem?
3340 4474 3437 4533 Ubi
3475 4478 3721 4546 apparuit

2138 4573 2280 4627 Deus
2303 4573 2487 4644 Moysi,
2521 4574 2573 4626 111
2602 4573 2824 4627 vitulum
2852 4572 3127 4630 faciunt,ct
3158 4570 3456 4624 immolant.
3485 4569 3549 4622 Et
3571 4568 3719 4623 (arta-

2136 4666 2339 4730 bantur,
2364 4665 2553 4735 inquit,
2579 4665 2630 4717 in
2655 4665 2887 4734 operibus
2909 4679 3147 4716 manuum
3173 4677 3403 4714 suarum.
3434 4661 3509 4714 De
3528 4660 3720 4730 quibus

2135 4756 2454 4811 erubescere
2479 4755 2780 4824 oportebat,
2808 4754 3143 4808 laetabantur.
3179 4751 3245 4806 Et
3269 4751 3394 4821 quid
3428 4751 3642 4813 mirum,
3674 4751 3717 4804 si

2135 4848 2392 4917 ignoratis
2429 4848 2722 4909 Christum,
2764 4846 2977 4914 quando
3012 4854 3066 4899 ct
3106 4845 3341 4914 Moyscm
3387 4844 3642 4913 ignoratis
3666 4858 3722 4898 et

2135 4939 2323 5004 Deum,
2355 4947 2434 4991 tot
2457 4938 2623 5003 signis
2647 4936 2981 4990 exhibitura?
3009 4936 3086 4991 Illi
3117 4950 3245 4991 vero
3275 4952 3377 4990 non
3408 4937 3719 5003 ignorarunt

2132 5029 2313 5094 modo,
2346 5028 2438 5082 sed
2465 5037 2519 5082 et
2542 5028 2647 5081 alio
2674 5027 2833 5080 modo
2871 5030 3193 5082 contumelia
3235 5027 3547 5087 aliecerunt,
3591 5025 3717 5079 dmn

2133 5123 2271 5177 idola
2303 5122 2557 5177 facerent.
2588 5119 2842 5174 Convertit
2868 5130 3033 5173 autem
3074 5120 3235 5185 Deus,
3279 5130 3325 5173 et
3352 5120 3563 5173 tradidit
3602 5120 3718 5173 illos

2129 5215 2315 5268 servire
2341 5212 2535 5267 militiae
2561 5212 2691 5265 caeli.
2733 5211 2867 5265 llinc
2902 5227 3080 5265 mores
3110 5210 3203 5275 illi,
3246 5210 3372 5264 hinc
3408 5208 3667 5262 sacriﬁcia
3693 5242 3707 5263 .

2129 5309 2226 5377 ipsi
2257 5308 2484 5375 primum
2513 5304 2668 5358 idolis
2683 5304 3070 5358 sacrificarunt.
3094 5302 3206 5355 Hoc
3222 5300 3526 5370 signiﬁcans
3550 5298 3714 5352 ιλιι-111

2127 5399 2254 5451 dicit
2287 5416 2300 5450 :
2336 5397 2400 5449 Et
2443 5401 2668 5466 fecerunt
2707 5395 2920 5449 vitulum
2958 5395 3011 5446 in
3047 5393 3264 5457 Cltoreb,
3291 5404 3337 5445 et
3376 5393 3715 5444 adoraveruist

2127 5488 2359 5558 sculptile
2389 5486 2560 5559 (Psal.
2592 5486 2715 5542 105.
2746 5485 2858 5557 19).
2895 5483 3029 5541 Nam
3061 5484 3291 5539 an:ehac
3329 5497 3589 5553 nusqnatn
3628 5496 3714 5535 sae

2191 5668 2208 5701 ⁸
2236 5664 2370 5729 Have,
2397 5663 2476 5716 ubi
2497 5658 2885 5726 ingemiscebant,
2908 5659 3090 5712 desiuit
3112 5660 3162 5710 in
3184 5672 3283 5710 uno
3305 5657 3426 5711 (ιυιι.
