4088 6142
316 328 422 386 137

317 441 504 496 criﬁcii
547 453 770 502 nomen,
816 435 913 491 sed
944 443 1206 504 prmecpta
1239 433 1376 494 viva,
1410 436 1464 483 ει
1499 427 1705 495 eloquia
1747 425 1863 476 vita
1897 438 1909 473 :

318 547 583 603 nusquam
616 530 970 588 initiationes,
997 526 1089 578 sed
1115 523 1370 576 miracula
1403 532 1453 574 et
1481 520 1629 587 signa
1658 515 1911 570 exhibita.

323 627 470 681 Sicut
498 626 744 692 scriptum
776 631 848 674 est
884 621 933 672 in
979 617 1106 669 libro
1137 617 1517 684 prapltetarum.
1554 611 1648 664 llic
1680 609 1918 662 testimo-

327 718 468 771 nium
502 731 607 767 non
644 714 765 766 sine
807 725 964 764 causa
1002 707 1238 770 adducit,
1284 704 1379 760 St‘d
1421 712 1477 757 ttt
1515 700 1762 756 ostendat
1811 713 1914 750 non

329 824 443 866 esse
474 807 756 862 sacriﬁciis
792 819 946 874 opus.
977 802 1041 856 Et
1071 800 1210 862 vide,
1243 797 1366 866 quid
1397 796 1558 850 dicat.
1599 792 1739 846 Nam
1779 791 1919 843 victi.

330 920 433 956 mas
459 912 503 955 et
533 900 790 966 sacriﬁcia
820 895 1068 949 obtulistis
1098 893 1222 944 nti/ti
1260 892 1313 942 in
1344 889 1539 940 deserto
1581 883 1919 954 quadraginta

329 994 514 1048 annis?
546 990 609 1044 Et
635 989 899 1056 accepistis
931 983 1312 1039 tabernaculum
1338 980 1561 1042 .lloloclt,
1589 988 1633 1030 et
1656 977 1796 1029 sidus
1825 973 1920 1027 Dei

329 1088 473 1143 vestri
519 1082 825 1153 Rempltan,
871 1079 1061 1148 ﬁguras
1104 1091 1227 1144 quas
1271 1072 1498 1144 fecistis,
1541 1078 1595 1121 ut
1642 1066 1920 1120 adorat-etis

331 1200 433 1239 eas.
461 1181 596 1236 Cum
621 1176 864 1245 emphasi
895 1175 1162 1242 loquitur;
1192 1173 1292 1224 hoc
1318 1183 1446 1222 vero
1473 1165 1738 1234 signiﬁcat
1767 1179 1779 1213 :
1805 1161 1918 1214 Non

334 1273 555 1346 potestis
604 1270 808 1332 dicere,
859 1280 954 1319 vos
1008 1263 1147 1333 quod
1194 1249 1320 1314 mihi
1371 1254 1765 1315 sacriﬁcaretis,
1816 1251 1922 1304 illis

332 1369 489 1423 etiam
520 1360 939 1421 sacriﬁcavisse;
985 1366 1040 1411 et
1079 1355 1258 1408 hocin
1303 1351 1536 1413 deserto,
1578 1347 1664 1401 ubi
1693 1344 1923 1399 maxime

333 1463 435 1515 illis
473 1455 815 1527 praesidebat.
860 1451 928 1505 Et
971 1447 1232 1517 accepistis
1269 1442 1647 1498 tabernaculum
1695 1436 1919 1490 Molorlt.

333 1553 401 1607 Et
443 1551 557 1603 huic
599 1547 698 1601 fuit
739 1558 900 1599 causa
945 1539 1350 1595 sacriﬁciorum.
1393 1533 1456 1587 Et
1499 1533 1800 1600 transferam
1840 1543 1924 1579 vns

334 1645 469 1696 ultra
494 1638 823 1708 Babylonem.
857 1635 945 1689 Sic
987 1640 1040 1685 et
1077 1629 1357 1699 captivitas
1400 1622 1667 1678 accusatio
1707 1618 1924 1673 malitia:

334 1743 436 1788 εει.
469 1731 528 1786 Et
573 1727 864 1798 quomodo,
905 1722 1145 1791 inquies,
1186 1726 1302 1774 erat.
1345 1712 1748 1770 Tabernacutum
1789 1708 1928 1760 testi-

335 1825 535 1879 monii?
555 1822 676 1875 ldeu
706 1827 840 1881 erat,
864 1825 920 1870 ιιι
951 1825 1138 1870 testem
1171 1811 1429 1866 haberent
1456 1808 1647 1862 Deum.
1681 1803 1840 1873 Igitur
1861 1800 1925 1853 ad

335 1919 438 1973 hoc
463 1916 637 1970 solum
670 1921 805 1966 erat.
845 1907 1140 1964 Secundum
1180 1907 1417 1974 formam,
1464 1899 1649 1968 inquit,
1693 1910 1805 1965 qua:
1839 1893 1925 1945 tibi

334 2016 611 2065 monstrata
658 2006 753 2076 fuit
793 2004 846 2057 in
884 2009 1072 2054 monte.
1123 1996 1302 2064 Itaque
1333 1996 1383 2047 in
1425 2001 1605 2046 monte
1640 1985 1927 2055 descriptio

333 2105 470 2160 facta
499 2109 582 2156 est
611 2118 625 2152 :
659 2109 714 2153 et
741 2097 844 2151 hoc
874 2096 926 2150 in
955 2093 1168 2148 deserto
1210 2085 1708 2144 circumferebatur,
1747 2094 1843 2132 nec
1873 2079 1924 2131 in

333 2194 586 2266 quopiam
622 2191 739 2243 loco
765 2185 1036 2242 manebat.
1068 2177 1490 2236 Tabernaculum
1520 2189 1649 2228 vero
1681 2169 1924 2224 testimo-

337 2288 410 2340 nii
440 2292 620 2349 vocat,
668 2295 774 2334 non
817 2278 917 2331 alia
958 2277 1025 2329 de
1063 2288 1242 2334 causa,
1287 2283 1447 2340 quam
1481 2266 1552 2320 ob
1591 2260 1844 2318 miracula
1874 2268 1927 2315 et

339 2385 629 2450 pratcepta.
663 2373 913 2427 Attamen
942 2381 1042 2422 nec
1072 2364 1222 2429 illud,
1255 2377 1352 2416 nec
1378 2360 1452 2414 illi
1477 2355 1731 2426 templum
1760 2350 1928 2406 habe-

337 2441 483 2526 bant.
518 2441 661 2536 Ergo
690 2464 910 2534 ﬁguram
952 2459 1096 2513 illam
1126 2455 1342 2526 angelus
1383 2451 1623 2508 dederat.
1668 2445 1838 2516 Usque
1862 2441 1930 2494 att

337 2563 444 2616 dies
471 2557 656 2621 David,
682 2555 868 2622 inquit.
901 2552 1084 2620 Itaque
1113 2561 1282 2617 usque
1304 2544 1368 2598 ad
1403 2552 1612 2609 tempus
1639 2537 1767 2592 illud
1798 2545 1931 2589 tem-

339 2654 486 2722 plum
516 2665 622 2703 non
667 2655 801 2708 erat,
844 2641 1054 2698 etiamsi
1081 2646 1265 2710 gentes
1304 2633 1544 2704 expulsa:
1590 2630 1830 2690 fuissent,
1864 2626 1932 2680 de

340 2743 534 2814 quibus
562 2741 638 2793 ait
665 2757 678 2793 :
716 2741 856 2804 Quas
884 2733 1074 2802 expulit
1112 2729 1248 2784 Deus
1273 2744 1305 2781 a
1341 2726 1470 2798 facie
1498 2732 1700 2793 patrum
1736 2727 1933 2772 nostro-

340 2851 476 2888 rum.
500 2832 616 2886 Hoc
641 2844 767 2883 vero
784 2826 936 2889 dixit,
961 2824 1153 2878 iterum
1171 2817 1482 2881 ostendens,
1512 2811 1747 2868 nondum
1771 2805 1934 2862 fuisse

343 2920 626 2990 templum.
653 2918 788 2985 Quid
814 2915 970 2970 dico?
996 2923 1072 2969 tot
1102 2909 1376 2974 miracula,
1409 2916 1465 2963 et
1501 2917 1762 2974 nusquam
1795 2908 1934 2954 tem-

345 3012 535 3085 plum?
573 3009 664 3064 Sic
713 3019 768 3062 et
811 3010 1042 3076 primum
1092 3000 1512 3061 tabernaculum,
1565 3006 1618 3050 et
1670 3005 1931 3060 nusquam

346 3083 628 3174 templum.
664 3100 728 3155 Et
752 3099 925 3170 petiit,
957 3108 1010 3150 ut
1041 3095 1303 3151 inveniret
1339 3093 1563 3161 gratiam
1590 3102 1770 3141 coram
1802 3083 1932 3136 Deo.

347 3197 524 3257 Pctiit,
557 3202 612 3248 et
638 3207 741 3247 non
769 3188 1049 3245 mdiﬁcavit
1077 3205 1090 3240 :
1126 3188 1194 3240 ita
1225 3199 1329 3238 non
1372 3196 1619 3250 magnum
1667 3175 1934 3248 quidpiam

347 3298 461 3345 erat
503 3286 758 3355 templum
783 3325 797 3347 ,
838 3281 1046 3337 etiamsi
1090 3278 1304 3349 quidam
1349 3289 1596 3344 magnum
1636 3269 1940 3342 putaverint

349 3396 467 3434 esse
489 3378 853 3436 Salomonem,
877 3371 1014 3442 quod
1041 3369 1294 3438 templum
1318 3364 1676 3426 aediﬁcaverit,
1703 3362 1790 3429 qui
1816 3359 1937 3412 ideo

350 3472 498 3525 illum
531 3469 668 3537 patri
694 3465 1058 3536 przetulertmt.
1089 3459 1239 3528 Quod
1269 3467 1446 3512 autem
1480 3470 1583 3509 non
1612 3452 1768 3509 iuuerit
1789 3459 1939 3519 patre

352 3563 562 3628 melior,
591 3561 700 3614 imo
722 3571 894 3626 neque
915 3570 1009 3625 par
1040 3554 1132 3617 illi,
1158 3551 1250 3606 sed
1279 3558 1479 3604 tantum
1501 3563 1563 3601 ex
1587 3542 1938 3614 quorumdam

352 3653 628 3723 Opinione,
658 3649 709 3704 id
748 3649 985 3703 declarat
1012 3646 1088 3700 sic
1111 3658 1336 3714 pergens
1366 3659 1378 3693 :
1411 3640 1517 3694 Sed
1559 3638 1845 3691 Altissimus
1889 3635 1942 3687 in

356 3744 660 3815 manufactis
702 3759 802 3795 non
841 3741 1052 3803 habitat,
1099 3739 1226 3790 sicut
1271 3735 1517 3805 praplteta
1555 3732 1675 3786 dicit
1706 3747 1723 3783 :
1753 3729 1942 3784 (Icelum

357 3837 479 3889 mihi
505 3834 648 3889 sedes
678 3841 788 3892 est;
821 3840 952 3884 terra
978 3838 1141 3881 autent
1167 3825 1440 3880 scabellum
1480 3821 1668 3892 pedum
1695 3835 1938 3873 meorum.

356 3927 538 3996 Neque
567 3925 711 3980 cnim
744 3923 858 3976 haec
891 3919 999 3974 Deo
1015 3919 1168 3988 digna
1197 3927 1341 3982 sunt,
1373 3923 1554 3982 utpote
1581 3913 1737 3978 facta,
1764 3919 1944 3979 utpote

359 4034 546 4074 manus
574 4018 692 4086 ejus
710 4030 892 4086 opera.
925 4013 1076 4076 Vide,
1108 4010 1378 4080 quomodo
1410 4008 1528 4061 illus
1557 4005 1808 4076 paulatim
1835 4003 1943 4057 eri-

359 4120 464 4181 gat.
484 4107 730 4164 Ostendit
745 4107 886 4161 enim
904 4120 1002 4174 per
1022 4101 1357 4172 prophetam,
1388 4098 1661 4168 indignum
1687 4111 1805 4150 esse
1834 4097 1947 4148 huic

361 4202 427 4255 de
455 4201 564 4254 Deo
593 4198 793 4252 dicere.
824 4196 892 4249 Et
915 4209 1016 4265 qua
1042 4193 1108 4248 de
1147 4206 1328 4253 causa,
1372 4191 1601 4259 inquies,
1638 4188 1723 4242 hic
1751 4187 1948 4240 acriter

361 4290 632 4359 loquitur?
675 4288 834 4342 Multa
875 4287 1046 4341 inerat
1088 4282 1339 4353 loquendi
1392 4281 1584 4336 ﬁducia
1630 4279 1891 4332 morituro
1931 4294 1946 4332 :

363 4397 483 4436 nam
505 4390 632 4453 puto
647 4380 790 4434 illum
812 4379 911 4432 hoc
933 4391 1145 4447 quoque
1169 4390 1236 4429 ex
1255 4373 1579 4428 revelatione
1597 4371 1833 4425 scivisse.
1857 4369 1946 4422 51.

363 4476 507 4528 Dura
537 4475 746 4536 cervice,
781 4483 826 4525 et
854 4467 1218 4524 incircumcisis
1249 4465 1480 4518 cordibus
1510 4475 1553 4517 et
1579 4463 1804 4516 auribus.
1842 4461 1952 4514 lloc

363 4583 573 4636 quoque
592 4565 960 4635 propheticum
981 4571 1084 4626 est,
1107 4575 1278 4629 neque
1301 4559 1371 4612 illi
1389 4559 1682 4627 proprium.
1709 4554 1806 4610 Vos
1822 4572 1952 4610 sem-

364 4675 452 4728 per
483 4658 703 4726 Spiritui
730 4667 905 4710 sancto
940 4651 1193 4716 resistitis,
1234 4653 1361 4703 sicut
1402 4659 1568 4719 patres
1596 4650 1764 4714 vestri,
1797 4649 1868 4700 ita
1906 4656 1952 4700 et

364 4767 468 4804 vos.
496 4748 722 4817 Quando
767 4747 980 4801 nolebat
1014 4759 1135 4799 esse
1169 4743 1450 4802 sacrilicia.
1484 4757 1577 4796 vos
1608 4738 1950 4794 sacriﬁcaba-

365 4844 430 4894 tis
476 4859 488 4900 :
546 4839 763 4910 quando
817 4839 1052 4902 volebat,
1084 4851 1297 4892 rursum
1363 4851 1468 4888 non
1531 4831 1950 4893 sacriﬁcabatis;

365 4933 582 5002 quando
625 4931 842 4984 uolebat
881 4930 1007 4982 dare
1051 4929 1202 4982 vobis
1233 4937 1520 4996 prwcepta,
1574 4921 1952 4992 requirebatis;

364 5024 578 5092 quando
624 5023 944 5091 accepistis,
990 5020 1320 5090 neglexistis.
1363 5019 1571 5072 Rursus
1617 5031 1737 5070 cum
1791 5025 1958 5071 staret

367 5118 649 5184 templum,
694 5114 833 5169 idola
875 5112 1162 5175 colebatis;
1195 5110 1409 5180 quando
1448 5109 1560 5162 vult
1602 5108 1718 5163 sine
1759 5107 1958 5175 templo

364 5207 488 5272 coli,
526 5206 858 5262 contrarium
903 5203 1094 5258 facitis.
1143 5200 1420 5271 Perpende
1451 5218 1464 5254 :
1499 5214 1604 5254 non
1647 5197 1814 5263 dixit,
1847 5197 1958 5251 Deo

363 5301 636 5365 resistitis,
665 5298 781 5359 sed,
811 5296 1032 5366 Spiritui
1062 5311 1081 5347 :
1108 5295 1184 5349 sic
1211 5294 1408 5348 nullam
1442 5300 1664 5347 noverat
1704 5291 1958 5345 diﬁ‘ereu-

366 5393 513 5446 tiam.
546 5390 808 5460 Quodque
845 5388 1018 5456 majus
1057 5395 1157 5450 est,
1202 5385 1348 5440 Sicut
1385 5394 1550 5454 patres
1592 5385 1761 5447 vestri,
1793 5383 1865 5435 ita
1913 5390 1960 5433 et

363 5501 468 5548 vos,
501 5484 693 5554 inquit.
726 5483 802 5536 Ita
826 5488 881 5536 et
907 5481 1155 5535 Christus
1178 5473 1556 5544 exprobrabat,
1585 5474 1706 5543 quia
1735 5472 1957 5526 multum

364 5590 582 5646 semper
610 5573 678 5629 de
712 5571 952 5643 patribus
994 5569 1378 5640 gloriabantur.
1413 5565 1501 5620 52.
1537 5565 1697 5629 Quem
1735 5563 1949 5631 prophe‘

365 5677 533 5720 tarum
563 5683 666 5720 non
693 5673 811 5720 sunt
841 5663 1130 5733 persequuti
1154 5667 1321 5730 patres
1349 5657 1542 5712 vestri?
1573 5657 1636 5708 Et
1672 5655 1962 5708 occiderunt

365 5774 468 5825 eos,
501 5758 588 5830 qui
613 5755 1028 5832 praenuntiabant
1061 5756 1123 5806 de
1149 5753 1365 5806 adventu
1407 5748 1436 5802 .l
1445 5748 1562 5803 usti.
1597 5745 1785 5802 Adhuc
1821 5744 1959 5798 Iusti

1285 315 1346 373 ΙΝ
1389 314 1564 370 ACTA
1611 306 2129 370 APOSTOLORUM.
2174 306 2400 360 IIUMIL.
2446 303 2605 360 XVII.

3509 308 3610 365 138

2027 419 2174 483 dicit,
2205 419 2388 472 volens
2420 418 2538 473 illos
2567 419 2940 486 comprimere.
2971 418 3135 492 Cujus
3165 439 3250 477 vos
3279 440 3414 478 nunc
3440 431 3613 494 pradi-

2024 521 2154 564 tores
2177 520 2222 563 et
2243 509 2511 562 homicidae
2532 509 2699 577 fuistis
2751 510 2861 562 Duo
2884 511 2986 564 illis
3018 514 3360 584 improperat,
3393 527 3446 571 ει
3471 521 3612 587 quod

2026 601 2336 670 ignorariut,
2389 610 2444 655 et
2491 601 2631 668 quod
2685 601 3000 656 occiderint.
3052 605 3140 659 55.
3202 607 3304 673 Qui
3349 612 3614 677 accepistis

2025 693 2183 763 legem
2226 710 2314 761 per
2353 693 2705 762 dispositiones
2731 695 3045 763 angelorum,
3087 707 3132 751 et
3171 715 3273 754 non
3303 702 3608 759 custodistis.

2098 785 2152 838 '5.
2193 784 2330 850 Quid
2356 795 2438 838 est
2485 786 2662 839 hoc‘?
2713 786 2938 852 Quidam
2987 799 3174 857 putant
3221 793 3392 861 ipSunt
3435 795 3614 852 dicere

2029 875 2196 943 legem
2226 876 2292 928 ab
2322 876 2525 943 angelis
2557 875 2721 930 fuisse
2742 877 3080 946 (Ιίερωεὶιειιιι.
3111 883 3178 934 At
3211 898 3298 938 res
3324 899 3430 940 non
3464 889 3534 940 ita
3555 903 3615 942 se

2030 966 2186 1020 habet
2219 986 2232 1020 :
2267 967 2352 1021 ubi
2383 982 2610 1037 namque
2635 969 2811 1038 augt-li
2842 970 2937 1024 visi
2968 983 3095 1026 sunt
3125 973 3294 1043 legem
3327 978 3616 1034 ordinare?

2029 1055 2122 1110 sed
2149 1056 2460 1126 dispositam
2493 1060 2664 1128 legem
2692 1060 2856 1126 dicit;
2910 1061 2960 1116 id
2991 1071 3093 1127 est,
3127 1065 3370 1121 traditam
3418 1069 3491 1122 illi
3523 1086 3618 1139 per

2027 1150 2296 1219 angelum,
2323 1152 2411 1220 qui
2437 1153 2684 1220 apparuit
2716 1153 2787 1207 illi
2813 1156 2863 1206 in
2894 1156 3047 1212 rubo.
3074 1156 3260 1214 Nonne
3287 1159 3447 1216 homo
3469 1167 3616 1219 erat?

2029 1241 2169 1295 Nihil
2196 1258 2323 1312 ergo
2369 1245 2560 1298 mirum
2589 1257 2692 1307 est,
2720 1261 2814 1300 eos
2858 1248 2946 1316 qui
2998 1249 3086 1302 illa
3134 1249 3392 1318 fecerant,
3423 1267 3472 1310 et
3505 1257 3619 1314 ltzrc

2032 1335 2242 1389 fecisse.
2269 1336 2326 1390 Si
2353 1340 2730 1392 annuntiantes
2760 1340 2906 1392 illum
2936 1342 3228 1409 occidistis,
3261 1349 3427 1403 multo
3453 1353 3621 1421 magis

2034 1425 2229 1492 ipsum.
2264 1425 2359 1480 llic
2406 1426 2528 1479 illos
2560 1437 2612 1481 et
2647 1429 2775 1493 Deo,
2807 1441 2857 1484 et
2907 1434 3131 1500 angelis,
3159 1448 3213 1488 et
3245 1438 3534 1509 prophetis,
3566 1455 3623 1497 et

2031 1518 2283 1586 Spiritui,
2335 1526 2389 1572 et
2434 1521 2682 1573 omnibus
2733 1522 3104 1580 inobcdicntes
3147 1532 3425 1586 ostendit:
3473 1545 3525 1588 ιιι
3567 1548 3621 1591 ει

2033 1609 2154 1663 alibi
2187 1610 2261 1662 ait
2305 1609 2620 1678 Scriptura:
2665 1611 2903 1678 Domine,
2949 1620 3220 1686 prmi/tetas
3269 1631 3382 1677 tuos
3421 1628 3622 1678 occide-

2033 1710 2170 1802 runt,
2201 1709 2246 1752 et
2276 1699 2462 1802 altaria
2489 1712 2576 1753 tua
2605 1704 2951 1758 sttbverterttnt
2994 1709 3070 1779 (5.
3117 1710 3240 1780 lleg.
3272 1712 3359 1768 19.
3403 1716 3514 1786 10).
3544 1721 3619 1773 1111

2035 1794 2194 1860 igitur
2221 1794 2400 1861 specie
2453 1803 2656 1848 tantum
2709 1796 2877 1866 legem
2921 1810 3190 1867 curantes,
3220 1803 3509 1862 dicebant:
3559 1810 3624 1865 ln

2036 1882 2264 1953 Moysem
2313 1884 2644 1954 blaspltemat.
2680 1887 2772 1943 Ille
2815 1905 2944 1945 vero
2983 1895 3217 1949 ostendit
3264 1896 3408 1966 ipsos
3457 1904 3623 1972 magis

2034 1976 2426 2046 blasphemare,
2459 1992 2563 2032 non
2615 1981 2789 2034 solum
2843 1982 2893 2035 in
2927 1982 3179 2054 Moyscm,
3215 1988 3308 2042 sed
3359 1991 3520 2045 etiam
3572 1995 3621 2047 in
3704 2000 3708 2004 '

2036 2067 2228 2133 Dettm,
2257 2078 2310 2123 et
2333 2069 2441 2138 jam
2472 2071 2597 2124 olim
2627 2071 2746 2126 illos
2771 2073 2893 2128 talia
2921 2074 3132 2143 iecisse,
3165 2087 3222 2133 et
3247 2080 3486 2137 instituta
3515 2088 3623 2138 sol~

2037 2161 2212 2225 visse;
2258 2177 2432 2230 neque
2458 2162 2564 2217 illis
2588 2163 2723 2218 ultra
2754 2180 2890 2234 opus
2931 2182 3090 2223 esse:
3130 2169 3273 2238 ipsos
3313 2173 3459 2238 item,
3495 2176 3623 2231 dum

2035 2266 2094 2306 se
2118 2262 2456 2316 accusarent,
2487 2253 2629 2322 quod
2660 2255 2826 2326 Moysi
2855 2268 2997 2311 esset
3045 2263 3372 2327 contrarius,
3402 2265 3620 2335 Spiritui

2036 2352 2222 2397 sancto
2263 2342 2562 2410 obsiStere;
2624 2360 2799 2416 neque
2841 2347 2891 2401 id
2937 2349 3271 2421 simpliciter,
3323 2356 3417 2410 sed
3463 2360 3622 2412 eti..tn

2036 2450 2156 2488 cum
2175 2435 2352 2500 caede;
2378 2445 2431 2490 ct
2453 2435 2545 2490 diu
2571 2446 2727 2492 antea
2755 2438 3060 2496 inimicitias
3081 2459 3390 2502 exercuere.
3417 2449 3622 2516 Vitlcn‘,

2036 2527 2306 2596 quomodo
2337 2528 2456 2584 illos
2481 2531 2727 2584 ostendat
2757 2541 2811 2586 et
2840 2532 3008 2604 Moysi
3053 2545 3106 2590 et
3155 2539 3404 2595 omnibus
3431 2541 3625 2596 adver-

2037 2631 2238 2682 santes,
2266 2622 2545 2692 legemque
2577 2639 2679 2678 non
2709 2627 3022 2681 servantes?
3053 2630 3212 2698 Atqui
3236 2631 3449 2702 Moyses
3476 2634 3624 2688 dixe-

2038 2719 2163 2765 rat:
2214 2711 2522 2780 I’rophetam
2563 2714 2698 2767 vobis
2741 2717 2998 2769 suscitabit
3032 2717 3280 2773 Dominus
3327 2722 3501 2792 (Deut.
3537 2728 3624 2780 18.

2042 2802 2129 2872 18)
2156 2819 2168 2854 :
2199 2812 2250 2857 et
2281 2804 2368 2856 alii
2403 2808 2541 2858 hunc
2564 2817 2847 2858 venturum
2878 2808 3260 2875 praedixerunt,
3289 2823 3340 2865 et
3371 2818 3624 2884 propin-ta

2040 2909 2250 2962 quoque
2280 2895 2370 2963 qui
2401 2895 2530 2947 dicit
2565 2913 2578 2949 :
2627 2895 2842 2961 Qualem
2869 2899 3074 2950 domum
3113 2901 3427 2968 azdi/icabitis
3466 2906 3630 2959 mihi?

2041 2983 2108 3037 Et
2153 2986 2366 3049 iterum,
2424 2983 2687 3055 Numquid
2727 2987 2954 3041 victimas
2993 2999 3038 3042 et
3083 2993 3336 3060 sacriﬁcia
3384 2995 3630 3050 obtttlistis

2042 3077 2166 3128 nti/ti
2191 3078 2532 3146 quadraginta
2559 3079 2747 3132 annis?
2778 3079 2901 3133 llaec
2927 3089 3041 3134 erat
3071 3082 3258 3138 ﬁducia
3291 3086 3390 3140 viri
3416 3101 3628 3142 crucem

2046 3170 2312 3225 habentis.
2339 3170 2487 3223 Hanc
2515 3179 2569 3224 et
2597 3185 2694 3224 nos
2720 3185 2935 3240 quoque
2964 3173 3254 3240 imitentur,
3287 3177 3495 3232 etiamsi
3529 3196 3632 3233 non

2044 3263 2113 3317 sit
2137 3262 2259 3317 belli
2289 3270 2521 3332 tempus,
2549 3263 2643 3318 sed
2673 3264 2877 3318 ﬁduciae
2904 3280 3119 3334 semper
3161 3277 3366 3338 tempus
3402 3279 3502 3324 est.
3532 3271 3634 3325 ιο.

2043 3353 2248 3424 quebar,
2280 3355 2470 3422 inquit,
2501 3354 2564 3406 de
2587 3355 2884 3408 testimoniis
2923 3356 3019 3408 tuis
3050 3358 3100 3410 in
3129 3370 3397 3426 conspectu
3435 3377 3632 3430 regum,

2045 3455 2091 3499 et
2128 3463 2228 3500 non
2248 3444 2598 3516 confundebar
2631 3443 2801 3515 (Psal.
2836 3447 2957 3501 118.
2981 3447 3096 3515 46).
3123 3447 3176 3501 Si
3205 3464 3332 3519 ergo
3361 3465 3480 3504 cum
3502 3467 3633 3521 gen—

2049 3537 2227 3591 tilibus
2270 3537 2703 3607 congrediamur,
2750 3538 2827 3591 sic
2870 3537 2991 3592 illos
3035 3541 3391 3610 reprimamus
3435 3543 3639 3612 abSque

2049 3629 2144 3688 ira,
2180 3627 2379 3696 absque
2402 3629 2709 3698 asperitate.
2741 3627 2871 3682 Nam
2904 3630 2947 3683 si
2977 3645 3099 3684 cum
3133 3633 3206 3684 ira
3234 3632 3332 3687 hoc
3361 3632 3635 3701 faciamus,

2051 3737 2155 3775 non
2184 3721 2293 3789 jam
2326 3722 2539 3788 ﬁducia,
2567 3723 2660 3777 sed
2696 3725 2873 3792 passio
2918 3740 3039 3780 esse
3083 3727 3323 3792 videtur;
3356 3730 3438 3783 sin
3489 3746 3642 3784 man-

2049 3826 2220 3878 suete,
2241 3829 2365 3868 vere
2390 3814 2578 3868 ﬁducia
2607 3826 2708 3868 est.
2727 3815 2907 3885 Neque
2929 3818 3070 3871 eniut
3101 3819 3357 3886 possibile
3379 3831 3461 3875 est
3483 3825 3638 3876 simul

2052 3904 2342 3959 secundum
2396 3905 2639 3960 eamdem
2687 3906 2950 3960 rationem
3001 3908 3228 3977 itlipsunt
3274 3924 3396 3966 esse
3443 3912 3640 3967 bonum

2052 4010 2185 4064 opus
2207 4005 2258 4049 ct
2284 3995 2559 4049 delictum.
2593 3995 2810 4050 Fiducia
2847 3998 3042 4051 bonum
3092 4015 3228 4068 Opus
3255 4010 3356 4067 est,
3385 4001 3462 4056 ira
3509 4003 3641 4056 deli-

2053 4094 2219 4142 ctum.
2251 4089 2472 4156 Oportet
2507 4103 2634 4156 crgo
2665 4103 2786 4141 cum
2821 4089 3012 4142 ﬁducia
3044 4091 3377 4159 luquuturos,
3406 4108 3434 4144 τι
3464 4093 3644 4148 lurore

2055 4177 2254 4230 liberos
2283 4191 2424 4242 esse,
2455 4187 2511 4230 ut
2551 4192 2619 4231 ne
2646 4178 2766 4247 quis
2799 4177 2922 4230 hinc
2955 4182 3112 4231 verba
3169 4179 3434 4246 proﬁcisci
3470 4193 3637 4249 putet.

2057 4269 2276 4322 Etiamsi
2307 4271 2447 4337 iusta
2473 4269 2679 4322 dixeris
2718 4285 2836 4322 eum
2889 4269 3089 4335 furore,
3123 4282 3290 4325 totum
3342 4274 3638 4342 perdidisti,

2059 4360 2181 4414 licet
2206 4359 2372 4413 libere
2404 4358 2660 4427 loquaris,
2689 4359 2814 4412 licet
2842 4373 3082 4425 moneas,
3113 4362 3232 4416 licet
3256 4364 3466 4431 quidvis
3497 4366 3638 4420 aliud

2059 4452 2240 4507 facias.
2276 4451 2427 4505 Hunc
2457 4450 2665 4520 reSpice
2695 4451 2864 4504 virum
2897 4467 3001 4504 non
3031 4467 3153 4506 cum
3197 4452 3376 4510 tut-ore
3419 4456 3639 4525 loquen-

2061 4555 2166 4600 tem
2203 4563 2214 4598 :
2248 4560 2419 4613 neque
2460 4544 2602 4597 enim
2647 4544 2973 4598 contumelia
3004 4544 3199 4611 allecit,
3231 4546 3322 4600 sed
3372 4547 3477 4600 illis
3526 4565 3646 4616 pru-

2060 4635 2326 4706 pbeticutn
2376 4649 2678 4689 sermonem
2733 4637 3067 4689 memoravit.
3101 4636 3252 4703 Quod
3301 4640 3440 4692 enim
3495 4640 3646 4694 nullo

2061 4726 2239 4780 lurore
2294 4736 2625 4788 numeretur,
2693 4726 2927 4781 ostendit
2975 4726 3189 4795 quando
3261 4744 3356 4797 pro
3421 4730 3520 4784 illis
3587 4746 3646 4784 se

2064 4819 2201 4873 male
2232 4819 2611 4887 impotentibus
2661 4827 2926 4886 precatus,
2957 4818 3094 4872 dixit
3137 4837 3149 4870 :
3199 4819 3280 4872 Ne
3319 4831 3511 4876 statuas
3544 4824 3646 4883 illis

2065 4913 2158 4965 hoc
2196 4921 2472 4981 peccatum.
2514 4912 2603 4966 Sic
2630 4926 2734 4964 non
2767 4912 2950 4973 iratus,
2981 4911 3072 4964 sed
3117 4925 3212 4980 pro
3241 4913 3346 4967 illis
3375 4914 3562 4969 dolens
3588 4931 3649 4968 ac

2065 5018 2299 5059 maerens
2343 5003 2659 5072 loquebatur
2688 5001 2796 5057 ille.
2842 5001 2968 5057 Ideo
3009 5018 3238 5072 nanttpte
3268 5002 3335 5057 dc
3360 5002 3495 5060 facie
3532 5005 3650 5073 ejus

2064 5094 2240 5148 dixit:
2281 5093 2526 5147 Viderunt
2573 5094 2751 5163 faciem
2780 5094 2891 5163 ejus
2925 5104 3178 5162 tamquam
3229 5095 3410 5165 [aciem
3455 5097 3645 5165 angeli,

2064 5194 2124 5240 ut
2154 5186 2272 5238 illos
2301 5184 2646 5238 attraheret’.
2701 5183 2826 5237 Puri
2879 5183 3039 5253 igitur
3068 5184 3135 5238 ab
3168 5184 3246 5238 ira
3293 5184 3478 5238 simus.
3530 5184 3646 5240 Non

2065 5275 2269 5330 habitat
2295 5274 2522 5344 Spiritus
2550 5284 2767 5328 sanctus
2810 5273 2895 5326 ubi
2925 5274 2998 5326 ira
3026 5281 3110 5327 est
3138 5291 3150 5327 :
3180 5274 3496 5329 maledictus
3519 5275 3647 5328 luri-

2062 5365 2298 5421 bundus.
2347 5363 2462 5418 Non
2491 5372 2664 5433 potest
2690 5378 2880 5416 sanum
2905 5363 3031 5432 quid
3078 5364 3315 5433 prodire,
3345 5379 3467 5418 cum
3500 5365 3647 5418 furor

2067 5459 2360 5530 egreditur.
2384 5456 2515 5511 Nam
2545 5457 2682 5510 sicut
2725 5458 2776 5508 in
2808 5455 3012 5508 marina
3059 5465 3375 5522 tempestate
3425 5471 3649 5526 magnus

2068 5563 2149 5610 est
2189 5550 2468 5617 tumultus,
2501 5563 2724 5619 magnus
2761 5548 2986 5612 clamor,
3018 5562 3114 5602 nec
3153 5549 3274 5618 quis
3318 5560 3526 5620 tempus
3557 5549 3652 5604 ba-

2133 5693 2149 5722 ¹
2185 5689 2301 5739 Haec
2323 5688 2640 5747 interrogatio
2673 5684 2816 5747 deest
2841 5683 2888 5730 in
2921 5696 3018 5730 uno
3040 5681 3156 5747 God.

2137 5755 2156 5784 ³
2191 5760 2316 5800 Unus
2341 5744 2452 5797 Cod.
2482 5744 2648 5806 liftbet,
2671 5744 2741 5794 illi
2764 5747 3044 5806 crederent,
3081 5745 3210 5807 loco,
3238 5744 3346 5797 illos
3367 5746 3648 5800 attralteret.
