4088 6142
398 272 420 323 1
435 268 502 324 39

394 382 568 437 bu‘erit
593 380 658 434 ad
696 373 1188 449 philosophandum
1216 390 1228 428 ε
1261 375 1330 427 ita
1360 388 1533 443 neque
1563 373 1612 425 in
1644 370 1842 425 furore.
1872 371 1975 425 Sed

394 477 439 531 si
469 475 644 529 anima
686 469 813 541 quid
861 466 1287 539 philosophicum
1321 464 1405 519 vel
1451 464 1595 534 loqui
1643 464 1724 519 vel
1773 462 1981 518 discere

393 568 538 630 velit,
565 563 712 634 quasi
738 562 788 615 in
819 569 972 631 portu
1002 560 1069 615 sit
1100 567 1331 629 oportet.
1361 556 1477 612 Non
1511 555 1679 621 vides,
1710 554 1981 625 quomodo

391 659 459 713 de
493 654 815 710 necessariis
860 652 1022 708 rebus
1073 649 1369 721 loquuturi,
1400 648 1515 703 loca
1546 647 1773 701 tumultu
1813 661 1976 700 vacua

389 747 713 819 quaerimus,
744 745 831 799 ubi
872 744 1025 813 quies
1073 746 1180 806 sit,
1226 740 1314 795 ubi
1363 738 1754 809 tranquillitas,
1806 746 1864 790 ut
1910 752 1975 791 nc

388 839 745 910 repellantur?
761 836 912 904 Quod
936 836 978 889 si
999 842 1251 888 externus
1270 831 1527 886 tumultus
1548 829 1792 899 repellat,
1808 830 1977 884 multo

389 933 558 1001 magis
588 932 795 985 interna
849 928 1100 983 turbatio.
1136 925 1247 980 Etsi
1298 932 1547 994 precetur
1591 921 1731 993 quis,
1782 921 1975 976 frustra

389 1032 661 1091 precatur,
687 1022 729 1075 si
762 1036 883 1074 cum
919 1021 994 1073 ira
1027 1028 1080 1071 et
1113 1017 1293 1071 furore
1322 1015 1377 1070 id
1406 1015 1566 1090 faciat
1589 1035 1600 1068 :
1633 1013 1678 1068 si
1708 1014 1972 1082 loquatur,

390 1114 644 1169 ridiculus
675 1112 807 1176 erit;
841 1111 885 1165 si
917 1116 1107 1172 taceat,
1142 1106 1424 1171 similiter;
1459 1106 1502 1160 si
1530 1104 1794 1167 comedat,
1815 1104 1973 1157 etiam

387 1210 463 1261 sic
486 1204 731 1268 laeditur;
762 1204 996 1270 itemque
1024 1200 1065 1254 si
1103 1199 1266 1261 bibat,
1291 1198 1333 1252 si
1363 1212 1468 1252 non
1494 1197 1656 1259 bibat,
1683 1196 1727 1249 si
1767 1194 1972 1258 sedeat,

388 1302 430 1349 si
477 1305 600 1357 stet,
644 1296 686 1349 si
735 1294 1001 1359 ambulet,
1059 1292 1099 1343 si
1150 1290 1414 1352 dormiat;
1468 1302 1587 1341 nam
1638 1296 1693 1341 et
1737 1287 1787 1340 in
1832 1301 1977 1340 Som-

388 1388 489 1442 niis
523 1384 647 1440 talia
674 1384 1051 1453 imaginantur.
1085 1382 1219 1450 Quid
1253 1382 1304 1433 in
1352 1378 1622 1433 iracundis
1646 1392 1750 1431 non
1782 1378 1973 1445 turpe?

386 1478 536 1532 Oculi
598 1476 907 1547 injucnudi,
965 1489 1026 1527 os
1076 1473 1399 1535 distortum,
1446 1470 1685 1523 membra
1746 1469 1970 1523 tremula

384 1580 439 1623 ct
484 1568 687 1633 inflata,
731 1568 904 1636 lingua
938 1564 1158 1618 infrenis
1194 1573 1251 1618 ct
1301 1561 1500 1616 nemini
1544 1576 1786 1630 parcens,
1823 1573 1973 1613 mens

386 1662 441 1714 in
471 1673 713 1725 excessu,
743 1658 959 1713 habitus
990 1655 1264 1719 indecens,
1291 1654 1453 1707 multa
1502 1652 1809 1705 insuavitas.
1842 1652 1972 1707 Vide

382 1752 515 1807 mihi
547 1750 999 1805 dremoniacorum
1051 1747 1258 1810 oculos,
1303 1755 1358 1799 et
1400 1743 1694 1805 ebriorum,
1723 1753 1777 1797 et
1824 1743 1969 1795 insa-

384 1846 665 1908 nientium,
690 1841 815 1911 quid
847 1844 984 1896 inter
1012 1854 1070 1895 se
1100 1836 1394 1892 diﬁ‘erunt?
1432 1851 1611 1890 nonne
1635 1844 1799 1888 totmn
1824 1834 1973 1888 furor

379 1939 502 1993 est?
533 1936 671 2005 Quid
700 1936 843 1990 enim
870 1934 972 1990 etsi
1002 1933 1069 1988 ad
1103 1943 1313 2002 tempus
1360 1931 1459 1985 hoc
1488 1929 1611 1982 fiat?
1640 1929 1769 1982 Nam
1799 1938 1853 1982 et
1883 1930 1967 1982 in-

380 2031 598 2085 sauiens
623 2029 689 2084 ad
717 2038 926 2097 tempus
956 2026 1265 2082 detinetur:
1299 2025 1401 2079 hoc
1437 2032 1615 2078 autem
1644 2022 1774 2093 quid
1815 2022 1967 2077 dete-

379 2120 530 2174 rius?
559 2118 741 2189 Neque
771 2118 937 2189 pudet
967 2118 1086 2173 illos
1117 2116 1183 2172 ad
1228 2115 1596 2175 defensionem
1620 2115 1832 2171 dicere:
1862 2113 1966 2169 Ne-

378 2212 611 2267 sciebam
658 2213 783 2282 quid
832 2210 1099 2276 dicebam,
1128 2209 1356 2265 aientes.
1410 2208 1479 2263 Et
1522 2222 1617 2263 cur
1666 2206 1965 2273 nesciebas,

377 2304 653 2358 rationalis
697 2312 751 2358 ct
782 2303 993 2357 ratione
1042 2301 1300 2372 praeditus
1348 2300 1549 2355 homo?
1577 2315 1672 2354 cur
1718 2314 1815 2365 ea,
1848 2315 1968 2369 qua:

379 2398 657 2453 brutorum
690 2405 835 2462 sunt,
870 2396 1021 2460 facis,
1056 2397 1191 2450 sicut
1221 2410 1389 2465 equus
1420 2394 1568 2451 ferox
1601 2396 1674 2450 ira
1709 2403 1760 2450 et
1789 2384 1968 2450 furore

375 2488 698 2556 correptus?
740 2487 864 2542 Hazc
892 2496 1039 2543 certe
1060 2487 1303 2543 defensio
1332 2487 1487 2557 culpa
1518 2502 1622 2541 non
1646 2496 1814 2541 vacat.
1851 2487 1963 2543 Uti-

376 2596 498 2633 nam
530 2580 802 2645 scivisses,
824 2595 942 2649 qua:
965 2579 1210 2636 dicebas!
1231 2578 1350 2644 lrte,
1384 2580 1612 2650 inquies,
1632 2579 1793 2635 verba
1819 2589 1961 2647 sunt,

376 2688 481 2726 non
513 2686 654 2727 mea.
701 2671 982 2739 Quomodo
1024 2672 1118 2726 ira:
1166 2679 1310 2738 sunt,
1351 2685 1473 2724 cum
1505 2671 1581 2724 ira
1614 2670 1811 2724 nullam
1857 2670 1962 2724 vim

378 2766 591 2831 habeat,
623 2765 725 2819 nisi
756 2780 785 2818 a
819 2773 871 2820 te
897 2765 1166 2834 accipiat?
1212 2764 1289 2818 Ae
1327 2765 1374 2819 si
1412 2764 1531 2835 quis
1561 2762 1801 2818 diceret:
1835 2762 1963 2817 νυιρ

376 2871 501 2910 nera
535 2871 639 2910 non
674 2871 813 2922 mea,
843 2855 936 2911 sed
982 2870 1172 2909 manus
1203 2870 1335 2909 mea:
1363 2864 1507 2917 sunt.
1537 2854 1632 2910 Cui
1680 2855 1754 2909 rei
1808 2863 1964 2924 putas

375 2948 607 3001 maxime
648 2962 783 3016 opus
830 2962 951 3001 esse
980 2946 1094 2999 ira?
1136 2961 1315 3000 nonne
1355 2946 1494 3000 bello
1535 2955 1591 2999 et
1619 2948 1847 3015 pugnae?
1895 2948 1964 3002 At

372 3040 442 3092 ibi
470 3041 650 3102 etiam,
673 3038 715 3091 si
739 3037 864 3107 quid
894 3052 1016 3091 cum
1045 3037 1119 3090 ira
1149 3037 1261 3102 fiat,
1292 3046 1457 3091 totum
1486 3036 1641 3104 periit
1666 3046 1719 3091 et
1748 3052 1960 3106 pessum

372 3129 523 3183 abiit.
556 3128 688 3183 Nam
718 3128 1077 3198 pugnantibus
1107 3131 1338 3182 maxime
1364 3128 1615 3183 convenit
1644 3144 1748 3183 non
1778 3129 1958 3197 irasci,

374 3223 481 3275 imo
503 3236 602 3276 nec
630 3222 712 3287 iis,
735 3222 821 3290 qui
844 3219 1223 3276 contumeliam
1253 3218 1487 3274 inferunt
1507 3221 1758 3275 convenit
1780 3220 1955 3276 irasci.

374 3313 443 3366 Et
494 3315 763 3382 quomodo
816 3311 1158 3383 pugnandum
1222 3320 1345 3375 est,
1408 3311 1660 3381 inquies?
1708 3311 1955 3379 Ratione,

372 3403 783 3458 mansuetudine
816 3421 827 3456 :
857 3410 1130 3457 certamen
1159 3401 1303 3455 enim
1332 3410 1414 3455 est
1443 3417 1506 3456 ex
1537 3400 1766 3457 adverso
1792 3414 1953 3457 stare.

370 3494 562 3548 Annon
607 3495 757 3549 vides
786 3493 901 3549 haec
945 3494 1081 3548 bella
1131 3493 1276 3563 lege,
1307 3492 1493 3547 ordine
1523 3500 1579 3548 et
1627 3494 1958 3563 temporibus

366 3586 628 3641 definita?
673 3585 753 3640 lra
797 3587 938 3640 enim
983 3586 1113 3639 nihil
1145 3584 1288 3639 aliud
1317 3593 1400 3639 est
1440 3599 1599 3655 quam
1634 3586 1957 3642 irrationalis

368 3677 633 3747 impetus;
687 3677 1011 3731 irrationalis
1069 3686 1245 3732 autem
1294 3673 1427 3732 nihil
1478 3685 1653 3747 potest
1697 3679 1955 3735 rationale

366 3770 544 3826 facere
558 3811 565 3819 .

439 3867 497 3920 4.
533 3865 688 3920 Certe
719 3864 803 3919 bic
835 3864 955 3918 talia
984 3864 1316 3935 loquebatur,
1351 3878 1449 3920 nec
1472 3864 1819 3919 irascebatur.
1849 3863 1953 3918 He-

366 3961 464 4013 lias
491 3962 619 4013 vero
645 3958 888 4013 dicebat:
919 3957 1191 4026 Quousque
1214 3955 1512 4010 claudicatis
1532 3965 1742 4025 utroque
1763 3955 1955 4026 poplite

366 4060 525 4105 uestro
544 4050 619 4121 (ὅ.
651 4050 776 4120 Reg.
799 4048 886 4105 18.
916 4048 1045 4119 2|)?
1068 4063 1165 4103 nec
1190 4048 1539 4103 irascebatur.
1569 4047 1796 4105 Phincos
1826 4048 1952 4103 item

364 4142 643 4198 occidebat
674 4142 860 4214 (Num.
892 4141 1007 4211 25),
1052 4151 1106 4195 et
1151 4155 1259 4195 non
1302 4141 1651 4196 irascebatur.
1696 4140 1777 4196 lra
1807 4140 1948 4197 enim

364 4253 470 4291 non
502 4237 630 4291 sinit
660 4236 864 4303 videre,
895 4235 988 4291 sed
1020 4235 1269 4290 omnibus
1296 4235 1445 4305 quasi
1474 4234 1527 4289 in
1555 4243 1814 4290 nocturna
1847 4248 1949 4304 pn-

364 4343 465 4401 gna
494 4329 692 4401 ligatis,
725 4328 909 4385 oculos
937 4336 992 4384 et
1019 4341 1179 4383 aures
1220 4326 1383 4381 trahit
1424 4341 1531 4396 quo
1572 4327 1824 4381 voluerit.
1867 4326 1950 4382 Ab

364 4418 466 4475 hoc
495 4434 624 4491 ergo
650 4419 893 4474 daemone
926 4418 1243 4483 liberemur;
1274 4416 1613 4486 incipientem
1636 4418 1784 4470 illum
1800 4430 1947 4471 com-

362 4526 673 4581 pescamns;
699 4511 930 4580 sigillum
955 4511 1153 4579 pectori
1183 4523 1511 4578 apponatnus
1536 4510 1684 4579 quasi
1713 4508 1945 4564 frenum.

360 4604 522 4658 Canis
554 4602 835 4672 impudens
864 4612 946 4656 est
984 4602 1100 4655 ira:
1134 4600 1226 4656 sed
1254 4600 1426 4654 discat
1452 4600 1637 4655 audire
1669 4600 1861 4670 legem.
1889 4598 1946 4655 Si

359 4699 431 4752 sit
454 4696 603 4751 canis
632 4696 683 4749 in
711 4702 957 4751 armento
988 4694 1063 4748 ira
1110 4692 1279 4758 ferox,
1316 4700 1371 4746 ut
1402 4691 1633 4747 bubulco
1662 4691 1943 4761 imperanti

360 4805 464 4844 non
495 4796 702 4859 pareat,
723 4801 819 4843 nec
847 4787 964 4856 ejus
988 4801 1172 4841 vocem
1197 4794 1471 4856 agnoscat,
1490 4784 1667 4839 omnia
1697 4792 1944 4855 pereunt.

357 4880 493 4937 Cum
523 4880 654 4950 ipsis
681 4880 869 4934 ovibus
897 4878 1161 4947 pascitur;
1210 4877 1304 4933 sed
1358 4876 1401 4931 si
1451 4876 1592 4946 ipsas
1632 4889 1761 4931 oves
1798 4875 1940 4939 edat,

359 4973 565 5029 inutilis
593 4982 674 5028 est
698 4979 755 5028 et
781 4970 1062 5025 occiditur.
1091 4968 1147 5025 Si
1168 4968 1413 5024 didicerit
1442 4976 1495 5022 te
1515 4966 1719 5031 audire,
1751 4966 1835 5022 ale
1856 4981 1943 5021 ea-

358 5080 516 5119 nem:
542 5063 688 5118 utilis
716 5070 799 5117 est
825 5069 1010 5115 contra
1036 5060 1214 5129 lupos,
1244 5069 1431 5115 contra
1463 5057 1721 5126 latrones,
1752 5067 1939 5112 contra

354 5155 531 5210 furum
561 5154 855 5224 principem
876 5151 1097 5213 latrans,
1126 5165 1230 5203 non
1260 5158 1444 5204 contra
1466 5164 1594 5204 oves
1615 5164 1792 5219 neque
1814 5163 1943 5204 con-

352 5259 434 5303 tra
465 5248 771 5302 familiares.
797 5244 853 5302 Si
886 5259 991 5299 non
1024 5242 1224 5307 audiat,
1256 5242 1432 5297 omnia
1467 5240 1673 5311 perdit:
1717 5240 1760 5295 si
1805 5255 1938 5296 con-

352 5348 598 5394 temnere
625 5338 819 5404 discat,
848 5335 1026 5391 omnia
1054 5331 1385 5404 pessumdat.
1433 5331 1782 5385 Mansuetudo
1809 5345 1940 5401 ergo

353 5434 407 5487 in
430 5441 483 5488 te
502 5446 607 5487 non
629 5439 995 5496 consumatur,
1023 5426 1119 5483 sed
1139 5440 1255 5483 eam
1277 5424 1541 5480 custodiat
1562 5423 1638 5478 ira
1664 5432 1717 5478 et
1738 5421 1940 5485 foveat;

353 5525 619 5581 custodiet
639 5534 838 5590 autem,
862 5535 915 5578 et
943 5522 996 5576 in
1024 5518 1312 5575 securitate
1341 5516 1504 5571 multa
1534 5528 1754 5585 pascere
1773 5512 1935 5579 sinet,

355 5622 400 5670 si
432 5616 597 5669 malas
640 5630 935 5685 pravasque
961 5610 1314 5682 cogitationes
1338 5614 1639 5671 consumat,
1674 5605 1719 5661 si
1749 5603 1937 5659 diabo-

351 5707 463 5762 lum
497 5706 726 5775 undique
759 5712 1128 5774 persequatur.
1170 5703 1256 5760 Sic
1285 5698 1635 5756 mansuetudo
1672 5704 1935 5765 servatur,

1148 259 1206 315 s.
1247 257 1524 314 JOANNIS
1561 254 2029 313 cunvsosrtmt
2067 256 2382 313 AliClllEl’.
2428 228 2958 319 CONS'I‘ANTINOP.
3577 267 3677 322 tu;

2090 384 2209 422 cum
2248 370 2375 424 nihil
2410 373 2607 427 malmn
2635 379 2701 429 de
2729 376 2974 444 proximo
2994 376 3324 447 cogitamus:
3354 375 3431 433 sic
3459 394 3682 435 νοω-ωε

2089 458 2221 513 biles
2252 462 2537 529 efficimur,
2568 466 2782 533 quando
2816 467 3159 536 impudenter
3184 485 3347 539 agere
3378 485 3485 525 non
3517 471 3683 527 disci-

2088 569 2226 609 mus.
2252 554 2392 610 Nihil
2425 559 2566 611 enim
2595 559 2664 612 ita
2690 561 3053 629 impudentem
3083 562 3264 617 reddit
3298 572 3356 616 ut
3387 565 3523 617 mala
3550 580 3683 619 con-

2086 647 2328 702 scicntia.
2349 650 2455 703 Cur
2474 652 2783 705 meretrices
2803 652 3136 722 impudentes
3156 655 3315 709 sunt?
3331 671 3427 710 cur
3441 657 3681 728 virgines

2087 739 2445 807 pudibundm?
2489 759 2665 797 nonne
2709 744 2811 799 illa:
2853 760 2881 797 a
2930 757 3168 814 peccato,
3216 747 3355 801 hara
3384 750 3680 805 castitate?

2086 832 2226 886 Nihil
2257 836 2399 889 enim
2436 839 2502 888 ita
2534 837 2894 905 impudentem
2926 838 3126 907 reddit,
3156 848 3211 893 ut
3242 849 3543 909 peccatum.
3565 843 3678 897 lmo

2084 935 2291 987 contra,
2328 928 2555 998 inquies,
2588 928 2639 983 in
2675 930 2929 997 pudorem
2960 931 3148 998 injicit.
3179 932 3351 987 Etiam
3376 944 3523 988 certe
3553 948 3677 991 sese

2084 1018 2460 1084 damnantem;
2484 1020 2648 1075 alimn
2683 1037 2809 1075 vero
2839 1022 3284 1091 impudentiorem
3320 1023 3494 1079 reddit
3520 1034 3677 1094 petu-

2084 1110 2364 1165 lantiorem
2408 1134 2421 1168 :
2471 1128 2591 1168 nam
2619 1114 2706 1182 qui
2734 1113 2802 1167 de
2829 1128 2888 1168 sc
2916 1114 3186 1185 desperat,
3220 1116 3395 1170 audax
3421 1118 3672 1173 efﬁcitur.

2085 1200 2281 1273 Impius
2311 1204 2474 1270 enim,
2502 1204 2694 1274 inquit,
2743 1222 2855 1258 cum
2897 1207 2948 1259 in
2996 1207 3307 1277 profundum
3351 1218 3674 1277 peccatorum

2080 1296 2285 1361 venerit,
2312 1298 2583 1351 contemnit
2604 1296 2789 1368 (Prov.
2816 1299 2902 1354 18.
2934 1300 3009 1369 ὅ).
3049 1300 3336 1370 [mpudens
3366 1316 3493 1357 vero
3520 1312 3675 1372 petu-

2081 1387 2196 1441 lans
2241 1387 2434 1454 fuerit;
2480 1389 2724 1458 petulans
2749 1400 2927 1446 autem
2955 1391 3125 1447 audax
3158 1402 3260 1448 est.
3298 1392 3391 1448 Vis
3435 1394 3671 1463 discere,

2078 1479 2420 1547 qnandonam
2453 1482 2808 1537 mansuetudo
2832 1485 3215 1539 consumatur?
3240 1485 3371 1540 Cum
3403 1487 3557 1541 malm
3579 1503 3674 1542 co-

2078 1569 2361 1638 gitationes
2380 1571 2522 1625 illam
2543 1574 2874 1639 pertrahunt.
2896 1573 3000 1630 Sed
3021 1576 3229 1631 etiamsi
3250 1575 3351 1633 hoc
3374 1581 3669 1650 contingat,

2078 1659 2199 1728 quia
2234 1660 2467 1716 nondum
2513 1663 2662 1717 cauis
2692 1673 2798 1718 stat
2838 1666 3061 1719 multum
3095 1666 3316 1730 latrans,
3368 1684 3546 1738 neque
3587 1671 3669 1725 sic

2078 1748 2466 1819 desperandum
2506 1764 2609 1808 est.
2647 1753 2743 1808 Est
2772 1756 2968 1825 quippe
3012 1755 3165 1811 nobis
3218 1756 3377 1812 funda
3431 1768 3486 1814 et
3534 1759 3670 1829 lapis

2079 1841 2250 1908 (scitis
2280 1844 2419 1913 quod
2442 1844 2610 1913 dico),
2641 1856 2723 1900 est
2745 1846 2897 1901 nobis
2924 1846 3096 1913 hasta,
3119 1849 3271 1902 canla
3294 1858 3348 1904 et
3370 1850 3666 1918 stabulum,

2078 1934 2130 1987 in
2161 1949 2268 2003 quo
2294 1936 2645 2005 cogitationes
2680 1938 2874 1991 ilhesas
2904 1952 3198 1993 servemus.
3232 1941 3287 1995 Si
3317 1941 3466 1995 canis
3494 1941 3670 1997 adnle-

2078 2032 2163 2077 tnr
2190 2025 2400 2089 ovibus,
2432 2025 2681 2097 furatqne
2707 2037 2763 2081 et
2786 2028 2967 2098 vigilet
3005 2038 3193 2084 contra
3237 2040 3518 2096 externos;
3552 2031 3668 2087 haec

2076 2116 2244 2169 virtus
2271 2125 2355 2171 est
2374 2118 2556 2172 canis:
2583 2119 2704 2173 licet
2729 2120 2951 2186 esuriat,
2984 2135 3052 2174 ne
3080 2120 3325 2176 comedat
3348 2138 3510 2189 oves;
3545 2122 3670 2178 licet

2074 2218 2222 2263 satur
2249 2210 2337 2276 sit,
2368 2226 2436 2265 ne
2464 2220 2646 2280 parcat
2674 2211 2833 2281 lupis.
2867 2212 3013 2267 Talis
3044 2222 3097 2267 et
3124 2214 3201 2267 ira
3242 2214 3348 2269 sit:
3372 2215 3498 2270 licet
3524 2230 3667 2268 moro

2074 2302 2285 2367 deatur,
2316 2318 2345 2356 a
2383 2304 2793 2359 mansuetudine
2835 2320 2900 2359 ne
2928 2304 3198 2369 discedat;
3234 2305 3359 2360 licet
3397 2306 3662 2376 quiescat,

2073 2398 2329 2453 adversus
2360 2398 2528 2453 malas
2557 2399 2909 2469 cogitationes
2935 2400 3229 2454 excitetur:
3252 2412 3317 2454 ac
3336 2399 3476 2469 quod
3509 2414 3662 2453 auum

2071 2499 2176 2553 est,
2211 2491 2331 2545 licet
2382 2499 2602 2560 pungat,
2646 2507 2714 2545 ne
2759 2490 2992 2557 deserat,
3038 2490 3134 2546 sed
3187 2501 3471 2560 agnoscat;
3521 2491 3664 2561 quod

2071 2592 2249 2637 autem
2279 2582 2510 2637 ahenum
2553 2592 2656 2646 est,
2689 2582 2811 2637 licet
2838 2581 3110 2649 adnletur,
3141 2582 3472 2651 pessumdat.
3505 2581 3669 2651 Saepe

2070 2672 2315 2728 diabolus
2368 2673 2519 2742 quasi
2570 2673 2720 2728 canis
2770 2672 3052 2738 adulatur,
3107 2672 3203 2727 sed
3255 2673 3430 2727 sciant
3474 2685 3663 2728 omnes

2070 2764 2300 2817 alienum
2332 2778 2471 2820 esse.
2522 2764 2612 2819 Sic
2653 2772 2709 2819 et
2758 2778 2855 2818 nos
2903 2763 3107 2830 virtuti,
3157 2763 3257 2818 etsi
3308 2763 3530 2836 molesta
3567 2764 3657 2830 sit,

2069 2856 2378 2923 adulemur;
2426 2865 2481 2912 et
2526 2856 2805 2921 malitiam,
2860 2855 2962 2911 etsi
3018 2854 3273 2917 laatificet,
3325 2869 3657 2909 aversemur.

2068 2945 2146 3002 Nc
2173 2949 2340 3002 simus
2367 2946 2590 3001 canibus
2621 2946 2941 3013 deteriores,
2989 2945 3079 3015 qui
3126 2943 3378 3014 llagellati
3427 2951 3484 2998 et
3529 2958 3660 2998 cou-

2069 3038 2260 3105 stricti,
2304 3053 2407 3091 non
2435 3038 2722 3092 absistunt.
2752 3035 2807 3091 Si
2849 3037 2970 3092 illos
2997 3044 3176 3091 autem
3208 3044 3393 3103 pascat
3419 3034 3658 3102 alienus,

2067 3131 2338 3201 quomodo
2388 3146 2493 3184 non
2538 3134 2707 3201 magis
2738 3128 3043 3184 nocebunt?
3072 3129 3167 3183 Est
3192 3127 3479 3198 aliquando
3511 3128 3657 3182 utilis

2067 3221 2279 3289 ira,sed
2301 3237 2421 3277 cum
2444 3222 2601 3276 latrat
2624 3229 2813 3275 contra
2845 3220 3069 3274 alienos.
3098 3218 3235 3286 Quid
3257 3228 3341 3273 est
3364 3218 3517 3284 illud,
3552 3218 3654 3285 Qui

2064 3315 2297 3369 irascitur
2316 3316 2463 3384 fratri
2480 3329 2573 3368 suo
2590 3323 2769 3369 temere
2786 3312 3001 3383 (Matth.
3021 3312 3074 3368 5.
3093 3310 3222 3382 22)?
3238 3310 3294 3365 ld
3313 3319 3414 3376 est,
3433 3310 3510 3366 Ne
3526 3311 3658 3365 ulci-

2064 3420 2217 3461 scere
2240 3420 2336 3461 nec
2356 3405 2562 3460 vindica
2581 3405 2811 3475 teipsum
2831 3422 2844 3458 :
2863 3404 2907 3459 si
2928 3403 3089 3457 alium
3115 3411 3429 3473 pereuntem
3448 3401 3653 3469 videas,

2064 3498 2275 3568 porrige
2307 3513 2543 3553 manum.
2576 3498 2692 3553 Non
2727 3498 2833 3552 erit
2884 3496 3023 3550 ultra
3054 3496 3154 3561 ira,
3207 3510 3328 3550 cum
3360 3510 3391 3549 a
3439 3494 3655 3564 proprio

2063 3601 2209 3645 motu
2235 3598 2289 3644 ct
2316 3590 2505 3646 affectu
2556 3590 2690 3647 liber
2732 3589 2860 3643 eris.
2900 3586 3268 3657 Apprcbendit
3297 3585 3464 3640 David
3510 3584 3653 3641 Sati-

2062 3680 2165 3737 lem
2198 3681 2271 3753 (i.
2299 3682 2426 3752 Reg.
2454 3681 2541 3736 26.
2576 3680 2632 3752 7)
2658 3720 2673 3744 ,
2707 3693 2808 3735 nec
2837 3679 2913 3733 ira
2943 3686 3244 3733 commotus
3272 3686 3388 3744 est,
3419 3691 3519 3731 nec
3561 3691 3654 3731 ca-

2061 3783 2208 3846 ptum
2232 3774 2501 3829 inimicum
2521 3773 2668 3827 basta
2685 3770 2953 3833 confodit;
2971 3770 3065 3825 sed
3085 3770 3230 3825 ultus
3250 3778 3328 3825 est
3355 3768 3649 3825 diabolum.

2060 3866 2272 3931 Moyses
2303 3881 2422 3920 cum
2452 3865 2681 3919 alienum
2716 3862 3000 3916 laedentem
3041 3860 3192 3925 vidit,
3219 3859 3415 3916 occidit
3443 3860 3646 3932 (Exod.

2057 3957 2111 4011 2.
2139 3956 2229 4024 12)
2252 3974 2265 4021 ;
2291 3972 2411 4011 cum
2434 3967 2816 4024 congenercm,
2848 3968 2957 4007 non
2984 3952 3110 4007 item
3139 3967 3155 4017 ;
3187 3950 3282 4007 sed
3313 3951 3501 4007 fratres
3526 3952 3648 4022 qui-

2058 4048 2179 4104 dem
2209 4046 2587 4103 reconciliabat
2612 4086 2628 4111 ,
2660 4044 2866 4099 alienos
2895 4057 3024 4098 vero
3054 4042 3308 4113 pellebat.
3339 4041 3488 4098 Licet
3523 4057 3646 4098 cum

2059 4139 2399 4194 mitissimum
2448 4137 2614 4192 fuisse
2661 4134 2937 4205 Scriptura
2983 4134 3645 4208 testificetur(Num.12.

2058 4231 2124 4303 3)
2158 4246 2172 4295 ;
2205 4239 2440 4284 attamen
2481 4228 2703 4298 pervigil
2729 4236 2867 4283 erat.
2908 4226 3017 4282 Nos
3047 4236 3225 4282 autem
3258 4243 3363 4281 non
3409 4228 3478 4282 ita
3510 4228 3645 4282 :sed

2056 4323 2146 4378 ubi
2179 4321 2640 4378 mansuetudinem
2666 4318 2926 4374 exhibere
2947 4327 3198 4388 oportet,
3238 4317 3366 4373 feris
3395 4320 3643 4374 omnibus

2055 4415 2346 4470 ferociores
2373 4428 2556 4469 sumus
2580 4429 2595 4477 ;
2641 4412 2730 4467 ubi
2757 4421 2936 4467 autem
2964 4411 3185 4467 excitari
3217 4425 3314 4482 par
3337 4419 3515 4493 esset,
3548 4410 3643 4466 ad-

2055 4505 2272 4561 modum
2300 4505 2474 4576 ignavi
2497 4515 2551 4559 et
2578 4504 2774 4575 supini.
2803 4503 2935 4570 Quia
2964 4503 3125 4575 igitur
3152 4502 3236 4570 iis,
3267 4520 3387 4573 qua:
3408 4506 3458 4558 in
3487 4504 3641 4559 nobis

2054 4606 2181 4654 sunt
2200 4640 2215 4665 ,
2244 4614 2351 4654 non
2382 4607 2439 4653 ut
2475 4614 2568 4668 par
2594 4609 2737 4654 esset
2765 4598 2965 4652 utimur
2991 4638 3006 4662 ,
3036 4597 3156 4652 ideo
3185 4597 3235 4650 in
3278 4597 3506 4652 nihilum
3534 4600 3638 4652 vita

2053 4700 2235 4747 nostra
2263 4691 2617 4747 consumitur.
2645 4689 2719 4746 lta
2748 4697 2805 4744 et
2829 4689 2883 4745 in
2913 4689 3051 4744 vasis
3076 4689 3252 4744 evenit
3280 4706 3292 4741 :
3322 4689 3364 4741 si
3396 4688 3539 4742 aliud
3570 4689 3637 4742 ad

2051 4775 2215 4829 alium
2247 4789 2398 4829 usum
2430 4773 2781 4830 adhibeamus
2805 4812 2820 4836 ,
2851 4771 3029 4826 omnia
3065 4772 3359 4842 perdimus.
3393 4771 3637 4840 Exempli

2048 4867 2420 4937 causa,siquis
2440 4866 2673 4936 gladium
2697 4873 2889 4929 sumat,
2918 4879 3015 4919 nec
3042 4865 3190 4919 illum
3216 4865 3281 4919 ad
3302 4878 3458 4920 suum
3482 4880 3634 4920 usum

2049 4957 2298 5013 adhibeat
2325 4997 2341 5023 ,
2376 4957 2471 5012 sed
2514 4972 2673 5011 manu
2706 4956 2758 5010 id
2802 4954 2978 5011 facere
3008 4967 3214 5022 tentet,
3244 4957 3376 5012 nihil
3403 4958 3634 5027 amplius

2048 5050 2206 5105 efﬁcit
2237 5066 2251 5114 ;
2282 5049 2418 5104 sicut
2436 5056 2492 5105 ct
2512 5047 2603 5118 qui
2628 5089 2642 5114 ,
2676 5046 2765 5102 ubi
2792 5062 2953 5102 manu
2980 5048 3092 5117 ipsa
3135 5048 3465 5118 cperandnm
3503 5056 3586 5104 est
3615 5090 3632 5114 ,

2047 5142 2223 5211 gladio
2255 5142 2444 5206 utitur,
2474 5138 2654 5195 omnia
2688 5139 2894 5209 perdet.
2928 5138 3017 5194 Sic
3046 5147 3100 5194 et
3126 5138 3386 5205 medicus,
3420 5140 3510 5210 qui
3540 5141 3630 5196 ubi

2045 5247 2232 5288 secare
2259 5239 2469 5302 oportet
2494 5244 2599 5285 non
2631 5238 2778 5285 secat
2802 5269 2817 5296 ,
2845 5238 2901 5284 et
2930 5229 3017 5285 ubi
3053 5243 3157 5284 non
3188 5238 3402 5298 oportet
3441 5239 3589 5285 secat
3612 5268 3634 5297 ,

2045 5324 2224 5379 omnia
2253 5322 2581 5393 pessumdat.
2604 5321 2963 5389 Quamobrem
3006 5336 3135 5391 rogo
3156 5361 3172 5383 ,
3201 5335 3301 5375 nos
3328 5331 3632 5389 Opportune

2046 5415 2149 5471 hac
2176 5430 2236 5470 re
2266 5422 2497 5470 utamur.
2541 5411 2640 5468 lraa
2684 5421 2895 5482 tempus
2939 5425 3044 5465 non
3074 5418 3157 5465 est
3180 5450 3195 5474 ,
3228 5409 3318 5465 ubi
3363 5424 3461 5464 nos
3488 5409 3633 5480 ipsos

2041 5504 2288 5577 iuvamus
2316 5520 2329 5564 :
2354 5507 2399 5562 si
2427 5520 2554 5561 vero
2574 5503 2709 5561 alios
2731 5504 2999 5574 corrigere
3019 5507 3286 5572 oporteat,
3311 5512 3438 5557 tunc
3463 5502 3630 5556 maxi-

2044 5615 2133 5656 me
2158 5599 2247 5655 illa
2269 5597 2525 5654 utendum
2555 5605 2676 5661 est,
2716 5603 2777 5651 ut
2802 5595 2936 5650 alios
2978 5608 3252 5650 eruamus.
3303 5594 3377 5649 Ita
3421 5604 3479 5651 et
3519 5593 3631 5650 Deo

2047 5690 2277 5761 aequales
2299 5692 2501 5747 erimus
2527 5729 2543 5757 ,
2588 5688 2632 5743 si
2678 5701 2780 5745 nos
2822 5688 2890 5743 ab
2919 5686 2993 5741 ira
3020 5700 3237 5755 semper
3265 5694 3510 5742 tueamur
3529 5725 3546 5744 .
3576 5694 3631 5742 et
