4088 6142
293 250 400 309 139

274 364 448 439 ψυχὴ,
464 364 672 436 ὀφείλει
693 363 956 436 πρότερον
973 362 1031 417 ἐν
1043 361 1222 435 λιμένι
1234 359 1401 417 εἶναι.
1411 362 1525 434 Οὐχ
1535 362 1669 434 δρᾷς
1685 359 1821 424 πῶς,
1835 359 1964 412 ὅταν

282 453 605 525 βουλώμεθα
636 452 766 523 περί
808 469 970 506 τινων
1007 451 1325 520 ἀναγκαίων
1361 450 1741 521 διαλεχθῆναι,
1768 448 1965 510 τόπους

285 539 518 612 θορύϐου
551 538 831 610 καθαροὺς
881 536 1332 610 παρατηροῦμεν,
1368 536 1499 591 ἔνθα
1552 535 1773 608 ἡσυχία,
1830 533 1960 588 ἔνθα

284 629 516 700 γαλήνη,
549 627 638 682 ἵνα
670 627 747 699 μὴ
783 626 1217 701 ἐκκρουώμεθα;
1252 626 1316 680 Et
1343 626 1400 680 δὲ
1429 628 1458 680 ό
1484 624 1691 690 ἔξωθεν
1705 622 1960 695 ἐκκρούει

286 714 534 787 θόρυϐος,
560 714 744 786 πολλῷ
769 714 973 787 μᾶλλον
1020 716 1055 785 ή
1090 713 1238 768 ἔνδον
1271 726 1297 755 ι
1323 712 1563 784 ταραχή.
1590 708 1707 765 Κάν
1735 709 1962 781 εὖχηταί

282 820 388 870 τις,
401 802 528 872 είκῆ
547 801 791 875 εὔχεται,
813 801 951 874 μετά
967 801 1137 872 ὀργῆς
1159 800 1254 855 xal
1269 799 1441 870 θυμοῦ
1464 797 1622 851 τοῦτο
1647 795 1843 851 ποιῶν·
1859 794 1973 850 κᾶν

288 890 619 961 φθέγγηται,
638 890 1043 960 καταγέλαστος
1065 888 1238 942 ἔσται·
1262 888 1367 942 κᾶν
1391 888 1542 959 σιγᾷ.
1558 885 1722 940 πάλιν
1737 883 1960 955 ὁμοίως·

287 978 389 1033 κάν
411 977 592 1052 ἐσθίῃ,
610 978 705 1032 xal
725 977 902 1042 οὕτως
928 976 1154 1047 ἐϐλάϐη·
1170 974 1273 1031 κᾶν
1293 975 1447 1047 πίνῃ,
1468 974 1573 1029 κᾶν
1590 974 1667 1046 μὴ
1688 973 1840 1044 πίνῃ,
1860 971 1963 1026 κάν

286 1065 608 1135 καθέζηται,
638 1064 744 1119 κάν
764 1065 963 1137 στὴκῃ.
987 1064 1092 1120 κάν
1112 1062 1324 1135 βαδίζῃ,
1353 1063 1458 1118 κᾶν
1476 1060 1731 1133 καθεύδῃ·
1748 1060 1844 1114 xal
1854 1057 1965 1130 7&9

285 1155 343 1206 ἐν
364 1155 480 1215 τοῖς
501 1152 733 1222 ὀνείροις
744 1151 968 1206 τοιαῦτα
982 1150 1365 1221 φαντάζονται.
1383 1149 1450 1202 Τί
1468 1148 1577 1218 7&9
1587 1147 1695 1200 τῶν
1708 1146 1964 1200 τοιούτων

284 1241 386 1293 οὐκ
418 1238 661 1306 ἀτοπον;
725 1237 1029 1308 Ὀφθαλμοὶ
1079 1236 1287 1307 ἀηδεῖς,
1314 1236 1489 1307 στόμα
1512 1234 1962 1306 διεστραμμένον,

288 1326 431 1398 μέλη
478 1324 820 1399 κεκινημένα
876 1325 972 1379 xal
1008 1323 1334 1389 οίδαίνοντα,
1380 1322 1606 1392 γλῶσσα
1655 1316 1967 1393 ἀκράτητοέ

286 1414 385 1468 καὶ
434 1413 651 1478 οὐδενὸς
707 1411 1037 1483 φειδομένη,
1099 1410 1313 1466 διάνοια
1367 1409 1715 1481 ἐξεστηκυῖα,
1778 1409 1965 1479 σχῆμα

284 1500 558 1572 ἀπρεπὲς,
610 1499 782 1571 πολλὴ
831 1501 867 1571 ἡ
919 1500 1103 1570 ἀηδία.
1143 1498 1249 1552 Ἴδε
1303 1515 1393 1570 μοι
1425 1496 1536 1552 τῶν
1586 1495 1966 1569 δαιμονώντων

283 1588 411 1650 τοὺς
430 1585 747 1658 ὀφθαλμοὺς
787 1586 883 1641 καὶ
904 1584 1021 1640 τῶν
1050 1583 1362 1656 μεθυόντων
1388 1583 1484 1639 xal
1522 1582 1888 1656 μαινομένων,
1914 1582 1966 1635 τί

284 1673 635 1744 διεστήκασιν
661 1672 946 1744 ἀλλήλων;
975 1672 1097 1743 οὐχὶ
1130 1672 1298 1743 μανία
1322 1671 1385 1725 τὸ
1408 1672 1518 1725 πᾶν
1554 1672 1707 1737 ἐστις
1737 1670 1807 1724 Τί
1833 1669 1963 1741 7&9,

285 1761 336 1813 εί
362 1759 503 1830 πρὸς
526 1759 719 1828 καιρὸν
770 1759 932 1813 τοῦτο
982 1758 1232 1829 γίνεται;
1271 1759 1384 1813 Kal
1435 1759 1543 1831 7&9
1583 1761 1613 1813 6
1643 1758 1967 1830 μαινόμενος

287 1847 425 1918 πρὸς
453 1846 645 1920 καιρὸν
677 1846 986 1918 κατέχεται·
1037 1847 1229 1901 τούτου
1287 1847 1344 1903 δέ
1372 1847 1428 1901 τί
1458 1850 1675 1919 χείρους
1730 1846 1841 1901 Kal
1867 1847 1968 1900 οὐκ

286 1936 637 2006 αἰσχύνονται
663 1935 758 1990 ἐπὶ
786 1938 854 2007 τῇ
884 1935 1169 2007 ἀπολογίᾳ·
1198 1936 1313 1991 Οὐκ
1334 1935 1504 2007 ᾔδειν,
1534 1935 1689 2005 φησὶ,
1713 1934 1766 1989 τί
1792 1930 1965 1989 εἷπον.

288 2025 399 2078 Kal
414 2022 505 2078 διὰ
529 2023 586 2078 τί
630 2022 707 2096 μὴ
728 2023 878 2095 ᾔδεις
898 2022 1059 2079 τοῦτο
1090 2025 1120 2078 6
1162 2022 1379 2093 λογικὸς
1400 2021 1709 2095 ἄνθρωπος,
1753 2023 1782 2076 6
1829 2021 1970 2093 λογι-

290 2112 428 2182 σμδν
459 2111 638 2182 ἐχων;
662 2113 753 2167 διά
773 2112 827 2165 τί
854 2111 923 2165 τά
948 2110 1055 2165 τῶν
1076 2111 1288 2182 ἀλόγων
1315 2109 1464 2183 [Ml]
1488 2112 1685 2176 ποιεῖς,
1715 2110 1970 2182 καθάπερ

292 2200 459 2264 ἵππος
489 2199 684 2270 ἄγριος
711 2198 820 2254 ἀπὸ
846 2197 1018 2269 θυμοῦ
1052 2198 1147 2253 xal
1200 2198 1370 2271 ὀργῆς
1404 2198 1812 2269 συναρπαγείς;
1862 2200 1972 2253 Kal

295 2288 404 2358 μὴν
437 2289 474 2359 ἡ
526 2286 816 2355 ἀπολογία,
847 2285 1193 2358 ἐγκλήματος
1236 2284 1382 2352 ἀξία.
1415 2286 1541 2340 Εῐθε
1571 2285 1682 2358 7&9
1734 2286 1903 2359 ᾕδεις,
1935 2286 1971 2341 ἀ

292 2375 505 2442 ἐλεγες.
536 2374 647 2428 Τοῦ
694 2372 892 2444 θυμοῦ,
926 2374 1113 2445 φησὶν,
1150 2372 1268 2427 ἐστὶ
1298 2372 1365 2428 τά
1415 2374 1657 2445 ῥήματα,
1689 2373 1789 2426 οὐκ
1837 2373 1967 2444 ἐμά.

291 2463 420 2527 Πῶς
451 2462 704 2528 ἐκείνους
740 2461 853 2517 Kal
885 2462 992 2534 μὴν
1038 2462 1066 2515 6
1098 2460 1270 2531 θυμὸς
1293 2462 1394 2515 οὐκ
1426 2460 1541 2532 ἔχει
1570 2462 1744 2532 ίσχὺν,
1786 2460 1852 2515 ἂν
1898 2460 1972 2532 μὴ

293 2551 447 2622 παρά
462 2550 559 2604 σοῦ
579 2550 740 2622 λάϐῃ.
757 2549 846 2614 Ὠς
864 2550 960 2604 καὶ
978 2548 1044 2604 ἀν
1061 2548 1207 2603 εἴποι
1224 2564 1329 2613 τις·
1352 2549 1464 2619 Τῆς
1481 2549 1663 2619 χειρός
1678 2549 1847 2610 ἐστιν,
1871 2550 1972 2602 οὐκ

294 2639 407 2710 ἐμὲ
427 2639 499 2693 τά
522 2637 836 2710 τραύματα.
868 2638 933 2692 Τί
962 2639 1064 2692 οἴει
1096 2637 1327 2708 μάλιστα
1357 2637 1562 2690 δεῖσθαι
1604 2638 1813 2707 θυμοῦ;
1853 2638 1974 2708 οὐχὶ

299 2726 539 2797 πόλεμον
568 2726 668 2780 xal
693 2727 907 2797 μάχην;
954 2724 1118 2780 Ἀλλά
1149 2725 1243 2779 xal
1271 2727 1388 2779 ἐκεῖ
1438 2724 1504 2778 ἂν
1536 2724 1674 2793 μετά
1706 2723 1882 2796 θυμοῦ
1923 2742 1973 2778 τι

298 2813 542 2884 γίνηται,
576 2813 640 2867 τὸ
666 2814 775 2868 πᾶν
803 2811 1122 2885 διέφθαρται
1153 2812 1247 2867 xal
1275 2810 1541 2865 ἀπόλωλε.
1590 2811 1839 2866 Μάλιστα
1868 2812 1975 2882 γὰρ

296 2903 428 2965 τοὺς
450 2900 792 2972 μαχομένους
828 2899 1134 2972 θυμοῦσθαι
1159 2900 1221 2954 ού
1250 2899 1377 2972 χρή·
1405 2899 1642 2971 μάλιστα
1674 2901 1802 2963 τοὺς
1826 2899 1976 2972 ὑϐρί-

300 2988 494 3054 ζοντας
516 2987 822 3059 θυμοῦσθαι
872 2988 934 3042 οὐ
974 2988 1103 3059 χρή.
1136 2987 1249 3044 Kal
1299 2986 1418 3050 πῶς
1448 2986 1527 3041 ἔνι
1556 2987 1844 3058 μάχεσθαι,
1871 3004 1974 3058 φη-

302 3076 423 3140 σίν;
450 3076 635 3146 Λόγῳ,
655 3076 947 3147 ἐπιεικείᾳ·
975 3075 1122 3147 μάχη
1146 3075 1255 3146 γάρ
1278 3075 1394 3128 ἐστι
1414 3074 1475 3128 τὸ
1501 3073 1561 3139 ἐξ
1587 3077 1833 3139 ἐναντίας
1859 3077 1978 3146 στῆ-

301 3182 414 3219 ναι.
445 3165 518 3218 Ἦ
554 3164 656 3234 οὐχ
681 3164 817 3235 δρᾷς
846 3164 941 3218 καὶ
966 3162 1191 3226 τούτους
1218 3163 1344 3227 τοὺς
1402 3162 1672 3232 πολέμους
1702 3164 1852 3236 νόμῳ
1885 3166 1980 3219 καὶ

304 3251 547 3319 διατάξει
595 3252 690 3305 xal
745 3252 961 3322 καιροῖς
1012 3251 1399 3321 ώρισμένους;
1436 3248 1620 3320 Θυμδς
1669 3252 1780 3323 7&9
1827 3253 1979 3308 οὐδέν

306 3342 477 3404 ἐστιν,
504 3340 539 3410 ἢ
570 3338 718 3411 ὁρμὴ
741 3339 957 3409 ἀλογος·
993 3339 1176 3410 ἀλόγῳ
1204 3338 1261 3393 δὲ
1300 3337 1452 3392 οὐδὲν
1489 3337 1706 3407 λογικὸν
1727 3340 1980 3409 γενέσθαι

305 3426 529 3482 δυνατόν
540 3468 549 3483 .

372 3604 438 3660 δί.
455 3605 612 3659 Ἐπεὶ
622 3605 716 3659 xal
726 3596 881 3667 οὗτος
891 3603 1118 3659 τοιαῦτα
1130 3604 1447 3674 ἐφθέγγετο,
1462 3607 1558 3661 xal
1567 3607 1668 3662 οὐκ
1689 3607 1978 3680 ἐθυμοῦτο.

309 3693 417 3747 Kal
436 3695 467 3746 6
496 3692 685 3754 Ἠλίας
722 3691 928 3760 ἔλεγεν·
969 3692 1117 3759 Ἕως
1145 3694 1292 3747 πότε
1313 3694 1637 3762 χωλανεῒτε
1665 3695 1758 3749 ἐπ’
1794 3696 1986 3767 ἀμφο-

309 3777 505 3849 τέραις
533 3777 663 3843 ταῖς
691 3779 923 3848 ἰγνύαις
952 3777 1154 3849 ὐμῶν;
1201 3781 1296 3834 xal
1327 3781 1428 3834 ούκ
1480 3780 1769 3852 ἐθυμοῦτο.
1818 3785 1927 3839 Kal
1955 3788 1985 3839 6

306 3868 493 3930 Φινεὲς
525 3866 750 3934 ἔσφαξε,
790 3866 884 3920 καὶ
914 3866 1016 3920 ούκ
1057 3865 1348 3938 ἐθυμοῦτο.
1392 3867 1450 3921 Ὀ
1500 3867 1609 3939 γὰρ
1663 3868 1835 3941 θυμὸς
1884 3872 1985 3925 οὐκ

308 3955 538 4024 ἀφίησιν
567 3953 719 4016 ίδεῖν,
747 3952 884 4007 ἀλλά
905 3953 1157 4025 καθάπερ
1184 3955 1242 4007 ἐν
1268 3955 1610 4026 νυκτομαχίᾳ
1644 3956 1824 4011 πάντα
1861 3975 1986 4012 συν-

309 4041 500 4113 δήσας,
539 4041 637 4095 xal
655 4040 973 4111 ὀφθαλμοὺς
1026 4041 1120 4095 xal
1150 4033 1287 4104 ὦτα,
1350 4040 1526 4105 οὕτως
1557 4042 1702 4112 ἀγει,
1743 4041 1986 4117 ὅπουπερ

308 4130 376 4184 ἀν
398 4129 584 4200 ἐθέλῃ.
631 4126 1063 4198 Ἀπαλλαγῶμεν
1091 4124 1184 4184 οὖν
1215 4128 1410 4184 τούτου
1456 4129 1550 4184 τοῦ
1582 4131 1855 4202 δαίμονος,
1886 4135 1985 4205 ἀρ-

308 4216 541 4287 χόμενον
591 4214 754 4269 αὐτὸν
782 4214 1247 4286 καταστείλωμεν,
1278 4215 1378 4288 τὴν
1408 4218 1682 4286 σφραγῖδα
1708 4218 1986 4290 ἐπιθῶμεν

308 4304 385 4375 τῷ
407 4302 601 4374 στήθει
624 4302 877 4373 καθάπερ
913 4302 1036 4357 τινά
1087 4304 1325 4374 χαλινόν.
1380 4304 1545 4360 Κύων
1577 4306 1726 4360 ἐστὶν
1764 4307 1987 4377 ἀναιδὴς

306 4394 338 4445 6
363 4390 560 4462 θυμός·
590 4388 730 4444 ἀλλὰ
782 4389 1001 4460 μαθέτω
1033 4389 1254 4445 ἀκούειν
1284 4389 1379 4444 τοῦ
1415 4392 1603 4462 νόμου.
1631 4395 1729 4447 'Av
1839 4395 1986 4449 κύων

308 4479 368 4532 ἐν
397 4478 607 4549 ποίμνῃ
634 4476 807 4542 οὕτως
834 4477 1050 4549 ἀγριος,
1083 4476 1160 4541 ὡς
1185 4477 1260 4550 μὴ
1288 4477 1570 4533 πείθεσθαι
1595 4482 1987 4552 προστάττοντι

310 4565 386 4636 τῷ
405 4564 675 4636 βουκόλῳ,
714 4564 849 4636 μηδέ
874 4562 1263 4634 ἐπιγινώσκειν
1283 4563 1448 4623 αὐτοῦ
1462 4565 1561 4638 τὴν
1581 4568 1786 4640 φωνὴν,
1810 4569 1987 4624 πάντα

313 4653 562 4707 ἀπόλωλε
594 4653 690 4707 xal
714 4652 1059 4724 διέφθαρται.
1101 4653 1258 4708 Μετά
1288 4652 1398 4708 τῶν
1425 4654 1713 4726 προϐάτων
1742 4656 1986 4727 νέμεται·

313 4740 425 4794 ἀλλ’
448 4741 547 4796 ἐὰν
579 4739 924 4812 ἀπογεύηται
967 4741 1080 4795 τῶν
1112 4740 1422 4813 προϐάτων,
1455 4743 1726 4815 ἄχρηστός
1748 4746 1862 4798 ἐστι
1895 4746 1990 4799 καὶ

317 4824 783 4897 κατασφάττεται.
816 4828 881 4882 El
901 4827 1102 4900 ἔμαθεν
1123 4828 1342 4883 ἀκούειν
1366 4847 1484 4897 σου,
1506 4830 1703 4901 θρέψον
1717 4831 1809 4885 τὸν
1828 4831 1986 4886 κύνα·

315 4915 586 4987 χρήσιμός
636 4917 778 4980 ἐστι,
812 4914 953 4969 κατά
983 4916 1093 4969 τῶν
1131 4915 1335 4983 λύκων,
1373 4916 1517 4971 κατά
1544 4917 1654 4971 τῶν
1691 4920 1987 4990 πειρατῶν,

316 5005 456 5060 κατά
483 5002 583 5058 τοῦ
615 5004 924 5078 λῃστάρχου
960 5004 1227 5069 ὑλακτῶν,
1263 5005 1325 5059 ού
1359 5004 1503 5059 κατά
1527 5005 1838 5077 προϐάτων,
1872 5009 1993 5063 οὐδὲ

318 5093 459 5149 κατά
473 5092 719 5149 οἰκείων.
749 5094 850 5147 ‘Av
875 5092 950 5164 μὴ
979 5091 1173 5164 ἀκούῃ,
1195 5093 1379 5147 πάντα
1407 5092 1730 5165 διαφθείρει·
1754 5094 1822 5149 ἂν
1846 5094 1995 5170 μάθῃ

315 5182 706 5252 καταφρονεῖν,
739 5179 920 5234 πάντα
960 5179 1240 5236 ἀπολλύει.
1276 5180 1351 5233 Τὸ
1385 5181 1564 5234 τοίνυν
1591 5181 1802 5253 ἥμερον
1848 5184 1909 5236 τὸ
1937 5185 1995 5238 ἐν

317 5269 400 5322 σοὶ
433 5268 515 5341 μὴ
543 5267 913 5333 ἀναλισκέτω,
942 5267 1079 5322 ἀλλά
1126 5267 1442 5337 φυλαττέτω
1467 5267 1497 5319 6
1553 5267 1724 5339 θυμὸς
1748 5270 1843 5323 xal
1874 5273 1997 5324 πῖον

316 5357 545 5413 ποιείτω
577 5354 632 5394 δ’
664 5354 894 5426 φυλάξει
916 5354 994 5422 δὲ,
1030 5355 1126 5408 καὶ
1154 5356 1212 5408 ἐν
1234 5352 1506 5425 ἀσφαλείᾳ
1538 5354 1704 5427 πολλῇ
1734 5357 1995 5428 νέμεσθαι

316 5444 677 5516 καταστήσει,
715 5441 785 5497 ἀν
803 5442 933 5506 τοὺς
969 5441 1206 5512 μιαροὺς
1236 5440 1533 5511 λογισμοὺς
1555 5443 1650 5495 καὶ
1677 5444 1803 5506 τοὺς
1831 5462 1997 5514 πονηο

320 5533 444 5601 ροὺς
468 5529 878 5601 καταναλίσκῃ,
911 5530 981 5583 ἀν
1005 5529 1099 5583 τὸν
1137 5527 1391 5583 διάϐολον
1413 5526 1586 5600 διώκῃ
1640 5531 1993 5601 πανταχόθεν.

320 5620 502 5685 Οῦτως
534 5621 817 5676 ἐπιείκεια
850 5616 1209 5682 διασώζεται,
1226 5616 1357 5670 ὅταν
1389 5616 1641 5688 μηδαμοῦ
1673 5617 1749 5687 τῷ
1773 5619 1998 5690 πλησίον

323 5707 486 5763 κακόν
514 5725 569 5762 τι
598 5703 972 5775 λογιζώμεθα·
1031 5702 1205 5767 οὓτως
1229 5703 1501 5774 αἰδέσιμοι
1558 5702 1838 5775 γινόμεθα,
1874 5706 1999 5760 ὅταν

380 5848 403 5875 ⁸
421 5850 521 5905 Alii
545 5856 582 5913 ἡ
605 5852 809 5901 ἔνδοθεν.
874 5847 906 5889 δ
931 5849 1031 5901 Alii
1056 5850 1135 5898 καὶ
1170 5849 1365 5913 λιπαρὸν
1407 5849 1619 5898 ποιείτω.

1376 244 1445 301 IN
1481 243 1664 301 ACTA
1698 238 2229 298 APOSTOLOR‘UM.
2273 238 2507 296 HOMIL.
2534 224 2739 297 xvn-f

3638 239 3737 298 ΗΟ

2076 354 2154 425 μὴ
2182 355 2541 427 μανθάνωμεν
2570 357 2965 425 ἀναισχυντεῖν.
3013 356 3180 411 Οὐδὲν
3235 354 3342 428 γὰρ
3375 354 3547 422 οὕτως
3594 358 3741 415 ἀναί-

2074 455 2299 509 σχυντον
2325 442 2489 504 ποιεῖ,
2540 440 2616 503 ὡς
2650 439 2885 510 πονηρὸν
2935 440 3189 504 συνειδός.
3222 441 3321 494 Διά
3347 440 3401 494 τί
3448 442 3504 493 at
3544 441 3738 512 πόρναι

2071 523 2416 598 ἀναίσχυντοί
2440 528 2584 594 alat;
2616 526 2704 582 διά
2732 527 2784 580 τί
2806 528 2867 582 αί-
2895 526 3156 599 παρθένοι
3196 528 3589 600 αίσχυντηλαίς
3623 530 3739 582 Οὐκ

2069 614 2179 669 ἀπὺ
2232 616 2333 688 τῆς
2380 614 2651 687 ἁμαρτίας
2694 615 3065 683 ἐκεῖναιςοούκ
3089 614 3197 670 ἀπὺ
3249 617 3349 688 τῆς
3387 616 3740 687 σωφροσύνης

2067 698 2265 769 αὖταις
2319 701 2486 759 Ούδέν
2519 703 2633 776 7&9
2672 702 2847 768 οὕτως
2873 703 3228 774 ἀναίσχυντον
3259 706 3421 768 ποιεῖ,
3455 704 3530 769 ὡς
3555 706 3739 777 ἀμαρ-

2069 791 2178 845 τία.
2213 792 2324 845 Kal
2354 790 2460 862 μὴν
2487 791 2816 859 τούναντίον,
2834 791 2988 865 φησὶ,
3014 791 3629 865 κατ[αν]αισχύνει.Ναὶ
3650 795 3740 848 τὴν

2070 878 2406 948 καταγνόντα
2433 878 2625 934 ἑαυτοῦ
2651 897 2667 913 ·
2700 879 2789 936 τὸν
2817 880 2875 935 δέ
2927 880 3465 952 ἀπηρυθριασμένον,
3498 883 3594 936 καὶ
3627 882 3742 936 ἰτα-

2074 965 2317 1038 μώτερον
2372 967 2683 1038 ἐργάζεται·
2722 968 2751 1021 6
2782 966 2892 1038 γάρ
2932 965 3206 1037 ἀπογνοὺς
3254 969 3485 1033 ἑαυτοῦ,
3534 969 3741 1041 θρασὺς

2069 1054 2300 1122 γίνεται.
2330 1053 2573 1121 Ἀσεσὴς
2593 1054 2723 1125 7&9,
2755 1056 2939 1125 φησὶν,
2967 1053 3162 1109 ἐλθὼν
3184 1057 3272 1120 είς
3295 1054 3491 1123 ,βάθος
3520 1057 3741 1121 κακῶν,

2070 1139 2452 1210 καταφρονεῖ.
2498 1140 2558 1195 '0
2586 1141 2644 1195 δέ
2674 1141 3046 1212 ἀναίσχυντος,
3092 1142 3189 1196 xal
3243 1142 3435 1215 ίταμὸς
3464 1142 3532 1197 ἀᾲν
3563 1144 3669 1214 εἴη·
3715 1149 3745 1198 6

2069 1229 2127 1284 δέ
2161 1231 2374 1303 ίταμδς,
2403 1231 2497 1286 xal
2545 1231 2772 1302 θρασύς.
2806 1232 2995 1287 Βούλει
3019 1233 3213 1305 μαθεῖν
3242 1234 3373 1289 πότε
3395 1234 3745 1290 ἀναλίσκεται

2073 1320 2343 1373 ἐπιείκεια
2361 1329 2384 1358 ο
2409 1336 2424 1389 ;
2456 1320 2624 1374 Ὅταν
2645 1325 2872 1392 πονηροὶ
2885 1320 3139 1393 λογισμοὶ
3155 1308 3326 1396 αὐτὴν
3344 1323 3739 1395 διαμασῶνται.

2086 1405 2228 1459 Ἀλλ’
2249 1406 2299 1460 εί
2315 1407 2410 1461 xal
2435 1407 2595 1461 τοῦτο
2612 1407 2922 1479 συμϐαίνει,
2949 1409 3030 1462 ότι
3063 1408 3177 1481 μὴὸ
3193 1408 3340 1465 κύων
3369 1411 3567 1482 ἕστηκε
3605 1412 3744 1484 μέγα

2075 1493 2345 1559 ὑλακτῶν,
2368 1494 2492 1549 ούδέ
2512 1493 2686 1559 οὕτως
2716 1494 3115 1565 ἀπογινώσκειν
3146 1498 3276 1569 χρή.
3304 1499 3457 1553 Ἐστι
3481 1500 3591 1571 7&9
3613 1500 3744 1571 ⁴ἡμῖν

2074 1580 2168 1635 xal
2206 1579 2354 1654 [ηε]
2384 1580 2643 1653 σφενδόνη
2667 1582 2761 1637 xal
2794 1582 2942 1648 λίθος
2972 1584 3109 1656 (ἴστε
3137 1585 3198 1639 τὸ
3231 1586 3568 1658 λεγόμενον)·
3598 1588 3744 1643 ἐστιν

2075 1669 2205 1740 ἡμῖν
2238 1669 2335 1724 καὶ
2362 1669 2514 1742 δόρυ,
2576 1671 2670 1725 καὶ
2705 1671 2935 1744 μάνδρα,
2992 1672 3087 1727 xal
3120 1674 3306 1745 σηκὸς,
3350 1676 3410 1730 ἐν
3439 1670 3485 1745 ᾧ
3510 1676 3733 1747 φυλάξο-

2078 1775 2180 1829 μεν
2214 1758 2341 1822 τοὺς
2372 1758 2666 1831 λογισμοὺς
2699 1761 2923 1825 ἀσινεῖς.
2978 1762 3077 1816 Ἂν
3124 1764 3152 1818 6
3181 1763 3326 1818 κύων
3356 1765 3516 1837 σαίνῃ
3550 1765 3649 1837 μὲν
3677 1766 3744 1820 τά

2076 1844 2344 1916 πρόϐατα,
2396 1846 2654 1919 ἀγριαίνῃ
2708 1846 2766 1902 δέ
2824 1848 2968 1904 κατά
3006 1848 3115 1903 τῶν
3174 1849 3280 1916 ἔξω
3338 1852 3428 1906 καὶ
3466 1853 3741 1924 ἀγρυπνῇ,

2074 1930 2234 1987 τοῦτο
2288 1932 2459 2006 ἀρετὴ
2508 1935 2689 1999 κυνός·
2727 1934 2832 1990 κάν
2879 1935 3147 2012 λιμώττῃ,
3205 1937 3280 2010 μὴ
3320 1939 3578 2008 γεύεσθαι
3636 1940 3744 1993 τῶν

2078 2020 2383 2093 προϐάτων·
2418 2019 2520 2077 κᾶν
2548 2022 2608 2077 ἐν
2656 2021 2942 2095 πλησμονῇ
2972 2018 3042 2097 ᾖ,
3088 2025 3162 2096 μὴ
3202 2025 3478 2094 φείδεσθαι
3511 2028 3619 2080 τῶν
3649 2027 3745 2079 λύε

2078 2126 2209 2164 κων.
2245 2106 2498 2164 Τοιοῦτον
2543 2110 2638 2163 καὶ
2683 2112 2713 2164 6
2763 2108 2954 2181 θυμός·
3010 2112 3114 2166 κᾶν
3163 2112 3446 2184 δάκνηται,
3484 2114 3585 2182 τῆς
3626 2117 3746 2167 ἐπι-

2077 2195 2283 2258 εικείας
2346 2194 2422 2267 μή
2471 2194 2823 2264 ἀφίστασθαι·
2862 2196 2966 2252 κᾶν
3023 2200 3079 2252 ἐν
3117 2199 3319 2270 ἡσυχίᾳ
3367 2196 3421 2272 ᾖ,
3480 2200 3744 2271 διεγείρε-

2081 2282 2203 2336 σθαι
2232 2282 2370 2354 πρὸς
2403 2283 2528 2347 τοὺς
2556 2285 2825 2355 πονηροὺς
2856 2284 3169 2357 λογισμούς·
3206 2287 3300 2340 καὶ
3332 2287 3394 2340 τὸ
3423 2287 3523 2358 μὲν
3548 2290 3747 2343 οἰκεῖον

2079 2371 2173 2425 xal
2225 2368 2460 2440 πλῆττον
2498 2369 2575 2442 μὴ
2630 2372 3088 2443 καταλιμπάνειν,
3148 2373 3263 2427 ἀλλ’
3322 2376 3745 2444 ἐπιγινώσκειν,

2079 2457 2139 2510 τὸ
2175 2457 2231 2510 δὲ
2263 2455 2546 2529 ἀλλότριον
2597 2458 2691 2511 xal
2729 2461 2910 2514 σαῖνον
2947 2460 3325 2532 λυμαίνεσθαι.
3368 2460 3548 2516 Σαίνει
3571 2465 3599 2518 6
3633 2464 3749 2519 διά-

2081 2543 2235 2607 ϐολος
2270 2543 2531 2607 πολλάκις
2559 2545 2634 2608 ὡς
2669 2547 2697 2598 6
2723 2545 2894 2610 κύων,
2932 2547 3070 2600 ἀλλά
3096 2548 3287 2619 γνώτω
3327 2552 3454 2617 πᾶς,
3490 2552 3571 2605 ὅτι
3596 2552 3749 2606 ἀλλό-

2080 2633 2232 2703 τριός
2250 2631 2277 2672 ἀ
2298 2634 2467 2686 ἐστιν.
2505 2631 2664 2685 Οῦτω
2681 2632 2745 2704 δὴ
2767 2634 2864 2687 xal
2889 2635 3052 2706 ἡμεῖς
3086 2637 3187 2707 τὴν
3217 2638 3438 2711 ἀρετὴν,
3458 2639 3561 2694 κᾶν
3582 2640 3746 2713 λυπῇ.

2084 2719 2378 2790 σαίνωμεν·
2415 2719 2509 2773 καὶ
2541 2720 2642 2790 τὴν
2672 2721 2895 2790 κακίαν,
2926 2720 3031 2775 κᾶν
3069 2723 3357 2796 εὐφραίνῃ,
3390 2726 3749 2798 ἀποστρεφιῦ-

2086 2807 2247 2879 μεθα.
2277 2807 2370 2880 Μὴ
2403 2807 2691 2879 γενώμεθα
2719 2809 2938 2882 χείρους
2960 2810 3069 2865 τῶν
3103 2812 3299 2876 κυνῶν,
3340 2814 3391 2867 οἳ
3424 2817 3752 2888 μαστιζόμε-

2085 2913 2163 2948 νοι
2202 2896 2297 2950 xal
2316 2895 2608 2968 ἀγχόμενοι
2666 2897 2766 2951 ούκ
2799 2897 3146 2974 ἀφίστανται.
3190 2902 3288 2955 Ἀν
3342 2900 3399 2955 δὲ
3427 2903 3622 2968 αὐτοὺς
3662 2907 3754 2959 καὶ

2083 2983 2259 3056 τρέφῃ
2285 2984 2314 3036 ὁ
2337 2983 2639 3056 ἀλλότριος,
2677 2984 2796 3049 πῶς
2825 2985 2886 3040 ού
2926 2986 3127 3057 μᾶλλον
3151 2986 3448 3059 βλάψουσιν
3478 3002 3539 3056 ες
3566 2993 3754 3048 Ἔστιν

2083 3075 2171 3128 ὅτε
2201 3074 2469 3146 χρήσιμος
2500 3075 2528 3128 6
2564 3073 2753 3146 θυμὸς,
2795 3074 2911 3128 ἀλλ’
2935 3076 3063 3130 ὅταν
3119 3077 3322 3149 ύλακτῇ
3355 3079 3493 3133 κατά
3525 3080 3630 3133 τῶν
3662 3083 3756 3135 ἀλ·

2084 3160 2329 3234 λοτρίων.
2372 3162 2437 3215 Τί
2469 3162 2639 3227 ἐστιν,
2686 3162 2750 3216 '0
2775 3162 3143 3234 ὀργιζόμενος
3180 3165 3261 3232 τῷ
3298 3165 3539 3236 ἀδελφῷ
3570 3172 3757 3223 αὐτοῦ

2086 3248 2263 3318 είκῆ;
2303 3249 2455 3303 Ἀντὶ
2497 3248 2615 3316 τοῦ,
2655 3248 2748 3321 Μὴ
2789 3249 2961 3319 ἄμυνε
3001 3251 3203 3321 σαυτῷ,
3244 3252 3379 3323 μηδέ
3435 3255 3658 3309 ἐκδίκει·
3693 3258 3757 3310 ἂν

2087 3337 2275 3408 ἕτερον
2303 3337 2419 3411 ἴδῃς
2456 3336 2847 3408 ἀπολλύμενον,
2882 3336 3069 3407 ὄρεξον
3130 3340 3308 3408 χεῖρα.
3345 3341 3457 3394 Οὐκ
3484 3341 3562 3395 ἔτι
3588 3342 3760 3413 θυμὸς

2089 3424 2274 3478 λοιπὸν
2301 3423 2461 3477 τοῦτό
2488 3425 2659 3487 ἐστιν,
2694 3423 2822 3476 ὅταν
2852 3424 2952 3493 τῆς
2986 3424 3194 3488 οίκείας
3231 3427 3570 3497 συμπαθείας
3591 3430 3759 3501 ἀπηλ-

2088 3512 2356 3584 λαγμένος
2375 3507 2463 3584 ᾖς.
2500 3508 2733 3564 Ἔλαϐεν
2768 3511 2796 3564 6
2827 3508 2991 3563 Δαυῖδ
3018 3511 3109 3564 τὸν
3151 3512 3341 3577 Σαοὺλ,
3370 3514 3463 3568 καὶ
3498 3516 3599 3570 οὐκ
3634 3517 3759 3570 ἐθυ-

2094 3601 2274 3674 μώθη,
2302 3601 2424 3654 οὐδὲ
2473 3597 2706 3671 ἐνέπηξε
2734 3598 2795 3652 τὸ
2832 3598 2982 3672 δόρυ,
3034 3600 3127 3653 τὸν
3160 3600 3353 3671 ἐχθρὸν
3394 3601 3595 3665 λαϐὼν,
3644 3606 3760 3658 ἀλλ’

2091 3688 2340 3760 ἠμύνατο
2387 3687 2478 3741 τὸν
2516 3686 2782 3741 διάϐολον.
2824 3687 2881 3740 '0
2920 3688 3180 3759 Μωῦσῆς,
3215 3689 3305 3742 ὅτε
3356 3690 3454 3761 μὲν
3483 3690 3760 3764 ἀλλότριον

2092 3778 2382 3833 ἀδικοῦντα
2436 3771 2565 3841 εῖδε,
2602 3776 2696 3831 καὶ
2735 3776 2966 3830 ἀνεῖλεν·
3008 3777 3097 3830 ὅτε
3156 3777 3212 3830 δὲ
3268 3779 3485 3845 οἰκεῖον,
3525 3781 3623 3833 οὐκ
3659 3781 3756 3833 ἔτι·

2092 3866 2229 3921 ἀλλά
2256 3867 2384 3930 τοὺς
2416 3865 2516 3936 μὲν
2549 3863 2814 3934 ἀδελφοὺς
2869 3865 3259 3937 κατήλλαττεν,
3295 3866 3539 3930 ἐκείνους
3583 3868 3639 3922 δὲ
3668 3870 3762 3923 xal

2094 3953 2385 4009 ἀπωθεῖτο.
2414 3952 2608 4006 Καίτοι
2663 3951 2969 4023 πραότατον
3004 3952 3164 4006 αὐτὸν
3200 3952 3445 4025 ήΓραφὴ
3475 3959 3759 4027 μαρτυρεῖ,

2094 4042 2208 4096 ἀλλ’
2237 4044 2388 4113 ὅμως
2412 4036 2481 4111 ἦν
2514 4042 2617 4097 καὶ
2638 4041 3085 4112 διεγηγερμένος.
3132 4041 3273 4094 Ἀλλ’
3314 4041 3413 4113 οὐχ
3444 4045 3623 4113 ἡμεῖς·
3648 4046 3762 4100 ἀλλ’

2095 4131 2222 4184 ἔνθα
2262 4130 2360 4201 μὲν
2391 4127 2677 4200 πραότητα
2707 4126 3117 4182 ἐπιδείκνυσθαι
3144 4128 3271 4199 χρὴ,
3316 4130 3536 4182 πάντων
3556 4131 3762 4202 θηρίων

2095 4219 2261 4290 ἐσμὲν
2301 4216 2648 4287 ἀγριώτεροι·
2692 4214 2827 4268 ἔνθα
2857 4214 2913 4267 δέ
2943 4213 3311 4285 διεγερθῆναι,
3351 4217 3565 4271 πάντων
3596 4220 3762 4274 νωθέ-

2098 4324 2274 4380 στεροι
2305 4308 2400 4361 xal
2437 4302 2814 4374 ὑπνηλότεροι.
2868 4302 3021 4355 Ἐπεὶ
3051 4298 3144 4356 οὖν
3167 4304 3267 4357 οὐκ
3320 4306 3399 4368 είς
3426 4304 3544 4358 δέον
3572 4313 3766 4381 κεχρή-

2101 4395 2244 4468 μεθα
2273 4396 2387 4456 τοῖς
2414 4391 2433 4431 ί
2460 4392 2516 4444 ἐν
2545 4391 2697 4461 ἡμῖν,
2725 4388 2816 4442 διά
2848 4406 2931 4442 τοι
2982 4388 3139 4445 τοῦτο
3170 4391 3265 4444 xal
3311 4393 3391 4456 είς
3418 4394 3569 4448 οὐδὲν
3594 4396 3711 4450 δέον
3736 4401 3764 4450 6

2101 4484 2213 4555 βίος
2234 4483 2364 4553 ἡμῖν
2402 4477 2699 4534 ἀνάλωται.
2739 4475 2898 4530 Οὕτω
2946 4477 3043 4531 xal
3075 4477 3133 4533 ἐν
3172 4477 3442 4543 σκεύεσιν,
3476 4481 3569 4536 ἐὰν
3622 4484 3766 4556 ἄλλῳ

2096 4571 2273 4633 ἄλλως
2306 4564 2579 4639 χρήσηται
2606 4582 2713 4630 τις,
2745 4564 2816 4617 τὰ
2861 4564 3043 4620 πάντα
3069 4564 3384 4621 ἀπόλλυσιν·
3420 4565 3532 4621 οἷον
3568 4569 3633 4623 ἂν
3664 4574 3766 4641 μά-

2097 4674 2294 4732 χαιραν
2325 4653 2506 4710 λαϐών
2526 4671 2635 4719 τις,
2671 4652 2798 4706 ἔνθα
2829 4653 2964 4724 αὐτῇ
3019 4654 3256 4725 χρῆσθαι
3302 4655 3408 4722 δεῖ,
3439 4657 3515 4727 μὴ
3564 4657 3761 4727 χρῷτο,

2098 4746 2233 4803 ἀλλά
2283 4747 2349 4817 τῇ
2394 4742 2541 4815 χειρὶ
2590 4740 2750 4795 τοῦτο
2809 4743 2974 4805 ποιοῖ,
3029 4742 3180 4796 οὐδὲν
3235 4742 3396 4797 πλέον
3452 4745 3768 4815 ἐργάσεται·

2099 4837 2290 4905 ὥσπερ
2319 4832 2415 4887 xal
2467 4832 2497 4884 6
2552 4829 2682 4885 ἔνθα
2712 4833 2780 4901 τῇ
2811 4832 2957 4901 χειρὶ
2990 4829 3300 4901 χρήσασθαι
3350 4830 3476 4901 χρὴ,
3532 4832 3631 4901 τὴν
3666 4836 3768 4904 μά.

2100 4939 2299 4997 χαιραν
2355 4918 2773 4992 μεταχειρίζων,
2810 4917 2988 4971 πάντα
3020 4917 3085 4970 ἂν
3121 4915 3459 4972 ἀπολέσειεν.
3518 4917 3671 4975 Οὕτω
3704 4921 3769 4994 ὀὴ

2101 5012 2197 5067 xal
2234 5008 2438 5082 ίατρδς,
2471 5006 2600 5061 ἔνθα
2627 5005 2693 5060 ἂν
2719 5006 2940 5076 τέμνειν
2959 5004 3075 5078 δὲῃ,
3121 5005 3196 5075 μὴ
3228 5004 3464 5076 τέμνων,
3520 5008 3613 5061 καὶ
3640 5007 3772 5063 ἔνθα

2101 5101 2167 5159 ἀν
2230 5102 2305 5171 μὴ
2360 5095 2488 5168 χρὴ,
2523 5092 2760 5165 τέμνων,
2802 5092 2981 5148 πάντα
3014 5090 3342 5162 διαφθείρει.
3394 5093 3483 5146 Διὸ
3518 5111 3768 5165 παρακα-

2102 5189 2201 5256 λῶ,
2237 5187 2399 5258 ἡμεῖς
2430 5185 2511 5249 είς
2549 5182 2740 5252 καιρὸν
2795 5180 3057 5252 χρώμεθα
3089 5179 3167 5251 τῷ
3219 5182 3526 5250 πράγματι.
3585 5182 3779 5254 Θυμοῦ.

2104 5277 2212 5346 7&9
2259 5272 2447 5343 καιρὸς
2502 5268 2764 5339 οὐδαμοῦ,
2819 5269 2949 5322 ὅταν
2999 5268 3211 5331 ἑαυτοῖς
3257 5266 3560 5338 βοηθῶμεν·
3603 5270 3669 5323 ἂν
3716 5272 3772 5325 δὲ
3862 5328 3867 5335 ,

2106 5363 2327 5434 ἐτέρους
2381 5356 2677 5428 διορθῶσαι
2716 5355 2842 5425 χρὴ,
2893 5355 3014 5408 τότε
3072 5353 3307 5423 μάλιστα
3352 5352 3501 5423 αὑτῷ
3536 5356 3771 5427 χρῆσθαι

2104 5455 2202 5518 δεῖ,
2241 5453 2327 5506 ἵνα
2360 5450 2578 5518 ἐτέρους
2619 5446 3037 5518 ἐξαρπάσωμεν.
3085 5444 3243 5498 Ούτω
3293 5445 3386 5498 xal
3423 5444 3616 5499 ίσόθεοι
3654 5449 3773 5501 ἐσό-

2112 5541 2271 5613 μεθα,
2322 5537 2383 5591 τὸ
2433 5538 2701 5607 ἀόργητον
2732 5531 3012 5602 πανταχοῦ
3065 5531 3467 5602 διατηροῦντες,
3524 5534 3616 5587 xal
3666 5536 3773 5590 τῶν

2173 5724 2195 5754 τ
2230 5719 2326 5770 Alii
2378 5718 2562 5780 θρασύς.
2605 5716 2736 5780 ’Ὸρα
2784 5717 2883 5772 πῶς
2927 5714 3230 5780 ἀναλίσκεται
3271 5715 3533 5780 ἐπιείκειαῙᾷ
3568 5712 3775 5780 -ἀΑΙὶἰό

2110 5783 2236 5829 κύων
2257 5776 2428 5828 εἰδεταξι
2452 5782 2521 5827 ὅτι
2543 5778 2800 5838 ἀλλότριος.
2875 5790 2897 5818 ο
2934 5777 3217 5837 ’Λλλότριος,
3253 5778 3333 5823 καὶ
3353 5778 3477 5824 οὕτω
3493 5776 3775 5838 βλάπτουσι,

2110 5846 2181 5899 sic
2208 5844 2310 5894 alii.
2383 5840 2399 5881 ί
2426 5840 2526 5893 Alii
2551 5840 2874 5901 ὑπνηλότεροι,
2902 5838 3111 5899 οὐδαμοῦ
3134 5839 3195 5892 εἰς
3221 5840 3323 5885 δέον
3347 5839 3626 5899 κεχρημένοι
3658 5837 3773 5890 τοῖς.
