4084 6174
346 281 438 339 IN

343 398 645 470 μελλόντων
679 393 1073 467 ἐπιτευξόμεθα
1097 396 1340 465 ἀγαθῶν,
1372 398 1554 468 χάριτι
1576 397 1670 450 καὶ
1697 396 2003 469 φιλανθρω-

336 486 440 557 πίᾳ
465 484 558 539 τοῦ
585 484 791 555 Κυρίου
823 482 980 555 ἡμῶν
1007 483 1182 554 Ἰησοῦ
1214 484 1473 555 Χριστοῦ,
1510 483 1628 555 μεθ’
1646 480 1708 539 οῦ
1727 484 1804 555 τῷ
1828 485 2004 556 Πατρί.

1114 280 1174 337 S.
1211 279 1500 337 JOANMS
1535 278 2025 337 CIIRYSOSTOMI
2049 277 2370 339 ARCHIEP.
2394 281 2941 341 CONSTANTINOP.

3672 286 3776 344 ﬂ!

2110 397 2227 468 ἅμα
2252 396 2332 468 τῷ
2370 398 2512 470 ἀγίῳ
2563 399 2865 470 Πνεύματι,
2899 398 3047 465 δόξα,
3075 399 3297 472 κράτος,
3321 397 3477 469 τιμὴ,
3534 396 3633 455 νῦν
3682 400 3780 455 καὶ

2109 484 2219 551 ἀεὶ,
2252 486 2348 539 xal
2373 488 2453 550 εἰς
2480 488 2606 550 τοὺς
2638 487 2838 552 αἰῶνας
2874 487 2983 541 τῶν
3008 488 3239 542 αἰώνων.
3283 488 3477 558 Ἀμήν.

1801 674 1952 750 [us]
2002 676 2243 730 OMIAIA
2286 677 2390 732 IH'.

425 777 763 842 Ἀκούοντες
792 773 861 828 δὲ
883 774 1089 838 ταῦτα,
1128 773 1465 842 διεπρίοντο
1494 771 1621 835 ταῖς
1663 770 1934 838 καρδίαις

474 847 694 910 αὐτῶν,
718 841 817 899 καί
840 843 1096 913 ἔϐρυχον
1119 843 1258 909 τοὺς
1280 841 1531 908 ὀδόντας
1551 842 1642 895 ἐπ’
1658 843 1860 895 αὐτόν.

406 940 476 988 α’.
516 931 644 997 Πῶς
694 932 795 985 οὐκ
844 930 1037 984 ἔλαϐον
1068 931 1133 983 ἐκ
1165 929 1273 983 τῶν
1311 930 1615 999 εἰρημένων
1646 926 1898 997 ἀφορμὴν
1925 928 2005 989 εἰς

335 1022 397 1075 τὸ
418 1020 626 1075 ἀνελεῖν
654 1032 679 1060 ι
702 1018 885 1086 αὐτὸν,
926 1017 1042 1073 ἀλλ’
1072 1016 1151 1070 ἔτι
1179 1016 1460 1087 μαίνονται
1508 1016 1602 1069 καὶ
1636 1014 1888 1085 ζητοῦσιν
1921 1014 2004 1066 αἱ·

334 1110 478 1176 τίαν,
520 1108 801 1178 θαυμάσαι
850 1106 1018 1171 ἀξιον.
1070 1105 1257 1169 Οῦτως
1300 1105 1386 1158 ἀεὶ
1423 1107 1482 1157 ἐν
1536 1108 1725 1167 κακοῖς
1768 1105 1904 1156 εἰσιν
1954 1104 2002 1154 οἰ

334 1197 665 1258 ἀδικοῦντες.
693 1196 965 1266 Καθάπερ
998 1191 1092 1250 οῦν
1121 1196 1171 1248 οἰ
1203 1196 1482 1267 ἀρχιερεῖς
1529 1193 1859 1265 ἀποροῦντες
1888 1194 2003 1245 έλε-

336 1303 453 1356 γον*
491 1286 554 1340 Τί
587 1283 921 1352 ποιήσομεν
948 1283 1073 1350 τοῖς
1107 1282 1439 1352 ἀνθρώποις
1468 1282 1737 1346 τούτοις;
1767 1280 1908 1333 οῦτω
1939 1279 2002 1349 δὴ

335 1375 429 1428 καὶ
478 1366 625 1426 οὗτοι
671 1370 1031 1442 διαπρίονται.
1065 1370 1174 1425 Καὶ
1220 1370 1327 1440 μὴν
1351 1371 1380 1420 6
1408 1368 1727 1439 θυμωθῆναι
1772 1367 2001 1437 ὀφείλων

336 1463 543 1524 ἐκεῖνος
570 1456 660 1531 ἦν,
691 1461 719 1513 6
751 1458 916 1529 μηδὲν
967 1458 1067 1529 μὲν
1117 1457 1407 1527 ἀδικήσας,
1447 1456 1517 1509 τά
1565 1456 1621 1509 δὲ
1671 1456 1778 1508 τῶν
1813 1455 2002 1524 ἠδικη-

336 1550 510 1604 κότων
541 1546 730 1601 παθὼν
755 1546 849 1600 καὶ
878 1542 1399 1613 συκοφαντούμενος.
1439 1543 1577 1596 Ἀλλ’
1598 1544 1645 1597 οἰ
1669 1541 2000 1609 συκοφάνται

339 1638 539 1709 μᾶλλον
561 1634 876 1705 ἐλέγχονται
906 1632 1001 1687 καὶ
1030 1630 1223 1703 ταύτῃ·
1266 1630 1437 1694 οὕτως
1469 1631 1687 1702 ἀληθὲς,
1744 1631 1883 1700 ὅπερ
1914 1629 2003 1683 ἀεὶ

334 1727 538 1795 ελεγον,
585 1725 671 1777 ὅτι
710 1722 784 1775 Τὸ
832 1723 1005 1774 ποιεῖν
1038 1720 1246 1784 κακῶς,
1300 1719 1460 1773 τοῦτό
1490 1721 1604 1771 ἐστι
1657 1718 1719 1770 τὸ
1774 1718 2002 1787 πάσχειν

335 1812 544 1876 κακῶς.
576 1811 766 1864 Καίτοι
789 1809 951 1873 αὐτὸς
973 1807 1124 1862 οὐδὲν
1152 1807 1617 1877 ἐσυκοφάντησεν,
1648 1805 1764 1860 ἀλλ’
1791 1805 2002 1859 ἀπέδει-

339 1903 443 1966 ξεν.
479 1897 684 1962 Οὕτως,
734 1898 862 1951 ὅταν
892 1882 1243 1967 ὑϐριζώμεθα
1303 1897 1360 1948 ἐν
1393 1889 1474 1959 οἷς
1503 1895 1563 1947 οὺ
1596 1894 1914 1964 συνοίδαμεν
1948 1894 2000 1957 δ,

330 1989 485 2042 οὐδὲν
518 1986 817 2056 πάσχομεν.
868 1983 1179 2037 Ἐϐούλοντο
1221 1982 1320 2054 μὲν
1370 1978 1463 2035 οὖν
1492 1981 1721 2035 ἀνελεῖν⁸
1783 1980 1897 2034 ἀλλ’
1938 1980 1999 2034 οὐ

334 2075 546 2130 ποιοῦσι
568 2073 746 2138 τοῦτο,
808 2070 985 2125 αἰτίαν
1009 2070 1254 2134 θέλοντες
1300 2067 1519 2138 εύλογον
1574 2067 1880 2141 περιθεῖναι
1925 2065 2003 2139 τῷ

331 2162 657 2232 τολμήματι.
693 2159 758 2214 Τί
787 2154 915 2223 οῦν;
965 2158 1000 2229 ή
1048 2156 1204 2229 ῦϐρις
1235 2158 1335 2211 οὐκ
1375 2154 1444 2228 ἦν
1476 2156 1730 2225 εῦλογοςς
1768 2156 1886 2212 Οὐκ
1934 2152 2003 2228 ἦν

332 2248 496 2303 αὐτοῦ
530 2251 562 2319 ἡ
595 2247 773 2318 ὕϐρις,
805 2244 942 2299 ἀλλὰ
965 2243 1061 2298 τοῦ
1099 2247 1377 2316 προφήτου
1428 2245 1751 2316 κατηγορίαν
1790 2246 1824 2316 ἦ
1851 2243 2004 2299 ὲκόν-

334 2355 421 2402 τες
451 2338 544 2391 καὶ
568 2334 944 2400 ἀνεϐάλλοντο,
1004 2332 1147 2386 ὥστε
1177 2334 1253 2405 μὴ
1284 2333 1430 2398 δόξαι
1460 2332 1548 2387 διά
1574 2331 1645 2388 τά
1694 2333 1776 2397 είς
1806 2333 2003 2396 αὐτοὺς

329 2425 492 2480 αὐτὸν
521 2423 754 2484 ἀνελεῖν,
810 2421 1002 2492 ῶσπερ
1055 2415 1149 2474 οὖν
1181 2420 1277 2474 καί
1313 2420 1405 2474 τὸν
1460 2421 1716 2492 Χριστὸν,
1748 2419 1885 2474 άλλά
1932 2420 2001 2473 δι’

328 2513 605 2570 ἀσέϐειαν.
638 2509 809 2564 Τοῦτο
835 2508 893 2562 δὲ
923 2507 1206 2571 εὐσεϐείας
1227 2502 1296 2578 ἦν
1327 2506 1387 2560 τὸ
1625 2506 1716 2559 Διὸ
1745 2507 1883 2577 μετὰ
1907 2506 2001 2561 τοῦ

328 2601 539 2657 ἀνελεῖν
607 2595 1023 2668 ἐπιχειροῦντες
1074 2595 1168 2648 καὶ
1197 2593 1295 2665 τὴν
1350 2593 1509 2660 δόξαν
1561 2592 1727 2649 αὐτοῦ
1778 2593 1999 2664 βλάψαι,

328 2688 687 2757 διεπρίοντο.
731 2680 1057 2753 Ἐφοϐοῦντο
1104 2681 1233 2754 γὰρ,
1271 2681 1346 2753 μὴ
1377 2680 1537 2735 πάλιν
1565 2681 1753 2736 καινόν
1783 2698 1837 2735 τι
1873 2681 2002 2754 περὶ

330 2776 493 2830 αὐτὸν
515 2773 643 2828 ἄλλο
668 2772 916 2843 γένηται.
944 2766 1102 2834 Εἶτα,
1123 2769 1261 2841 ὅπερ
1282 2770 1376 2824 ἐπὶ
1390 2768 1486 2823 τοῦ
1510 2767 1743 2842 Χριστοῦ
1765 2768 1999 2835 ποιοῦσι,

327 2864 486 2918 τοῦτο
515 2861 611 2917 καὶ
639 2861 733 2914 ἐπὶ
759 2857 854 2913 τοῦ
888 2857 1186 2927 Στεφάνου·
1225 2857 1321 2911 καὶ
1354 2857 1604 2929 καθάπερ
1651 2858 1789 2920 ἐκεῖ,
1813 2857 2001 2928 ἐπειδὴ

329 2946 503 3015 εἶπεν,
526 2950 785 3018 Ὄψεσθε
814 2946 884 3000 ἐκ
909 2943 1124 3010 δεξιῶν
1150 2942 1258 3012 τῆς
1277 2943 1583 3014 δυνάμεως
1601 2945 1708 2998 τὸν
1735 2944 1871 2999 Υίὸν
1894 2943 2001 2999 τοῦ

329 3036 643 3107 ἀνθρώπου
672 3032 1037 3102 καθήμενον,
1074 3030 1424 3101 βλασφημίαν
1443 3031 1505 3085 τὸ
1557 3032 1793 3103 πρᾶγμα
1816 3030 2002 3099 ελεγον

329 3127 424 3178 καὶ
460 3122 742 3195 μάρτυρας
770 3118 899 3181 τοὺς
924 3116 1114 3188 ὄχλους
1144 3116 1381 3170 ἐποίουνο
1434 3117 1577 3171 οῦτω
1598 3118 1664 3189 δὴ
1693 3117 1788 3171 καὶ
1807 3115 2001 3172 ἐνταῦ-

330 3215 419 3266 θα.
464 3211 612 3263 Ἐκεῖ
638 3206 933 3279 διέρρηξαν
963 3205 1032 3260 τά
1064 3203 1278 3275 ἰμάτια’
1314 3196 1420 3258 ὧδε
1469 3204 1537 3259 τά
1561 3198 1678 3259 ὦτα
1718 3203 1999 3274 συνέσχον.

340 3297 656 3367 Ὑπιὶρχων
693 3293 763 3348 δὲ
817 3291 1057 3362 πλήρης
1086 3292 1433 3362 Πνεύματος
1479 3292 1684 3361 ἀγίου,
1721 3292 2007 3356 ἀτενίσας

337 3388 413 3452 εἰς
467 3386 576 3439 τὸν
634 3381 915 3452 οὐρανὸν,
974 3376 1096 3436 εἶδε
1151 3380 1341 3444 δόξαν
1396 3378 1567 3443 Θεοῦ,
1625 3378 1724 3431 καί
1773 3378 2008 3445 Ἰησοῦν

329 3470 562 3525 ἑστῶτα
589 3471 659 3524 ἐκ
687 3466 903 3534 δεξιῶν
931 3467 1037 3523 τοῦ
1070 3466 1241 3533 Θεοῦ,
1268 3467 1366 3521 καί
1398 3462 1586 3521 εἶπενο
1626 3464 1772 3519 ἰδοὺ
1814 3464 2007 3535 θεωρῶ

328 3556 469 3623 τοὺς
488 3556 782 3625 οὐρανοὺς
809 3555 1242 3625 ἀνεῳγμένους,
1283 3554 1383 3609 καί
1414 3553 1522 3608 τὸν
1576 3554 1709 3608 Υίὸν
1744 3554 1850 3609 τοῦ
1901 3555 2006 3609 ἀν-

336 3644 563 3712 θρώπου
611 3643 677 3696 ἐκ
726 3640 941 3706 δεξιῶν
984 3641 1216 3695 ἑστῶτα
1278 3641 1384 3695 τοῦ
1443 3641 1611 3695 Θεοῦ.
1663 3641 2005 3710 Κράξαντες

324 3731 396 3784 δὲ
441 3728 613 3800 φωνῇ
634 3728 892 3799 μεγάλῃ,
945 3728 1259 3798 συνέσχον
1314 3727 1388 3782 τὰ
1443 3724 1564 3784 ὦτα
1615 3728 1849 3793 αὐτῶν,
1904 3729 2003 3783 καί

324 3818 614 3887 ὥρμησαν
664 3814 1043 3886 ὁμοθυμαδὸν
1098 3815 1193 3868 ἐπ’
1242 3817 1450 3871 αὐτόν.
1488 3816 1598 3870 Kal
1644 3816 2005 3882 ἐκϐαλόντες

325 3907 443 3970 ἔξω
467 3902 579 3973 τῆς
604 3903 856 3969 πόλεως,
892 3904 1302 3959 ἐλιθοϐόλουν.
1334 3904 1445 3959 Καὶ
1470 3905 1576 3976 μὴν
1626 3905 1675 3958 εἰ
1723 3904 2000 3974 ἐψεύδετο,

326 3992 403 4056 ὡς
428 3990 757 4063 μαινόμενον
789 3988 896 4042 ἔδει
918 3990 1157 4059 ἀφεῖναι.
1202 3990 1260 4045 ’0
1289 3991 1346 4044 δὲ
1378 3990 1548 4055 οὕτως
1578 3987 1716 4053 εἰπε,
1740 3984 2001 4062 βουλόμε-

328 4097 417 4144 νος
454 4078 653 4142 αὐτοὺς
695 4075 1087 4147 ἐπαγαγέσθαι.
1143 4079 1252 4132 Καὶ
1280 4078 1472 4149 ἐπειδὴ
1518 4077 1689 4132 εἰπὼν
1720 4079 1849 4150 περί
1906 4079 1998 4133 τοῦ

327 4165 559 4219 θανάτου
603 4163 784 4235 μόνον,
827 4163 957 4234 περί
988 4163 1337 4229 ἀναστάσεως
1379 4164 1531 4218 οὐδὲν
1582 4164 1852 4235 διελέχθη,
1907 4165 2000 4218 καί

326 4251 483 4306 τοῦτο
510 4250 697 4304 λοιπὸν
725 4250 996 4322 εὐκαίρως
1043 4251 1366 4323 προστίθησι
1415 4251 1477 4305 τὸ
1508 4251 1704 4323 δόγμα.
1737 4251 1895 4306 Οὕτω
1943 4251 1998 4306 δὲ

326 4339 476 4410 αὐτῷ
503 4339 650 4408 λέγει
682 4338 938 4408 φανῆναι,
972 4337 1047 4402 ὥς
1111 4356 1215 4392 που
1262 4337 1535 4405 διέξεισιν,
1574 4340 1661 4393 ἵνα
1707 4339 1812 4393 κᾶν
1855 4338 1998 4394 οῦτω

326 4427 585 4491 δέξωνται
612 4426 702 4478 τὸν
725 4425 905 4494 λόγον,
936 4426 1019 4491 ὃς,
1059 4426 1181 4480 ἐπεὶ
1214 4427 1276 4480 τὸ
1304 4429 1478 4480 εἰπεῖν
1504 4425 1777 4498 καθῆσθαι
1807 4444 1996 4499 φορτι-

328 4515 421 4568 κὸν
460 4512 640 4576 αὐτοῖς
662 4508 751 4584 ἦν,
780 4513 917 4574 τέως
940 4512 1032 4565 τὸν
1083 4514 1208 4583 περί
1237 4514 1339 4583 τῆς
1370 4513 1717 4578 ἀναστάσεως
1748 4516 1890 4566 κινεῖ
1910 4513 1995 4566 λό-

325 4617 442 4670 γον,
472 4599 567 4653 καί
595 4616 758 4669 φησιν
797 4598 959 4651 αὑτὸν
1010 4598 1281 4652 ἵστασθαι.
1320 4599 1453 4653 Ἀπὸ
1498 4599 1691 4652 τούτου
1738 4599 1995 4670 στοχάζο⁴
2078 4620 2081 4621 ν

328 4707 425 4760 μαι
462 4687 556 4745 καὶ
587 4686 649 4738 τὸ
687 4685 976 4755 πρόσωπον
1009 4683 1175 4738 αὑτοῦ
1207 4684 1541 4751 δεδοξάσθαι.
1587 4687 1646 4740 '0
1675 4687 1784 4757 γάρ
1814 4698 1835 4725 ε
1867 4687 2000 4750 Θεὸς

326 4774 707 4845 φιλάνθρωπος
738 4769 835 4837 ῶν,
865 4770 929 4824 δι’
951 4765 1025 4824 ὧν
1056 4771 1473 4825 ἐπεϐουλεύοντο
1504 4772 1552 4844 [ι
1568 4772 1653 4845 Η]
1686 4775 1903 4836 ἐκεῖνοι,
1934 4773 2001 4827 δι’

326 4862 507 4917 αὐτῶν
557 4860 808 4914 ἐϐούλετο
856 4861 1055 4923 αὐτοὺς
1107 4859 1525 4923 ἐκκαλέσασθαι,
1576 4862 1624 4913 εἰ
1678 4860 1772 4914 καὶ
1836 4862 2001 4933 μηδὲν

326 4949 489 5003 πλέον
521 4947 760 5016 ἐγένετο,
797 4948 898 5001 Καὶ
922 4947 1283 5014 ἐκϐαλόντες
1317 4946 1433 5011 ἔξω
1461 4945 1573 5016 τῆς
1599 4949 1851 5016 πόλεως,
1876 4949 2001 5004 ἐλι-

326 5037 642 5092 θοϐόλουν.
696 5034 864 5089 Πάλιν
924 5034 1031 5099 ἔξω
1080 5036 1181 5105 τῆς
1218 5035 1428 5100 πόλεως
1458 5037 1487 5090 6
1521 5035 1769 5103 θάνατος,
1810 5036 1999 5112 ὥσπερ

326 5121 419 5173 ἐπὶ
456 5118 550 5173 τοῦ
583 5117 845 5190 Χριστοῦ,
898 5120 993 5172 καὶ
1039 5119 1098 5173 ἐν
1130 5118 1279 5191 αὐτῷ
1318 5119 1397 5192 τῷ
1425 5119 1639 5192 θανάτῳ
1673 5122 1706 5193 ἡ
1741 5123 1998 5194 ὁμολογία

327 5209 423 5261 κειί
485 5206 547 5260 τὸ
604 5206 867 5279 κήρυγμα
919 5206 1392 5279 διαγγελλόμενον.
1444 5209 1555 5266 Kal
1605 5212 1660 5264 οί
1703 5210 1997 5281 μάρτυρες

326 5294 616 5350 ἀπέθεντο
646 5294 719 5350 τὰ
748 5295 945 5364 ἱμάτια
965 5295 1166 5351 αὐτῶν
1190 5296 1351 5365 παρὰ
1375 5297 1516 5365 τοὺς
1536 5298 1727 5365 πόδας
1755 5301 1998 5355 νεανίου

326 5380 702 5451 καλουμένου
723 5384 983 5446 Σαύλου,
1011 5384 1107 5437 καί
1133 5383 1527 5439 ἐλιθοϐόλουν
1559 5384 1666 5439 τὸν
1690 5385 1999 5456 Στέφανον

389 5555 417 5583 ⁸³
454 5553 591 5626 Οιιιιε
620 5559 686 5626 εἰς
722 5557 778 5605 τὸ
819 5559 883 5620 μή
922 5558 1140 5626 ἀνελεῖνκ
1163 5558 1210 5626 μιν
1248 5559 1340 5626 Hic
1391 5569 1650 5626 perpetuas
1685 5572 1803 5612 sunt
1840 5561 1997 5611 varic-

329 5620 460 5686 Iales
503 5620 553 5686 i_u
591 5622 687 5668 sim
715 5631 923 5686 yocnpm,_
951 5622 999 5669 in
1021 5620 1203 5686 _verbis
1224 5623 1372 5686 etiam
1393 5620 1546 5686 'Ipsis.
1570 5625 1637 5673 Al
1672 5637 1848 5672 sensus
1872 5637 1999 5686 ungs

327 5684 424 5729 est.
447 5679 531 5747 s05!
557 5690 687 5745 5:ch
711 5679 1451 5747 il)!ricalior_ln_mqnp$criptis'.
1482 5746 1490 5747 ί
1520 5689 1542 5715 ε
1571 5686 1741 5746 Λόγον.
1774 5687 1864 5733 Διά
1886 5684 1998 5733 τοῦ-

325 5738 515 5808 τονκαὶ
553 5738 617 5808 τοι
660 5741 1105 5808 προσωπονγαύτοῦ
1150 5738 1424 5808 δεδόξαοῖτο.
1478 5746 1538 5795 ‘0
1586 5738 1691 5808 γάρ.
1740 5748 1811 5796 sic
1850 5760 1994 5795 unus.

326 5796 652 5910 ιὸὥῗτιέἶᾶὺν
690 5796 809 5849 Θεὸν
852 5796 1351 5859 inclusimusAmﬁnl
1397 5810 1529 5859 enim
1554 5796 1615 5858 αὑ
1650 5796 1751 5856 Uno
1794 5808 1900 5857 cod.
1944 5817 1996 5857 οι

2105 768 2583 840 ἐπικαλούμενον
2614 771 2728 844 [τὸν
2754 773 2886 825 Θεὸν
2919 771 2944 812 δ
2968 771 2988 845 ]
3010 814 3024 837 ,
3060 774 3153 827 καὶ
3172 773 3421 843 λέγοντω
3453 778 3631 847 Κύριε
3666 780 3782 852 ’1η-

2104 857 2222 911 σοῦ
2252 859 2486 928 Χριστὲ,
2526 860 2693 925 δέξαι
2730 861 2798 914 τὸ
2837 860 3071 931 πνεῦμά
3094 879 3234 932 μου.
3271 865 3619 931 Δεικνύοντος
3640 869 3780 939 ὁμοῦ

2105 944 2261 998 τοῦτο
2293 949 2383 1000 καὶ
2419 948 2764 1012 διδάσκοντος
2785 948 2986 1011 αὐτούς
3012 950 3179 1013 ἐστιν,
3209 952 3290 1004 ὅτι
3321 952 3419 1005 οὐκ
3448 954 3773 1010 ἀπόλλυται.

2104 1034 2213 1086 Kal
2247 1034 2374 1101 θεὶς
2416 1036 2489 1089 τὰ
2538 1036 2780 1104 γόνατα,
2809 1036 3029 1104 ἕκραξε
3076 1036 3249 1105 φωνῇ
3282 1039 3539 1107 μεγάλῃ·
3575 1043 3775 1110 Κύριε,

2102 1119 2459 1190 μὴστῆσῃς
2502 1121 2707 1188 αὐτοῖς
2763 1123 2878 1188 τὴν
2924 1123 3215 1192 ἁμαρτίαν
3271 1125 3518 1191 ταύτην.
3567 1127 3780 1201 ’Ὥσπερ

2103 1205 2558 1278 ἀπολογούμενος,
2607 1209 2691 1261 ὅτι
2719 1208 2840 1262 οὐδὲ
2863 1208 2933 1262 τὰ
2960 1210 3203 1280 πρότερα
3260 1211 3435 1281 θυμοῦ
3466 1207 3555 1283 ἦν,
3617 1214 3776 1285 φητί·

2108 1294 2303 1361 Κύριε’
2339 1294 2374 1365 ἢ
2397 1296 2492 1348 καὶ
2520 1294 2847 1366 βουλόμενος
2882 1297 3080 1359 αὐτοὺς
3108 1296 3284 1368 ταύτῃ
3338 1299 3774 1357 ἐπισπάσασθαι.

2106 1377 2178 1432 Τὸ
2202 1380 2311 1452 γὰρ
2341 1382 2559 1449 ἀφεῖναι
2583 1382 2683 1453 μὲν
2706 1382 2796 1436 τὸν
2823 1382 2996 1455 θυμὸν
3017 1384 3114 1436 καὶ
3149 1383 3249 1455 τὴν
3271 1385 3443 1457 ὀργὴν
3474 1386 3554 1458 τῷ
3606 1388 3774 1461 φόνῳ,

2103 1466 2353 1538 καθαρὰν
2399 1467 2563 1534 δεῖξαι
2595 1470 2651 1524 δὲ
2682 1469 2781 1541 τὴν
2805 1470 2983 1542 ψυχὴν
3014 1482 3039 1511 ο
3072 1470 3167 1524 τοῦ
3202 1471 3432 1539 πάθους,
3468 1475 3777 1547 εὐπαράδε-

2104 1572 2231 1608 κτον
2266 1556 2441 1609 ἐποίει
2471 1557 2562 1609 τὸν
2582 1557 2759 1627 λόγον.
2802 1557 3036 1625 Σαῦλος
3062 1557 3132 1611 δὲ
3156 1555 3224 1630 ἦν
3288 1560 3678 1616 συνευδοκῶν
3701 1562 3780 1633 τῇ

2102 1644 2407 1713 ἀναιρέσει
2458 1645 2664 1700 αὐτοῦ.
2712 1647 2969 1715 Ἐγίνετο
3016 1645 3086 1700 δὲ
3113 1647 3184 1701 ἐν
3234 1647 3440 1717 ἐκείνῃ
3462 1647 3539 1717 τῇ
3588 1649 3780 1719 ἡμέρᾳ
3842 1678 3847 1681 -

2102 1730 2358 1801 διωγμὸς
2383 1733 2573 1803 μέγας
2610 1733 2709 1787 ἐπί
2738 1734 2854 1802 τὴν
2886 1735 3261 1802 Ἐκκλησίαν
3281 1735 3397 1803 τὴν
3422 1737 3494 1791 ἐν
3523 1737 3779 1805 Ἰεροσο-

2102 1820 2339 1889 λύμοις.
2376 1820 2488 1891 Οὐχ
2507 1821 2695 1886 άπλῶς
2721 1816 2879 1886 οὗτος
2905 1824 2933 1875 6
2960 1823 3221 1894 διωγμὸς,
3258 1823 3376 1879 ἀλλ’
3412 1824 3776 1896 οἰκονομικῶς

2103 1908 2255 1962 δοκεῖ
2304 1926 2393 1981 μοι
2427 1911 2720 1982 συμϐῆναι.
2751 1913 2861 1967 Kal
2892 1913 3117 1980 πάντες
3156 1913 3580 1984 διεσπάρησαν
3625 1918 3779 1972 κατὰ

2102 1992 2220 2064 τὴν
2240 1995 2441 2065 χώραν
2463 1997 2575 2067 τῆς
2620 1997 2920 2066 Ἰουδαίας
2943 1999 3041 2055 καὶ
3074 2002 3427 2071 Σαμαρείας,
3463 2001 3630 2071 πλὴν
3655 2002 3779 2057 τῶν

2101 2084 2482 2139 ἀποστόλων.
2520 2086 2705 2158 Ὀρᾷς,
2734 2086 2853 2151 πῶς
2883 2087 3047 2142 πάλιν
3076 2088 3416 2159 πειρασμοὺς
3447 2092 3724 2161 συγχωρεῖ⁹
3744 2091 3775 2143 6

2101 2168 2233 2235 Θεὸς
2260 2171 2541 2241 γίνεσθαι;
2587 2174 2727 2228 ’Δλλ’
2756 2174 2831 2229 ίδε
2856 2192 2947 2247 μοι
2978 2175 3248 2239 ἐντεῦθεν,
3275 2177 3369 2230 καί
3394 2177 3544 2241 ὅπως
3567 2178 3774 2232 οἰκονο-

2104 2258 2286 2326 μεῖται
2318 2258 2386 2312 τά
2419 2260 2743 2330 πράγματα.
2790 2260 3248 2332 Ἐθαυμάσθησαν
3292 2261 3384 2315 διά
3431 2263 3501 2316 τά
3550 2265 3772 2334 σημεῖα,

2104 2345 2494 2415 μαστιχθέντες
2516 2347 2670 2400 οὐδὲν
2699 2347 2923 2415 ἔπαθον,
2947 2348 3291 2420 κατέστησαν
3311 2348 3529 2404 ἐπὶτῶν
3557 2351 3774 2418 χωρῶν,

2100 2430 2295 2502 ηὔξετο
2316 2433 2346 2486 6
2376 2433 2554 2504 λόγος’
2584 2434 2770 2489 λοιπὸν
2798 2440 3073 2507 συγχωρεῖ
3099 2436 3117 2477 τ
3146 2436 3375 2502 κώλυμα
3404 2440 3657 2508 γενέσθαι
3677 2441 3777 2508 μέ-

2101 2535 2192 2586 γα.
2220 2520 2332 2573 Καὶ
2361 2520 2572 2589 γίνεται
2604 2521 2842 2593 διωγμὸς
2886 2524 2984 2595 οὐχ
3022 2526 3052 2577 6
3092 2523 3292 2595 τυχὼν,
3324 2524 3465 2578 ὥστε
3514 2525 3651 2597 ὁμοῦ
3681 2528 3779 2580 καὶ

2100 2606 2326 2670 τούτους
2384 2610 2579 2677 φυγεῖν
2618 2608 2935 2680 (ἐφοϐοῦντο
2985 2609 3098 2682 γάρ
3154 2610 3527 2682 θρασυτέρους
3576 2612 3777 2676 αὐτοὺς

2101 2695 2472 2767 γενομένους),
2522 2698 2620 2750 καὶ
2650 2699 2787 2751 πᾶσι
2843 2696 3002 2768 δῆλον
3039 2697 3301 2770 ὑπάρξαι,
3357 2700 3441 2754 ὅτι
3496 2700 3776 2773 ἄνθρωποι

2099 2777 2240 2853 ἦσαν
2276 2785 2324 2836 οἰ
2345 2782 2672 2854 φοϐούμενοι
2704 2784 2801 2838 καὶ
2833 2786 3151 2854 φεύγοντες.
3184 2786 3304 2841 Ἵνα
3327 2786 3437 2859 γάρ
3469 2787 3544 2859 μὴ
3572 2788 3639 2842 σὺ
3679 2805 3780 2859 με·

2099 2870 2170 2924 τά
2228 2870 2405 2925 ταῦτα
2455 2870 2644 2944 λέγῃς,
2692 2872 2776 2925 ὅτι
2826 2872 3011 2945 χάριτι
3055 2872 3217 2944 μόνον
3265 2873 3608 2947 κατώρθουν,
3670 2876 3778 2930 κᾶν

2100 2953 2406 3008 ἐδιώκοντο·
2467 2956 2562 3009 καὶ
2591 2955 2746 3009 αὐτοὶ
2780 2955 3073 3031 δειλότεροι
3123 2959 3401 3028 γεγόνασι,
3432 2959 3523 3015 καὶ
3576 2961 3779 3014 ἐκεῖνοι

2103 3041 2447 3116 θρασύτεροι.
2468 3044 2577 3100 Καὶ
2593 3043 2816 3113 πάντες
2835 3044 3274 3116 διεσπάρησαν,
3301 3046 3472 3117 πλὴν
3492 3046 3614 3101 τῶν
3628 3048 3781 3103 ἀπο-

2102 3132 2364 3197 στόλων,
2402 3131 2559 3203 φησί.
2589 3132 2703 3186 Οὐκ
2728 3132 2836 3204 ἀρα
2864 3131 3044 3204 μάτην
3094 3132 3302 3203 ἔλεγον,
3333 3132 3417 3188 δτι
3457 3134 3771 3204 οἰκονομίας

2102 3217 2133 3270 6
2179 3218 2423 3289 διωγμὸς
2444 3215 2535 3291 ἦν’
2590 3221 2638 3274 εἰ
2670 3219 2747 3291 μὴ
2775 3222 2886 3293 γάρ
2916 3221 3164 3289 γέγονεν,
3218 3221 3322 3274 οὐκ
3355 3221 3423 3275 ἀν
3451 3222 3501 3275 οἰ
3539 3222 3784 3292 μαθηταὶ

2107 3304 2502 3378 διεσπάρησαν.
2543 3309 2962 3377 Συνεκόμισαν
2984 3306 3054 3361 δὲ
3090 3306 3197 3361 τὸν
3226 3306 3534 3377 Στέφανον
3558 3308 3780 3376 ἄνδρες

2106 3393 2403 3461 εὐλαϐεῖς,
2432 3395 2533 3448 καὶ
2563 3395 2936 3463 ἐποιήσαντο
2965 3395 3225 3450 κοπετὸν
3252 3397 3443 3466 μέγαν
3471 3396 3567 3450 ἐπ’
3594 3396 3778 3463 αὐτῷ.

2111 3482 2182 3535 Ἦ
2208 3480 2363 3536 οὔπω
2388 3476 2531 3552 ἦσαν
2557 3482 2772 3549 τέλειοι,
2813 3482 2847 3554 ἢ
2876 3484 2956 3537 ὅτι
2978 3482 3235 3553 ἐπίχαρις
3255 3478 3324 3553 ἦν
3349 3484 3442 3536 καί
3473 3484 3778 3555 αἰδέσιμος·

2104 3572 2185 3625 διὸ
2212 3572 2307 3625 καὶ
2357 3571 2649 3626 κόπτονται
2697 3572 2881 3627 αὐτόν.
2923 3572 3076 3642 Ἅμα
3108 3571 3166 3625 δέ
3213 3570 3374 3625 τοῦτο
3410 3572 3652 3626 δείκνυσι
3683 3572 3780 3626 καὶ

2104 3658 2427 3730 ἀνθρώπους
2456 3660 2653 3723 αὐτοὺς
2691 3659 2873 3726 ὄντας,
2901 3659 3022 3730 οῦχί
3057 3661 3086 3713 6
3110 3657 3274 3727 φόϐος
3306 3659 3488 3730 μόνον,
3515 3659 3655 3713 ἀλλά
3681 3661 3779 3716 καὶ

2105 3749 2138 3819 ἡ
2162 3746 2305 3818 λύπη
2333 3750 2429 3802 καὶ
2455 3748 2485 3800 6
2517 3746 2767 3811 κοπετός.

2178 3834 2243 3905 β’.
2267 3836 2365 3900 Τίς
2398 3835 2508 3908 γὰρ
2528 3836 2630 3891 οὐκ
2661 3836 2729 3891 ἂν
2753 3835 3017 3890 ἔκλαυσεν
3047 3836 3192 3908 ὁρῶν
3211 3837 3300 3890 τὸν
3318 3836 3528 3907 ἥμερον
3548 3836 3774 3911 ἐκεῖνον.

2102 3922 2163 3976 τὸ
2185 3923 2370 3995 ἀρνίον
2393 3926 2440 3991 ε,
2456 3922 2798 3977 λιθόλευστον
2817 3924 3109 3993 γενόμενον
3142 3925 3237 3979 καὶ
3265 3924 3519 3993 κείμενον
3542 3924 3739 3994 νεκρόν
3758 3941 3774 3991 ;

2113 4009 2317 4064 Ἱκανὸν
2371 4009 2538 4065 αὑτοῦ
2599 4010 2887 4080 ἐπιτάφιον
2961 4010 3241 4080 διεξῆλθεν
3288 4013 3316 4065 6
3359 4010 3774 4080 εὐαγγελιστὴς,

2100 4095 2211 4150 Kal
2239 4096 2364 4163 θείς
2382 4097 2455 4152 τὰ
2478 4098 2721 4167 γόνατα,
2747 4098 2937 4163 εἰπὼν,
2962 4098 3061 4152 καί
3084 4097 3310 4167 κράξας
3333 4096 3504 4167 φωνῇ
3514 4097 3775 4167 μεγάλῃ.

2100 4183 2208 4237 Kal
2233 4184 2532 4251 ἐποίησαν
2559 4186 2816 4239 κοπετὸν
2836 4185 3030 4256 μέγαν
3055 4184 3149 4238 ἐπ’
3186 4183 3365 4250 αὐτῷ.
3407 4184 3547 4237 Ἀλλ’
3578 4184 3777 4255 ἰδωμεν

2099 4271 2308 4327 ἀνωθεν
2337 4272 2407 4327 τά
2429 4274 2718 4345 εἰρημένα.
2774 4273 3091 4343 ’Υπάρχων
3138 4273 3381 4341 πλήρης
3426 4274 3778 4343 Πνωματος

2098 4360 2293 4432 ἁγίου,
2325 4361 2610 4429 ἀτενίσας
2633 4364 2721 4429 εἰς
2752 4363 2857 4416 τὸν
2884 4362 3166 4429 οήρανὸν,
3201 4357 3323 4415 εἶδε
3364 4361 3555 4425 δόξαν
3602 4361 3775 4423 Θεοῦ,

2099 4447 2201 4501 καί
2240 4448 2487 4517 Ἰησοῦν
2514 4448 2747 4504 ἑστῶτα
2771 4450 2839 4504 ἐκ
2862 4448 3080 4514 δεξιῶν
3106 4449 3212 4504 τοῦ
3261 4447 3429 4510 Θεοῦ,
3458 4448 3556 4501 καί
3582 4443 3771 4500 εἶπεν·

2114 4536 2261 4591 Ἰδοὺ
2292 4536 2485 4608 θεωρῶ
2507 4538 2649 4605 τοὺς
2684 4538 2979 4608 οὐρανοὺς
3003 4537 3435 4607 ἀνεῳγμένους.
3486 4536 3592 4589 Kal
3626 4549 3777 4589 συν-

2104 4622 2297 4694 έσχον
2324 4625 2397 4678 τὰ
2425 4621 2546 4681 ὦτα
2566 4625 2787 4692 αὐτῶν,
2823 4626 2924 4681 καί
2950 4625 3243 4695 ὥρμησαν
3268 4622 3647 4693 ὁμοθυμαδὸν
3678 4623 3774 4677 ἐστ’

2103 4712 2308 4767 αὐτόν.
2340 4714 2533 4768 Καίτοι
2558 4712 2711 4786 [145]
2737 4713 2841 4768 ποῦ
2865 4713 3038 4768 ταῦτα
3068 4712 3402 4784 κατηγορίας
3429 4711 3591 4776 ἀξια;
3633 4710 3773 4763 Ἀλλ’

2099 4798 2249 4869 ὅμως
2272 4800 2361 4853 τὸν
2400 4804 2603 4871 σημεῖα
2659 4801 2887 4855 τοιαῦτα
2939 4800 3018 4871 τῷ
3045 4801 3190 4872 λόγῳ
3224 4799 3624 4870 ἐργασάμενον,
3682 4796 3776 4851 τὸν

2101 4887 2320 4942 πάντων
2352 4888 2657 4959 κρατοῦντα
2690 4888 2768 4960 τῷ
2799 4889 2966 4959 λόγῳ,
2994 4889 3085 4943 τὸν
3121 4886 3351 4941 τοιαῦτα
3368 4886 3774 4955 διαλεγόμενον,

2100 4974 2357 5038 λαϐόντες
2405 4974 2596 5046 ὥσπερ
2628 4975 2933 5041 ἐϐούλοντο,
2962 4975 3107 5029 οὕτω
3153 4974 3245 5029 τὸν
3276 4972 3449 5044 θυμὸν
3478 4973 3504 5013 ιι
3528 4973 3621 5026 τὸν
3647 4972 3780 5027 ἐαυ-

2099 5062 2209 5115 τῶν
2237 5061 2531 5134 ἐπλήρουν.
2582 5063 2648 5114 Ol
2676 5061 2745 5115 δὲ
2788 5061 3089 5132 μάρτυρες
3115 5060 3411 5116 ἀπέθεντο
3457 5058 3531 5113 τὰ
3580 5056 3783 5128 ίμάτια

2099 5148 2300 5205 αὐτῶν
2321 5147 2481 5218 παρὰ
2508 5147 2652 5215 τοὺς
2678 5148 2869 5215 πόδας
2897 5149 3145 5203 νεανίου
3189 5146 3572 5216 καλουμένου
3625 5146 3782 5199 Σαύ-

2097 5240 2235 5292 λου.
2262 5238 2425 5307 Ὄρα,
2457 5236 2578 5301 πῶς
2599 5236 2842 5300 ἀκριϐῶς
2869 5236 2938 5291 τά
2961 5235 3090 5307 περί
3110 5234 3205 5289 τοῦ
3237 5233 3454 5288 Παύλου
3484 5232 3782 5303 διηγεῖται,

2103 5326 2187 5379 ἵνα
2237 5342 2319 5378 σοι
2366 5324 2516 5396 δείξῃ
2543 5324 2607 5378 τὸ
2634 5324 2722 5378 ἐπ’
2751 5323 2903 5394 αύτῷ
2954 5324 3119 5395 ἔργον
3149 5322 3285 5377 Θεοῦ
3316 5321 3610 5391 γενόμενον
3640 5319 3786 5389 μετά

2098 5412 2292 5467 ταῦτα.
2333 5411 2482 5475 Τέως
2509 5412 2569 5464 δέ
2589 5414 2651 5466 οὐ
2686 5412 2847 5482 μόνον
2872 5413 3078 5475 ἐκεῖνος
3122 5410 3184 5464 οὐ
3207 5408 3478 5472 πιστεύει,
3510 5406 3649 5461 ἀλλά
3688 5410 3787 5460 xa‘l

2103 5499 2326 5571 μυρίαις
2349 5499 2513 5553 αὐτὸν
2551 5500 2708 5570 χερσὶ
2748 5499 2932 5568 βάλλει
2975 5497 3085 5551 τῶν
3118 5498 3347 5567 φονίων·
3371 5496 3455 5549 διὸ
3481 5494 3578 5548 καὶ
3621 5492 3788 5548 τοῦτο

2098 5588 2272 5659 δηλῶν
2298 5588 2466 5653 λέγει*
2500 5586 2733 5652 Σαῦλος
2758 5586 2826 5639 δὲ
2848 5584 2926 5655 ἦν
2953 5583 3347 5639 συνευδοκῶν
3376 5583 3449 5651 τῇ
3475 5580 3786 5649 ἀναιρέσει

2166 5757 2187 5783 ο
2213 5744 2351 5793 Unus
2396 5744 2542 5806 φόνῳ,
2586 5745 2869 5806 καθαρθῆναι
2893 5744 2944 5806 δὲ
2976 5744 3061 5800 τήν
3084 5744 3255 5806 ψυχήν.
3332 5740 3350 5777 ΐ
3402 5740 3599 5806 Ιάθῃιβ
3643 5736 3788 5806 λργος

2098 5808 2237 5856 πάλιν
2259 5794 2541 5867 ωγχώρεῖῖ’
2581 5806 2617 5867 87
2648 5794 2792 5867 Ullus;
2824 5803 3003 5852 ἐκεῖνον
3025 5794 3127 5852 ’τὸν
3153 5794 3360 5865 ἀρνειον.
3380 5865 3395 5867 Α,
3431 5802 3456 5838 ιι
3501 5800 3636 5867 Men}
3678 5794 3787 5867 66::-

2097 5859 2381 5931 λεγόμενον,
2400 5859 2562 5930 ὥσπερ
2588 5866 2846 5927 εἰληφότες,
2888 5867 3003 5929 ὅπερ
3046 5859 3319 5925 ἐϐούλοντο,
3343 5865 3471 5914 οὕτω
3509 5862 3589 5909 τὸν
3610 5859 3779 5921 θυμιᾶν.
