4084 6174
402 276 495 332 ιιι
1361 262 1425 320 ῑΝ
1464 261 1639 320 ACTA
1683 259 1987 318 APOSTOL

2094 259 2211 317 un.
2254 256 2485 322 nonut.
2529 253 2722 342 xvnt.

383 390 573 444 futura
604 396 1000 453 consequemur
1025 382 1196 449 bona,
1237 380 1406 453 gratia
1431 389 1486 436 et
1519 379 1851 450 benignitate
1879 380 1982 433 Do-

394 478 527 533 mini
566 473 737 532 nostri
782 474 910 530 Jcsu
935 469 1134 529 Christi
1160 513 1174 536 ,
1217 472 1428 540 quicum
1469 469 1609 525 Patri
1655 480 1710 526 et
1757 469 1974 541 Spiritui

3575 258 3683 317 HQ

2095 354 2286 436 sancito
2310 379 2500 450 gloria,
2541 380 2846 451 imperium,
2876 379 3050 436 honor
3073 422 3089 449 ,
3118 395 3256 445 nunc
3281 388 3336 436 et
3362 394 3604 455 semper,
3630 394 3684 449 et

2096 471 2147 527 in
2174 472 2368 527 saecula
2397 470 2733 527 saeculorum.
2775 470 2967 525 Amen.

1756 681 2088 743 HOMILIA
2145 682 2374 744 XVIII.

400 832 532 890 Car.
569 832 623 890 7.
667 847 715 884 v.
763 831 851 886 54.
896 829 1167 883 Audientes
1205 836 1372 881 autem
1417 829 1522 881 [nec
1547 868 1560 892 ,
1604 825 1986 881 dissecabantur

478 925 717 981 cordibus
742 923 867 986 suis,
901 931 950 977 et
978 922 1256 976 stridebant
1284 919 1516 974 dentibus
1544 920 1597 972 in
1627 935 1758 972 eum.

477 1022 529 1074 Ι.
574 1018 764 1073 Mirum
809 1030 941 1070 sane
966 1055 980 1077 ,
1026 1012 1297 1084 quomodo
1336 1013 1674 1067 occasionem
1714 1010 1990 1066 occidendi

400 1127 466 1166 ex
497 1109 658 1165 dictis
699 1122 804 1162 non
849 1115 1209 1176 acceperunt,
1254 1103 1348 1159 sed
1378 1104 1550 1158 adhuc
1595 1103 1908 1166 insaniunt,
1937 1111 1992 1157 et

401 1218 617 1259 causam
655 1208 924 1271 quaerunt.
969 1199 1043 1253 Ita
1075 1212 1289 1266 semper
1329 1196 1380 1249 in
1424 1195 1576 1249 malis
1605 1204 1730 1249 sunt
1773 1195 1861 1263 qui
1906 1194 1989 1249 in-

402 1295 550 1364 juste
593 1299 779 1361 agunt.
812 1288 994 1358 Itaque
1041 1295 1100 1340 ut
1152 1285 1420 1356 principes
1462 1284 1801 1338 sacerdotum
1846 1282 1991 1337 anxii

402 1385 690 1440 dit-ebant:
718 1381 855 1449 Quid
887 1380 1131 1451 faciemus
1166 1377 1449 1431 hominibus
1473 1375 1586 1429 istis
1611 1375 1751 1445 (Act.
1775 1375 1829 1429 4.
1854 1375 1944 1442 16)
1967 1374 1992 1429 ?

406 1478 483 1532 Ita
516 1487 569 1531 ct
596 1476 649 1531 hi
676 1475 1031 1530 dissecantur.
1062 1471 1219 1541 Atqui
1251 1470 1342 1524 ille
1363 1476 1479 1524 erat
1506 1510 1520 1534 ,
1551 1468 1642 1538 qui
1669 1480 1991 1522 succensere

405 1566 671 1629 debebat,
721 1564 811 1634 qui
839 1562 974 1618 nihil
1016 1563 1228 1616 laeserat
1250 1603 1265 1627 ,
1294 1571 1348 1615 et
1373 1574 1436 1614 ac
1465 1560 1508 1614 si
1550 1558 1775 1613 laesisset
1805 1572 1992 1627 passus

406 1669 458 1713 et.
485 1654 764 1710 calumniis
801 1652 1077 1722 impetitus
1114 1651 1234 1706 fuit.
1263 1649 1369 1706 Sed
1415 1650 1539 1705 hinc
1580 1648 1992 1703 calumniatores

406 1747 576 1815 magis
602 1748 959 1801 evincuntur:
991 1745 1070 1799 sic
1095 1759 1278 1799 verum
1319 1753 1403 1798 est
1439 1741 1579 1813 quod
1608 1755 1821 1811 semper
1843 1740 1991 1796 dice-

406 1838 526 1892 bam
552 1854 569 1892 :
603 1838 737 1892 Male
766 1836 939 1891 facere
965 1876 981 1901 ,
1014 1843 1097 1891 est
1126 1835 1266 1889 male
1295 1834 1420 1903 pati.
1451 1834 1608 1888 Certe
1633 1832 1721 1888 ille
1747 1832 1875 1887 nihil
1899 1846 1990 1887 ca~

406 1930 696 1984 lumniatus
725 1938 839 1994 est,
872 1928 966 1982 sed
1006 1942 1132 1982 vera
1158 1926 1468 1981 declaravit.
1497 1926 1587 1980 Sic
1610 1968 1625 1992 ,
1653 1941 1772 1980 cum
1800 1934 1993 1981 contu-

407 2020 565 2076 melia
587 2020 876 2085 alﬁcimur,
902 2018 1028 2073 dum
1057 2019 1187 2073 nihil
1216 2018 1369 2073 nobis
1393 2018 1593 2072 conscii
1619 2033 1824 2084 sumus,
1857 2017 1990 2072 nihil

407 2125 530 2165 vere
557 2110 806 2180 patimur.
836 2109 1102 2163 Volcbant
1127 2124 1254 2179 ergo
1281 2108 1427 2162 illum
1453 2107 1698 2163 occidere
1722 2124 1736 2173 ;
1760 2106 1854 2163 sed
1886 2122 1990 2162 non

408 2204 585 2257 statim
624 2202 675 2257 id
718 2202 953 2269 faciunt,
984 2217 1198 2257 causam
1226 2202 1404 2272 specie
1430 2201 1626 2270 justam
1656 2200 1873 2256 facinori
1902 2215 1993 2255 vo-

407 2296 579 2350 lentes
606 2294 921 2351 obtendere.
948 2294 1085 2363 Quid
1116 2294 1275 2365 igitur
1297 2294 1322 2348 ?
1343 2308 1521 2349 annon
1551 2293 1874 2349 contumelia
1903 2293 1991 2348 illa

408 2386 734 2441 rationabilis
763 2401 921 2441 causa
959 2395 1074 2441 erat
1101 2385 1127 2439 ?
1156 2385 1270 2441 Non
1304 2396 1419 2442 erat
1450 2386 1592 2442 illius
1622 2386 1944 2442 contumelia
1970 2426 1987 2452 ,

405 2477 500 2531 sed
535 2476 811 2546 prophetae
841 2477 1149 2532 accusatio:
1183 2477 1266 2532 vel
1310 2486 1500 2547 sponte
1528 2476 1853 2534 diderebant
1875 2519 1890 2545 ,
1923 2493 1992 2535 ne

405 2568 711 2623 viderentur
739 2567 888 2622 illum
913 2567 983 2622 ob
1003 2567 1367 2623 accusationes
1394 2567 1491 2621 sibi
1522 2567 1697 2622 illatas
1717 2566 1982 2633 occidere,

403 2659 541 2714 sicut
567 2658 726 2713 etiam
761 2658 812 2712 in
839 2657 1055 2713 Christo
1078 2698 1093 2723 ,
1126 2658 1219 2712 sed
1254 2666 1472 2728 propter
1497 2658 1852 2728 impietatem.
1877 2648 1990 2713 Hoc

405 2760 582 2805 autem
625 2750 768 2821 quod
810 2750 1160 2820 loquebatur,
1191 2750 1402 2820 pietatis
1432 2759 1547 2803 erat
1588 2748 1831 2804 verbum.
1866 2747 1991 2804 Ideo

404 2854 685 2912 postquam
716 2841 1046 2907 occiderant,
1078 2842 1274 2895 tamam
1306 2840 1424 2910 ejus
1459 2839 1655 2894 laedere
1692 2846 1949 2895 conantes
1972 2879 1987 2905 ,

404 2931 798 2986 Dissccabunlstr
827 2946 845 2984 :
874 2930 1135 2985 timebant
1170 2929 1312 2983 enim
1357 2945 1425 2984 ne
1475 2944 1672 2982 novum
1718 2926 1989 2998 quidpiam

400 3026 545 3079 circa
574 3023 725 3078 illum
752 3021 1041 3076 accideret.
1070 3019 1290 3085 Deinde,
1322 3019 1465 3090 quod
1490 3018 1705 3074 Christo
1732 3019 1987 3082 fecerant,

400 3113 683 3183 Stephano
714 3111 950 3175 faciunt;
985 3119 1039 3166 et
1065 3110 1207 3164 sicut
1244 3109 1355 3166 illic
1375 3151 1391 3177 ,
1420 3111 1542 3180 quia
1572 3109 1800 3175 dixerat,
1836 3110 1987 3183 Vide-

400 3204 523 3257 bitis
585 3200 776 3255 Filium
826 3201 1044 3257 hominis
1076 3217 1108 3254 a
1135 3199 1323 3255 dextris
1359 3202 1557 3256 virtutis
1594 3202 1884 3266 sedentem,
1935 3200 1985 3256 id

400 3290 795 3361 blasphemiam
828 3304 949 3345 esse
987 3288 1275 3355 dicebant,
1319 3300 1374 3344 et
1401 3299 1562 3344 testes
1590 3291 1771 3344 turbas
1800 3306 1988 3346 evoca-

402 3384 535 3436 bant
567 3399 584 3436 :
614 3383 692 3436 sic
715 3389 771 3437 et
801 3395 942 3436 nunc
961 3380 1179 3437 faciunt.
1214 3381 1323 3437 Illic
1350 3383 1667 3437 vestimenta
1692 3383 1986 3450 sciderunt,

403 3470 493 3527 hic
523 3486 682 3527 aures
721 3472 1123 3527 continuerunt.
1172 3473 1265 3528 55.
1306 3472 1431 3526 Cum
1461 3482 1627 3527 autem
1656 3474 1833 3545 plenus
1862 3485 1986 3529 esset

406 3562 604 3632 Spiritu
627 3571 820 3631 sancto,
854 3563 1122 3618 intendens
1148 3564 1200 3616 in
1227 3564 1407 3618 coelum
1426 3605 1442 3631 ,
1471 3565 1598 3618 vidit
1619 3566 1837 3635 gloriam
1859 3565 1984 3634 Dei,

408 3665 454 3710 et
479 3654 656 3710 Iesum
680 3665 894 3711 stantem
930 3672 963 3708 a
988 3656 1181 3710 dextris
1208 3656 1324 3725 Dei,
1350 3667 1398 3711 et
1421 3658 1493 3711 ait
1522 3674 1541 3711 :
1564 3658 1700 3714 Ecce
1725 3661 1869 3713 video
1888 3676 1987 3715 ca:-

408 3746 486 3798 los
513 3755 715 3814 apertos
739 3785 753 3809 ,
788 3753 835 3799 et
875 3745 1065 3799 Filium
1091 3747 1308 3801 hominis
1346 3756 1559 3803 stantem
1597 3766 1629 3803 a
1657 3751 1847 3805 dextris
1871 3750 1982 3806 Dei.

407 3833 494 3889 56.
527 3834 883 3890 [Ca-clamantes
904 3844 1070 3891 autem
1092 3852 1207 3890 voce
1226 3853 1430 3908 magna,
1458 3839 1814 3895 continuerunt
1840 3857 1987 3896 aures

409 3936 530 3977 suas
550 3965 565 3988 ,
607 3931 653 3979 et
685 3926 927 3994 impetum
962 3929 1189 3995 fecerunt
1218 3927 1524 3982 unanimiter
1563 3931 1616 3983 in
1641 3945 1774 3983 eum.
1806 3929 1875 3985 Et
1894 3933 1988 4002 eji-

408 4016 589 4068 cientes
613 4031 727 4069 eum
753 4025 901 4070 extra
927 4017 1198 4084 civitatem,
1228 4019 1543 4089 lapidabant.
1575 4022 1734 4092 Atqui
1756 4022 1799 4076 si
1832 4037 1986 4079 men-

409 4103 537 4158 titus
558 4115 712 4172 erat,
753 4116 813 4159 ut
855 4105 1210 4163 insanientem
1247 4124 1370 4164 eum
1414 4110 1684 4167 dimisisse
1728 4114 1985 4189 oportuit.

411 4193 503 4249 Ille
533 4210 664 4252 vero
708 4194 787 4251 sic
814 4197 1063 4263 dixerat,
1096 4199 1283 4255 volens
1306 4215 1402 4256 eos
1440 4202 1726 4258 abducere.
1775 4203 1841 4258 Et
1865 4194 1987 4274 quia

407 4285 474 4341 de
505 4295 677 4341 morte
703 4286 899 4343 Christi
932 4297 1133 4344 tantum
1173 4291 1426 4362 loquutus
1450 4333 1465 4357 ,
1490 4292 1559 4348 de
1588 4296 1989 4351 resurrectione

408 4378 538 4432 nihil
568 4377 809 4445 dixerat,
838 4379 941 4435 hoc
964 4381 1157 4451 dogma
1182 4392 1480 4452 opportune
1523 4384 1741 4441 demum
1782 4385 1982 4457 adjicit.

406 4470 482 4524 Ita
526 4479 705 4525 autem
735 4472 834 4527 sibi
865 4473 1179 4543 apparuisse
1204 4473 1368 4539 dicit,
1404 4484 1461 4530 ut
1488 4486 1703 4533 enarrat
1729 4523 1745 4546 ,
1777 4493 1885 4550 quo
1910 4480 1988 4538 sic

406 4565 595 4618 saltem
643 4562 762 4633 ejus
807 4578 1111 4619 sermonem
1160 4566 1509 4635 acciperent,
1552 4569 1682 4639 qui,
1733 4571 1986 4640 quoniam

404 4654 615 4710 dixerat
643 4656 792 4711 illum
822 4655 1014 4713 sedere
1038 4697 1053 4723 ,
1083 4657 1342 4713 molestus
1370 4658 1477 4713 illis
1495 4669 1612 4715 erat
1634 4701 1649 4727 ,
1683 4663 1891 4718 interim
1919 4663 1987 4720 de

405 4748 800 4804 resurrectione
822 4761 1129 4804 sermonem
1158 4758 1376 4818 movet,
1406 4759 1460 4807 et
1496 4752 1644 4807 illum
1665 4765 1810 4811 stare
1834 4756 1984 4813 dicit.

405 4837 539 4894 llinc
565 4838 847 4909 conjecto,
879 4840 1069 4898 faciem
1105 4841 1250 4897 illius
1284 4843 1634 4914 glorificatam
1665 4861 1805 4904 esse.
1850 4848 1984 4904 Nam

406 4930 544 4986 Deus
563 4973 579 4998 ,
604 4931 866 5002 benignus
887 4946 1009 4987 cum
1044 4934 1153 4996 sit,
1183 4948 1418 5005 parquae
1456 4935 1533 4990 illi
1579 4936 1800 4994 insidias
1825 4954 1984 5009 para-

404 5023 716 5092 bant,‘per
760 5021 951 5078 eadem
995 5024 1205 5081 volebat
1250 5026 1371 5082 illos
1412 5042 1680 5097 evocare;
1712 5031 1812 5087 etsi
1856 5033 1984 5088 nihil

401 5115 630 5184 amplius
660 5113 860 5170 factum
887 5115 977 5168 sit.
1006 5114 1098 5169 57.
1130 5113 1198 5168 Et
1238 5118 1490 5186 ejicientes
1529 5136 1643 5175 eum
1682 5132 1826 5176 extra
1863 5125 1982 5179 civi-

401 5218 574 5272 tatem,
605 5207 923 5279 lapidabant.
951 5206 1156 5261 Rursus
1175 5217 1325 5263 extra
1350 5211 1620 5266 civitatem
1648 5229 1815 5281 mors,
1848 5217 1986 5271 sicut

401 5298 452 5351 in
478 5296 735 5353 Christo:
763 5304 820 5351 et
865 5297 916 5350 in
957 5296 1071 5365 ipsa
1104 5307 1277 5352 morte
1302 5302 1569 5357 confessio
1594 5311 1648 5357 et
1680 5306 1986 5373 praedicatio

399 5397 733 5449 enuntiatur.
765 5392 832 5447 Et
857 5402 1002 5447 testes
1026 5391 1365 5460 deposuerunt
1402 5397 1694 5451 vestimenta
1721 5415 1814 5453 sua
1844 5417 1986 5456 secus

401 5487 552 5552 pedes
581 5484 936 5551 adolescentis,
969 5484 1057 5552 qui
1090 5482 1363 5537 vocabatur
1391 5484 1601 5539 Saulus.
1632 5488 1721 5543 58.
1754 5489 1817 5543 Et
1850 5490 1984 5560 lapi-

400 5581 587 5635 dabant
620 5580 942 5648 Stephanum
966 5620 981 5645 ,
1022 5582 1337 5633 invocantem
1377 5577 1541 5634 Deum
1571 5621 1585 5646 ,
1626 5591 1672 5636 ct
1696 5585 1939 5640 dicentem
1966 5601 1984 5639 :

401 5671 619 5729 Domine
644 5671 772 5727 Iesu
800 5672 1019 5740 Christe,
1052 5674 1226 5741 accipe
1255 5671 1488 5743 spiritum
1514 5689 1698 5728 meum.
1735 5674 1870 5733 Hinc
1897 5694 1985 5733 05-,-

2099 825 2270 882 tendit
2297 833 2353 882 et
2377 819 2544 883 docet
2581 826 2740 893 illos,
2785 841 2845 881 se
2890 841 2994 881 non
3026 826 3222 895 perire.
3253 826 3339 883 59.
3396 826 3461 881 Ει
3508 825 3682 897 positis

2103 917 2313 987 genibus
2340 919 2575 973 clamavit
2604 934 2720 974 voce
2746 935 2931 990 magna
2957 934 2977 974 :
3006 918 3242 986 Domine,
3276 936 3338 974 ne
3363 929 3556 974 statuas
3582 919 3683 973 illis

2099 1009 2195 1063 hoc
2220 1017 2497 1078 peccatum.
2540 1006 2702 1077 Quasi
2732 1023 2852 1063 sese
2880 1023 3114 1080 purgans
3136 1051 3150 1074 ,
3185 1009 3326 1079 quod
3368 1009 3546 1079 priora
3576 1024 3680 1062 non

2098 1113 2163 1152 ex
2193 1099 2270 1153 ira
2311 1098 2525 1166 dixerit,
2555 1100 2650 1166 ait,
2692 1098 3063 1164 Dontinervel
3103 1099 3244 1170 quod
3273 1099 3433 1154 vellet
3472 1114 3566 1154 eos
3606 1100 3682 1153 sic

2097 1191 2385 1247 attrahere.
2417 1192 2549 1247 Nam
2586 1193 2729 1264 quod
2766 1191 3060 1249 dimitteret
3101 1192 3231 1263 ipsis
3275 1192 3407 1248 iram
3438 1201 3491 1248 et
3534 1191 3681 1247 furo-

2097 1296 2243 1349 rem,
2273 1297 2378 1352 quo
2405 1283 2606 1339 caedem
2639 1284 2915 1354 patrabaut
2936 1325 2951 1349 ,
2994 1293 3048 1340 et
3077 1285 3314 1339 animum
3353 1300 3382 1338 a
3423 1285 3675 1354 passione

2099 1387 2289 1444 purum
2328 1375 2674 1440 ostenderet,
2719 1376 2769 1430 id
2815 1384 2962 1432 certe
2990 1377 3375 1447 ac’ceptabilem
3423 1375 3683 1432 reddebat

2097 1478 2422 1523 sermonem.
2468 1466 2662 1521 Saulus
2697 1478 2864 1521 autem
2903 1478 3010 1522 erat
3045 1469 3359 1522 consentiens
3403 1467 3512 1522 neci
3548 1468 3675 1537 ejus.

2102 1553 2255 1626 (Cap.
2289 1556 2372 1621 8.)
2404 1558 2454 1611 l.
2486 1555 2648 1610 Facta
2697 1567 2770 1611 est
2812 1566 2980 1611 autent
3017 1558 3069 1612 in
3109 1558 3201 1612 illa
3237 1558 3319 1612 die
3365 1557 3681 1628 persequutio

2097 1662 2282 1717 magna
2323 1647 2375 1700 in
2420 1644 2648 1701 Ecclesia
2671 1688 2686 1711 ,
2727 1662 2841 1717 qua:
2867 1657 2972 1701 erat
2999 1647 3352 1719 Jerosolgmis.
3400 1647 3515 1703 Non
3563 1647 3681 1702 sine

2096 1751 2256 1792 causa
2287 1736 2415 1791 mihi
2439 1737 2552 1793 lucc
2571 1739 2933 1809 persequutio,
2960 1738 3053 1794 sed
3076 1739 3254 1794 divina
3280 1739 3678 1809 diSpensatione

2095 1830 2385 1900 contigisse
2414 1830 2643 1885 videtur.
2693 1828 2757 1884 Et
2782 1847 2953 1886 omnes
2991 1830 3206 1900 dispersi
3247 1839 3364 1886 sunt
3393 1846 3482 1903 per
3516 1831 3680 1901 regio:

2097 1937 2183 1976 nes
2206 1921 2405 1977 ludam
2439 1931 2487 1977 et
2530 1921 2785 1977 Samaria:
2810 1933 2997 1992 praeter
3021 1923 3296 1995 apostolos.
3327 1921 3513 1978 Viden’
3541 1937 3678 1993 quo-

2096 2012 2256 2068 modo
2281 2028 2494 2068 rursum
2541 2015 3009 2084 persequutiouem
3053 2030 3175 2070 esse
3203 2014 3345 2069 Deus
3373 2014 3630 2071 concedat
3656 2016 3680 2068 τ

2097 2104 2201 2161 Sed
2230 2104 2351 2160 vide
2375 2106 2527 2175 mihi,
2552 2106 2821 2178 quomodo
2852 2122 2939 2162 res
2966 2107 3367 2176 dispensentur.
3397 2107 3500 2163 Per
3529 2106 3678 2178 signa

2097 2197 2369 2253 mirabiles
2399 2197 2521 2253 facti
2552 2207 2700 2265 sunt,
2735 2198 2985 2270 ﬂagellati
3022 2199 3153 2255 nihil
3186 2206 3312 2255 sunt
3337 2199 3482 2270 passi
3508 2240 3522 2264 ,
3551 2212 3678 2252 con-

2096 2290 2264 2345 stituti
2304 2299 2427 2344 sunt
2454 2305 2548 2361 per
2578 2292 2824 2363 regiones
2846 2334 2862 2359 ,
2895 2306 3073 2347 sermo
3097 2290 3430 2363 augebatur:
3458 2288 3674 2346 demum

2096 2380 2354 2448 permittit
2381 2380 2820 2451 impedimentum
2842 2397 2962 2438 esse
2989 2397 3259 2455 magnum.
3295 2382 3361 2437 Et
3403 2382 3459 2436 fit
3491 2398 3675 2452 persc-

2096 2468 2281 2538 quutio
2311 2484 2416 2524 non
2445 2470 2676 2536 modica.
2711 2473 2781 2527 ita
2813 2482 2868 2528 ut
2908 2472 2985 2527 illi
3013 2471 3173 2529 simul
3216 2471 3462 2546 fugerent
3490 2473 3674 2542 (time-

2095 2557 2224 2615 bant
2242 2559 2387 2615 enim
2413 2560 2537 2616 illos
2559 2562 2874 2621 audaciores
2905 2563 3120 2637 factos),
3148 2572 3204 2620 et
3231 2566 3478 2620 omnibus
3502 2565 3674 2635 palam

2094 2659 2270 2717 esset,
2305 2650 2548 2707 homines
2572 2668 2694 2709 esse
2724 2668 2852 2735 eos,
2885 2653 2973 2725 qui
3013 2655 3261 2711 timerent
3302 2666 3357 2711 et
3409 2655 3672 2726 fugerent.

2093 2741 2173 2797 Ne
2200 2742 2408 2799 diceres
2436 2744 2580 2799 enim
2602 2786 2618 2809 ,
2649 2744 2769 2799 illos
2804 2761 2899 2816 per
2925 2747 3147 2817 gratiam
3177 2755 3379 2802 tantum
3418 2746 3677 2818 praeclare

2093 2849 2254 2904 agere
2278 2875 2294 2901 ,
2335 2836 2804 2905 persequutiouem
2851 2844 2998 2892 certe
3038 2836 3377 2908 patiebantur
3407 2855 3434 2905 ί
3471 2837 3677 2909 ipsique

2097 2923 2392 2981 timidiores
2431 2925 2557 2981 lacti
2602 2934 2764 2994 sunt,
2808 2927 2883 2983 illi
2915 2928 3247 2984 audaciores.
3282 2929 3349 2983 Et
3396 2946 3568 2985 omnes
3595 2930 3676 2983 di-

2091 3016 2254 3086 spersi
2276 3026 2412 3082 sunt,
2446 3016 2635 3087 inquit,
2656 3028 2841 3089 printer
2870 3018 3149 3089 apostolos.
3174 3016 3289 3073 Non
3319 3034 3448 3090 ergo
3480 3017 3674 3075 frustra

2093 3106 2336 3164 dicebam
2361 3148 2378 3174 ,
2409 3110 2879 3180 persequutiouem
2910 3125 2977 3165 ex
3017 3109 3414 3180 dispensatione
3461 3110 3671 3169 fuisse:

2092 3198 2195 3254 nisi
2216 3200 2359 3255 enim
2386 3199 2525 3257 facta
2554 3201 2738 3257 luisset
2756 3243 2772 3269 ,
2799 3201 3044 3272 discipuli
3077 3218 3181 3258 non
3209 3202 3434 3259 fuissent
3462 3203 3672 3275 disper-

2090 3290 2155 3347 si.
2187 3290 2243 3347 ‘2.
2273 3290 2584 3347 Curanerunl
2627 3304 2793 3348 autem
2838 3294 3156 3365 Stephanum
3197 3296 3292 3349 viri
3337 3296 3599 3367 religiosi,
3629 3307 3675 3352 et

2091 3386 2318 3453 fecerunt
2360 3383 2620 3451 planctum
2660 3399 2897 3455 magnum
2941 3400 3093 3453 super
3120 3400 3255 3439 eum.
3303 3383 3398 3440 Vel
3439 3386 3676 3442 nondum

2091 3483 2247 3530 erant
2285 3472 2548 3543 perfecti;
2586 3475 2671 3529 vel
2694 3474 2814 3545 quia
2856 3472 2945 3529 ille
2973 3475 3239 3545 gratiosus
3265 3484 3459 3531 eratet
3507 3492 3670 3532 vene-

2092 3566 2296 3630 rabilis,
2324 3566 2444 3622 ideo
2485 3567 2741 3638 plangunt
2791 3568 2963 3622 illum.
2997 3568 3166 3623 Simul
3207 3578 3387 3624 autem
3439 3570 3527 3625 hic
3567 3586 3672 3625 non

2094 3656 2253 3710 timor
2276 3665 2502 3721 tantum,
2534 3657 2628 3712 sed
2650 3658 2809 3713 etiam
2833 3658 2988 3713 dolor
3011 3667 3064 3714 et
3094 3658 3355 3729 planetus,
3385 3660 3681 3716 ostendunt

2094 3750 2211 3805 illos
2239 3765 2358 3828 esse
2390 3750 2654 3805 homines.

2161 3841 2213 3895 2.
2242 3841 2371 3910 Quis
2392 3842 2532 3897 enim
2556 3856 2663 3897 non
2685 3843 2944 3913 plorasset
2963 3844 3149 3900 videns
3170 3845 3314 3901 illum
3338 3857 3672 3903 mansuetum

2090 3950 2285 4005 agnum
2313 3934 2621 4006 lapidatum,
2646 3934 2827 4006 jacere
2850 3936 3158 3992 mortuum?
3185 3937 3434 3993 Idoneum
3461 3940 3537 3994 illi
3563 3941 3674 4010 epi-

2094 4026 2328 4097 taphium
2369 4028 2615 4097 apposuit
2643 4029 2968 4098 evangelista
2993 4071 3007 4095 ,
3037 4045 3159 4085 cum
3189 4030 3318 4086 dixit
3348 4050 3362 4086 :
3395 4031 3459 4085 Et
3501 4033 3675 4100 positis

2090 4117 2330 4189 genibus,
2361 4118 2595 4172 clamavit
2637 4134 2755 4173 voce
2795 4136 2998 4190 magna.
3047 4119 3114 4174 Et
3154 4125 3380 4191 fecerunt
3414 4123 3674 4191 planctum

2092 4224 2330 4278 magnum
2352 4225 2504 4279 super
2528 4225 2659 4263 eum.
2688 4207 2792 4264 Sed
2818 4225 2936 4278 qua:
2963 4210 3208 4279 superius
3235 4210 3373 4264 dicta
3399 4219 3543 4278 sunt,
3564 4214 3673 4279 jam

2093 4310 2415 4368 repetamus.
2449 4298 2573 4353 Cum
2603 4310 2727 4352 esset
2756 4300 2933 4367 plenus
2964 4299 3161 4367 Spiritu
3187 4309 3380 4367 sancto,
3413 4303 3696 4359 intendens.

2091 4389 2145 4442 in
2179 4388 2359 4442 ctelum
2378 4428 2392 4455 ,
2419 4388 2542 4442 vidit
2566 4387 2781 4459 gloriam
2821 4387 2934 4456 Dei,
2962 4397 3009 4442 et
3045 4387 3222 4442 Iesum
3252 4398 3464 4446 stantem
3491 4409 3522 4446 a
3551 4393 3675 4449 dex-

2094 4478 2186 4534 tris
2235 4478 2350 4546 Dei,
2383 4488 2431 4533 et
2471 4479 2546 4532 ait
2572 4494 2590 4532 :
2614 4477 2748 4533 Ecce
2785 4479 2926 4533 video
2968 4481 3117 4535 ca’los
3154 4490 3375 4551 apertos.
3402 4482 3469 4537 Et
3510 4488 3672 4540 conti-

2094 4579 2310 4624 nuerunt
2347 4586 2494 4626 aures
2519 4587 2637 4624 suas
2658 4612 2671 4636 ,
2703 4580 2750 4625 et
2776 4572 3015 4642 impetum
3044 4574 3268 4644 fecerunt
3296 4577 3600 4631 unanimiter
3625 4580 3676 4634 in

2094 4679 2227 4719 eum.
2260 4663 2417 4734 Atqui
2460 4662 2728 4734 quomodo
2767 4662 2882 4720 haec
2920 4665 3261 4722 accusatione
3293 4666 3447 4741 digna
3487 4674 3705 4725 erant?-

2093 4757 2341 4810 Attamen
2388 4771 2509 4810 eum
2533 4794 2549 4821 ,
2579 4755 2669 4826 qui
2720 4756 2842 4811 talia
2886 4756 3035 4828 signa
3075 4768 3342 4829 patrarat,
3373 4763 3462 4832 qui
3490 4778 3676 4822 omnes

2094 4848 2260 4906 verbo
2301 4848 2539 4912 vicerat.
2594 4849 2684 4919 qui
2730 4848 2850 4904 talia
2901 4850 3149 4922 loquutus
3206 4863 3360 4922 erat,
3408 4857 3678 4927 rapientes

2096 4956 2192 5011 pro
2235 4939 2402 4996 lubito
2440 4940 2674 4996 furorem
2711 4957 2864 4997 suum
2896 4930 3270 5012 impleverunt.
3309 4943 3476 5001 Testes
3510 4958 3676 5002 autem

2093 5033 2429 5102 deposuerunt
2455 5034 2743 5087 vestimenta
2768 5049 2909 5089 secus
2933 5035 3457 5105 pedes.adolescentis,
3483 5041 3569 5109 qui
3591 5055 3676 5094 vo-

2094 5125 2302 5178 cabatur
2345 5123 2561 5180 Saulus.
2611 5124 2780 5191 Vid'e,
2820 5142 2977 5197 quam
3012 5137 3267 5185 accurate
3296 5145 3414 5200 quae
3455 5131 3674 5189 Paulum

2095 5223 2337 5287 spectant
2361 5226 2675 5283 recenseat,
2705 5226 2763 5272 ut
2790 5219 3036 5275 ostendat
3066 5221 3158 5276 tibi
3189 5236 3326 5293 opus
3354 5219 3447 5278 Dei
3476 5224 3526 5278 in
3560 5226 3674 5295 ipso

2096 5316 2280 5378 postea
2320 5316 2616 5378 peractum.
2668 5306 2882 5364 Interim
2922 5325 3050 5366 vero
3093 5312 3182 5370 ille
3223 5328 3327 5366 non
3365 5315 3541 5371 modo.
3568 5334 3670 5382 non

2095 5397 2301 5463 credit,
2331 5397 2425 5453 sed
2451 5398 2609 5453 etiam
2639 5399 2784 5455 mille
2812 5400 3197 5457 homicidarum
3224 5404 3471 5460 manibus
3487 5412 3672 5476 ipsum

2093 5491 2300 5560 impetit
2326 5508 2340 5545 :
2367 5491 2490 5548 ideo
2518 5491 2645 5547 illud
2676 5493 2915 5550 indicans
2942 5496 3069 5551 dicit
3096 5513 3110 5551 :
3139 5498 3333 5553 Saulus
3360 5511 3527 5556 autem
3566 5513 3678 5560 erat

2092 5585 2403 5640 consentiens
2440 5586 2547 5640 neci
2570 5587 2695 5655 ejus.
2723 5587 2836 5643 Non
2872 5587 3184 5659 simpliciter
3204 5601 3418 5649 sanctus
3439 5594 3525 5653 hic
3547 5612 3674 5670 pre~

2093 5688 2243 5735 catur
2266 5720 2281 5746 ,
2309 5677 2403 5736 sed
2433 5692 2558 5736 cum
2598 5679 2903 5745 attentione.
2955 5677 3140 5736 Positis
3160 5725 3176 5751 ,
3210 5682 3410 5765 inquit,
3432 5691 3666 5765 genibus.
