4084 6174
435 250 536 308 M3

431 363 586 423 Unde
611 375 757 417 mors
785 358 928 416 illius
952 355 1129 414 divina
1157 356 1291 413 facta
1318 364 1440 412 est:
1469 369 1591 409 nam
1619 352 1878 408 hactenus
1903 350 2020 405 ani-

429 456 621 514 mabus
661 453 1092 519 concedebatur,
1137 460 1193 506 ut
1240 452 1293 506 in
1335 441 1542 504 inferno
1582 454 1783 503 essent.
1832 442 2019 499 Omnes

426 560 597 605 autem
636 547 852 618 dispersi
888 554 1007 600 sunt
1047 560 1137 613 per
1173 543 1400 615 regiones
1433 540 1633 595 ladem
1664 547 1709 593 et
1743 535 2016 593 Samaria.

426 642 647 711 Absque
673 647 816 693 metu
842 651 961 691 cum
989 634 1228 689 Samaria
1255 647 1313 687 se
1337 630 1706 691 commiscent,
1729 627 1820 698 qui
1843 625 2022 681 audie-

428 738 550 787 rant
588 749 603 783 :
645 728 713 784 In
751 731 883 784 viam
916 727 1140 800 gentium
1177 740 1241 779 ne
1277 722 1502 778 abieritis
1540 718 1765 793 (Matth.
1799 717 1886 774 10.
1918 715 2017 788 5).

433 824 628 879 Prater
664 821 923 892 apostolos
947 860 963 883 .
991 817 1195 889 inquit;
1227 813 1516 871 ostendens
1547 811 1665 868 illos
1688 850 1705 876 ,
1736 817 1795 864 ut
1820 808 1898 863 sic
1925 806 2019 863 Ju-

429 918 574 970 daeos
593 914 940 976 adducerent,
954 911 1223 966 civitatem
1246 922 1350 962 non
1374 905 1686 976 reliquisse;
1708 900 1819 956 sive
1834 901 2013 961 etiam,

431 1016 487 1060 ut
513 1004 634 1060 aliis
661 1003 866 1058 fiducia:
889 1012 1139 1081 anetores
1158 1006 1355 1054 eSSent.
1381 999 1433 1053 3.
1461 995 1652 1051 Saulus
1676 1001 1843 1047 autem
1868 990 2019 1044 deva-

427 1097 592 1151 stabat
621 1095 898 1150 Ecclesia»:
915 1136 929 1157 ,
958 1110 1047 1165 per
1071 1092 1248 1147 domos
1271 1090 1485 1151 intrans,
1512 1098 1562 1142 et
1588 1088 1791 1141 trahens
1816 1084 1947 1139 viros
1973 1092 2021 1135 et

429 1191 684 1256 mulieres,
708 1187 933 1242 tradebat
957 1187 1009 1241 in
1038 1185 1336 1240 custodiam.
1363 1182 1582 1251 Magnus
1607 1180 1773 1246 furor,
1799 1186 1854 1233 et
1875 1175 2018 1247 quod

340 1266 345 1271 ⁴
432 1282 581 1336 solus
606 1288 785 1346 esset,
816 1288 870 1336 et
897 1278 1040 1349 quod
1069 1278 1120 1331 in
1149 1276 1340 1331 domos
1377 1275 1598 1328 intraret
1630 1291 1641 1325 :
1672 1270 1741 1325 ita
1786 1268 2017 1322 animam

431 1389 583 1429 suam
615 1389 711 1442 pro
743 1372 859 1442 lege
887 1370 1066 1425 dabat.
1103 1368 1349 1430 Traheus,
1381 1364 1584 1435 inquit,
1613 1363 1744 1415 viros
1769 1369 1814 1413 ct
1841 1358 2020 1412 mulie-

432 1483 530 1520 res.
555 1464 689 1521 Vide
712 1463 1000 1527 licentiam,
1019 1460 1393 1516 contumeliam
1414 1467 1471 1511 et
1491 1454 1770 1511 insaniam.
1793 1449 2015 1516 Omnes,

431 1556 520 1626 qui
550 1556 601 1610 in
631 1570 822 1610 manus
850 1567 976 1608 suas
1002 1549 1331 1616 incidebant,
1362 1547 1507 1602 mille
1534 1545 1801 1599 afficiebat
1828 1543 1980 1596 malis
1999 1581 2015 1606 ,

433 1657 614 1718 utpote
639 1647 709 1701 ab
749 1646 848 1700 hac
878 1658 1009 1699 nece
1044 1640 1296 1697 audacior
1328 1639 1515 1694 factus.
1546 1638 1600 1692 4.
1632 1635 1799 1706 Igitur
1820 1634 1907 1705 qui
1934 1633 2014 1684 di-

430 1739 591 1810 spersi
637 1746 781 1792 erant
805 1778 821 1804 ,
868 1735 1146 1789 transibant
1171 1774 1187 1799 ,
1236 1730 1636 1802 erangelisantes
1692 1726 1914 1779 verbum.
1960 1722 2015 1777 5.

436 1829 709 1900 Philippus
752 1837 921 1883 autem
973 1825 1279 1880 descendens
1322 1823 1375 1876 in
1423 1820 1673 1874 civitatem
1722 1815 1974 1871 Samaria:
2000 1854 2014 1879 ,

431 1920 738 1992 praedicabat
774 1921 877 1975 illis
903 1918 1181 1974 Christum.
1217 1914 1271 1970 6.
1304 1911 1639 1967 lntendcbant
1666 1918 1832 1961 autem
1861 1906 2020 1960 turbae

428 2013 734 2067 unanimiter
763 2012 843 2077 iis,
873 2027 986 2082 qua:
1011 2028 1041 2063 a
1074 2007 1319 2078 Philippo
1347 2007 1659 2069 dicebantur,
1687 2001 1946 2056 audientes
1972 2009 2019 2054 et

429 2104 648 2158 videntes
695 2102 843 2175 signa
882 2119 995 2172 quae
1038 2101 1274 2171 faciebat.
1303 2100 1355 2151 7.
1382 2098 1423 2151 A
1449 2097 1618 2150 multis
1647 2094 1779 2148 enim
1805 2107 1977 2148 eorum
1999 2132 2014 2157 ,

428 2196 513 2263 qui
537 2195 785 2249 habebant
815 2195 1023 2262 spiritus
1051 2191 1360 2256 immundos,
1387 2191 1662 2242 clamantes
1690 2201 1809 2239 voce
1832 2200 2019 2254 magna

428 2287 628 2341 exibant
670 2305 688 2338 :
739 2285 795 2340 8.
844 2284 1002 2339 Multi
1043 2286 1195 2338 etiam
1241 2280 1512 2352 paralytici
1549 2288 1598 2333 et
1640 2277 1812 2333 claudi
1854 2276 2017 2330 curati

431 2385 567 2431 sunt.
604 2378 659 2432 9.
704 2375 1020 2446 Factumque
1047 2384 1119 2429 est
1148 2373 1390 2443 gaudium
1431 2388 1667 2442 magnum
1696 2370 1748 2422 in
1779 2367 1869 2422 illa
1897 2367 2017 2421 civi-

428 2480 548 2522 tate.
579 2467 672 2524 γει·
700 2478 866 2522 autem
888 2468 1097 2540 quidam
1125 2467 1324 2520 nomine
1355 2465 1551 2527 Simon,
1580 2464 1665 2534 qui
1691 2471 1807 2515 ante
1830 2470 1935 2514 erat
1962 2460 2017 2514 in

427 2561 628 2613 civitate
671 2577 849 2632 uulgus
870 2600 886 2626 ,
923 2560 1165 2614 seducens
1206 2569 1403 2628 gentem
1442 2550 1695 2610 Samaria:
1717 2596 1732 2620 ,
1766 2553 1935 2607 dicens
1964 2569 2019 2607 se

426 2668 534 2706 esse
571 2652 787 2723 aliquem
824 2667 1063 2721 magnum
1098 2666 1117 2705 :
1159 2648 1243 2705 10.
1276 2650 1361 2702 cui
1396 2647 1746 2702 auscultabunt
1784 2662 1956 2699 omnes
1983 2662 2015 2698 a

425 2744 633 2798 minimo
658 2759 814 2813 usque
833 2742 901 2796 ad
925 2745 1223 2807 maximum,
1248 2740 1488 2802 dicentes,
1517 2737 1615 2792 llic
1641 2747 1712 2791 est
1737 2736 1894 2790 uirtus
1921 2735 2016 2789 Dei

425 2852 629 2908 magna.
655 2835 789 2892 Vide
811 2835 939 2891 mihi
962 2835 1118 2890 aliam
1147 2833 1520 2896 tentationem,
1546 2846 1737 2898 nempe
1755 2828 2011 2885 Simonis.

426 2930 513 2984 11.
540 2929 870 2982 Λιιεηάεὺαηι
890 2938 1056 2982 autem
1076 2928 1121 2981 ei
1146 2925 1319 2988 turbte,
1343 2932 1548 2995 prapter
1566 2925 1699 2992 quod
1721 2921 1878 2975 multo
1900 2933 1998 2975 lem

428 3038 550 3091 pore
569 3020 749 3090 magiis
768 3021 873 3073 suis
896 3018 1225 3071 dentcntasset
1250 3033 1352 3069 eos.
1382 3015 1464 3068 12.
1490 3013 1616 3067 Cum
1636 3029 1750 3067 vero
1771 3013 1988 3067 credidis

424 3121 533 3163 scut
575 3109 819 3179 Philippo
859 3107 1222 3178 euangelizanti
1248 3107 1310 3159 de
1340 3120 1493 3175 regno
1520 3103 1616 3157 Dei
1641 3112 1688 3157 et
1714 3103 1776 3157 de
1814 3103 2016 3156 nomine

423 3199 550 3254 Jesu
591 3199 815 3267 Christi,
847 3198 1234 3269 baptizabantur
1262 3197 1355 3250 viri
1384 3206 1430 3248 et
1461 3194 1714 3248 mulieres.
1754 3194 1841 3249 15.
1870 3191 2015 3246 Tunc

426 3292 607 3347 Simon
633 3301 679 3345 et
703 3293 811 3361 ipse
835 3290 1068 3355 credidit,
1093 3298 1140 3342 et
1162 3304 1273 3340 cum
1299 3286 1580 3357 baptizatus
1604 3295 1748 3351 esset,
1777 3284 2012 3339 adhau'e-

423 3383 507 3437 bat
541 3382 802 3453 Philippo.
850 3381 1039 3437 Videas
1078 3384 1229 3434 etiam
1269 3379 1415 3451 signa
1446 3389 1496 3435 et
1526 3379 1732 3433 virtutes
1766 3381 2015 3432 maximas

423 3476 538 3543 ﬁeri
559 3516 578 3541 ,
618 3486 826 3544 stupens
858 3473 1224 3527 admirabatur.
1259 3471 1345 3527 14.
1388 3470 1515 3526 Cum
1553 3471 1808 3525 audissent
1847 3480 2014 3524 autem

424 3566 663 3636 apostoli,
686 3567 773 3636 qui
794 3575 935 3619 crant
956 3558 1306 3635 Jerosolymis,
1328 3563 1464 3634 quod
1483 3564 1749 3632 recepisset
1773 3562 2014 3618 Samaria

422 3655 625 3710 rcrbum
656 3655 771 3722 Dei,
799 3658 1039 3711 miserunt
1064 3657 1134 3708 ad
1157 3655 1272 3708 illos
1301 3653 1507 3708 Petrum
1532 3664 1578 3707 et
1603 3652 1855 3708 Joannem
1879 3668 1897 3707 :
1925 3653 2010 3711 15.

421 3749 509 3816 qui
555 3764 669 3800 cum
712 3749 995 3814 venissent,
1037 3756 1307 3801 oraverunt
1345 3763 1437 3816 pro
1475 3746 1600 3814 ipsis
1640 3756 1693 3804 ttt
1731 3746 2015 3819 acciperent

423 3839 677 3908 Spiritum
715 3847 964 3893 sanctum.
1007 3839 1095 3893 lti.
1148 3836 1392 3895 Nondum
1440 3837 1572 3895 enim
1617 3840 1671 3894 in
1712 3855 2014 3911 quemquam

421 3929 630 3987 illorum
665 3937 900 4000 venerat,
930 3931 1019 3988 sed
1053 3933 1293 4003 baptisati
1327 3940 1521 3986 tantum
1553 3940 1694 3986 erant
1726 3931 1779 3985 in
1813 3931 2016 3989 nomine

423 4025 632 4084 Domini
676 4025 822 4082 .lcsu.
855 4028 940 4082 17.
974 4026 1115 4081 Tunc
1144 4025 1465 4094 imponebant
1495 4041 1675 4078 manus
1702 4041 1854 4093 super
1882 4038 1970 4078 cos
1993 4066 2010 4093 ,

423 4129 471 4173 et
500 4118 812 4189 accipiebant
842 4117 1097 4188 Spiritum
1120 4127 1370 4172 sanctum.
1406 4114 1491 4170 18.
1526 4114 1649 4168 Cum
1680 4114 1881 4168 vidisset
1915 4130 2014 4167 au-

424 4219 522 4265 tent
559 4210 740 4266 Simon
763 4251 778 4276 ,
808 4211 930 4279 quia
956 4226 1044 4281 per
1070 4209 1439 4281 impositionem
1464 4224 1642 4260 manus
1666 4205 2015 4276 apostolorum

423 4302 633 4356 daretur
657 4300 885 4372 Spiritus
914 4312 1115 4357 sanctus
1135 4343 1151 4367 ,
1182 4300 1357 4355 obtulit
1381 4299 1452 4354 eis
1479 4298 1782 4369 pecuniam,
1813 4298 1895 4354 19.
1929 4296 2014 4351 di-

423 4409 540 4447 cens
563 4409 582 4450 :
608 4391 740 4448 Date
767 4402 812 4447 et
843 4393 968 4448 mihi
992 4394 1124 4449 hanc
1152 4401 1476 4464 potestatem,
1510 4401 1563 4444 ut
1592 4391 1886 4461 cuicumque
1912 4390 2013 4443 im-

425 4500 638 4555 posuero
665 4500 866 4550 manus,
894 4484 1112 4551 accipiat
1140 4484 1393 4552 Spiritum
1418 4492 1668 4537 sanctum.
1694 4481 1975 4548 Quomodo
1997 4523 2011 4548 ,

424 4573 656 4644 inquies,
691 4574 742 4627 hi
772 4574 1028 4643 Spiritmn
1059 4590 1164 4629 non
1193 4573 1548 4643 acoeperaut?
1575 4571 1831 4644 Spiritum
1862 4588 2016 4627 accc-

427 4673 617 4735 perant
644 4664 991 4729 remissionis,
1018 4664 1271 4732 Spiritum
1300 4677 1426 4717 vero
1451 4662 1722 4732 signorum
1754 4661 2010 4717 nondum.

428 4753 584 4818 Vide,
611 4753 884 4825 quomodo
914 4755 1015 4809 hoc
1041 4769 1272 4810 cernens
1297 4753 1481 4810 Simon
1498 4794 1512 4817 ,
1539 4753 1766 4807 accessit
1790 4752 1893 4808 hoc
1924 4768 2016 4823 pc-

416 4842 569 4901 ‘tcns.
604 4842 824 4903 Etiamsi
854 4862 980 4900 vero
1010 4855 1136 4901 tunc
1162 4846 1393 4900 maxime
1421 4842 1761 4916 perscquutio
1789 4843 2011 4914 vigeret,

429 4949 664 4995 attamen
698 4939 838 4995 Deus
876 4939 1020 5010 ipsiis
1063 4954 1274 4994 rursum
1320 4935 1564 4993 liberavit
1602 4937 1872 5007 signorum
1913 4953 2016 5008 ope

429 5031 684 5087 "mullos.
724 5030 907 5105 Neque
936 5032 1078 5089 enim
1112 5046 1257 5107 mors
1293 5029 1547 5100 Stephani
1579 5028 1788 5086 illorum
1824 5030 2017 5085 restin-

429 5125 507 5178 xit
538 5123 771 5180 furorem
793 5164 811 5192 ,
840 5125 948 5179 imo
976 5123 1144 5196 magis
1169 5122 1352 5187 auxit;
1383 5122 1611 5192 ideoque
1637 5121 2016 5192 disperguntur

426 5212 680 5271 doctores
701 5255 719 5281 ,
753 5223 810 5270 ut
849 5214 1092 5271 doctrina
1129 5214 1356 5285 amplius
1393 5221 1734 5283 prepagetur,
1764 5214 1868 5268 Sed
1899 5213 2017 5268 vide

429 5306 623 5362 iterum
663 5307 785 5363 illos
823 5306 876 5362 in
918 5307 1376 5363 bonisvcrsantes
1401 5347 1416 5373 ,
1448 5316 1503 5361 et
1534 5304 1585 5364 in
1624 5305 1820 5375 gaudio
1851 5322 1867 5359 :
1894 5320 2014 5359 nam

425 5398 502 5451 ait
531 5415 545 5450 :
576 5396 799 5453 Factum
827 5411 900 5454 est
927 5400 1171 5470 gaudium
1202 5415 1438 5471 magnum
1467 5399 1519 5452 in
1546 5398 1779 5462 civitate;
1808 5397 2015 5453 etimnsi

428 5485 607 5547 luctus
631 5505 844 5563 quoque
873 5504 1098 5561 magnus
1128 5488 1306 5544 fuerit.
1350 5488 1440 5545 Sic
1468 5489 1604 5545 solet
1635 5488 1776 5544 Deus
1808 5503 2020 5557 semper

430 5583 609 5641 facere
632 5624 649 5649 ,
676 5584 916 5639 tristibus
945 5590 1138 5651 ne'mpe
1169 5581 1287 5636 laeta
1314 5581 1609 5638 admiscere
1637 5621 1650 5645 ,
1681 5587 1740 5634 ut
1768 5579 1937 5647 magis
1965 5579 2018 5636 in

431 5673 783 5731 admiratione
812 5676 898 5730 sit.
929 5675 972 5731 Α
1002 5671 1170 5731 multo
1197 5682 1371 5731 autem
1406 5670 1517 5747 jam
1554 5681 1797 5743 tempore
1823 5669 2013 5726 morbo

1176 244 1234 299 S.
1261 240 1539 299 JOANNIS
1567 232 2037 315 CllRYSOSTOMI
2074 235 2393 292 ABCIlIEP.
2421 237 2955 298 CONSTANTINOP.

3614 239 3717 295 lu

2130 349 2407 407 laborabat
2429 354 2648 420 Simon;
2682 356 2821 412 unde
2868 371 3041 428 neque
3083 356 3161 412 sic
3200 355 3272 412 ab
3311 355 3402 413 illo
3432 356 3709 414 liberatur.
3808 378 3815 385 ·

2125 441 2407 507 Quomodo
2452 455 2631 499 autem
2676 446 2825 502 illum
2870 447 3198 517 baptizavit?
3238 448 3390 505 Sicut
3431 459 3487 507 et
3519 448 3712 504 ludam

2126 533 2370 591 Christus
2390 536 2570 607 elegit.
2595 537 2692 592 llic
2715 540 2863 610 signa
2889 540 3099 605 videns,
3121 539 3450 610 obstupescit
3472 541 3710 612 quidem,

2127 639 2232 680 non
2257 626 2417 682 audet
2437 642 2566 683 vero
2587 629 2811 699 gratiam
2832 631 3106 700 signorum
3133 640 3334 702 petere,
3364 631 3485 702 quia
3510 632 3714 690 sciebat

2126 715 2286 768 etiam
2317 717 2451 771 alios
2479 719 2716 778 nondum
2744 721 3036 789 accepisse.
3065 721 3348 788 Quomodo
3378 722 3538 793 igitur
3560 722 3713 778 illum

2127 821 2234 861 non
2276 808 2588 865 occiderunt
2629 811 2763 867 sicut
2805 815 3064 868 Ananiam
3096 824 3150 869 et
3193 814 3553 885 Sapphiram?
3577 814 3711 885 Quia

2125 899 2286 953 etiam
2332 901 2456 955 olim
2503 903 2585 967 is,
2614 904 2703 975 qui
2750 905 2886 976 ligna
2926 907 3254 977 collegerat,
3290 909 3502 965 occisus
3540 918 3621 965 est
3657 926 3711 965 III

2126 992 2460 1061 exemplum;
2493 1010 2664 1065 neque
2695 998 2833 1053 ultra
2859 998 2994 1053 alius
3019 1000 3284 1070 quispiam
3314 1001 3365 1056 id
3394 1016 3582 1072 passus
3606 1011 3708 1058 est.

2126 1079 2217 1137 Sic
2244 1092 2298 1137 et
2324 1100 2467 1139 nulie
2504 1086 2690 1141 Petrus
2722 1087 2847 1144 facit
2877 1107 2890 1142 :
2918 1089 3126 1157 illisque
3164 1093 3363 1161 pimitis
3385 1135 3401 1160 ,
3434 1093 3575 1151 lnmc
3603 1111 3709 1150 non

2127 1174 2297 1241 punit,
2330 1177 2424 1231 sed
2455 1178 2529 1233 ait
2559 1178 2630 1234 illi
2663 1198 2677 1233 :
2703 1180 2792 1236 20.
2827 1180 3052 1236 Pecunia
3076 1192 3164 1236 tua
3188 1195 3349 1239 tecum
3371 1186 3434 1238 sit
3462 1187 3515 1241 in
3543 1189 3713 1256 perdi-

2126 1264 2330 1331 tionem,
2357 1270 2596 1332 quoniam
2629 1273 2817 1325 donum
2851 1271 2942 1327 Dei
2969 1276 3160 1341 putasti
3187 1278 3400 1345 pecunia
3424 1278 3638 1349 acquiri.

2198 1359 2251 1413 ὅ.
2285 1358 2387 1413 Cur
2411 1378 2442 1412 a
2476 1360 2717 1431 Philippo
2744 1363 2980 1433 baptizati
3007 1383 3105 1419 non
3134 1379 3435 1436 acceperunt
3461 1369 3712 1439 Spiritum

2126 1461 2374 1504 sanctum.
2407 1451 2636 1507 Historia
2664 1453 2890 1509 Simonis
2915 1459 3254 1513 continuatur.
3287 1458 3505 1514 Nullum
3535 1478 3712 1533 pecca-

2126 1549 2231 1594 tum
2257 1558 2358 1595 non
2384 1545 2653 1598 remittitur
2675 1547 3030 1618 paenitenti.—
3049 1548 3116 1604 Et
3133 1565 3228 1604 cur
3254 1550 3305 1604 hi
3332 1551 3580 1621 haptizati
3605 1569 3710 1607 non

2125 1642 2449 1701 acceperant
2485 1633 2740 1706 Spiritum
2788 1638 3071 1693 sanctum?
3116 1638 3214 1695 Vel
3266 1643 3389 1711 quia
3440 1643 3714 1712 Philippus

2125 1724 2255 1780 dare
2280 1742 2443 1783 ausus
2472 1743 2576 1784 non
2604 1738 2719 1784 erat
2737 1772 2753 1795 ,
2783 1728 2924 1786 hunc
2952 1746 3234 1788 reservans
3256 1735 3514 1804 apostolis
3546 1735 3714 1789 hono-

2126 1830 2274 1879 rem;
2306 1818 2418 1873 sive
2445 1820 2570 1890 quia
2601 1820 2701 1876 hoc
2726 1821 2990 1878 charisma
3018 1839 3125 1879 non
3148 1823 3376 1880 habebat
3402 1827 3542 1896 (erat
3566 1830 3709 1883 enlnt

2125 1924 2190 1963 ex
2223 1909 2326 1965 illis
2353 1911 2596 1984 septem)
2625 1931 2640 1969 :
2670 1913 2721 1969 id
2765 1916 2906 1985 quod
2947 1916 3114 1986 magis
3151 1915 3361 1972 videtur
3404 1917 3709 1976 dicendum.

2125 2001 2261 2058 Puto
2290 2012 2441 2059 certe
2471 2003 2614 2060 lnmc
2640 2005 2944 2076 Philippum
2970 2021 3035 2061 ex
3066 2017 3270 2077 septem
3303 2008 3408 2063 illis
3432 2024 3553 2065 esse
3573 2051 3589 2074 .
3621 2025 3712 2065 sc-

2123 2095 2355 2151 cundum
2396 2112 2425 2151 a
2464 2097 2737 2167 Stephano
2760 2099 2799 2154 ί.
2832 2098 3190 2167 Quamobrem
3219 2115 3341 2155 cum
3382 2101 3706 2172 baptizaret,

2124 2189 2380 2260 Spiritum
2409 2190 2688 2261 baptizatis
2718 2208 2822 2246 non
2852 2192 3015 2247 dabat
3055 2211 3068 2247 :
3109 2208 3280 2263 neque
3308 2194 3450 2248 enim
3481 2202 3713 2262 potesta-

2126 2291 2231 2338 tem
2275 2282 2535 2345 habt-bat;
2586 2283 2688 2338 hoc
2713 2284 2910 2354 quippe
2938 2283 3137 2338 donum
3177 2284 3457 2339 duodecim
3498 2285 3709 2340 illorum

2125 2383 2327 2428 tantum
2347 2382 2480 2429 erat.
2505 2373 2780 2444 Perpende
2807 2385 2985 2429 autem
3019 2394 3033 2428 :
3064 2375 3137 2428 illi
3166 2388 3272 2429 non
3303 2376 3578 2442 exierant;
3606 2377 3710 2432 dis-

2125 2479 2402 2535 pensatum
2457 2476 2558 2533 est,
2592 2475 2650 2521 ut
2704 2467 2734 2520 ii
2775 2467 3016 2532 exirent,
3058 2467 3147 2537 qui
3179 2468 3441 2522 minorem
3482 2469 3708 2539 gratiam

2124 2561 2420 2625 habebant,
2460 2561 2600 2630 quod
2639 2560 2872 2614 nondum
2914 2562 3246 2629 accepissent
3283 2559 3540 2632 Spiritum
3582 2576 3709 2617 san-

2123 2663 2288 2707 ctum.
2324 2652 2645 2709 PoteSIatem
2676 2654 2890 2723 quidem
2921 2663 3238 2722 acceperant
3268 2652 3492 2709 faciendi
3522 2655 3668 2725 signa
3689 2695 3709 2722 ,

2123 2761 2228 2799 non
2254 2756 2435 2800 autem
2460 2744 2715 2815 Spiritum
2745 2744 2866 2801 aliis
2891 2744 3073 2801 dandi.
3106 2746 3268 2815 Igitur
3295 2745 3412 2800 lucc
3435 2746 3711 2815 apostolo-

2124 2854 2239 2893 rum
2265 2846 2381 2893 erat
2419 2839 2803 2910 praerogativa;
2847 2838 3074 2909 ideoque
3113 2847 3167 2892 et
3206 2837 3562 2910 cory-plneos,
3603 2854 3708 2895 non

2121 2932 2274 2998 alios,
2305 2930 2487 2986 videre
2511 2939 2594 2986 est
2622 2930 2723 2985 hoc
2749 2929 2948 2986 facere.
2987 2928 3170 2984 Videas
3199 2940 3370 2985 autem
3396 2929 3606 2993 Simon,
3639 2930 3711 2986 in-

2120 3024 2263 3094 quit,
2287 3023 2423 3094 quod
2451 3040 2540 3095 per
2564 3023 2933 3094 impositionem
2967 3038 3208 3076 manuum
3235 3022 3579 3093 apostolorum
3616 3021 3712 3076 cla-

2119 3126 2256 3171 retur
2282 3116 2509 3184 Spiritus
2534 3125 2763 3171 sanctus.
2793 3114 2907 3170 Non
2935 3115 3012 3170 sic
3036 3114 3291 3180 dixisset,
3321 3114 3420 3169 nisi
3458 3114 3712 3171 sensibile

2120 3208 2391 3280 quidpiam
2415 3208 2612 3263 factum
2637 3206 2844 3263 fuisset.
2873 3204 2986 3261 Hoc
3004 3216 3057 3260 et
3079 3205 3275 3261 Paulus
3302 3204 3425 3261 fecit
3445 3220 3609 3277 ,‘cntn
3634 3210 3713 3264 lo-

2120 3308 2411 3371 querentur
2436 3299 2650 3370 linguis.
2681 3298 2923 3354 Vidistin‘
2948 3297 3183 3357 Simonis
3206 3298 3425 3358 scelus?
3450 3301 3713 3359 Pecunias

2120 3393 2332 3448 obtulit.
2360 3391 2518 3462 Atqui
2539 3407 2648 3446 non
2666 3389 2872 3450 viderat
2900 3389 3050 3449 illum
3072 3407 3170 3465 pro
3188 3392 3412 3463 pecunia
3434 3391 3486 3448 id
3513 3391 3711 3448 facien-

2123 3498 2230 3543 tem
2260 3505 2274 3541 :
2309 3484 2452 3542 unde
2477 3500 2587 3545 non
2612 3484 2911 3560 ignorantis
2935 3502 3072 3558 opus
3098 3496 3215 3544 erat
3234 3526 3251 3553 ,
3290 3484 3385 3542 sed
3418 3483 3672 3541 tentautis
3693 3526 3710 3549 ,

2121 3589 2177 3634 et
2202 3577 2429 3639 volentis
2452 3581 2654 3636 crimen
2681 3580 2965 3636 intentare.
2991 3577 3221 3649 Ideoque
3244 3577 3394 3633 audit
3424 3594 3438 3631 :
3470 3576 3560 3632 2t.
3593 3573 3714 3630 Non

2121 3686 2193 3730 est
2219 3674 2306 3729 tibi
2333 3690 2451 3740 pars
2478 3688 2637 3743 neque
2662 3688 2774 3727 sors
2800 3673 2853 3725 in
2879 3686 3109 3726 sermone
3133 3670 3230 3724 ista
3256 3684 3276 3724 :
3302 3685 3391 3724 cor
3413 3669 3545 3724 enim
3573 3679 3714 3722 tuum

2121 3783 2223 3822 non
2249 3776 2321 3821 est
2344 3774 2535 3820 rectum
2556 3780 2730 3821 coram
2751 3762 2879 3818 Deo.
2907 3762 3104 3818 lterum
3130 3777 3254 3832 quae
3281 3761 3333 3816 in
3361 3771 3538 3816 mente
3558 3769 3715 3815 erant

2119 3861 2275 3917 atl‘ert
2303 3862 2356 3915 in
2385 3860 2619 3917 medium
2639 3899 2654 3925 ,
2682 3859 2806 3929 quia
2837 3858 2926 3913 ille
2947 3873 3005 3913 se
3025 3856 3192 3913 latere
3212 3855 3452 3927 putabat.
3479 3855 3567 3910 22.
3595 3854 3716 3911 Pa:-

2121 3956 2383 4011 nitentiam
2408 3955 2575 4024 itaque
2597 3969 2691 4024 age
2714 3952 2780 4007 ab
2805 3952 2901 4006 hac
2929 3951 3150 4019 nequitia
3177 3961 3264 4004 tua
3281 3993 3295 4014 ,
3320 3960 3365 4005 et
3391 3966 3517 4021 roga
3545 3947 3715 4003 Domi-

2119 4063 2242 4103 num
2263 4088 2278 4112 ,
2319 4046 2362 4101 si
2403 4049 2533 4117 forte
2571 4046 2856 4099 remittatur
2885 4042 2973 4098 tibi
3004 4042 3113 4098 hwc
3141 4041 3379 4114 cogitatio
3405 4041 3573 4097 cordis
3616 4040 3710 4093 tui.

2118 4137 2210 4196 23.
2238 4135 2306 4193 In
2338 4136 2457 4208 felle
2482 4135 2614 4191 enim
2647 4135 3035 4199 amaritudinis,
3064 4142 3111 4188 et
3136 4133 3189 4186 in
3214 4134 3412 4188 vinculo
3436 4132 3714 4203 iniquitatis

2118 4233 2264 4289 video
2290 4242 2339 4287 te
2363 4246 2488 4288 esse.
2517 4230 2612 4286 24.
2636 4228 2965 4299 Respondens
2991 4240 3159 4295 autem
3187 4226 3369 4283 Simon
3392 4227 3520 4282 dixit
3543 4242 3561 4281 :
3590 4225 3714 4281 Pre-

2120 4325 2310 4380 camini
2337 4340 2423 4380 vos
2453 4340 2548 4393 pro
2577 4339 2656 4377 me
2682 4322 2751 4376 ad
2777 4321 3086 4385 Dominum,
3120 4330 3176 4375 ut
3202 4319 3333 4375 nihil
3360 4319 3524 4374 veniat
3563 4336 3715 4388 super

2121 4433 2200 4472 me
2221 4419 2403 4473 horum
2420 4431 2536 4487 quae
2551 4416 2768 4472 dixistis.
2790 4414 2925 4471 Cum
2948 4413 3273 4483 oportuisset
3294 4411 3443 4466 illum
3465 4425 3527 4466 ex
3552 4410 3717 4465 conte

2122 4508 2491 4578 penitentiam
2528 4522 2691 4578 agere
2717 4516 2772 4562 et
2797 4504 2926 4561 flere
2944 4546 2961 4572 ,
3004 4504 3095 4559 ille
3123 4501 3482 4572 perfunctorie
3510 4509 3715 4555 tantum

2124 4601 2224 4655 hoc
2250 4598 2396 4655 facit.
2422 4598 2483 4655 Si
2504 4599 2634 4670 forte
2658 4599 2945 4653 remittatur
2963 4596 3071 4653 tibi.
3091 4595 3204 4650 Hoc
3228 4593 3420 4664 inquit.
3446 4608 3551 4648 non
3573 4591 3715 4661 quod

2121 4710 2228 4752 non
2257 4693 2540 4750 remissum
2567 4692 2756 4749 fuisset
2796 4691 2907 4758 illi,
2949 4691 2994 4746 si
3027 4689 3324 4759 plorasset;
3363 4685 3461 4741 sed
3491 4699 3609 4739 mos
3635 4693 3718 4739 est

2120 4786 2282 4843 etiam
2309 4786 2587 4859 prephetis
2614 4785 2786 4841 solum
2816 4784 3119 4852 denegare,
3151 4794 3251 4835 nec
3276 4777 3457 4835 dicere
3490 4795 3505 4832 :
3534 4777 3592 4831 Si
3615 4792 3719 4830 au-

2122 4894 2233 4940 tem
2257 4880 2362 4936 hoc
2390 4876 2604 4943 feceris,
2629 4872 3020 4931 condonabitur
3041 4871 3134 4929 tibi
3157 4888 3173 4938 ;
3200 4869 3297 4927 sed
3326 4867 3550 4924 omnino
3580 4868 3722 4922 futu-

2122 4989 2237 5030 ram
2269 4984 2481 5044 poenam
2509 4965 2849 5023 denuntiare.
2890 4962 2933 5018 Τ
2938 4979 2971 5018 ιι
3013 4975 3141 5018 vero
3178 4960 3375 5016 mirare
3397 4999 3415 5025 ,
3445 4955 3723 5028 quomodo

2123 5066 2177 5122 in
2207 5074 2449 5134 tempore
2475 5057 2795 5119 calamitatis
2834 5072 2941 5111 non
2986 5054 3291 5126 negligant,
3330 5050 3426 5108 sed
3454 5048 3718 5120 pnedica-

2188 5244 2202 5275 ¹
2239 5239 2382 5294 savii.
2413 5240 2489 5291 sic
2529 5236 2680 5289 habet
2695 5270 2712 5296 ,
2736 5235 2864 5286 unde
2896 5231 3016 5285 nuhi
3040 5231 3228 5296 videtur
3267 5228 3397 5282 hunc
3442 5227 3721 5291 Philippum

2124 5304 2252 5371 (qui
2278 5302 2532 5371 samum!!!
2565 5299 2624 5371 ad
2664 5294 2826 5371 ﬁdem.
2847 5294 3137 5371 ante???)
3154 5299 3718 5371 Bet'afifefft’fﬂtv

2122 5352 2393 5416 sedandum
2409 5375 2445 5433 μ
2467 5360 2743 5432 Stephano;
2770 5357 3049 5422 Philippum
3083 5352 3248 5407 autem
3271 5352 3411 5425 illum
3432 5352 3519 5463 xui
3559 5352 3720 5401 Eunu-

2123 5427 2266 5463 ι-Ιιηηι
2288 5426 2562 5463 nummum-
2583 5434 2649 5463 ιτ
2668 5418 2992 5463 ωιοιιοιοηωι
3020 5430 3222 5463 umnam
3244 5417 3408 5463 fiam.
3476 5423 3498 5463 ι
3519 5414 3611 5463 hoc
3634 5427 3720 5463 llo-

2123 5414 2268 5481 ειωηι
2288 5414 2563 5487 baptizavit;
2583 5434 2649 5473 ea:
2668 5414 2992 5487 apostoloth
3020 5430 3222 5469 nunsero
3242 5415 3408 5487 fuisse.
3432 5414 3498 5464 At.
3519 5414 3611 5487 hoc
3634 5427 3721 5487 po.

2121 5475 2361 5549 stremuni
2381 5475 2576 5549 omnino
2595 5475 2730 5549 stare
2750 5480 3080 5549 nequit_;__ipse
3110 5475 3323 5549 partique
3343 5475 3721 5549 ﬁbrysostoums

2123 5548 2323 5602 bomilia
2343 5546 2571 5611 sequenti
2595 5545 2684 5603 ait.
2708 5557 2823 5595 cuiu
2834 5541 2930 5611 "qui
2940 5541 3227 5593 Eunuchum
3248 5541 3505 5611 baptiaavu
3526 5548 3591 5611 es
3619 5548 3721 5611 nu-

2126 5598 2479 5681 iaciamus.»
2502 5598 2818 5681 diaeouornm
2838 5598 3012 5657 fuisse.
3042 5612 3206 5665 Quare
3239 5598 3422 5653 Itoielli
3450 5599 3720 5652 lationem

2128 5684 2181 5726 ut
2202 5671 2467 5739 genuintun
2487 5671 2802 5725 retinuimus.
