4088 6142
326 316 433 373 M5

328 429 464 485 tieul
505 426 847 495 incumbant;
888 432 944 483 et
980 426 1281 499 quomodo,
1310 426 1449 483 sicut
1489 427 1591 482 sub
1619 424 1799 498 Moyse
1829 440 1923 496 per

326 522 786 592 comparationem
827 519 1022 578 ﬁebant
1054 522 1310 577 miracula
1351 521 1431 591 (a)
1476 537 1492 575 :
1541 522 1609 575 ita
1657 529 1712 575 et
1760 532 1919 574 nunc.

328 612 502 683 Magia
546 622 701 678 erat,
749 622 805 668 et
851 620 1029 668 tamen
1070 612 1186 667 hac
1221 612 1371 683 signa
1416 610 1695 667 maniksta
1737 617 1921 676 erant,

326 702 573 772 quamvis
591 701 795 757 nullum
819 701 890 756 ibi
909 710 1184 771 oporteret
1201 716 1319 756 esse
1338 688 1743 765 daemoniacum,
1764 713 1925 769 quan-

326 793 614 863 doquidem
652 811 681 847 u
712 795 884 848 multo
920 795 1030 862 jam
1076 804 1316 863 tempore
1354 793 1543 864 magiis
1583 792 1926 848 dementabat

325 884 448 939 illos
479 901 496 939 :
527 885 651 954 quia
681 897 812 941 vero
835 886 986 940 multi
1013 894 1171 941 erant
1195 886 1546 952 daemoniaci,
1578 882 1732 940 mitlti
1763 898 1921 954 para-

327 975 510 1047 lytici;
552 975 645 1031 illa
690 977 886 1032 veritas
931 991 1036 1032 non
1077 985 1252 1032 erant.
1291 977 1389 1031 llic
1434 991 1566 1031 vero
1608 991 1714 1031 non
1755 974 1922 1046 signis

326 1063 510 1126 modo.
540 1064 636 1120 sed
669 1066 836 1122 verbo
865 1068 988 1123 illos
1012 1067 1296 1123 inducebat
1320 1068 1389 1122 de
1418 1082 1583 1136 regno
1609 1065 1806 1123 Christi
1837 1066 1920 1120 lo-

323 1170 517 1225 quens.
545 1158 616 1211 At
642 1158 827 1213 Simon
845 1200 861 1225 ,
902 1158 1108 1229 inquit,
1137 1160 1434 1229 baptizatus
1453 1159 1764 1214 adhmrebat
1794 1157 1916 1212 Phi-

326 1245 495 1315 lippo.
522 1245 641 1302 Non
676 1248 796 1303 ﬁdei
827 1263 1008 1314 causa,
1035 1249 1132 1305 sed
1158 1260 1216 1305 ut
1241 1251 1359 1305 talis
1392 1251 1503 1320 ipse
1529 1251 1701 1316 ﬁeret,
1731 1251 1922 1304 atlhre-

323 1339 497 1394 rebat.
533 1339 634 1407 Qui
659 1357 773 1395 cum
797 1343 1045 1397 uenissent
1069 1352 1336 1397 orauerunt
1372 1360 1464 1415 pro
1501 1344 1661 1414 ipsis,
1702 1352 1758 1397 ut
1786 1343 1922 1397 acci-

324 1440 502 1501 perent
526 1430 780 1502 Spiritum
804 1443 1037 1488 sanctum
1063 1449 1084 1488 :
1109 1434 1336 1489 nondum
1363 1435 1495 1488 enim
1531 1435 1586 1489 in
1621 1450 1921 1506 quemquam

322 1523 532 1577 illarum
568 1533 790 1579 venerat.
823 1514 967 1580 Tunc
1006 1525 1326 1596 imponebaat
1355 1542 1539 1580 manus
1575 1539 1729 1593 super
1763 1526 1914 1592 illos,

322 1623 373 1667 et
397 1613 708 1684 accipiebant
746 1614 1000 1684 Spiritum
1027 1627 1276 1672 sanctum.
1312 1616 1473 1672 Vides
1515 1615 1630 1671 haec
1674 1630 1781 1671 non
1829 1625 1918 1670 ut-

323 1720 556 1775 cumque
582 1704 697 1761 ﬁeri
716 1746 731 1771 ,
763 1705 859 1762 sed
889 1707 1051 1763 multa
1081 1722 1218 1778 opus
1247 1708 1412 1763 luisse
1447 1707 1640 1763 virtute
1677 1707 1742 1762 ad
1781 1707 1918 1762 dan-

322 1794 450 1850 dum
481 1794 741 1865 Spiritum
771 1797 1062 1852 sanctum?
1100 1797 1216 1853 Non
1245 1798 1390 1853 enim
1422 1798 1564 1853 idem
1604 1808 1687 1854 est
1721 1798 1916 1853 remis-

321 1888 530 1942 sionem
546 1888 827 1960 consequi,
846 1898 901 1945 et
917 1889 1077 1946 talem
1099 1892 1343 1961 accipere
1358 1898 1698 1962 potestatem.
1729 1889 1918 1947 Videas

321 1990 491 2035 autem
517 1980 722 2050 Simon,
750 1982 890 2052 quod
909 1999 998 2055 per
1014 1984 1386 2057 impositionem
1399 2000 1638 2039 manuum
1652 1986 1915 2056 apostolo-

323 2090 436 2126 rum
451 2074 663 2129 daretur
680 2074 909 2145 Spiritus
925 2086 1150 2144 sanctus,
1165 2077 1346 2132 obtulit
1361 2078 1488 2146 ipsis
1499 2079 1760 2148 pecunias.
1780 2077 1914 2132 Num

321 2162 457 2216 alios
484 2162 591 2219 hoc
614 2161 875 2221 facientes
902 2164 1071 2221 vidit?
1098 2181 1230 2221 num
1266 2166 1612 2237 Philippum?
1649 2182 1774 2222 num
1821 2184 1917 2237 pu-

323 2254 470 2309 tabat
490 2254 641 2323 ipsos
664 2270 774 2311 non
803 2270 989 2325 nosse,
1014 2271 1122 2329 quo
1144 2258 1236 2314 ille
1254 2258 1433 2313 animo
1453 2257 1766 2314 accederet?
1792 2258 1916 2315 Ideo

323 2346 462 2402 bene
491 2345 683 2403 Petrus
710 2362 823 2404 rem
854 2349 1054 2404 donum
1081 2359 1271 2415 vocat,
1297 2349 1485 2406 dicens
1513 2365 1528 2403 :
1561 2348 1788 2403 Pecunia
1829 2360 1916 2403 tua

321 2448 483 2491 tecum
526 2439 594 2495 sit
629 2440 685 2494 in
723 2440 1056 2511 perditionem
1077 2482 1093 2505 ,
1139 2442 1380 2512 quoniam
1407 2443 1701 2497 existimasti
1727 2442 1916 2497 donum

325 2526 421 2582 Dei
445 2529 677 2599 pecuniis
702 2531 914 2600 acquiri.
959 2530 1147 2586 Viden‘
1175 2531 1370 2603 ubique
1397 2547 1563 2602 puros
1596 2534 1713 2588 illos
1751 2548 1781 2586 a
1823 2548 1916 2603 pe-

318 2620 532 2679 cuuiis?
556 2620 683 2677 Non
706 2631 781 2679 est
817 2623 907 2678 tibi
930 2640 1052 2695 pars
1090 2640 1250 2694 neque
1280 2641 1392 2680 sors
1424 2626 1477 2679 in
1516 2641 1744 2680 sermone
1768 2626 1866 2681 ista
1894 2640 1913 2680 :

319 2729 407 2769 cor
430 2715 566 2769 enim
597 2723 738 2771 tuum
766 2732 869 2770 non
894 2726 968 2771 est
992 2725 1185 2771 rectum
1208 2732 1381 2771 coram
1426 2716 1549 2772 Deo.
1597 2718 1780 2788 Itaque
1817 2732 1915 2788 per

321 2806 580 2860 malitiam
607 2807 783 2861 omnia
812 2805 1043 2863 faciebat
1073 2825 1086 2861 :
1113 2809 1259 2879 atqui
1282 2808 1584 2878 simplicem
1607 2824 1731 2864 esse
1753 2824 1915 2879 opor-

320 2895 484 2952 tebat.
517 2896 871 2951 Ptenitentiam
908 2899 1078 2969 itaque
1102 2916 1213 2970 age.
1251 2897 1314 2954 In
1355 2899 1474 2970 felle
1500 2900 1633 2954 enim
1660 2902 1910 2954 amaritu-

319 2986 475 3053 dinis,
503 2997 550 3042 et
577 2989 632 3042 in
658 2988 861 3044 vinculo
888 2989 1168 3060 iniquitatis
1194 2990 1339 3044 uideo
1365 3000 1412 3045 te
1440 3007 1562 3046 esse.
1592 2992 1794 3062 Magna:
1819 2993 1912 3048 irae

319 3079 482 3134 verba
511 3087 656 3134 sunt.
684 3079 800 3135 Non
827 3080 982 3150 punit
1006 3088 1187 3135 autem
1218 3082 1391 3150 ipsum
1409 3123 1425 3147 ,
1469 3092 1527 3137 ut
1567 3098 1634 3137 ne
1657 3083 1911 3154 deinceps

318 3170 453 3225 lides
481 3184 547 3225 es
575 3170 899 3227 necessitate
924 3180 1099 3239 esset,
1127 3186 1230 3228 nec
1255 3187 1343 3228 res
1371 3173 1605 3230 crudelis
1629 3188 1750 3230 esse
1771 3175 1912 3230 vide-

316 3270 499 3328 retur;
532 3271 696 3332 utque
730 3262 1100 3332 ptenitentiam
1145 3263 1422 3320 induceret
1473 3282 1488 3319 :
1544 3266 1627 3321 vel
1671 3267 1795 3336 quia
1842 3266 1909 3321 ad

314 3352 706 3409 correctionem
742 3353 1045 3410 sufﬁciebat
1082 3355 1364 3426 arguisse,
1403 3364 1458 3411 et
1495 3372 1616 3425 quas
1652 3357 1707 3411 in
1746 3357 1911 3413 corde

315 3455 470 3499 erant
511 3445 746 3512 dixisse,
788 3454 848 3501 ut
889 3445 979 3501 ille
1018 3446 1369 3502 conﬁteretur
1411 3461 1471 3503 se
1505 3456 1719 3518 captum
1766 3462 1908 3505 esse.

315 3537 448 3593 Cum
481 3538 626 3593 enim
652 3538 811 3606 dicit,
845 3530 1137 3594 Precamini
1163 3554 1251 3593 vos
1277 3555 1370 3611 pro
1399 3556 1509 3606 me,
1541 3541 1593 3596 id
1624 3541 1912 3598 conﬁtetur

315 3637 369 3683 et
409 3627 635 3684 indicat.
678 3628 816 3684 Vide
857 3629 1126 3698 quomodo
1153 3631 1397 3701 quamvis
1437 3631 1696 3688 scelestus
1730 3641 1906 3700 esset,

317 3718 632 3789 redargutus
661 3728 841 3775 tamen
869 3719 1130 3787 credidit,
1160 3730 1218 3776 ut
1243 3729 1297 3777 et
1337 3720 1552 3779 humilis
1589 3721 1760 3778 factus
1789 3731 1906 3792 est,

313 3809 530 3878 quando
552 3809 749 3865 iterum
778 3809 1097 3882 redargutus
1119 3820 1221 3867 est.
1258 3812 1450 3885 Videas
1477 3814 1643 3885 signa,
1673 3830 1787 3885 qua:
1815 3815 1908 3883 ﬁe-

313 3900 452 3967 bant,
475 3901 753 3973 obstupuit,
775 3902 1064 3958 ostendens
1083 3884 1418 3958 meuditcium
1446 3884 1630 3969 fuisse,
1653 3884 1907 3975 quidquid

312 3989 428 4060 ipse
454 3990 705 4047 faciebat.
745 3992 863 4049 Non
905 3993 1070 4061 dixit,
1117 3996 1392 4063 Accessit;
1433 3995 1563 4060 sed,
1615 3995 1903 4067 Obstupuit.

274 4148 281 4155 .
314 4081 381 4136 Et
407 4098 507 4137 cur
534 4100 641 4139 non
670 4085 773 4141 hoc
800 4086 981 4141 statim
1011 4087 1171 4142 facit?
1200 4087 1427 4144 Putabat
1445 4104 1505 4144 se
1533 4104 1689 4159 posse
1718 4090 1903 4160 latere,

312 4177 533 4245 putabat
558 4186 729 4233 artem
755 4191 882 4233 esse
906 4178 1047 4249 quod
1078 4178 1240 4234 ﬁebat
1270 4197 1286 4235 :
1317 4181 1407 4251 qui
1446 4188 1625 4236 autem
1664 4197 1772 4237 non
1814 4197 1907 4252 po-

311 4269 413 4322 tttit
434 4269 712 4339 apostolos
739 4271 905 4327 latere
923 4313 939 4339 ,
966 4275 1212 4328 accessit.
1243 4274 1287 4326 Α
1315 4275 1489 4329 multis
1514 4276 1669 4342 enim,
1697 4277 1783 4347 qui
1814 4278 1906 4333 Ita-

310 4361 489 4416 bebant
530 4363 740 4433 spiritus
779 4363 1066 4419 immundos
1085 4404 1100 4430 ,
1141 4363 1416 4419 clamantes
1450 4366 1528 4419 illi
1563 4383 1680 4421 voce
1720 4385 1905 4440 magna

310 4452 536 4508 exibant.
586 4453 699 4510 lloc
738 4456 1047 4526 egrediendi
1090 4456 1300 4526 signum
1346 4458 1686 4515 manifestum
1752 4472 1900 4529 erat;

310 4558 586 4614 magorum
627 4561 758 4602 vero
786 4548 935 4618 signa
960 4561 993 4602 e
1020 4545 1292 4601 contrario
1322 4563 1336 4600 :
1369 4548 1441 4602 illi
1471 4566 1698 4623 namque
1737 4555 1903 4624 magis

307 4636 619 4707 alligabant.
651 4638 804 4693 Multi
831 4640 1102 4711 paralytici
1122 4649 1168 4697 et
1187 4644 1360 4699 claudi
1387 4647 1554 4699 sanati
1575 4655 1713 4700 sunt.
1747 4646 1901 4701 Nulla

311 4725 397 4781 hie
425 4739 545 4784 erat
574 4729 782 4785 fallacia
809 4749 824 4786 :
847 4747 968 4787 nam
991 4734 1277 4804 Oportebat
1297 4736 1569 4791 ambulare
1594 4746 1648 4791 et
1668 4737 1899 4806 operari.

308 4818 674 4876 Auscultabant
698 4832 865 4878 autem
886 4825 965 4880 illi
1000 4841 1192 4892 omnes,
1221 4826 1439 4883 dicentes
1471 4843 1489 4881 :
1518 4826 1618 4881 Hic
1645 4837 1719 4881 est
1748 4829 1903 4882 virtus

310 4909 424 4966 Dei.
454 4912 555 4967 llic
581 4913 838 4983 impletur
863 4916 991 4972 illud
1022 4919 1216 4975 Christi
1247 4920 1448 4975 dictum
1483 4937 1497 4974 :
1528 4919 1680 4974 Multi
1711 4923 1902 4976 vrttient

308 5004 679 5069 pseudoeltristi
701 5013 748 5060 et
769 5008 1220 5080 pseudopropheta:
1267 5013 1319 5065 in
1340 5011 1545 5066 nomine
1568 5027 1676 5065 nico
1708 5012 1897 5083 (Marc.

308 5096 395 5150 15.
423 5095 555 5168 22).
588 5097 765 5166 Quare
789 5115 896 5154 non
925 5101 1101 5155 statim
1133 5100 1279 5155 illum
1310 5102 1735 5173 redarguernnt?
1759 5103 1901 5159 Satis

308 5186 576 5244 habebant
602 5189 748 5260 quod
777 5204 900 5246 sese
924 5192 1306 5246 condemnaret
1331 5210 1344 5246 :
1372 5195 1569 5249 ctenim
1596 5205 1651 5250 et
1679 5195 1781 5250 hoc
1804 5196 1896 5251 do-

305 5283 490 5337 ctrina:
515 5292 654 5338 erat.
683 5283 817 5351 Quia
844 5292 1023 5338 autem
1053 5285 1303 5339 resistere
1329 5302 1434 5339 non
1464 5298 1703 5355 poterat,
1734 5289 1900 5343 simu-

305 5374 493 5441 lat,ut
519 5377 663 5449 magi
703 5377 786 5447 illi
824 5377 914 5447 qui
955 5376 1206 5432 dicebant
1247 5395 1260 5431 :
1315 5377 1429 5433 Hoc
1467 5380 1652 5451 digitus
1696 5380 1789 5436 Dei
1823 5393 1899 5437 est

360 5573 434 5636 (a)
467 5572 590 5624 Cum
605 5573 684 5636 ait
720 5572 815 5622 sub
837 5577 999 5635 Moyse
1026 5569 1257 5636 miracula
1284 5583 1373 5633 per
1395 5575 1803 5636 comparationem
1828 5575 1895 5625 fa-

301 5639 378 5682 cta
414 5633 535 5686 esse
554 5669 570 5691 ,
599 5635 657 5698 id,
692 5640 797 5695 est,
826 5633 1354 5698 pericomparationem
1387 5633 1517 5682 cum'
1536 5635 1778 5698 miraculis
1803 5652 1893 5698 por

293 5707 452 5762 magos
477 5696 719 5760 patratis,
749 5708 809 5746 ea
833 5695 1159 5758 probabantur
1183 5707 1297 5745 esse
1320 5707 1438 5747 vera
1464 5703 1515 5746 et
1547 5709 1574 5745 a
1607 5695 1716 5746 Deo
1751 5695 1893 5759 proli-

293 5766 426 5814 ClSet.
844 5766 850 5772 ⁴

1291 312 1358 369 ΙΝ
1395 311 1579 371 ACTA
1620 309 2144 369 APOSTOLORUM.
2188 310 2416 370 ΗΟΜΠ..
2466 312 2653 371 XVIII.

3504 327 3607 386 HG

2036 424 2237 495 (Exod.
2267 429 2322 485 8.
2355 429 2464 501 l9).
2494 429 2570 485 Ne
2596 446 2725 488 vero
2751 448 2936 492 rursus
2964 438 3348 509 expelleretur,
3381 441 3505 499 ideo
3533 446 3618 500 ad-

2031 516 2262 574 hmrebat
2293 519 2560 592 Philippo,
2589 539 2690 580 nec
2718 514 3030 584 recedebat.

2098 613 2152 667 4.
2179 612 2314 679 Quot
2332 607 2466 669 bona
2485 633 2621 671 mors
2642 617 2891 689 Stephani
2911 622 3312 682 attulerit.—'l'u
3335 642 3468 684 vero
3488 628 3615 684 mihi

2029 702 2300 772 perpende
2319 744 2335 770 ,
2366 716 2496 775 quot
2523 719 2827 780 quantaque
2857 711 3236 783 dispensentur
3266 733 3360 788 per
3386 730 3614 775 mortem

2028 792 2307 863 Stephani.
2340 795 2730 870 Disperguntur
2752 817 2849 872 per
2874 804 3120 873 regiones
3142 805 3340 862 Iudaea!
3360 819 3414 864 et
3433 810 3623 866 Sama-

2027 884 2151 953 rite,
2175 890 2541 959 evangelizant
2560 891 2805 961 verbum,
2833 896 3126 964 pra-dicant
3149 897 3442 966 Christum,
3464 904 3614 971 signa

2027 975 2225 1045 edunt,
2258 980 2512 1049 paulatim
2544 982 2595 1037 hi
2622 983 2822 1040 donum
2849 987 3136 1058 accipiunt.
3172 989 3283 1044 lloc
3313 991 3504 1061 duplex
3536 995 3615 1049 si-

2026 1081 2189 1137 gnum
2220 1081 2339 1126 erat
2367 1091 2380 1128 :
2409 1087 2533 1129 nam
2557 1084 2611 1130 et
2638 1076 2744 1131 illis
2770 1077 2899 1133 dare
2928 1088 2980 1133 et
3013 1078 3136 1135 huic
3160 1096 3266 1136 non
3294 1082 3457 1147 dare;
3498 1099 3615 1138 ma-

2026 1177 2190 1233 gnum
2218 1174 2335 1221 erat
2373 1167 2605 1238 signum.
2639 1170 2730 1225 25.
2761 1170 2827 1225 Et
2853 1172 2933 1226 illi
2959 1174 3157 1243 quidem
3185 1175 3436 1244 testiﬁcati
3463 1188 3508 1230 et
3536 1178 3615 1231 ιο.

2025 1254 2168 1323 quuti
2193 1258 2394 1311 verbum
2423 1258 2643 1325 Domini,
2668 1265 2849 1317 reversi
2869 1275 2987 1318 sunt
3013 1266 3063 1319 in
3083 1264 3386 1335 Jerusalem,
3414 1278 3461 1321 et
3486 1270 3620 1322 mul—
3692 1260 3709 1273 ’

2026 1350 2091 1402 tis
2134 1349 2254 1403 vicis
2299 1352 2738 1421 Samaritanorum
2784 1359 3209 1428 evangelicabant.
3260 1358 3404 1416 Bene
3445 1361 3610 1426 dixit,

2025 1439 2323 1511 Testi/icali.
2346 1444 2721 1516 Testilicantur
2747 1446 2973 1502 fortasse
2994 1460 3211 1520 propter
3235 1451 3405 1517 illum,
3431 1467 3497 1507 ne
3521 1453 3618 1508 de-

2024 1533 2311 1603 cipiantur,
2344 1543 2402 1588 nt
2428 1545 2610 1605 postea
2638 1536 2690 1591 in
2721 1546 2836 1593 tuto
2855 1550 3057 1607 essent,
3086 1557 3153 1596 ne
3181 1542 3441 1612 inexperti
3471 1558 3615 1614 stupe

2023 1623 2417 1694 abriperentur.
2450 1626 2657 1683 Reversi
2694 1640 2810 1683 sunt
2846 1629 3237 1703 Jerosolymam.
3277 1633 3387 1690 Cur
3420 1636 3611 1691 iterum

2024 1714 2115 1770 illo
2140 1716 2463 1781 concedunt.
2494 1718 2583 1774 ubi
2616 1721 2855 1792 tyrannis
2882 1731 3031 1789 erat,
3062 1724 3149 1779 ubi
3178 1724 3437 1781 malorum
3467 1728 3614 1797 prino

2021 1807 2247 1878 cipium,
2280 1809 2367 1864 ubi
2394 1812 2625 1866 maxime
2655 1815 2979 1884 sanguinarii
3019 1818 3210 1873 erant?
3251 1817 3319 1875 Ut
3362 1820 3417 1875 in
3458 1821 3614 1877 bellis

2022 1897 2184 1955 duces
2215 1899 2449 1967 faciunt,
2486 1913 2541 1958 et
2579 1904 2721 1961 bello
2762 1906 3089 1964 laborantem
3130 1920 3334 1980 partem
3364 1922 3553 1983 petunt
3591 1928 3607 1967 :

2024 1989 2253 2060 idipsum
2301 1992 2354 2047 hi
2403 2004 2673 2063 praestant.
2720 1996 2853 2053 Vide
2891 2015 3103 2056 rursum
3151 2016 3257 2057 non
3300 2006 3475 2074 primo
3516 2020 3611 2061 ve-

2022 2083 2229 2139 nientes
2253 2085 2579 2153 Samariam,
2608 2087 2702 2143 sed
2730 2088 2912 2158 pulsos
2936 2091 3242 2162 discipulos,
3270 2094 3409 2150 sicut
3432 2104 3487 2151 et
3513 2097 3612 2152 sub

2018 2174 2252 2242 Christo,
2284 2187 2338 2232 et
2365 2180 2637 2248 apostolos
2665 2181 2731 2235 ad
2761 2196 2857 2237 eos
2884 2183 3273 2253 Samaritanos,
3306 2189 3395 2258 qui
3426 2188 3604 2242 credi-

2019 2267 2240 2334 derant,
2270 2269 2483 2325 demum
2523 2272 2738 2330 miseos.
2765 2272 2891 2329 Cum
2919 2277 3175 2334 audissent
3200 2288 3385 2345 autem,
3417 2280 3608 2352 inquit,

2019 2360 2266 2431 apostoli,
2295 2363 2382 2433 qui
2414 2374 2556 2419 eram
2582 2364 2916 2439 Jerosolymis
2932 2409 2950 2437 ,
2978 2372 3218 2425 miserunt
3255 2372 3326 2425 ad
3362 2373 3477 2429 illos
3507 2373 3608 2429 Pe~

2020 2466 2151 2510 trum
2178 2468 2225 2512 et
2251 2457 2523 2513 Joannem.
2554 2459 2664 2516 Cur
2692 2462 3014 2518 mittuntur?
3053 2463 3119 2521 Ut
3160 2464 3279 2520 illos
3309 2467 3539 2523 liberent
3579 2482 3608 2522 a

2021 2547 2223 2617 magia,
2266 2557 2325 2604 ut
2368 2549 2471 2604 illis
2516 2550 2815 2608 doctrinam
2863 2564 3324 2621 commemorent,
3373 2572 3533 2628 quam
3576 2573 3607 2613 a

2017 2641 2231 2697 Christo
2256 2642 2575 2699 didicerant.
2601 2646 2734 2701 Cum
2764 2655 3038 2716 oporteret
3066 2663 3196 2718 ergo
3221 2649 3367 2704 illum
3395 2659 3607 2705 contra-

2019 2733 2154 2788 rium
2182 2743 2398 2805 petere,
2430 2745 2486 2789 ut
2513 2736 2778 2806 acciperet
2805 2736 3060 2806 Spiritum
3087 2749 3328 2794 sanctum
3349 2781 3366 2808 ,
3398 2741 3443 2795 is
3477 2740 3607 2796 illttd

2018 2823 2152 2878 nihil
2178 2838 2399 2889 curans,
2432 2825 2565 2895 petit
2592 2834 2650 2881 ut
2677 2826 2797 2882 aliis
2823 2826 2955 2884 dare
2986 2829 3151 2897 possit
3181 2846 3196 2883 :
3227 2830 3327 2885 etsi
3360 2830 3458 2900 ipsi
3498 2845 3607 2886 non

2017 2916 2166 2971 illum
2210 2917 2281 2972 ita
2319 2930 2631 2988 acceperant
2657 2960 2673 2985 ,
2714 2928 2775 2974 ut
2802 2919 2932 2975 dare
2969 2922 3356 2991 possent.'Sed
3395 2920 3608 2980 volebat

2016 3010 2105 3065 hic
2148 3010 2395 3081 Philippo
2433 3010 2629 3077 clarior
2654 3027 2795 3079 esse,
2824 3012 2914 3081 qni
2957 3014 3096 3068 inter
3134 3013 3420 3083 discipulos
3465 3023 3601 3070 erat.

2016 3101 2245 3157 Pecunia
2271 3112 2359 3157 tua
2384 3112 2543 3158 tecum
2562 3104 2626 3158 sit
2648 3105 2701 3158 in
2721 3105 3070 3175 perditionem.
3093 3104 3210 3161 Non
3238 3107 3602 3178 imprecantis,

2014 3192 2110 3249 sed
2141 3194 2460 3265 corrigentis
2489 3193 2604 3250 haec
2631 3205 2777 3250 sunt.
2807 3196 2939 3264 Quia
2964 3197 3109 3253 enim
3148 3197 3237 3253 illa
3280 3213 3387 3253 non
3426 3207 3480 3254 ut
3508 3212 3606 3269 par

2015 3294 2130 3341 erat
2172 3286 2444 3349 utebatur,
2478 3286 2597 3342 Tibi
2631 3288 2733 3354 sit,
2764 3288 2984 3360 inquit,
3027 3290 3116 3360 qui
3157 3289 3276 3345 talis
3308 3288 3401 3355 "es;
3441 3304 3504 3346 ac
3555 3290 3600 3344 si

2013 3380 2135 3449 quis
2163 3379 2370 3435 diceret
2401 3398 2414 3433 :
2449 3379 2581 3436 Cum
2612 3381 2888 3451 proposito
2918 3391 3009 3437 tuo
3049 3390 3270 3452 pereat,
3296 3380 3451 3457 quod
3495 3393 3601 3437 tam

2013 3469 2189 3524 viliter
2217 3472 2417 3526 sentias
2444 3472 2513 3528 de
2543 3473 2685 3528 dono
2716 3473 2830 3538 Dei,
2860 3472 3002 3543 quod
3030 3472 3288 3542 sperabas
3313 3473 3601 3529 humanam

2012 3562 2233 3616 omnino
2286 3578 2402 3618 rem
2428 3576 2550 3618 esse
2581 3581 2595 3618 :
2629 3579 2739 3619 non
2771 3565 2841 3620 ita
2871 3581 2929 3620 se
2960 3565 3141 3621 habet.
3168 3563 3225 3622 Si
3246 3580 3373 3635 ergo
3412 3582 3601 3621 acces—

2013 3651 2204 3717 sisset,
2237 3661 2295 3707 ut
2342 3653 2705 3709 accedendum
2756 3665 2896 3723 erat,
2950 3657 3139 3712 saltem
3187 3666 3434 3727 receptus
3473 3656 3601 3712 t‘uis-

1971 3758 1988 3774 ·
2012 3749 2097 3798 set
2119 3743 2159 3811 ί,
2206 3744 2395 3797 saltem
2441 3759 2545 3798 non
2595 3754 2649 3799 ut
2687 3746 2851 3814 peStis
2891 3746 3123 3817 rejectus
3164 3747 3368 3803 fuisset.
3409 3748 3601 3803 Viden’

2012 3848 2135 3889 eum
2152 3874 2167 3898 ,
2191 3834 2280 3903 qui
2309 3848 2468 3904 parva
2498 3835 2567 3891 de
2596 3839 2802 3908 magnis
2828 3838 3009 3903 sentit,
3037 3839 3320 3908 dupliciter
3339 3840 3600 3913 peccare?

2015 3926 2130 3979 Duo
2158 3925 2318 3996 igitur
2345 3927 2420 3982 illi
2452 3928 2693 3998 praecipit
2723 3946 2738 3983 ι
2776 3927 3129 3983 Paenitentiam
3155 3948 3277 4003 age,
3317 3943 3364 3985 et
3407 3948 3523 3997 ora,
3556 3933 3598 3986 si

2014 4017 2148 4087 forte
2183 4020 2468 4074 remittatur
2509 4021 2597 4075 tibi
2638 4022 2871 4092 cogitatio
2905 4025 3073 4078 cordis
3110 4025 3182 4076 tui
3211 4043 3229 4078 :
3258 4035 3360 4078 tam
3403 4025 3597 4078 malam

2011 4122 2124 4163 rem
2154 4110 2501 4180 cogitaverat.
2533 4114 2652 4168 Ideo
2672 4115 2775 4179 ait,
2802 4113 2863 4167 Si
2888 4115 3018 4183 forte
3037 4117 3315 4169 remittatur
3335 4116 3450 4177 tibi,
3475 4115 3596 4183 quia

2011 4201 2214 4258 sciebat
2242 4204 2655 4274 ineorrigihilem
2684 4221 2822 4260 esse.
2858 4208 2925 4261 At
2963 4208 3049 4261 ille
3093 4208 3267 4261 timuit
3300 4208 3597 4266 multitudi-

2013 4310 2166 4359 nem,
2208 4303 2265 4349 et
2302 4296 2488 4350 metuit
2527 4310 2742 4365 negare.
2776 4294 2935 4351 Certe
2965 4297 3065 4351 nisi
3109 4298 3351 4352 turbatus
3381 4298 3594 4365 fuisset,

2009 4387 2234 4442 dixisset
2263 4386 2474 4456 utique,
2505 4400 2564 4441 se
2591 4386 2878 4440 IlCSClVlSSC
2898 4396 2953 4440 et
2973 4387 3336 4456 imprudenter
3365 4388 3554 4444 fecisse
3580 4410 3592 4444 :

2009 4490 2064 4535 at
2092 4480 2184 4535 ille
2215 4480 2489 4550 perculsus
2518 4488 2619 4544 est,
2652 4484 2842 4547 primo,
2867 4479 3005 4549 quod
3032 4480 3199 4549 signis
3223 4489 3407 4550 captus
3430 4492 3591 4545 esset;

2009 4572 2266 4639 secundo,
2298 4570 2439 4641 quod
2470 4586 2588 4637 qum
2617 4573 2666 4624 in
2698 4581 2875 4625 mente
2907 4574 3170 4636 versabat,
3202 4574 3479 4629 manifesta
3511 4591 3591 4630 es-

2009 4675 2149 4721 sent.
2180 4665 2301 4719 Ideo
2334 4664 2515 4734 procul
2547 4675 2727 4733 poSIea
2759 4663 2923 4730 abiit,
2957 4680 3145 4734 nempe
3169 4663 3412 4734 Romam,
3443 4669 3592 4737 quasi
3670 4714 3685 4725 .

2008 4772 2116 4812 non
2143 4767 2398 4812 venturus
2426 4757 2517 4810 illo
2544 4767 2687 4812 esset
2712 4756 3004 4825 apostolus.
3041 4756 3245 4822 Multis,
3277 4759 3480 4829 inquit,
3511 4777 3589 4814 re.

2006 4849 2236 4920 gionibus
2259 4847 2694 4903 Samaritanorum
2716 4846 3143 4917 euangelizabant.
3175 4848 3305 4902 Vide
3326 4850 3593 4919 quomodo

2008 4943 2119 5011 ipsa
2150 4941 2336 4995 itinera
2365 4941 2472 4996 illis
2503 4940 2772 5011 negotium
2816 4939 3108 4995 all‘erebant
3145 4957 3159 4994 :
3198 4939 3291 4994 sed
3332 4957 3436 4995 non
3477 4942 3593 4996 sine

2006 5046 2165 5087 causa
2196 5032 2297 5086 iter
2322 5032 2705 5101 suscipiebant.
2736 5031 2893 5088 Tales
2925 5048 3023 5087 nos
3047 5032 3390 5103 migratioucs
3416 5032 3593 5089 facere

2005 5131 2297 5195 oporteret.
2328 5122 2396 5178 Et
2422 5122 2549 5195 quid
2579 5124 2701 5178 dico
2725 5124 3111 5194 migrationes?
3137 5124 3284 5179 Multi
3313 5127 3460 5181 vicos
3492 5125 3557 5180 ha

2008 5215 2133 5269 hent
2158 5222 2214 5268 et
2238 5229 2417 5284 agros,
2447 5223 2502 5269 ct
2529 5230 2633 5269 non
2686 5215 2772 5269 illa
2802 5223 3026 5280 curant;
3055 5214 3148 5268 sed
3174 5215 3442 5285 quomodo
3474 5215 3587 5270 bal-

2009 5320 2166 5361 neum
2208 5307 2331 5371 ﬁat,
2364 5315 2416 5361 et
2455 5308 2622 5376 pretia
2661 5317 2939 5374 crescant,
2980 5317 3039 5362 ut
3065 5309 3200 5361 aula:
3237 5316 3288 5362 et
3324 5307 3588 5363 domicilia

2003 5406 2402 5464 construantur,
2450 5399 2672 5453 multam
2718 5399 2918 5453 habent
2960 5399 3411 5463 sollicitudinem;
3452 5414 3586 5468 quo-

2006 5490 2167 5546 tnodo
2192 5500 2367 5544 autem
2397 5491 2588 5544 anima:
2615 5491 2946 5552 excolantur,
2977 5506 3083 5543 non
3111 5491 3258 5543 item.
3289 5489 3352 5542 Et
3385 5498 3437 5542 tu
3467 5489 3587 5559 qui-

2004 5584 2125 5637 dem
2147 5624 2162 5648 ,
2190 5581 2234 5636 si
2265 5582 2444 5651 spinas
2483 5583 2532 5637 in
2559 5596 2687 5652 agro
2711 5581 2923 5643 videas,
2956 5594 3135 5645 secus,
3174 5579 3304 5646 uris,
3334 5579 3583 5647 destruis,

2070 5698 2083 5727 ¹
2114 5695 2260 5744 Juxta
2285 5693 2405 5742 alios
2429 5692 2692 5753 legendum
2714 5729 2727 5753 ,
2750 5691 2792 5741 si
2812 5691 2941 5742 enim
2963 5692 3013 5741 in
3034 5690 3180 5742 corde
3206 5699 3335 5742 recto
3355 5691 3574 5743 accessis-

2009 5767 2096 5817 set,
2124 5759 2300 5807 saltem
2334 5757 2501 5806 bonum
2527 5754 2673 5817 ipsius
2709 5753 2993 5804 roluntatem
3024 5753 3286 5818 exstitisset
3307 5755 3566 5817 apostolus.
