4088 6142
468 294 570 350 MT

468 420 527 464 ut
552 420 748 465 terram
777 406 846 460 ab
873 406 971 459 hac
997 404 1230 474 pernicie
1254 402 1451 457 liberes
1478 419 1492 455 :
1527 399 1613 456 ubi
1643 409 1819 454 autem
1846 397 2051 468 agrico-

468 502 545 554 las
576 498 724 553 vides
748 497 917 566 spinis
946 490 1153 564 plenos,
1181 510 1280 550 nec
1310 506 1553 556 resecas;
1596 506 1700 545 nou
1747 489 1900 543 times
1922 529 1937 553 ,
1968 486 2055 542 dic

469 589 597 643 mihi
619 631 635 656 ,
665 602 763 643 nec
791 585 1131 641 exhorrescis
1154 626 1168 649 ,
1202 585 1347 637 illum
1386 583 1624 653 cogitans
1662 579 1750 651 qui
1791 578 2053 633 rationem

468 690 759 737 exacturus
784 678 904 734 est?
939 691 1118 731 annon
1156 683 1428 744 eporteret
1465 673 1700 742 singulos
1739 669 1924 724 ﬁdeles
1960 683 2053 723 ec-

466 772 683 827 clesiam
700 779 1032 834 construere,
1052 769 1323 823 doctorem
1350 767 1547 820 habere
1562 764 1628 818 ad
1648 759 2055 818 conferendum?

466 872 593 917 ante
635 861 812 915 omnia
864 860 990 914 illud
1034 860 1085 913 in
1129 874 1293 928 scopo
1340 856 1569 920 habere,
1622 863 1678 909 ut
1718 868 1907 910 omnes
1949 852 2055 904 sint

466 953 798 1013 Christiani?
825 949 1124 1019 Quomodo,
1156 964 1358 1019 qnznso,
1405 946 1739 1003 Christianus
1767 944 1869 999 erit
1910 942 2053 1011 agri-

466 1052 582 1106 cola
600 1092 614 1117 ,
642 1064 773 1104 cum
795 1059 846 1103 te
875 1044 1051 1100 videat
1078 1043 1158 1097 sic
1189 1052 1330 1096 tuam
1360 1042 1627 1109 negligere
1654 1034 1917 1092 salutem?
1937 1033 2053 1088 Non

469 1155 619 1213 potes
649 1141 822 1195 facere
852 1140 1024 1209 signa,
1065 1142 1120 1191 et
1153 1134 1231 1189 sic
1262 1132 1618 1203 persuadere?
1656 1130 1859 1197 Quibus
1904 1135 2055 1197 potes

364 1227 387 1245 ’
468 1233 730 1306 persuade
761 1274 774 1297 ,
834 1228 1202 1293 lnunanitate,
1256 1225 1573 1296 patrocinio,
1624 1220 2051 1285 mansuetudine,

470 1324 760 1387 blanditiis,
791 1322 1014 1390 aliisque
1043 1318 1308 1372 omnibus.

539 1416 781 1470 Ecclesia:
818 1415 869 1467 in
908 1412 1059 1466 villis.
1090 1440 1161 1450 —
1188 1409 1228 1464 F
1232 1426 1321 1464 ora
1351 1407 1565 1479 quidem
1596 1416 1651 1493 et
1679 1405 1867 1462 balnea
1898 1404 2051 1459 multi

467 1508 687 1571 faciunt,
716 1505 968 1561 ecclesias
999 1517 1127 1558 vero
1165 1502 1423 1566 minime;
1452 1500 1629 1555 omnia
1665 1499 1861 1568 potius,
1893 1513 2053 1568 quam

468 1599 590 1654 hoc.
620 1597 742 1653 Ideo
766 1596 1027 1650 admoneo
1053 1602 1107 1647 et
1130 1592 1391 1662 supplico,
1420 1592 1752 1661 gratiamque
1778 1597 1919 1660 peto,
1947 1590 2056 1643 imo

467 1672 638 1761 legem
667 1703 807 1759 pono
831 1728 846 1752 ,
878 1696 935 1742 ut
961 1700 1119 1742 nemo
1148 1685 1322 1740 villam
1357 1685 1549 1739 habeat
1575 1684 1801 1740 ecclesia
1832 1698 1938 1738 non
1968 1684 2054 1736 in-

468 1794 746 1841 structam.
778 1781 855 1837 Ne
885 1780 1012 1835 mihi
1041 1780 1260 1842 dixeris,
1293 1778 1464 1847 Ριοιιθ
1493 1786 1595 1841 est,
1628 1777 1683 1832 in
1714 1776 1905 1831 vicinia
1930 1785 2011 1831 est
2038 1792 2051 1829 :

468 1875 632 1933 multa
661 1882 743 1929 est
773 1874 1033 1942 impensa,
1062 1870 1303 1925 modicus
1333 1879 1640 1940 pzoveutus.
1663 1867 1717 1924 Si
1740 1869 1865 1940 quid
1891 1868 2055 1924 habes

467 1965 794 2034 erogandum
843 1963 1199 2033 pauperibus,
1243 1962 1343 2017 hac
1384 1963 1435 2016 in
1480 1978 1537 2018 re
1579 1964 1785 2018 insume
1817 1979 1830 2017 :
1866 1962 2055 2017 melius

467 2058 595 2121 illic,
626 2072 782 2126 quam
818 2056 902 2110 hic
935 2074 948 2111 :
980 2057 1063 2112 ale
1096 2056 1393 2122 doctorem,
1425 2056 1507 2111 ale
1545 2056 1849 2122 diaconum,
1880 2066 1935 2111 et
1962 2072 2054 2111 sa-

466 2146 797 2203 cerdotalem
826 2155 1047 2202 ecettnn.
1079 2154 1156 2203 Ac
1184 2147 1227 2201 si
1259 2163 1477 2201 uxorem
1509 2147 1589 2201 vel
1620 2162 1872 2218 sponsam
1894 2147 2055 2203 duce-

468 2254 577 2307 res,
600 2253 663 2294 ac
688 2238 734 2293 si
761 2238 923 2292 filiam
954 2239 1179 2302 locares,
1203 2238 1281 2293 sic
1307 2246 1423 2292 esto
1453 2252 1575 2306 erga
1606 2238 1899 2293 Ecclesiam
1927 2237 2056 2292 alie-

467 2343 585 2388 ctus
617 2349 629 2385 :
657 2331 836 2386 dotem
882 2331 982 2400 ipsi
1016 2331 1226 2400 largire.
1258 2331 1346 2385 Sic
1390 2330 1480 2384 tibi
1520 2330 1644 2384 villa
1684 2330 2054 2386 benedictione

473 2423 783 2492 replebitur.
829 2420 967 2487 Quid
1008 2420 1131 2475 boui
1177 2437 1282 2476 non
1326 2422 1432 2477 illic
1469 2422 1611 2476 erit?
1648 2437 1905 2491 parumne
1932 2434 2050 2488 est,

467 2528 652 2583 quaeso
673 2554 688 2577 ,
724 2512 957 2567 torcular
993 2512 1279 2567 benedici?
1310 2528 1568 2582 parumne
1597 2523 1679 2568 est
1712 2514 1874 2569 Deum
1906 2514 2054 2583 prius

468 2620 535 2661 ex
575 2606 822 2660 omnibus
855 2604 1111 2660 fructibus
1156 2606 1259 2661 tuis
1297 2616 1498 2661 sortem
1535 2614 1589 2661 et
1626 2607 1885 2675 primitias
1912 2607 2049 2661 accin

467 2697 639 2766 pere?
661 2695 742 2749 Ad
770 2711 954 2763 pacem
980 2696 1331 2766 agricolarum
1362 2697 1462 2751 hoc
1486 2697 1611 2751 utile
1638 2707 1740 2752 est.
1768 2698 2055 2753 Venerabi-

467 2786 535 2841 lis
553 2786 655 2841 erit
677 2794 857 2856 postea
882 2788 1179 2858 presbyter,
1207 2789 1441 2857 illudque
1462 2789 1526 2842 ad
1550 2790 1687 2843 villa:
1710 2791 2050 2846 securitatem

466 2879 751 2935 conducet.
775 2878 1057 2935 Orationes
1079 2881 1187 2935 illic
1209 2891 1477 2951 perpetua:
1499 2898 1596 2951 pro
1619 2891 1668 2937 te
1694 2884 1840 2949 ﬁent,
1871 2883 2052 2954 hymni

466 2979 522 3023 et
540 2983 770 3039 synaxes
792 2979 1010 3037 propter
1031 2979 1101 3033 te,
1121 2970 1315 3023 oblatio
1339 2972 1560 3040 singulis
1585 2973 1893 3026 Dominicis.
1915 2973 2052 3038 Quid

469 3061 638 3130 magis
667 3060 1035 3116 admirandum
1063 3070 1147 3115 est
1166 3102 1181 3125 ,
1211 3062 1352 3129 quod
1382 3064 1468 3115 alii
1506 3064 1780 3133 splendida
1812 3065 2051 3133 sepulcra

467 3158 748 3206 exstruant
768 3190 781 3215 ,
810 3158 867 3204 ut
907 3152 1103 3221 posteri
1133 3151 1385 3219 audiant,
1418 3153 1563 3207 illum
1596 3154 1750 3208 talem
1786 3156 1898 3212 haec
1926 3172 2055 3211 con-

467 3242 765 3305 struxisse;
808 3256 876 3296 an
916 3243 1057 3312 quod
1100 3252 1153 3297 tu
1195 3245 1451 3300 ecclesias
1488 3248 1844 3302 excitaveris?
1871 3250 2052 3321 Cogita

468 3341 521 3388 te
551 3347 719 3402 usque
747 3332 813 3387 ad
843 3331 1039 3390 Christi
1076 3333 1364 3390 adventum
1407 3337 1710 3393 mercedem
1751 3339 2054 3397 habiturum

465 3439 608 3492 esse,
640 3424 684 3479 si
714 3425 881 3480 altare
913 3424 1007 3481 Dei
1040 3428 1376 3484 excitaveris.

537 3516 591 3571 5.
634 3517 730 3573 Dic
767 3518 909 3573 enim
955 3518 1083 3573 mihi
1109 3560 1124 3585 ,
1152 3518 1198 3573 si
1238 3518 1533 3589 Imperator
1574 3521 1666 3578 tibi
1713 3526 2055 3596 prae'cepissct

464 3606 682 3662 domum
710 3619 1021 3676 exstruere,
1053 3621 1110 3664 ut
1136 3610 1227 3665 illo
1258 3610 1637 3679 diversaretur,
1672 3630 1848 3672 nonne
1875 3619 2053 3673 omnia

466 3703 753 3755 moveres?
793 3703 861 3755 At
904 3716 1043 3756 nunc
1085 3703 1227 3771 regia
1270 3712 1354 3758 est
1392 3704 1589 3759 Christi
1630 3708 1856 3764 ecclesia
1894 3725 2093 3779 quam-

465 3791 719 3846 mdificas.
752 3790 828 3846 Ne
856 3802 1127 3862 sumptum
1155 3803 1399 3862 spectes,
1438 3796 1533 3851 sed
1563 3797 1792 3853 fructum
1820 3810 2005 3870 reputa
2035 3820 2051 3859 :

467 3883 541 3936 illi
567 3882 749 3937 colunt
777 3893 994 3949 terram,
1020 3892 1075 3939 tu
1100 3886 1219 3941 cole
1244 3886 1455 3941 illorum
1478 3890 1684 3944 animas
1708 3908 1722 3957 ;
1749 3892 1821 3947 illi
1849 3892 2052 3950 fruetus

468 3972 559 4026 tibi
585 3972 834 4039 afferunt,
866 3984 919 4027 tu
948 3974 1067 4031 illos
1097 3975 1234 4031 infer
1265 3977 1318 4031 in
1345 3978 1556 4033 caelum.
1587 3980 1687 4048 Qui
1717 3983 1921 4037 initium
1952 3984 2050 4039 de-

466 4064 578 4130 dit,
604 4065 650 4121 is
677 4065 903 4122 aliorum
944 4067 1181 4122 onmium
1215 4084 1373 4126 causa
1401 4081 1503 4127 est.
1536 4073 1676 4144 Ergo
1701 4086 1755 4132 et
1784 4085 1837 4131 tu
1867 4086 2053 4133 auctor

466 4154 606 4218 eris,
634 4156 775 4225 quod
805 4157 1174 4212 catechumeni
1218 4161 1326 4214 sint
1369 4161 1422 4215 in
1467 4164 1653 4218 vicinis
1696 4166 1855 4221 villis.
1895 4166 2052 4224 Certe

467 4244 655 4298 balnea
687 4247 958 4302 molliores
989 4248 1213 4303 reddunt
1250 4253 1532 4322 agricolas,
1564 4270 1820 4325 caupona:
1849 4257 2050 4315 delica-

466 4336 628 4391 tiores
656 4353 668 4388 :
697 4346 752 4391 et
783 4348 958 4393 tamen
989 4339 1102 4395 haec
1131 4344 1401 4412 apparatis
1428 4355 1646 4415 propter
1672 4348 1916 4418 gloriam.
1948 4351 2051 4406 Fo-

466 4444 581 4483 rum
611 4438 665 4483 et
690 4430 1029 4487 celebritates
1060 4433 1178 4494 illos
1208 4436 1437 4491 reddunt
1478 4439 1863 4507 petulantiores
1892 4461 1904 4497 :
1938 4444 2050 4500 hare

463 4527 641 4572 autem
670 4520 887 4574 omnino
912 4537 1087 4576 secus.
1119 4526 1325 4589 Quanta
1356 4528 1497 4580 enim
1529 4544 1615 4583 res
1645 4530 1837 4599 fuerit,
1872 4534 2050 4591 videre

467 4608 834 4676 presbyterum
862 4610 930 4664 ad
961 4614 1263 4681 exemplum
1295 4616 1523 4671 Abraha:
1554 4618 1886 4675 incedentem
1911 4663 1925 4686 ,
1956 4641 2045 4679 ca-

376 4702 385 4707 ‘
466 4713 591 4750 num
613 4738 628 4761 ,
661 4698 957 4755 accinctum
981 4741 997 4764 ,
1029 4700 1314 4758 fodientem
1333 4745 1350 4767 ,
1380 4710 1732 4775 cperantem?
1757 4708 1892 4778 Quid
1921 4728 2050 4783 agro

466 4787 556 4843 illo
580 4786 1028 4846 desiderabilius?
1054 4793 1149 4848 llic
1175 4794 1347 4865 major
1367 4806 1449 4851 est
1475 4798 1660 4855 virtus.
1690 4800 1803 4857 Non
1834 4812 1917 4858 est
1943 4806 2050 4862 illic

466 4877 702 4945 lascivia,
732 4879 826 4935 sed
854 4881 1039 4937 abacta
1065 4893 1147 4938 est
1169 4902 1185 4950 ;
1215 4901 1322 4940 non
1345 4886 1575 4942 ebrietas
1596 4898 1651 4945 et
1673 4892 1930 4962 voluptas,
1954 4897 2047 4953 sed

462 4970 735 5026 eliminata
778 4981 893 5038 est;
938 4989 1045 5029 non
1082 4991 1213 5030 vana
1256 4978 1455 5047 gloria,
1493 4980 1588 5036 sed
1628 4985 1888 5040 exstincta
1918 4996 2043 5044 est:

466 5060 836 5117 benevolentia
868 5063 985 5132 plus
1021 5064 1133 5124 illic
1172 5066 1333 5137 fulget
1372 5080 1590 5141 propter
1630 5072 2043 5143 simplicitatem.

460 5152 645 5221 Qualis
673 5168 760 5209 res
788 5162 873 5209 Cal
900 5154 1047 5210 abire
1075 5165 1128 5211 et
1160 5157 1363 5227 ingredi
1402 5160 1454 5215 iu
1484 5162 1701 5218 domum
1734 5166 1861 5231 Dei,
1891 5177 1945 5225 et
1972 5169 2049 5222 vi-

462 5242 613 5309 dere,
641 5245 783 5316 quod
815 5247 929 5317 ipSe
961 5247 1106 5303 illam
1132 5254 1480 5321 exstruxerit,
1511 5258 1851 5330 scipsumqne
1882 5262 2045 5332 proji-

462 5348 585 5391 cere
623 5338 872 5407 supiuum
892 5380 908 5406 ,
942 5342 957 5371 ¹
982 5338 1003 5414 [
1032 5351 1087 5397 et
1117 5354 1234 5410 post
1276 5344 1421 5401 illaut
1470 5363 1781 5419 corpoream
1812 5355 2044 5424 quietem

464 5430 736 5484 nocturnis
757 5439 813 5485 et
836 5434 1104 5488 matutinis
1133 5435 1342 5505 hymnis
1368 5439 1601 5513 adesse,]
1627 5448 2042 5502 commcnsalem

529 5560 945 5643 :l‘nLu‘up
969 5565 1171 5643 legitur,
1198 5572 1244 5620 et
1274 5580 1376 5634 post
1400 5586 1572 5643 uenam
1595 5576 1778 5643 horum,
1805 5594 2039 5643 corpora-

464 5613 558 5703 {e‘m
570 5613 962 5703 ﬂiiumﬂmere,
977 5613 1668 5703 £5’iz'69'i’iémg'niqi'Ji

464 5688 538 5738 se,
570 5680 672 5730 loco
700 5696 870 5734 eorum
892 5680 1002 5750 qua:
1026 5694 1220 5745 uncinis
1239 5680 1513 5747 inicimus)

1263 290 1320 346 S.
1361 288 1637 346 JOANNIS
1676 283 2143 344 CHRYSOSTOMI
2186 285 2500 345 ARCHIEP.
2541 289 3076 348 CONSTANTINOP.

3651 298 3750 358 ΗΕ

2170 396 2368 454 habere
2415 401 2746 457 sacerdotem
2794 413 2849 459 et
2894 404 3282 473 colloquentem
3310 442 3325 467 ,
3380 402 3751 460 benedictione

2163 489 2295 554 frui,
2340 492 2475 545 alios
2516 492 2697 549 videre
2738 495 2873 549 istnc
2913 495 3222 551 venientes?
3262 496 3356 550 llic
3397 511 3579 550 murus
3604 539 3619 561 ,
3656 502 3753 551 huc

2162 580 2467 651 pra-sidium
2495 584 2605 653 agri
2636 592 2739 639 est.
2766 584 2862 640 Hie
2887 597 2968 640 est
2992 602 3117 656 ager
3138 587 3202 639 de
3227 603 3332 656 quo
3354 587 3548 642 dicitur
3573 606 3584 640 :
3614 586 3755 641 Odor

2159 674 2270 742 agri
2302 674 2459 743 pleni,
2489 675 2571 728 cui
2601 675 2852 730 benedixit
2884 676 3134 732 Dominus
3161 678 3311 750 (Gen.
3339 678 3426 732 27.
3457 679 3572 748 27).
3601 680 3751 747 Quod

2162 762 2207 816 si
2233 763 2434 834 absque
2464 765 2565 820 hoc
2594 765 2730 821 bona
2758 767 2879 821 villa
2904 778 2987 823 est
3013 780 3229 838 propter
3249 772 3506 839 quietem,
3534 782 3755 841 propter

2161 852 2255 907 otii
2280 853 2659 909 abundantiam
2684 873 2697 909 :
2720 856 2767 911 si
2788 867 2842 912 et
2867 856 2968 913 hoc
2988 860 3294 922 accesserit,
3317 860 3399 913 cui
3426 861 3502 914 rei
3525 875 3620 929 pur
3645 877 3752 914 non

2162 944 2308 998 erit?
2341 946 2471 1001 Villa
2500 948 2644 1002 enim
2682 964 2801 1018 qua:
2840 951 3119 1006 ecclesiam
3153 952 3312 1007 habet
3335 994 3347 1013 .
3380 954 3627 1022 paradiso
3658 955 3752 1010 Dei

2161 1037 2351 1091 similis
2379 1048 2481 1093 est.
2518 1039 2636 1094 Non
2662 1051 2743 1097 est
2783 1042 2889 1097 illic
2921 1043 3155 1109 clamor,
3186 1060 3290 1098 non
3325 1046 3614 1111 tumultus,
3646 1064 3753 1103 non

2164 1128 2292 1182 varii
2321 1129 2537 1195 inimici,
2570 1147 2675 1187 non
2705 1132 2937 1190 hwreses
2962 1153 2976 1189 :
2998 1151 3187 1191 omnes
3215 1136 3393 1191 videre
3419 1148 3502 1192 est
3528 1140 3751 1205 amicos,

2161 1220 2472 1276 earumdem
2494 1232 2772 1279 consortes
2796 1224 3125 1294 dogmatnm.
3158 1227 3232 1281 Te
3264 1227 3331 1282 ad
3363 1227 3754 1300 philosolibiam

2162 1311 2312 1380 quies
2350 1312 2563 1367 adducit
2592 1332 2605 1368 :
2630 1316 2699 1369 ab
2729 1314 2829 1371 hac
2868 1316 3199 1387 philosophia
3229 1326 3280 1374 te
3306 1334 3585 1375 assumens
3627 1337 3754 1390 prc-

2160 1403 2363 1475 sbyter,
2392 1404 2546 1462 facile
2570 1408 2798 1465 curabit.
2834 1410 2933 1465 llic
2960 1411 3101 1465 enim
3128 1454 3143 1477 ,
3175 1428 3524 1483 qua-cumque
3551 1415 3752 1470 dixeri-

2162 1511 2301 1559 mus,
2333 1496 2505 1553 forum
2527 1500 2726 1554 excutit
2751 1517 2768 1555 :
2792 1502 2900 1557 illic
2927 1518 3051 1557 vero
3072 1519 3191 1573 qua:
3217 1506 3470 1570 audieris,
3498 1505 3670 1561 deﬁxa
3699 1509 3751 1563 in

2162 1597 2342 1645 mente
2371 1591 2610 1647 habebis.
2655 1593 2805 1648 Alius
2832 1595 2885 1649 in
2912 1610 3042 1666 agro
3070 1596 3176 1651 eris
3220 1613 3315 1667 per
3353 1599 3498 1653 illum
3527 1616 3541 1654 :
3565 1610 3621 1655 et
3650 1601 3753 1655 illis

2162 1681 2276 1750 ipse
2314 1683 2562 1750 prmerit,
2592 1692 2775 1741 custos
2806 1685 2909 1739 erit
2946 1695 3053 1740 tum
3082 1688 3224 1757 quod
3257 1706 3491 1757 priesens
3523 1694 3613 1759 sit,
3640 1703 3750 1745 tum

2161 1772 2302 1840 quod
2331 1772 2451 1828 illos
2477 1785 2784 1844 componat.
2817 1776 3027 1843 Quanta
3055 1790 3138 1835 est
3160 1796 3395 1850 expensa
3416 1825 3431 1849 ,
3460 1782 3544 1838 dic
3579 1785 3754 1838 mihi?

2161 1863 2267 1918 Fac
2299 1865 2509 1920 interim
2539 1881 2755 1938 parvam
2785 1869 3001 1924 domum
3045 1886 3141 1940 pro
3177 1873 3410 1942 templo;
3438 1874 3524 1942 qui
3554 1887 3673 1945 post
3702 1887 3753 1931 te

2161 1959 2355 2023 veniet,
2388 1958 2545 2015 faciet
2575 1962 2834 2030 porticum
2861 1978 2876 2027 ;
2906 1978 3135 2032 sequens
3155 1964 3296 2019 aliud
3318 1966 3535 2035 adjieict
3558 1983 3572 2022 :
3599 1977 3653 2021 et
3673 1969 3753 2023 sic

2163 2049 2257 2105 tibi
2304 2060 2471 2105 tolmn
2518 2053 2883 2122 imputabitur.
2916 2056 2994 2111 Tu
3034 2057 3131 2110 das
3172 2073 3397 2126 parum,
3428 2070 3481 2112 et
3511 2061 3751 2115 omniunt

2161 2142 2464 2197 mercedem
2494 2145 2708 2214 recipis.
2734 2146 2874 2215 Ergo
2899 2148 3104 2201 initium
3137 2149 3313 2213 tacito,
3346 2150 3749 2206 fumlameutum

2160 2248 2328 2305 pone;
2351 2236 2456 2289 imo
2477 2251 2573 2291 vos
2594 2246 2778 2291 mutuo
2801 2239 3085 2293 hortamini
3106 2258 3121 2306 ;
3148 2240 3245 2294 hac
3269 2242 3318 2294 in
3347 2257 3403 2295 re
3423 2252 3748 2298 conccrtate.

2160 2324 2309 2380 Nunc
2336 2334 2514 2381 autem
2543 2327 2630 2382 ubi
2662 2329 2811 2397 palea
2832 2370 2846 2393 ,
2879 2329 3206 2386 frumentum
3248 2342 3301 2386 et
3341 2333 3518 2387 omnia
3558 2333 3749 2389 similia

2159 2417 2465 2486 reponenda
2492 2427 2634 2480 sunt,
2661 2418 2817 2475 facile
2841 2420 3107 2476 aedificant
3138 2439 3151 2475 :
3183 2421 3268 2475 ubi
3298 2438 3425 2477 vero
3452 2423 3748 2484 animarum

2160 2505 2365 2583 fructus
2407 2508 2691 2579 colligendi
2730 2519 2891 2577 sunt,
2926 2511 3055 2565 nihil
3095 2522 3317 2577 curant;
3354 2514 3450 2567 sed
3490 2523 3753 2583 coguntur

2160 2581 2305 2654 mille
2334 2600 2502 2653 stadia
2533 2601 2763 2665 emetiri,
2789 2611 2845 2657 et
2885 2618 3102 2672 magnas
3141 2605 3598 2674 peregrinationes
3635 2622 3753 2661 sus-

2159 2688 2338 2758 cipere
2358 2730 2372 2753 ,
2404 2699 2461 2744 ιιι
2503 2690 2553 2745 in
2584 2692 2864 2748 ecclesiam
2906 2694 3118 2749 abeant.
3150 2697 3414 2762 Quantum
3443 2708 3618 2753 autem
3653 2698 3750 2752 bo-

2161 2794 2284 2833 num
2313 2790 2429 2843 est,
2454 2796 2573 2835 eum
2601 2798 2787 2852 magna
2814 2784 2993 2855 quiete
3021 2788 3356 2841 sacerdotem
3388 2790 3437 2841 in
3469 2790 3750 2845 ecclesiam

2161 2871 2361 2935 venire,
2389 2881 2445 2926 nt
2465 2873 2684 2929 accedat
2705 2874 2771 2929 ad
2803 2875 2989 2942 Deum,
3013 2888 3066 2931 et
3088 2879 3327 2948 quotidie
3348 2890 3463 2935 oret
3491 2898 3584 2950 pro
3610 2885 3748 2949 vico,

2162 2979 2257 3032 pro
2286 2964 2491 3034 prandio
2511 2966 2522 3018 l
2544 2966 2808 3023 Parumne
2835 2979 2948 3035 est,
2982 2969 3189 3037 dic,oro
3210 3012 3223 3034 ,
3253 2971 3305 3025 in
3334 2974 3501 3027 S:'Cl'i$
3525 2974 3751 3029 oblatio-

2160 3058 2316 3112 nibus
2337 3072 2549 3129 semper
2576 3074 2773 3115 nomen
2802 3070 2946 3116 tuum
2974 3060 3163 3120 referri
3188 3062 3282 3136 (α),
3315 3073 3367 3122 cl
3392 3058 3631 3138 quotidie
3655 3081 3752 3138 pro

2160 3149 2278 3202 villa
2310 3165 2497 3219 preces
2521 3151 2587 3206 ad
2616 3151 2782 3207 Deum
2811 3154 3025 3210 emitti?
3055 3168 3312 3227 quantum
3348 3161 3438 3215 tibi
3466 3172 3517 3216 et
3548 3162 3613 3216 ad
3646 3164 3750 3218 alia

2162 3237 2262 3291 hoc
2290 3240 2547 3307 prodest?
2575 3240 2848 3313 Contingit
2876 3247 3133 3315 quosdam
3165 3264 3196 3303 e
3226 3250 3401 3305 vicino
3434 3250 3676 3308 habitare
3698 3264 3751 3308 et

2158 3340 2432 3385 curatores
2453 3330 2654 3389 habere
2678 3350 2690 3385 :
2716 3334 2783 3388 ad
2809 3344 2859 3390 te
2884 3336 3044 3407 igitur
3072 3354 3356 3408 pauperem
3386 3357 3544 3397 nemo
3564 3359 3750 3399 eorum

2160 3423 2345 3477 venire
2364 3422 2689 3492 dignabitur,
2717 3426 2812 3481 sed
2846 3428 3216 3500 presbyterum
3246 3432 3382 3489 forte
3412 3435 3674 3500 invitabit,
3698 3445 3752 3491 et

2160 3528 2357 3568 mensa:
2381 3526 2684 3571 consortem
2710 3517 2888 3574 faciet.
2914 3519 3073 3575 Vides
3096 3534 3291 3591 quanta
3315 3526 3439 3580 hinc
3463 3528 3599 3581 bona
3625 3544 3751 3583 eve-

2162 3603 2341 3657 nient?
2374 3603 2506 3658 Villa
2539 3603 2753 3661 interim
2780 3609 2885 3663 erit
2918 3611 2985 3663 ab
3020 3614 3164 3668 omni
3200 3617 3507 3683 suspicione
3536 3619 3700 3673 libera
3733 3638 3746 3674 :

2161 3709 2319 3747 nemo
2346 3693 2615 3750 homicidii
2641 3736 2655 3761 ,
2686 3713 2846 3754 nemo
2884 3700 3012 3755 furti
3049 3706 3355 3771 accusabit,
3390 3723 3547 3761 nemo
3576 3711 3751 3766 simile

2158 3784 2429 3861 quidpiam
2474 3787 2851 3858 suspicabitur.
2898 3791 3108 3849 Habent
3140 3804 3195 3850 et
3231 3796 3391 3851 aliam
3420 3802 3748 3855 consolatio-

2160 3892 2280 3931 nem
2307 3918 2323 3943 ,
2355 3879 2468 3933 sive
2499 3880 2718 3936 morbus
2744 3874 2855 3937 siie
2880 3899 3028 3939 mors
3061 3887 3289 3943 accidat.
3320 3889 3433 3943 Non
3462 3899 3750 3961 utcuman

2159 3984 2259 4025 nec
2290 3985 2504 4040 quoquo
2546 3971 2705 4027 modo
2741 3974 2990 4029 amicitia:
3037 3976 3174 4032 istuc
3218 3990 3403 4034 mutuo
3441 3984 3745 4037 coeuntium

2153 4059 2485 4130 junguntur;
2519 4071 2692 4118 coetus
2717 4078 2843 4119 vero
2869 4075 3026 4121 erunt
3051 4068 3220 4124 multo
3249 4086 3407 4140 quam
3442 4072 3493 4125 in
3523 4073 3744 4127 celebri-
3780 4138 3786 4144 _

2161 4150 2355 4205 tatibus
2382 4153 2677 4209 suaviores.
2703 4154 2817 4210 Non
2846 4157 3004 4213 modo
3028 4170 3209 4216 autem
3233 4172 3425 4231 cmlus,
3452 4164 3544 4221 sed
3569 4175 3620 4220 et
3649 4166 3745 4228 illi,

2156 4244 2244 4312 qui
2273 4245 2561 4313 praesident
2589 4287 2603 4313 ,
2634 4248 2704 4302 ob
2732 4250 3100 4321 presbyterum
3127 4256 3545 4311 venerabiliores
3568 4266 3744 4312 erunt.

2159 4335 2326 4390 Audis
2367 4337 2549 4406 utique
2589 4339 2977 4410 Jerosolymam
3019 4344 3145 4399 olim
3186 4347 3305 4401 aliis
3347 4349 3566 4403 urbibus
3607 4350 3745 4419 apud

2158 4438 2365 4484 veteres
2388 4429 2786 4488 honoratiorem
2809 4434 3001 4501 fuisse;
3027 4451 3128 4493 nec
3149 4437 3265 4494 sine
3284 4454 3465 4506 causa,
3487 4440 3582 4495 sed
3604 4443 3745 4509 quod

2158 4519 2228 4573 ibi
2282 4528 2407 4575 tunc
2450 4522 2621 4591 pietas
2670 4523 2957 4581 obtineret.
3004 4528 3268 4593 Quoniam
3319 4531 3409 4585 ubi
3458 4532 3747 4585 honoratur

2157 4610 2335 4675 Dens,
2380 4612 2448 4667 ibi
2494 4612 2625 4668 nihil
2670 4616 2792 4670 mali
2832 4627 2950 4683 est;
2985 4619 3073 4674 ubi
3104 4635 3208 4675 non
3252 4621 3582 4687 honoratur,
3616 4623 3745 4677 nihil

2156 4702 2301 4755 boui.
2326 4702 2485 4759 Multa
2508 4708 2767 4763 securitas
2792 4710 2894 4764 erit
2919 4713 3078 4765 etiam
3101 4721 3154 4766 et
3177 4714 3316 4783 apud
3347 4715 3512 4770 Deum
3533 4726 3588 4771 et
3607 4718 3743 4787 apud

2156 4793 2420 4851 homines.
2459 4798 2635 4854 Etiam
2675 4816 2826 4872 rogo,
2856 4819 2959 4858 non
2988 4804 3197 4873 ignave,
3231 4807 3325 4862 sed
3355 4808 3602 4863 alacriter
3633 4826 3744 4865 rem

2155 4887 2430 4957 suscipite.
2461 4890 2592 4946 Nam
2643 4893 2687 4947 si
2731 4896 2820 4963 qui
2848 4896 3028 4952 educit
3056 4900 3348 4967 pretiosum
3379 4918 3408 4956 a
3440 4902 3525 4956 vili
3549 4944 3562 4968 ,
3590 4904 3742 4971 quasi

2155 4994 2215 5034 os
2244 4980 2334 5035 Dei
2366 4982 2468 5035 erit
2494 4982 2631 5052 (λεν.
2661 4985 2747 5038 15.
2778 4986 2866 5055 i9)
2889 5004 2903 5053 ;
2928 4990 3016 5057 qui
3048 4999 3124 5045 tot
3148 4991 3447 5059 animabus,
3476 5004 3581 5048 tam
3612 5010 3744 5060 pne-

2154 5070 2395 5126 scutibus
2439 5088 2599 5141 quam
2648 5074 2840 5131 futuris
2884 5094 3051 5149 usque
3097 5082 3165 5136 ad
3213 5084 3500 5138 adventqu
3545 5084 3745 5139 Christi

2154 5161 2390 5229 prodest,
2418 5174 2611 5232 quanta
2643 5167 2732 5220 Dei
2765 5168 3133 5227 benevolentia
3161 5175 3403 5229 fruetur?
3429 5177 3743 5232 Pra'sidinm

2157 5262 2408 5309 construe
2450 5267 2636 5312 contra
2682 5258 2992 5327 diabolum;
3046 5263 3147 5320 hoc
3184 5276 3267 5320 est
3307 5268 3448 5321 enim
3494 5270 3743 5324 ecclesia.

2158 5342 2290 5397 llinc
2320 5344 2578 5412 prodeant
2604 5363 2792 5405 manus
2818 5351 2883 5405 ad
2910 5352 3148 5408 laborem
3176 5373 3188 5408 :
3222 5357 3368 5423 prius
3393 5358 3747 5414 extendantur

2151 5432 2214 5485 ad
2249 5449 2453 5501 preces,
2482 5444 2536 5491 et
2567 5446 2690 5493 tunc
2714 5441 2779 5494 ad
2806 5456 2941 5509 Opus
2965 5443 3179 5498 abeant.
3212 5445 3285 5500 Ita
3318 5449 3420 5502 erit
3453 5448 3554 5503 illis
3583 5451 3747 5504 robur

2151 5528 2428 5593 corporis;
2460 5528 2538 5584 sic
2565 5530 2668 5585 erit
2698 5532 3016 5602 agricultura
3053 5536 3259 5604 multa;
3290 5538 3367 5593 sic
3396 5540 3575 5594 omnia
3608 5543 3745 5596 mala

2160 5651 2241 5759 ωις
2249 5651 2298 5713 .i)
2321 5654 2509 5704 Nomina
2530 5661 2838 5718 patronorqu
2863 5659 2911 5709 in
2927 5660 3079 5711 sacris
3093 5662 3420 5718 oblationibus
3431 5668 3741 5732 profereban-
