4084 6174
262 355 346 413 147
1263 350 1332 406 ΙΝ
1372 349 1552 406 ACTA
1597 345 2137 403 APOSTOLOIIUM.
2183 349 2415 408 HOMIL.
2451 351 2642 408 XVIII.

259 471 500 542 φρίττεις,
531 468 651 523 είπέ
687 486 800 539 μοι,
845 467 936 522 τὸν
969 468 1233 538 μέλλοντά
1276 484 1335 522 σε
1387 469 1480 522 καὶ
1533 468 1674 539 ὑπὲρ
1708 465 1913 518 τούτων

258 559 490 612 ἀπαιτεῖν
519 556 712 624 λόγον;
743 556 819 609 Οὐ
845 555 953 626 γάρ
979 556 1146 627 ἐχρῆν
1172 557 1404 610 ἕκαστον
1453 556 1564 609 τῶν
1587 553 1796 608 πιστῶν
1826 555 1915 604 ἐκ-

259 643 468 715 κλησίαν
525 643 870 714 οἰκοδομεῖν,
931 643 1252 697 διδάσκαλον
1307 643 1606 714 λαμϐάνειν
1657 641 1795 712 πρὸς
1847 641 1912 694 τὸ

260 729 592 801 συναίρεσθαι
621 742 668 792 ι,
712 729 820 800 πρὸ
858 729 1077 784 πάντων
1107 729 1266 784 τοῦτο
1300 732 1546 793 σκοπεῖν,
1569 730 1718 791 ὅπως
1739 728 1918 781 ἀπαν-

258 835 335 882 τες
352 815 462 870 εἶεν
488 817 831 890 Χριστιανοί;
861 817 1008 884 Πῶς,
1042 818 1164 872 εἰπέ
1217 837 1332 888 μοι,
1366 816 1686 889 Χριστιανὸς
1716 815 1868 869 ἐσται
1889 816 1917 868 6

257 906 505 975 γεωργὸς,
556 904 699 976 ὁρῶν
733 905 794 958 σὲ
839 903 1018 969 οὕτως
1064 905 1372 977 ἀμελοῦντα
1399 906 1497 976 τῆς
1547 903 1712 958 αὐτοῦ
1743 920 1916 974 σωτη-

262 995 396 1063 ρίαςς
428 995 504 1048 Οὐ
534 993 762 1066 δύνασαι
790 995 1016 1065 ποιῆσαι
1057 997 1260 1065 σημεῖα
1288 995 1382 1049 καὶ
1405 997 1592 1047 πεῖσαι
1614 1010 1629 1060 ;
1655 985 1747 1055 Οἷς
1773 990 1916 1060 ἔχεις

257 1083 444 1144 πεῖσον,
506 1081 886 1154 φιλανθρωπίᾳ
915 1083 977 1146 δ,
1027 1083 1351 1155 προστασίᾳ,
1397 1083 1718 1156 ήμερότητι,
1747 1079 1912 1136 κολα-

258 1167 384 1237 κείᾳ,
415 1170 527 1231 τοῖς
552 1168 731 1233 ἄλλοις
764 1169 956 1223 ἅπασι.

315 1254 416 1307 Καὶ
442 1255 651 1326 ἀγορὰς
685 1255 785 1326 μὲν
809 1256 905 1310 καὶ
949 1255 1206 1326 βαλανεῖα
1230 1255 1477 1310 ποιοῦσιν
1502 1257 1551 1308 οί
1576 1255 1781 1319 πολλοὶ,
1817 1255 1912 1308 ἐκ-

254 1339 467 1410 κλησίας
485 1341 542 1396 δὲ
565 1343 706 1412 οὐχί·
736 1343 830 1397 καὶ
863 1342 1040 1397 πάντα
1069 1343 1292 1414 μᾶλλον,
1339 1343 1372 1414 ἢ
1398 1341 1573 1396 τοῦτο.
1608 1342 1700 1396 Διὸ
1733 1357 1913 1411 παρα-

254 1428 390 1482 καλῶ
416 1429 512 1483 καὶ
535 1431 802 1484 ἀντιϐολῶ
833 1433 924 1486 καὶ
945 1433 1106 1503 χάριν
1129 1431 1284 1497 αίτῶ,
1315 1431 1516 1503 μᾶλλον
1536 1431 1592 1486 δέ
1627 1431 1722 1486 καὶ
1748 1431 1912 1500 νόμον

252 1512 450 1584 τίθημι,
485 1515 626 1571 ὥστε
661 1518 865 1590 μηδένα
900 1519 1130 1589 ὀφθῆναι
1168 1519 1374 1590 ἔρημον
1400 1517 1697 1589 ἐκκλησίας
1716 1517 1913 1587 χωρίον

254 1598 450 1669 ἔχοντα.
484 1604 574 1675 Μή
606 1623 696 1675 μοι
723 1606 904 1678 εἴπῃς·
933 1606 1167 1677 Πλησίον
1192 1607 1360 1671 ἐστὶν,
1385 1609 1449 1660 ἐκ
1477 1605 1733 1674 γειτόνων
1761 1604 1910 1677 [I50]

251 1687 374 1739 ἐστί·
433 1689 603 1761 πολλή
672 1691 820 1746 ἐστιν
877 1692 1192 1762 ήδαπάνη,
1239 1693 1300 1746 οὐ
1347 1693 1586 1764 πολλὴὴ
1629 1691 1910 1762 πρόσοδος·

250 1771 312 1824 Ei’
335 1791 383 1828 τι
411 1774 559 1846 ἔχεις
587 1780 666 1841 είς
696 1779 936 1851 πένητας
969 1780 1264 1846 ἀναλῶσαι,
1298 1781 1416 1834 ἐκεῖ
1451 1781 1746 1834 ἀνάλωσον·
1788 1777 1906 1849 βέλο

248 1875 351 1913 τιον
380 1864 521 1927 ἐκεῖ,
552 1864 586 1935 ἢ
621 1866 878 1921 ἐνταῦθα·
914 1867 1110 1939 θρέψον
1131 1868 1473 1933 διδάσκαλον,
1510 1867 1708 1938 θρέψον
1731 1867 1914 1920 διάκο-

250 1963 328 2000 νον
353 1951 450 2004 καὶ
471 1952 743 2024 ἱερατικὸν
779 1954 1054 2026 σύστημα.
1102 1956 1316 2010 Ὠσανεὶ
1345 1957 1581 2023 γυναῖκα
1618 1951 1846 2022 ἀγαγὼν
1875 1953 1909 2025 ἢ

248 2033 475 2106 νύμφην,
505 2038 538 2107 ἢ
565 2038 689 2103 δοὺς
721 2038 1018 2111 θυγατέρα,
1043 2041 1188 2094 οῦτω
1213 2043 1280 2112 τῇ
1322 2041 1624 2111 Ἐκκλησία
1645 2040 1908 2094 διάκεισο·

247 2124 437 2190 προῖκα
471 2124 654 2190 ἐπίδος
674 2128 837 2196 αὐτῇ.
864 2126 1020 2180 υῦτω
1055 2145 1138 2180 σοι
1161 2128 1410 2197 εὐλογίας
1433 2128 1494 2181 τὸ
1527 2128 1724 2198 χωρίον
1775 2127 1912 2198 πλη-

246 2207 568 2281 ρωθήσεται.
594 2212 658 2265 Τί
687 2214 797 2283 γάρ
820 2213 918 2266 οὐκ
944 2214 1098 2267 ἔσται
1132 2216 1250 2268 ἐκεῖ
1271 2216 1380 2268 τῶν
1406 2215 1662 2285 ἀγαθῶν;
1690 2216 1910 2286 μικρὸν,

242 2297 352 2350 είπέ
391 2316 508 2367 μοι,
535 2299 626 2351 τὸν
661 2301 823 2370 ληνὸν
857 2303 1233 2373 εὐλογεῖσθαι;
1282 2307 1498 2378 μικρὸν,
1554 2307 1612 2374 ἐξ
1635 2306 1772 2360 ὅλων
1802 2306 1912 2360 τῶν

243 2384 464 2453 καρπῶν
490 2395 512 2424 ε
559 2386 668 2440 τῶν
717 2389 826 2442 σῶν
850 2390 942 2442 τὸν
984 2391 1119 2444 Θεὸν
1151 2395 1418 2466 πρότερον
1457 2395 1770 2466 ἀπόμοιραν
1817 2395 1912 2448 καὶ

238 2467 490 2540 ἀπαρχάς
544 2472 875 2544 λαμϐάνειν;
919 2477 1062 2547 Πρὸς
1115 2480 1340 2551 εἰρήνην
1367 2480 1478 2535 τῶν
1515 2480 1911 2552 γεωργούντων

239 2553 386 2610 τοῦτο
441 2561 732 2631 χρήσιμον.
798 2563 1084 2635 Δίδέσιμος
1131 2565 1284 2621 ἔσται
1317 2569 1414 2622 καὶ
1461 2570 1491 2622 6
1542 2569 1913 2641 πρεσϐύτερος

237 2641 436 2713 λοιπὸν,
476 2649 571 2701 καὶ
622 2651 759 2722 πρὸς
803 2653 1106 2722 ἀσφάλειαν
1154 2654 1251 2708 τοῦ
1287 2656 1489 2727 χωρίου
1550 2657 1910 2728 συμϐαλεῖται

235 2731 408 2787 τοῦτο.
454 2736 628 2806 Εὐχαὶ
659 2739 777 2792 ἐκεῖ
803 2739 1071 2809 διηνεκεῖς
1103 2742 1194 2796 διά
1242 2743 1324 2805 σὲ,
1357 2742 1516 2814 ὕμνοι
1541 2745 1637 2798 καὶ
1661 2745 1913 2810 συνάξεις

233 2814 312 2870 διὰ
339 2821 425 2885 σὲ,
471 2825 916 2896 προσφορά’καθ’
973 2830 1210 2900 ἑκάστην
1254 2833 1561 2901 Κυριακήν.
1599 2826 1723 2885 Οἷόν
1761 2834 1912 2886 ἐστιν

232 2905 304 2966 εἰς
334 2907 528 2979 θαῦμα
557 2912 765 2982 μεῖζον,
805 2913 900 2967 τοῦ
933 2916 1135 2983 τάφους
1174 2918 1273 2987 μὲν
1317 2918 1535 2988 ἑτέρους
1553 2921 1912 2989 οἰκοδομῆσαι

232 2989 540 3066 λαμπροὺς,
595 2998 682 3051 ῖνα
712 3000 762 3052 οί
819 3003 958 3070 μετά
1005 3003 1177 3056 ταῦτα
1210 3005 1504 3066 ἀκούωσιν.
1569 3005 1649 3059 ὅτι
1678 3007 1706 3058 6
1763 3007 1914 3062 δεῖνα

229 3079 577 3156 ᾠκοδόμησε,
608 3085 669 3138 σὲ
697 3086 756 3139 δὲ
788 3088 1082 3159 ἐκκλησίας
1128 3091 1458 3162 ἀναστῆσαιί
1501 3093 1805 3164 Ἐννόησον,
1830 3096 1912 3150 ὅτι

233 3174 384 3246 μέχρι
415 3175 528 3244 τῆς
550 3174 646 3228 τοῦ
673 3176 912 3248 Χριστοῦ
966 3180 1273 3248 παρουσίας
1303 3182 1368 3235 σὺ
1398 3181 1488 3235 τὸν
1523 3182 1716 3252 μισθὸν
1771 3184 1913 3250 ἔξεις

228 3260 603 3332 ὁάναστήσας
633 3261 1022 3334 θυσιαστήριον
1050 3266 1144 3320 τοῦ
1173 3267 1330 3323 Θεοῦ.

285 3356 344 3405 ε’.
379 3348 530 3402 Εἰπὲ
552 3349 659 3418 γάρ
696 3367 806 3419 μοι,
840 3351 886 3404 εἰ
920 3350 1172 3421 βασιλεύς
1189 3372 1270 3408 σοι
1302 3356 1588 3412 ἐκέλευσεν
1617 3357 1908 3431 οἰκοδομῆ-

227 3451 304 3489 σαι
331 3437 546 3501 οἰκίαν,
582 3437 668 3490 ἵνα
696 3439 813 3490 ἐκεῖ
846 3438 1129 3502 καταλύοι,
1163 3441 1262 3496 οὐκ
1287 3442 1355 3496 ἂν
1393 3445 1569 3499 πάντα
1611 3446 1906 3518 ἐποίησας;

226 3520 329 3577 Νῦν
378 3519 483 3577 οὖν
528 3523 776 3594 βασίλειά
815 3525 929 3578 ἐστι
972 3525 1068 3579 τοῦ
1099 3528 1363 3599 Χριστοῦ,
1390 3532 1490 3597 τῆς
1537 3531 1834 3604 ἐκκλησίας
1873 3536 1906 3607 ή

223 3611 505 3682 οἰκοδομή.
541 3611 633 3682 Μὴ
696 3611 757 3666 τὸ
789 3612 1053 3684 ἀνάλωμα
1083 3614 1216 3688 ἴδῃς,
1265 3615 1402 3671 ἀλλά
1434 3617 1525 3671 τὸν
1573 3620 1787 3690 καρπὸν
1816 3619 1906 3674 λό-

224 3713 384 3763 γισαι·
413 3699 764 3770 γεωργοῦσιν
815 3701 1009 3754 ἐκεῖνοι
1034 3701 1133 3772 τὴν
1155 3703 1283 3772 γῆν,
1334 3704 1399 3757 σὺ
1451 3705 1768 3778 γεώργησον
1811 3709 1908 3761 αὐο

223 3783 322 3836 τῶν
364 3786 474 3850 τάς
509 3785 710 3855 ψυχάς·
751 3786 974 3857 φέρουσί
1033 3804 1117 3842 σοι
1161 3791 1407 3862 καρποὺς
1457 3793 1676 3858 ἐκεῖνοι,
1723 3795 1788 3847 σὺ
1825 3796 1907 3861 είς

221 3867 302 3924 τὸν
327 3873 576 3944 οὐρανὸν
595 3874 797 3936 αὐτοὺς
816 3874 1082 3943 ἀνάγαγε.
1128 3876 1186 3929 '0
1210 3875 1310 3948 τὴν
1359 3878 1536 3949 ἀρχὴν
1561 3879 1706 3945 δοὺς,
1749 3873 1906 3946 οὗτος

221 3959 304 4012 καὶ
331 3960 446 4013 τῶν
471 3959 658 4014 ἄλλων
706 3960 879 4024 αἴτιος
908 3962 1148 4017 πάντων.
1184 3965 1329 4034 ’Ἄρα
1376 3967 1469 4019 καὶ
1502 3967 1565 4020 σὺ
1592 3969 1763 4032 αῐτιος
1806 3969 1904 4042 ἔσῃ

218 4046 317 4098 τῶν
357 4045 802 4118 κατηχουμένων
829 4049 967 4113 ἐκεῖ,
1001 4049 1110 4104 τῶν
1137 4051 1195 4104 ἐν
1225 4053 1339 4115 τοῖς
1372 4053 1592 4124 χωρίοις
1615 4056 1730 4119 τοῖς
1767 4056 1906 4126 πλη-

224 4132 347 4188 σίον.
415 4135 625 4189 Καίτοι
678 4134 750 4187 τὰ
807 4135 906 4205 μὲν
966 4134 1220 4205 βαλανεῖα
1277 4139 1701 4212 μαλακωτέρους
1761 4145 1907 4198 ποιεῖ

221 4223 336 4286 τούς
356 4223 680 4294 γεωργοὺς,
703 4222 772 4276 τά
796 4226 1070 4294 καπηλεῖα
1117 4227 1580 4299 τρυφηλοτέρους·
1612 4229 1730 4284 ἀλλ’
1752 4231 1905 4300 ὅμως

223 4314 417 4363 ποιεῖτε
440 4310 629 4363 ταῦτα
659 4309 750 4363 διά
796 4310 974 4376 δόξαν.
1004 4313 1073 4364 Δί
1103 4314 1298 4384 ἀγοραὶ
1326 4317 1419 4370 καὶ
1466 4317 1524 4369 αί
1567 4317 1905 4388 πανηγύρεις

220 4394 372 4448 πάλιν
425 4394 690 4466 ἰταμούς·
735 4396 803 4450 τὰ
844 4397 902 4450 δὲ
933 4397 1189 4463 ἐνταῦθα,
1231 4401 1340 4452 πᾶν
1387 4401 1716 4454 τούναντίον.
1759 4402 1906 4455 Ἡλί-

153 4511 156 4516 -
222 4497 304 4534 κον
331 4485 446 4556 γάρ
493 4485 652 4537 ἐστιν
707 4483 836 4538 ἰδεῖν
862 4483 1230 4555 πρεσϐύτερον
1278 4487 1358 4548 είς
1383 4488 1568 4540 είκόνα
1619 4487 1905 4558 βαδίζοντα

221 4569 301 4623 τοῦ
343 4571 641 4646 Ἁϐραάμ,
671 4572 875 4639 πολιὸν,
907 4572 1287 4643 ἀνεζωσμένον
1319 4575 1415 4628 καὶ
1469 4576 1783 4630 σκάπτοντα
1809 4579 1906 4632 καὶ

223 4661 666 4734 αὐτουργοῦνταί
722 4662 787 4716 Τί
838 4662 935 4716 τοῦ
992 4662 1164 4734 ἀγροῦ
1221 4664 1598 4736 ποθεινότερον
1651 4666 1900 4734 ἐκείνου;

233 4746 491 4807 Ἐνταῦθα
559 4749 768 4822 μείζων
798 4753 832 4822 ἡ
879 4751 1069 4823 ἀρετή.
1111 4753 1227 4805 Οὐκ
1272 4752 1421 4806 ἐστιν
1453 4753 1712 4822 ἀσέλγεια
1763 4755 1900 4822 ἐκεῖ,

223 4833 323 4889 ἀλλ’
353 4837 737 4908 ἀπελήλαται·
762 4837 862 4890 οὐκ
886 4837 1002 4891 ἐστι
1028 4837 1166 4910 μέθη
1197 4839 1292 4893 καί¹
1333 4840 1533 4912 τρυφὴ.
1568 4841 1684 4894 ἀλλ’
1712 4841 1904 4914 ἐξώριο

227 4937 350 4980 σται·
400 4929 511 4981 οὐκ
569 4926 692 4979 ἐστι
751 4925 1044 4992 κενοδοξία,
1095 4927 1212 4982 ἀλλ’
1270 4928 1544 4983 ἔσϐεσται·
1576 4930 1639 4984 τὸ
1680 4931 1779 5002 τῆς
1813 4932 1903 4984 εὐ-

221 5014 353 5078 νοίας
390 5016 570 5069 πλέον
615 5013 737 5066 ἐκεῖ
789 5013 1082 5083 διαλάμπει
1139 5016 1226 5070 διὰ
1281 5018 1381 5090 τὴν
1428 5018 1710 5088 ἀφέλειαν.
1774 5014 1900 5075 Οῖόν

222 5099 351 5155 ἐστιν
385 5103 663 5157 ἀπελθεῖν
693 5103 787 5155 καὶ
809 5101 1070 5155 εἰσελθεῖν
1111 5105 1192 5166 εἰς
1247 5107 1338 5160 τὸν
1386 5103 1535 5161 οἶκον
1590 5107 1687 5162 τοῦ
1739 5108 1899 5174 Θεοῦ,

221 5191 301 5242 καὶ
352 5193 592 5256 εἰδέναι,
647 5190 732 5244 ὅτι
779 5190 941 5252 αὐτὸς
997 5191 1159 5244 αὐτὸν
1207 5192 1543 5266 ᾠκοδόμησε,
1593 5196 1687 5249 καὶ
1747 5197 1901 5268 ῥῖψαι

221 5274 398 5331 ἑαυτὸν
453 5278 687 5338 ῦπτιον,
745 5275 842 5329 καλ⁴
871 5275 1011 5347 μετὰ
1037 5277 1136 5348 τὴν
1193 5278 1402 5350 αἰώραν
1429 5281 1529 5352 τὴν
1581 5285 1900 5354 σωματικὴν

221 5365 302 5418 καὶ
354 5365 647 5437 λυχνικοῖς
694 5362 722 5404 δ
780 5363 874 5416 καὶ
931 5364 1172 5430 ἑωθινοῖς
1225 5366 1416 5438 ὕμνοις
1468 5371 1898 5442 παραγενέσθαι,

217 5454 604 5528 ὁμοτράπεζον
646 5454 791 5527 ἔχειν
837 5455 928 5508 τὸν
986 5455 1158 5528 ίερέα,
1213 5458 1604 5528 συνομιλοῦντα
1652 5461 1900 5530 εὐλογίας

271 5650 300 5724 I"
321 5649 477 5701 Savil.
513 5645 817 5724 λαμϐάνειν,
843 5647 1168 5724 συγαίρεσθιιιἱ
1188 5648 1325 5724 Ullus
1342 5647 1459 5724 πρὸς
1479 5647 1534 5724 τὲ
1566 5650 1898 5724 συναιρεῖσθαι.

225 5694 406 5774 ξυιιῖιῖ
422 5694 552 5762 Ἑὸά.
585 5694 658 5766 όῐς
683 5694 817 5772 έχεὶξ
841 5694 1081 5774 πᾲέῃᾷὸῖζ
1096 5694 1459 5774 ’ᾇὶλᾶηἱὸᾷᾧάέίᾴξ
1491 5694 1536 5774 ὴὲ
1574 5694 1899 5774 ᾉιὶμῖτιὶίιὶῥξᾷ,

220 5770 307 5821 εἶπέ
330 5793 432 5835 μοι,
454 5775 564 5822 τῶν
593 5770 807 5833 καρπῶν.
874 5772 901 5810 ά
931 5771 1064 5821 Unus
1085 5770 1194 5822 dod.
1225 5770 1306 5822 κάι
1333 5770 1453 5834 μετὰ
1474 5773 1560 5835 τήν
1586 5770 1752 5835 ἐνάτην
1775 5770 1902 5835 ὥραν

219 5838 289 5888 τῆς
309 5833 613 5897 σωματικῆς
637 5835 915 5897 μεταλαϐεῖν
936 5840 1126 5897 τροφῆς,
1146 5835 1228 5884 καὶ
1251 5835 1298 5884 έν
1326 5833 1576 5896 λυχνικοῖς.
1610 5833 1730 5892 Quae
1754 5833 1900 5884 Ieélio

222 5903 305 5943 non
323 5894 630 5960 spérnenda
656 5895 866 5946 videtur.

2023 464 2341 534 ἀπολαύειν,
2378 469 2596 540 ἐτέρους
2626 471 2760 540 όρᾷν
2780 471 3104 540 ἐρχομένους
3131 473 3275 539 ἐκεῖ;
3308 473 3478 530 Τοῦτο
3496 479 3693 549 τεῖχος,

2021 551 2182 608 τοῦτο
2231 557 2504 624 ἀσφάλεια
2539 557 2735 626 ἀγροῦ.
2771 551 2941 622 Οὗτός
2985 559 3136 614 ἐστιν
3185 563 3216 615 6
3255 563 3424 636 ἀγρὸς
3473 565 3602 637 περὶ
3633 562 3696 622 οῦ

2025 656 2192 710 φησιν
2253 643 2444 711 Ὀσμὴ
2493 643 2679 712 ἀγροῦ
2706 643 2998 712 πλήρους,
3031 646 3104 700 ὃν
3128 649 3430 719 “adma:
3455 653 3692 720 Κύριος.

2020 726 2084 780 EI
2112 728 2207 782 καὶ
2236 730 2406 801 χωρὶς
2429 730 2620 784 τούτου
2651 731 2814 795 καλὸς
2841 732 2870 785 6
2897 732 3068 804 ἀγρὸς
3093 732 3182 788 διά
3200 734 3299 807 τὴν
3325 737 3574 810 ήσυχίαν,
3605 740 3694 796 διὰ

2017 813 2078 867 τὸ
2110 815 2544 888 ἀπραγμοσύνης
2580 818 2794 888 γέμειν·
2843 819 2970 872 ὅταν
3004 819 3100 873 καὶ
3123 821 3281 876 τοῦτο
3299 822 3418 896 ἔχῃ,
3449 823 3554 878 τίνι
3591 828 3692 882 οὐκ

2016 900 2169 955 ἔσται
2195 905 2337 968 ίσοςς
2375 905 2568 976 Ἀγρὸς
2605 905 2714 975 γάρ
2743 905 3039 977 ἐκκλησίαν
3085 907 3244 978 ἔχων,
3275 909 3354 981 τῷ
3380 913 3692 984 παραδείσῳ

2017 989 2162 1044 ἔοικε
2184 990 2278 1044 τοῦ
2313 991 2472 1047 Θεοῦ.
2523 992 2638 1046 Οὐκ
2665 992 2812 1047 ἐστιν
2845 994 2962 1047 ἐκεῖ
2986 995 3223 1066 κραυγή,
3255 997 3356 1050 οὐκ
3384 998 3498 1052 εστι
3527 999 3689 1071 θόρυ-

2016 1076 2131 1142 ϐος,
2162 1079 2262 1133 οὐκ
2289 1080 2477 1151 ἐχθροὶ
2523 1079 2790 1152 διάφοροι,
2824 1080 2924 1152 οὐχ
2952 1082 3214 1152 αἱρέσεις·
3267 1085 3476 1150 πάντας
3505 1087 3691 1157 φίλους

2016 1164 2163 1219 ἔστιν
2195 1167 2344 1232 ίδεῖν,
2391 1167 2506 1220 τῶν
2549 1168 2729 1222 αὐτῶν
2761 1168 3050 1238 δογμάτων
3083 1171 3394 1237 κοινωνούς.
3441 1174 3600 1244 Ἀγει
3630 1193 3690 1230 σε

1981 1281 1984 1284 ~
2015 1254 2096 1316 είς
2111 1253 2425 1323 φιλοσοφίαν
2444 1257 2478 1326 ἡ
2508 1254 2929 1327 ήσυχίαολαϐών
2956 1273 3016 1310 σε
3049 1256 3198 1330 [151]
3229 1257 3336 1312 ἀπὸ
3354 1259 3450 1328 τῆς
3477 1262 3692 1330 φιλοσοο

2016 1340 2144 1408 φίας
2167 1342 2368 1412 ταύτης
2401 1343 2429 1396 6
2457 1344 2849 1416 πρεσϐύτερος,
2905 1344 3236 1416 θεραπεύσει
3273 1347 3530 1411 εὐκόλως,
3573 1350 3690 1402 Ἑν-

2014 1427 2192 1482 ταῦθα
2227 1429 2327 1498 μὲν
2359 1429 2488 1500 γάρ,
2538 1431 2638 1485 ὅσα
2667 1431 2759 1484 ἐὰν
2792 1431 3064 1503 λέγωμεν,
3121 1434 3156 1504 ή
3191 1433 3366 1505 ἀγορά
3413 1436 3686 1506 ἐκκρούει·

2013 1515 2132 1569 ἐκεῖ
2160 1516 2217 1569 δὲ
2251 1518 2395 1590 άπερ
2425 1517 2491 1571 ἂν
2511 1518 2771 1591 ἀκούσῃς,
2805 1519 3092 1591 πεπηγότα
3119 1519 3262 1584 ἔξεις
3286 1522 3342 1572 ἐν
3361 1524 3427 1592 τῇ
3454 1522 3689 1595 διανοίᾳ,

2013 1603 2198 1675 ἕτερος
2255 1605 2315 1658 ἐν
2367 1603 2447 1675 τῷ
2481 1605 2636 1676 ἀγρῷ
2699 1607 2798 1678 ἔσῃ
2835 1607 2901 1660 δι’
2943 1606 3172 1660 ἐκείνου·
3225 1608 3320 1661 καὶ
3358 1609 3580 1665 ἐκείνων
3631 1611 3689 1664 δέ

2013 1693 2400 1762 προστήσεται,
2430 1692 2524 1746 καὶ
2555 1693 2711 1747 ἔσται
2732 1692 2908 1763 φύλαξ
2963 1693 3043 1765 τῷ
3088 1711 3149 1748 τε
3197 1699 3472 1767 παρεῖναι,
3520 1697 3599 1769 τῷ
3627 1716 3690 1752 τε

2014 1778 2298 1848 ῥυθμίζειν
2331 1779 2547 1844 αὐτούς.
2580 1782 2754 1836 Πόσον
2782 1781 2840 1835 δέ
2872 1783 3108 1837 ἐστικαὶ
3141 1783 3202 1836 τὸ
3256 1785 3540 1856 ἀνάλωμα,
3569 1787 3690 1839 εἰπέ

2015 1880 2140 1932 μοι;
2169 1865 2403 1936 Ποίησον
2421 1866 2560 1931 τέως
2589 1868 2787 1939 μικρὸν
2833 1862 2984 1922 οἶκον
3027 1871 3085 1922 ἐν
3105 1869 3253 1936 τάξει
3304 1871 3455 1924 ναοῦ·
3487 1872 3516 1924 6
3550 1871 3692 1941 μετά

2013 1952 2073 2006 σέ
2103 1956 2319 2023 ποιήσει
2347 1954 2531 2017 στοάν,
2567 1957 2597 2009 6
2626 1957 2743 2026 μετ’
2772 1955 2980 2009 ἐκεῖνον
3011 1957 3177 2028 ἔτερα
3209 1958 3530 2028 προσθήσει,
3595 1960 3691 2013 καί⁷

2011 2037 2155 2092 οὕτω
2191 2041 2274 2092 σοὶ
2296 2040 2679 2113 λογισθήσεται
2710 2041 2771 2094 τὸ
2793 2044 2923 2096 πᾶν.
2953 2044 3026 2096 Σὺ
3050 2043 3207 2108 δίδως
3232 2045 3448 2115 μικρὸν,
3483 2045 3578 2098 καὶ
3594 2046 3689 2098 τοῦ

2012 2127 2212 2189 παντὸς
2234 2125 2534 2198 λαμϐάνεις
2566 2129 2659 2182 τὸν
2704 2129 2914 2199 μισθόν.
2957 2130 3166 2184 Οὐκοῦν
3196 2131 3369 2203 ἀρχὴν
3421 2131 3608 2196 ἐπίθες
3639 2144 3687 2199 ο,

2012 2211 2261 2284 θεμέλιον
2287 2215 2583 2270 κατάϐαλε·
2628 2215 2831 2287 μᾶλλον
2857 2217 2913 2270 δὲ
2953 2217 3216 2287 ἀλλήλους
3242 2219 3686 2290 παρακαλέσατε·

2012 2299 2244 2370 ἅμιλλαν
2288 2303 2588 2371 ποιήσασθε
2622 2302 2719 2355 τοῦ
2759 2304 3108 2374 πράγματος.
3138 2304 3252 2357 Νῦν
3301 2305 3379 2369 δέ,
3411 2306 3538 2360 ἔνθα
3587 2307 3690 2378 μὲν

2011 2387 2192 2458 άχυρα
2217 2389 2310 2442 καὶ
2339 2393 2482 2442 σῖτον
2517 2391 2613 2443 καὶ
2641 2391 2819 2445 πάντα
2843 2392 2912 2445 τά
2941 2391 3171 2446 τοιαῦτα
3221 2393 3521 2447 ἀποθέσθαι
3584 2394 3686 2458 δεῖ,

2011 2473 2250 2536 εὐκόλως
2289 2475 2689 2547 οίκοδομοῦσιν·
2727 2478 2855 2532 ἔνθα
2883 2478 2940 2533 δὲ
2991 2479 3320 2551 συλλεγῆναι
3347 2479 3454 2550 χρὴ
3498 2480 3690 2551 ψυχῶν

2010 2564 2347 2634 γεννήματα,
2385 2565 2634 2637 οὐδαμῶς
2662 2568 3061 2638 φροντίζουσιν,
3117 2568 3230 2622 ἀλλ’
3285 2570 3690 2638 ἀναγκάζονται

2013 2650 2240 2722 μυρίους
2269 2651 2516 2716 σταδίους
2547 2652 2807 2722 βαδίζειν,
2833 2655 2928 2707 καὶ
2953 2655 3171 2726 μακρὰς
3200 2655 3512 2725 ἀποδημίας
3533 2657 3688 2708 στέλ-

2009 2735 2222 2798 λεσθαι,
2253 2737 2341 2790 ἵνα
2374 2739 2454 2801 είς
2482 2737 2778 2809 ἐκκλησίαν
2805 2739 3058 2794 ἀπίωσιν.
3095 2740 3259 2792 ’Ὅσον
3289 2741 3346 2793 δέ
3375 2743 3523 2794 ἐστιν
3548 2743 3688 2810 ἀγα-

2011 2821 2103 2875 θόν
2131 2822 2270 2894 μετά
2292 2823 2496 2893 πολλῆς
2526 2823 2754 2894 ἡσυχίας
2785 2825 2843 2877 ἐν
2868 2827 2933 2894 τῇ
2962 2824 3229 2896 ἐκκλησίᾳ
3281 2825 3370 2878 τὸν
3407 2827 3557 2894 ἱερέα
3587 2845 3689 2880 πα-

2013 2909 2376 2981 ραγίνεσθαι,
2420 2909 2507 2964 ἴνα
2539 2909 2742 2982 προσίῃ
2790 2909 2869 2981 τῷ
2898 2909 3038 2980 Θεῷ,
3075 2911 3170 2964 καὶ
3217 2910 3353 2984 λέγῃ
3387 2911 3530 2981 ὑπὲρ
3587 2913 3686 2984 τῆς

2009 2999 2204 3072 κώμης
2253 2999 2376 3053 καθ’
2425 3000 2664 3068 ἑκάστην
2716 2999 2952 3071 ἡμέραν,
2985 2999 3126 3070 ὑπὲρ
3159 2998 3254 3051 τοῦ
3307 3000 3684 3070 κεκτημένουί

2009 3088 2224 3160 Μικρὸν
2257 3089 2425 3155 ἐστιν,
2451 3087 2575 3140 εἰπέ
2608 3104 2720 3158 μοι,
2745 3086 2807 3140 τὸ
2829 3087 2923 3140 καὶ
2951 3088 3008 3139 ἐν
3036 3089 3157 3151 ταῖς
3184 3088 3368 3156 ἁγίαις
3389 3088 3686 3159 ἀναφοραῖς

2008 3177 2097 3230 ἀεὶ
2130 3175 2192 3228 τὸ
2212 3175 2386 3246 ὄνομά
2412 3193 2504 3230 σου
2542 3173 2846 3244 ἐγκεῖσθαι,
2878 3175 2973 3228 καὶ
3017 3173 3140 3228 καθ’
3175 3176 3414 3245 ἑκάστην
3471 3176 3688 3248 ἡμέραν

2007 3261 2150 3335 ὑπὲρ
2170 3266 2270 3335 τῆς
2299 3261 2492 3335 κώμης
2523 3262 2689 3334 εὐχάς
2734 3261 2978 3332 γίνεσθαι
3013 3261 3151 3333 πρὸς
3176 3262 3265 3316 τὸν
3311 3262 3476 3329 Θεόν;
3518 3264 3687 3319 πόσον

2009 3366 2097 3402 σοι
2136 3349 2229 3403 καὶ
2258 3352 2338 3414 εἰς
2365 3349 2435 3404 τὰ
2457 3349 2594 3404 ἄλλα
2620 3348 2779 3404 τοῦτο
2808 3349 3078 3402 λυσιτελεῖ
3113 3348 3168 3402 τί
3215 3349 3512 3420 Συμϐαίνει
3532 3351 3686 3414 τινάς

2006 3437 2072 3490 ἐκ
2114 3439 2374 3506 γειτόνων
2404 3440 2573 3492 οίκεῖν
2623 3438 2717 3492 καὶ
2747 3437 2890 3508 ἔχειν
2917 3437 3265 3508 ἐπιτρόπους·
3307 3435 3444 3507 πρὸς
3491 3436 3550 3490 σὲ
3585 3436 3686 3504 μὲν

2006 3519 2098 3577 οὐν
2133 3525 2226 3579 τὸν
2260 3526 2469 3595 πένητα
2499 3526 2598 3579 οὐκ
2623 3523 2846 3590 ἀξιώσει
2873 3541 2956 3586 τις
2982 3523 3206 3577 ἐκείνων
3227 3523 3347 3576 οὐδὲ
3375 3523 3567 3578 ἐλθεῖν·
3592 3523 3685 3578 τὸν

2005 3609 2060 3663 δέ
2112 3612 2483 3684 πρεσϐύτερον
2532 3612 2662 3676 ἴσως
2705 3611 2801 3664 καὶ
2834 3611 3072 3674 καλέσει,
3102 3610 3196 3664 καὶ
3247 3610 3524 3682 τραπέζης
3573 3628 3686 3665 κοι-

2006 3698 2173 3753 νωνὸν
2212 3701 2451 3771 ποιήσει.
2502 3699 2686 3771 Ὁρᾷς,
2715 3699 2857 3752 πόσα
2911 3697 3159 3752 ἐντεῦθεν
3191 3700 3482 3768 γενήσεται
3511 3699 3681 3766 καλάς

2006 3785 2195 3857 Πάσης
2225 3786 2379 3841 ἔσται
2401 3787 2540 3852 τέως
2570 3789 2603 3859 ἡ
2630 3789 2791 3858 κώμη
2840 3787 3084 3856 πονηρᾶς
3117 3785 3352 3856 ὑποψίας
3400 3785 3680 3857 ἐλευθέρα·

2004 3873 2182 3939 οὐδεὶς
2234 3874 2614 3946 ἀνδροφονίας,
2673 3875 2850 3934 οὐδεὶς
2903 3873 3111 3945 κλοπῆς
3146 3874 3330 3928 ἕνεκεν
3368 3873 3682 3944 ἐγκαλέσει,

2004 3962 2181 4026 οὐδεὶς
2212 3964 2451 4018 τοιοῦτον
2487 3963 2644 4018 οὐδὲν
2695 3961 3051 4017 ὐποπτεύσει.
3083 3963 3306 4032 Ἔχουσι
3354 3962 3449 4016 καὶ
3482 3962 3681 4032 ἐτέραν

2005 4049 2384 4123 παραμυθίαν,
2441 4050 2509 4105 ἂν
2563 4051 2718 4116 νόσος
2773 4049 3254 4122 παρακολουθήσῃ,
3303 4048 3370 4102 ἂν
3427 4049 3678 4111 θάνατος.

2005 4140 2118 4210 Οὐχ
2141 4138 2331 4202 ἁπλῶς
2379 4138 2500 4192 οὐδὲ
2545 4139 2623 4202 ὡς
2667 4137 2822 4210 ἔτυχε
2853 4138 2946 4192 καὶ
2993 4139 3047 4190 αἱ
3087 4137 3263 4201 φιλίαι
3307 4136 3546 4203 γίνονται
3575 4135 3684 4190 τῶν

2004 4227 2122 4279 ἐκεῖ
2160 4226 2292 4297 παρ’
2318 4226 2568 4297 ἀλλήλοις
2616 4226 2825 4278 ἰόντων·
2866 4225 2959 4277 καὶ
2991 4225 3046 4275 αί
3085 4222 3294 4276 σύνοδοι
3335 4222 3391 4275 δὲ
3420 4223 3652 4291 γενήσον

2002 4326 2094 4364 ται
2125 4309 2305 4379 πολλῷ
2335 4311 2443 4362 τῶν
2483 4312 2540 4362 ἐν
2591 4311 2713 4371 ταῖς
2755 4307 3129 4376 πανηγύρεσιν
3161 4305 3360 4376 ἡδίους.
3393 4306 3468 4359 Οὐ
3522 4305 3684 4376 μόνον

2001 4398 2060 4452 δὲ
2085 4399 2142 4450 αί
2173 4395 2403 4460 σύνοδοι,
2457 4396 2593 4448 ἀλλά
2649 4395 2742 4449 καὶ
2789 4394 2944 4446 αὐτοὶ
2987 4395 3036 4445 οί
3071 4391 3414 4464 προεστῶτες
3453 4392 3541 4446 διὰ
3590 4394 3682 4447 τὸν

2003 4482 2374 4555 πρεσϐύτερον
2425 4481 2838 4552 αίδεσιμώτεροι
2881 4480 3113 4533 ἔσονται.
3164 4476 3388 4544 Πάντως
3439 4480 3684 4554 ἀκοῦεις,

2001 4573 2086 4628 ὅτι
2108 4572 2178 4626 τά
2211 4570 2564 4642 Ἱεροσόλυμα
2614 4569 2763 4637 παρὰ
2785 4568 2884 4633 τὰς
2931 4568 3100 4633 ἀλλας
3157 4569 3342 4632 πόλεις
3377 4567 3681 4640 τιμιώτερα

2000 4655 2069 4731 ἦν
2117 4659 2268 4730 παρὰ
2320 4661 2434 4722 τοῖς
2491 4657 2763 4722 παλαιοῖς·
2827 4657 2941 4712 ἀλλ’
2991 4657 3090 4728 οὐχ
3142 4656 3349 4722 ἀπλῶς,
3409 4654 3546 4710 ἀλλὰ
3591 4654 3680 4710 διὰ

2001 4747 2101 4819 τήν
2133 4747 2253 4801 τότε
2289 4745 2593 4818 κρατοῦσαν
2649 4745 2950 4801 εὐσέϐειαν.
3005 4745 3104 4798 Διά
3134 4742 3294 4798 τοῦτο
3344 4743 3472 4797 ἔνθα
3518 4744 3681 4814 τιμᾶ-

2001 4851 2091 4890 ται
2120 4837 2276 4902 Θεὸς,
2327 4834 2482 4890 οὐδέν
2533 4837 2648 4888 ἐστι
2697 4833 2952 4904 πονηρόν·
3014 4831 3203 4903 ὥσπερ
3257 4831 3422 4887 πάλιν
3450 4829 3581 4886 ἔνθα
3615 4830 3678 4884 οὐ

2001 4925 2266 4996 τιμᾶται,
2320 4924 2474 4978 οὐδὲν
2531 4921 2757 4992 ἀγαθόν.
2821 4920 2998 4993 Πολλὴ
3051 4920 3320 4989 ἀσφάλεια
3371 4919 3524 4973 ἔσται
3585 4918 3679 4973 καὶ

2003 5012 2155 5084 παρὰ
2182 5011 2303 5082 Θεῷ
2356 5011 2450 5065 καὶ
2485 5010 2638 5081 παρά
2692 5007 3022 5081 ἀνθρώποις.
3075 5008 3186 5060 Ναὶ
3232 5005 3556 5078 παρακαλῶ,
3601 5007 3677 5077 μὴ

2002 5097 2318 5169 παρέργως,
2369 5095 2504 5149 ἀλλά
2551 5094 2850 5166 προθύμως
2896 5093 2990 5147 τοῦ
3031 5092 3356 5164 πράγματος
3393 5091 3677 5146 ἀντιλάϐει

2003 5183 2120 5238 σθε.
2154 5185 2216 5237 Εἰ
2246 5183 2356 5254 γὰρ
2384 5184 2412 5235 6
2436 5182 2860 5253 ἐξάγωντίμιον
2909 5182 2970 5248 ἐξ
2993 5181 3233 5247 ἀναξίου,
3264 5180 3340 5244 ὡς
3369 5180 3543 5248 στόμα
3580 5178 3674 5234 τοῦ

2001 5271 2136 5326 Θεοῦ
2167 5271 2340 5324 ἔσται·
2374 5271 2404 5324 6
2459 5269 2730 5334 τοσαύτας
2776 5269 2956 5340 ψυχὰς
2987 5269 3088 5332 τάς
3133 5286 3194 5322 τε
3231 5268 3419 5334 οὔσας,
3471 5269 3570 5332 τάς
3612 5285 3675 5322 τε

2001 5359 2266 5431 ἐσομένας
2296 5359 2400 5424 ἕως
2429 5359 2530 5430 τῆς
2575 5359 2671 5413 τοῦ
2701 5360 2940 5431 Χριστοῦ
2973 5359 3281 5430 παρουσίας
3323 5357 3552 5427 ὠφελῶν
3580 5359 3677 5413 καὶ

2001 5446 2406 5517 ἀνακτώμενος,
2458 5445 2631 5517 πόσης
2679 5447 2781 5500 οὐκ
2837 5445 3204 5500 ἀπολαύσεται
3259 5442 3473 5508 εὐνοίας
3523 5445 3676 5514 παρά

1998 5535 2095 5589 τοῦ
2150 5532 2319 5586 Θεοῦί
2379 5534 2642 5605 Φρούριον
2687 5533 3099 5587 κατασκεύασον
3146 5530 3289 5584 κατά
3339 5528 3435 5583 τοῦ
3486 5530 3674 5584 διαϐό-

2002 5620 2116 5675 λου·
2149 5619 2307 5674 τοῦτο
2336 5620 2446 5690 γάρ
2486 5620 2636 5672 ἐστιν
2669 5621 2703 5691 ή
2733 5619 3019 5689 ἐκκλησία.
3062 5616 3303 5672 Ἐκεῖθεν
3346 5618 3674 5689 ὁρμάτωσαν

2001 5710 2060 5764 αί
2094 5710 2278 5780 χεῖρες
2321 5709 2402 5771 είς
2447 5707 2712 5777 κάματον·
2745 5705 2962 5777 πρῶτον
3016 5704 3451 5760 ἀνατεινέτωσαν
3503 5706 3675 5769 αὐτὰς

2068 5833 2092 5861 ε
2141 5830 2278 5940 {ligus
2330 5829 2517 5894 μισθόν·
2563 5829 2686 5886 ὅλως
2739 5828 2890 5893 ἀρχὴν
2926 5829 3093 5887 ἐπίθες.
3180 5827 3200 5866 ί
3230 5827 3365 5880 Unus
3397 5830 3504 5878 cod.
3529 5826 3675 5879 τοῦτο

2068 5909 2139 5940 ντε
2171 5909 2230 5940 ιι.

2003 5908 2230 5943 σνντελιι.

3597 362 3699 420 us
3790 441 3797 449 γ
