4084 6174
419 301 522 358 N9

415 421 496 482 εἰς
528 417 711 489 εὐχάς,
741 417 835 472 καὶ
865 416 983 470 τότε
1030 416 1310 473 ἀπίτωσαν
1340 421 1418 482 είς
1451 421 1549 490 τήν
1577 421 1860 490 ἐργασίαν.
1889 420 2075 484 Οὕτως

417 505 569 560 ἔσται
602 507 780 568 αὐτοῖς
834 505 984 574 ἰσχὺς
1037 503 1305 574 σώματος,
1345 505 1516 568 οὕτως
1570 508 1722 560 ἔσται
1757 511 1789 578 ἠ
1833 510 2076 578 γεωργία

417 592 606 662 πολλὴ,
653 590 794 644 οὕτω
827 591 1004 644 πάντα
1057 591 1212 655 ἐκτὸς
1247 591 1396 645 ἐσται
1449 593 1520 647 τὰ
1572 595 1736 647 κακά.
1790 595 1904 649 Οὐκ
1961 597 2076 648 ἐστι

413 680 514 748 τὴν
574 677 764 747 ἡδονὴν
823 678 924 747 τὴν
990 677 1238 731 ἐντεῦθεν
1289 678 1432 749 λόγῳ
1461 681 1831 751 παραστῆσαι,
1875 681 1979 745 ἕως
2010 681 2077 734 ἂν

414 765 560 835 ἔργῳ
590 766 664 835 μὴ
689 764 931 834 γένηται.
952 765 1043 834 Μὴ
1069 765 1225 818 τοῦτο
1253 767 1388 836 ἴδῃς,
1415 767 1496 820 ὅτι
1512 766 1766 836 οὐδεμίαν
1797 767 1908 838 ἔχει
1927 765 2074 839 [152]

414 851 691 921 πρόσοδον·
742 852 879 915 ὅλως
939 853 988 904 εἰ
1044 850 1186 905 οὓτω
1237 856 1429 920 ποιεῖς,
1477 855 1552 924 μὴ
1606 856 1856 928 ποιήσῃς,
1902 857 1950 907 εἰ
2001 855 2075 925 μὴ

412 937 654 1008 νομίζεις
679 937 938 1008 πρόσοδον
960 937 1257 1007 λαμϐάνειν
1307 938 1505 1002 παντὸς
1557 939 1652 993 τοῦ
1703 940 1903 1012 χωρίου
1962 941 2075 1011 μεί-

413 1023 563 1089 ζοναο
622 1026 671 1077 εἰ
724 1023 799 1096 μὴ
864 1023 1007 1078 οὕτω
1060 1024 1350 1090 διάκεισαι,
1417 1026 1554 1095 μηδὲ
1607 1027 1836 1099 ἐργάσῃ·
1896 1031 1944 1080 εἰ
2002 1029 2076 1098 μὴ

414 1111 553 1181 ὑπὲρ
616 1112 795 1165 πάντα
851 1111 1149 1181 προστῆναί
1218 1128 1312 1163 σου
1371 1112 1770 1182 ὑπολαμϐάνεις
1814 1113 1874 1166 τὸ
1918 1114 2076 1186 ἔργον

410 1195 590 1248 τοῦτο.
635 1196 700 1248 Τί
743 1197 844 1266 τῆς
898 1197 1160 1266 προσόδου
1207 1197 1410 1268 ταύτης
1460 1198 1660 1269 μεῖζον,
1707 1199 1800 1252 τοῦ
1855 1202 1934 1264 είς
1978 1201 2076 1272 τὴν

409 1281 527 1334 άλω
577 1281 673 1352 τὴν
724 1283 783 1334 ἐν
840 1282 1052 1352 οὐρανῷ
1104 1285 1416 1350 εἰσαγαγεῖν
1468 1284 1687 1355 ψυχάς;
1748 1287 1944 1356 Οῖμοιῐ
1995 1290 2076 1342 ὅτι

411 1369 515 1420 οὐκ
543 1369 655 1420 ῐστε
689 1369 852 1421 πόσον
881 1369 1000 1421 ἐστὶ
1046 1369 1106 1421 τὸ
1133 1371 1387 1439 κερδᾶναι
1415 1371 1610 1442 ψυχάς.
1644 1375 1843 1427 ’Ἄκουε
1867 1375 1918 1428 τί
1945 1393 2075 1446 φησι

414 1455 552 1524 πρὸς
577 1453 666 1507 τὸν
723 1456 927 1525 Πέτρον
953 1457 980 1506 ὁ
1007 1457 1272 1526 Χριστός·
1322 1460 1392 1510 El
1428 1459 1623 1526 φιλεῖς
1669 1477 1766 1528 με,
1806 1461 2079 1529 ποίμαινε

413 1543 485 1594 τὰ
503 1542 761 1608 πρόϐατά
786 1561 924 1612 μου.
967 1544 1028 1595 Εί
1065 1543 1320 1612 βασιλικά
1367 1546 1615 1616 πρόϐατα
1661 1559 1686 1587 ο
1743 1548 2077 1616 θεασάμενος

412 1627 446 1696 ἢ
506 1628 686 1681 ἵππων
732 1629 950 1698 ἀγέλην,
993 1631 1141 1700 παρὰ
1182 1630 1244 1682 τὸ
1301 1631 1466 1701 σηκὸν
1491 1631 1562 1702 μὴ
1607 1633 1772 1702 ἔχειν,
1829 1637 1907 1696 εἰς
1955 1635 2076 1687 ἐπι-

414 1713 611 1786 ϐουλὴν
654 1715 1011 1785 προκείμενα,
1055 1716 1234 1769 λαϐὼν
1275 1719 1435 1782 αὐτὸς
1491 1720 1656 1789 σηκόν
1703 1737 1762 1772 τε
1810 1721 2083 1791 ᾠκοδόμη-

415 1817 516 1861 σας
563 1802 654 1853 καὶ
687 1802 984 1873 ἰππῶνα,ἢ
1032 1802 1124 1856 καὶ
1176 1804 1410 1873 ποιμένα
1445 1806 1774 1876 ἐπέστησας,
1823 1807 1931 1859 τίνι
1982 1808 2082 1860 οὐκ

413 1889 479 1942 άν
506 1905 564 1939 σε
594 1888 865 1958 ἠμείψατο
914 1889 942 1941 ὁ
969 1888 1252 1959 βασιλεύς;
1288 1891 1401 1944 Νῦν
1432 1892 1531 1962 τὴν
1563 1892 1798 1964 ποίμνην
1827 1893 1921 1946 τοῦ
1955 1895 2080 1965 Χρι·

414 2011 502 2117 ῃιε
527 2011 707 2120 Vlocem
763 2012 996 2075 πρόϐατα,
1031 2013 1425 2076 repugnantibus
1469 2016 1692 2064 omnibus
1722 2029 1859 2076 mss.,
1905 2017 2088 2066 omittit

414 2103 426 2118 .
462 2084 547 2119 ore
575 2108 585 2120 .

414 2084 585 2120 ΜΟΙὈΙ.

1253 301 1309 356 S.
1348 301 1633 358 JOANNlS
1667 302 2150 361 CHRYSOSTOMI
2189 303 2501 360 ARCIIIEP.
2546 306 3088 367 CONSTANTINOP.

3742 315 3836 370 150

2181 421 2306 474 στυῦ
2340 423 2587 492 συνάγεις
2634 426 2727 478 καὶ
2760 428 2990 496 ποιμένα
3038 429 3285 497 ἐφιστᾷς.
3319 429 3413 481 καὶ
3446 429 3542 499 οὐχ
3605 435 3713 506 ἡγῇ
3744 438 3839 505 μέ-

2179 524 2250 574 γα
2295 525 2348 561 τι
2407 511 2766 580 ἐργάζεσθαι;
2821 514 2885 565 Τί
2945 516 3120 581 λέγω;
3178 516 3239 569 Et
3291 519 3319 569 6
3353 518 3719 583 σκανδαλίζων
3749 525 3839 578 καὶ

2177 594 2312 658 ἕνα,
2367 596 2594 667 ἀπειλὴν
2646 597 2756 668 ἔχει
2810 600 3078 670 τοσαύτην
3131 601 3430 672 ὑποστῆναι
3476 609 3767 677 τιμωρίανο
3812 613 3838 662 ὀ

2181 680 2366 745 σώζων
2413 684 2715 750 τοσούτους,
2769 687 2888 738 εἰπέ
2940 704 3052 756 μοι,
3103 689 3222 757 οὐχὶ
3277 689 3614 760 σωθήσεται;
3676 695 3840 764 Εὔδη-

2179 768 2266 820 λον
2297 771 2395 821 ὄτι.
2436 770 2599 822 Ποίαν
2633 771 2741 834 ἕξει
2783 771 2892 842 γὰρ
2926 772 3109 825 λοιπὸν
3169 775 3466 846 ἁμαρτίαν,
3500 779 3532 848 ἢ
3573 781 3676 833 κᾶν
3705 781 3839 850 ἔχοι,

2176 855 2276 906 οὐκ
2310 855 2576 925 ἐξαλείφει
2609 859 2844 928 ταύτην;
2889 859 3020 912 Ἀπὸ
3047 861 3144 931 τῆς
3191 866 3461 934 τιμωρίας
3489 866 3582 918 τοῦ
3614 870 3841 922 σκανδαο

2177 941 2414 1006 λίζοντος
2449 944 2585 1013 μάθε
2636 945 2695 998 τὸ
2726 946 2954 1000 ἔπαθλον
2982 948 3075 1001 τοῦ
3131 948 3411 1014 σώζοντος.
3446 954 3509 1006 Εἰ
3560 953 3633 1024 μὴ
3688 973 3832 1026 περι-

2179 1029 2510 1084 σπούδαστον
2566 1027 2635 1100 ἦν
2665 1033 2742 1103 τῷ
2780 1034 2896 1104 Θεῷ
2931 1036 3024 1088 καὶ
3085 1038 3212 1105 μιᾶς
3240 1037 3417 1108 ψυχῆς
3449 1041 3710 1110 σωτηρία,
3741 1045 3839 1097 οὐκ

2179 1115 2244 1168 ἂν
2272 1117 2538 1187 τοσαύτην
2584 1119 2754 1189 ὀργὴν
2810 1121 3060 1188 ἐποίησεν
3105 1123 3313 1196 αύτῷὴ
3354 1125 3613 1181 ἀπώλεια.
3653 1129 3837 1184 Ταῦτα

2177 1197 2269 1253 οῦν
2298 1203 2517 1268 εἰδότες,
2555 1205 2807 1274 ἐχώμεθα
2845 1208 2944 1278 ἥδη
2983 1209 3073 1262 τοῦ
3117 1211 3278 1281 ἔργου
3312 1213 3501 1266 τούτου
3527 1214 3621 1266 τοῦ
3674 1234 3835 1268 πνευ-

2183 1287 2435 1354 ματικοῦ,
2476 1289 2568 1342 καὶ
2602 1291 2701 1359 ἐμὲ
2746 1293 3029 1348 καλεσάτω
3087 1297 3338 1360 ἕκαστος,
3391 1300 3484 1353 καὶ
3527 1303 3686 1370 ἡμεῖς
3719 1321 3839 1354 συν-

2179 1375 2579 1446 αντιληψόμεθα
2610 1378 2678 1431 τά
2706 1379 2924 1434 δυνατά.
2957 1383 3065 1435 Καὶ
3095 1385 3142 1437 εἰ
3177 1386 3275 1454 μὲν
3328 1389 3476 1457 τρεῖς
3507 1384 3614 1440 εἷεν
3642 1391 3692 1440 οί
3752 1407 3841 1442 κε-

2180 1461 2459 1531 κτημένοι,
2511 1465 2575 1517 ἐκ
2633 1471 2995 1538 συνεισφορᾶς
3030 1472 3378 1525 ποιείτωσανο
3427 1475 3475 1526 εἰ
3523 1474 3578 1527 δὲ
3615 1470 3713 1539 εἷς,
3748 1478 3841 1529 καὶ
3940 1487 3942 1489 ’

2177 1547 2303 1611 τοὺς
2332 1547 2522 1612 ἄλλους
2569 1552 2848 1604 ἀναπείσει
2878 1555 3003 1617 τοὺς
3029 1555 3271 1626 πλησίον.
3320 1560 3497 1611 Μόνον
3527 1560 3684 1613 τοῦτο
3714 1579 3847 1613 κατ-

2179 1633 2415 1702 ορθῶσαι
2478 1637 2832 1703 σπουδάσατε,
2869 1643 3191 1710 παρακαλῶ,
3228 1645 3316 1697 ἵνα
3357 1646 3620 1699 πάντοθεν
3649 1647 3844 1717 εὐαρε-

2178 1720 2428 1785 στοῦντες
2448 1721 2524 1792 τῷ
2542 1722 2682 1791 Θεῷ,
2713 1724 2822 1778 τῶν
2845 1727 3080 1782 αἰωνίων
3108 1730 3330 1798 ἀγαθῶν
3350 1733 3717 1802 ἐπιτύχωμεν,
3748 1735 3848 1803 χά-

2179 1826 2288 1878 ριτι
2318 1810 2411 1862 καὶ
2431 1809 2809 1883 φιλανθρωπίᾳ
2835 1814 2927 1866 τοῦ
2955 1816 3159 1886 Κυρίου
3185 1818 3340 1888 ἡμῶν
3381 1819 3556 1890 Ἰησοῦ
3585 1820 3847 1890 Χριστοῦ,

2181 1895 2303 1965 μεθ’
2328 1891 2389 1950 οὗ
2421 1895 2500 1965 τῷ
2531 1899 2706 1967 Πατρὶ
2732 1899 2848 1968 ἅμα
2869 1901 2944 1972 τῷ
2973 1904 3113 1974 ἀγίῳ
3143 1905 3420 1974 Πνεύματι
3444 1907 3589 1971 δόξα,
3623 1908 3846 1978 κράτος,

2178 1983 2336 2054 τιμὴ,
2369 1983 2462 2037 νῦν
2516 1986 2608 2037 καὶ
2641 1987 2748 2050 ἀεὶ,
2785 1990 2878 2042 καὶ
2933 1993 3010 2053 εἰς
3063 1994 3188 2056 τοὺς
3218 1995 3422 2059 αἰῶνας
3465 1995 3574 2049 τῶν
3616 1995 3844 2053 αἰώνων.

2192 2069 2384 2142 Ἀμήν.

2393 2203 3738 2233 “Iw

1903 2255 2148 2309 OMIAIA
2196 2256 2300 2310 19'.

487 2324 775 2391 Ἀγγελος
792 2319 862 2391 δὲ
894 2323 1115 2389 Κυρίου
1142 2322 1410 2389 ἐλάλησα
1451 2324 1600 2391 πρὸς
1624 2325 1943 2388 Φίλιππον,
1975 2325 2078 2379 λέ-

484 2389 622 2463 γῳνδ
675 2389 985 2463 ’ᾼνάστηθι
1009 2392 1108 2446 καὶ
1137 2393 1393 2461 πορεύου
1422 2389 1960 2463 πρὸςμεσημϐρίαν
1981 2394 2078 2448 ἐπὶ

484 2459 600 2533 τὴν
619 2459 796 2533 ψόδρν
823 2459 939 2533 τὴν
975 2459 1474 2533 καταϐαίνουσαν
1501 2459 1620 2533 ἀπὸ
1683 2459 2080 2533 Ἰερουσαλὴμ

483 2532 570 2595 εις
607 2532 656 2582 Γ
659 2527 821 2590 ἀζαν·
850 2529 1001 2600 αὕτη
1033 2530 1205 2586 ἐστίν
1233 2530 1469 2600 ἕρημος.
1502 2532 1614 2587 Καὶ
1647 2527 1911 2600 ἀνάστὰς
1936 2527 2078 2586 ἐπὸ-

477 2600 684 2666 ρεύθη.

484 2700 554 2757 α’.
573 2702 723 2772 Ἐμοὶ
748 2701 898 2756 δοκεῖ
927 2701 1100 2756 ταῦτα
1123 2702 1197 2757 ὣν
1235 2704 1293 2757 ἐν
1317 2705 1602 2777 Σαμαρείᾳ
1625 2708 2076 2778 προστάττεσθαι,

414 2788 626 2843 ὅτιάπὺ
669 2789 1057 2861 Ἰεροσολύμων
1105 2791 1165 2844 οὐ
1228 2791 1366 2862 πρὸς
1397 2793 1744 2865 μεσημϐρίαν
1792 2811 1878 2858 τις
1923 2797 2078 2850 ἄπει-

417 2893 502 2928 σιν
537 2888 588 2936 ι.
615 2874 752 2930 ἀλλὰ
780 2877 913 2948 πρὸς
965 2878 1186 2946 ἄρκτον*
1223 2878 1332 2931 ἀπὸ
1375 2879 1432 2932 δὲ
1475 2881 1786 2950 Σαμαρείας
1814 2881 1948 2952 πρὸς
1986 2899 2080 2951 με-

417 2963 716 3034 σημϐρίαν.
762 2965 922 3030 Αὕτη
979 2964 1152 3017 ἐστὶν
1199 2965 1436 3034 ἕρημος.
1495 2967 1664 3020 Τοῦτο
1715 2968 1880 3036 λέγει,
1940 2970 2079 3023 ὥστε

419 3049 497 3118 μὴ
527 3049 830 3119 φοϐηθῆναι
862 3049 971 3102 τῶν
1029 3049 1298 3104 Ἰουδαίων
1331 3051 1429 3122 τὴν
1476 3053 1818 3107 ἐπιστασίαν.
1847 3055 1954 3107 Καὶ
1981 3057 2081 3109 οὐκ

419 3135 697 3205 ἠρώτησε,
731 3134 817 3187 διά
864 3135 950 3200 τίς
999 3135 1112 3190 ἀλλ’
1161 3137 1399 3202 ἀναστάς
1428 3139 1719 3211 ἐπορεύθη.
1756 3142 1866 3194 Καὶ
1927 3142 2077 3205 ἰδοὺ,

420 3221 608 3290 φησὶν,
640 3222 794 3290 ἀνὴρ
816 3224 1032 3293 Αἰθίοψ
1062 3225 1377 3294 εὐνοῦχος,
1415 3226 1724 3295 δυνάστης
1765 3229 2082 3297 Κανδάκης

421 3308 532 3376 τῆς
576 3310 961 3378 ,ϐασιλίσσης
1011 3312 1322 3378 Αἰθιόπων,
1374 3312 1442 3378 ὃς
1472 3309 1552 3384 ἦν
1601 3315 1699 3368 ἐπὶ
1737 3315 1942 3384 πάσης
1972 3317 2083 3385 τῆς

419 3396 597 3466 γάζης
630 3395 840 3464 αὐτῆς,
871 3397 938 3464 ὃς
972 3399 1256 3466 ἐληλύθει
1291 3400 1736 3471 προσκυνήσων
1761 3406 1846 3468 εἰς
1884 3404 2085 3472 Ἰερουο

419 3484 648 3552 σαλήμ.
679 3483 798 3539 ἾῙν
828 3485 896 3537 δὲ
927 3487 1320 3554 ὑποστρέφων
1352 3489 1449 3540 καὶ
1476 3489 1805 3556 καθήμενος
1834 3490 1931 3544 ἐπὶ
1977 3492 2083 3550 τοῦ

421 3571 680 3638 ἅρματος
735 3571 919 3625 αὐτοῦ
947 3612 962 3636 ,
1021 3572 1120 3626 καὶ
1181 3574 1547 3642 ἀνεγίνωσκε
1604 3578 1712 3631 τὸν
1769 3577 2087 3646 προφήτην

433 3658 704 3711 Ἡσαΐαν.
740 3657 967 3724 Μεγάλα
1003 3658 1254 3726 ἐγκώμια
1306 3659 1372 3714 τά
1396 3663 1524 3733 περὶ
1576 3663 1765 3716 τούτου
1796 3665 2082 3736 εἰρημένα·

423 3745 474 3795 εί
503 3759 563 3810 γε
593 3743 688 3796 καὶ
722 3744 780 3796 ἐν
822 3742 1078 3816 Αἰθιοπίᾳ
1110 3746 1309 3816 μένων,
1361 3749 1453 3801 καὶ
1482 3750 1753 3814 τοσούτοις
1789 3752 2088 3824 κυκλούμε-

423 3847 511 3893 νος
541 3831 850 3900 πράγμασι,
889 3832 984 3885 καὶ
1018 3833 1212 3904 ἑορτῆς
1254 3836 1353 3888 οὐκ
1378 3835 1565 3907 οὔσης,
1593 3841 1685 3892 καὶ
1735 3841 1791 3892 ἐν
1820 3843 1885 3910 τῇ
1922 3841 2086 3894 δεισι-

422 3915 636 3984 δαίμονι
659 3917 809 3970 πόλει
836 3917 933 3984 ὢν,
967 3917 1117 3991 [155]
1143 3920 1340 3990 ἧρχετο
1364 3926 1754 3992 προσκυνήσων
1780 3926 1860 3989 εἰς
1890 3928 2087 3998 Ἱερουε-

425 4005 624 4075 σαλήμ.
650 4005 824 4077 Πολλή
859 4024 918 4059 τε
951 4009 984 4077 ἡ
1015 4009 1239 4077 σπουδὴ.
1270 4009 1352 4062 ὅτι
1389 4011 1484 4063 καὶ
1531 4011 1840 4082 καθήμενος
1863 4015 1955 4068 ἐπὶ
1993 4016 2085 4070 τοῦ

422 4092 697 4162 ὀχήματος
725 4094 1108 4162 ἀνεγίνωσκεν.
1141 4092 1289 4150 Εἷπε
1311 4097 1378 4150 δὲ
1399 4098 1466 4152 τὸ
1504 4099 1744 4168 Πνεῦμα
1770 4100 1848 4167 τῷ
1875 4105 2085 4157 Φιλίπ-

422 4193 531 4242 πῳο
585 4181 890 4247 Πρόσελθε
940 4181 1036 4234 καὶ
1091 4183 1422 4251 κολλήθητι
1469 4183 1549 4250 τῷ
1604 4186 1816 4256 ἅρματι
1878 4193 2082 4257 τούτῳ.

432 4266 842 4336 Προσὸραμὼν
863 4266 932 4320 δέ
977 4271 1010 4322 ὀ
1035 4270 1353 4337 Φίλιππος,
1385 4270 1654 4340 ἤκουσεν
1682 4267 2086 4345 αὐτοῦάναγιι

419 4351 766 4418 νώσκοντος
801 4354 1047 4410 Ἡσαΐαν
1072 4355 1180 4410 τὸν
1214 4359 1550 4427 προφήτην,
1599 4361 1694 4414 καὶ
1720 4358 1910 4415 εἶπεν·
1946 4360 2087 4430 Ἆρά

419 4455 488 4507 τε
506 4439 837 4508 γινώσκεις,
865 4441 903 4495 d
923 4443 1389 4513 άναγινώσκεις;
1434 4448 1495 4499 Ὀ
1521 4447 1590 4500 δὲ
1635 4445 1786 4502 εἷπε·
1812 4450 1936 4515 Πῶς
1979 4451 2086 4519 γὰρ

421 4525 499 4578 ἂν
531 4525 848 4594 δυναίμην,
908 4528 1016 4582 ἐὰν
1057 4531 1234 4597 μήτις
1272 4533 1546 4601 ὀδηγήσῃ
1592 4553 1688 4602 με.
1748 4538 1888 4606 Ὅρα
1927 4539 2086 4591 πάλιν

421 4611 591 4680 ἄλλην
619 4611 924 4666 εὐλάϐειαν.
962 4615 1094 4667 Τίνα
1125 4617 1326 4684 ταύτην
1349 4635 1362 4681 ;
1411 4620 1534 4672 ’Ότι
1560 4622 1660 4673 οὐκ
1682 4622 1836 4685 εἰδὼς
1859 4624 1886 4662 ὶι
1909 4625 2087 4692 ἀνεγί-

422 4715 653 4759 νωσκεν,
681 4694 797 4751 εἶτα
828 4701 967 4770 μετὰ
993 4701 1054 4754 τὸ
1073 4704 1386 4770 ἀναγνῶναι
1411 4705 1672 4769 ἐξετάζει.
1706 4710 2087 4776 Παρεκάλεσε

420 4786 490 4839 δὲ
516 4787 624 4839 τὸν
643 4788 946 4841 Φίλιππον
969 4790 1275 4844 ἀναϐάντα
1304 4795 1545 4848 καθίσαι
1572 4795 1694 4848 σὺν
1720 4797 1898 4862 αὐτῷ.
1931 4799 2000 4853 ’11
2018 4801 2086 4854 δὲ

422 4873 671 4942 περιοχὴ
693 4873 805 4943 τῆς
828 4876 1094 4945 Γραφῆς,
1118 4877 1198 4944 ἢν
1223 4880 1648 4948 ἀνεγίνωσκεν,
1676 4880 1754 4952 ἦν
1782 4886 1954 4953 αὕτη·
1990 4889 2081 4954 Ὠς

422 4963 720 5030 πρόϐατον
745 4964 842 5016 ἐπὶ
877 4965 1124 5033 σφαγὴν
1143 4966 1323 5035 ἤχθη,
1357 4968 1454 5021 alat
1484 4969 1564 5035 ὡς
1593 4971 1778 5037 ἀμνὸς
1810 4973 2086 5030 ἐναντίον

422 5047 530 5102 τοῦ
561 5049 868 5114 κείραντος
894 5050 1080 5103 αὐτὸν
1101 5051 1336 5120 ἀέρων-ος
1350 5071 1362 5084 ·
1386 5054 1574 5119 οὕτως
1591 5058 1702 5109 οὐκ
1723 5059 1949 5128 ἀνοίγει
1971 5071 1992 5100 ε
2017 5064 2084 5115 τὸ

421 5136 614 5204 στόμα
633 5135 839 5189 αὐτοῦ.
859 5137 962 5190 Ἐν
977 5135 1049 5204 τῇ
1066 5140 1413 5193 ταπεινώσει
1430 5143 1616 5197 αὑτοῦ
1634 5145 1670 5212 ἡ
1687 5146 1884 5212 κρίσις
1898 5148 2085 5202 αὑτοῦ

422 5219 595 5289 ῆρθη.
645 5221 762 5289 Τὴν
818 5221 888 5275 δὲ
922 5226 1133 5292 γενεὰν
1179 5227 1365 5281 αὑτοῦ
1419 5230 1510 5294 τίς
1570 5229 1918 5302 διηγήσεται
1933 5250 1952 5299 ;
1995 5235 2084 5290 ὅτι

421 5308 648 5376 αιρεται
676 5311 794 5364 ἀπὸ
825 5309 935 5377 τῆς
973 5309 1084 5380 γῆς
1109 5313 1148 5379 ἡ
1182 5312 1294 5382 ζωὴ
1319 5315 1525 5370 αὑτοῦ.
1573 5318 1931 5387 Ἀποκριθεὶς
1963 5321 2031 5374 δὲ
2051 5325 2084 5375 ὀ

421 5396 716 5464 εὐνοῦχος
761 5395 841 5462 τῷ
875 5399 1148 5466 Φιλίππῳ
1174 5396 1323 5453 εἷπε·
1350 5401 1564 5472 Δέομαί
1587 5417 1723 5469 σου,
1755 5407 1886 5473 περὶ
1921 5408 2084 5472 τίνος

421 5483 456 5534 ό
476 5481 793 5551 προφήτης
845 5484 1019 5539 τοῦτο
1046 5485 1206 5555 λέγει
1224 5500 1243 5549 ;
1281 5490 1412 5556 περί
1443 5490 1681 5555 ἑαυτοῦ,
1713 5493 1752 5560 ἣ
1779 5494 1912 5561 περί
1960 5494 2077 5548 ἑτέ·

419 5581 532 5632 ρου
563 5569 768 5633 τινός;
805 5569 1068 5636 Ἀνοίξας
1090 5571 1158 5623 δὲ
1182 5574 1214 5625 ό
1240 5574 1534 5639 Φίλιππος
1563 5576 1628 5628 τὸ
1651 5579 1844 5645 στόμα
1874 5580 2081 5646 αὐτοῦ,

485 5649 502 5672 ⁸
539 5652 636 5736 λιιι
669 5653 774 5712 ἐμοὶ
801 5656 965 5736 1δοιιιεῖ..
1009 5659 1249 5736 τῶνέπτῖὰ
1269 5660 1514 5736 οὗτοςθῇιο
1557 5663 1728 5736 ὠιγάρ
1769 5665 1825 5711 ἂν
1851 5665 1946 5712 ἀπὸ
1993 5665 2056 5736 ‘lg

540 5712 700 5782 λύμων
731 5716 861 5782 πρὸς.
885 5720 1178 5782 μεσημϐρίαν
1199 5722 1362 5782 ἂπήει’
1391 5712 1519 5772 ἀλλ’.
1611 5712 1659 5759 δ’
1687 5712 1819 5771 Unus
1860 5728 1963 5773 md.
2007 5712 2083 5774 εύ-

463 5771 630 5846 ίϐιιαν,
673 5771 1180 5846 ὅτιςμαείἱρύκτίδώς.
1247 5771 1469 5834 ίΜοοιῐ.
1510 5771 1682 5846 ἤνοιξε,
1707 5771 2084 5838 τεειαηιεῦιιίίυε

423 5833 649 5884 omnibus
670 5834 810 5885 codd.
837 5836 973 5890 Enn.

2181 2328 2278 2381 καὶ
2337 2329 2672 2399 ἀρξάμενος
2701 2331 2823 2386 ἀπὸ
2852 2331 2962 2401 τῆς
2995 2333 3243 2402 Γραφῆς
3272 2336 3514 2402 ταύτης,
3541 2338 3855 2409 εὐηπελί.

2179 2430 2330 2468 σατο
2354 2415 2514 2482 αὐτῷ
2546 2417 2654 2471 τὸν
2693 2418 2952 2485 Ἰησοῦν.
2991 2420 3174 2491 Ὁρᾷς,
3219 2421 3338 2484 πῶς
3366 2424 3730 2494 οἰκονομεῖται
3778 2430 3856 2481 τὰ

2180 2503 2301 2556 κατ’
2333 2504 2528 2570 αὐτόν;
2578 2507 2848 2576 Πρότερον
2898 2508 3263 2575 ἀναγινώσκει
3318 2511 3413 2563 καὶ
3450 2512 3661 2579 ἀγνοεῖο
3729 2507 3858 2568 εἶτα

2179 2591 2543 2660 ἀναγινώσκει
2582 2593 2750 2663 αὐτὴν
2783 2593 2882 2665 τὴν
2930 2595 3209 2666 περιοχὴν,
3250 2596 3378 2650 ἔνθα
3425 2593 3493 2668 ἦν
3547 2598 3610 2650 τὸ
3653 2599 3852 2663 πάθος,

2181 2677 2276 2730 καὶ
2314 2680 2346 2748 ἡ
2371 2679 2664 2742 ἀνάστασις
2685 2680 2778 2733 καὶ
2807 2683 2839 2750 ἡ
2872 2680 3067 2750 δωρεά.
3105 2682 3198 2749 Ὡς
3222 2682 3289 2735 δὲ
3318 2682 3676 2751 ἐπορεύοντο
3696 2688 3856 2739 κατὰ

2179 2763 2294 2832 τὴν
2320 2765 2484 2829 ὁδὸν,
2508 2763 2698 2836 ἦλθον
2723 2768 2824 2820 ἐπι
2861 2785 2914 2821 τι
2939 2768 3120 2836 ὕδωρο.
3145 2770 3248 2824 καί
3267 2786 3460 2839 φησιν
3479 2774 3511 2824 d
3530 2772 3849 2840 εὐνοῦχος·

2194 2851 2349 2906 Ἰδοὺ
2371 2851 2547 2920 ὕδωρ,
2573 2854 2871 2920 τίβιωλύει
2891 2872 2968 2923 με
2989 2855 3400 2925 βαπτισθῆναι
3414 2873 3435 2922 ;
3457 2853 3614 2922 Εἶδες
3645 2857 3854 2928 προθυ-

2184 2939 2345 3010 μίαν;
2380 2934 2517 3003 εἶδες
2542 2939 2859 3010 άκρίϐειαν;
2902 2942 3226 2996 Ἐκέλευσέ
3245 2960 3308 2996 τε
3333 2942 3555 3012 στῆναι
3575 2943 3641 2998 τὸ
3666 2944 3850 3012 ἅρμα,

2181 3025 2280 3078 καὶ
2306 3025 2650 3092 κατέϐησαν
2679 3027 2767 3092 είς
2806 3026 2874 3081 τὸ
2903 3027 3062 3094 ὕδωρ
3101 3029 3442 3098 ἀμφότεροι,
3483 3029 3516 3083 ὅ
3543 3047 3606 3083 τε
3637 3032 3854 3084 Φίλιπ-

2182 3128 2296 3178 πος
2319 3113 2418 3165 καὶ
2447 3115 2479 3166 ό
2506 3113 2818 3182 εὐνοῦχος.
2858 3114 2955 3167 καὶ
3010 3113 3335 3168 ἐϐάπτισεν
3361 3117 3568 3171 αὐτόν.
3603 3117 3744 3169 Ὅτε
3777 3115 3857 3169 δὲ

2183 3199 2490 3265 ἀνέϐησαν
2515 3200 2633 3254 ἀπὸ
2663 3201 2769 3254 τοῦ
2798 3201 3036 3267 ὕδατος,
3083 3203 3323 3272 Πνεῦμα
3350 3203 3857 3275 Κυρίουαῆρπασε

2182 3285 2290 3338 τὸν
2316 3287 2635 3351 Φίλιππον,
2662 3288 2758 3340 καί
2784 3290 2894 3344 οὐκ
2919 3285 3079 3342 εἶδεν
3105 3291 3294 3356 αὐτὸν
3324 3292 3435 3345 οὐκ
3460 3292 3546 3344 ἔτι
3566 3293 3598 3344 ό
3631 3290 3852 3344 εὐνοῦ-

2184 3390 2311 3441 χος.
2358 3374 2698 3441 Ἐπορεύετο
2723 3373 2830 3443 γὰρ
2858 3375 2972 3440 τὴν
2999 3375 3145 3430 ὀδόν
3163 3375 3349 3430 αὑτοῦ
3378 3377 3621 3445 χαίρων.
3647 3375 3746 3428 Διά
3769 3377 3851 3440 τί,

2186 3461 2369 3528 φησὶν,
2399 3456 2532 3531 ἦρεν
2580 3460 2738 3515 αὐτὸν
2779 3461 3000 3531 Πνεῦμα
3036 3461 3273 3533 κυρίους
3321 3463 3466 3516 Διότι
3510 3462 3701 3532 ἔμελλε
3752 3463 3859 3515 καὶ

2186 3545 2354 3610 ἄλλας
2386 3547 2572 3610 πόλεις
2626 3547 2852 3602 διελθεῖν
2891 3548 2983 3600 καὶ
3033 3548 3504 3616 εὐαγγελίσασθαι.
3560 3549 3722 3602 Ὥστε
3757 3544 3860 3601 οὖν

2187 3632 2412 3704 ὕστερον
2465 3635 2630 3686 αὐτὸν
2681 3633 3064 3704 θαυμασθῆναι
3109 3634 3268 3688 τοῦτο
3323 3635 3557 3703 ἐγένετο,
3593 3634 3734 3687 ὥστε
3773 3637 3859 3706 μὴ

2186 3718 2524 3790 ἀνθρώπινον
2549 3719 2610 3772 τὸ
2639 3720 2764 3789 περὶ
2801 3718 2982 3783 αὐτὸν,
3026 3720 3162 3773 ἀλλά
3193 3720 3335 3773 θεῖον
3363 3721 3604 3790 νομίσαι.
3635 3720 3858 3773 Φίλιπ-

2185 3822 2299 3873 πος
2326 3808 2394 3860 δὲ
2424 3808 2638 3876 εὑρέθη
2669 3811 2754 3873 είς
2815 3808 3089 3876 Ἄζωτον,
3120 3810 3216 3863 καὶ
3249 3809 3632 3878 διερχόμενος
3674 3812 3864 3878 abar-

2185 3898 2470 3966 τελίσατο
2499 3897 2604 3961 τὰς
2636 3899 2845 3962 πόλεις
2864 3895 3088 3961 πάσας,
3129 3896 3238 3962 ἕως
3289 3897 3397 3950 τοῦ
3421 3897 3620 3951 ἐλθεῖν
3665 3899 3862 3951 αὑτὸν

2185 3986 2271 4049 εις
2299 3983 2677 4051 Καισάρειαν.
2710 3984 2818 4035 Καὶ
2862 3985 2926 4036 ἐκ
2976 3983 3168 4036 τούτου
3220 3983 3379 4052 δῆλον
3427 3983 3502 4048 ὡς
3554 3979 3709 4046 οὗτος
3745 3983 3866 4036 τῶν

2185 4073 2326 4126 ἑπτά
2357 4072 2470 4124 ἐστι
2500 4071 2548 4110 ἀ·
2615 4073 2709 4124 καὶ
2739 4071 2848 4140 γάρ
2882 4071 2976 4123 καὶ
3006 4069 3230 4140 ὕστερον
3284 4073 3401 4124 ἐκεῖ
3450 4071 3764 4140 εὑρίσκεται
3798 4073 3867 4122 ἐν

2185 4157 2510 4228 Καισαρείᾳ.
2534 4156 2928 4226 Συμφερόντως
2956 4152 3048 4210 οὖν
3069 4157 3316 4226 ἥρπασεν
3339 4157 3500 4209 αὑτὸν
3521 4157 3582 4208 τὸ
3605 4152 3866 4223 Πνεῦμα,

2184 4245 2306 4296 ἐπεὶ
2339 4244 2568 4312 ἠξίωσεν
2601 4244 2666 4296 ἂν
2699 4245 2792 4297 καὶ
2847 4245 3204 4298 συναπελθεῖν
3240 4242 3388 4313 αὐτῷ
3415 4244 3444 4296 ὁ
3487 4243 3762 4311 εὐνοῦχος·
3796 4243 3871 4294 ὃν

2186 4331 2279 4384 καὶ
2310 4330 2578 4400 ἐλύπησεν
2603 4331 2667 4383 ἂν
2705 4332 2928 4393 ἐκεῖνος,
2978 4329 3280 4391 ἀνανεύσας
3311 4329 3405 4382 καὶ
3448 4328 3867 4398 ἀρνησάμενος,

2184 4419 2397 4471 οὐδέπω
2420 4417 2616 4488 καιροῦ
2647 4419 2819 4480 ὄντος.
2877 4414 3029 4480 Εἶδες
3054 4417 3318 4486 ἀγγέλους
3361 4415 3874 4484 συναντιλαμϐανοο

2187 4505 2380 4573 μένους
2398 4505 2482 4573 τῷ
2513 4507 2848 4574 κηρύγματι,
2882 4505 2974 4557 καὶ
3014 4505 3208 4568 αὐτοὺς
3243 4504 3342 4574 μὲν
3367 4505 3427 4556 οὐ
3456 4501 3868 4572 κηρύττοντας,

2184 4589 2408 4656 τούτους
2433 4592 2490 4644 δὲ
2541 4591 2870 4654 καλοῦντας;
2919 4591 2992 4643 Τὸ
3019 4591 3076 4643 δὲ
3105 4589 3415 4659 θαυμαστὸν
3458 4589 3552 4641 καὶ
3605 4587 3875 4642 ἐντεῦθεν

2184 4677 2477 4731 δείκνυται·
2519 4679 2655 4750 ὅπερ
2681 4679 2788 4748 γάρ
2814 4678 2979 4731 πάλαι
3018 4679 3240 4731 σπάνιον
3272 4672 3338 4747 ἦν
3367 4676 3459 4728 καὶ
3499 4676 3652 4746 μόλις
3682 4675 3876 4738 ἐγίνε-

2183 4781 2264 4828 το,
2293 4764 2452 4818 τοῦτο
2473 4766 2705 4818 ἐνταῦθα
2724 4765 2862 4835 μετά
2886 4763 3084 4833 πολλῆς
3110 4763 3317 4831 γίνεται
3340 4761 3617 4830 ἀφθονίας.
3645 4760 3879 4825 Ἄλλως

2187 4851 2243 4904 δὲ
2276 4863 2299 4890 ε
2330 4854 2422 4904 καὶ
2450 4851 2901 4922 προαναφώνησίς
2934 4869 3016 4914 τις
3050 4852 3110 4904 τὸ
3141 4850 3362 4916 γεγονὸς
3393 4845 3459 4919 ἦν
3502 4847 3596 4900 τοῦ
3625 4848 3731 4900 τῶν
3761 4848 3880 4900 ά).-

2188 4937 2431 5004 λοφύλων
2453 4939 2722 5007 κρατῆσαι
2751 4937 2966 5000 αὐτούς.
2997 4938 3105 4989 Καὶ
3129 4939 3237 5006 γάρ
3262 4935 3323 4988 τὸ
3350 4935 3459 4987 τῶν
3490 4934 3881 4988 πιστευόντων

2187 5023 2521 5087 ἀξιόπιστον,
2563 5023 2744 5076 ἰκανὸν
2798 5026 2924 5087 τοὺς
2953 5023 3319 5094 μανθάνοντας
3370 5024 3552 5074 πεῖσαι
3597 5021 3726 5090 πρὸς
3763 5022 3886 5075 τὸν

2191 5113 2303 5164 ἴσον
2338 5113 2430 5164 καὶ
2458 5112 2656 5173 αὐτοὺς
2677 5112 2835 5182 ζῆλον
2863 5112 3237 5182 διαναστῆναι.
3267 5109 3364 5164 Διὰ
3414 5109 3574 5162 τοῦτο
3599 5109 3731 5176 γοῦν
3761 5112 3891 5165 καὶ

2188 5199 2482 5269 ἐπορεύετο
2511 5199 2735 5268 χαίρων,
2771 5200 2913 5252 ὥστε
2942 5203 2991 5254 εἰ
3031 5200 3319 5269 ἠπίστατο,
3379 5199 3480 5251 οῦκ
3506 5196 3570 5250 ἂν
3595 5196 3760 5266 ἥσθη.
3792 5199 3895 5252 ΤΞ

2187 5281 2274 5332 δαὶ
2315 5281 2541 5347 ἐκώλυε,
2593 5283 2746 5350 φησὶ,
2783 5283 2962 5336 πάντα
3011 5281 3172 5334 αὑτὸν
3211 5279 3456 5350 ἀκριϐῶς
3516 5278 3710 5349 μαθεῖν
3764 5283 3899 5334 καὶ

2188 5367 2245 5420 ἐν
2268 5368 2346 5438 τῷ
2375 5369 2609 5438 ὀχήματι
2639 5370 2786 5432 ὄντα,
2817 5369 2911 5423 καὶ
2945 5369 3179 5440 μάλιστα
3223 5371 3280 5422 ἐν
3319 5368 3544 5438 ἐρήμῳ;
3583 5366 3707 5418 Ὀτι
3757 5366 3904 5423 οὺχ

2185 5451 2254 5526 ἦν
2285 5459 2345 5508 τὸ
2376 5459 2606 5527 πρᾶγμα
2639 5457 2915 5522 ἐπίδειξις.
2963 5457 3102 5509 Ἀλλ’
3153 5457 3353 5526 ῖδωμεν
3409 5454 3614 5509 ἀνωθεν
3642 5453 3711 5505 τά
3761 5454 3900 5506 άν-

2188 5543 2525 5612 εγνωσμένα.
2558 5544 2665 5610 καί
2693 5543 2822 5597 ἰδοὺ
2853 5543 3010 5611 ἀνὴρ
3072 5544 3290 5611 Αἰθίοψ
3331 5539 3646 5608 εὐνοῦχος,
3698 5542 3900 5609 φησὶ,

2189 5629 2496 5698 δυνάστης
2527 5629 2678 5701 [154]
2709 5628 2816 5698 τῆς
2855 5629 3243 5695 ,ϐασιλίσσης
3272 5627 3566 5680 Αἰθιόπων
3617 5623 3910 5681 Κανδά-

2249 5787 2283 5854 είΔ
2313 5787 2448 5835 Alius
2481 5788 2784 5854 Καισάρειαν.
2811 5786 2964 5842 Οὗτος
2979 5789 3074 5834 τῶν
3108 5785 3225 5835 ἑπτά
3244 5787 3395 5854 Πίστιν.
3418 5845 3428 5854 _
3455 5845 3465 5854 .
3484 5783 3626 5854 '_Hi(‘
3655 5782 3920 5854 οιηςιίηο

2187 5851 2338 5897 variat
2364 5861 2508 5906 unus.
2556 5845 2940 5901 ear'umdemque
2967 5861 3131 5898 rerum
3155 5852 3340 5898 seriem
3359 5845 3566 5896 subiude
3601 5849 3774 5893 mutat.
