4088 6142
324 291 433 350 Νιθ

315 412 464 466 foras
490 406 791 463 mittentur.
821 402 936 459 Non
963 407 1141 472 potest
1168 398 1291 454 hinc
1314 407 1430 450 orta
1455 397 1700 465 voluptas
1728 394 1907 448 verbis

319 501 602 572 explicari,
632 498 806 553 donec
828 510 992 566 opere
1018 495 1087 548 sit
1114 501 1384 560 suscepta.
1407 489 1483 544 Ne
1511 488 1612 543 huc
1634 487 1907 557 respicias,

314 595 459 665 quod
488 592 693 647 nullum
722 589 913 644 habeat
945 594 1262 658 proventum
1290 602 1303 639 :
1335 583 1379 637 si
1405 581 1624 636 omnino
1650 579 1699 633 id
1728 578 1906 642 facias,

316 702 384 740 ne
429 684 597 740 iacias
638 692 850 746 tamen,
886 680 987 735 nisi
1032 687 1187 747 putes
1217 677 1473 745 majorem
1513 674 1604 729 tibi
1650 681 1757 727 tota
1789 670 1908 726 villa

317 784 636 846 proventum
668 786 828 835 esse;
861 767 965 825 nisi
993 770 1070 823 sic
1100 766 1320 822 alit-ctus
1357 766 1432 819 sis
1453 805 1467 827 ,
1498 778 1599 818 nec
1627 761 1907 831 Opereris;

319 867 418 920 nisi
456 876 612 932 putes
640 862 745 917 hoc
769 875 906 930 opus
936 860 1039 914 tuis
1068 857 1317 912 omnibus
1342 870 1463 912 esse
1492 851 1903 924 praeferendum.

318 958 449 1024 Quid
486 957 589 1009 hoc
617 961 878 1024 proventu
906 949 1094 1018 majus,
1123 948 1326 1002 animas
1353 947 1405 1000 in
1433 960 1610 999 aream
1638 943 1906 997 cmlestem

318 1043 618 1101 inducere?
650 1043 744 1096 llei
776 1040 926 1106 mihi,
958 1039 1097 1107 quod
1131 1037 1381 1093 nesciatis
1411 1045 1667 1105 quantum
1697 1035 1765 1087 sit
1794 1031 1909 1086 ani-

322 1152 437 1190 nias
466 1133 796 1189 lucriﬁcare!
829 1130 965 1186 Audi
1006 1128 1132 1199 quid
1175 1128 1336 1182 Petro
1363 1126 1506 1181 dicat
1531 1124 1775 1180 Christus
1804 1141 1816 1176 :
1846 1122 1907 1178 Si

318 1227 491 1296 diligis
514 1241 596 1278 me
615 1266 630 1289 ,
662 1239 817 1293 pasce
838 1237 951 1276 oves
986 1237 1123 1275 meas
1150 1218 1343 1289 (Joan.
1372 1217 1462 1272 21.
1495 1216 1618 1288 15).
1648 1217 1702 1272 Si
1734 1215 1908 1284 regias

316 1335 444 1373 oves
480 1317 669 1372 videns
694 1324 787 1369 aut
817 1328 1075 1383 equorum
1102 1319 1399 1365 armentum
1419 1350 1434 1375 ,
1468 1307 1611 1378 quod
1639 1307 1906 1361 stabulum

317 1425 423 1463 non
445 1406 725 1470 baberent,
752 1403 956 1458 insidiis
984 1412 1184 1472 patere,
1207 1400 1481 1469 acciperes
1504 1399 1637 1467 ipse,
1660 1406 1713 1452 et
1733 1396 1908 1467 equile

315 1498 691 1565 stabulumque
713 1505 1042 1560 exstrueres,
1067 1506 1129 1547 ac
1148 1502 1416 1561 pastorem
1436 1491 1740 1561 praeliceres
1763 1505 1776 1541 :
1800 1502 1908 1557 quo

315 1603 368 1646 te
408 1605 500 1644 res
547 1600 771 1642 munere
811 1599 920 1639 non
960 1583 1217 1638 donaret?
1259 1582 1411 1661 Nune
1448 1579 1645 1636 Christi
1689 1593 1905 1650 gregem

313 1683 518 1753 colligis
540 1723 554 1745 ,
583 1685 932 1748 et-pastorem
965 1676 1193 1745 praeﬁcis
1213 1716 1228 1739 ,
1268 1690 1369 1731 nec
1397 1683 1549 1744 putas
1580 1683 1631 1728 te
1658 1686 1903 1741 magnmn

312 1775 583 1847 quidpiam
617 1768 835 1825 facere?
864 1767 1000 1834 Quid
1042 1767 1203 1822 dico?
1244 1765 1300 1821 Si
1337 1768 1422 1830 ei,
1453 1764 1544 1835 qui
1582 1761 1907 1819 scandalizat

1287 279 1353 337 IN
1392 279 1570 336 ACTA
1599 230 2138 335 .APOSTOLORUM.
2184 271 2416 329 ΙΙΟΜΠ..
2460 270 2603 328 XIX.

3503 272 3529 329 ί
3538 274 3605 329 50

2019 390 2179 444 etiam
2209 403 2394 451 unum,
2424 396 2625 441 tantum
2648 384 2966 455 supplicium
2991 383 3344 439 comminatur
3372 401 3384 437 :
3412 385 3502 455 qtti
3532 395 3608 441 tot

2020 489 2197 535 servat
2228 479 2492 539 homines,
2521 492 2697 530 annon
2727 476 2953 529 salutem
2978 476 3376 545 consequetur?
3404 475 3606 531 Conse-

2014 581 2209 641 quetur
2232 580 2396 626 certe.
2425 569 2703 637 Quodnam
2732 567 2876 622 enim
2909 576 3089 635 postea
3132 576 3404 634 peceatum
3436 566 3603 621 babe-

2017 661 2130 725 bit;
2160 662 2241 715 vel
2272 661 2315 714 si
2348 660 2578 724 habeat,
2609 672 2786 712 annon
2816 654 3017 710 delebit
3052 655 3177 709 illud
3194 656 3220 720 2
3258 658 3301 710 Α
3342 657 3604 726 supplicio

2015 751 2429 807 scaudalizantis
2454 750 2601 805 disce
2629 749 2903 819 praemium
2930 748 3214 805 servantis.
3238 747 3294 802 Si
3326 764 3429 802 non
3460 763 3604 803 cum:

2014 853 2155 899 esset
2189 844 2299 898 Deo
2329 844 2410 897 vel
2442 843 2597 897 unius
2625 841 2817 895 aninue
2847 840 2991 895 salus
3014 879 3030 905 ,
3060 853 3168 893 non
3203 847 3309 892 tam
3341 839 3601 894 irascere-

2015 944 2101 988 tur
2126 934 2194 988 de
2223 933 2361 987 illius
2390 930 2640 1000 pernicie.
2670 930 2793 985 Haec
2822 929 3003 998 itaque
3030 943 3154 983 cum
3181 928 3411 982 sciamus
3432 968 3446 992 ,
3478 928 3602 985 huic

2013 1025 2271 1095 spirituali
2300 1025 2447 1094 operi
2480 1024 2797 1087 hmreamus,
2832 1037 2918 1077 me
2949 1020 3312 1090 unusquisque
3342 1031 3514 1084 vocet,
3547 1032 3603 1076 et

2016 1134 2115 1173 nos
2143 1117 2301 1172 simul
2326 1131 2546 1185 cperam
2582 1114 2827 1168 dabimus
2875 1128 2970 1181 pro
3013 1111 3174 1167 virili.
3215 1110 3282 1165 Et
3310 1112 3353 1164 si
3385 1111 3600 1179 quidem

2014 1219 2124 1264 tres
2167 1208 2359 1262 fuerint
2404 1219 2739 1275 possessores
2760 1246 2774 1265 ,
2806 1204 2858 1258 in
2893 1218 3178 1257 commune
3207 1201 3524 1267 conferant;
3554 1201 3601 1255 si

2013 1317 2148 1355 mins
2172 1340 2186 1363 ,
2216 1299 2335 1352 aliis
2371 1311 2581 1367 quoque
2618 1295 2805 1349 vicinis
2849 1294 2900 1350 id
2945 1294 3207 1349 suadebit.
3242 1292 3469 1347 Tantum
3502 1291 3602 1346 hoc

2013 1392 2269 1461 perlicere
2304 1388 2559 1443 studeatis
2584 1427 2599 1451 ,
2631 1387 2856 1442 obsecro
2880 1428 2895 1452 ,
2930 1394 2985 1440 ut
3023 1384 3166 1439 omni
3203 1400 3266 1437 ex
3308 1393 3456 1452 parte
3495 1382 3603 1437 Deo
3632 1412 3633 1415 η

2013 1483 2302 1551 placentes,
2332 1487 2528 1532 a-terna
2559 1491 2952 1546 consequamur
2981 1475 3145 1541 bona,
3171 1473 3338 1543 gratia
3369 1481 3425 1526 et
3453 1472 3601 1526 beni-

2009 1575 2208 1642 gnitate
2240 1571 2445 1625 Domini
2475 1569 2641 1624 nostri
2666 1567 2790 1623 Jesu
2817 1565 3036 1634 Christi,
3063 1566 3277 1635 quicum
3306 1562 3447 1617 Patri
3474 1577 3603 1616 una-

2010 1681 2115 1735 que
2143 1663 2361 1733 Spiritui
2389 1670 2574 1715 sancto
2599 1660 2792 1731 gloria,
2822 1656 3347 1728 imperium,.ltonor,
3382 1670 3521 1710 nunc
3545 1663 3602 1709 et

2011 1772 2245 1827 semper,
2271 1764 2326 1809 et
2356 1755 2406 1808 in
2437 1754 2632 1809 secula
2659 1752 2997 1808 sseculorum.
3027 1751 3217 1804 Amen.

319 1872 3589 1924 ________________________________._________.

1664 1967 2005 2031 HOMILIA
2045 1964 2194 2026 XIX
2207 2007 2222 2023 .
3172 1985 3178 1993 υ

307 2133 436 2191 Car.
485 2133 542 2189 8.
593 2146 648 2188 v.
692 2130 785 2186 26.
844 2129 1062 2199 Angelus
1113 2134 1283 2179 autem
1327 2120 1530 2176 Domini
1560 2119 1796 2188 loquutus
1825 2123 1899 2168 est

376 2225 449 2278 ad
479 2222 803 2293 Philippum,
835 2222 1006 2274 dicens
1036 2234 1053 2273 :
1080 2216 1249 2287 Surge
1288 2223 1334 2269 et
1377 2211 1501 2266 vade
1542 2217 1717 2263 contra
1745 2208 1893 2259 meri-

374 2314 540 2378 diem,
568 2310 640 2365 ad
657 2314 790 2366 uiam
817 2325 930 2381 quae
948 2307 1203 2362 descendit
1227 2321 1259 2358 a
1277 2302 1564 2358 Jerusalem
1587 2300 1640 2354 in
1670 2296 1863 2353 Casam
1876 2310 1899 2352 .'

376 2406 491 2459 haec
513 2414 588 2458 est
630 2403 849 2457 deserta.
888 2400 978 2454 27.
1008 2398 1075 2453 Et
1098 2412 1308 2468 surgens
1334 2394 1474 2449 abiit.

382 2498 434 2551 Ι.
468 2496 693 2549 Videtur
721 2494 848 2549 mihi
878 2494 979 2547 boc
999 2490 1307 2546 mandatam
1346 2485 1636 2556 accepisse,
1667 2498 1787 2539 cum
1813 2497 1902 2537 es-

308 2597 392 2642 set
418 2588 472 2642 in
492 2586 734 2642 Samaria
757 2603 772 2651 ;
801 2585 923 2654 quia
943 2583 1013 2636 ab
1030 2579 1379 2650 Jerosolymis
1410 2592 1514 2631 non
1539 2585 1725 2630 contra
1746 2573 1901 2627 meri-

309 2677 452 2731 diem
468 2676 595 2745 quis
609 2674 752 2728 vadit
774 2675 815 2738 ⁸,
837 2672 933 2729 sed
953 2681 1137 2747 contra
1156 2667 1595 2739 septentrionem;
1616 2681 1645 2717 a
1663 2662 1901 2718 Samaria

314 2781 441 2821 vero
467 2776 658 2821 contra
690 2763 988 2819 meridiem.
1026 2759 1148 2815 llrec
1177 2767 1250 2813 est
1270 2758 1487 2813 deserta.
1515 2755 1626 2809 lloc
1665 2751 1812 2816 dicit,
1846 2760 1904 2805 ut

312 2873 379 2913 ne
403 2859 590 2913 timeat
631 2854 935 2911 Judmorum
965 2853 1256 2907 incursum.
1290 2848 1400 2903 Nec
1425 2850 1744 2913 interrogat,
1766 2857 1901 2912 qua-

310 2949 405 3003 re?
457 2946 555 3003 sed
597 2959 826 3015 surgens
876 2944 1028 2999 abiit.
1060 2942 1126 2996 Et
1165 2956 1298 3007 ecce,
1330 2938 1519 3008 inquit,
1550 2938 1627 2990 vir
1650 2934 1902 3003 Ethiops

309 3037 592 3103 eunuchus,
623 3046 801 3108 potens
821 3035 1072 3091 Candacis
1113 3034 1300 3103 regina
1327 3029 1652 3100 {Et/tiopum,
1680 3026 1766 3093 qui
1794 3032 1901 3080 erat

308 3146 461 3198 super
489 3144 691 3182 omnem
717 3143 898 3199 gazam
927 3128 1058 3194 ejus,
1084 3126 1173 3195 qui
1201 3132 1406 3179 uenerat
1434 3123 1651 3175 adorare
1669 3119 1723 3172 in
1743 3117 1901 3173 Jeru-

309 3220 485 3273 salem.
507 3218 598 3273 28.
628 3217 696 3272 Et
721 3216 1060 3272 revertebatur
1096 3215 1274 3270 sedens
1308 3229 1463 3282 super
1487 3226 1695 3266 currum
1713 3224 1861 3265 suum
1881 3248 1897 3274 ,

307 3322 353 3364 et
376 3310 573 3382 legebat
597 3309 789 3364 Isaiam
816 3311 1134 3380 prophetam.
1153 3307 1355 3378 Magnis
1379 3306 1463 3360 bic
1489 3305 1735 3359 laudibus
1762 3303 1902 3358 cele-

310 3405 529 3459 bratur:
557 3403 819 3473 siquidem
857 3403 910 3457 in
936 3402 1208 3471 Ethiopia
1234 3415 1476 3464 manens,
1500 3409 1553 3453 et
1576 3406 1655 3452 tot
1676 3395 1902 3466 negetiis

309 3499 555 3565 obrutus,
588 3512 711 3554 cum
742 3497 861 3553 dies
882 3497 1049 3553 festus
1081 3512 1185 3551 non
1214 3505 1377 3561 esset,
1409 3504 1463 3549 et
1488 3495 1541 3548 in
1565 3492 1904 3558 superstitio-

311 3592 468 3646 nibus
509 3590 692 3646 dedita
721 3591 940 3646 civitate
969 3596 1294 3655 versaretur,
1324 3589 1466 3641 venit
1509 3584 1825 3641 adoraturus
1848 3583 1902 3638 in

309 3681 636 3736 Jerusalem.
662 3679 958 3750 Magnaque
995 3688 1112 3734 erat
1140 3678 1453 3749 diligentia;
1494 3690 1614 3730 nam
1663 3675 1715 3729 in
1743 3688 1903 3729 curru

310 3772 511 3828 sedens
544 3771 777 3841 legebat.
812 3770 904 3827 29.
941 3770 1079 3826 Dixit
1116 3780 1284 3824 autem
1329 3768 1558 3839 Spiritus
1610 3764 1854 3836 Philippo
1882 3780 1902 3819 :

313 3864 529 3928 Accede,
560 3872 610 3917 et
632 3862 857 3933 adiunge
882 3872 930 3917 te
968 3863 1037 3915 ad
1082 3878 1287 3916 currum
1309 3861 1480 3915 istum.
1512 3858 1599 3914 50.
1625 3857 1903 3912 Accurrens

309 3962 478 4007 autem
518 3952 814 4024 Philippus,
837 3952 1028 4007 audiuit
1054 3969 1168 4007 eum
1193 3952 1438 4022 legentem
1461 3950 1654 4004 Isaiam
1681 3948 1902 4019 prophe-

312 4054 435 4111 tam,
480 4054 531 4098 et
557 4045 686 4098 dixit
716 4060 736 4099 :
767 4043 993 4100 Putasne
1034 4044 1275 4116 intelligis
1314 4060 1427 4110 quis
1462 4043 1628 4114 legis?
1673 4043 1761 4097 51.
1803 4041 1904 4096 Ille

311 4149 426 4189 vero
451 4134 582 4189 didit
598 4152 617 4188 :
648 4133 716 4189 Et
735 4135 986 4200 quomodo
1012 4135 1216 4206 possim,
1242 4135 1339 4189 nisi
1354 4134 1468 4203 quis
1491 4134 1720 4188 ostendat
1738 4132 1904 4186 mihi?

318 4225 449 4280 Vide
475 4240 688 4280 rursum
714 4226 874 4280 aliam
911 4226 1184 4296 pietatem.
1214 4225 1382 4294 Quam
1412 4225 1597 4279 illam?
1623 4222 1776 4290 Quod
1805 4239 1902 4278 ne-

308 4317 491 4372 sciens
518 4317 748 4387 legeret;
776 4326 832 4373 et
860 4326 1137 4387 postquam
1176 4318 1398 4388 legerat,
1429 4317 1684 4386 requirat.
1732 4317 1904 4386 Roga.

312 4408 479 4477 sitque
504 4405 830 4477 Philippum,
872 4417 927 4461 ut
968 4407 1259 4461 ascenderet
1291 4415 1337 4461 et
1366 4407 1556 4461 sederet
1595 4423 1780 4461 secum.
1811 4405 1900 4461 52.

313 4496 483 4553 Locus
503 4507 675 4551 autem
703 4497 1007 4568 Scriptum,
1054 4513 1200 4567 quem
1225 4498 1437 4569 legebat,
1472 4506 1578 4551 erat
1602 4499 1682 4552 hic
1706 4514 1725 4553 :
1748 4497 1906 4551 Tant-

315 4608 467 4660 quam
488 4592 598 4647 ovis
624 4591 693 4645 ad
717 4592 1016 4646 occisionem
1046 4591 1227 4645 ductus
1253 4599 1324 4645 est
1351 4607 1371 4644 :
1401 4599 1448 4644 et
1475 4592 1604 4645 sicut
1631 4608 1792 4663 agnus
1820 4608 1907 4645 co-

316 4701 426 4738 ram
456 4685 694 4739 tondente
712 4701 769 4738 se
789 4686 895 4739 sine
917 4700 1054 4749 voce,
1085 4684 1159 4738 sic
1187 4700 1288 4738 non
1314 4684 1510 4754 aperuit
1533 4700 1589 4738 os
1613 4701 1778 4739 suum.
1812 4685 1901 4738 55.

316 4774 382 4828 In
409 4774 694 4829 humilitate
719 4775 971 4845 judicium
996 4776 1105 4845 ejus
1122 4776 1373 4830 sublatam
1402 4783 1494 4829 est.
1525 4773 1906 4829 Generationem

314 4866 425 4928 eius
450 4866 568 4935 quis
591 4864 889 4919 enarrabit.’
917 4867 1150 4934 quoniam
1173 4868 1374 4922 tolletur
1403 4868 1465 4921 de
1493 4877 1627 4921 terra
1659 4869 1762 4920 vita
1798 4871 1908 4936 ejus

318 4955 483 5027 (lsai.
510 4957 604 5013 55.
626 4959 681 5012 7.
708 4958 804 5026 8).
834 4958 923 5012 54.
952 4956 1279 5029 Respondeas
1297 4969 1464 5014 autent
1492 4960 1750 5014 eunuchus
1773 4958 1905 5012 Phi-

314 5047 478 5120 lippo,
506 5050 638 5104 dixit
675 5067 698 5105 :
726 5048 945 5104 Obsecro
966 5058 1033 5113 te,
1063 5052 1127 5103 de
1147 5067 1248 5120 quo
1279 5052 1527 5121 propheta
1555 5053 1675 5104 dicit
1703 5053 1816 5117 hoc,
1845 5052 1908 5104 de

314 5155 388 5206 se,
409 5157 480 5194 an
524 5140 588 5195 de
625 5140 731 5195 alio
759 5140 975 5210 aliqua?
1011 5140 1099 5196 55.
1132 5142 1375 5210 Aperiens
1417 5151 1585 5196 autem
1633 5142 1910 5214 Philippus

318 5247 373 5284 os
394 5247 566 5297 suum,
595 5240 643 5287 et
670 5232 920 5301 incipiens
944 5246 976 5284 a
1006 5231 1278 5301 Scriptura
1304 5233 1421 5297 ista,
1449 5232 1802 5302 evangelisavtt
1832 5233 1911 5286 illi

318 5320 519 5378 Iesum.
552 5322 767 5389 Viden’,
791 5323 1062 5393 quomodo
1088 5338 1179 5378 res
1199 5338 1321 5377 cum
1348 5324 1440 5378 illo
1467 5324 1740 5393 disposita:
1761 5325 1911 5381 sint?

321 5410 508 5470 Primo
530 5413 664 5486 legit
687 5422 745 5470 et
771 5414 1016 5485 ignorat;
1043 5412 1243 5469 deinde
1268 5414 1396 5484 legit
1419 5414 1562 5470 banc
1597 5414 1796 5482 locum,
1824 5419 1911 5473 ubi

384 5571 418 5644 ξΔ
435 5570 531 5624 Alli
578 5571 811 5644 habent:
838 5578 891 5621 ut
1085 5571 1296 5644 videtur,
1324 5571 1574 5644 Philippus
1591 5572 1673 5644 _de
1693 5587 1802 5644 .quo
1834 5575 1914 5644 hic

322 5633 498 5696 agitur,
525 5646 653 5685 tatus
677 5639 788 5704 erat
808 5645 837 5703 ᾳ
858 5640 1066 5695 septan;
1090 5647 1183 5705 non
1205 5634 1335 5686 enim
1355 5648 1386 5686 a
1420 5633 1731 5701 Jerosolynu's'
1750 5639 1910 5701 profe-

316 5700 424 5746 ctus
441 5703 615 5748 eorum
635 5695 898 5747 mendum
920 5703 1242 5759 procesmset.

2007 2110 2331 2166 narrabatur
2358 2108 2559 2180 passio,
2588 2105 2913 2162 resurrectio
2932 2114 2985 2159 et
3010 2104 3231 2158 donum.
3258 2101 3345 2157 56.
3388 2100 3455 2155 Et
3478 2100 3596 2154 dum

2006 2202 2135 2255 irent
2174 2217 2263 2270 per
2301 2202 2453 2266 riam,
2491 2208 2726 2253 venerunt
2765 2197 2832 2250 ad
2868 2195 3141 2266 quamdam
3185 2210 3369 2262 aquam
3395 2209 3415 2246 :
3441 2201 3487 2246 et
3525 2194 3598 2247 ait

2012 2294 2300 2348 eunuchus:
2325 2289 2457 2344 Ecce
2484 2306 2634 2360 aqua,
2666 2289 2789 2359 quid
2815 2287 3043 2358 prohibet
3074 2301 3154 2340 me
3193 2285 3483 2355 baptizari?
3508 2284 3597 2339 Vi-

2009 2386 2188 2441 distin'
2217 2395 2521 2457 promptum
2544 2382 2825 2438 animum?
2855 2367 3087 2436 vidiSIin’
3109 2379 3477 2451 diligentiam?
3501 2379 3593 2433 58.

2009 2476 2076 2530 Et
2096 2478 2239 2544 iussit
2255 2488 2390 2530 stare
2411 2492 2637 2539 currum,
2656 2486 2701 2528 et
2722 2473 3086 2528 descenderunt
3103 2482 3306 2543 uterque
3319 2471 3370 2525 in
3388 2487 3595 2539 aquam,

2012 2566 2285 2636 Philippus
2314 2577 2358 2619 et
2386 2565 2662 2628 etmurltus,
2690 2575 2735 2617 et
2759 2563 3028 2633 baptizavit
3053 2578 3187 2616 eum.
3223 2560 3310 2616 '59.
3340 2559 3467 2613 Cum
3500 2575 3596 2611 au-

2009 2668 2105 2712 tem
2127 2658 2462 2713 ascendissent
2483 2657 2546 2710 de
2579 2673 2734 2725 aqua,
2758 2654 2984 2724 Spiritus
3010 2654 3219 2707 Domini
3263 2653 3433 2720 rapuit
3465 2651 3595 2706 Phi-

2009 2750 2223 2820 lippum,
2257 2758 2304 2802 et
2332 2748 2553 2816 amplius
2596 2764 2696 2800 non
2737 2747 2858 2798 vidit
2902 2761 3016 2799 eum
3049 2745 3329 2797 eunuchus.
3362 2742 3476 2797 Ibat
3507 2758 3597 2813 per

2008 2840 2139 2893 viam
2167 2855 2310 2891 suam
2335 2838 2580 2908 gaudens.
2611 2836 2739 2902 Cur,
2770 2835 2997 2905 inquies,
3047 2834 3165 2888 tulit
3193 2848 3317 2888 eum
3361 2832 3596 2903 Spiritus

2014 2929 2259 2985 Domini?
2301 2930 2438 2996 Quia
2468 2945 2563 2999 per
2587 2929 2719 2984 alias
2750 2928 2994 2982 civitates
3016 2925 3337 2981 transiturus
3367 2932 3422 2979 et
3461 2939 3594 2994 pra:-

2006 3021 2277 3077 dicaturus
2298 3031 2430 3076 erat.
2461 3018 2531 3077 Ut
2553 3034 2681 3090 ergo
2707 3019 2761 3073 in
2785 3018 3135 3073 admiratione
3166 3016 3468 3081 haberetur,
3493 3015 3597 3073 boc

2008 3113 2204 3168 factum
2225 3122 2328 3178 est,
2362 3124 2523 3183 utque
2545 3126 2651 3167 non
2685 3112 2995 3173 humanum,
3029 3108 3124 3165 sed
3145 3109 3383 3164 divinum
3424 3108 3596 3163 babeo

2008 3213 2175 3269 retur,
2209 3203 2351 3274 quod
2400 3203 2541 3258 circa
2586 3203 2760 3272 ipsum
2794 3202 2990 3256 factum
3041 3208 3146 3256 est.
3176 3200 3266 3256 l0.
3325 3198 3596 3270 Philippus

2007 3304 2175 3348 autem
2200 3295 2429 3348 inventus
2458 3303 2530 3349 est
2550 3294 2603 3347 in
2629 3294 2787 3347 Αωιο
2805 3308 2823 3346 :
2844 3301 2891 3347 et
2920 3291 3257 3358 pertransiens
3286 3292 3596 3363 euangeliza-

2007 3385 2090 3438 bat
2127 3385 2409 3439 civitatibus
2456 3385 2673 3450 cunctis,
2699 3383 2856 3445 donec
2881 3385 3066 3438 veniret
3103 3381 3406 3439 Caesaream.
3458 3382 3595 3438 lliuc

2007 3475 2180 3544 palam
2226 3485 2328 3539 est,
2367 3476 2508 3529 hunc
2536 3490 2599 3530 es
2631 3486 2835 3544 septem
2868 3473 2973 3530 illis
2997 3473 3160 3530 luisse
3193 3491 3206 3527 :
3240 3489 3361 3528 nam
3410 3481 3594 3543 postea

2007 3565 2060 3620 in
2082 3564 2326 3619 Caesarea
2367 3564 2651 3634 reperitur.
2684 3563 2725 3618 E
2752 3578 2812 3617 re
2831 3572 3008 3619 autem
3045 3564 3222 3633 rapuit
3243 3562 3395 3618 illum
3420 3563 3593 3633 Spiri-

2007 3667 2092 3715 tus
2120 3676 2135 3714 :
2167 3658 2404 3727 alioquin
2433 3667 2672 3727 amasset
2700 3657 2977 3713 eunuchus
2996 3697 3009 3721 ,
3036 3664 3095 3711 ut
3131 3671 3313 3712 secum
3344 3656 3549 3711 veniret
3577 3675 3592 3712 :

2007 3673 2092 3715 tus
2120 3676 2135 3714 :
2167 3673 2404 3727 anoqum
2529 3673 2672 3713 asset
2700 3673 3009 3721 eunucnus,
3036 3673 3095 3711 ut
3131 3673 3313 3712 secum
3344 3673 3549 3711 veniret
3577 3675 3592 3712 :

2007 3764 2163 3820 quem
2192 3748 2283 3805 ille
2304 3673 2842 3805 forteﬁntristasset
2885 3747 3149 3818 negando,
3185 3762 3305 3801 cum
3355 3746 3593 3801 nondum

2009 3849 2216 3911 tempus
2240 3850 2401 3896 esset.
2442 3839 2631 3895 Vidisti
2678 3840 2898 3910 angelos
2948 3848 3300 3908 cooperantes
3346 3839 3597 3909 praedica-

2010 3931 2160 3998 tioni,
2179 3940 2231 3987 et
2249 3932 2393 4002 ipsos
2404 3931 2618 4001 quidem
2643 3947 2746 3985 non
2768 3930 3144 4000 praedicantes;
3169 3930 3262 3985 sed
3288 3930 3384 3984 bos
3402 3946 3599 3985 vocan-

2008 4023 2128 4077 tes?
2157 4021 2267 4077 Hoc
2293 4036 2452 4091 porro
2479 4021 2723 4075 mirabile
2756 4020 2877 4075 hinc
2914 4020 3214 4075 ostenditur
3243 4037 3258 4074 :
3286 4019 3426 4089 quod
3451 4025 3592 4074 enim

2007 4128 2186 4167 rarum
2209 4112 2337 4167 olim
2366 4122 2504 4178 erat,
2533 4122 2587 4166 et
2611 4113 2696 4165 vix
2723 4111 2897 4177 liebat,
2928 4110 3016 4166 hic
3038 4112 3146 4180 jam
3197 4110 3496 4180 saepissime
3525 4110 3596 4166 ef-

2010 4202 2480 4273 ﬁcitut‘Alioquin
2511 4215 2687 4256 autem
2727 4204 2839 4256 lucc
2880 4202 3254 4270 praenuntiatio
3281 4212 3419 4268 erat,
3448 4204 3593 4273 quod

2010 4293 2085 4347 illi
2131 4292 2459 4363 alienigenas
2504 4301 2685 4346 essent
2729 4293 3048 4361 superaturi.
3098 4292 3231 4346 Nam
3262 4293 3593 4349 credentium

2010 4384 2113 4440 lide
2137 4383 2356 4453 dignum
2385 4383 2749 4437 testimonium
2778 4392 2983 4453 poterat
3023 4382 3348 4438 discentibus
3379 4400 3598 4455 persua—

2008 4474 2135 4529 dere
2158 4516 2173 4541 ,
2208 4482 2265 4526 nt
2306 4472 2551 4527 emndem
2584 4473 2682 4543 ipsi
2730 4473 2900 4527 zelum
2931 4473 3256 4543 arriperent.
3285 4472 3410 4531 Ideo
3441 4476 3598 4545 igitur

2009 4564 2113 4620 ibat
2144 4563 2412 4634 gaudens;
2440 4573 2600 4634 atque
2623 4563 2758 4618 adeo
2787 4563 2831 4617 si
2857 4565 3119 4630 scivisset,
3148 4568 3339 4620 nonita
3369 4567 3599 4622 delecta-

2010 4664 2094 4711 tus
2115 4667 2273 4710 esset.
2295 4654 2430 4723 Quid
2449 4665 2626 4710 autem
2652 4657 2881 4722 vetabat,
2907 4657 3132 4727 inquies,
3152 4659 3278 4728 quin
3300 4660 3477 4714 omnia
3506 4660 3598 4714 ille

2010 4757 2254 4802 accurate
2279 4747 2528 4812 disceret,
2561 4747 2612 4801 in
2635 4762 2795 4802 curru
2823 4747 3040 4814 sedens,
3074 4750 3409 4819 maximeque
3431 4751 3481 4804 in
3504 4750 3598 4804 dc-

2011 4839 2193 4892 serto?
2216 4836 2347 4905 Quia
2378 4853 2464 4892 res
2504 4852 2609 4892 non
2636 4847 2754 4893 erat
2793 4837 2858 4891 ad
2906 4841 3338 4894 ostentationem.
3376 4839 3480 4895 Sed
3509 4856 3598 4893 su-

2010 4927 2189 4995 perius
2217 4927 2353 4981 let-ta
2399 4929 2760 4998 exploremus.
2815 4928 2880 4982 Et
2917 4945 3031 4983 ecce
3065 4932 3139 4983 vir
3165 4928 3410 4999 Afthiops
3438 4947 3600 4983 tumt-

2012 5017 2155 5079 chus,
2190 5018 2377 5086 inquit,
2425 5028 2599 5087 potens
2625 5018 2875 5074 Candacis
2900 5021 3089 5090 regina:
3113 5019 3436 5092 £1hi0pum.
3465 5019 3598 5077 illnc

2015 5106 2215 5175 liquet,
2265 5106 2405 5160 illam
2465 5109 2593 5175 ipsis
2639 5108 2952 5179 imperasse.
2995 5109 3126 5164 Nam
3181 5113 3306 5167 olim
3347 5111 3598 5169 mulieres

2015 5198 2367 5269 imperabant,
2395 5208 2451 5253 et
2477 5199 2588 5255 brcc
2613 5199 2694 5255 lex
2719 5212 2834 5256 erat
2854 5201 2993 5271 apud
3024 5202 3143 5258 illos
3165 5202 3260 5275 (a).
3286 5204 3371 5259 Sic
3398 5206 3600 5260 nescie-

2088 5331 2162 5393 (α)
2183 5330 2278 5401 Hic
2300 5336 2438 5401 potat
2470 5331 2717 5401 Doupams
2750 5334 2798 5401 in
2820 5333 2929 5382 base
2950 5335 3118 5387 verba.
3143 5333 3363 5401 Strobel.
3389 5335 3448 5384 l7
3473 5344 3599 5401 Can-

2016 5393 2163 5445 daces
2190 5393 2455 5462 Atthiopum
2486 5393 2780 5462 regimesub
2807 5401 3013 5457 Angusto
3035 5394 3251 5462 meminit
3269 5428 3284 5452 ,
3310 5409 3456 5462 quam
3479 5395 3603 5446 hanc

2015 5468 2116 5524 esse
2140 5468 2229 5503 non
2247 5453 2487 5524 eai’rtimo,
2514 5453 2769 5524 sodalium
2786 5453 2982 5524 ipsa...
3010 5464 3153 5524 Reges
3174 5455 3300 5524 enim
3322 5453 3598 5524 reginwgue

2019 5516 2235 5569 eiusdem
2278 5516 2485 5569 regionis
2522 5516 2694 5565 iisdem
2730 5516 3000 5565 nominibus
3032 5516 3101 5565 uti
3133 5516 3299 5566 solent.
3331 5516 3527 5569 Tacitus
3545 5518 3598 5568 in

2023 5576 2132 5626 Vita
2158 5576 2387 5640 .-tgricolw
2411 5580 2473 5625 de
2499 5576 2741 5640 Britannis
2771 5589 2787 5625 :
2811 5577 2900 5640 llis
2918 5585 3065 5640 atque
3089 5576 3268 5640 talibus
3294 5580 3503 5629 invicem
3527 5582 3604 5640 in-

2018 5638 2203 5696 stincti,
2232 5639 2429 5703 Boadiea
2470 5639 2675 5703 generis
2712 5639 2843 5703 regii
2877 5638 3054 5686 femina
3079 5639 3206 5686 duce
3228 5642 3257 5703 ν(
3284 5653 3447 5703 neque
3471 5638 3602 5703 enim

2025 5713 2203 5752 sexum
2227 5703 2274 5751 in
2300 5701 2515 5763 imperiis
2529 5700 2812 5749 discernunt
2836 5701 2854 5760 )
2878 5711 3137 5766 sumpsere
3158 5700 3378 5752 universi
3392 5702 3603 5753 bellum.
