4088 6142
311 269 323 275 ⁵
396 320 489 376 151
1169 312 1227 372 5.
1266 310 1542 371 JOANNIS
1578 306 2054 367 CHRYSOSTOMI
2099 305 2411 361 ARCHIEP.
2452 302 2987 363 CONS'I'ANTINOP.

396 435 483 485 hat
512 429 789 498 Philippus
817 440 920 497 qua
945 425 1015 481 de
1035 439 1198 481 causa
1225 425 1435 480 veniret
1459 424 1512 477 in
1537 423 1832 483 desertum,
1854 418 1978 489 quia

394 538 506 575 non
548 521 656 589 jam
699 518 960 588 angelus.
1005 517 1101 570 sed
1142 514 1374 585 Spiritus
1426 514 1598 582 ipsum
1654 512 1810 580 rapit.
1840 509 1981 564 Nihil

394 623 573 667 autem
622 609 811 663 horum
857 609 1003 665 videt
1028 609 1328 672 eunuchus,
1371 606 1716 676 imperfectus
1741 618 1861 658 011111
1892 603 1981 669 sit,

398 706 479 762 vel
508 707 667 759 etiam
697 704 838 774 quod
868 704 981 758 haec
1009 702 1203 757 nonad
1227 701 1556 771 corporales,
1587 699 1679 754 sed
1719 697 1784 752 ad
1824 696 1985 765 spiri-

398 798 571 852 tttales
603 797 940 867 pertineant;
974 810 1147 864 neque
1168 794 1328 847 etiam
1354 793 1511 847 discit
1540 807 1623 854 ea,
1644 806 1762 859 quae
1792 788 1988 857 Philip-

404 904 500 958 pus
529 887 874 942 edocebatur.
909 886 977 940 Et
1004 900 1103 939 cur
1147 900 1251 939 non
1281 885 1355 938 illi
1395 890 1618 953 apparet
1648 881 1871 951 angelus
1890 920 1906 946 ,
1930 887 1989 933 ut

397 980 560 1035 ducat
584 980 652 1034 ad
685 979 1029 1049 Philippum?
1075 978 1210 1045 Quia
1252 976 1496 1030 fortassis
1520 989 1626 1029 non
1654 985 1943 1043 persuasus
1971 1010 1985 1033 ,

397 1075 491 1129 Sed
524 1072 701 1144 potius
730 1070 1130 1142 obstupefactus
1153 1070 1360 1125 fuisset.
1399 1070 1528 1124 Vide
1549 1067 1778 1136 Philippi
1811 1065 1988 1135 philo-

397 1165 644 1235 sophiam
670 1181 685 1217 :
716 1178 822 1219 non
865 1162 1157 1226 accusavit,
1190 1177 1293 1215 non
1322 1160 1472 1229 dixit,
1505 1159 1744 1229 Ignoras,
1790 1171 1890 1226 ego
1939 1166 1991 1211 tc

397 1254 604 1309 docebo
628 1270 643 1319 ;
675 1269 780 1308 non
804 1252 958 1319 dixit,
990 1251 1103 1322 Ego
1130 1251 1244 1305 11100
1267 1261 1517 1305 accurate
1546 1250 1692 1314 scio;
1724 1265 1828 1302 non
1859 1248 1992 1301 adu-

400 1348 539 1402 latus
581 1355 683 1412 est,
716 1360 815 1400 nec
839 1345 972 1400 dixit
997 1346 1069 1409 ei,
1101 1346 1293 1399 Beatus
1317 1359 1376 1397 es
1416 1343 1505 1412 qui
1549 1343 1700 1413 legis.
1733 1342 1821 1397 Sir.
1840 1353 1893 1397 et
1924 1343 1993 1396 ab

400 1440 616 1494 audacia
639 1448 693 1495 et
720 1440 789 1494 ab
818 1438 1127 1493 adulatione
1157 1445 1421 1491 remotum
1466 1445 1583 1490 erat
1608 1436 1830 1490 verbum
1854 1453 1868 1499 ;
1895 1436 1989 1489 sed

403 1532 579 1600 potius
599 1546 781 1585 curam
806 1530 1041 1601 gerentis
1058 1538 1169 1583 erat
1196 1537 1251 1583 et
1271 1528 1505 1598 benigni.
1532 1527 1823 1597 Oportebat
1849 1526 1989 1581 enim

403 1622 553 1675 illum
579 1623 930 1691 interrogare,
960 1619 1243 1688 oportebat
1262 1617 1588 1673 desiderare.
1621 1618 1864 1673 Declarat
1895 1633 1992 1671 au-

405 1722 510 1767 tem
544 1728 603 1767 se
628 1716 768 1768 scire
794 1715 964 1783 ipsum
993 1711 1125 1765 nihil
1157 1727 1333 1775 nosse,
1364 1727 1484 1764 eum
1508 1712 1620 1764 ait:
1655 1708 1880 1762 Putasne
1916 1711 1995 1762 in-

404 1805 589 1876 telligis
613 1820 725 1874 quae
749 1806 914 1875 legis?
942 1805 1207 1873 simulque
1249 1804 1481 1856 insinuat
1508 1818 1754 1872 magnum
1786 1802 1993 1870 reposi-

406 1904 516 1948 tum
542 1909 665 1949 esse
708 1894 1039 1949 thesaurum.

472 1984 528 2037 2.
566 1984 802 2039 Eunuchi
836 1985 1077 2039 modestia
1114 1994 1160 2039 et
1184 1986 1429 2038 studium.
1450 1984 1636 2039 --Sed
1665 1984 1802 2044 vide.
1832 2000 1992 2054 quam

404 2076 695 2145 prudenter
724 2091 784 2131 se
809 2086 1031 2132 excuset
1057 2079 1333 2133 eunuchus
1361 2097 1374 2132 :
1404 2077 1467 2131 Et
1500 2078 1751 2145 quomodo
1784 2078 1993 2147 possint,

403 2169 501 2222 nisi
521 2171 633 2233 quis
657 2170 929 2224 ostenderit
956 2171 1125 2224 mihi?
1166 2170 1279 2224 Non
1312 2171 1550 2240 respexit
1592 2169 1853 2232 habitum,
1888 2185 1992 2223 11011

402 2262 541 2316 dixit
571 2280 585 2316 :
616 2262 694 2316 Tn
720 2263 838 2332 quis
859 2264 958 2318 es?
983 2279 1088 2317 non
1113 2262 1406 2333 redarguit,
1436 2277 1540 2316 non
1573 2271 1886 2333 arroganter
1913 2262 1991 2314 lo-

405 2353 608 2423 quitur,
640 2369 746 2406 non
773 2367 831 2407 se
860 2354 996 2407 scire
1022 2352 1172 2419 dicit,
1202 2353 1293 2408 sed
1317 2353 1563 2421 ignorare
1591 2352 1785 2407 fatetur
1809 2370 1823 2405 :
1850 2352 1995 2406 idco-

403 2458 508 2513 que
536 2444 711 2497 tliSt-it.
740 2443 995 2498 Monstrat
1024 2444 1212 2497 vulnus
1236 2443 1478 2504 medico;
1507 2444 1653 2497 novit
1684 2444 1851 2512 ipsum
1882 2443 1996 2498 haac

404 2535 562 2600 scire,
595 2543 647 2588 et
670 2536 805 2590 velle
829 2534 1042 2590 docere.
1080 2534 1154 2606 (a)
1187 2534 1326 2589 Vidit
1346 2536 1492 2589 illum
1516 2549 1636 2590 esse
1655 2549 1684 2588 a
1714 2535 1849 2588 fastu
1870 2535 1996 2588 alie-

404 2643 568 2691 num;
604 2641 777 2695 neque
817 2626 959 2680 enim
991 2626 1326 2695 splendidum
1358 2626 1601 2696 gestabat
1625 2626 1892 2679 vestitmo.
1924 2625 1994 2679 Ita

404 2726 521 2771 erat
548 2716 787 2770 discendi
817 2716 1043 2785 cupidus
1069 2726 1123 2771 et
1150 2716 1326 2771 verbis
1354 2717 1609 2782 intentus,
1633 2717 1754 2787 quia
1773 2728 1825 2770 et
1844 2718 1993 2783 illud,

408 2807 507 2872 Qui
529 2807 726 2876 quatrit,
754 2807 940 2860 invenit
968 2807 985 2879 (
1014 2806 1198 2859 Matth.
1233 2808 1286 2862 7.
1310 2807 1405 2877 8,),
1432 2806 1483 2861 in
1512 2806 1627 2877 ipso
1655 2806 1993 2875 implebatur.

409 2896 736 2967 Rogavitque,
774 2898 962 2966 inquit,
1000 2896 1320 2967 Philippum,
1345 2909 1397 2951 ut
1418 2898 1709 2951 ascenderet
1736 2910 1783 2951 et
1806 2900 1998 2951 sederet

404 3005 594 3042 secum.
621 2988 869 3043 Vidistin‘
890 2988 1164 3043 Studium?
1186 2989 1417 3043 vidistin’
1437 2990 1802 3044 desiderium?
1830 2990 2000 3059 Rogat

411 3089 467 3131 ut
490 3079 744 3133 ascendat
769 3089 821 3132 et
846 3078 1030 3133 sedeat
1057 3094 1239 3133 secum
1274 3096 1288 3132 :
1317 3080 1394 3133 sic
1425 3081 1715 3145 nesciebat,
1743 3081 1867 3150 quid
1896 3082 1997 3135 sibi

409 3171 648 3227 dicturus
676 3180 853 3237 esset;
877 3172 969 3226 sed
990 3171 1303 3240 simpliciter
1324 3173 1559 3240 putabat,
1584 3188 1642 3228 se
1665 3172 1997 3242 prophetiam

409 3264 637 3332 aliquam
668 3262 973 3337 auditurum
1011 3276 1152 3317 esse.
1180 3261 1347 3330 Major
1383 3273 1561 3318 autem
1590 3264 1675 3317 hic
1697 3263 1868 3317 honor
1892 3274 1996 3329 est,

410 3355 555 3423 quod
583 3370 687 3409 non
719 3354 1033 3423 simpliciter
1056 3353 1350 3409 ascendere
1375 3365 1545 3417 curet,
1579 3353 1672 3409 sed
1703 3366 1872 3426 roget.
1896 3356 1998 3408 Ac-

412 3462 618 3499 currens
644 3453 809 3497 autem
831 3443 1106 3514 Philippus
1133 3446 1324 3498 audivit
1361 3461 1472 3499 eum
1500 3438 1761 3516 legentem.
1802 3445 2001 3500 Cursus

414 3540 664 3609 loquendi
712 3538 964 3609 cupidum
1010 3538 1228 3600 indicat,
1275 3538 1433 3593 lectio
1458 3538 1618 3593 studii
1660 3539 1868 3608 signum
1896 3550 1998 3593 est.

412 3630 510 3685 1110
538 3633 677 3684 0111111
708 3639 944 3700 tempore
971 3630 1196 3699 legebat,
1231 3644 1335 3699 quo
1361 3630 1531 3699 major
1560 3638 1642 3686 est
1668 3630 1796 3685 solis
1818 3642 1995 3685 :rstus.

417 3722 590 3776 Locus
614 3730 790 3775 autem
823 3721 909 3775 hic
937 3731 1053 3776 erat
1074 3740 1086 3776 :
1107 3721 1253 3776 Sicut
1278 3722 1382 3776 ovis
1407 3723 1475 3775 ad
1500 3722 1797 3777 occisionem
1824 3726 2003 3778 ductus

412 3824 507 3868 est.
534 3813 596 3868 Et
628 3813 729 3868 hoc
756 3812 897 3867 illius
917 3812 1156 3868 discendi
1187 3814 1492 3883 cupiditatis
1507 3816 1712 3885 signum
1732 3824 1834 3880 est,
1860 3814 2002 3885 quod

417 3908 733 3977 prophetam
774 3905 923 3960 illum
955 3907 1075 3960 aliis
1104 3908 1465 3963 sublimiorem
1495 3922 1604 3977 pra:
1634 3908 1879 3961 manibus
1907 3908 2000 3961 ha-

418 4000 614 4054 buerit.
639 3997 765 4053 Ideo
783 4013 886 4052 non
911 4013 1030 4052 cum
1057 3998 1388 4053 vehementia
1413 3998 1487 4052 illi
1512 4008 1711 4064 narrat,
1737 3999 1830 4053 sed
1857 4014 2001 4052 man.

416 4102 602 4155 stu-te;
633 4090 741 4144 imo
764 4104 862 4144 nec
884 4090 1028 4159 prius
1054 4090 1307 4159 loquitur,
1335 4106 1492 4161 quam
1517 4091 1870 4161 interrogatus
1894 4093 2003 4146 111οο

422 4184 510 4249 111,
562 4182 736 4236 (101100
772 4182 860 4236 1110
890 4182 1174 4251 rogaverit.
1200 4181 1270 4237 Ut
1297 4193 1350 4237 et
1395 4181 1521 4235 illud
1567 4182 1758 4238 iterum
1807 4183 2006 4251 faciens

415 4246 503 4328 ait
532 4293 544 4328 :
577 4274 795 4328 Obsecro
839 4284 915 4339 te,
948 4246 1011 4328 de
1048 4290 1148 4344 quo
1179 4277 1425 4343 praphela
1452 4274 1574 4328 dicit
1620 4275 1756 4328 hoc?
1788 4246 2008 4329 Videtur

419 4366 547 4420 mihi
572 4366 860 4421 nescivisse
881 4366 1051 4433 1110111,
1077 4365 1218 4437 quod
1248 4364 1521 4436 propheta:
1549 4366 1618 4421 de
1636 4367 1754 4421 aliis
1779 4368 2006 4436 loquan-

418 4468 539 4525 tur;
567 4460 649 4514 vel
676 4459 721 4514 si
753 4473 858 4512 non
888 4459 1008 4523 hoc,
1040 4458 1179 4527 qttod
1208 4458 1274 4512 de
1301 4459 1491 4528 seipsis
1520 4458 1800 4541 loqupntaur
1826 4460 1876 4513 in
1904 4461 2005 4513 alia

424 4564 673 4618 persona.
711 4549 1104 4601 Erubescamus
1130 4557 1184 4602 et
1234 4563 1495 4616 pauperes
1521 4557 1576 4602 et
1604 4543 1796 4603 divites
1822 4550 1889 4603 de
1916 4549 2007 4604 illo

420 4637 703 4708 pcttttario.
730 4638 926 4691 Deinde
946 4648 1185 4691 venerunt
1210 4640 1277 4690 ad
1299 4639 1572 4707 quamdam
1599 4656 1805 4706 aquam,
1838 4650 1885 4693 et
1914 4643 2005 4705 ait,

427 4728 557 4782 Ecce
574 4745 726 4797 aqua.
755 4729 878 4781 11100
908 4728 1057 4782 valde
1082 4727 1335 4782 ferventis
1354 4728 1546 4782 anima:
1567 4738 1710 4783 sunt.
1739 4730 1873 4795 Quid
1893 4749 2010 4798 pro-

422 4820 556 4872 hibet
580 4835 655 4872 me
682 4818 970 4888 baptizari!
990 4817 1172 4872 Viden’
1193 4819 1311 4886 ejus
1336 4818 1699 4873 desiderium?
1727 4819 1841 4875 Non
1857 4822 2005 4889 dicit,

423 4911 637 4979 Baptiza
670 4925 788 4972 me;
820 4925 991 4979 neque
1020 4918 1177 4975 tacet,
1199 4910 1293 4965 sed
1321 4911 1552 4965 medium
1576 4913 1845 4983 quidpiam
1872 4914 2010 4969 inter

423 5001 745 5056 desiderium
775 5008 829 5053 et
850 5002 1205 5054 reverentiam
1233 5001 1487 5071 loquitur.
1520 5002 1658 5065 Quid
1686 5005 1911 5074 prohibet
1931 5022 2007 5061 me

423 5093 672 5161 baptizari
690 5095 716 5146 .’
747 5091 878 5147 Vide
897 5134 912 5157 ,
945 5093 1214 5161 quomodo
1235 5092 1480 5149 absoluta
1510 5094 1755 5166 dogmata
1785 5096 2004 5153 habuit:

426 5202 547 5240 nam
578 5185 838 5255 propheta
864 5183 1043 5238 omnia
1066 5184 1394 5250 continebat,
1419 5186 1861 5253 incarnationem,
1886 5202 2009 5256 pas-

429 5352 545 5414 Hinc
567 5349 781 5401 Boadica
810 5355 908 5414 est,
920 5349 1113 5414 Opinor,
1140 5364 1288 5414 quam
1316 5350 1482 5414 Xiphit
1490 5349 1595 5402 inus
1620 5353 1905 5411 Βονδουίκην
1932 5351 2007 5404 111-

424 5412 620 5477 digilttt.
647 5412 969 5477 Olicttmettius
988 5426 1005 5477 ξ
1028 5412 1302 5477 Ἰστέρν-ὃτι
1316 5412 1566 5477 Κγάνόἀκην
1590 5415 1809 5470 Αἰθίοπες
1824 5421 2005 5473 πᾶσαν,

427 5472 512 5538 rt)?
530 5475 615 5538 τοῦ
637 5476 869 5537 βασιλέως
886 5476 1067 5538 μητέρα
1085 5472 1331 5538 καλοῦσιν,
1345 5476 1504 5538 ἐπειδὴ
1526 5478 1708 5538 πατέρα
1726 5480 1769 5523 ol
1792 5472 2008 5531 Αἰθίοπες

426 5536 515 5581 οὐκ
541 5536 874 5599 ᾀνριφέροιυσιγ,
900 5537 1002 5584 ἀλλ’
1024 5538 1087 5599 ᾡς
1106 5537 1242 5599 ὂντας
1267 5536 1395 5591 υἱοὺς
1417 5536 1554 5592 ἡλίου
1568 5536 1908 5599 ξηαραδιδὸασι.

492 5598 565 5658 (a)
594 5595 869 5655 Sequenti:
893 5610 1004 5645 cum
1040 5595 1328 5658 ingentibus
1351 5595 1673 5658 varietatibus
1703 5598 1855 5658 etl'ert
1880 5610 2007 5643 unus

429 5654 615 5707 leex.
639 5654 761 5714 quas
789 5658 827 5702 si
854 5658 1033 5707 atl'erre
1071 5654 1337 5717 1011010118,
1360 5657 1525 5707 omnia
1550 5657 1838 5707 exscribere
1867 5670 2007 5718 pror-

430 5727 515 5761 sus
541 5727 746 5762 nt'ceme
771 5724 923 5764 esset.

3571 309 3677 363 1112

2090 418 2317 477 sionem,
2347 416 2820 482 resurrectionem,
2851 418 3296 488 assumptionem,
3325 416 3563 472 futurum
3598 420 3681 489 ju-

2090 507 2285 560 dicium
2314 524 2327 558 :
2356 521 2476 575 quae
2500 506 2596 576 ipsi
2628 521 2877 573 magnum
2904 507 3142 562 indidere
3162 507 3511 563 desiderium.
3546 512 3688 564 Ern-

2092 599 2290 654 bescite
2315 608 2577 669 quotquot
2618 598 2853 654 nondum
2892 601 3170 655 illuminati
3213 602 3364 656 estis.
3394 599 3462 655 Et
3492 602 3685 673 jussit,

2093 691 2284 761 inquit,
2314 702 2449 745 stare
2486 709 2719 754 currum.
2754 691 2922 747 Simul
2949 692 3084 746 dixit
3112 703 3167 748 et
3192 694 3500 761 imperavit,
3530 705 3684 749 ante.

2092 798 2251 852 quam
2280 780 2655 837 attdiret.Cum
2676 790 2844 836 autem
2869 784 3213 837 ascendissent
3238 784 3302 837 de
3326 800 3481 854 aqua,
3513 785 3689 855 Spiri-

2094 883 2174 927 tus
2202 872 2409 926 Domini
2440 874 2609 943 rapuit
2638 872 2963 943 Philippum.
2993 873 3137 929 Bene
3182 891 3195 926 :
3232 883 3289 927 ut
3314 875 3691 929 ostenderetur

2095 964 2329 1018 divinam
2362 963 2524 1018 fuisse
2553 979 2665 1017 rem
2696 974 2894 1029 actam,
2935 973 2993 1018 et
3040 979 3107 1018 ne
3154 973 3365 1033 putaret
3414 963 3690 1020 hominum

2095 1070 2215 1109 esse
2238 1056 2530 1124 vulgarem.
2557 1054 2624 1108 Et
2646 1056 2772 1121 ibat,
2803 1056 2995 1124 inquit,
3016 1071 3103 1123 per
3122 1054 3253 1107 viam
3274 1070 3420 1106 suam
3442 1053 3691 1124 gaudens.

2098 1148 2209 1202 1100
2234 1148 2385 1209 dicit,
2428 1148 2721 1203 ostendens
2758 1149 2931 1217 ipsum
2982 1164 3124 1217 a'gte
3171 1147 3401 1201 laturutn
3431 1147 3614 1216 fuisse,
3650 1158 3696 1210 si

2098 1240 2342 1295 scivisset
2370 1258 2381 1292 :
2414 1241 2493 1295 sic
2517 1256 2582 1295 ex
2606 1242 2773 1295 multo
2808 1240 3021 1311 gaudio,
3063 1241 3164 1294 etsi
3194 1240 3395 1310 Spiritu
3422 1239 3692 1311 dignatus,

2100 1333 2380 1402 praesentia
2401 1348 2503 1386 non
2524 1332 2756 1387 videbat.
2783 1332 2847 1385 Et
2866 1333 3096 1386 inventus
3108 1341 3199 1395 est,
3224 1332 3414 1400 inquit,
3433 1332 3487 1383 in
3508 1331 3690 1389 Azoto.

2100 1425 2317 1478 Multum
2350 1425 2475 1478 hinc
2501 1423 2776 1492 Philippus
2795 1423 3032 1476 lucratus
3052 1433 3155 1476 est.
3181 1420 3312 1475 Nam
3338 1420 3483 1490 quod
3506 1420 3693 1475 audie-

2100 1523 2183 1568 rat
2200 1514 2267 1567 de
2295 1513 2590 1583 prophetis,
2617 1514 2681 1567 de
2706 1513 2940 1578 Abacuc,
2982 1512 3050 1567 de
3082 1511 3362 1567 Ezechiele
3390 1522 3446 1566 et
3474 1512 3616 1575 aliis,
3641 1512 3694 1565 in

2100 1620 2158 1658 se
2199 1606 2392 1657 factum
2445 1604 2610 1667 vidit,
2662 1603 2749 1672 qui
2803 1604 2853 1657 in
2897 1610 3166 1657 momento
3194 1602 3415 1656 multam
3443 1617 3698 1657 emensus

2101 1699 2239 1750 viam
2284 1697 2608 1760 ostenditur,
2655 1695 2917 1765 siquidem
2960 1697 3010 1749 111
3042 1698 3209 1750 Azoto
3239 1695 3485 1749 inventus
3511 1706 3614 1761 est,
3641 1704 3699 1749 ct

2102 1788 2209 1841 illic
2235 1786 2449 1841 (1011111111
2478 1796 2597 1851 stat,
2620 1787 2704 1840 ubi
2727 1787 3091 1856 evangelizare
3110 1785 3410 1854 oportebat.
3450 1783 3694 1855 (Cap.9-)

2103 1881 2153 1932 1.
2191 1879 2382 1933 Saulus
2408 1888 2574 1931 autem
2600 1879 2766 1931 adhuc
2795 1880 2997 1943 spirans
3048 1877 3299 1929 minarum
3351 1885 3395 1929 et
3437 1877 3591 1929 ctedis
3639 1876 3694 1926 111

2100 1971 2375 2040 discipulos
2420 1968 2646 2035 Domini,
2693 1969 2898 2022 accessit
2925 1969 2991 2021 ad
3043 1968 3324 2037 principem
3354 1967 3694 2027 sacerdotum,

2100 2061 2155 2115 2.
2185 2072 2230 2114 et
2254 2061 2396 2131 petiit
2424 2060 2485 2113 ab
2513 2076 2569 2113 eo
2593 2061 2830 2128 epistolas
2857 2059 2908 2111 in
2936 2057 3242 2111 Damascum
3271 2056 3339 2108 ad
3362 2072 3645 2126 synagogas
3678 2070 3697 2106 :

2100 2162 2157 2206 ut
2184 2153 2227 2206 si
2251 2168 2374 2222 quos
2397 2152 2663 2205 invenisset
2693 2153 2846 2221 hujus
2867 2151 2959 2204 11110
2983 2151 3115 2203 viros
3141 2164 3200 2203 ac
3227 2149 3479 2211 mulieres,
3507 2149 3698 2200 vinctos

2103 2245 2396 2312 perduceret
2451 2247 2505 2296 in
2543 2242 2847 2296 Jerusalem.
2892 2241 3205 2312 Opportune
3234 2240 3379 2294 Pauli
3413 2241 3584 2294 zelum
3613 2240 3699 2294 hic

2103 2334 2326 2400 inducit,
2359 2343 2419 2387 ut
2448 2334 2594 2387 illum
2619 2332 2799 2386 medio
2825 2332 2942 2386 zelo
2988 2342 3214 2385 tractum
3249 2331 3500 2385 ostendat
3550 2332 3696 2383 Non-

2101 2430 2225 2483 dum
2248 2429 2389 2483 enim
2408 2430 2629 2483 satiatus
2648 2442 2777 2481 nece
2795 2424 3074 2496 Stephani,
3093 2439 3262 2494 neque
3286 2424 3699 2495 persequutione

2102 2536 2165 2573 ac
2194 2520 2529 2588 dispersione
2552 2519 2827 2583 Ecclesim,
2867 2516 3075 2571 accedit
3099 2515 3163 2569 ad
3192 2515 3489 2584 principem
3516 2528 3699 2568 sacer-

2103 2611 2309 2664 dotum.
2331 2610 2428 2664 Hic
2450 2610 2698 2679 impletur
2726 2608 2777 2663 id
2794 2606 2934 2678 quod
2952 2606 3199 2660 Chrisms
3221 2604 3498 2674 discipulis
3524 2604 3660 2657 dixit
3682 2620 3697 2656 :

2114 2700 2257 2754 Venit
2287 2703 2435 2764 hora,
2463 2711 2517 2754 ut
2538 2701 2703 2753 omnis
2728 2701 2813 2766 qui
2832 2698 3069 2766 interﬁcit
3098 2712 3203 2759 vos,
3236 2696 3508 2748 arbitretur
3526 2694 3580 2747 se
3603 2695 3696 2747 ob-

2102 2792 2331 2861 sequium
2372 2801 2617 2861 prazstare
2646 2789 2756 2843 Deo
2794 2787 2988 2856 (Joan.
3040 2788 3126 2841 16.
3162 2783 3254 2857 2).
3302 2785 3398 2840 1110
3427 2785 3584 2853 igitur
3620 2785 3700 2839 sic

2105 2882 2367 2943 faciebat;
2399 2896 2504 2934 non
2534 2879 2807 2945 1111011101,
2842 2879 3000 2933 absit.
3030 2878 3182 2943 Quod
3209 2878 3351 2931 enim
3397 2892 3462 2930 ex
3490 2876 3609 2928 zelo
3646 2874 3699 2929 id

2104 2971 2323 3034 faceret,
2353 2971 2476 3025 hinc
2505 2971 2676 3040 palam
2698 2979 2801 3035 est,
2831 2969 2971 3038 quod
2995 2968 3061 3021 ad
3090 2977 3304 3022 exteras
3326 2966 3568 3020 civitates
3595 2965 3699 3019 mi-

2103 3074 2300 3133 graret.
2333 3063 2442 3117 Illis
2468 3078 2597 3117 vero
2627 3078 2799 3132 neque
2825 3077 2910 3124 ea,
2932 3076 3052 3130 qua:
3080 3059 3431 3129 Jerosolymis
3477 3059 3697 3123 liebant,

2104 3172 2248 3211 cura:
2273 3163 2447 3220 erant,
2474 3156 2567 3209 sed
2595 3171 2757 3208 unum
2784 3154 3125 3208 sectabantur
3151 3153 3434 3207 honorem.
3461 3150 3570 3203 Cur
3598 3165 3696 3203 au-

2106 3258 2210 3304 tem
2242 3249 2556 3302 Damascum
2606 3248 2774 3300 adiit?
2800 3247 2982 3315 Magna
3010 3247 3198 3300 civitas
3228 3251 3347 3299 erat
3388 3252 3441 3296 et
3497 3242 3640 3312 regia
3677 3258 3692 3294 :

2108 3340 2327 3394 timebat
2356 3354 2424 3393 ne
2452 3339 2538 3392 illa
2567 3352 2778 3407 quoque
2810 3346 3297 3405 praeoccuparetur.
3350 3332 3418 3386 Et
3444 3332 3563 3386 vide
3587 3341 3704 3385 stu-

2105 3431 2252 3485 dium
2294 3432 2410 3498 ejus
2447 3430 2822 3498 ardoremque,
2873 3444 2935 3481 ac
2984 3441 3145 3495 quam
3188 3425 3480 3480 secundum
3527 3424 3699 3494 legem

2106 3536 2247 3593 agat.
2268 3523 2387 3578 Non
2408 3523 2520 3576 adit
2549 3522 2880 3591 praelectum,
2900 3520 2991 3575 sed
3015 3519 3310 3590 principem
3335 3516 3697 3571 sacerdotum.

2109 3616 2243 3669 Petit
2265 3615 2328 3669 ab
2348 3617 2459 3685 ipso
2479 3614 2738 3682 epistolas,
2768 3622 2822 3665 ut
2857 3612 2901 3664 si
2931 3627 3055 3676 quos
3101 3610 3340 3662 inveniret
3388 3608 3541 3679 hujus
3584 3608 3699 3660 11110.

2109 3707 2260 3761 Viam
2292 3718 2444 3761 vocat
2469 3705 2768 3781 credentes,
2800 3705 2890 3774 qui
2918 3705 2996 3757 sic
3013 3705 3080 3756 ab
3105 3702 3355 3756 omnibus
3388 3710 3512 3754 111110
3538 3714 3702 3754 voca-

2110 3800 2320 3863 bantur,
2356 3800 2493 3852 l'orte
2530 3799 2653 3867 quia
2684 3798 2823 3849 viam
2854 3796 2921 3849 ad
2951 3796 3141 3849 cadum
3186 3795 3492 3848 tendentem
3522 3804 3700 3849 secta-

2111 3890 2325 3944 bantur.
2359 3890 2467 3944 Cur
2493 3897 2810 3958 potestatem
2846 3902 2950 3940 non
2992 3887 3187 3955 accipit
3217 3886 3335 3939 illos
3372 3886 3569 3939 ibidem
3601 3901 3701 3954 pu-

2112 3981 2327 4046 niendi,
2393 3981 2485 4034 sed
2542 3979 2932 4050 Jerosolymam
2981 3978 3166 4032 ducit?
3217 3977 3284 4033 Ut
3336 3992 3458 4031 011111
3513 3978 3701 4046 majori

2113 4079 2375 4141 potestate
2428 4070 2537 4124 illic
2582 4070 2905 4139 supplicium
2953 4068 3302 4138 inlligeretur.
3361 4069 3424 4122 Et
3472 4069 3617 4133 vide,
3648 4069 3701 4121 in

2112 4173 2370 4233 quantum
2397 4177 2457 4216 se
2499 4162 2793 4231 perieulum
2824 4161 3106 4229 conjiciat;
3153 4170 3386 4214 attamen
3413 4164 3492 4213 sic
3531 4162 3701 4225 timet,

2114 4268 2181 4307 ne
2201 4252 2324 4322 quid
2352 4253 2453 4306 sibi
2485 4251 2609 4305 mali
2637 4250 2863 4305 accidat.
2890 4251 3012 4304 ldeo
3033 4267 3161 4321 ergo
3186 4253 3320 4305 alios
3338 4265 3520 4304 secum
3548 4265 3703 4304 assu—

2112 4345 2231 4409 tnit,
2265 4343 2403 4398 forte
2430 4358 2540 4412 prze
2575 4352 2721 4398 metu
2756 4359 2771 4398 :
2799 4343 2883 4398 vel
2913 4344 3034 4413 quia
3087 4352 3275 4397 contra
3331 4343 3528 4396 multos
3573 4344 3702 4406 ibat,

2114 4439 2309 4491 nmltos
2337 4438 2548 4507 accipit,
2578 4444 2636 4490 ut
2654 4437 2930 4500 audacius,
2962 4437 3021 4489 Si
3058 4452 3184 4507 quos
3216 4437 3462 4489 inueniret
3489 4437 3623 4489 viros
3644 4451 3705 4487 ac

2114 4527 2372 4593 mulieres,
2397 4530 2587 4581 vinctos
2613 4528 2905 4597 perduceret
2922 4529 2977 4580 in
3005 4526 3310 4581 Jerusalem.
3338 4526 3585 4593 Alioquin
3612 4540 3707 4577 au-

2116 4629 2219 4672 tem
2270 4619 2384 4688 ipse
2424 4634 2519 4689 per
2548 4619 2686 4672 viam
2732 4619 3017 4673 ostendere
3072 4617 3135 4670 iis
3183 4617 3435 4670 omnibus
3460 4616 3701 4680 volebat,

2116 4720 2284 4765 totum
2310 4713 2376 4765 ab
2405 4724 2465 4765 se
2486 4711 2748 4780 proficisci
2777 4730 2791 4765 :
2815 4712 2883 4763 ita
2932 4709 3008 4763 illi
3037 4710 3169 4762 nihil
3197 4709 3298 4762 hoc
3326 4708 3607 4762 curabant.
3644 4709 3707 4761 Et

2114 4800 2235 4856 vide
2264 4800 2412 4855 illum
2433 4799 2663 4854 antehac
2683 4800 2734 4854 in
2752 4814 3020 4852 carcerem
3043 4800 3164 4867 conj
3173 4799 3437 4852 icientem.
3454 4797 3527 4851 1111
3549 4798 3708 4866 igitur

2116 4907 2221 4946 non
2245 4892 2509 4953 valebant,
2547 4891 2631 4943 1110
2654 4904 2783 4943 vero
2806 4905 2914 4959 pra:
2936 4887 3147 4943 fervore
3174 4898 3403 4959 poterat.
3434 4889 3487 4942 ὅ.
3510 4887 3707 4942 Etcum

2116 4986 2211 5038 iter
2251 4984 2474 5052 faceret,
2505 4981 2711 5050 contigit
2741 4990 2797 5033 ut
2848 4981 3280 5049 appropinquaret
3329 4979 3581 5033 Damasco
3614 4995 3633 5032 :
3660 4990 3706 5032 ct

2115 5079 2278 5135 subito
2310 5076 2647 5145 circumfulsit
2672 5091 2786 5126 eum
2835 5075 2925 5127 tua:
2951 5075 3015 5127 de
3041 5075 3202 5139 celo;
3247 5074 3303 5127 4.
3336 5083 3383 5127 et
3426 5073 3612 5126 cadens
3654 5072 3708 5124 in

2116 5178 2304 5223 terram
2332 5165 2523 5218 audivit
2552 5180 2720 5218 uocem
2741 5164 2986 5218 dicentem
3007 5164 3145 5218 sibi:
3174 5163 3353 5229 Saule,
3379 5162 3559 5225 8111110,
3583 5162 3708 5231 quid

2115 5276 2196 5313 me
2244 5258 2556 5330 persequeris
2570 5257 2596 5310 ?

2192 5351 2247 5404 3.
2288 5351 2398 5406 Cur
2438 5364 2543 5403 non
2574 5348 2925 5419 Jerosolymis
2952 5348 2976 5401 ’ἶ
3005 5362 3103 5401 cur
3133 5361 3239 5400 non
3271 5345 3514 5399 Damasci
3548 5345 3599 5398 id
3632 5343 3710 5397 l‘a-

2118 5450 2261 5495 etum
2304 5442 2434 5496 est?
2465 5441 2532 5496 Ut
2576 5457 2682 5494 non
2714 5449 2935 5510 possent
2974 5440 3063 5492 alii
3096 5439 3223 5493 illud
3255 5438 3413 5492 aliter
3441 5450 3707 5501 narrare;

2120 5543 2174 5586 et
2216 5540 2273 5584 ut
2310 5533 2445 5601 ipse,
2495 5532 2584 5601 qtti
2620 5532 2706 5586 illa
2747 5531 2815 5585 de
2844 5543 3004 5585 causa
3038 5530 3277 5595 abierat,
3312 5526 3578 5582 narrando
3606 5525 3712 5580 title

2121 5622 2316 5692 dignus
2346 5633 2512 5677 esset.
2564 5623 2675 5677 1100
2718 5638 2847 5691 ergo
2876 5620 3038 5685 dicit,
3083 5636 3201 5675 cum
3248 5618 3387 5688 apud
3420 5617 3705 5687 Agrippam

2124 5730 2245 5769 sese
2289 5714 2548 5771 defendit.
2578 5716 2809 5770 Laborat
2836 5724 3014 5769 autem
3045 5715 3235 5780 oculis,
3280 5713 3400 5783 quia
3424 5712 3586 5764 nimia
3615 5707 3704 5764 111(
