4088 6142
404 346 526 400 Ὶίὶῦ

408 455 585 527 60H;-
619 454 714 510 τοῦ
757 455 934 524 φωτὸς
986 454 1242 528 πλήττειν
1272 457 1459 511 εἴωθε·
1503 457 1678 530 μέτρα
1729 457 1838 529 γὰρ
1863 457 2077 527 ἔχουσιν

406 545 460 598 οῖ
497 543 784 614 ὀφθαλμοί.
816 544 1052 613 Λέγεται
1079 544 1134 598 δὲ
1172 547 1265 599 καὶ
1304 546 1486 616 φωνῆς
1536 546 1807 616 ὑπερϐολὴ
1858 545 2074 614 κωφοὺς

406 636 583 687 ποιεῖν
629 634 722 689 καὶ
779 632 1123 704 ἀποπλῆγας.
1163 634 1327 705 Ἀλλά
1353 634 1540 688 τοῦτον
1580 634 1737 705 μόνον
1794 635 2069 705 ἐπήρωσε,

407 720 506 773 καὶ
554 719 776 801 ἔσϐεσεν
822 700 1128 777 αὐτοῦ-τὸν
1179 700 1347 794 θυμὸν
1412 723 1488 793 τῷ
1534 700 1702 794 φόϐῳ,
1729 700 2071 776 ῶστεταύτὸν

408 808 634 862 ἀκοῦσαι
687 806 758 863 τὰ
820 809 1105 881 λεγόμενα.
1135 810 1353 871 Σαοὺλ,
1409 811 1629 874 Σαοὺλ,
1684 813 1838 881 φησὶ,
1892 810 1951 863 τί
1995 827 2074 879 με

402 894 673 962 διώκεις;
717 897 793 950 οὐ
846 896 998 968 λέγει
1061 898 1230 969 αὐτῷ,
1295 899 1627 962 Πίστευσον,
1670 898 1790 951 οὐδὲ
1845 898 1972 951 ἄλλο
2014 914 2071 951 τι

403 981 643 1037 τοιοῦτον
702 985 878 1049 οὐδὲν,
938 986 1054 1039 ἀλλ’
1108 986 1348 1055 ἐγκαλεῖ.
1395 982 1692 1056 Μονονουχὶ
1752 986 1861 1057 γάρ
1911 986 2071 1039 τοῦτό

404 1088 557 1141 φησι,
599 1073 666 1125 δι’
706 1066 782 1127 ὧν
828 1074 1070 1142 ἐγκαλεῖ·
1105 1075 1169 1128 Τί
1224 1073 1407 1145 παρ’ὶι
1457 1073 1591 1145 ἐμοῦ
1636 1076 1778 1146 μέγα
1809 1074 1842 1145 ή
1873 1072 2069 1145 μικρὸν

398 1158 728 1231 ἠδικημένος
773 1162 949 1216 ταῦτα
1014 1166 1215 1227 ποιεῖς;
1249 1160 1398 1217 Εἷπε
1454 1163 1554 1217 δέ’
1585 1163 1681 1230 Τίς
1716 1160 1803 1227 εἷ,
1856 1164 2068 1232 Κύριεῖ

400 1247 550 1312 Τέως
575 1250 924 1323 ὡμολόγησεν
957 1251 1148 1305 ἑαυτὸν
1178 1251 1383 1305 δοῦλον.
1424 1250 1481 1305 Ὀ
1508 1251 1564 1304 δὲ
1611 1252 1816 1322 Κύριος
1891 1250 2066 1305 εἶπενο

410 1335 558 1406 Ἐγώ
579 1339 695 1406 ειμι
735 1335 998 1408 Ἰησοῦς,
1026 1339 1098 1392 ὃν
1124 1336 1206 1391 σὺ
1257 1337 1505 1404 διώκεις.
1552 1337 1696 1391 Ὧσεὶ
1747 1339 1900 1407 ἔλεγε
1925 1354 1940 1367 ’
1974 1339 2066 1410 Μὴ

396 1424 626 1496 νομίσῃς
654 1425 791 1498 πρὸς
827 1425 1149 1497 ἀνθρώπους
1169 1422 1310 1481 εἶναί
1338 1443 1421 1480 σοι
1454 1426 1545 1480 τὸν
1597 1427 1852 1496 πόλεμον.
1904 1429 1968 1481 Ol
2006 1427 2065 1482 δέ

401 1514 651 1578 συνόντες
677 1513 850 1586 αὐτῷ,
898 1513 998 1587 τὴν
1028 1516 1212 1585 φωνὴν
1274 1514 1375 1586 μὲν
1412 1512 1507 1568 τοῦ
1542 1514 1755 1568 Παύλου
1802 1516 2061 1587 ἥκουσαν,

397 1604 590 1660 οὐδένα
655 1603 712 1658 δὲ
774 1603 1075 1676 ἐθεώρουν,
1127 1603 1263 1675 πρὸς
1305 1603 1365 1656 ὃν
1402 1602 1753 1672 ἀπεκρίνατο.
1791 1603 2061 1668 Είκότωςο

397 1692 507 1745 τῶν
535 1691 641 1763 γὰρ
675 1691 975 1745 ἐλαττόνων
1006 1690 1203 1753 αὐτοὺς
1226 1689 1482 1760 ἐποίησεν
1510 1689 1804 1761 ἀκροατάς.
1852 1690 1916 1743 Ei
1953 1690 2063 1761 γὰρ

393 1778 495 1847 τῆς
539 1779 721 1849 φωνῆς
779 1779 1018 1850 ἤκουσαν
1089 1777 1326 1849 ἐκείνης,
1385 1776 1489 1832 κᾶν
1523 1770 1974 1848 ἠπίστησανίτὸν
2006 1777 2062 1832 δὲ

366 1864 609 1918 -Ιιαῦλον
665 1864 901 1934 ὁρῶντες
970 1863 1433 1937 ἀποκρινόμενον,
1501 1863 1827 1935 ἐθαύμαζον.
1903 1863 2062 1918 Ἀλλά

403 1952 733 2021 Ἀνάστηθι,
766 1952 864 2007 καὶ
896 1952 1137 2009 εἴσελθε
1159 1954 1246 2019 είς
1305 1949 1419 2021 τὴν
1459 1954 1660 2012 πόλιν.
1719 1952 1817 2005 καὶ
1875 1955 2060 2021 λαλη-

389 2041 642 2109 θήσεταί
667 2057 787 2106 σοι,
817 2042 875 2095 τί
896 2057 970 2095 σε
993 2041 1090 2095 δεῖ
1121 2041 1332 2097 ποιεῖν.
1369 2041 1530 2111 Ὅρα,
1566 2039 1681 2104 πῶς
1714 2042 1813 2093 οὐκ
1861 2041 2061 2106 εὐθέως

389 2129 569 2182 πάντα
625 2129 774 2201 αὐτῷ
821 2127 1232 2194 ἀποκαλύπτει,
1289 2127 1424 2183 ἀλλὰ
1478 2129 1638 2199 μόνον
1686 2128 2058 2199 προμαλάττει

387 2217 552 2272 αὐτοῦ
608 2218 709 2289 τὴν
763 2218 1021 2283 διάνοιαν,
1062 2217 1158 2271 καὶ
1189 2217 1257 2270 δι’
1291 2209 1366 2270 ὧν
1405 2216 1834 2288 παρακελεύεται
1885 2218 2058 2270 ποιεῖν

388 2306 571 2371 αὐτὸν,
622 2306 1004 2379 παραχρῆμαο
1058 2305 1272 2359 δίδωσιν
1319 2304 1467 2375 αὐτῷ
1518 2304 1759 2376 χρηστὰς
1813 2304 2054 2367 ἐλπίδας,

387 2394 482 2448 καὶ
520 2394 604 2448 ὅτι
660 2393 974 2463 ἀναϐλέψει.
1024 2396 1088 2447 01
1141 2391 1208 2445 δὲ
1260 2391 1477 2460 ἄνδρες
1510 2394 1566 2446 οἱ
1620 2390 2056 2458 συνοδεύοντες

384 2481 569 2548 αὐτῷ,
592 2480 985 2548 ειστήκεισαν
1020 2480 1239 2545 ἐννεοί,
1267 2479 1592 2544 ἀκούοντες
1638 2478 1756 2548 μὲν
1788 2477 1896 2548 τῆς
1938 2496 2057 2548 φω-

370 2567 519 2637 ινῆς,
544 2568 777 2638 μηδένα
815 2567 885 2621 δὲ
936 2568 1314 2638 θεωροῦντες.
1355 2567 1600 2636 Ἠγέρθη
1638 2566 1707 2619 δὲ
1754 2570 1788 2621 ὁ
1822 2566 2056 2634 Σαῦλος

358 2658 502 2713 -ἀυτό
537 2656 648 2726 τῆς
672 2656 803 2728 γῆς,
835 2658 1225 2727 ἀνεῳγμένων
1254 2673 1319 2710 τε
1350 2654 1469 2710 τῶν
1496 2653 1820 2726 ὀφθαλμῶν
1844 2657 2052 2721 αὐτοῦ,

346 2744 603 2801 Ὃὺδένα
648 2745 884 2800 ἐϐλεπε.
931 2744 1437 2815 Χριραγωγοῦντες
1482 2744 1551 2798 δὲ
1587 2745 1772 2799 αὐτὸν
1818 2743 2056 2814 εἰσήγετο

384 2851 493 2904 γον
517 2836 604 2901 είς
629 2835 968 2903 Δαμασκόν.
1004 2833 1077 2887 Τὸ
1099 2833 1339 2904 λάφυρον
1361 2831 1457 2886 τοῦ
1486 2832 1755 2896 διαϐόλου,
1782 2832 1850 2886 τὰ
1882 2832 2049 2905 σκεύη

383 2922 570 2987 αὐτοῦ,
603 2921 851 2994 καθάπερ
872 2921 1077 2985 πόλεώς
1097 2937 1241 2984 τινος
1260 2922 1292 2991 ἢ
1316 2921 1700 2993 μητροπόλεως
1727 2920 2048 2992 ληφθείσης,

380 3010 682 3078 εἰσάγουσι.
712 3009 822 3061 Καί
878 3008 941 3062 τὸ
994 3007 1059 3078 δὴ
1116 3007 1450 3078 θαυμαστὸν,
1507 3008 1661 3061 αὐτοὶ
1707 3008 1756 3060 οῖ
1804 3007 2051 3077 πολέμιοι

366 3098 480 3152 «καὶ
494 3095 680 3167 ἐχθροὶ
706 3095 1001 3167 εἰσήγαγον
1031 3095 1215 3162 αὐτὸν,
1260 3094 1475 3149 πάντων
1497 3094 1766 3165 ὁρώντων.
1817 3096 1927 3149 Καὶ
1972 3095 2051 3171 ἦν

381 3184 606 3255 ἡμέρας
626 3183 783 3254 τρεῖς
798 3182 884 3255 μὴ
908 3182 1180 3251 βλέπων,
1210 3183 1308 3237 καὶ
1343 3180 1456 3238 οὐκ
1475 3182 1701 3254 ἔφαγεν
1734 3185 1877 3239 οὐδὲ
1894 3188 2045 3243 ἔπιε.

342 3273 449 3328 "1‘!
479 3274 667 3327 τούτου
690 3273 803 3327 ῖσον
833 3273 1029 3343 γένοιτ’
1057 3274 1156 3338 ἇν;
1196 3271 1543 3344 Ἀντίρῤοπος
1568 3273 1668 3343 τῆς
1708 3274 1801 3327 ἐπὶ
1836 3275 2046 3346 Στεφά-

377 3382 475 3423 νου
506 3364 742 3435 ἀθυμίας
770 3361 1168 3435 παράκλησιςή
1194 3361 1404 3415 Παύλου
1433 3363 1766 3437 προσαγωγή
1816 3365 2045 3433 γίνεται,

360 3454 579 3525 ἔχουσα
631 3453 729 3524 μὲν
778 3451 875 3505 καὶ
918 3450 1142 3506 αὐτόθεν
1171 3448 1542 3521 παραμυθίαν,
1577 3450 1638 3504 τὸ
1666 3452 1839 3517 οὕτως
1885 3454 2047 3511 αὐτὸν

376 3541 655 3603 ἀπελθεῖν,
682 3538 923 3594 λαϐοῦσα
976 3539 1033 3592 δέ
1085 3539 1179 3591 καὶ
1228 3538 1454 3607 ταύτην,
1511 3539 1603 3593 καὶ
1654 3542 1711 3594 αῖ
1771 3543 2046 3615 Σαμαρει-

379 3628 489 3682 τῶν
515 3628 570 3681 δέ
594 3627 778 3698 κῶμαι
806 3627 1219 3698 προσαχθεῖσαι,
1257 3627 1520 3699 μεγίστην
1555 3629 1828 3700 παρέσχον
1866 3630 2045 3701 παρά-

364 3717 594 3787 νκλησιν.

451 3804 563 3857 Καὶ
575 3803 665 3857 διὰ
691 3804 764 3867 τί,
794 3803 946 3872 φησὶ,
967 3801 1040 3873 μὴ
1058 3800 1115 3867 ἐξ
1141 3803 1315 3875 ἀρχῆς
1329 3802 1486 3858 τοῦτο
1500 3801 1743 3873 γέγονεν,
1756 3800 1892 3859 ἀλλᾶ
1906 3805 2044 3876 μετὰ

373 3891 584 3955 ταύτας
617 3891 734 3944 ἰνα
754 3889 1428 3963 δειχθῇ,[157]ὂτιδντως
1460 3890 1659 3961 ἀνέστη
1710 3892 1739 3944 6
1785 3892 2041 3963 Χριστός.

387 3978 452 4035 Ὀ
480 3978 591 4050 γὰρ
618 3979 858 4033 ἐλαύνων
887 3979 1071 4040 αὐτὸν.
1096 3980 1190 4033 καὶ
1215 3979 1459 4034 ἀπιστῶν
1484 3979 1648 4034 αὐτοῦ
1693 3982 1759 4051 τῇ
1818 3980 2041 4054 τελευτῇ

370 4070 474 4123 -καὶ
516 4071 582 4140 τῇ
631 4069 949 4132 ἀναστάσει,
991 4068 1085 4122 καὶ
1129 4068 1252 4132 τοὺς
1297 4067 1543 4139 μαθητάς
1585 4068 1750 4123 αὐτοῦ
1808 4069 2041 4136 διώκων,

368 4151 527 4235 οὗτος
559 4158 745 4219 πόθεν,
766 4157 888 4211 εἰπέ
918 4175 1030 4228 μοι.
1069 4156 1135 4211 ἂν
1182 4156 1520 4220 ἐπίστευσεν,
1552 4158 1602 4210 εῖ
1664 4155 1742 4227 μὴ
1772 4156 1940 4235 πρλλὴ
1973 4153 2043 4229 ἦν

322 4260 327 4263 ‘
370 4228 473 4300 τοῦ
500 4244 904 4316 σταυρωθέντος
932 4248 965 4315 ή
994 4242 1147 4316 ἰσχύς
1174 4243 1234 4312 d;
1271 4245 1473 4308 Ἔστω,
1502 4245 1698 4297 ἐκεῖνοι
1735 4228 1884 4316 αὐτῷ
1912 4228 2043 4317 ἐχα-

377 4334 610 4407 ρίζοντο·
635 4334 689 4388 τί
716 4335 862 4405 ἐρεῖς
888 4333 1023 4405 πρὸς
1034 4332 1255 4400 τοῦτον;
1285 4332 1494 4396 Ἀλλως
1527 4330 1582 4384 δὲ
1610 4331 1697 4385 διὰ
1723 4332 1878 4387 τοῦτο
1907 4333 2043 4405 μετὰ

362 4423 472 4494 ’τήν
500 4423 796 4477 ἀνάστασιν
826 4421 1120 4493 προσῆλθε,
1156 4420 1250 4476 καὶ
1278 4421 1377 4473 οὐκ
1407 4420 1626 4483 εὐθέως,
1656 4420 1742 4473 ἴνα
1776 4421 2037 4490 σαφέστε-

362 4529 470 4581 ~90;
490 4510 655 4566 αὐτοῦ
682 4509 865 4581 δειχθῇ
894 4512 924 4562 6
952 4509 1205 4580 πόλεμος.
1248 4509 1304 4561 '0
1351 4508 1460 4579 γάρ
1512 4508 1654 4562 οὕτω
1682 4510 2004 4580 μαινόμενος
2022 4552 2039 4579 ,

320 4624 325 4629 -
359 4599 450 4663 «ὡς
475 4598 569 4651 καὶ
591 4598 800 4667 αἵματα
836 4598 1037 4667 ἐκχεῖν,
1070 4597 1166 4650 καὶ
1212 4596 1293 4659 είς
1345 4595 1691 4668 δεσμωτήρια
1730 4597 2038 4668 ἐμϐάλλειν,

362 4686 570 4757 ἀθρόον
622 4683 887 4738 πιστεύει.
947 4684 1060 4737 Οὐκ
1107 4684 1269 4753 ήρκει
1316 4681 1376 4735 τὸ
1435 4681 1510 4753 μή
1570 4683 1928 4752 συγγενέσθαι
1964 4685 2041 4756 τῷ

359 4772 616 4845 Χριστῷ,
647 4772 763 4826 ἀλλ’
788 4771 894 4825 ἔδει
925 4772 1020 4825 καὶ
1052 4769 1428 4842 πολεμηθῆναι
1465 4771 1707 4841 σφοδρῶς
1734 4772 1824 4824 ὐπ’
1875 4773 2038 4827 αὐτοῦ

357 4864 501 4926 ’τοὺς
530 4860 754 4925 πιστούς
779 4876 793 4891 ο
822 4858 1079 4931 οὐδεμίαν
1109 4859 1399 4912 κατέλιπεν
1448 4858 1751 4930 ὑπερϐολὴν
1808 4861 2036 4930 μανίας·

354 4952 595 5007 ’πάντων
651 4949 1012 5021 σφοδρότερος
1065 4941 1220 5011 οὗτος
1262 4942 1350 5018 ἦν.
1394 4946 1614 5018 Ἐπειδὴ
1659 4947 1715 5001 δὲ
1754 4949 2036 5022 ἐπηρώθη,

354 5039 495 5094 πότε
527 5038 628 5108 τῆς
666 5035 982 5099 δεσποτείας
1014 5034 1181 5088 αὐτοῦ
1222 5033 1293 5088 τὰ
1324 5036 1599 5106 τεκμήρια
1645 5035 1740 5089 καὶ
1785 5035 1884 5107 τῆς
1916 5037 2040 5106 φιλ-

326 5123 689 5198 ;.ανθρωπίας
747 5124 1043 5195 γνωρίζει·
1111 5122 1144 5192 ἢ
1200 5124 1295 5176 καὶ
1350 5122 1435 5175 ἵνα
1495 5125 1571 5194 μή
1624 5139 1708 5186 τις
1753 5124 1913 5196 εἴπῃ,
1956 5126 2037 5179 ὅτι

373 5215 722 5287 ὑπεκρίνατο.
751 5211 877 5275 Πῶς
926 5212 1055 5281 γὰρ,
1108 5210 1137 5263 6
1190 5211 1438 5280 αἱμάτων
1486 5210 1787 5282 ἐπιθυμῶν,
1851 5214 1880 5265 6
1925 5214 2038 5276 τοῖς

354 5303 584 5375 ’ῖερεῦσι
621 5297 957 5373 προσελθὼν,
989 5299 1018 5351 6
1043 5298 1427 5362 είςηκινδύνους
1458 5299 1650 5354 ἐαυτὸν
1669 5300 2033 5373 ἐπιῤῥίπτων,

351 5391 472 5445 ’καὶ
498 5390 625 5455 τούς
652 5387 764 5455 ἔξω
814 5387 1055 5443 ἐλαύνων
1091 5387 1186 5441 καὶ
1242 5385 1682 5458 τιμωρούμενος;
1724 5383 1893 5453 Οὗτος
1942 5385 2038 5444 οὖν

351 5479 516 5549 -μετά
539 5477 923 5533 ταῦτα’πάντα
946 5475 1046 5547 τήν
1076 5473 1394 5529 δεσποτείαν
1428 5474 1695 5546 ὁμολογεῖ.
1761 5477 1859 5530 Διά
1886 5478 1938 5530 τί
1979 5477 2035 5532 δέ

352 5568 473 5620 ὀὐκ
498 5566 642 5620 ἔνδον
669 5570 727 5620 ἐν
748 5569 815 5637 τῇ
843 5565 997 5619 πόλει
1018 5562 1435 5635 περιηστράφθη
1459 5563 1537 5635 τῷ
1579 5564 1738 5634 φωτὶ,
1767 5565 1903 5619 ἀλλὰ
1929 5567 2036 5637 πρὸ

354 5832 525 5872 ﬁmus
541 5832 786 5881 μονονουχι
810 5832 983 5879 λεγων·
1008 5832 1065 5867 ἰι
1090 5832 1220 5881 παρ’.
1285 5832 1307 5850 ⁸⁵
1334 5832 1469 5876 nec,
1508 5836 1657 5868 ποιειν
1672 5832 1831 5877 αυτὸν,
1880 5838 2032 5885 παρα-

354 5888 556 5996 ἐρῆμα,
589 5880 649 5928 ab
689 5880 886 5928 Erasmo
926 5893 1177 5955 ειμι-θεαί.
1222 5892 1287 5927 ex
1330 5892 1427 5926 uno
1467 5881 1575 5928 cod.
1630 5882 1856 5943 suppma
1899 5891 2032 5936 sunt.

408 5948 510 5992 ἀι
577 5942 604 5982 εὶ
641 5942 737 5990 Mil
772 5938 829 5996 ἧν
868 5945 949 5996 τῆς
985 5941 1290 5994 maniam;
1339 5942 1368 5995 ἡ
1393 5940 1543 5996 ἰσχύς.

419 5959 510 5992 αι’.
577 5955 604 5982 ιι
641 5955 737 5990 Alu
772 5955 829 6000 ην
868 5955 949 5996 της
985 5956 1290 5994 αναστασεως
1339 5955 1368 5995 η
1395 5955 1543 6002 ισχυς.

1162 344 1216 399 S.
1263 344 1542 401 IOANNIS
1578 342 2052 411 CHRYSOS‘TOW

2161 342 2427 429 ιιοιιιεῐις
2463 345 3010 407 CONSTANTINOP.

2062 5664 2133 5749 ε,

2014 5851 2033 5860 -
2498 5796 2883 5885 ὼπῖξιςειῖῧὺῖιξ
2909 5833 3009 5869 ιιιιο
3181 5796 3234 5870 ἐι
3417 5796 3813 5885 ,έοερυιιιὶἇιῖἶῖιξ

2182 459 2387 529 αὐτῆςς
2421 460 2546 513 ’Ότι
2592 461 2690 513 οὐκ
2734 460 2800 516 ἀν
2845 462 3174 516 ἐπίστευσαν
3219 463 3515 528 οῖ’πολλοὶ,
3559 464 3694 519 ἀλλά
3746 470 3843 523 καὶ

2180 550 2477 619 ἐχλεύασαν
2527 552 2613 606 ἀν·
2660 552 2793 606 ὅπου
2838 568 2902 621 γε
2951 554 3043 607 καὶ
3096 554 3214 607 ἐκεῖ
3261 553 3467 607 ἀνωθεν
3531 554 3845 626 ἐνεχθείσης

2180 639 2363 708 φωνῆς
2410 639 2701 702 ἀκούοντες
2748 639 2952 707 ἔλεγον,
2995 640 3077 694 δτι
3118 639 3347 710 Βροντή
3384 641 3575 695 ἐστιν’
3608 637 3845 709 οὖτοςδέ

2178 724 2489 790 ἀξιόπιστος
2516 722 2584 797 ἦν
2612 726 2970 795 ἀπαγγέλλων
3020 728 3218 798 μᾶλλον
3254 727 3326 781 τὰ
3378 728 3565 784 αὐτοῦ.
3596 732 3708 785 Καὶ
3757 732 3845 784 δε-

2176 812 2400 884 δεμένος
2433 817 2702 885 εἰσήγετο,
2731 817 2793 868 οὐ
2838 817 3237 886 περικειμένων
3292 816 3440 886 αὐτῷ
3477 817 3718 889 δεσμῶν,
3748 821 3845 873 καί⁵

2176 899 2357 955 εἷ’λκον
2384 903 2547 956 αὐτὸν
2604 904 2696 957 τὸν
2740 903 3182 975 προσδοκήσαντα
3236 906 3361 966 τοὺς
3403 903 3595 967 ἀλλους
3643 904 3839 972 ἕλξειν.

2177 988 2332 1051 Τίνος
2357 988 2414 1042 δὲ
2450 989 2635 1043 ἕνεκεν
2658 991 2759 1044 οὐκ
2781 990 3005 1060 ἔφαγεν,
3038 991 3161 1045 οὐδέ
3210 990 3370 1058 ἔπιες
3423 992 3843 1060 Κατεγίνωσκεν

2175 1076 2370 1130 ἐαυτοῦ
2419 1078 2512 1132 ἐπὶ
2569 1082 2680 1142 τοῖς
2733 1079 3058 1149 γινομένοις,
3120 1079 3511 1149 ἐξωμολογεῖτο
3534 1119 3550 1142 ,
3607 1079 3837 1151 ηὔχετο,

2176 1165 2478 1235 παρεκάλει
2523 1167 2616 1221 τὸν
2647 1168 2799 1220 Θεόν.
2832 1169 2894 1221 Εἰ
2930 1167 2991 1221 δὲ
3022 1168 3168 1235 λέγοι
3188 1184 3291 1231 τις,
3318 1168 3564 1236 ἀνάγκης
3598 1164 3736 1222 εἶναι
3778 1168 3843 1221 τὸ

2176 1254 2412 1322 πρᾶγμα
2440 1254 2558 1322 (καὶ
2623 1255 2733 1324 γὰρ
2762 1254 2791 1305 6
2832 1252 3069 1322 Ἐλύμας
3115 1253 3178 1306 τὸ
3211 1254 3343 1306 αὐτὸ
3383 1253 3639 1321 ἔπαθεν),
3678 1254 3842 1324 ἐροῦ-

2176 1356 2305 1409 μεν’
2345 1341 2455 1395 Ναὶ
2514 1341 2736 1407 ἔπαθεν,
2800 1342 2917 1395 ἀλλ’
2966 1342 3181 1414 ἔμεινεν
3202 1342 3275 1405 ῶς
3305 1339 3438 1411 εἶχε.
3466 1342 3593 1405 Πῶς
3621 1338 3714 1395 οὖν
3740 1344 3841 1396 οὐκ

2172 1427 2534 1499 ⁴ήναγκόισθη;
2589 1431 2699 1483 Καὶ
2748 1431 2803 1482 τί
2852 1429 3396 1501 ἀναγκαπικὼτερον
3458 1429 3553 1482 τοῦ
3614 1430 3838 1499 σεισμοῦ

2171 1514 2264 1567 τοῦ
2303 1516 2395 1569 ἐπὶ
2436 1517 2537 1586 τῆς
2574 1517 2941 1583 ἀναστάσεως,
2964 1517 3072 1570 τῶν
3101 1515 3447 1587 στρατιωτῶν
3498 1516 3608 1570 τῶν
3662 1517 3841 1583 ἀπαγ-

2171 1602 2490 1672 γειλάντων,
2530 1602 2638 1657 τῶν
2691 1604 2933 1674 σημείων
2995 1603 3106 1657 τῶν
3158 1603 3350 1671 ἄλλων,
3400 1603 3494 1657 τοῦ
3526 1603 3653 1656 ἰδεῖν
3674 1603 3840 1656 αὐτὸν

2170 1692 2507 1759 ἀναστάντα;
2559 1692 2696 1745 Ἀλλ’
2725 1692 2826 1745 οὐκ
2855 1691 2973 1746 ἔστι
3018 1690 3195 1745 ταῦτα
3243 1691 3643 1761 ἁναγκαστικά,
3699 1691 3843 1745 ἀλλά

2169 1779 2472 1834 διδακτικά.
2557 1779 2800 1832 Ἰουδαῖοι
2856 1779 2946 1832 διά
3009 1778 3062 1832 τί
3122 1779 3224 1832 οὐκ
3274 1779 3604 1832 ἐπίστευσαν
3661 1778 3840 1832 ταῦτα

2167 1867 2488 1933 ἀκούοντες;
2531 1867 2651 1921 Ὅτι
2692 1866 2923 1939 ὴλήθευε
2979 1866 3137 1936 δῆλον
3170 1861 3261 1939 ἦν.
3306 1868 3381 1920 Οὐ
3433 1867 3542 1938 γὰρ
3591 1865 3660 1920 ἂν
3709 1883 3841 1937 μετ-

2170 1954 2344 2020 έθετο,
2384 1955 2459 2025 μὴ
2498 1954 2794 2024 γενομένου
2832 1953 3045 2007 τούτοιν
3094 1952 3236 2006 ὥστε
3283 1955 3490 2016 πάντας
3545 1953 3839 2007 πιστεῦσαι

2167 2042 2296 2095 ἔδει.
2350 2042 2470 2097 Τῶν
2535 2042 2636 2113 τὴν
2691 2041 2987 2098 ἀνάστασιν
3056 2038 3221 2094 αὐτοῦ
3295 2042 3673 2112 κηρυττόντων
3736 2042 3838 2111 οὐχ

2165 2132 2343 2202 ἥττων
2368 2127 2456 2203 ἦν,
2488 2132 2688 2202 μᾶλλον
2719 2131 2776 2185 δέ
2806 2130 2901 2186 καὶ
2928 2129 3391 2201 ἀξιοπιστότερος,
3434 2129 3630 2201 ἀθρόον
3665 2146 3837 2201 μετα-

2166 2219 2519 2292 ϐεϐλημένος.
2550 2221 2626 2276 θύ
2679 2219 2995 2289 συνεγένετό
3043 2235 3150 2273 τινι
3192 2218 3303 2271 τῶν
3349 2218 3577 2282 πιστῶν,
3610 2218 3728 2273 ἀλλ’
3774 2219 3840 2274 ἐν

2164 2305 2441 2378 Δαμασκῷ
2485 2306 2829 2377 μετεϐάλετο,
2880 2306 3080 2377 μᾶλλον
3127 2304 3184 2360 δέ
3240 2306 3345 2376 πρὸ
3388 2306 3490 2375 τῆς
3539 2306 3837 2377 Δαμασκοῦ

2162 2393 2321 2448 τοῦτο
2359 2390 2581 2448 ἔπαθεν.
2617 2393 2842 2465 Ἐρωτῶ
2869 2394 2961 2448 τὸν
3004 2393 3257 2448 Ἰουδαῖον
3280 2410 3296 2423 ·
3332 2392 3522 2457 Πόθεν,
3561 2392 3683 2446 είπέ
3714 2407 3830 2464 μοι,

2166 2477 2468 2550 μετεϐλήθη
2493 2478 2736 2543 Παῦλος;
2765 2479 3017 2533 Τοσαῦτα
3046 2482 3248 2551 σημεῖα
3289 2477 3419 2541 εἶδε,
3461 2478 3554 2532 καὶ
3598 2478 3660 2531 οὐ
3699 2495 3835 2549 μετ-

2161 2565 2364 2637 εϐλήθη
2403 2583 2418 2597 ·
2492 2568 2520 2620 6
2593 2566 2913 2631 διδάσκαλος
2950 2568 3115 2621 αὐτοῦ
3172 2567 3502 2639 μετεϐλήθη,
3537 2567 3631 2619 καὶ
3674 2561 3837 2631 οὗτος

2159 2655 2220 2707 οὐ
2256 2653 2590 2725 μετεϐλήθηο
2617 2655 2703 2718 τίς
2727 2654 2945 2708 ἔπεισεν
2972 2655 3172 2721 αὐτόν;
3207 2655 3407 2726 μᾶλλον
3436 2657 3494 2708 δέ
3520 2655 3606 2717 τίς
3634 2654 3836 2724 ἀθρόον

2160 2742 2427 2813 τοσαύτην
2461 2742 2715 2796 ἐνέϐαλεν
2751 2743 2903 2816 αὐτῷ
2949 2743 3277 2815 προθυμίαν,
3307 2744 3383 2807 ὼς
3433 2744 3524 2797 καὶ
3579 2742 3835 2812 ἀνάθεμα

2158 2829 2417 2896 εὔξασθαι
2473 2831 2727 2901 γενέσθαι
2785 2833 2926 2904 ὑπὲρ
2966 2832 3061 2886 τοῦ
3111 2831 3387 2902 Χριστοῦ;
3422 2830 3633 2902 Φανερά
3679 2833 3834 2884 ἐστιν

2159 2918 2193 2989 ή
2224 2918 2333 2972 τῶν
2353 2919 2696 2990 πραγμάτων
2723 2919 2972 2990 ἀλήθεια.
3008 2919 3150 2972 Ἀλλ’
3180 2929 3204 2959 ο
3227 2921 3364 2987 ὅπερ
3392 2919 3546 2988 ἔφην,
3570 2917 3708 2979 τέως
3734 2918 3833 2970 τὸν

2158 3009 2410 3081 εὐνοῦχον
2438 3010 2836 3082 αἰσχυνθῶμεν,
2869 3010 2965 3065 καὶ
3019 3008 3388 3080 φωτιζόμενον
3417 3009 3512 3062 καὶ
3557 3004 3835 3075 ἀναγινώ-

2159 3115 2378 3154 σκοντα.
2421 3098 2641 3171 Ὁρᾶτε,
2677 3099 2794 3163 πῶς
2821 3094 2889 3171 ἦν
2917 3100 2977 3153 ἐν
2996 3098 3307 3169 δυναστείᾳ,
3339 3099 3454 3161 πῶς
3480 3092 3551 3167 ἦν
3578 3097 3637 3148 ἐν
3670 3094 3834 3148 πλούς

2154 3203 2255 3257 τῳ,
2296 3187 2389 3239 καὶ
2423 3187 2544 3240 οὐδὲ
2587 3189 2645 3241 ἐν
2676 3185 2780 3257 ὁδῷ
2825 3186 3101 3258 ήσύχαζες
3149 3185 3246 3249 Τίς
3278 3180 3347 3256 ἦν
3394 3185 3503 3254 ἀρα
3535 3176 3689 3247 οὗτος
3725 3181 3829 3252 μέ-

2157 3293 2262 3329 νων
2283 3276 2370 3329 ἐπ⁹
2431 3274 2630 3339 οἰκίας,
2695 3274 2830 3347 μηδέ
2860 3277 2919 3330 ἐν
2961 3275 3100 3339 ὁδοῖς
3131 3273 3456 3344 ἀνεχόμενος
3508 3270 3826 3344 σχολάζεινς

2153 3364 2239 3427 τίς
2269 3359 2336 3434 ἦν
2372 3362 2392 3402 ί
2419 3356 2572 3428 οὗτος
2600 3366 2659 3418 ἐν
2682 3363 2871 3429 νυκτί;

2225 3452 2286 3506 δ’.
2307 3452 2464 3506 Ὅσοι
2496 3453 2554 3506 ἐν
2586 3449 2890 3523 ἀξιώμασίν
2918 3453 3063 3515 ἐστε,
3101 3450 3387 3516 ἀκούσατε,
3411 3450 3586 3504 καὶτὸ
3619 3448 3827 3517 ἄτυφον

2154 3542 2246 3594 καὶ
2274 3539 2422 3613 [158]
2455 3540 2683 3604 εὐλαϐὲς
2740 3539 3073 3612 μιμήσασθε.
3113 3538 3308 3594 Καίτοι
3365 3538 3571 3609 μέλλων
3600 3537 3828 3591 ἀπιέναι

2153 3628 2358 3693 οἴκαδε,
2396 3629 2497 3682 οὐκ
2530 3623 2651 3681 εἷπε
2684 3627 2821 3699 πρὸς
2845 3627 3056 3682 ἐαυτόν’
3102 3626 3441 3699 Ἀπέρχομαι
3469 3627 3548 3690 είς
3592 3625 3692 3696 τὴν
3716 3642 3827 3678 πα-

2151 3716 2328 3786 τρίδα,
2372 3716 2489 3769 ἐκεῖ
2542 3715 2805 3785 λαμϐάνω
2834 3713 2897 3767 τὸ
2950 3714 3194 3785 λουτρὸν,
3253 3714 3325 3767 τά
3368 3713 3553 3784 ψυχρά
3601 3715 3826 3782 ῥήματα

2150 3804 2259 3857 τῶν
2286 3802 2517 3858 πολλῶν.
2550 3802 2665 3857 Οὐκ
2694 3801 2887 3875 ἐδεήθη
2919 3801 3181 3873 σημείων,
3232 3802 3333 3854 οὐκ
3361 3800 3555 3872 ἐδεήθη
3601 3798 3823 3869 θαυμά-

2154 3907 2284 3945 τωψ
2348 3892 2455 3945 ἀπὸ
2517 3890 2608 3943 τοῦ
2639 3890 2922 3961 προφήτου
2984 3889 3141 3960 μόνον
3178 3887 3485 3942 ἐπίστευσε.
3519 3886 3617 3941 Διά
3647 3886 3824 3940 ταῦτα

2153 3979 2339 4032 πενθεῖ
2389 3979 2580 4032 ἐαυτὸν
2635 3980 2665 4032 6
2710 3977 2942 4040 Παῦλος,
3000 3976 3194 4046 λέγων·
3243 3975 3431 4032 ,Ἀλλὰ
3488 3974 3585 4028 διὰ
3640 3974 3824 4028 τοῦτο

2148 4067 2439 4134 ἠλεήθην,
2471 4065 2559 4119 ότι
2599 4062 2835 4134 ἀγνοῶν
2878 4064 3141 4130 ἐποίησα
3168 4063 3239 4116 ἐν
3268 4062 3539 4129 ἀπιστίᾳ,
3573 4061 3673 4115 καὶ
3710 4061 3817 4115 ἵνα

2150 4156 2220 4208 ἐν
2244 4153 2372 4222 ἐμοὶ
2400 4152 2606 4221 πρώτῳ
2631 4150 2970 4218 ἐνδείξηται
3022 4150 3261 4217 Ἰησοῦς
3293 4149 3543 4219 Χριστός
3570 4146 3684 4215 τὴν
3707 4145 3822 4201 πᾶ-

2150 4259 2272 4297 σαν
2291 4241 2722 4312 μακροθυμίαν.
2760 4239 2941 4303 ’Ἄξιον
2967 4238 3135 4302 ὅντως
3170 4237 3449 4308 θαυμάσαι
3493 4237 3584 4289 τὸν
3628 4235 3819 4289 εὐνοῦ-

2149 4348 2243 4401 χον
2266 4327 2471 4381 τοῦτον.
2498 4327 2612 4380 Οὐκ
2640 4321 2746 4379 εἶδε
2769 4325 2861 4379 τὸν
2893 4324 3149 4397 Χριστὸν,
3180 4324 3278 4378 οὐκ
3308 4319 3414 4377 εἶδε
3451 4326 3698 4393 σημεῖονο
3732 4322 3818 4378 ἔτι

2148 4416 2219 4470 τά
2261 4414 2604 4486 Ἰεροσόλυμα
2635 4412 2946 4468 συνεστῶτα
2986 4411 3155 4484 ἐώρα,
3188 4412 3280 4465 καὶ
3327 4411 3581 4464 ἐπίστευε
3622 4409 3700 4481 τῷ
3720 4411 3821 4464 Φι-

2148 4504 2352 4575 λίππῳ.
2411 4502 2585 4556 Πόθεν
2631 4497 2724 4556 οὖν
2788 4501 3028 4564 τοιοῦτος
3075 4500 3402 4571 γεγένηται;
3461 4498 3821 4569 Μεμεριμνη-

2151 4593 2285 4664 μένη
2329 4587 2398 4664 ἦν
2448 4593 2481 4663 ἡ
2512 4590 2657 4663 ψυχή
2690 4590 2876 4655 αὐτοῦ,
2913 4592 3167 4661 προσεῖχε
3224 4588 3485 4658 Γραφαῖς,
3524 4585 3820 4656 ἐσχόλαζεν

2148 4681 2506 4751 ἀναγνώσεσι.
2554 4681 2743 4734 Καίτοι
2776 4680 2869 4733 καὶ
2898 4679 2926 4731 6
2958 4678 3158 4748 λῃστὴς
3191 4674 3298 4729 εῐδε
3349 4678 3571 4747 σημεῖα,
3622 4675 3717 4729 καῖ⁵
3764 4677 3816 4729 οἱ

2151 4769 2314 4840 μάγοι
2347 4764 2487 4821 εἶδον
2537 4768 2767 4838 ἀστέρα·
2819 4760 2973 4828 οὗτος
2999 4765 3055 4817 δέ
3095 4764 3249 4817 οὐδὲν
3280 4758 3387 4818 εἶδε
3414 4762 3673 4829 τοιοῦτον,
3714 4763 3817 4816 καὶ

2146 4857 2420 4910 ἐπίστευε·
2453 4852 2705 4906 τοσοῦτόν
2734 4854 2881 4904 ἐστιν
2904 4853 2937 4922 ή
2960 4849 3070 4903 τῶν
3099 4851 3331 4922 Γραφῶν
3352 4851 3656 4919 ἀνάγνωσις
3674 4849 3820 4920 ὠφέ-

2143 4943 2327 5013 λιμοςέ
2360 4942 2424 4994 Τί
2448 4936 2543 4993 οὖν
2578 4938 2820 5001 Παῦλοςς
2848 4938 2968 5009 οὐχὶ
3010 4938 3103 4991 τὸν
3142 4939 3308 5009 νόμον
3356 4938 3622 5009 ἐμελέτας
3669 4938 3813 4991 Ἀλλ’

2145 5032 2269 5102 ἐμοὶ⁵
2302 5029 2449 5082 δοκεῖ
2477 5019 2631 5091 οὗτος
2650 5026 2900 5098 ἐπίτηδες
2933 5026 3328 5098 ἀναϐληθῆναι,
3384 5027 3453 5080 δι’
3479 5026 3624 5097 ἀπερ
3654 5022 3816 5080 εἶπον

2145 5116 2431 5189 προλαϐὼν
2461 5114 2796 5186 πανταχόθεν
2859 5114 3186 5186 βουλομένου
3236 5114 3647 5169 ἐπισπάσασθαι
3685 5114 3817 5179 τοὺς

2156 5204 2440 5267 Ἰουδαίους
2468 5203 2562 5258 τοῦ
2584 5201 2842 5275 Χριστοῦ.
2871 5201 2938 5257 Et
2963 5203 3072 5276 γὰρ
3098 5200 3226 5256 νοῦν
3253 5196 3417 5272 εἶχον,
3440 5201 3592 5255 οὐδὲν
3613 5202 3817 5266 αὐτοὺς

2144 5291 2314 5357 οὕτως
2336 5290 2540 5361 ὠφέλει
2564 5290 2639 5355 ὡς
2669 5290 2846 5345 τοῦτο.
2882 5289 3056 5344 Τοῦτο
3086 5290 3217 5362 γὰρ,
3246 5291 3343 5343 καὶ
3398 5289 3642 5360 σημείων
3674 5290 3817 5360 μᾶλ-

2142 5379 2255 5447 λον,
2277 5381 2372 5434 καὶ
2391 5380 2631 5447 πάντων,
2656 5379 2845 5432 ίκανδν
2870 5375 2940 5450 ἦν
2958 5378 3154 5441 αὐτοὺς
3170 5375 3595 5447 ἐφελκύσασθαι·
3618 5376 3818 5449 ὥσπερ

2143 5465 2236 5522 οὖν
2262 5467 2413 5522 οὐδὲν
2449 5467 2592 5521 οὕτω
2642 5466 3012 5531 σκανδαλίζειν
3056 5465 3215 5519 εῖωθε
3265 5467 3393 5530 τοὺς
3444 5466 3812 5536 παχυτέρους.

2142 5557 2287 5629 Ὅρα
2315 5556 2444 5626 γοῦν
2477 5558 2614 5627 μετά
2640 5557 2738 5626 τὴν
2768 5554 3067 5625 διασπορὰν
3116 5552 3228 5607 τῶν
3249 5554 3565 5608 ἀποστόλων
3597 5553 3817 5609 καὶτὸν

2141 5645 2274 5700 Θεὸν
2309 5645 2562 5699 ’ποιοῦντα
2591 5644 2659 5699 τὰ
2685 5647 2903 5717 σημεῖα.
2963 5641 3321 5697 Ἐνεκάλεσαν
3394 5641 3633 5696 Ἰουδαῖοι
3691 5644 3815 5708 τοῖς

2209 5773 2234 5803 ο
2268 5761 2546 5824 Legebatur
2574 5759 2689 5824 am
2716 5759 2860 5824 ὅμως,
2896 5759 2985 5807 sed
3027 5770 3217 5824 vocem,
3242 5759 3391 5824 ὅμως,
3432 5771 3544 5822 ηοω
3578 5755 3817 5824 turbabat

2144 5882 2279 5945 Εοιτ.
2375 5883 2394 5922 τ
2431 5885 2633 5943 Quidam
2660 5881 2790 5931 ἠως.
2836 5882 2972 5945 οὗτος
3012 5882 3258 5945 σχολάζων
3301 5883 3373 5931 ἐπ’
3404 5881 3578 5944 οἰκίας,
3622 5885 3649 5932 ὁ
3686 5881 3815 5939 μησὶ

2143 5944 2191 5991 ἐν
2214 5945 2336 6001 ὁδοῖς
2365 5946 2641 6008 ἀνεχόμενος
2662 5951 2799 6009 στγᾴν
2821 5960 2834 6007 ;
2863 5945 2932 5999 τίς
2950 5944 3023 6007 ὴν.
