4088 6142
313 337 423 393 £65

309 448 508 503 lzcdez'c
549 446 725 512 solet;
759 461 1062 503 mensuram
1107 444 1251 500 enim
1290 458 1443 499 suam
1489 440 1683 495 habent
1722 437 1881 492 oculi.

308 539 515 594 Dicitur
541 538 707 594 etiam
744 538 891 594 vocis
935 546 991 593 et
1023 536 1144 593 soni
1169 535 1565 593 vehementiam
1594 531 1786 587 surdos
1813 529 1895 583 fa-

309 648 433 687 cere
451 640 507 686 et
522 632 799 687 attonitos.
822 629 928 687 Sed
950 630 1089 686 hunc
1110 628 1401 686 excaecavit
1424 637 1645 691 tantum,
1673 634 1728 680 et
1747 630 1894 679 metu

309 725 546 779 furorem
574 724 693 794 ejus
720 723 995 785 exstinxit,
1015 724 1086 778 ita
1112 730 1169 776 ut
1192 721 1307 776 lucc
1332 721 1422 775 ille
1445 718 1653 772 audiret
1680 714 1889 780 :Saule,

307 816 489 882 Saule,
521 816 645 886 quid
675 833 755 871 me
777 815 1087 886 persequeris
1114 815 1140 869 .7
1163 813 1277 869 Non
1303 812 1433 867 dicit
1461 812 1557 876 illi,
1577 809 1767 873 Crede,
1801 822 1897 862 ue-

306 924 409 978 qne
454 909 636 965 simile
675 907 989 979 quidpiam;
1024 906 1118 962 sed
1163 907 1393 961 incusat.
1443 904 1568 959 [hec
1613 901 1724 957 fere
1766 898 1899 955 dicit

305 1002 501 1072 quibus
526 1001 675 1055 illum
706 1002 916 1055 incusat
946 998 1128 1068 :Quid
1150 1040 1166 1063 ,
1197 999 1276 1054 vel
1306 1012 1495 1067 parum
1534 996 1629 1051 vel
1644 994 1892 1056 multum,

304 1108 334 1143 a
361 1108 451 1147 me
476 1092 655 1154 laesus,
684 1091 788 1146 hoc
813 1090 927 1161 agis
951 1090 975 1143 ?
1002 1090 1143 1145 Dixit
1169 1097 1356 1149 autem.
1373 1088 1500 1156 Quis
1519 1103 1592 1151 es,
1624 1083 1842 1139 Domine
1868 1084 1895 1137 ?

309 1183 527 1238 Interim
551 1199 613 1238 se
632 1183 916 1239 confitetur
949 1198 1187 1238 servum.
1216 1181 1474 1238 Dominus
1498 1189 1678 1263 autem
1723 1178 1891 1233 dixit:

306 1277 423 1348 Ego
459 1295 573 1332 sunt
607 1277 785 1342 Jesus,
828 1293 976 1345 quem
1007 1286 1061 1330 tu
1089 1276 1419 1347 persequeris.
1456 1274 1536 1328 Ae
1573 1272 1619 1327 si
1645 1271 1846 1326 diceret
1876 1286 1891 1324 :

306 1369 388 1425 Nc
417 1380 569 1439 putes
595 1369 689 1424 tibi
716 1384 841 1424 cum
869 1368 1172 1423 hominibus
1201 1381 1320 1422 esse
1343 1374 1639 1423 certamen.
1670 1362 1772 1431 Qui
1796 1377 1894 1416 au-

309 1472 420 1517 tem
452 1477 572 1517 cum
605 1463 697 1516 illo
730 1470 918 1523 erant,
944 1476 1131 1516 vocem
1156 1460 1369 1530 quidem
1412 1458 1561 1515 Pauli
1587 1457 1893 1523 audierunt,

310 1556 582 1609 neminem
609 1564 792 1608 autem
824 1553 1094 1618 viderunt,
1136 1553 1201 1606 ad
1233 1567 1393 1624 quem
1433 1549 1801 1619 responderet.
1830 1550 1897 1604 Et

302 1649 430 1716 jure
470 1648 655 1703 merito
685 1664 698 1699 :
735 1662 913 1700 rerum
941 1660 1173 1716 namque
1201 1646 1469 1700 minorum
1498 1644 1619 1698 illos
1649 1643 1774 1699 fecit
1801 1657 1897 1697 au-

306 1742 534 1797 ditores.
576 1740 708 1795 Nam
750 1739 797 1794 si
838 1754 1024 1795 vocem
1074 1739 1216 1793 illam
1257 1737 1566 1803 audissent,
1598 1750 1771 1805 neque
1817 1736 1897 1790 sic

306 1833 665 1889 credidissent
691 1851 706 1886 :
733 1832 953 1887 Paulum
985 1841 1164 1886 autem
1186 1830 1432 1886 videntes
1458 1829 1892 1898 reSpondentem,

307 1929 661 1983 mirabantur.
702 1926 806 1982 Sed
835 1926 884 1979 7.
914 1926 1113 1997 Surge,
1156 1936 1204 1979 et
1244 1923 1510 1995 ingredere
1538 1923 1818 1987 civitatem,
1847 1928 1894 1975 et

307 2021 502 2075 dicetur
544 2019 635 2072 tibi
670 2018 794 2089 quid
834 2027 881 2072 te
926 2027 1154 2089 aperteat
1197 2018 1385 2086 facere.
1423 2015 1580 2077 Vide,
1625 2012 1896 2084 quomodo

306 2128 413 2167 non
443 2111 626 2165 statim
654 2109 834 2166 omnia
872 2110 972 2179 ipsi
998 2109 1226 2173 revelet,
1257 2108 1355 2164 sed
1384 2107 1534 2177 prius
1561 2114 1766 2161 tantum
1793 2104 1896 2158 mi-

310 2204 441 2272 liget
462 2188 699 2256 animam
726 2201 866 2270 ejus,
894 2211 949 2255 et
975 2216 1071 2271 per
1094 2215 1178 2265 ea,
1206 2198 1498 2270 quaejubet
1526 2199 1672 2252 illum
1694 2195 1890 2261 facere,

308 2294 488 2348 statim
518 2307 671 2362 spem
696 2292 895 2347 bonam
924 2291 1079 2357 indit,
1103 2292 1246 2362 quod
1273 2291 1443 2346 visum
1472 2297 1786 2359 recepturus
1804 2288 1894 2343 sit.

319 2386 426 2441 Viri
440 2396 632 2454 autem,
654 2386 739 2452 qui
760 2384 899 2439 ibant
923 2402 1037 2439 cum
1058 2402 1115 2440 eo
1132 2427 1148 2450 ,
1173 2384 1371 2440 stabant
1385 2383 1667 2455 stupefacti,
1687 2381 1899 2435 audien-

307 2492 379 2535 tes
405 2480 610 2550 quidem
634 2494 822 2546 vocem,
851 2480 1102 2532 neminem
1124 2488 1290 2532 autent
1311 2477 1551 2532 videntes.
1583 2475 1636 2530 8.
1658 2474 1898 2530 Surrexit

307 2583 475 2626 autem
495 2571 689 2627 Saulus
710 2575 772 2628 de
783 2582 935 2637 terra,
954 2571 1238 2641 apertisque
1253 2569 1411 2624 oculis
1436 2568 1563 2621 nihil
1581 2566 1797 2620 videbat.
1815 2563 1897 2618 Ad

307 2685 489 2723 manus
506 2678 679 2725 autem
700 2667 846 2722 illum
864 2666 1136 2733 trahentes,
1154 2662 1539 2718 introduxerunt
1564 2658 1894 2714 Damascum.

309 2759 490 2829 Spolia
529 2758 765 2823 diaboli,
797 2773 921 2813 vasa
949 2756 1105 2827 ejus,
1136 2753 1287 2826 quasi
1326 2763 1477 2823 capta
1503 2750 1730 2823 quadam
1762 2749 1897 2805 urbe

311 2853 396 2908 vel
441 2851 725 2921 metropoli
755 2848 1124 2906 introducunt.
1155 2847 1223 2902 Et
1247 2846 1391 2916 quod
1420 2845 1614 2899 mirum
1641 2850 1725 2899 est
1746 2882 1762 2907 ,
1796 2840 1896 2911 ipsi

312 2926 515 2998 inimici
547 2952 602 2997 et
629 2939 813 2995 hostes
844 2939 1189 2995 introducunt
1218 2937 1369 2991 illum
1396 2934 1645 2991 omnibus
1671 2931 1899 2987 videnti-

308 3033 426 3088 bus.
460 3033 515 3087 9.
547 3030 617 3085 Et
648 3042 755 3085 erat
771 3031 929 3085 tribus
948 3030 1121 3083 diebus
1150 3045 1250 3082 non
1268 3026 1460 3091 videns,
1484 3035 1529 3079 et
1556 3042 1655 3078 non
1682 3021 1898 3076 mandu-

309 3129 439 3181 cavit
464 3143 623 3193 neque
647 3125 788 3179 bibit.
818 3124 953 3192 Quid
979 3123 1105 3177 huic
1132 3122 1206 3178 rei
1236 3136 1331 3192 par
1358 3119 1516 3174 fuerit
1545 3119 1567 3172 ?
1593 3116 1899 3173 Consolatio

315 3220 429 3277 lucc
459 3220 659 3275 inducti
692 3219 839 3274 Pauli
868 3224 1183 3284 compensat
1219 3230 1505 3271 maerorem
1529 3214 1598 3270 de
1626 3212 1897 3283 Stephano

313 3321 634 3383 conceptum
655 3351 672 3376 ,
706 3312 833 3366 licet
871 3309 959 3364 hic
984 3324 1136 3364 suam
1181 3308 1375 3363 habeat
1412 3307 1465 3360 in
1496 3321 1556 3361 se
1579 3304 1900 3361 consolatio-

316 3418 438 3457 ncm
463 3445 477 3465 ,
504 3402 650 3472 quod
682 3402 772 3456 ille
811 3401 892 3456 sic
933 3400 1196 3458 obiisset;
1236 3408 1292 3453 et
1319 3397 1458 3452 hanc
1495 3397 1621 3451 item
1655 3395 1893 3460 haberet,

314 3495 454 3565 quod
493 3493 953 3550 Samaritanorum
980 3492 1081 3547 vici
1124 3491 1327 3547 reducti
1360 3505 1608 3558 magnum
1643 3487 1899 3543 afferrent

316 3590 585 3644 solatium.

386 3683 490 3739 Cur
518 3680 717 3736 Paulus
739 3693 851 3751 post
879 3679 1064 3735 Christi
1083 3678 1495 3734 resurrectionem
1520 3689 1786 3729 conversus
1811 3672 1896 3729 sit.

316 3807 385 3818 —-
407 3778 474 3832 Et
511 3791 628 3836 cur,
652 3775 895 3843 inquies,
930 3788 1035 3826 non
1066 3772 1131 3826 ab
1176 3770 1330 3826 initio
1362 3768 1413 3823 id
1446 3767 1646 3823 factum
1672 3775 1775 3832 est,
1805 3765 1899 3820 sed

318 3870 547 3939 postea?
607 3867 678 3924 Ut
719 3866 1129 3929 ostenderetur,
1170 3877 1294 3918 vere
1334 3860 1607 3916 Christum
1654 3873 1902 3914 resurre-

320 3963 480 4017 xisse.
529 3960 632 4028 Qui
675 3959 821 4014 enim
853 3955 1272 4027 persequebatur
1301 3953 1449 4008 illum
1473 3993 1490 4019 ,
1521 3966 1620 4005 nec
1648 3949 1902 4006 credebat

319 4053 463 4108 illius
488 4062 718 4106 mortem
745 4066 808 4105 ac
841 4049 1288 4105 resurrectionem
1308 4087 1323 4111 ,
1350 4046 1441 4116 qui
1467 4043 1760 4115 discipulos
1784 4042 1901 4112 ejus

320 4143 763 4214 persequebatur,
793 4139 953 4204 unde,
976 4155 1179 4210 quzcso,
1210 4137 1543 4199 credidisset,
1579 4135 1681 4190 nisi
1710 4147 1901 4203 magna

321 4237 502 4292 fuisset
535 4234 787 4289 Crucilixi
820 4232 1029 4286 virtus?
1057 4231 1187 4286 Esto
1212 4273 1226 4295 ,
1259 4230 1334 4284 illi
1365 4228 1464 4299 ipsi
1497 4229 1903 4294 obtemperave-

320 4330 463 4391 rint,
495 4327 623 4398 quid
667 4324 735 4380 ad
765 4324 909 4380 hunc
946 4323 1091 4379 dices
1119 4323 1142 4375 ?
1173 4323 1419 4391 Alioquin
1462 4336 1591 4374 vero
1622 4317 1741 4373 ideo
1782 4324 1903 4385 post

322 4421 772 4477 resurrectionem
819 4418 1067 4483 accessit,
1115 4430 1288 4485 neque
1316 4414 1530 4479 statim,
1566 4423 1625 4466 ut
1672 4409 1901 4466 manife-

322 4514 456 4568 stius
490 4512 660 4580 ipsius
689 4511 886 4565 bellum
914 4509 1174 4562 videatur.
1203 4506 1333 4560 Nam
1369 4506 1457 4575 qui
1494 4506 1573 4560 sic
1598 4504 1811 4568 insanit,
1844 4510 1905 4556 ut

323 4615 375 4659 et
399 4603 712 4676 sanguinem
741 4602 1001 4666 effundat,
1030 4610 1085 4655 ct
1114 4600 1165 4654 in
1192 4613 1462 4654 carcerem
1489 4597 1759 4666 conjiciat,
1791 4603 1904 4650 sta-

327 4702 415 4757 tim
455 4701 651 4757 credit.
697 4699 812 4754 Non
857 4699 990 4753 satis
1032 4704 1177 4759 erat,
1222 4693 1362 4765 quod
1406 4708 1524 4748 cum
1556 4692 1769 4747 Christo
1797 4705 1905 4743 non

327 4795 529 4860 fuisset,
556 4795 671 4849 sed
700 4794 934 4863 cportuit
963 4801 1016 4846 ut
1062 4788 1244 4845 ﬁdeles
1274 4788 1341 4843 ab
1371 4787 1458 4842 illo
1499 4787 1704 4842 fortiter
1729 4784 1903 4852 impn-

324 4896 635 4958 gnarentur.
659 4887 874 4943 Nullum
908 4901 1011 4939 non
1042 4885 1274 4940 furorem
1303 4892 1450 4937 retro
1475 4879 1764 4951 relinquit;
1791 4893 1905 4933 om—

326 4984 479 5038 nibus
522 4981 610 5037 hic
657 4981 835 5035 acrior
874 4987 1005 5034 erat.
1053 4979 1182 5033 Cum
1220 4987 1397 5032 autem
1442 4984 1741 5030 excaecatus
1786 4971 1906 5035 fuit,

328 5084 451 5130 tunc
477 5073 862 5130 dominationis
884 5080 939 5126 et
957 5070 1256 5126 clementia}
1281 5070 1400 5139 ejus
1423 5067 1617 5123 indicia
1646 5065 1863 5135 agnovit
1891 5080 1904 5116 :

326 5170 407 5223 vel
435 5170 624 5235 etiam,
650 5182 717 5222 ne
739 5166 860 5237 quis
885 5165 1091 5220 diceret
1108 5163 1280 5232 ipsum
1300 5162 1599 5217 simulasse.
1627 5157 1908 5228 Quomodo

328 5262 492 5328 enim,
537 5261 630 5332 qui
675 5261 989 5329 sanguinem
1026 5255 1343 5325 expetierat.
1374 5253 1464 5321 qui
1506 5252 1573 5306 ad
1602 5250 1911 5306 sacerdotes

327 5362 659 5419 accesserat,
692 5353 780 5422 qui
813 5353 863 5405 in
892 5349 1124 5420 pericula
1150 5362 1210 5401 se
1237 5342 1584 5414 conjiciebat,
1616 5342 1705 5411 qui
1731 5351 1912 5397 exter-

331 5461 425 5499 nos
450 5446 612 5501 etiam
639 5443 871 5512 pellebat
894 5451 950 5496 et
971 5439 1242 5510 puniebat,
1270 5435 1606 5493 simulasset?
1634 5435 1729 5490 llic
1751 5434 1912 5502 igitur

329 5549 449 5607 post
474 5537 592 5601 huc
619 5536 797 5592 omnia
826 5533 1245 5589 dominationem
1272 5527 1576 5584 conﬁtetur.
1599 5526 1705 5595 cur
1732 5534 1911 5580 autem

333 5644 433 5685 non
474 5631 613 5685 intra
657 5628 825 5699 ipsum
856 5627 1040 5682 urbem
1082 5624 1170 5679 lux
1207 5622 1354 5676 illum
1391 5617 1776 5681 circumfulsit,
1816 5617 1912 5672 sed

330 5733 454 5779 ante
495 5719 679 5777 illam?
719 5718 850 5786 Quia
882 5716 1034 5772 multi
1072 5731 1178 5770 non
1222 5712 1606 5775 credidissent,
1641 5709 1747 5763 imo
1776 5706 1916 5763 forte

333 5814 597 5879 risissent,
630 5808 1053 5882 quandoquidem
1080 5818 1134 5864 et
1152 5821 1334 5877 supra,
1366 5804 1615 5859 emissam
1639 5800 1916 5858 audientes

1270 325 1335 385 Di
1375 325 1553 382 ACTA
1595 317 2390 379 APOSTOLORUN.‘HOMIL.
2436 324 2574 380 XIX.
2618 344 2619 347 η

2004 449 2190 492 vocem
2218 437 2482 499 dicebant.
2508 441 2746 498 Trom'trn
2768 461 2837 500 est
2864 448 3038 515 (Joatt.
3070 451 3153 503 12.
3185 452 3276 522 29)
3305 475 3319 511 :
3353 456 3440 513 hic
3461 476 3586 517 vero

2005 527 2108 623 fide
2134 529 2324 623 dignus
2342 535 2598 591 eratdum
2619 538 2849 594 maxime
2868 555 2963 596 sua
2988 546 3277 603 nuntiaret.
3304 550 3372 605 Et
3394 552 3588 623 ligatus

2004 619 2339 678 introducms
2367 636 2471 690 est,
2504 644 2608 681 non
2638 630 2863 685 vinculis
2893 633 3187 705 impositis;
3221 652 3275 696 et
3303 619 3591 703 trahebant

2004 709 2175 778 illum,
2201 715 2290 782 qui
2312 730 2370 770 se
2386 716 2521 771 alios
2544 727 2833 777 tracturum
2856 727 3124 792 sperabat.
3148 731 3256 785 Cur
3275 744 3453 790 autem
3478 754 3585 792 non

2004 807 2344 864 manducavit
2376 827 2551 881 neque
2586 816 2750 871 bibit?
2776 818 2880 872 Sua
2911 832 3058 889 gesta
3083 823 3388 895 damnabat,
3417 832 3590 886 ιἰιιεηι,

2006 899 2234 968 rebatur,
2265 904 2484 972 orabat,
2516 909 2738 977 rogabat
2778 912 2966 968 Deum.
2994 915 3048 971 Si
3078 932 3207 972 vero
3245 922 3364 991 quis
3383 924 3590 981 dixerit

2003 993 2107 1049 hoc
2125 1011 2192 1051 ex
2223 1000 2543 1057 necessitate
2581 1003 2748 1060 fuisse
2777 1004 2922 1078 (nam
2949 1019 3003 1064 et
3030 1008 3250 1084 Elymas
3278 1016 3380 1071 hoc
3412 1017 3584 1087 ipsum

2003 1101 2193 1155 passus
2219 1098 2303 1145 est
2326 1089 2462 1163 [Ασι.
2494 1092 2584 1167 15]
2613 1096 2655 1165 ),
2682 1098 3127 1166 respondebimus
3151 1120 3164 1156 :
3199 1104 3372 1161 Etiam
3396 1122 3587 1177 passus

2003 1189 2119 1242 est,
2150 1181 2242 1235 sed
2267 1185 2482 1249 mansit,
2507 1197 2563 1241 ut
2582 1198 2717 1243 erat.
2742 1189 3020 1257 Quomodo
3046 1194 3205 1265 igitur
3233 1213 3339 1252 non
3370 1210 3590 1259 coactus

2003 1276 2120 1327 est?
2151 1274 2352 1345 Ecquid
2377 1279 2546 1348 magis
2564 1295 2758 1350 cogere
2788 1292 3010 1351 poterat,
3043 1302 3201 1357 quam
3229 1298 3384 1345 terra:
3411 1305 3589 1351 motus
3686 1316 3689 1321 ι

2004 1363 2057 1419 in
2084 1368 2478 1425 resurrectione
2507 1370 2679 1428 factus
2702 1415 2717 1437 ,
2747 1375 2878 1443 ipsis
2907 1377 3167 1435 militibus
3196 1384 3585 1453 nuntiantibus,

2002 1456 2121 1511 aliis
2147 1460 2368 1526 patratis
2408 1462 2611 1531 signis,
2653 1465 2793 1533 quod
2822 1467 2996 1537 ipsum
3036 1472 3398 1530 resurrexisse
3436 1476 3590 1531 vide-

2004 1550 2162 1604 rent?
2193 1554 2261 1606 At
2291 1569 2396 1607 non
2429 1554 2516 1608 illa
2543 1557 2918 1613 necessitatem
2949 1560 3223 1626 inducunt,
3246 1566 3340 1621 sed
3368 1566 3586 1626 docent.

2003 1640 2110 1695 Cur
2146 1641 2317 1699 Judaei
2359 1644 2474 1700 huic
2507 1646 2784 1703 audientes
2823 1666 2929 1704 non
2975 1653 3362 1711 crediderunt?
3405 1658 3587 1715 Palam

2002 1745 2137 1791 erat.
2171 1734 2318 1789 illum
2353 1751 2480 1792 vera
2506 1737 2708 1795 dicere.
2733 1740 2919 1812 Neque
2942 1746 3087 1800 enim
3113 1757 3350 1803 mutatus
3377 1749 3586 1820 fuisset,

2004 1826 2105 1883 nisi
2128 1825 2230 1882 hoc
2246 1830 2541 1895 evenisset;
2572 1841 2728 1903 atque
2746 1833 2816 1889 ita
2838 1851 3027 1892 omnes
3046 1839 3266 1896 credere
3284 1844 3584 1913 Oportebat.

2003 1918 2117 1974 Non
2142 1921 2321 1975 minor
2345 1932 2462 1978 erat
2489 1922 2575 1990 iis,
2602 1927 2693 1994 qui
2713 1930 3164 1986 resurrectionem
3191 1932 3307 2003 ejus
3328 1934 3605 2005 praediciti
3650 1938 3661 1953 '

2003 2011 2162 2075 bant,
2197 2011 2305 2068 imo
2350 2013 2453 2069 ﬁde
2477 2014 2689 2086 dignior
2721 2020 2808 2088 qui
2837 2030 3061 2089 repente
3089 2037 3379 2080 conversus
3418 2037 3599 2085 esset;

2002 2100 2116 2157 Non
2144 2118 2263 2159 cum
2302 2105 2457 2161 fidele
2480 2110 2729 2178 quopiam
2759 2123 3002 2168 versatus
3042 2113 3214 2170 fuerat
3238 2159 3253 2183 ,
3281 2117 3376 2173 sed
3403 2120 3455 2173 in
3488 2121 3591 2174 Da-

2003 2211 2186 2252 maseo
2202 2212 2495 2255 conversus
2513 2212 2616 2263 est,
2641 2203 2749 2257 imo
2767 2213 2893 2261 ante
2915 2207 3232 2264 Damascum
3257 2211 3356 2266 hoc
3371 2214 3585 2268 accidit.

2003 2288 2276 2362 Interrogo
2300 2293 2541 2349 Judaeum
2568 2314 2580 2351 :
2611 2295 2782 2362 Unde,
2811 2314 3013 2368 quaeso,
3041 2317 3328 2360 conversus
3344 2317 3426 2362 est
3452 2307 3587 2362 Pau-

2004 2382 2123 2437 lus?
2153 2384 2255 2439 Tot
2295 2386 2446 2456 signa
2476 2388 2640 2454 vidit,
2674 2399 2727 2445 et
2770 2405 3065 2449 conversus
3096 2412 3201 2449 non
3234 2407 3321 2451 est
3355 2415 3366 2450 :
3399 2398 3590 2455 doctor

2002 2473 2120 2545 ejus
2137 2487 2370 2532 mutatus
2385 2488 2468 2534 est
2487 2478 2566 2552 (a)
2585 2521 2601 2545 ,
2633 2491 2688 2536 et
2714 2481 2801 2536 hic
2827 2493 3061 2539 mutatus
3089 2502 3193 2540 non
3226 2497 3309 2543 est
3332 2490 3482 2560 :quis
3509 2490 3583 2544 illi

2009 2571 2290 2638 persuasit,
2321 2572 2429 2625 imo
2456 2574 2574 2641 quis
2599 2572 2672 2627 illi
2701 2582 2904 2630 tantum
2936 2587 3154 2647 repente
3183 2580 3400 2635 immisit
3425 2581 3589 2635 ardo—

2004 2679 2142 2728 rem,
2168 2673 2225 2717 ut
2246 2664 2528 2720 anathema
2549 2681 2648 2735 pro
2670 2666 2886 2723 Christo
2906 2669 3019 2724 fieri
3043 2670 3287 2740 optaret?
3308 2671 3587 2727 Manifesta

2002 2764 2086 2810 cst
2114 2770 2291 2811 rerum
2322 2758 2540 2813 veritas.
2570 2758 2674 2815 Sed
2695 2802 2709 2823 ,
2745 2769 2801 2815 ut
2835 2763 2944 2831 jam
2975 2762 3120 2829 dixi,
3169 2764 3381 2819 interim
3408 2780 3586 2820 eunu-

2002 2848 2159 2902 chum
2206 2848 2447 2905 videntes
2495 2850 2845 2906 illuminatum
2893 2862 2949 2909 et
2988 2854 3250 2925 legentem
3293 2856 3585 2912 erubesca-

2004 2955 2145 2994 mus.
2175 2940 2379 2997 Videtis
2400 2985 2416 3009 ,
2460 2943 2512 2998 in
2540 2955 2738 3014 quanta
2770 2947 3025 3015 potentia,
3059 2947 3110 3001 in
3137 2947 3352 3016 quantis
3385 2948 3588 3005 divitiis

2004 3045 2328 3100 versaretur,
2359 3050 2422 3090 ac
2461 3052 2634 3106 neque
2669 3039 2720 3091 in
2759 3040 2839 3091 via
2869 3039 3220 3107 quiescebat?
3245 3039 3431 3108 Qualis
3457 3055 3588 3112 ergo

2002 3138 2116 3182 erat
2139 3126 2304 3192 domi,
2327 3130 2419 3200 qui
2444 3145 2513 3185 ue
2532 3131 2585 3185 in
2614 3131 2696 3184 via
2718 3131 2935 3200 quidem
2958 3131 3255 3188 otiarctur?
3279 3133 3451 3203 qualis
3470 3141 3591 3188 erat

2004 3220 2056 3275 in
2087 3220 2287 3277 nocte?

2074 3313 2130 3366 4.
2161 3312 2433 3383 Quotquot
2456 3313 2508 3368 in
2539 3313 2886 3385 dignitatibus
2910 3317 3069 3377 estis.
3100 3316 3302 3381 audite,
3332 3326 3389 3373 et
3416 3318 3601 3372 ἰιιιίῑιιι-⁸

2003 3404 2133 3459 ηιἰηί
2166 3405 2519 3461 humilitatem
2554 3415 2610 3461 et
2638 3408 2906 3475 pietatem.
2943 3409 3052 3463 Etsi
3090 3408 3309 3463 domum
3346 3417 3590 3464 reverte-

2004 3506 2171 3560 retur,
2204 3512 2309 3550 nou
2351 3496 2562 3551 dicebat
2598 3497 2735 3552 intra
2767 3500 3155 3567 semetipsum:
3185 3499 3368 3555 Redeo
3406 3500 3460 3553 in
3489 3515 3592 3570 pa-

2007 3590 2199 3655 triam,
2244 3589 2315 3643 ibi
2362 3589 2574 3644 lavacro
2617 3599 2762 3656 utar;
2806 3599 2864 3645 ut
2900 3588 3254 3661 sunt‘frigida
3298 3593 3590 3646 multorum

2005 3683 2188 3739 verba.
2224 3680 2338 3736 Non
2364 3697 2499 3751 opus
2517 3681 2702 3737 habuit
2720 3684 2891 3754 signis
2917 3701 3017 3739 nec
3044 3685 3313 3739 miraculis
3343 3704 3354 3737 :
3388 3700 3449 3740 ex
3476 3685 3594 3739 solo

2006 3774 2263 3845 propheta
2308 3774 2556 3830 credidit.
2592 3776 2794 3831 Idcirco
2822 3777 3055 3847 seipsum
3086 3778 3326 3846 deplorat
3360 3777 3589 3840 Paulus,

2006 3868 2191 3923 dicens
2215 3886 2229 3922 :
2262 3868 2368 3924 Sed
2395 3870 2792 3924 misericordiam
2820 3869 2919 3925 Dei
2946 3882 3276 3941 consequutus
3312 3889 3443 3939 sum,
3475 3872 3595 3941 quia

2006 3960 2246 4030 ignorans
2275 3962 2372 4032 feci
2393 3963 2448 4015 in
2475 3962 2861 4030 incredulitate,
2889 3973 2938 4017 et
2963 3974 3017 4016 ut
3040 3965 3093 4016 in
3127 3979 3206 4016 me
3236 3964 3399 4033 primo
3424 3973 3591 4017 osten-

2007 4053 2144 4106 deret
2167 4053 2319 4107 Jesus
2345 4052 2573 4107 Christus
2598 4070 2795 4107 onmem
2825 4055 3119 4123 patientiam
3148 4054 3223 4124 (l.
3257 4053 3389 4107 Tim.
3418 4055 3470 4108 1.
3501 4054 3593 4108 15.

2009 4145 2123 4216 16).
2158 4146 2357 4215 Dignus
2385 4141 2532 4201 certe
2557 4146 2913 4201 admiratione
2934 4158 3018 4201 est
3044 4147 3131 4201 hic
3153 4147 3449 4201 eunuchus.
3478 4146 3594 4200 Non

2011 4238 2139 4291 vidit
2163 4237 2459 4300 Christum,
2489 4253 2594 4291 non
2626 4239 2756 4291 vidit
2775 4239 2983 4308 signum
3009 4255 3023 4289 :
3056 4238 3230 4291 adhuc
3256 4245 3485 4292 stantem
3507 4235 3596 4290 Je-

2009 4329 2333 4399 t'oSolytuam
2361 4328 2599 4393 videbat,
2631 4336 2685 4380 et
2711 4327 2964 4382 credebat
2991 4327 3253 4395 Philippo.
3287 4324 3440 4382 Unde
3468 4340 3597 4394 ergo

2013 4422 2131 4475 talis
2159 4420 2380 4475 cﬂ'ectus
2403 4421 2525 4475 est?
2551 4410 2788 4474 Sollicita
2820 4428 2937 4474 erat
2959 4420 3133 4473 anima
3165 4419 3327 4484 illius,
3355 4418 3599 4473 attende-

2013 4514 2104 4567 bat
2130 4513 2440 4583 Scripturis,
2473 4513 2791 4568 lectionibus
2821 4526 3040 4581 operam
3064 4512 3244 4566 dabat.
3275 4511 3434 4580 Atqui
3458 4510 3599 4564 latro

2013 4606 2142 4659 vidit
2166 4606 2338 4674 signa,
2370 4616 2424 4660 et
2451 4604 2586 4675 magi
2615 4604 2857 4668 stellam;
2892 4603 2978 4657 hic
3004 4618 3132 4658 vero
3158 4602 3284 4658 nihil
3314 4602 3423 4658 tale
3442 4601 3596 4667 vidit,

2013 4708 2067 4752 et
2095 4696 2321 4753 credidit
2353 4714 2369 4754 :
2397 4712 2566 4765 usque
2596 4696 2733 4750 adeo
2770 4696 2911 4750 utilis
2954 4705 3039 4751 est
3079 4694 3477 4765 Scripturarum
3523 4693 3600 4747 lc—

2013 4789 2139 4842 ctio.
2161 4787 2299 4854 Quid
2318 4802 2417 4857 ego
2443 4787 2674 4842 Paulus?
2693 4802 2870 4841 annon
2892 4787 3066 4856 legem
3089 4785 3474 4842 meditabatur?
3493 4784 3598 4840 Sed

2014 4882 2144 4936 mihi
2172 4881 2384 4936 videtur
2415 4882 2500 4937 hic
2523 4882 2769 4936 consulto
2797 4889 3102 4934 reservatus
3123 4895 3243 4935 esse
3269 4888 3486 4949 propter
3511 4893 3597 4944 ea,

2015 4988 2135 5042 qum
2162 4973 2311 5042 prius
2338 4972 2472 5035 dixi,
2504 4971 2644 5040 quod
2675 4971 2907 5039 undique
2934 4971 3093 5024 vellet
3115 4969 3329 5024 Judmos
3352 4969 3599 5024 Christus

2017 5063 2307 5118 attrahere.
2330 5061 2462 5117 Nam
2480 5063 2524 5117 si
2546 5072 2726 5116 mente
2741 5063 3052 5125 valuissent,
3074 5060 3205 5114 nihil
3222 5061 3352 5130 ipsis
3377 5058 3600 5129 perinde

2018 5166 2177 5226 atque
2202 5156 2304 5210 hoc
2334 5156 2462 5211 utile
2494 5155 2703 5209 fuisset.
2734 5154 2847 5211 Hoc
2868 5155 3011 5208 enim
3042 5154 3159 5222 plus
3187 5167 3345 5220 quam
3376 5151 3523 5219 signa
3543 5158 3602 5205 et

2017 5248 2119 5301 alia
2165 5246 2342 5302 omnia
2391 5255 2598 5315 poterat
2645 5244 2771 5299 illos
2806 5245 3116 5299 attrahere:
3150 5240 3601 5312 quemadmodum

2021 5339 2149 5394 nihil
2182 5339 2252 5393 ita
2277 5338 2415 5394 solet
2438 5337 2789 5392 crassioribus
2814 5335 3135 5391 oll‘endiculo
3163 5347 3302 5388 esse.
3324 5331 3469 5387 ‘Vide
3496 5333 3599 5387 ita-

2020 5450 2125 5503 que
2160 5443 2279 5502 post
2316 5432 2705 5499 dispersionem
2746 5431 3112 5500 apostolorum
3143 5430 3309 5483 Demn
3337 5427 3499 5482 edere
3528 5430 3603 5479 si-

2018 5539 2144 5594 gna.
2177 5521 2606 5578 Criminabantur
2634 5520 2804 5577 Judaei
2834 5522 3127 5592 apostolos,
3156 5518 3515 5588 conjiciebaut
3543 5519 3597 5572 in

2085 5684 2157 5744 (a)
2184 5679 2368 5744 Doctor
2403 5677 2531 5728 Pauli
2557 5676 2790 5744 Gamaliel
2815 5682 3026 5744 mutatus
3048 5674 3197 5744 luisse
3220 5675 3411 5744 dicitur,
3435 5684 3489 5724 ιιι
3505 5691 3599 5744 pu-

2024 5735 2104 5802 to,‘
2115 5735 2227 5805 quia
2251 5741 2446 5790 Judaeos
2469 5742 2721 5800 repressit,
2749 5751 2822 5805 ne
2841 5739 2886 5785 in
2907 5735 3202 5805 Christianos
3221 5742 3467 5797 saevirent,
3488 5735 3599 5785 dum

2024 5798 2195 5858 Paulus
2217 5804 2326 5867 plus
2348 5817 2493 5868 quam
2515 5798 2689 5852 Omnes
2709 5802 2907 5851 saeviret
2929 5798 2977 5849 in
3003 5798 3126 5849 illos.
