4088 6142
424 330 530 386 155

415 456 692 500 carcerem
720 461 734 496 :
761 438 977 493 demum
1008 438 1149 493 Deus
1173 437 1427 493 miracula
1455 439 1582 492 edit.
1617 439 1678 491 Et
1708 434 1998 506 quutttmlo,

424 536 565 589 vide.
595 531 836 586 Educere
861 544 926 585 ex
948 544 1185 597 carcere,
1208 529 1325 598 ejus
1343 530 1553 598 signum
1577 538 1725 593 erat;
1755 527 2005 581 inducere

425 625 758 693 Philippum,
790 622 907 691 ejus
953 622 1164 691 signum
1193 632 1339 687 erat;
1375 621 1593 675 Paulum
1623 620 1846 678 adduci.
1888 619 2005 687 cjus

424 722 633 790 signum
664 726 810 779 erat;
844 715 1075 785 seipsum
1108 713 1381 783 Stephano
1417 712 1731 779 ostendere,
1775 713 1891 779 ejus
1930 713 2005 765 si-

424 827 585 883 gnum
606 819 741 866 erat.
765 811 831 866 Et
851 809 1150 871 considera,
1180 807 1445 879 quomodo
1473 807 1669 861 P.mlus
1694 806 2002 866 honoretnr,

420 902 693 973 quomodo
730 902 1028 957 eunuchus.
1063 899 1157 955 llic
1198 900 1439 954 Christus
1477 908 1717 969 apparet,
1762 897 1898 950 forte
1937 896 2006 949 ob

424 996 674 1052 duritiem
693 1037 709 1062 ,
739 996 859 1067 quia
893 995 997 1049 alio
1028 994 1188 1049 modo
1210 1010 1316 1048 non
1346 1006 1632 1063 persuasus
1656 1000 1818 1046 esset.
1846 990 1899 1042 lu
1925 989 2007 1042 his

426 1105 525 1146 nos
550 1105 764 1161 quoque
795 1088 1066 1145 miraculis
1092 1096 1392 1153 versantes,
1427 1100 1524 1139 nos
1546 1085 1735 1153 dignos
1755 1082 2008 1137 exhibea-

420 1198 566 1239 ‘mus.
602 1183 748 1237 Multi
777 1196 951 1245 nunc,
980 1180 1141 1235 etiam
1173 1180 1224 1233 in
1252 1178 1532 1233 ecclesiam
1568 1174 1789 1245 ingressi
1810 1216 1825 1238 ,
1860 1174 2009 1243 igno-

424 1287 547 1331 rant
573 1291 691 1345 qua:
718 1274 1007 1330 dicuntur:
1038 1270 1315 1327 eunuchus
1339 1278 1517 1323 autem
1544 1278 1598 1323 et
1623 1270 1674 1322 in
1700 1266 1839 1333 foro,
1869 1275 1923 1320 et
1952 1266 2006 1320 in

419 1384 587 1422 curru
620 1378 803 1422 vectus
824 1407 839 1429 ,
878 1365 1091 1421 lectioni
1124 1364 1515 1432 Scripturarum
1546 1360 1872 1415 attendebat.
1902 1358 2008 1415 Sed

431 1475 527 1511 vos
556 1476 659 1513 non
692 1459 815 1513 item
842 1475 853 1509 :
884 1472 1040 1511 nemo
1061 1456 1201 1509 enim
1226 1463 1457 1508 vestrum
1488 1453 1677 1507 librum
1706 1467 1816 1522 pra:
1840 1453 2011 1507 mani~

421 1550 528 1605 hus
555 1551 751 1615 habet,
799 1550 890 1603 sed
922 1548 1099 1602 omnia
1134 1546 1308 1617 potius
1334 1561 1494 1615 quam
1528 1546 1742 1600 librum.
1775 1544 1881 1599 Cur
1912 1560 2009 1597 au-

428 1654 539 1698 tem
580 1659 684 1696 non
716 1642 848 1695 vidit
878 1641 1025 1694 illum
1054 1648 1179 1693 aute
1206 1638 1593 1707 Jerosolymatn
1615 1679 1630 1701 ,
1670 1636 1761 1690 sed
1791 1636 2012 1706 postea?

430 1737 544 1790 Non
576 1736 849 1805 oportebat
876 1734 1022 1788 illum
1053 1732 1237 1789 videre
1267 1731 1446 1801 pulsos
1471 1730 1760 1800 apostolos,
1784 1744 1850 1783 eo
1871 1729 2012 1799 quod

425 1828 608 1882 adhuc
636 1828 875 1881 iulirmus
898 1832 1040 1880 esset
1066 1843 1079 1879 :
1124 1840 1295 1894 neque
1324 1823 1374 1877 id
1401 1830 1555 1876 antea
1585 1823 1652 1875 ita
1682 1820 1837 1877 facile
1863 1830 1977 1875 erat
1997 1861 2011 1885 ,

429 1927 494 1974 ut
513 1933 635 1975 cum
667 1916 925 1988 propheta
957 1916 1105 1972 illum
1132 1914 1378 1970 erudivit.
1407 1912 1497 1970 Sic
1535 1921 1590 1968 et
1618 1927 1789 1978 nunc,
1821 1913 1864 1967 si
1893 1912 2014 1981 quis

431 2021 669 2066 vestrum
696 2010 811 2065 vult
850 2009 1131 2064 attendere
1162 2008 1467 2078 prophetis.
1505 2022 1610 2062 non
1640 2021 1775 2076 opus
1801 2005 2017 2060 habebit

432 2103 618 2172 signis.
654 2102 719 2156 Et
746 2103 788 2156 si
816 2103 975 2156 vultis
1003 2101 1298 2164 videamus,
1330 2100 1453 2171 quid
1488 2100 1597 2170 ipsa
1626 2098 1901 2169 pr0phetia
1929 2096 2015 2152 di-

434 2209 518 2251 cat
543 2214 556 2248 :
591 2196 738 2251 Sicut
768 2196 872 2250 ovis
892 2197 963 2249 ad
991 2196 1290 2249 occisionem
1319 2194 1499 2247 ductus
1524 2203 1595 2247 est
1614 2233 1630 2258 ,
1661 2202 1707 2246 et
1736 2194 1790 2245 in
1813 2191 2019 2245 humili-

436 2298 535 2342 tate
551 2290 659 2358 ejus
675 2288 933 2358 judicium
960 2290 1069 2357 ejus
1093 2286 1348 2341 sublatum
1376 2295 1465 2339 est.
1492 2285 1625 2339 llinc
1644 2284 1847 2350 didicit,
1875 2284 2015 2354 quod

438 2381 721 2434 crucifixus
751 2380 838 2443 sit,
870 2380 1011 2447 quod
1044 2378 1261 2433 tollatur
1285 2378 1352 2433 de
1382 2386 1523 2433 terra
1555 2377 1660 2431 vita
1690 2377 1806 2446 ejus
1829 2417 1844 2439 ,
1877 2375 2018 2446 quod

439 2480 711 2543 peccatum
747 2488 850 2526 non
879 2470 1086 2537 fecerit,
1116 2471 1256 2540 quod
1290 2471 1521 2540 potuerit
1549 2478 1602 2525 et
1624 2470 1760 2524 alios
1779 2484 2016 2534 servare,

437 2564 579 2635 quod
621 2565 899 2633 generatio
943 2564 1056 2633 ejus
1101 2565 1171 2619 sit
1214 2564 1619 2630 inenarrabilis,
1669 2563 1812 2633 quod
1854 2572 2020 2633 petrae

439 2658 622 2712 scissae
651 2658 780 2721 sint,
804 2656 947 2726 quod
976 2659 1152 2711 velum
1182 2656 1407 2712 scissum
1434 2657 1521 2720 sit,
1554 2656 1699 2727 quod
1728 2655 1925 2711 mortui
1953 2669 2021 2709 ex

439 2749 701 2819 sepulcris
728 2751 1119 2804 resurrexct'iut
1145 2769 1159 2803 :
1193 2750 1301 2804 imo
1327 2749 1439 2806 lucc
1465 2751 1644 2806 omnia
1668 2748 1799 2805 dixit
1826 2750 1875 2805 ei
1899 2749 2025 2804 Phi-

384 2858 389 2863 ·
438 2841 633 2911 lippus,
653 2857 716 2895 ex
738 2846 990 2910 propheta
1009 2850 1217 2909 sumpta
1242 2842 1541 2896 occasione.
1569 2841 1753 2909 Magna
1782 2856 1866 2895 res
1892 2855 2021 2909 pro-

438 2934 581 2988 l'ecto
609 2942 691 2988 est
718 2933 1109 3002 Scripturarum
1148 2935 1325 2989 lectio.
1368 2934 1441 2988 lta
1481 2935 1799 3004 implebatur
1834 2933 1961 2987 illud
1991 2949 2021 2987 a

445 3025 626 3096 Moyse
651 3026 850 3080 dictum
879 3044 891 3079 :
926 3027 1139 3087 Sedens.
1168 3028 1220 3081 in
1246 3030 1371 3082 lecto
1403 3027 1609 3091 cubans,
1639 3044 1945 3098 exsurgens,
1977 3037 2023 3081 et

438 3117 739 3183 artibulans,
783 3118 1050 3172 recordare
1098 3117 1308 3172 Domini
1347 3118 1445 3173 Dei
1490 3120 1565 3172 tui
1609 3117 1800 3190 (Deut.
1843 3119 1896 3174 6.
1942 3119 2021 3189 7).

444 3208 669 3265 Maxime
688 3225 913 3281 namque
936 3212 1032 3266 vite
1057 3228 1176 3267 cum
1202 3212 1428 3267 desertae
1450 3222 1592 3277 sunt,
1616 3212 2025 3282 cogitationibus

443 3302 643 3356 nostris
672 3301 801 3356 dant
821 3303 1018 3368 locum,
1048 3304 1262 3357 nemine
1288 3303 1652 3372 perturbante.
1678 3305 1742 3360 Et
1761 3304 1846 3359 hic
1868 3304 1919 3358 in
1943 3306 2025 3360 ria

440 3391 651 3456 credit,
681 3402 735 3448 et
765 3393 961 3448 Paulus
991 3395 1042 3448 in
1073 3395 1189 3458 via;
1225 3394 1318 3450 sed
1356 3394 1498 3450 hunc
1533 3410 1694 3450 nemo
1733 3396 1895 3451 trahit
1924 3395 2026 3450 nisi

438 3484 709 3539 Christus.
743 3486 911 3555 Majus
951 3486 1051 3541 hoc
1075 3496 1224 3552 erat,
1254 3502 1411 3557 quam
1443 3487 1583 3556 quod
1616 3488 1844 3559 apostoli
1878 3486 2025 3542 facc-

440 3586 600 3630 reut:
633 3577 803 3646 majus
834 3593 959 3633 vero
980 3578 1138 3647 quod,
1170 3594 1290 3633 cum
1318 3579 1544 3649 apostoli
1572 3580 1921 3651 Jerosolymis
1940 3595 2028 3635 es-

445 3678 596 3730 sent,
631 3678 685 3721 et
723 3684 786 3722 ex
822 3668 903 3723 his
932 3670 1113 3723 nullus
1149 3680 1291 3724 esset
1322 3670 1599 3737 Damasci,
1642 3672 1841 3727 isthinc
1870 3673 2028 3727 rediit

442 3759 710 3816 credens:
736 3771 790 3813 et
817 3760 906 3827 qui
947 3759 1187 3814 Damasci
1214 3770 1401 3827 erant,
1433 3761 1675 3817 sciebant
1714 3764 1887 3834 ipsum
1920 3779 2026 3819 non

445 3850 796 3919 Jerosolymis
819 3850 1031 3906 venisse
1057 3866 1404 3921 persuasum;
1445 3854 1697 3922 epistolas
1723 3856 1865 3910 enim
1888 3855 2027 3911 lere-

446 3942 556 4006 hat,
585 3951 645 3996 ut
662 3942 944 3998 credentes
971 3943 1176 4014 ligaret.
1202 3944 1352 3999 Sicut
1377 3946 1614 4001 medicus
1639 3948 1894 4016 optimus,
1914 3948 2025 4017 jam

448 4034 658 4101 vigente
686 4032 831 4087 febre
853 4075 869 4099 ,
900 4049 1056 4104 opem
1098 4034 1170 4088 illi
1210 4036 1385 4090 attulit
1422 4032 1708 4093 Christus:
1742 4039 2028 4107 oportebat

447 4126 588 4179 enim
620 4142 741 4180 eum
770 4126 821 4180 in
854 4126 970 4196 ipso
996 4126 1173 4183 furore
1192 4128 1597 4198 comprehendi.
1623 4129 1773 4185 Tunc
1797 4132 2028 4187 maxime

446 4217 663 4282 decidit,
695 4233 759 4272 ac
784 4220 1015 4287 seipsum
1038 4220 1432 4289 condemnavit,
1464 4230 1520 4276 ut
1538 4222 1626 4293 qui
1649 4222 1828 4293 gravia
1856 4230 2028 4279 atten-

448 4322 632 4367 tasset.
678 4313 784 4369 Sed
814 4330 1024 4369 rursum
1053 4329 1217 4386 opere
1264 4317 1493 4385 pretium
1524 4316 1684 4373 fuerit
1720 4335 2024 4375 sermonem

445 4420 739 4459 resumere.
769 4406 897 4470 Cur,
933 4422 1135 4477 quasso,
1168 4408 1491 4476 Scripturae?
1516 4406 1666 4475 Quod
1690 4409 1757 4464 ad
1785 4424 1880 4465 vos
1901 4427 2026 4481 spe—

441 4506 550 4550 ctat
570 4538 583 4558 ,
616 4498 790 4551 ouantia
818 4500 1022 4552 sublata
1049 4508 1193 4554 sunt.
1223 4500 1330 4553 Cur
1356 4501 1617 4555 ecclesia?
1645 4501 1835 4558 Libros
1859 4504 2026 4558 δυσ.»-

444 4591 594 4642 dito:
625 4590 758 4643 forte
786 4606 891 4643 non
924 4592 1026 4643 tale
1051 4590 1308 4659 judicium
1335 4592 1457 4655 erit,
1492 4608 1595 4647 non
1625 4594 1745 4647 talis
1774 4610 1947 4663 pugna.
1969 4597 2024 4653 Si

444 4683 561 4750 quis
590 4682 641 4735 in
672 4681 795 4733 funo
825 4682 1085 4737 defuderit
1106 4682 1243 4744 illos.
1276 4695 1327 4737 et
1352 4700 1457 4738 non
1494 4685 1611 4738 illos
1638 4686 1887 4753 audierit,
1920 4704 2024 4741 non

446 4788 550 4827 tam
575 4774 893 4828 contumelia
918 4773 1102 4839 allicit,
1125 4784 1182 4828 ut
1203 4790 1343 4829 nunc
1367 4777 1444 4830 lit.
1466 4774 1601 4842 Quid
1626 4778 1793 4841 enim,
1819 4794 2022 4847 quaeso,

447 4867 551 4920 illic
567 4864 1044 4920 contumeliostm?
1068 4865 1220 4932 Quod
1245 4867 1364 4920 illos
1384 4867 1668 4922 defoderit.
1687 4868 1823 4935 Quid
1846 4880 2025 4924 autem

447 4961 568 5014 hic?
590 4959 743 5028 Quod
775 4976 877 5014 non
901 4960 1182 5013 audiamus
1205 4960 1345 5015 illos.
1373 4960 1467 5017 Dic
1498 4961 1773 5023 mihi,uter
1798 4965 2027 5018 maxime

444 5053 765 5107 couttmielia
794 5051 956 5107 aflicit
979 5092 992 5115 ,
1040 5052 1128 5121 qui
1160 5052 1336 5107 silenti
1359 5095 1374 5120 ,
1423 5069 1490 5107 an
1522 5056 1609 5124 qui
1642 5055 1875 5126 loquenti
1919 5073 2024 5111 non

446 5144 769 5214 respondet?
795 5144 954 5202 Certe
991 5146 1081 5216 qui
1126 5146 1385 5215 loquenti.
1434 5146 1618 5218 Itaque
1666 5150 1837 5218 major
1884 5167 2025 5206 nunc

443 5246 526 5290 est
566 5237 920 5301 contumelia,
965 5252 1085 5292 cum
1127 5237 1434 5308 loquentem
1475 5255 1582 5294 non
1621 5240 1807 5305 audis,
1854 5244 2027 5312 major

443 5340 799 5398 contemptus.
833 5328 915 5384 Ne
936 5330 1217 5400 loquamini
1257 5330 1398 5383 nobis
1418 5371 1433 5396 ,
1464 5331 1733 5401 quondam
1775 5332 2027 5389 dicebant

446 5422 720 5490 prophetis
745 5420 916 5478 Judaei
948 5440 962 5477 :
995 5437 1091 5476 vos
1117 5433 1292 5477 autem
1324 5423 1476 5494 pejus
1504 5423 1708 5491 facitis,
1741 5425 2021 5481 dicentes:

445 5510 524 5566 Ne
551 5512 838 5583 loquamini
858 5554 875 5581 ,
908 5530 1015 5570 non
1035 5514 1279 5571 facimus.
1308 5515 1387 5569 Illi
1414 5531 1545 5586 ergo
1571 5516 1885 5571 avertebant
1907 5531 2025 5583 eos,

445 5612 506 5657 ut
528 5618 595 5659 ne
621 5604 982 5676 loquerentur,
1007 5609 1159 5679 quasi
1189 5624 1251 5663 ex
1277 5608 1489 5663 illorum
1520 5626 1652 5666 voce
1676 5609 1907 5680 aliquam
1939 5625 2028 5665 ac-

448 5697 699 5767 ciperent
720 5700 926 5768 pietatis
956 5702 1291 5758 occasionem
1320 5720 1333 5756 :
1362 5717 1460 5759 vos
1495 5713 1673 5758 autem
1704 5719 1813 5773 prae
1859 5703 2027 5757 multo

440 5801 749 5861 eontemptu
777 5807 947 5862 neque
975 5792 1074 5849 hoc
1104 5793 1294 5851 facitis.
1325 5792 1553 5861 Credite,
1584 5796 1630 5849 si
1658 5794 1899 5850 manibus
1934 5807 2027 5850 ora

1133 322 1188 377 S.
1229 319 1503 377 JOANNlS
1524 316 1993 375 CllllYSOSTOlll
2036 314 2348 370 Allllllll-ZP.
2388 314 2916 371 CONSTANTINOP.

3598 309 3698 365 l56

2114 433 2459 494 ohturaretis,
2489 448 2595 485 non
2628 441 2769 485 tanta
2792 440 2935 485 esset
2955 428 3274 485 contumelia
3306 435 3498 497 quanta
3531 442 3695 482 nunc.

2115 522 2207 575 Dic
2227 522 2369 575 enim
2398 521 2548 585 mihi,
2577 523 2667 590 qui
2695 521 2838 575 audit
2869 530 2922 575 et
2948 536 3052 574 non
3079 520 3436 588 obtemperat,
3461 531 3700 587 magistre

2111 614 2423 677 Contemnit,
2450 630 2610 684 quam
2636 613 2724 684 qui
2750 630 2854 669 non
2881 613 3066 668 audit?

2182 705 2234 762 5.
2276 706 2377 761 Sed
2404 721 2529 776 age,
2559 706 2932 759 contumeliam
2978 704 3281 773 hujusmodi
3325 703 3691 773 exploremus.

2114 796 2169 852 Si
2199 798 2316 867 quis
2340 814 2461 852 eum
2481 841 2495 863 ,
2520 799 2607 867 qui
2658 799 2978 853 contumelia
3023 797 3206 863 allicit,
3257 801 3530 851 contineat
3554 806 3609 852 et
3639 812 3704 850 os

2113 889 2324 944 obturet
2353 892 2423 955 ei,
2466 901 2735 961 tamquam
2766 907 2906 960 aegre
2937 890 3117 947 ferens
3150 889 3534 954 contumelias;
3566 890 3704 943 alius

2116 998 2242 1037 vero
2288 998 2460 1052 neque
2501 994 2671 1051 curet,
2721 999 2892 1054 neque
2938 984 3219 1038 advertere
3265 984 3550 1038 videatur:
3583 992 3706 1037 uter

2114 1078 2283 1145 magis
2310 1076 2645 1131 contemnit?
2692 1092 2866 1131 annon
2900 1076 3021 1131 hic?
3064 1076 3155 1131 llle
3198 1092 3427 1147 namque
3464 1075 3705 1132 declarat

2114 1184 2174 1224 se
2217 1169 2419 1238 plagam
2464 1169 2744 1239 accipere;
2792 1168 2880 1223 hic
2924 1184 3053 1223 vero
3098 1167 3209 1222 fere
3253 1182 3313 1222 os
3341 1168 3556 1223 obturat
3583 1168 3700 1223 Dei.

2119 1260 2357 1315 Horretis
2382 1260 2584 1315 dictum
2611 1277 2625 1325 ;
2659 1262 2752 1316 sed
2778 1261 2901 1316 audi
2924 1261 3194 1331 quomodo
3226 1261 3327 1315 hoc
3352 1260 3462 1315 fiat.
3490 1259 3585 1326 Os,
3607 1273 3705 1329 per

2117 1354 2255 1424 quod
2305 1356 2536 1424 loquitur
2584 1354 2726 1409 Deus
2751 1398 2765 1419 ,
2797 1370 2860 1409 os
2888 1354 2981 1409 Dei
3011 1364 3112 1409 est.
3168 1355 3317 1408 Sicut
3343 1354 3485 1409 enim
3515 1352 3618 1408 hoc
3641 1368 3705 1408 os

2117 1448 2309 1501 animus
2343 1457 2539 1500 uestrae
2568 1456 2651 1500 cst
2673 1486 2688 1513 ,
2718 1447 2819 1501 etsi
2846 1449 3023 1501 anima
3056 1463 3116 1498 os
3147 1462 3252 1500 nou
3282 1444 3473 1499 haheat
3504 1462 3517 1499 :
3545 1445 3624 1498 sic
3649 1451 3708 1498 et

2118 1553 2178 1592 os
2220 1538 2597 1608 prophetarum
2638 1548 2721 1593 est
2764 1552 2825 1594 os
2874 1539 2991 1593 Dei.
3051 1538 3244 1592 Audite
3287 1547 3342 1592 et
3386 1537 3702 1592 horrescite.

2118 1632 2429 1688 Communis
2456 1641 2539 1687 est
2563 1632 2820 1687 diaconus
2863 1632 2955 1686 ille
2976 1676 2988 1696 ,
3017 1633 3105 1701 qui
3148 1642 3253 1685 stat
3282 1641 3334 1685 et
3360 1631 3576 1695 clamat,
3606 1630 3706 1683 At-

2122 1729 2415 1793 tendamus;
2443 1728 2600 1798 idque
2620 1743 2763 1798 sacpe
2783 1729 2995 1798 repetit.
3022 1729 3146 1781 llaec
3170 1743 3269 1780 vox
3288 1727 3537 1782 Ecclesia:
3560 1741 3710 1780 com-

2122 1822 2299 1875 munis
2330 1831 2431 1887 est,
2460 1830 2512 1876 et
2536 1838 2694 1875 nemo
2720 1821 2966 1875 attendit.
2996 1821 3120 1874 Post
3150 1821 3295 1875 illum
3324 1820 3508 1888 incipit
3535 1819 3711 1874 lector

2123 1915 2456 1984 prophetiam
2491 1916 2636 1969 Isaia:
2666 1934 2679 1969 :
2710 1930 2883 1985 neque
2908 1917 2984 1969 sic
3006 1915 3234 1970 attendit
3276 1914 3538 1984 quispiam
3560 1954 3572 1977 ,
3602 1914 3707 1968 etsi

2124 2007 2401 2079 prophetia
2455 2008 2744 2063 humanum
2786 2007 2916 2061 nihil
2956 2006 3171 2063 habeat.
3225 2005 3425 2061 Deinde
3475 2002 3710 2059 auditori

2123 2099 2400 2163 enuntiat,
2434 2097 2561 2153 ch
2612 2100 2731 2152 dicit
2778 2098 3064 2163 Dominus;
3113 2098 3401 2168 nullusque
3452 2095 3707 2154 attendit.

2124 2190 2262 2258 Quid
2289 2191 2449 2246 dico?
2495 2190 2796 2246 Tremenda
2827 2192 3070 2261 qumdam
3101 2200 3154 2246 et
3178 2188 3444 2244 horrenda
3483 2198 3664 2244 narrat
3693 2206 3709 2243 :

2126 2299 2297 2354 neque
2314 2284 2453 2337 ullus
2471 2292 2556 2337 est
2575 2284 2663 2352 qui
2683 2284 2941 2337 atteudat.
2963 2281 3157 2337 Verum
3179 2280 3304 2351 quid
3326 2280 3509 2336 dicunt
3527 2278 3713 2333 multi?

2127 2375 2354 2444 Semper
2380 2374 2563 2428 eadem
2604 2375 2747 2444 legit.
2782 2374 2895 2428 lloc
2922 2372 3151 2427 maxime
3176 2388 3270 2426 vos
3302 2372 3494 2441 perdit.
3522 2370 3577 2426 Si
3610 2371 3711 2423 ita—

2125 2482 2229 2538 que
2252 2466 2341 2520 illa
2370 2466 2599 2531 sciretis,
2625 2481 2795 2536 neque
2820 2466 2898 2520 sic
2921 2473 3194 2534 oporteret
3224 2464 3391 2519 averti
3422 2480 3435 2516 :
3464 2461 3709 2533 quando-

2127 2560 2339 2630 quidem
2373 2560 2424 2613 in
2457 2559 2679 2635 theatris
2731 2558 2917 2613 eadem
2954 2558 3067 2628 ipsa
3095 2571 3309 2628 semper
3355 2556 3510 2620 ﬁunt,
3538 2569 3715 2624 neque

2131 2663 2305 2707 tamen
2331 2652 2619 2707 satiamini.
2644 2651 2834 2720 Qualia
2863 2650 3043 2707 dicere
3070 2650 3255 2715 audes,
3278 2649 3367 2720 qui
3394 2664 3461 2704 ne
3479 2647 3718 2718 prophe-

2130 2754 2302 2800 tarum
2334 2745 2551 2801 nomina
2602 2745 2816 2815 quidem
2864 2745 3043 2799 nosti?
3090 2743 3208 2799 Non
3237 2749 3290 2798 te
3322 2743 3480 2813 pudet
3504 2741 3708 2806 dicere,

2130 2847 2182 2892 te
2212 2837 2332 2892 ideo
2362 2853 2469 2892 non
2497 2837 2699 2901 audire,
2731 2837 2852 2907 quia
2878 2835 3067 2891 eadem
3092 2850 3307 2904 semper
3335 2835 3596 2905 leguntur,
3621 2832 3713 2901 qui

2130 2945 2197 2984 ne
2227 2932 2442 2985 nomina
2465 2930 2680 3000 quidem
2706 2930 3025 3000 scriptorum
3053 2930 3213 2993 nosti,
3243 2928 3365 2983 licet
3387 2928 3475 2981 illa
3498 2941 3716 2994 semper

2129 3022 2349 3078 audias?
2389 3021 2520 3077 Nam
2554 3032 2606 3077 tu
2637 3037 2848 3093 quoque
2875 3022 3183 3087 confiteris,
3214 3021 3400 3077 eadem
3441 3021 3552 3089 ipsa
3585 3018 3713 3072 dici.

2130 3115 2242 3184 Ego
2252 3115 2294 3171 si
2311 3125 2359 3170 te
2373 3114 2672 3170 accusando
2691 3115 2803 3169 haec
2820 3114 3094 3177 dixissem,
3114 3122 3384 3183 oporteret
3405 3120 3457 3167 te
3472 3111 3537 3166 ad
3556 3110 3714 3165 aliam

2130 3206 2493 3261 defensionem
2519 3205 2829 3276 confugere,
2857 3215 2912 3260 et
2937 3221 3043 3260 non
3063 3205 3130 3260 ad
3152 3206 3542 3259 accusationem
3573 3212 3717 3258 tuam

2131 3300 2331 3355 venire.
2368 3299 2463 3354 Dic
2487 3300 2638 3366 mihi,
2661 3314 2839 3354 annon
2860 3300 3119 3354 admones
3140 3299 3304 3354 lilium
3332 3296 3522 3352 tuum?
3550 3296 3605 3351 Si
3631 3295 3717 3350 di-

2131 3399 2277 3447 ceret
2304 3393 2424 3459 ille,
2452 3393 2679 3462 Semper
2716 3394 2937 3459 eadem;
2971 3409 3147 3447 annon
3199 3403 3414 3462 putares
3442 3401 3721 3445 contume-

2132 3483 2254 3537 liam
2281 3485 2444 3539 esse?
2487 3483 2639 3539 Tunc
2664 3500 2763 3554 par
2791 3494 2935 3540 esset
2962 3501 3065 3539 nou
3098 3484 3285 3540 eadem
3332 3483 3530 3549 dicere,
3556 3483 3600 3537 si
3629 3482 3719 3537 illa

2132 3580 2412 3645 sciremus,
2444 3588 2498 3634 et
2527 3579 2778 3649 operibus
2818 3579 3227 3642 exhiberemus;
3257 3578 3364 3631 imo
3396 3592 3569 3646 neque
3590 3585 3719 3630 tunc

2132 3673 2399 3744 superﬂua
2457 3673 2614 3729 lectio
2659 3681 2822 3728 eSset.
2871 3672 3005 3739 Quid
3056 3687 3151 3742 par
3200 3669 3522 3724 Timotheo?
3565 3670 3722 3723 Atta-

2135 3781 2254 3821 men
2285 3764 2363 3820 illi
2390 3765 2630 3820 scribens
2671 3763 2865 3819 Paulus
2904 3763 3154 3817 dicebat:
3204 3760 3416 3816 Attende
3443 3759 3647 3815 lectioni
3669 3767 3723 3812 et

2133 3860 2469 3915 exhortationi
2494 3858 2583 3929 (1.
2612 3855 2747 3911 Tim.
2777 3859 2826 3911 4.
2861 3857 2978 3925 15).
3013 3855 3193 3925 Neque
3224 3856 3367 3910 enim
3393 3861 3573 3923 potest
3601 3866 3723 3904 um-

2133 3966 2289 4021 quam
2318 3964 2509 4006 sensus
2548 3949 2946 4019 Scripturarum
2977 3946 3249 4001 exhauriri
3280 3964 3293 3998 :
3324 3943 3444 3999 fons
3487 3954 3571 3999 est
3612 3942 3719 3995 im-

2134 4057 2372 4100 mensus.
2430 4044 2618 4098 Dicere
2647 4044 2856 4102 solent,
2889 4041 3041 4107 Novi,
3070 4040 3336 4111 inquiunt,
3364 4048 3419 4093 et
3451 4048 3561 4093 tum
3586 4035 3722 4091 mihi

2136 4136 2361 4193 effluxit.
2383 4136 2557 4193 Vultis
2576 4137 2876 4200 ostendam,
2905 4135 3021 4190 haec
3046 4151 3152 4189 non
3182 4150 3301 4191 esse
3329 4133 3555 4190 eadem?
3580 4132 3726 4201 Quot

2135 4232 2329 4301 putatis
2371 4247 2437 4286 ex
2474 4230 2775 4300 Evangeliis
2816 4229 3066 4298 loquutos
3116 4230 3273 4284 esse?
3313 4228 3421 4284 Sed
3448 4228 3502 4283 hi
3530 4242 3723 4282 omnes

2133 4338 2267 4379 nova
2293 4323 2535 4393 qutedam
2561 4323 2836 4378 dixerunt.
2882 4322 3093 4389 Quanto
3123 4323 3266 4377 enim
3303 4322 3474 4391 magis
3516 4320 3569 4375 in
3614 4319 3724 4375 illis

2134 4426 2398 4482 versatur,
2429 4424 2579 4471 tanto
2599 4418 2809 4472 acutius
2839 4416 3005 4482 videt,
3042 4426 3190 4471 lauto
3232 4416 3498 4486 puriorem
3528 4415 3725 4485 aspicit

2134 4510 2326 4564 lucem.
2347 4509 2485 4563 Ecce
2508 4518 2706 4578 quanta
2736 4509 2876 4563 dico.
2902 4508 3040 4577 Quid
3066 4519 3148 4563 est
3175 4507 3491 4579 prophetia?
3517 4506 3678 4561 dicite
3705 4527 3721 4564 :

2134 4601 2257 4670 quid
2300 4601 2702 4656 enarrationcs?
2742 4602 2869 4672 quid
2919 4602 3203 4673 parabola?
3253 4600 3378 4671 quid
3430 4601 3726 4671 allegoria?

2132 4693 2258 4763 quid
2308 4695 2499 4765 typus?
2530 4694 2654 4765 quid
2710 4695 3046 4765 symbolum?
3094 4695 3221 4762 quid
3268 4693 3578 4763 evangelia?
3608 4692 3725 4749 Hoc

2138 4801 2263 4839 vero
2285 4796 2486 4840 tantum
2511 4787 2636 4839 mihi
2667 4786 2846 4850 dicite,
2877 4786 3016 4855 quod
3048 4787 3251 4840 clarum
3279 4796 3360 4842 est
3380 4828 3395 4853 ,
3423 4800 3520 4840 cur
3547 4785 3725 4840 Evan-

2132 4878 2267 4947 gelia
2295 4878 2433 4932 dicta
2460 4879 2624 4931 sunt?
2649 4877 2809 4946 Atqui
2835 4892 2977 4946 smpe
3012 4877 3257 4941 audistis,
3283 4878 3425 4948 quod
3448 4876 3723 4945 evangelia

2134 4971 2263 5024 nihil
2308 4979 2555 5025 ntmstnm
2588 4969 2783 5024 habere
2808 4969 3041 5023 debeant
3069 4988 3083 5022 :
3113 4970 3228 5025 hzcc
3271 4987 3400 5024 vero
3427 4970 3594 5024 multa
3621 4984 3723 5023 au-

2133 5064 2374 5117 steritate
2421 5062 2573 5132 plena
2621 5061 2786 5115 sunt?
2812 5059 2957 5131 Ignis
2992 5062 3199 5116 illorum
3230 5079 3329 5116 non
3355 5062 3720 5132 extinguetur,

2134 5156 2323 5225 inquit,
2352 5166 2396 5209 et
2422 5156 2599 5209 vermis
2643 5171 2814 5209 eorum
2846 5171 2947 5208 non
2972 5156 3214 5209 morietur
3254 5154 3458 5227 (Marc.
3489 5154 3544 5210 9.
3575 5153 3718 5221 ιδῃ

2134 5246 2364 5314 tlludquc
2390 5286 2406 5313 ,
2438 5245 2712 5300 Dissecabit
2741 5262 2877 5314 eum,
2917 5254 2963 5300 et
2988 5256 3137 5316 ponet
3166 5246 3445 5316 portionem
3469 5244 3581 5315 ejus
3605 5259 3723 5297 cum

2133 5337 2407 5407 hypocritis
2450 5337 2672 5407 (Matth.
2716 5336 2811 5392 ‘24.
2859 5338 2996 5407 51);
3029 5347 3086 5393 et
3117 5337 3266 5404 illud,
3316 5337 3506 5391 Dicet:
3534 5334 3723 5390 Nescio

2132 5445 2240 5495 vos,
2268 5428 2507 5482 discedite
2530 5445 2561 5481 a
2590 5446 2687 5492 me,
2710 5432 2796 5502 qui
2839 5432 3117 5499 operamini
3156 5432 3471 5503 iniquitatem
3499 5428 3629 5503 (Id.
3664 5431 3717 5483 7.

2132 5523 2204 5577 2‘5
2224 5522 2267 5590 ).
2300 5522 2463 5593 Igitur
2486 5539 2555 5579 ne
2580 5522 2906 5592 decipiamus
2922 5526 3299 5596 nosmetipsos,
3330 5534 3578 5596 putantes
3604 5524 3722 5578 lucc

2130 5613 2324 5671 Graeco
2346 5629 2496 5669 mere
2518 5613 2643 5670 dici.
2663 5615 2873 5671 Nihilne
2899 5616 3012 5672 haec
3030 5617 3095 5672 ad
3127 5632 3226 5673 nos
3243 5618 3267 5671 τ
3286 5617 3394 5672 Vos
3418 5632 3548 5671 vero
3567 5614 3717 5669 surdi

2134 5705 2286 5771 estis,
2310 5715 2363 5760 et
2379 5706 2529 5775 quasi
2552 5706 2760 5761 attoniti
2778 5717 2939 5777 caput
2962 5709 3249 5765 inclinatis.
3272 5708 3559 5779 Evangelia
3580 5705 3716 5759 nihil

2137 5794 2338 5853 habere
2375 5795 2572 5853 debent
2618 5811 2826 5867 eorum,
2856 5814 2972 5871 qua:
3000 5800 3201 5871 agenda
3245 5808 3386 5870 sunt,
3418 5797 3513 5857 sed
3542 5798 3720 5854 solum
