4084 6174
288 360 386 432 153

1401 354 1468 409 IN
1506 351 1688 411 ACTA
1724 346 2272 407 APOSTOLORUM.
2301 348 2544 408 HOMIL.
2583 347 2707 403 XIX

3604 346 3720 405 ιεε

284 470 615 538 ἀποστόλοις,
647 468 896 525 ἐνέϐαλον
937 471 1018 534 είς
1075 470 1470 544 δεσμωτήριον
1525 469 1711 524 λοιπὸν
1741 469 1769 522 6
1801 466 1932 531 Θεὸς
2036 466 2308 537 λέγοντες·
2336 468 2429 539 Μὴ
2456 467 2690 528 λαλεῖτε,
2746 463 2808 519 06
2848 465 3128 536 ποιοῦμεν.
3197 463 3425 521 Ἐκεῖνοι
3469 464 3569 535 μὲν
3612 462 3721 519 οὖν

284 558 701 631 θανματουργεῐ.
747 559 858 613 K01
891 557 1030 621 πῶς,
1077 558 1202 630 690°
1235 557 1309 611 T6
1345 557 1648 625 ἐξενεγκεῖν
1691 553 1800 609 ἀπὸ
1835 552 1936 624 τῆς

284 645 543 716 φυλακῆς,
577 645 742 703 αὑτοῦ
770 648 1000 719 σημεῖον
1017 640 1107 719 ἦν’
1132 646 1194 700 τὸ
1217 646 1445 715 ἀγαγεῖν
1471 643 1755 710 Φίλιππον,
1777 640 1941 695 αὑτοῦ

286 733 508 803 σημεῖον
529 728 615 803 ἦν·
641 732 704 786 06
755 732 969 789 Παῦλον
1003 730 1472 805 προσαγαγέσθαι,
1507 731 1671 786 006006
1718 730 1944 799 σημεῖον

285 814 366 892 ἦν·
393 819 454 873 06
477 818 643 885 651560
668 820 926 893 Στεφάνῳ
988 820 1201 887 ἑαυτὸν,
1249 819 1412 874 αὑτοῦ
1441 820 1665 890 σημεῖον
1713 812 1802 889 ἦν.
1835 813 1945 871 Καὶ

288 906 493 972 σκόπει,
524 907 643 972 πῶς
674 908 775 979 μὲν
793 910 1023 981 τιμᾶται
1052 920 1081 950 ι
1116 907 1348 974 Παῦλος,
1381 906 1497 973 πῶς
1525 907 1583 961 δέ
1613 909 1643 961 6
1668 904 1941 975 εὐνοῦχος.

301 989 559 1047 Ἐνταῦθα
577 993 672 1045 καὶ
706 994 736 1046 6
776 992 1014 1058 X90006;
1044 992 1314 1062 φαίνεται,
1365 992 1495 1056 ἴσως
1531 990 1621 1046 διά
1668 989 1732 1044 06
1782 987 1949 1058 σκλη-

284 1078 393 1148 ρὸν,
428 1078 524 1134 00001
564 1079 648 1133 600
682 1080 785 1134 0600
820 1080 890 1135 ἀν
938 1080 1115 1144 ἄλλως
1166 1079 1416 1151 ἐπείσθη.
1461 1078 1682 1142 Τούτοις
1729 1077 1949 1145 ἐνστρε-

286 1166 506 1237 φὸμινοι
535 1169 631 1222 καὶ
651 1169 812 1241 ἡμεῖς
840 1171 955 1233 τοῖς
1010 1166 1303 1241 θαύμασιν,
1351 1167 1535 1236 ἀξίους
1575 1165 1801 1228 ἑαυτοὺς
1840 1180 1947 1217 πα-

282 1255 733 1327 ρασκευάσωμεν.
792 1255 985 1311 Πολλοὶ
1034 1254 1130 1311 νῦν
1178 1256 1299 1310 ούδέ
1348 1256 1430 1317 είς
1485 1252 1783 1323 ἐκκλησίαν
1831 1252 1948 1305 εἱσ-

288 1344 479 1409 ιόντες,
528 1345 633 1399 0600
681 1345 829 1398 ῐσασι
877 1345 948 1399 τὰ
993 1343 1281 1416 λεγόμενα⁹
1336 1345 1369 1397 6
1415 1342 1472 1396 δὲ
1526 1338 1803 1412 εὐνοῦχος,
1850 1339 1949 1394 0001

282 1430 368 1484 ἐπ’
395 1431 629 1502 ἀγορᾶς,
663 1433 757 1486 καὶ
779 1431 871 1486 ἐπὶ
919 1432 1197 1503 ὀχήματος
1231 1430 1550 1502 φερόμενος,
1589 1431 1658 1500 τῇ
1695 1427 1946 1497 ἀναγνὼ-

283 1534 366 1571 σει
400 1519 513 1573 τῶν
538 1517 769 1589 Γραφῶν
823 1521 1131 1590 προσεῖχεν.
1206 1517 1345 1571 Ἀλλ’
1392 1518 1492 1589 οὐχ
1537 1517 1715 1587 ὑμεῖς’
1774 1516 1948 1578 οὐδεὶς

283 1605 391 1677 γὰρ
427 1606 585 1677 ὑμῶν
613 1606 814 1678 βιϐλίον
850 1606 962 1678 ἔχει
1007 1605 1146 1675 μετά
1193 1609 1406 1678 χεῖρας,
1439 1604 1580 1660 ἀλλά
1607 1604 1787 1658 πάντα
1819 1602 1949 1675 μᾶλ-

284 1692 371 1748 λον
401 1692 438 1765 ἢ
477 1692 540 1747 τὸ
589 1692 812 1765 βιϐλίον.
860 1694 961 1749 Διά
1001 1694 1054 1748 τί
1109 1693 1168 1749 δέ
1208 1694 1286 1766 μὴ
1336 1694 1444 1767 πρὸ
1493 1692 1602 1748 τῶν
1656 1691 1949 1765 Ἰεροσολύο

288 1799 402 1852 μων
463 1783 569 1855 ἐρᾷ
623 1782 809 1848 αὑτὸν,
866 1782 1003 1838 ἀλλά
1039 1783 1177 1855 μετὰ
1221 1782 1438 1849 ταῦτα;
1475 1782 1589 1836 0600
1637 1781 1745 1838 ἔδει
1786 1781 1949 1837 αὐτὸν

288 1866 415 1919 ἰδεῖν
463 1866 860 1938 ἐλαυνομένους
914 1866 1042 1933 τοὺς
1072 1866 1565 1937 ἀποστόλους,ηδιά
1608 1867 1671 1920 τὸ
1722 1865 1949 1928 ἀσθενὲς

284 1951 383 2006 600°
413 1952 538 2007 0666
589 1953 855 2026 πρότερον
885 1953 1058 2019 οὕτως
1098 1951 1167 2027 ἦν
1195 1953 1437 2020 εὕκολον,
1474 1954 1550 2019 ὼς
1568 1955 1660 2009 ὅτε
1684 1954 1713 2008 6
1737 1954 1949 2026 προφή-

281 2056 381 2111 της
416 2040 449 2082 ιι
487 2040 645 2096 αὐτὸν
694 2042 1026 2114 κατήχησιν.
1075 2042 1233 2097 Οὕτω
1287 2042 1383 2097 καὶ
1414 2041 1531 2108 νῦν,
1573 2041 1628 2095 εί
1669 2058 1755 2105 τις
1793 2040 1947 2112 ὑμῶν

282 2128 459 2184 ἐθέλοι
526 2129 817 2200 προσέχειν
868 2132 981 2195 τοῖς
1034 2132 1346 2203 προφήταις
1368 2168 1387 2197 ,
1439 2130 1501 2184 06
1557 2130 1807 2201 δεήσεται
1853 2146 1949 2201 ση-

285 2215 477 2286 μείωνο
511 2217 604 2269 καὶ
626 2218 673 2271 εί
700 2215 976 2287 βούλεσθε.
1008 2217 1181 2291 αὐτὴν
1224 2218 1325 2291 τήν
1376 2218 1713 2290 προφητείαν
1749 2216 1948 2287 ἴδωμεν

281 2301 335 2356 τί
360 2319 550 2374 φησιν.
595 2303 694 2370 Ὠς
745 2304 1047 2373 πρόϐατον
1096 2303 1199 2359 ἐπὶ
1229 2304 1479 2376 σφαγὴν
1505 2303 1686 2374 ἤχθη,
1737 2303 1836 2357 καὶ
1879 2301 1951 2356 ἐν

282 2387 355 2458 τῇ
382 2389 741 2446 ταπεινώσει
767 2391 956 2448 αὑτοῦ
984 2393 1024 2457 ἠ
1066 2393 1271 2461 κρίσις
1293 2392 1479 2448 αὐτοῦ
1512 2391 1684 2460 ἤρθη.
1737 2388 1950 2445 Ἐντεῦ-

279 2476 373 2532 θεν
404 2477 635 2550 ἐμαθ-ν,
654 2480 736 2535 ὃτι
761 2479 1105 2551 ἐσταυρώθη,
1138 2480 1220 2535 δτι
1261 2480 1474 2552 αἴρεται
1504 2479 1611 2534 ἀπὸ
1637 2480 1737 2550 τῆς
1762 2478 1869 2550 γῆς
1913 2480 1948 2548 ἡ

279 2562 394 2637 ζωὴ
426 2564 618 2625 αὐτοῦ.
640 2568 722 2621 ὅτι
750 2568 1027 2639 ἁμαρτίαν
1056 2568 1158 2622 0600
1195 2568 1473 2638 ἐποίησεν,
1527 2567 1609 2622 ὅτι
1640 2566 1826 2639 ἴσχυσε
1856 2568 1950 2620 καὶ

277 2650 504 2724 ἐτέρους
531 2654 723 2719 σῶσαι,
758 2655 841 2710 ὃτι
871 2657 905 2726 ή
946 2655 1112 2725 γενεά
1157 2656 1322 2710 αὑτοῦ
1353 2653 1507 2727 [159]
1540 2654 1950 2727 ἀνεκδιήγητος,

277 2739 360 2794 600
392 2741 597 2812 πέτραι
641 2742 979 2813 ἐρῤἀγησαν,
1020 2743 1104 2797 ὅτι
1151 2743 1213 2797 06
1260 2743 1661 2812 καταπέτασμα
1702 2742 1951 2814 ἐσχίσθη,

275 2826 358 2880 600
387 2830 577 2898 νεκροὶ
601 2830 667 2882 ἐκ
689 2828 797 2883 τῶν
820 2829 1103 2901 μνημείων
1119 2830 1456 2903 ἠγέρθησανο
1478 2831 1679 2901 μᾶλλον
1704 2830 1762 2884 δὲ
1784 2830 1954 2883 ταῦτα

278 2915 465 2970 πάντα
486 2911 640 2970 εἶπεν
688 2917 840 2988 αὐτῷ
882 2918 912 2970 6
935 2917 1223 2982 Φίλιππος,
1261 2918 1423 2987 μόνον
1478 2917 1733 2973 ὑπόθεσιν
1774 2916 1955 2971 λαϐὼν

275 2999 389 3054 ἀπὸ
417 3001 520 3055 τοῦ
553 3004 854 3074 προφήτου.
879 3002 1043 3072 Μέγα
1070 3003 1238 3068 ὅντως
1262 3005 1297 3075 ή
1327 3002 1436 3057 τῶν
1452 3003 1686 3075 Γραφῶν
1709 3004 1958 3073 ἀνάγνω·

277 3105 380 3153 σις.
408 3089 611 3152 Οὕτως
645 3091 823 3143 ἐκεῖνο
874 3088 1179 3163 ἐπληροῦτο
1229 3090 1291 3145 06
1334 3090 1488 3162 παρὰ
1533 3091 1627 3146 τοῦ
1677 3092 1956 3158 Μωῦσέως

276 3178 602 3251 είρημένον·
635 3174 1055 3248 Καθεζόμενος,
1072 3179 1174 3232 καί
1197 3178 1627 3250 κοιταζόμενος.
1665 3180 1764 3237 καὶ
1792 3179 1957 3235 διαν-

277 3266 637 3334 ιστάμενος,
694 3263 794 3318 καί
840 3263 1200 3335 περιπατῶν,
1247 3267 1528 3337 μέμνησο
1575 3267 1798 3335 Κυρίου
1847 3267 1955 3323 τοῦ

279 3350 432 3406 Θεοῦ
486 3366 630 3407 σου.
679 3353 933 3408 Μάλιστα
973 3355 1084 3425 γάρ
1124 3357 1180 3409 αί
1220 3355 1354 3423 6601,
1401 3356 1531 3410 ὅταν
1586 3355 1782 3429 ἐρημοι
1826 3351 1952 3421 ὦσι,

275 3438 368 3490 0001
400 3436 552 3511 πρὸς
579 3437 681 3504 τάς
732 3441 943 3505 ἐννοίας
974 3443 1107 3513 ήμῑν
1156 3444 1349 3516 καιρὸν
1379 3454 1404 3484 ο
1430 3443 1687 3507 διδόασιν,
1743 3445 1955 3510 οὐδενὸς

272 3522 432 3589 θντος
459 3524 563 3580 τοῦ
597 3528 1080 3601 παρενοχλοῦντος.
1142 3531 1254 3585 Καὶ
1283 3523 1440 3596 οὗτος
1469 3533 1528 3586 ἐν
1550 3531 1654 3605 ὀδῷ
1688 3533 1952 3597 πιστεύει,

274 3611 369 3665 0001
411 3610 638 3679 Παῦλος
664 3615 723 3669 ἐν
763 3612 889 3678 ὁδῶ·
915 3614 1053 3674 ἀλλά
1080 3616 1272 3672 τοῦτον
1324 3616 1499 3682 οὐδεὶς
1543 3618 1716 3681 ἐλκει,
1763 3619 1877 3672 ἀλλ’
1926 3621 1956 3673 6

274 3696 544 3771 Χριστός.
580 3700 803 3781 ⁹Μεῖζον
843 3700 877 3774 ή
926 3702 1068 3758 κατά
1107 3706 1234 3769 τοὺς
1275 3705 1609 3771 ἀποστόλους
1660 3706 1820 3762 τοῦτο
1863 3704 1953 3779 ἦν·

273 3784 334 3841 τὸ
368 3788 429 3842 δὲ
478 3788 692 3861 μεῖζον,
726 3790 808 3845 600
837 3790 946 3846 τῶν
993 3792 1307 3848 ἀποστόλων
1346 3794 1517 3850 ὅντων
1558 3796 1618 3851 ἐν
1657 3793 1955 3867 Ἰεροσολύ-

276 3891 420 3945 μοις,
447 3879 551 3933 καὶ
593 3878 810 3944 οὐδενὸς
860 3880 1013 3946 ὄντος
1060 3883 1126 3936 ἐκ
1173 3881 1378 3937 τούτων
1419 3885 1478 3938 ἐν
1527 3884 1827 3956 Δαμασκῷ,
1861 3887 1960 3941 ἐπ·-

273 3964 429 4035 ανῄει
459 3965 679 4020 ἐκεῖθεν
704 3967 967 4030 πεισθείςο
1003 3968 1099 4023 καὶ
1128 3970 1178 4024 οί
1216 3971 1277 4023 ἐν
1322 3969 1601 4042 Δαμασκῷ
1625 3970 1842 4043 ᾔδεσαν,
1874 3972 1955 4025 ότι

271 4051 372 4107 οὐκ
412 4053 537 4107 ἀπὺ
611 4053 999 4125 Ἰεροσολύμων
1039 4052 1174 4127 ἦλθε
1228 4056 1613 4128 πεπεισμένος·
1666 4056 1956 4122 ἐπιστολάς

273 4140 383 4211 γὰρ
430 4142 659 4215 ἔφερεν,
709 4142 851 4197 ὥστε
879 4144 1038 4215 δῆσαι
1081 4145 1211 4210 τοὺς
1258 4145 1634 4210 πιστεύοντας.
1687 4147 1955 4217 Καθάπερ

276 4228 465 4305 10096;
500 4233 748 4305 ἄριστος,
780 4233 1120 4306 ἀκμάζοντος
1152 4234 1233 4289 ἔτι
1257 4236 1353 4290 τοῦ
1378 4235 1640 4308 πυρετοῦ,
1674 4237 1736 4290 τὸ
1758 4237 1960 4308 βοήθη-

276 4335 352 4388 μα
382 4320 543 4392 αὐτῷ
580 4321 860 4392 ἐπήγαγεν
913 4323 942 4375 6
970 4320 1224 4391 Χριστός
1257 4322 1366 4377 ἔδει
1418 4323 1529 4396 γάρ
1554 4324 1717 4379 αὐτὸν
1752 4324 1955 4395 μεταξῦ

276 4409 619 4481 μαινόμενον
642 4408 1065 4481 κατασχεθῆναι.
1108 4409 1243 4463 Τότε
1273 4410 1509 4479 μάλιστα
1537 4410 1830 4476 κατέπεσε,
1862 4411 1958 4467 0001

272 4496 535 4566 κατέγνω
590 4493 809 4561 ἐαυτοῦ,
865 4497 944 4561 ὡς
996 4494 1146 4549 δεινά
1206 4484 1535 4567 τολμῶντος.
1583 4496 1745 4551 Ἀλλά
1794 4497 1959 4552 πάλιν

272 4583 436 4639 καλὸν
462 4584 616 4658 1096;
644 4585 788 4657 ὑμᾶς
808 4586 899 4640 τὸν
927 4584 1085 4654 λόγον
1125 4584 1506 4641 ἐπαναλαϐεῖν.
1563 4585 1718 4652 Τίνος
1751 4587 1955 4655 ἕνεκεν,

272 4672 393 4727 είπέ
432 4689 558 4745 μοι,
604 4675 661 4728 αἱ
686 4674 935 4747 Γραφαίς
975 4674 1050 4729 T6
1091 4674 1199 4746 γὰρ
1221 4675 1487 4747 ὑμέτερον
1533 4675 1718 4748 μέρος,
1779 4677 1958 4733 πάντα

271 4758 577 4836 ἀνῄρηται.
603 4761 763 4828 Τίνος
797 4763 982 4818 ἐνεκεν
1015 4762 1310 4835 ἐκκλησία;
1369 4763 1702 4835 Κατάχωσον
1748 4765 1819 4820 τά
1875 4767 1956 4836 βι-

274 4846 396 4906 ϐλία
435 4849 490 4891 ἀ·
532 4849 680 4921 τάχα
738 4850 802 4904 06
837 4850 1077 4907 τοιοῦτον
1104 4854 1301 4925 κρίμα,
1331 4853 1392 4906 o6
1455 4852 1681 4924 τοιαύτη
1713 4852 1954 4918 κόλασις.

274 4932 339 4987 Εἰ
359 4952 448 5001 τις
476 4936 862 5007 καταχώσειεν
885 4938 1023 4991 αὕτά
1055 4940 1112 4992 ἐν
1138 4939 1354 5010 κόπρῳ,
1386 4938 1483 4993 καὶ
1519 4938 1596 5011 μὴ
1641 4938 1830 4994 ἀκούοι
1857 4942 1957 4995 006-

269 5023 399 5089 τῶν,
429 5028 541 5097 οὐχ
587 5025 762 5089 οὕτως
800 5026 938 5081 αύτά
991 5026 1223 5099 ὑϐρίζει,
1268 5028 1347 5092 ὡς
1401 5026 1517 5084 νῦν.
1572 5026 1637 5085 Τί
1666 5029 1796 5102 γὰρ,
1832 5029 1956 5083 είπέ

275 5124 384 5178 μοι,
415 5113 484 5167 τὸ
515 5112 847 5185 ὑϐριστικὸν
873 5114 1024 5179 ἐκεῐς
1078 5115 1200 5169 Ὀτι
1223 5115 1361 5170 αὐτὰ
1390 5117 1690 5189 κατέχωσε.
1744 5118 1811 5172 Τί
1868 5118 1957 5173 601

270 5199 512 5257 ἐνταῦθα
535 5220 554 5270 ;
589 5203 713 5257 Ὅτι
745 5203 846 5257 0600
872 5202 1138 5273 ἀκούομεν
1164 5204 1364 5258 αὐτῶν.
1419 5205 1554 5261 Εἰπέ
1586 5224 1696 5278 μοι,
1722 5206 1802 5271 τίς
1828 5216 1957 5263 ποτε

271 5289 516 5357 μάλιστα
553 5288 880 5361 ὕδρίζεται;
910 5290 1040 5344 ὃταν
1070 5290 1385 5356 σιωπῶντος
1417 5292 1490 5363 μὴ
1514 5293 1896 5366 ἀποκρίνηται,
1921 5294 1956 5367 ἦ

268 5375 400 5435 ὅταν
426 5379 731 5449 λέγοντοςς
769 5379 994 5441 Πάντως
1020 5379 1151 5434 ὅταν
1182 5378 1452 5450 λέγοντος.
1483 5380 1645 5438 Ὥστε
1693 5382 1893 5454 μείζων
1920 5385 1952 5456 ή

272 5462 429 5537 ὕϐρις
454 5468 585 5529 νῦν,
623 5466 752 5521 ὃταν
792 5468 887 5522 καὶ
942 5466 1314 5538 φθεγγομένου
1349 5467 1424 5539 μὴ
1463 5467 1720 5543 ἀκούσῃς,
1755 5472 1956 5541 μείζων

268 5555 301 5622 ἡ
324 5555 773 5626 καταφρόνησις.
801 5555 898 5625 Μὴ
936 5555 1177 5611 λαλεῖτε
1203 5554 1370 5625 ἡμῖν,
1405 5554 1562 5624 φησὶ,
1615 5556 1780 5612 πάλαι
1827 5559 1958 5614 ’1ου-

267 5639 406 5697 ἇαίοι
433 5646 558 5708 τοῖς
604 5644 909 5716 προφήταις
936 5644 1141 5714 ελεγονο
1197 5645 1355 5716 ὑμεῖς
1407 5643 1464 5699 δὲ
1496 5646 1679 5716 χεῖρον
1733 5649 1956 5714 ποιεῖτε,

330 5834 360 5866 ³
407 5834 560 5884 Unus
713 5831 917 5896 σημεῖον
947 5831 1180 5896 ἧνᾈορα
1207 5832 1309 5888 πῶς
1348 5831 1430 5896 μὲν
1468 5836 1677 5896 τιμᾶται.
1745 5831 1795 5896 by
1823 5831 1959 5884 Unus

270 5897 373 5944 md.
425 5900 501 5946 ατε
527 5912 541 5922 ·
586 5892 679 5941 οὐκ
704 5891 973 5956 εὔκολος
1019 5891 1079 5941 ‘0
1098 5891 1191 5956 γὰρ
1209 5891 1465 5956 προφήτης.
1522 5891 1557 5924 ⁸
1582 5893 1755 5956 Morel.
1782 5895 1957 5954 ἐννοίας

273 5958 402 6021 ἡμῶν
428 5955 637 6019 καιρὸν.
701 5952 728 5993 ἀ
756 5953 889 6003 Unus
909 5952 1137 6014 ἐκκλησία
1160 5952 1177 6017 ξ
1205 5952 1349 6014 δῆσον
1383 5955 1442 6003 τα
1465 5954 1636 6018 βιϐλία.

2041 554 2386 627 ἀπέστρεφον
2424 555 2622 617 αὐτοὺς
2659 550 2796 624 μηδέ
2826 551 3181 621 φθέγγεσθαι,
3214 552 3291 617 ὡς
3346 551 3454 608 ἀπὸ
3477 552 3577 622 τῆς
3598 569 3729 622 φωσ-

2045 643 2141 714 νῆς
2165 641 2446 713 δεχόμενοί
2473 658 2595 696 τινα
2641 638 2928 703 εὐλαϐείας
2963 639 3238 711 ἀφορμήνο
3311 641 3469 711 ὑμεῖς
3527 639 3630 717 δέ,-
3645 640 3725 714 ἐκ·

2043 731 2248 803 πολλῆς
2276 732 2738 803 καταφρονήσεως
2759 726 3058 785 οὐδὲτοῦτο
3086 732 3309 785 ποιεῖτε.
3353 729 3550 784 Πιστεύ
3562 746 3727 793 σατε,.

2042 821 2092 874 εί
2119 819 2189 873 τὰ
2219 819 2466 893 στόματα
2488 821 2617 897 ἡμῖν
2645 816 2998 890 ἐνεφράξατε,
3020 816 3119 879 τάς
3141 820 3327 888 χεῖρας
3356 818 3631 882 ἐπιθέντες
3661 829 3708 883 ο,

2043 908 2144 961 0600
2169 903 2238 979 ἦν
2263 906 2501 979 τοσαύτη
2520 909 2554 979 ή
2584 906 2739 979 ὕϐρις
2759 908 2857 977 ὅση
2881 904 2996 960 νῦν.
3018 905 3155 960 Είπὲ
3175 905 3287 977 γάρ
3313 923 3427 978 μοι,
3452 909 3479 960 6
3500 905 3725 959 ἁκούων
3802 906 3811 910 ’

2046 996 2139 1049 0001
2174 996 2251 1065 μὴ
2313 994 2658 1067 πειθόμενος,
2713 993 2976 1067 μειζόνως
3030 995 3380 1065 καταφρονεῖ,
3433 992 3523 1065 ήό
3578 991 3719 1064 μηδέ

2042 1080 2260 1136 ἀκούων
2279 1098 2295 1148 ;

2116 1173 2177 1223 ε’.
2212 1166 2371 1222 Ἀλλά
2423 1167 2554 1240 φέρε
2587 1168 2681 1221 ἐπὶ
2731 1166 2938 1239 ὕϐρεως
2974 1165 3038 1220 06
3070 1166 3303 1238 πρᾶγμα
3350 1164 3715 1236 ἐξετάσωμεν

2046 1253 2116 1309 Et
2153 1271 2238 1319 00;
2286 1255 2379 1310 τὸν
2429 1253 2721 1326 ὑϐρίζοντα
2778 1255 3036 1325 κατέχοι,
3091 1253 3187 1308 0001
3254 1252 3593 1325 ἐπιστομίζοι
3643 1252 3727 1317 ὡς⁴

2045 1341 2228 1411 ἀλγῶν
2277 1343 2398 1408 ταῖς
2437 1341 2679 1413 ὕϐρεσιν,
2721 1340 2907 1412 ἕτερος
2962 1341 3020 1395 δὲ
3069 1340 3204 1413 μηδὲ
3262 1339 3535 1410 φροντίζοι
3584 1340 3721 1410 μηδὲ

2046 1431 2414 1502 προσποιοῖτο,
2441 1430 2527 1494 τίς
2569 1429 2769 1500 μᾶλλον
2795 1430 3145 1501 καταφρονεῖ;
3177 1428 3276 1500 οὐχ
3307 1422 3497 1493 0600;;
3541 1428 3719 1481 Ἐκεῖ-

2047 1535 2138 1583 νος
2190 1518 2291 1589 μέν
2346 1516 2456 1590 γάρ
2506 1517 2785 1589 ἐμφαίνει,
2838 1517 2921 1570 ὅτι
2990 1516 3205 1588 πληγὴν
3254 1516 3505 1587 δέχεται·
3567 1510 3721 1582 οὕτος

2046 1605 2106 1660 δέ
2155 1605 2437 1677 μονονουχὶ
2460 1605 2523 1661 06
2571 1606 2748 1677 στόμα
2776 1604 3078 1675 ἐμφράττει
3103 1604 3199 1659 τοῦ
3235 1603 3392 1659 Θεοῦ.
3432 1604 3723 1676 Ἐφρίξατε

2045 1692 2110 1745 06
2166 1692 2364 1765 ρηθέν;
2418 1692 2558 1747 Ἀλλ’
2610 1694 2776 1749 ἀκουε
2825 1693 2922 1749 καὶ
2986 1690 3106 1756 πῶς
3156 1690 3314 1746 τοῦτο
3363 1690 3589 1761 γίνεται.
3650 1689 3725 1745 Τὸ

2048 1780 2241 1851 στόμα,
2284 1780 2351 1834 δι’
2389 1774 2451 1835 οὗ
2486 1782 2514 1835 6
2549 1780 2682 1844 Θεὸς
2713 1779 3029 1850 φθέγγεται,
3071 1779 3247 1851 στόμα
3285 1781 3403 1835 ἐστὶ
3434 1777 3531 1832 τοῦ
3562 1776 3719 1832 Θεοῦ.

2047 1868 2316 1940 Καθάπερ
2360 1868 2469 1940 γὰρ
2505 1868 2666 1923 τοῦτο
2706 1868 2769 1922 06
2805 1869 2980 1938 στόμα
3017 1868 3117 1940 τῆς
3154 1867 3335 1939 ψυχῆς
3387 1868 3544 1939 ἡμῶν
3584 1868 3723 1931 ἐστι,

2048 1955 2223 2012 καίτοι
2249 1955 2426 2028 ψυχῆς
2472 1956 2572 2011 0600
2599 1955 2829 2027 ἐχούσης
2859 1955 3072 2027 στόμα·
3123 1955 3267 2009 οὕτω
3295 1954 3389 2008 0001
3432 1954 3496 2008 τὸ
3550 1952 3729 2025 στόμα

2046 2044 2157 2100 τῶν
2194 2043 2490 2117 προφητῶν
2547 2045 2721 2116 στόμα
2772 2043 2892 2099 ἐστὶ
2934 2042 3030 2096 τοῦ
3084 2041 3240 2098 Θεοῦ.
3288 2041 3581 2097 Ἀκούσατε
3633 2043 3728 2101 καὶ

2049 2132 2295 2206 φρίξατε.
2321 2132 2516 2196 Κοινὸς
2545 2131 2810 2195 διάκονος,
2832 2130 3068 2201 ἔστηκεν
3104 2130 3134 2184 6
3160 2128 3404 2194 διάκονος
3446 2129 3591 2201 μέγα
3635 2128 3729 2200 βο-

2047 2219 2124 2275 ῶν
2155 2220 2252 2274 καὶ
2282 2217 2474 2287 λέγων·
2511 2217 2910 2287 Πρόσχωμεν·
2946 2214 3216 2270 καὶτοῦτο
3243 2213 3523 2278 πολλάκις.
3562 2212 3731 2270 Ἐκεί-

2048 2324 2113 2379 νη
2148 2307 2183 2378 ὴ
2212 2307 2363 2379 φωνή
2385 2305 2540 2377 κοινὴ
2569 2304 2670 2376 τῆς
2710 2303 3038 2376 Ἐκκλησίας
3069 2304 3241 2368 ἐστὶν,
3291 2303 3358 2375 ῆν
3389 2296 3544 2367 οὗτος
3577 2299 3727 2375 [160]

2050 2393 2265 2465 ἀφίησι,
2297 2392 2587 2458 000106601;
2610 2394 2639 2446 6
2676 2393 2980 2465 προσέχων.
3023 2392 3158 2446 Μετ’
3210 2393 3416 2445 ἐκεῖνον
3440 2389 3667 2461 ἄρχεται
3699 2391 3731 2443 6

2050 2480 2401 2554 ἀναγνῶστης
2437 2483 2536 2553 τῆς
2566 2480 2899 2553 προφητείας
2945 2480 3168 2534 Ἡσαΐου
3191 2494 3206 2509 ·
3255 2478 3353 2532 καὶ
3401 2478 3525 2533 οὐδὲ
3584 2475 3729 2534 οὕτω

2053 2572 2315 2641 προσέχει
2341 2587 2425 2632 τις
2447 2608 2463 2635 ,
2524 2570 2701 2624 καίτοι
2730 2568 3039 2640 προφητεία
3057 2567 3211 2621 οὐδὲν
3232 2564 3574 2638 ἀνθρώπινον
3591 2564 3726 2636 ἔχει.

2051 2653 2188 2714 Εἶτα
2229 2659 2308 2720 είς
2348 2658 2582 2728 ἐπήκοον
2613 2659 2846 2726 ἐκφωνεί
2873 2655 3069 2724 λέγων,
3115 2654 3269 2709 Τάδε
3300 2653 3464 2723 λέγει
3493 2652 3727 2720 Κύριος,

2053 2749 2150 2804 0001
2197 2747 2318 2807 οὕδέ
2362 2747 2506 2802 οὕτω
2556 2747 2811 2818 προσέχει
2868 2763 2974 2809 τις.
3015 2745 3080 2799 Τί
3123 2744 3300 2812 λέγω;
3344 2742 3558 2814 Φοϐερά
3606 2758 3731 2796 τινα

2052 2835 2384 2907 διεξέρχεται
2433 2835 2528 2889 0001
2573 2833 2841 2905 φρικώδη,
2871 2834 2966 2886 καὶ
3008 2832 3135 2886 οὐδέ
3181 2829 3355 2895 οὕτως
3409 2828 3525 2884 ἔστι
3557 2846 3640 2893 τις
3694 2830 3731 2882 6

2056 2923 2357 2996 προσέχων.
2394 2921 2553 2976 Ἀλλὰ
2594 2922 2678 2986 τίς
2729 2923 2758 2976 6
2803 2920 2959 2989 λόγος
2984 2919 3095 2974 τῶν
3118 2919 3357 2986 πολλῶν;
3394 2918 3528 2984 ‘Ae1,
3570 2918 3727 2989 φησὶ,

2055 3012 2124 3066 τὰ
2156 3011 2295 3065 αὐτὰ
2332 3009 2784 3078 ἀναγινώσκεται.
2821 3009 2992 3063 Τοῦτο
3032 3008 3269 3080 μάλιστα
3319 3008 3463 3079 ὑμᾶς
3489 3006 3725 3061 ἀπόλλυ-

2057 3115 2162 3154 σιν.
2195 3100 2258 3153 Εἱ
2294 3099 2392 3170 μὲν
2430 3094 2523 3152 οὖν
2551 3098 2725 3170 ᾔδειτε
2772 3097 2932 3161 αὐτὰ,
2986 3097 3220 3167 μάλιστα
3258 3095 3357 3165 μὲν
3390 3094 3513 3149 οὐδὲ
3556 3094 3729 3156 οὕτως

2055 3187 2355 3258 ἀπέχεσθαι
2390 3187 2528 3241 ἔδειο
2591 3186 2714 3241 ἐπεὶ
2773 3186 2867 3240 καὶ
2921 3186 2981 3240 ἐν
3024 3188 3137 3249 τοῖς
3183 3184 3433 3256 θεάτροις
3476 3184 3564 3238 ἀεὶ
3603 3183 3622 3223 Ι
3662 3183 3729 3239 τὰ

2055 3277 2194 3329 αὐτά
2223 3275 2450 3339 γίνεται,
2490 3275 2583 3330 καὶ
2632 3275 2782 3342 ὅμως
2812 3276 2873 3328 06
2925 3273 3233 3344 λαμϐάνετε
3268 3273 3451 3345 κόρον.
3490 3274 3622 3327 Ποῖα
3657 3271 3728 3327 τὰ

2054 3362 2195 3418 αύτά
2222 3364 2426 3436 τολμᾷς
2453 3365 2645 3428 εἰπεῖν,
2677 3365 2705 3417 6
2746 3362 2883 3434 μηδὲ
2920 3362 3029 3417 τῶν
3057 3359 3353 3434 προφητῶν
3385 3361 3455 3415 τά
3485 3360 3729 3432 ὀνόματα

2056 3448 2250 3515 είδὼςς
2285 3451 2401 3503 O60:
2433 3448 2665 3521 αίσχύνῃ
2709 3448 2881 3519 λέγων
2911 3448 3010 3519 μὲν
3033 3446 3121 3502 διὰ
3146 3446 3304 3500 τοῦτο
3360 3448 3435 3520 μὴ
3485 3445 3726 3511 ἀκούειν,

2053 3535 2242 3607 ἐπειδὴ
2276 3534 2347 3589 τὰ
2376 3534 2514 3589 αύτά
2543 3536 2629 3589 6ιεῖ¹
2657 3534 3127 3605 ἀναγινώσκεται,
3170 3534 3270 3588 0600
3297 3534 3451 3599 εἰδὼς
3497 3533 3554 3588 δὲ
3605 3533 3728 3589 ούδέ

2051 3623 2124 3679 τά
2151 3622 2389 3694 ὀνόματα
2428 3623 2536 3685 τῶν
2585 3623 3130 3694 ἀναγινωσκομένων,
3183 3623 3279 3678 0001
3332 3620 3503 3677 ταῦτα
3539 3620 3629 3676 ἀεὶ
3658 3622 3729 3678 τά

2054 3710 2193 3765 αὐτὰ
2223 3710 2469 3777 ἀκούων;
2524 3712 2635 3765 Καὶ
2677 3712 2786 3782 γὰρ
2838 3712 2905 3764 σὺ
2954 3710 3332 3783 ὡμολόγησας,
3366 3711 3450 3764 ὃτι
3493 3710 3562 3764 τά
3589 3709 3730 3765 αὐτὰ

2054 3798 2268 3868 λέγεται
2303 3799 2349 3852 ⁸.
2405 3797 2544 3867 Ἐγὼ
2593 3801 2642 3852 εί
2701 3799 2884 3868 ελεγον
2935 3799 3017 3864 είς
3052 3800 3385 3872 κατηγορίαν
3439 3797 3730 3871 προφέρων

2053 3886 2232 3953 τοῦτο,
2269 3885 2330 3939 σὲ
2377 3886 2544 3958 ἐχρῆν
2590 3887 2674 3957 ἐφ’
2709 3886 2900 3960 ἑτέραν
2944 3886 3240 3956 ἀπολογίαν
3288 3885 3483 3951 ἐλθεῖν,
3522 3885 3598 3957 μὴ
3635 3883 3731 3938 ἐπὶ

2053 3973 2153 4046 τήν
2181 3974 2513 4045 κατηγορίαν
2534 3974 2634 4047 τὴν
2660 3975 2781 4047 σήν.
2810 3974 2945 4028 Εἰπέ
2982 3991 3094 4046 μοι,
3126 3974 3191 4027 σὺ
3217 3974 3278 4027 06
3319 3975 3606 4045 παραινεῖς
3647 3968 3729 4042 τῷ

2054 4060 2156 4132 υίῷ
2182 4059 2260 4133 τῷ
2297 4061 2408 4133 σῷ;
2461 4061 2560 4115 Ἂν
2587 4058 2681 4116 οὖν
2707 4056 2860 4126 οὕτος
2885 4063 3037 4135 είπῃ,
3077 4061 3159 4119 ὅτι
3198 4060 3309 4115 ’Δεὶ
3334 4061 3403 4115 τὰ
3429 4059 3590 4125 αὐτὰ,
3619 4054 3732 4131 ἄρα

2053 4149 2154 4219 οὐχ
2191 4151 2296 4221 ἡγῇ
2319 4148 2475 4222 ὕϐριν
2503 4144 2671 4217 εἶναις
2712 4149 2845 4203 Τότε
2870 4150 2998 4220 ἐνῆν
3039 4149 3115 4220 μή
3147 4149 3327 4217 λέγειν
3356 4147 3426 4202 τὰ
3455 4146 3615 4212 αὐτὰ,
3637 4147 3727 4201 ὅτε

2054 4234 2196 4290 αὐτὰ
2249 4237 2344 4291 καὶ
2386 4236 2630 4308 ᾔδειμεν,
2658 4236 2754 4289 καὶ
2778 4235 2866 4290 διὰ
2895 4236 3005 4290 τῶν
3039 4236 3216 4305 ἔργων
3258 4232 3726 4305 ἐπεδεικνύμεθαο

2059 4321 2259 4393 μᾶλλον
2285 4323 2342 4375 δέ
2367 4323 2489 4375 οὐδὲ
2519 4321 2642 4374 τότε
2675 4323 2903 4393 περιττὴ
2932 4323 2967 4393 ή
2996 4323 3324 4390 ἀνάγνωσις.
3375 4322 3441 4374 Τί
3464 4319 3727 4392 Τιμοθέου

2058 4409 2211 4477 ἵσονς
2247 4407 2385 4465 Ἀλλ’
2411 4409 2562 4480 ὅμως
2590 4409 2684 4463 καὶ
2729 4407 2924 4479 ἐκείνῳ
2954 4408 3180 4480 γράφων
3213 4410 3243 4462 6
3287 4407 3496 4473 Παῦλος
3537 4408 3689 4479 ἔλεγε
3709 4424 3726 4442 ⁸

2055 4498 2327 4566 Πρόσεχε
2358 4494 2434 4564 τῇ
2463 4493 2820 4565 ἀναγνώσει,
2849 4494 2928 4566 τῇ
2976 4494 3352 4565 παρακλήσει
3382 4497 3435 4550 h.
3484 4498 3558 4551 O6
3618 4497 3727 4569 γὰρ

2056 4583 2223 4649 ἐστιν,
2251 4584 2352 4637 οὐκ
2388 4583 2536 4637 ἐστιν
2565 4582 2953 4654 ἐξαντληθῆναί
2994 4588 3125 4637 ποτε
3150 4584 3241 4637 τὸν
3275 4582 3401 4638 νοῦν
3423 4583 3532 4638 τῶν
3588 4583 3728 4654 Γρα-

2056 4671 2173 4743 φῶν
2196 4687 2212 4704 ο
2245 4673 2393 4745 πηγή
2423 4673 2508 4737 τίς
2546 4673 2693 4725 ἐστιν
2720 4673 2820 4725 ούκ
2851 4672 3047 4743 ἔχουσα
3094 4672 3288 4745 πέρας.
3342 4668 3529 4739 Εἶπον,
3575 4672 3729 4725 Ἔσο-

2056 4761 2276 4835 φίσθην,
2309 4762 2571 4835 φησὶ,καὶ
2594 4761 2714 4816 τότε
2742 4762 2950 4836 ἀπέστη
2977 4762 3072 4817 ἀπ’
3100 4762 3235 4834 ἐμοῦ
3261 4765 3310 4816 ί.
3334 4762 3597 4816 Βούλεσθε
3619 4760 3729 4813 δεί-

2057 4851 2155 4921 ξω,
2181 4853 2262 4906 ὅτι
2307 4853 2406 4906 0600
2434 4851 2547 4906 ἐστι
2575 4851 2644 4906 τὰ
2669 4851 2841 4916 αὐτάς
2897 4851 3104 4915 Πόσους
3156 4849 3405 4922 νομίζετε
3446 4849 3726 4922 εἰρηκέναι

2054 4944 2134 5008 είς
2177 4940 2191 4993 i
2258 4945 2328 4998 τά
2374 4941 2712 5011 Εὕαγγέλια;
2765 4941 2905 4995 Ἀλλ’
2956 4934 3103 4995 οὗτοι
3166 4941 3366 5003 πάντες
3410 4938 3576 5008 ξένως
3631 4939 3729 4991 καὶ

2056 5030 2257 5096 καινῶς
2284 5027 2453 5085 εἷπον.
2481 5030 2633 5102 ὐσῳ
2658 5028 2767 5101 γὰρ
2799 5031 2863 5085 ἄν
2897 5047 2981 5094 τις
3010 5031 3194 5093 αὐτοῖς
3220 5027 3550 5099 ἐνδιατρίϐῃ,
3601 5042 3727 5079 τοσ-

2053 5118 2196 5191 ούτῳ
2220 5117 2472 5190 ὀξύτερον
2506 5116 2715 5187 βλέπει,
2743 5119 2981 5189 τοσούτῳ
3007 5117 3167 5171 πλέον
3211 5118 3312 5189 ὁρᾷ
3338 5115 3396 5169 06
3428 5114 3540 5185 φῶς
3566 5113 3728 5168 καθα-

2057 5208 2170 5281 ρόν.
2207 5206 2338 5261 Ἰδοὺ
2370 5205 2510 5258 πόσα
2540 5205 2714 5273 λέγειν
2764 5204 2830 5258 Τί
2866 5207 2983 5259 ἐστι
3016 5207 3358 5278 προφητεία;
3390 5203 3615 5257 εἴπατεο
3669 5202 3724 5257 τί

2054 5297 2173 5349 ἐστι
2221 5294 2582 5364 διηγήματα;”
2631 5292 2682 5345 τί
2732 5294 2849 5347 ἐστι
2914 5294 3227 5364 παραϐολή;
3269 5292 3323 5346 τί
3362 5295 3507 5347 ἐστιν
3562 5289 3725 5363 ἀλλη·

2055 5383 2249 5456 γορία;
2294 5381 2348 5435 τί
2376 5382 2489 5435 ἐστι
2512 5380 2710 5447 06100;;
2733 5380 2785 5433 τί
2809 5382 2927 5433 ἐστι
2960 5380 3261 5451 σύμϐολον;
3291 5379 3344 5433 τί
3371 5380 3518 5433 ἐστιν
3546 5380 3724 5449 Εὐαγ-

2054 5473 2244 5542 γέλια;
2296 5469 2468 5524 Τοῧτο
2495 5469 2559 5540 δὴ
2590 5471 2748 5539 μόνον
2772 5470 2966 5523 ,εἶπατὲ
3021 5487 3108 5539 μοι
3160 5468 3221 5521 τὸ
3254 5468 3506 5538 φανερὸν,
3548 5467 3636 5522 διὰ
3669 5468 3724 5521 τί

2056 5559 2364 5628 Εὐαγγέλια
2407 5559 2660 5628 είρηται;
2714 5555 2915 5611 Καετοι
2950 5556 3208 5619 πολλάκις
3239 5556 3530 5626 ἠκούσατε,
3552 5556 3724 5610 ὅτιτά

2120 5714 2145 5743 ⁸
2174 5710 2307 5760 Unus
2326 5708 2433 5758 cod.
2452 5706 2612 5771 χεῖρας
2667 5708 3007 5771 προστιθέντες.
3079 5703 3098 5743 ί
3128 5706 3586 5771 ΑΙὶἱΔΘεάτροιςΑ-οὒκ
3628 5707 3719 5756 ἆεί.

2121 5775 2146 5812 κ
2172 5771 2329 5821 Verba
2352 5766 2493 5830 600...
2511 5766 2718 5830 λέγεται,
2750 5772 2922 5817 absunt
2943 5768 3002 5817 ab
3027 5783 3124 5817 uno
3145 5766 3332 5819 codice.
3361 5766 3387 5830 ’γ
3408 5769 3435 5806 ιι
3461 5766 3635 5825 ιιι-τίω,
3661 5773 3723 5830 τῇ

2056 5834 2372 5895 παρακλήσει,
2392 5828 2736 5895 ιΙιισίιίειιἮιιίυι·
2758 5830 2805 5878 iu
2840 5832 3032 5895 eodem.
3102 5830 3118 5869 ί
3162 5831 3327 5890 Εἶπον,
3368 5829 3697 5895 ᾲἘσοφίσθην..

2058 5891 2140 5945 άπί
2166 5893 2296 5948 ἐμοῦ.
2334 5894 2448 5943 Haec
2480 5906 2575 5940 non
2604 5891 2746 5940 video
2777 5893 3018 5952 quomodo
3055 5904 3162 5942 cum
3192 5891 3582 5952 pracedeuubus
3600 5903 3720 5953 qua-

2066 5959 2230 6008 drcul.
2304 5954 2317 6006 ξ
2352 5954 2493 6005 Alius
2516 5954 2656 6002 πόσοι
2676 5956 2882 6014 νομίζετε
2907 5955 3146 6014 εἰρηκασιν
3168 5956 3245 6011 είς.
