4084 6174
389 294 493 357 187

387 413 524 471 bona
546 422 829 469 consulere
852 428 866 467 :
895 410 1009 466 huic
1030 422 1156 465 vero
1173 409 1451 464 innumera
1473 409 1668 464 habent
1692 406 1927 463 iacienda
1949 423 1966 475 ;

386 504 681 578 cuiusmodi
706 513 829 560 sunt
856 503 969 558 h:cc
998 520 1012 556 :
1044 501 1106 557 Si
1128 503 1240 572 quis
1266 514 1369 556 non
1397 502 1504 556 odit
1533 511 1725 570 patrem
1747 516 1893 554 suum
1921 508 1968 553 et

385 606 625 664 matrem,
656 612 758 650 non
795 605 867 649 est
903 611 980 648 me
1009 596 1192 665 dignus
1218 591 1383 665 (Luc.
1426 595 1512 646 Η.
1559 591 1700 660 i6);
1733 601 1818 661 et,
1845 590 1967 645 Non

385 692 497 746 ueni
516 707 691 760 pacem
720 691 915 743 mittere
943 689 996 743 in
1024 699 1231 752 terram,
1263 686 1351 740 sed
1375 684 1604 756 gladium
1626 687 1643 753 (
1662 684 1846 737 Matth.
1874 684 1963 739 10.

383 784 473 839 31.
520 782 643 836 Luc.
679 782 766 838 12.
797 783 858 837 51
883 785 900 851 )
927 798 940 843 ;
992 790 1073 845 ct,
1105 778 1495 833 Tribulationem
1522 778 1574 831 in
1602 778 1789 830 munito
1815 774 1968 829 habe-

384 877 497 931 bitis
522 875 708 946 (Joan.
766 876 850 930 16.
901 872 1024 946 55).
1060 872 1284 928 Pulchra
1314 870 1558 939 quidem;
1585 872 1679 924 sed
1709 885 1814 924 non
1842 877 1966 923 sunt

384 968 676 1038 evangelia.
730 966 1076 1036 Evangelium
1138 978 1366 1033 namque
1412 962 1514 1017 hoc
1556 970 1678 1016 est:
1710 960 1834 1015 Hmc
1872 958 1965 1013 tibi

380 1058 517 1114 mna
543 1068 700 1115 erunt
730 1078 743 1112 :
771 1067 827 1113 ut
853 1059 1027 1113 solent
1057 1056 1302 1111 homines
1332 1055 1471 1109 inter
1495 1068 1554 1109 se
1573 1053 1753 1109 dicere
1783 1071 1797 1107 :
1827 1051 1965 1118 Quid

381 1151 511 1203 mihi
537 1158 616 1206 est
646 1148 1083 1220 evangeliorum?
1108 1156 1259 1217 pater
1299 1155 1422 1200 tuus
1447 1145 1648 1208 veniet,
1676 1144 1760 1198 vel
1795 1152 1966 1197 mater

382 1251 496 1295 tua.
537 1242 653 1297 Non
679 1244 882 1309 dicunt,
915 1242 1037 1295 Haec
1074 1239 1252 1294 facito.
1303 1238 1531 1293 Rursum
1558 1237 1643 1291 dic
1665 1236 1810 1297 mihi.
1837 1235 1962 1305 quid

382 1334 635 1390 ditl'erant
657 1335 770 1390 haec
793 1351 826 1390 a
848 1331 1171 1404 prOpheticis
1195 1351 1209 1389 :
1233 1348 1329 1387 cur
1354 1348 1460 1386 non
1491 1340 1547 1386 et
1574 1331 1659 1384 illa
1691 1331 1961 1400 evangelia

381 1426 674 1484 dicuntur?
711 1441 833 1481 nam
871 1434 927 1482 et
967 1426 1055 1480 illa
1096 1424 1279 1480 eadem
1320 1423 1532 1488 dicunt;
1585 1422 1730 1477 verbi
1778 1437 1956 1483 causa,

381 1517 546 1572 Saliet
592 1518 719 1570 sicut
767 1532 940 1571 cervus
981 1517 1191 1570 claudus
1219 1517 1237 1584 (
1258 1513 1386 1569 Isai.
1442 1515 1532 1570 55.
1566 1514 1637 1585 6)
1669 1535 1682 1569 :
1714 1512 1962 1566 Dominus

379 1608 519 1662 dabit
543 1610 741 1662 verbum
769 1608 1221 1679 euangelizantibus
1265 1605 1450 1680 (Psal.
1498 1605 1585 1660 67.
1636 1604 1738 1674 12)
1770 1623 1782 1658 :
1815 1603 1961 1657 Dabo

377 1704 514 1755 vobis
552 1700 730 1755 ca'lum
771 1717 953 1756 novum
980 1710 1027 1756 et
1057 1712 1243 1755 terram
1268 1697 1635 1772 novam(lsai.
1693 1698 1781 1753 65.
1831 1698 1956 1768 17).

377 1793 484 1846 Cur
525 1808 632 1847 non
658 1801 713 1847 et
745 1792 833 1846 illa
863 1793 1137 1862 evangelia
1180 1791 1475 1846 vocantur?
1518 1805 1614 1845 cur
1641 1806 1749 1845 non
1777 1801 1825 1845 et
1860 1791 1960 1845 hoc

378 1884 650 1954 prophetia
669 1882 903 1939 dicitur?
930 1882 1081 1949 Quod
1108 1884 1153 1937 si
1185 1884 1485 1937 nescientes
1514 1880 1642 1951 quid
1664 1882 1773 1935 sint
1793 1896 1958 1935 evan-

376 1977 510 2045 gelia
531 2018 544 2042 ,
575 1977 654 2030 sic
699 1976 985 2031 lectionem
1034 1974 1431 2044 Scripturarum
1485 1973 1762 2042 despicitis
1784 2014 1799 2039 ,
1829 1974 1957 2043 quid

377 2069 548 2121 dicam
570 2069 758 2123 vobis?
784 2067 960 2123 Dicam
983 2077 1038 2122 et
1056 2067 1201 2121 aliud
1226 2087 1239 2121 :
1264 2064 1372 2121 Cur
1394 2076 1622 2137 quatuor
1638 2067 1959 2135 Evangelia?

375 2175 470 2214 cur
491 2175 594 2213 non
616 2159 840 2214 decem?
858 2174 954 2213 cur
978 2172 1083 2212 non
1108 2157 1293 2228 viginti
1312 2158 1338 2211 τ
1360 2171 1458 2211 cur
1478 2171 1582 2211 non
1612 2156 1760 2210 multi
1786 2157 1958 2210 Evan-

374 2251 508 2323 gelia
537 2253 773 2308 scribere
815 2262 939 2307 sunt
964 2251 1197 2322 aggressi
1224 2252 1276 2305 ‘?
1303 2266 1397 2306 cur
1423 2266 1527 2307 non
1551 2251 1727 2306 unus?
1750 2267 1845 2305 cur
1870 2250 1953 2305 di-

373 2344 603 2415 scipuli?
651 2359 747 2399 cur
801 2359 907 2399 non
959 2343 1018 2411 ii,
1050 2343 1141 2414 qui
1182 2341 1426 2413 discipuli
1464 2357 1571 2397 non
1618 2342 1815 2398 erant?
1860 2357 1958 2394 cur

434 2548 454 2578 ι
491 2547 624 2597 Altus
660 2547 811 2596 habet
830 2583 844 2605 ,
879 2559 966 2596 cur
989 2559 1079 2597 non
1112 2545 1280 2609 viginti
1306 2544 1331 2595 ?
1362 2544 1603 2608 siquidem
1634 2543 1773 2594 multi
1796 2541 1957 2593 conati

375 2615 483 2660 sum
503 2610 730 2659 ordinare
748 2610 1089 2659 narrationem.

1365 294 1430 349 ιΝ
1468 290 1647 347 ACTA
1686 290 2205 347 APOSTOLURUM.
2249 292 2476 350 llOSﬂL.
2520 294 2637 352 ΧΧι.

3550 310 3664 372 158

2076 408 2299 463 omnino
2324 410 2613 480 Scriptura:
2630 411 2653 466 ?
2673 414 2832 483 Atqui
2851 415 3181 479 cputrarium
3201 418 3333 477 dicit
3355 434 3509 482 vetus
3528 426 3611 483 les
3637 445 3663 483 :.

2072 496 2219 554 Dabo
2263 501 2397 555 vobis
2442 501 2813 558 Testamentum
2866 506 3110 579 Nouum(
3129 509 3238 565 Jerz
3267 513 3356 569 51.
3386 514 3519 586 51).
3552 518 3661 577 libi

2070 601 2195 645 sunt
2223 592 2278 654 ii,
2310 593 2401 663 qui
2427 594 2629 662 diuum,
2653 594 2877 665 Semper
2924 599 3149 654 eadem?
3196 601 3253 658 Si
3281 604 3719 670 haecscirettsﬁs"

2070 682 2211 751 quod
2239 683 2282 737 si
2311 683 2471 739 homo
2490 686 2677 741 decem
2698 689 2842 744 mille
2864 691 3020 745 annis
3048 693 3275 763 viveret,
3296 713 3401 752 non
3430 701 3537 756 sint
3565 690 3685 783 ιιι-ξ

2071 792 2192 830 men
2216 779 2426 847 eadem,
2457 780 2572 835 haec
2595 796 2699 836 non
2735 781 3005 838 diceretis.
3033 785 3268 853 Credite,
3295 791 3426 846 nihil
3454 766 3707 851 bonum?"

2069 868 2221 925 vobis
2246 869 2417 924 dicam
2438 912 2454 934 ,
2486 887 2591 926 non
2622 874 2890 943 privatim,
2925 891 3028 930 non
3059 879 3300 947 publice;
3332 884 3426 939 sed
3455 887 3501 940 si
3530 889 3650 957 quis

2069 959 2358 1029 invenerit,
2388 979 2655 1032 annuam;
2684 968 2765 1022 sin
2798 970 2995 1037 minus,
3045 972 3240 1028 sinam.
3272 975 3360 1031 Sic
3390 993 3487 1033 vos
3518 981 3649 1036 feci-

2068 1067 2189 1108 mus
2224 1052 2475 1122 inutiles,
2502 1071 2717 1128 semper
2760 1061 2939 1116 omnia
2970 1071 3214 1134 prompte
3240 1065 3479 1124 dicentes
3503 1113 3519 1135 ,
3551 1086 3663 1128 nec-

2069 1145 2280 1216 quando
2318 1157 2528 1217 oportet
2561 1159 2874 1208 renuentes.
2927 1154 3068 1209 Ecce
3094 1155 3301 1213 habetis
3326 1162 3655 1231 qumstiones

2069 1238 2263 1294 multas
2290 1256 2302 1292 :
2333 1241 2689 1307 considerate,
2715 1242 2877 1300 dicite
2905 1260 3141 1302 causam.
3190 1246 3298 1304 Cur
3325 1251 3657 1323 Evangelia?L

2068 1344 2166 1382 cur
2205 1344 2309 1383 non
2356 1332 2694 1401 prophetite?
2744 1349 2842 1389 cur
2875 1350 2959 1401 ea,
2990 1351 3108 1406 quae
3139 1336 3382 1396 facienda
3426 1353 3571 1412 sunt,
3594 1346 3653 1402 in

2069 1420 2406 1490 Evangeliis?
2459 1423 2528 1478 Et
2572 1424 2615 1477 si
2666 1423 2752 1478 hic
2796 1425 3023 1491 dubitet,
3052 1428 3189 1483 alius
3219 1442 3442 1500 quaerat,
3475 1443 3532 1490 et
3553 1451 3647 1490 sua

2067 1513 2186 1567 aliis
2220 1527 2409 1570 mutuo
2450 1514 2773 1570 conferant:
2806 1515 3021 1573 demum
3051 1533 3148 1574 nos
3173 1521 3468 1579 silebimus.
3514 1525 3653 1581 Nam

2068 1605 2112 1659 si
2154 1605 2297 1660 dicta
2344 1605 2496 1661 vobis
2521 1606 2649 1660 nihil
2682 1607 3014 1676 proluerunt,
3044 1611 3214 1666 multo
3243 1615 3417 1670 minus
3456 1619 3647 1686 prode-

2065 1707 2190 1753 runt
2209 1740 2223 1762 ,
2253 1713 2372 1769 quae
2400 1698 2741 1768 adjicientur.
2796 1699 2928 1757 Vere
2950 1701 3095 1757 dolio
3122 1718 3188 1759 ex
3219 1715 3434 1775 pertuso
3461 1708 3647 1765 hauri-

2066 1804 2187 1843 mus
2216 1806 2230 1843 :
2256 1789 2400 1844 unde
2429 1790 2601 1859 majus
2642 1790 2795 1847 vobis
2833 1792 3147 1862 supplicium
3176 1797 3302 1851 erit.
3350 1796 3477 1853 Ideo
3519 1816 3648 1871 ergo

2068 1881 2380 1935 tacebimus.
2409 1880 2561 1948 Quod
2593 1896 2662 1936 ne
2700 1880 2813 1949 ﬁat,
2838 1883 2891 1936 in
2923 1883 3075 1940 nobis
3105 1886 3263 1941 situm
3291 1897 3391 1944 est.
3419 1890 3474 1946 Si
3501 1893 3644 1946 enim

2064 1973 2119 2027 in
2145 1971 2299 2027 vobis
2322 1971 2555 2026 studium
2608 1972 2919 2038 viderimus,
2953 1974 3090 2032 forte
3121 1978 3312 2034 iterum
3342 1981 3641 2052 loquemur,

2066 2075 2120 2118 ut
2146 2074 2200 2119 et
2226 2079 2325 2119 vos
2351 2064 2520 2134 magis
2540 2080 2602 2119 ac
2627 2066 2796 2136 magis
2820 2069 3022 2137 accepti
3052 2069 3189 2136 sitis,
3214 2082 3270 2126 et
3294 2089 3391 2128 nos
3418 2075 3470 2129 in
3498 2077 3647 2130 vobis

2064 2156 2326 2218 utentur,
2357 2156 2408 2208 in
2438 2155 2686 2209 omnibus
2735 2156 3098 2227 gloriﬁcantes
3151 2161 3316 2218 Deum
3346 2173 3403 2219 ct
3430 2165 3642 2221 Patrem

2065 2247 2276 2302 Domini
2311 2248 2478 2302 nostri
2521 2249 2647 2303 Jesu
2685 2248 2884 2303 Christi
2915 2267 2928 2303 :
2960 2252 3046 2306 cui
3089 2252 3256 2322 gloria
3281 2295 3298 2323 ,
3327 2257 3605 2326 imperium
3627 2301 3643 2324 ,

2064 2340 2454 2409 magniﬁcentia
2481 2351 2538 2396 et
2562 2341 2736 2397 honor
2762 2358 2882 2398 cum
2911 2345 3069 2401 Patre
3097 2349 3360 2418 principio
3388 2362 3643 2418 carente,

2063 2443 2116 2485 et
2145 2433 2259 2501 cjus
2284 2432 2484 2501 Spiritu
2522 2444 2740 2500 sancto,
2773 2451 2914 2490 nunc
2938 2446 2995 2492 et
3020 2453 3256 2509 semper,
3287 2451 3341 2496 et
3366 2441 3419 2496 in
3448 2444 3644 2500 saecula

2062 2524 2400 2579 saeculorum.
2429 2526 2621 2579 Amen.

1754 2808 1961 2870 HOMl
1971 2807 2100 2869 LIA
2142 2806 2293 2867 XX.

375 2957 501 3014 Car.
550 2956 605 3012 9.
647 2972 701 3011 ν.
746 2956 835 3011 10.
883 2954 1007 3008 Erat
1045 2964 1211 3008 autem
1254 2952 1463 3023 quidam
1518 2952 1795 3023 discipulus
1840 2950 1952 3011 Da:

448 3049 637 3115 musci,
662 3048 866 3101 nomine
903 3047 1128 3100 Ananias
1156 3061 1174 3099 :
1205 3053 1250 3099 et
1285 3045 1413 3098 dixit
1451 3044 1520 3097 ad
1560 3043 1704 3097 illum
1748 3044 1800 3097 in
1848 3044 1957 3098 uisu

449 3137 699 3193 Dominus
729 3153 748 3193 :
786 3137 1004 3193 Anania.
1047 3135 1115 3190 Et
1148 3136 1234 3190 ille
1258 3136 1330 3189 ait
1360 3151 1380 3189 :
1421 3134 1551 3188 Ecce
1577 3150 1688 3205 ego,
1718 3133 1948 3188 Domine.

450 3231 538 3285 11.
566 3229 633 3283 Et
657 3229 907 3283 Dominus
930 3230 997 3282 ad
1042 3246 1156 3284 eum
1175 3244 1199 3287 .'
1232 3228 1460 3299 Surgens
1493 3227 1620 3282 vade
1662 3228 1717 3280 in
1756 3229 1951 3291 vicum,

445 3323 534 3391 qui
554 3332 759 3376 vocatur
781 3322 966 3376 Rectus
995 3338 1016 3376 :
1040 3330 1087 3375 et
1108 3337 1275 3392 quaere
1298 3322 1351 3375 in
1378 3321 1527 3375 domo
1545 3320 1701 3375 ludas
1737 3321 1955 3383 Saulum

446 3417 680 3480 nomine,
716 3413 1045 3479 Tarsensem;
1078 3430 1190 3469 ecce
1221 3415 1355 3469 enim
1380 3423 1515 3468 orat.
1545 3413 1632 3469 12.
1668 3412 1737 3467 Et
1763 3413 1882 3466 uidit
1901 3415 1954 3466 in

446 3507 637 3561 visione
659 3507 821 3559 uirum
846 3505 1098 3560 Ananiam
1118 3506 1320 3560 nomine
1346 3506 1679 3560 introeuntem
1705 3515 1751 3559 et
1784 3506 1953 3576 impo-

450 3607 645 3653 nentem
662 3596 757 3653 sibi
776 3613 983 3651 manum
999 3637 1018 3664 ,
1053 3607 1109 3651 ut
1132 3598 1290 3651 visum
1310 3598 1540 3668 recipiat.

372 3734 379 3739 .
449 3693 501 3747 1.
527 3692 637 3747 Cur
682 3692 952 3747 neminem
994 3705 1064 3746 ex
1103 3691 1405 3762 coryphaeis
1442 3690 1700 3759 apostolis
1745 3690 1955 3746 vocavit

378 3783 464 3838 vel
495 3784 640 3840 misit
667 3783 733 3837 ad
761 3782 911 3837 Pauli
955 3781 1380 3838 institutionem?
1406 3782 1538 3849 Quia
1589 3798 1695 3837 non
1742 3790 1956 3853 oporte-

377 3873 472 3929 bat
514 3874 660 3927 illum
693 3889 786 3943 per
816 3872 1094 3937 homines,
1126 3872 1221 3927 sed
1253 3887 1347 3941 per
1374 3872 1544 3942 ipsum
1573 3872 1842 3939 Christum
1882 3873 1955 3926 in-

377 3965 547 4020 stitni.
564 3963 693 4018 Nam
717 3963 804 4019 hic
833 3963 967 4018 nihil
992 3963 1165 4034 ipsum
1195 3960 1404 4029 docuit,
1428 3963 1521 4018 Sed
1551 3972 1750 4018 tantum
1779 3962 1951 4033 bapti-

384 4057 546 4110 zztvit.
579 4055 767 4110 Statim
796 4063 974 4109 autem
1005 4055 1093 4110 ubi
1124 4055 1422 4124 baptizatus
1462 4064 1578 4123 est,
1628 4055 1847 4110 multam
1887 4070 1954 4110 ex

377 4146 496 4199 zelo
518 4152 572 4199 et
602 4144 781 4201 studio
826 4146 992 4203 multo
1038 4144 1139 4201 sibi
1176 4146 1394 4199 attraxit
1436 4145 1665 4215 Spiritus
1704 4147 1947 4216 gratiam.

378 4236 532 4304 Quod
554 4249 731 4293 autem
758 4238 990 4293 Ananias
1018 4253 1084 4293 ex
1139 4238 1517 4309 insignioribus
1554 4247 1734 4306 esset,
1782 4239 1952 4308 palam

377 4341 462 4387 est
489 4347 554 4389 ex
582 4331 647 4386 iis
669 4373 683 4397 ,
708 4347 825 4402 quae
850 4331 951 4401 ipsi
975 4331 1175 4386 revelat
1197 4340 1251 4386 et
1277 4331 1442 4395 dicit;
1471 4332 1702 4402 itemque
1741 4347 1807 4385 ex
1852 4329 1918 4384 iis
1937 4371 1951 4395 ,

378 4440 499 4494 quae
527 4423 620 4478 ille
647 4423 975 4494 respondet,
1029 4422 1216 4477 dicens
1248 4439 1263 4476 :
1294 4423 1381 4477 15.
1425 4421 1670 4487 Domine,
1712 4423 1880 4475 audivi
1923 4439 1956 4474 a

379 4515 553 4569 multis
577 4513 640 4568 de
657 4515 764 4568 uiro
786 4513 913 4580 hoc,
940 4522 1130 4583 quanta
1151 4511 1289 4566 mala
1315 4513 1487 4582 fecerit
1522 4513 1708 4567 sanctis
1754 4512 1851 4566 tuis
1902 4514 1955 4567 in

376 4605 685 4662 Jerusalem.
716 4606 773 4662 Si
805 4607 988 4677 itaque
1019 4606 1244 4660 Domino
1264 4604 1625 4671 contradixit,
1655 4606 1818 4661 multo
1846 4622 1957 4661 ma-

378 4701 460 4770 gis
481 4741 498 4764 ,
529 4700 574 4755 si
598 4701 846 4771 angelum
874 4700 1128 4755 misisset.
1156 4698 1387 4770 Ideoque
1411 4698 1636 4754 antehac
1681 4698 1957 4769 Philippus

338 4784 345 4791 ”
378 4811 487 4850 non
517 4793 758 4861 audivit,
799 4793 926 4865 quid
965 4796 1199 4850 futurum
1239 4803 1418 4860 esset,
1465 4792 1559 4847 sed
1605 4793 1778 4848 solum
1825 4793 1957 4847 vidit

379 4886 628 4956 angelum
656 4903 670 4939 :
697 4894 757 4941 et
796 4886 875 4941 sic
926 4886 1155 4955 Spiritus
1193 4884 1349 4955 jubet
1390 4884 1540 4939 illum
1566 4883 1862 4946 accedere,
1903 4891 1959 4939 et

377 4980 560 5034 currui
589 4977 819 5033 haerere.
851 4977 949 5034 ilic
974 4994 1100 5034 vero
1127 4978 1339 5035 interim
1379 4985 1578 5032 metum
1622 4976 1738 5046 ejus
1778 4976 1955 5030 succi-

379 5069 480 5138 dit,
510 5083 576 5124 ac
596 5069 642 5124 si
669 5069 873 5123 diceret
900 5085 914 5120 :
945 5067 1082 5123 Ecce
1106 5078 1243 5135 orat,
1272 5082 1446 5124 caecus
1471 5076 1574 5135 est,
1603 5076 1658 5122 et
1683 5076 1737 5122 tu
1766 5066 1957 5124 times?

382 5161 457 5217 ita
483 5172 540 5217 et
580 5160 793 5234 Moyses
842 5160 1012 5214 timet.
1064 5160 1244 5229 Itaque
1295 5160 1454 5215 verba
1507 5159 1745 5214 timentis
1789 5161 1957 5224 magis

379 5263 507 5308 sunt
525 5290 547 5321 ,
572 5266 732 5322 quam
757 5265 864 5306 non
890 5250 1179 5306 credentis.
1209 5249 1276 5304 Et
1299 5251 1421 5305 audi
1462 5251 1621 5306 verba
1658 5251 1771 5320 ipsa
1798 5268 1811 5306 :
1841 5250 1957 5305 Do-

379 5345 538 5411 mine,
564 5342 736 5399 audivi
760 5359 792 5397 a
819 5342 993 5397 multis
1013 5342 1077 5397 de
1096 5342 1200 5396 viro
1225 5343 1340 5395 hoc.
1366 5342 1501 5408 Quid
1524 5342 1692 5399 dicis?
1724 5344 1859 5398 Deus
1881 5344 1957 5397 lo-

377 5436 582 5508 quitur,
599 5445 656 5492 et
679 5435 1013 5491 tusdubitas?
1038 5433 1125 5489 Sic
1145 5434 1377 5489 nondum
1403 5435 1643 5489 sciebant
1667 5434 1956 5502 potentiam

376 5526 602 5582 Christi.
623 5526 713 5583 14.
735 5524 806 5581 Et
833 5527 916 5581 hic
940 5525 1089 5579 habet
1112 5533 1402 5596 potestatem
1444 5540 1477 5576 a
1518 5524 1827 5593 principibus
1866 5540 1957 5579 sa-

375 5620 646 5676 cerdotum
673 5619 924 5691 alligandi
962 5635 1134 5674 omnes
1174 5618 1262 5687 qui
1305 5619 1536 5671 invocant
1578 5632 1756 5672 nomen
1792 5626 1954 5671 tuum.

378 5708 662 5771 Undenam
692 5712 794 5769 hoc
823 5722 1009 5770 notum
1034 5711 1192 5767 erat?
1240 5707 1537 5765 Verisimile
1583 5716 1704 5773 cst,
1753 5723 1846 5764 cos
1897 5711 1951 5765 iu

2067 2958 2213 3004 metu
2244 2948 2499 3019 degentes
2544 2948 2756 3004 curiose
2798 2948 3152 3020 inquisivisse.
3197 2951 3314 3008 Non
3366 2953 3469 3010 hoc
3517 2972 3647 3026 ergo

2065 3046 2226 3113 dicit,
2262 3045 2414 3116 quasi
2431 3044 2684 3123 ‘Cltristus
2708 3044 2759 3099 id
2791 3045 3036 3116 ignoret;
3080 3048 3175 3104 sed
3208 3047 3457 3118 dubitat,
3506 3068 3642 3121 quu-

2063 3142 2227 3196 modo
2252 3141 2306 3195 in
2336 3141 2424 3195 tali
2455 3156 2632 3196 rerum
2659 3150 2801 3195 statu
2827 3141 2997 3212 possit
3023 3141 3124 3196 hoc
3156 3141 3290 3198 ﬁeri.
3322 3142 3413 3199 Sic
3437 3154 3488 3198 et
3518 3145 3644 3200 alibi

2063 3233 2307 3304 discipuli
2337 3233 2523 3289 dicunt
2555 3252 2569 3288 :
2606 3233 2729 3300 Quis
2754 3242 2914 3305 potest
2951 3234 3140 3288 salvari
3162 3234 3179 3305 (
3198 3233 3363 3290 Marc.
3392 3234 3479 3291 10.
3508 3235 3601 3308 26)
3621 3238 3646 3289 τ

2064 3325 2170 3381 Sed
2198 3326 2319 3381 vide
2338 3367 2355 3394 ,
2386 3334 2516 3395 quot
2545 3341 2633 3380 res
2659 3326 3045 3395 diSponantur,
3076 3335 3134 3380 ut
3168 3318 3351 3382 credat
3397 3338 3642 3382 venturo.

2063 3417 2120 3473 In
2149 3420 2358 3474 somnio
2387 3417 2519 3473 vidit
2541 3458 2557 3485 ,
2586 3416 2832 3487 praedixit
2862 3418 2939 3472 illi
2969 3434 2983 3467 :
3021 3416 3181 3484 Orat,
3224 3417 3437 3487 inquit;
3485 3418 3645 3488 igitur

2061 3526 2131 3567 ne
2151 3511 2361 3565 timeas.
2396 3510 2465 3564 Et
2488 3525 2584 3564 cur
2614 3525 2720 3565 non
2743 3509 2875 3566 dicit
2900 3509 2974 3563 illi
3002 3524 3116 3564 rem
3150 3508 3494 3578 praeclaram,
3522 3525 3644 3581 qua:
3744 3514 3751 3525 ‘

2060 3611 2213 3673 gesta
2239 3601 2358 3658 est?
2386 3599 2457 3657 Ut
2485 3615 2585 3656 nos
2607 3599 2916 3663 doceat,.ne
2945 3599 3295 3670 praedicamus
3323 3599 3462 3656 bona
3484 3615 3647 3671 opera

2063 3702 2282 3759 nostra;
2327 3694 2436 3748 imo
2483 3702 2539 3748 et
2583 3692 2726 3762 quod
2779 3693 3053 3749 timentem
3101 3692 3296 3749 videat.
3344 3692 3531 3763 Neque
3563 3696 3645 3748 sic

2063 3783 2233 3849 dixit,
2265 3782 2425 3838 Fides
2457 3782 2550 3836 tibi
2582 3797 2686 3837 non
2718 3782 3040 3852 negabitur:
3073 3782 3168 3838 sed
3205 3782 3374 3852 quid?
3415 3782 3645 3854 Surgens

2062 3876 2207 3928 vade.
2269 3873 2403 3928 Vidit
2439 3874 2574 3927 enim
2618 3874 2672 3929 in
2715 3873 2906 3928 visione
2948 3875 3110 3928 uirum
3161 3875 3499 3944 imponentem
3551 3877 3645 3930 sibi

2062 3984 2261 4021 manus.
2293 3967 2415 4021 Ideo
2444 3968 2497 4021 in
2529 3966 2768 4032 visione,
2794 3967 2915 4036 quia
2944 3981 3117 4041 carens
3146 3975 3278 4022 erat.
3328 3967 3513 4037 Neque
3544 3968 3647 4022 mi-

2063 4059 2227 4114 raculi
2255 4057 2564 4129 magnitudo
2590 4058 2767 4129 rapuit
2793 4057 3150 4126 discipulum;
3180 4060 3247 4111 ita
3277 4059 3515 4113 timebat.
3549 4065 3643 4113 At-

2065 4159 2243 4204 tamen
2274 4166 2370 4221 per
2394 4151 2568 4220 ipsum
2600 4150 2741 4206 Deus
2770 4150 2937 4206 Paulo
2986 4165 3128 4206 czcco
3174 4152 3343 4205 visum
3390 4153 3647 4208 restituit.

2065 4242 2153 4297 15.
2195 4240 2338 4295 Dixit
2365 4253 2534 4297 autem
2562 4240 2807 4299 Dominus
2835 4242 2905 4294 ad
2949 4242 3146 4295 illum:
3186 4240 3354 4307 Vade,
3395 4243 3515 4313 quia
3557 4258 3649 4297 uas

2064 4331 2318 4385 electionis
2342 4341 2414 4385 cst
2440 4331 2564 4383 mihi
2593 4331 2703 4397 hic,
2733 4340 2790 4384 ut
2834 4339 2999 4401 portet
3041 4347 3221 4384 nomen
3264 4347 3430 4385 meum
3475 4349 3646 4389 coram

2064 4421 2291 4492 gentibus
2316 4429 2363 4474 et
2388 4421 2588 4491 regibus
2612 4431 2656 4475 et
2683 4420 2804 4489 [iliis
2829 4419 3016 4473 Israel.
3049 4420 3135 4475 16.
3175 4420 3281 4492 Ego
3308 4424 3441 4476 enim
3467 4435 3640 4480 osten-

2066 4514 2186 4566 dam
2209 4512 2315 4578 illi,
2346 4522 2539 4584 quanta
2566 4520 2796 4584 oporteat
2842 4527 2957 4566 eum
2995 4527 3087 4583 pro
3119 4514 3320 4567 nomine
3362 4531 3470 4569 meo
3516 4519 3640 4587 pati.

2065 4604 2181 4660 Non
2208 4604 2379 4661 solum
2410 4604 2583 4660 ﬁdelis
2611 4605 2714 4660 erit
2736 4646 2752 4669 ,
2783 4604 2983 4674 inquit,
3013 4604 3108 4661 sed
3134 4606 3292 4660 etiam
3320 4607 3509 4663 doctor
3534 4651 3550 4675 ,
3592 4619 3648 4664 ct

2038 4754 2043 4761 ,
2066 4699 2230 4753 multa
2251 4707 2429 4754 utetur
2453 4697 2664 4755 dicendi
2690 4697 2958 4752 libertate.
2981 4699 3163 4754 Coram
3186 4701 3416 4770 gentibus
3437 4712 3483 4755 et
3509 4704 3645 4775 regi-

2064 4791 2177 4846 bus.
2209 4791 2284 4846 Ita
2319 4800 2526 4847 crescet
2547 4791 2821 4859 doctrina,
2854 4793 3059 4862 inquit,
3085 4800 3144 4847 ut.
3165 4804 3217 4847 et
3240 4806 3426 4864 gentes
3466 4806 3520 4850 et
3563 4810 3643 4851 re-

2065 4896 2159 4952 ges
2186 4897 2373 4938 omnes
2400 4892 2636 4953 superet.
2668 4884 2755 4938 17.
2785 4883 2918 4937 Abiit
2937 4894 3105 4938 autem
3126 4885 3353 4940 Ananias
3380 4896 3424 4940 et
3444 4886 3649 4941 intravit

2066 4974 2118 5028 in
2151 4974 2374 5041 domum,
2403 4986 2451 5028 et
2476 4976 2738 5045 imponens
2764 4976 2843 5029 illi
2869 4992 3049 5045 manus
3085 4977 3213 5030 dixit
3246 4993 3266 5031 :
3299 4978 3489 5043 Saule,
3534 4978 3648 5050 fra-

2066 5076 2174 5133 ter,
2202 5064 2450 5119 Dominus
2474 5065 2610 5119 misit
2632 5083 2745 5130 me,
2773 5064 2925 5120 Iesus
2954 5069 3038 5138 qui
3071 5069 3309 5137 apparuit
3345 5068 3435 5123 tibi
3474 5069 3526 5123 in
3567 5072 3647 5124 ria

2066 5172 2165 5225 qua
2189 5155 2452 5222 veniebas,
2502 5165 2557 5210 ut
2598 5158 2768 5211 uideas
2811 5166 2858 5212 et
2900 5157 3159 5228 impleatis
3198 5157 3403 5227 Spiritu
3447 5170 3644 5214 sancto.

2028 5314 2033 5321 ~
2066 5246 2256 5303 Statim
2285 5248 2437 5302 illum
2467 5248 2782 5303 familiarem
2810 5250 3025 5306 nomine
3054 5249 3198 5306 facit.
3231 5250 3382 5304 Iesus
3406 5294 3422 5319 ,
3452 5253 3644 5322 inquit,

2066 5340 2154 5410 qui
2191 5341 2433 5410 apparuit
2474 5341 2563 5393 tibi
2602 5341 2656 5394 in
2702 5341 2804 5395 uia.
2857 5340 3014 5396 Certe
3067 5356 3171 5395 non
3220 5341 3321 5396 hoc
3347 5343 3396 5397 ei
3440 5344 3650 5400 dixerat.

2067 5432 2343 5494 Christus;
2391 5431 2485 5485 sed
2513 5448 2543 5484 a
2574 5431 2770 5502 Spiritu
2801 5442 2986 5488 sancto
3013 5432 3289 5487 didicerat.
3329 5434 3417 5488 18.
3445 5433 3512 5490 Et
3538 5447 3644 5491 sta-

2068 5525 2158 5579 tim
2187 5523 2475 5577 deciderunt
2500 5525 2561 5577 ab
2586 5525 2747 5578 oculis
2773 5526 2880 5595 ejus
2908 5534 3164 5594 tamquam
3191 5540 3415 5594 squama:
3434 5569 3448 5590 ,
3491 5538 3542 5582 et
3566 5530 3646 5582 ci-

2067 5632 2180 5670 sum
2206 5617 2391 5684 recepit
2416 5616 2623 5681 statim,
2650 5626 2697 5670 et
2721 5632 2931 5686 surgens
2974 5615 3259 5685 baptizatus
3305 5628 3398 5673 est.
3448 5618 3532 5676 19.
3580 5622 3646 5674 l-It

2079 5724 2193 5763 cum
2220 5707 2488 5779 accepisset
2513 5708 2707 5773 cibum,
2737 5711 3046 5779 confortatus
3076 5716 3167 5763 est.
3197 5707 3379 5766 Solum
3410 5713 3483 5768 illi
3531 5726 3644 5767 ms-

2697 5975 2727 6002 ο
