4084 6174
388 280 497 337 159

388 412 491 453 nus
518 393 804 466 imposuit,
829 396 888 447 et
911 387 1092 444 statim
1114 392 1351 458 squamae
1374 385 1442 438 ab
1473 381 1645 438 oculis
1671 380 1787 451 ejus
1826 376 1970 433 deci-

388 491 606 547 derunt.
663 485 770 542 llas
813 480 1031 554 quidam
1085 478 1272 534 dicunt
1317 475 1573 533 caicitatis
1617 472 1759 527 illius
1806 469 1972 525 luisse

389 586 603 636 musas.
635 577 702 633 Et
727 582 826 631 c‘nr
852 584 957 628 non
984 568 1276 628 escmcavit
1305 567 1447 623 illius
1474 564 1700 623 oculos?
1727 562 1839 617 Hoc
1871 560 1975 616 mi-

392 672 612 729 rabilius
657 675 815 724 erat:
850 679 973 720 nam
1017 663 1219 735 apertis
1260 659 1428 717 oculis
1476 673 1584 714 non
1632 654 1847 711 videbat
1873 670 1890 709 :
1916 652 1973 710 id

391 760 534 834 quod
564 760 863 831 patiebatur
890 757 945 812 in
982 756 1134 826 lege,
1185 753 1359 810 donec
1405 751 1482 806 illi
1531 748 1835 820 impositum
1887 754 1974 802 est

394 872 591 913 nomen
618 853 743 911 Jesu
774 851 875 924 (a).
902 847 970 904 Et
998 848 1168 903 statim
1195 846 1477 916 baptizatus
1497 852 1589 898 est.
1614 841 1805 895 Etcum
1825 855 1971 895 acce-

395 952 548 1019 pisset
569 945 776 1011 cibum,-
805 942 1118 1013 confortatus
1140 948 1237 995 est.
1280 937 1419 1007 Ergo
1468 933 1708 992 inlirmus
1750 939 1867 987 erat
1902 945 1972 986 ex

391 1041 619 1103 itinere,
648 1051 719 1092 ex
743 1043 886 1091 metu
908 1073 925 1101 ,
955 1046 1022 1088 ex
1049 1030 1193 1086 tame
1215 1058 1233 1098 ι
1258 1043 1325 1085 ex
1360 1040 1614 1084 mturare.
1650 1024 1843 1080 Veiens
1869 1023 1971 1093 igi-

393 1144 478 1186 tur
504 1131 646 1187 illius
668 1136 867 1199 augere
889 1138 1171 1182 maerorem
1195 1162 1211 1190 ,
1240 1136 1444 1179 uestitu
1470 1134 1686 1175 manere
1706 1117 1969 1189 permisit,

390 1225 564 1279 dottec
594 1222 740 1278 venit
763 1220 1016 1275 Ananiae.
1052 1218 1117 1272 Et
1145 1225 1202 1272 ut
1231 1222 1299 1272 ne
1318 1214 1436 1285 quis
1468 1222 1616 1284 putet
1640 1210 1973 1282 phantasiam

393 1313 560 1370 fuisse
587 1312 881 1368 ececitmetn
904 1352 921 1377 ,
954 1309 1075 1364 ideo
1096 1320 1333 1377 squama:
1371 1303 1609 1360 fuerunt.
1654 1301 1820 1372 igitur
1865 1316 1973 1355 non

397 1419 535 1474 opus
580 1403 811 1458 habebat
855 1401 957 1456 alia“
1006 1399 1290 1463 doctrina;
1339 1393 1434 1450 sed
1482 1393 1534 1449 id
1573 1393 1714 1464 quod
1740 1390 1972 1456 accidit,

393 1499 637 1553 tinetrina
663 1495 782 1551 fuit.
823 1493 948 1548 Fuit
990 1502 1160 1547 autem
1200 1507 1315 1544 cum
1359 1487 1662 1559 discipulis,
1708 1485 1796 1556 qui
1831 1493 1975 1538 erant

394 1590 635 1646 Damasci
655 1627 674 1654 ,
702 1604 793 1657 per
814 1588 920 1643 dies
945 1586 1159 1654 aliquot.
1184 1582 1276 1638 ΞΟ.
1308 1580 1377 1634 Et
1403 1580 1641 1634 continuo
1669 1578 1720 1630 in
1750 1587 1972 1648 synago-

394 1685 471 1755 gis
499 1680 806 1753 prkdicabat
833 1678 1087 1733 Christum
1108 1717 1124 1743 ,
1149 1676 1267 1745 quia
1294 1675 1375 1727 hic
1398 1682 1472 1727 est
1497 1670 1666 1726 Filius
1694 1669 1810 1724 Dei.
1848 1667 1992 1732 Vide,

396 1776 581 1831 statim
606 1775 794 1828 doctor
819 1780 937 1827 erat
964 1770 1016 1824 in
1043 1767 1345 1839 synagogis.
1378 1765 1491 1821 Non
1520 1760 1874 1818 erubescebat
1909 1759 1977 1815 de

398 1866 715 1931 mutatione,-
744 1875 915 1934 neque
944 1861 1218 1917 metuebat
1241 1859 1525 1914 destruere
1551 1856 1639 1911 illa
1658 1896 1675 1920 ,
1706 1855 1757 1909 in
1783 1853 1977 1924 quibus

396 1967 553 2014 antea
581 1958 757 2013 clarus
779 1962 916 2009 erat.
946 1952 1055 2008 Nec
1081 1951 1253 2007 solum
1274 1949 1466 2004 doctor
1493 1953 1650 2014 erat,
1682 1944 1775 2001 sed
1814 1943 1974 2011 etiam

394 2049 449 2103 in
476 2047 779 2120 synagugis.
809 2046 886 2102 Ita
909 2045 977 2099 ab
1003 2043 1156 2098 initio
1180 2041 1341 2097 homo
1369 2049 1485 2095 erat
1512 2048 1566 2094 et
1593 2036 1877 2102 occidens,
1920 2043 1976 2091 et

402 2141 471 2195 ad
496 2141 672 2196 ca:des
695 2139 1046 2209 compositus.
1080 2134 1243 2190 Vides
1267 2148 1425 2205 quam
1452 2132 1653 2187 clarum
1684 2129 1892 2200 signum
1924 2127 1976 2184 in

397 2234 490 2287 illo
520 2232 715 2288 factum
743 2232 848 2286 sit?
895 2229 1011 2284 lloc
1060 2228 1177 2298 ipso
1220 2240 1410 2281 omnes
1461 2222 1804 2295 percellebat.
1853 2219 1978 2277 Ideo

400 2325 515 2379 inec
543 2322 853 2393 signiﬁcans
878 2320 1061 2391 adjicit
1089 2336 1104 2372 :
1135 2319 1226 2373 2|.
1272 2315 1555 2386 Stupebant
1597 2325 1766 2369 autem
1807 2328 1980 2369 omnes

400 2415 487 2482 qui
511 2413 817 2477 audiebant,
849 2421 896 2465 et
922 2408 1154 2464 dicebant
1182 2425 1200 2463 :
1227 2406 1416 2463 Nonne
1438 2408 1519 2462 hic
1546 2415 1619 2462 est
1639 2445 1659 2474 ,
1687 2406 1772 2477 qui
1813 2420 1977 2473 expu-

401 2504 585 2575 gnabat
614 2505 665 2557 in
692 2502 978 2558 Jerusalem
1003 2502 1288 2554 invocantes
1311 2500 1365 2554 in
1401 2499 1600 2554 nomine
1641 2498 1764 2565 hoc,
1807 2507 1855 2551 et
1897 2497 1979 2550 Itic

399 2599 513 2652 ideo
538 2599 698 2662 venit,
730 2607 783 2649 ut
813 2597 998 2649 vinctos
1027 2594 1144 2648 illos
1171 2594 1373 2647 duceret
1413 2591 1480 2645 ad
1521 2591 1770 2661 principes
1807 2605 1981 2643 sacer-

400 2689 574 2745 dotum
593 2689 722 2744 1’22.
748 2688 940 2744 Saulus
959 2688 1126 2740 autem
1144 2684 1305 2757 magis
1314 2683 1681 2739 cenoalescebat
1702 2690 1747 2736 et
1762 2684 1980 2753 confun-

399 2784 542 2836 debat
569 2781 805 2846 Judatos,
827 2780 913 2850 qui
940 2777 1231 2833 habitabant
1258 2776 1492 2831 Damasci
1514 2816 1531 2841 ,
1558 2775 1816 2847 aﬁrmans
1851 2790 1983 2844 quo-

402 2874 634 2929 niam/lic
649 2883 721 2928 est
736 2872 990 2928 Christus.
1024 2870 1219 2942 Utpote
1239 2869 1371 2940 legis
1398 2868 1602 2940 peritus
1624 2866 1982 2923 contendebat

402 2966 565 3029 iilns,
613 2977 710 3018 nec
757 2958 900 3033 loqui
943 2960 1172 3016 sinebat.
1221 2950 1490 3015 Putabant
1532 2970 1591 3014 se
1636 2970 1667 3012 a
1711 2955 1984 3028 Stephano

402 3058 692 3121 liberatos,
717 3068 747 3106 a
775 3055 868 3108 tali
895 3052 1258 3123 disputatione
1285 3052 1502 3120 ereptos
1534 3059 1653 3105 esse
1672 3091 1687 3116 ,
1728 3059 1784 3105 et
1819 3049 1984 3103 alium

402 3150 725 3203 invenerunt
750 3136 1023 3216 Stephano
1053 3144 1535 3200 vehementiorem.

477 3239 533 3293 Ξ.
565 3240 670 3295 Sed
697 3246 783 3304 ea,
809 3251 929 3309 qua:
957 3232 1215 3291 Ananiam
1241 3234 1504 3305 spectant,
1522 3242 1843 3304 repetamus.
1865 3232 1981 3289 Non

411 3328 545 3387 deit
575 3329 651 3386 illi
678 3348 692 3382 :
719 3329 1007 3400 Alioquere
1046 3336 1102 3383 et
1142 3327 1362 3382 institue
1401 3326 1570 3381 illum.
1600 3324 1656 3381 Si
1691 3325 1836 3381 enim
1864 3334 1985 3381 cum

404 3426 647 3490 dixisset,
686 3422 847 3489 Orat,
875 3426 922 3477 et
949 3422 1073 3476 uidit
1102 3421 1263 3474 uirum
1290 3421 1627 3491 impatientem
1655 3419 1748 3474 sibi
1772 3430 1984 3485 manus,

405 3526 511 3572 non
555 3516 816 3591 [iet-suasit
839 3531 857 3569 :
878 3508 1044 3568 multo
1071 3513 1240 3583 magis
1263 3553 1279 3577 ,
1309 3510 1358 3566 si
1396 3510 1497 3566 hoc
1523 3510 1763 3567 dixisset.
1816 3510 1984 3577 Vidit,

405 3609 611 3680 inquit,
651 3608 705 3662 in
739 3607 947 3661 uisione.
986 3605 1168 3675 itaque
1197 3618 1305 3658 non
1332 3602 1489 3658 [idem
1517 3603 1608 3658 tibi
1639 3601 1890 3675 negabit:
1920 3610 1989 3660 ne

408 3701 568 3770 igitur
598 3700 785 3753 timeas
804 3740 819 3763 ,
850 3697 942 3752 sed
973 3695 1135 3750 vade;
1166 3690 1258 3751 Sic
1287 3700 1460 3766 neque
1495 3686 1768 3765 Philippus
1809 3697 1987 3751 statim

411 3800 578 3855 totum
605 3786 772 3846 audit.
805 3782 937 3858 Quia
959 3800 1047 3843 vas
1067 3786 1320 3843 electionis
1339 3796 1413 3842 est
1433 3787 1557 3841 mihi
1577 3787 1675 3842 ltic.
1703 3780 1829 3844 limo
1847 3786 1989 3843 dicta

410 3886 554 3941 illius
581 3889 739 3947 sunt,
761 3881 851 3953 qui
880 3879 1127 3935 titnorem
1155 3877 1381 3934 omnino
1402 3879 1635 3946 excutit,
1663 3887 1718 3933 et
1742 3877 1989 3934 ﬁduciam

412 3977 588 4031 indit:
615 3975 874 4045 siquidem
919 3972 989 4026 ita
1039 3974 1135 4041 pro
1172 3972 1351 4042 seipse
1389 3969 1701 4026 alliciendas
1742 3979 1890 4037 erat,
1935 3976 1993 4026 dt

414 4069 575 4124 etiam
603 4066 766 4121 multa
793 4073 1088 4136 pateretur.
1115 4061 1247 4119 Cum
1277 4060 1522 4130 dixisset,
1556 4058 1675 4129 Vas,
1704 4061 1994 4119 ostendens

414 4159 530 4229 ejus
551 4158 804 4215 malitiam
832 4168 938 4212 non
964 4169 1086 4212 esse
1112 4152 1407 4210 naturalem
1437 4171 1451 4208 :
1479 4152 1662 4218 addit,
1701 4151 1991 4222 Electionis,

414 4263 472 4308 ut
503 4250 748 4308 ostendat
786 4250 960 4320 ipsum
995 4256 1268 4319 acceptum
1308 4260 1431 4303 esse
1455 4262 1470 4301 :
1494 4250 1623 4305 nam
1661 4242 1805 4316 quod
1843 4259 1996 4301 acce-

419 4350 567 4414 ptum
593 4350 695 4411 est,
723 4341 988 4412 eligimus.
1013 4338 1093 4396 Ne
1121 4338 1241 4410 quis
1265 4351 1394 4394 vero
1420 4345 1570 4408 putet
1593 4337 1710 4392 hazc
1736 4331 1992 4403 audiens,

415 4437 672 4492 Ananiam
694 4434 815 4491 ideo
837 4433 953 4490 haec
972 4432 1172 4500 dicere,
1196 4430 1338 4503 quod
1367 4430 1524 4486 dictis
1554 4444 1659 4485 non
1685 4428 1888 4494 credat,
1911 4429 1997 4484 vel

416 4528 558 4599 quod
597 4535 748 4598 putet
792 4525 1076 4596 deceptum
1120 4522 1287 4578 fuisse
1326 4520 1626 4588 Christum;
1670 4520 1850 4576 absit:
1901 4518 1996 4575 sed

414 4619 558 4691 quod
590 4619 801 4673 timeret
828 4626 883 4671 et
912 4623 1202 4680 tremeret,
1243 4611 1405 4667 dictis
1429 4626 1535 4666 non
1564 4611 1907 4678 attendebat,
1939 4620 1998 4666 ut

414 4709 619 4766 audivit
655 4722 849 4763 nomen
896 4704 1045 4761 Pauli
1078 4721 1091 4759 :
1121 4703 1200 4759 sic
1225 4701 1316 4758 illo
1341 4703 1557 4758 nomine
1597 4710 1998 4773 praeoccupatus

416 4811 500 4861 est
525 4800 739 4856 timore.
768 4797 927 4868 Atqui
955 4796 1043 4852 ubi
1071 4795 1290 4858 audivit,
1314 4794 1456 4866 quod
1480 4800 1800 4850 excmcasset
1824 4795 1996 4861 illum,

413 4891 685 4951 conlidere
715 4890 1013 4960 oportebat.
1045 4887 1111 4945 Et
1138 4887 1237 4954 hic,
1272 4887 1460 4959 inquit,
1487 4886 1603 4942 ideo
1627 4888 1776 4955 venit,
1798 4897 1852 4941 ut
1877 4887 1997 4959 liget

416 5002 608 5052 nttntes,
627 4985 713 5055 qui
731 4985 961 5038 invocant
988 4996 1166 5036 nomen
1191 4989 1348 5035 tuum.
1382 4978 1461 5036 Ac
1481 4980 1527 5036 si
1546 4980 1767 5048 diceret,
1788 4980 1996 5049 Timeo,

418 5096 480 5133 ne
510 5080 648 5133 forte
676 5091 763 5132 me
797 5076 849 5130 in
884 5074 1183 5131 Jerusalem
1205 5073 1363 5130 ducat
1391 5091 1406 5128 :
1435 5088 1534 5130 cur
1558 5088 1643 5130 me
1666 5074 1723 5129 in
1747 5087 1809 5129 os
1830 5074 2000 5131 leonis

417 5172 626 5242 injicis?
653 5180 749 5226 cur
785 5176 873 5225 me
910 5167 1036 5224 huic
1074 5167 1290 5239 prodis?
1329 5165 1506 5226 Timet
1533 5176 1588 5223 et
1615 5166 1729 5222 haec
1756 5165 1907 5234 dicit,
1943 5172 2002 5222 ut

416 5263 654 5334 undique
677 5261 946 5318 discamus
968 5259 1219 5316 virtutem
1242 5259 1364 5314 viri.
1406 5258 1538 5313 Nam
1581 5257 1697 5314 haec
1731 5273 1762 5312 a
1800 5256 2001 5313 Iudaeis

415 5356 545 5424 dici,
586 5350 720 5410 nihil
764 5352 959 5409 mirum
1000 5360 1147 5409 esset
1176 5368 1191 5406 :
1220 5350 1362 5423 quod
1400 5360 1578 5406 autem
1604 5349 1673 5405 ab
1700 5347 1827 5415 hoc,
1850 5358 1905 5404 et
1927 5349 2001 5405 ita

519 5489 594 5551 (α)
643 5489 951 5554 Qumdouam
980 5487 1126 5554 Paulo
1148 5485 1441 5554 impositum
1464 5489 1543 5554 est
1580 5494 1761 5554 nomen
1779 5479 1921 5554 lese,
1946 5487 2004 5554 ut

421 5542 879 5613 visuin'reciperet?
901 5550 985 5613 ilic
1006 5547 1088 5613 vel
1117 5542 1283 5613 vitium
1307 5547 1354 5593 in
1378 5543 1544 5613 verbis
1563 5542 1763 5613 est,_vel
1786 5543 2003 5613 dicamus

415 5620 629 5675 oportet,
639 5604 754 5662 tuac
769 5612 994 5675 Ananiae
1311 5605 1460 5675 Paulo
1470 5616 1648 5675 nomen
1659 5604 1799 5663 Jesu,
1809 5605 2002 5667 quando

417 5666 593 5743 manu
617 5666 777 5741 super
800 5673 937 5743 illum
967 5666 1201 5743 manibus
1220 5670 1344 5721 dixit
1382 5666 1484 5730 illi,
1503 5666 1675 5718 Jesum
1717 5666 1880 5717 esses
1904 5680 2004 5731 quo

418 5736 526 5794 ipse
551 5737 711 5786 visum
731 5736 1002 5798 reciperet.

1122 270 1183 328 8.
1211 267 1489 326 JOANNIS
1522 258 1994 323 CHRYSOSTUMI
2036 255 2349 312 AliClllEP.
2376 255 2910 313 CONS'I'ANTINOP.

3546 253 3653 313 ιω

2081 373 2363 443 perterrito
2381 406 2399 438 ν
2428 388 2675 443 magnum
2701 373 2896 429 divinae
2926 373 3134 430 virtutis
3160 373 3372 446 signum
3403 376 3505 431 hoc
3532 390 3655 434 esse

2079 463 2355 534 probatur.
2394 463 2556 519 Saule
2582 468 2759 536 frater.
2802 464 2899 519 llic
2923 481 3134 536 quoque
3159 481 3383 537 magnus
3400 465 3556 522 adest
3582 478 3652 521 tt-

2076 570 2216 623 mor,
2243 566 2300 611 et
2327 565 2445 626 post
2471 556 2714 612 timorem
2743 556 2915 627 niajor
2932 557 3253 615 obedientia.
3284 559 3505 625 Deinde,
3531 562 3656 631 quia

2091 647 2187 703 Vas
2208 647 2461 702 electionis
2483 647 2637 714 dixit,
2672 664 2741 705 ne
2764 649 2974 707 diceres
2997 690 3014 717 ,
3051 658 3219 706 totum
3261 666 3329 707 ex
3370 651 3481 708 Deo
3508 667 3652 721 esse,

2077 748 2134 794 ut
2158 739 2226 796 ab
2255 741 2357 796 hoc
2382 751 2434 797 te
2460 740 2722 807 abducat,
2750 741 2935 811 adjicit
2967 760 2980 797 :
3012 741 3079 798 Ut
3104 752 3264 814 portet
3289 760 3469 800 nomen
3489 762 3659 801 meum

2075 845 2246 885 coram
2260 832 2484 902 gentibus
2502 844 2548 887 et
2571 831 2770 905 regibus
2784 842 2830 888 et
2845 834 2966 903 ﬁliis
2976 832 3162 890 Israel.
3181 835 3399 892 Audivit
3416 838 3659 896 Ananiae

2075 922 2133 978 id
2166 922 2311 993 quod
2336 924 2489 980 valde
2513 924 2799 996 cupiebat,
2841 927 3014 997 ipsum
3040 928 3201 983 etiam
3225 937 3411 984 contra
3436 930 3655 989 Judteos

2076 1024 2433 1085 pugnaturum
2459 1030 2581 1073 esse
2607 1033 2624 1072 :
2656 1018 2776 1073 ideo
2805 1033 2912 1073 non
2939 1018 3113 1074 solum
3134 1021 3348 1090 gaudio,
3368 1021 3466 1078 sed
3492 1024 3655 1081 etiam

2078 1105 2262 1161 ﬁducia
2288 1107 2547 1177 repletur.
2573 1106 2687 1180 Ego
2712 1110 2868 1178 enim,
2903 1111 3090 1182 inquit,
3116 1114 3376 1169 ostendam
3399 1116 3444 1169 ei
3468 1128 3654 1186 quanta

2075 1205 2304 1267 oporteat
2337 1215 2451 1253 eum
2495 1215 2589 1269 pro
2625 1201 2827 1255 nomine
2850 1219 2957 1256 meo
2983 1203 3111 1274 pati.
3148 1203 3276 1260 Haec
3314 1207 3659 1277 prmdicentis

2077 1299 2202 1344 sunt
2222 1290 2381 1345 simul
2407 1299 2462 1346 et
2487 1290 2783 1362 hortantis,
2821 1294 2866 1349 si
2896 1294 3112 1366 quidem
3142 1296 3231 1352 ille
3254 1297 3432 1353 omnia
3463 1313 3653 1369 passu-

2078 1386 2170 1437 rus
2194 1391 2296 1446 est,
2327 1383 2419 1453 qui
2446 1383 2519 1438 ita
2545 1383 2790 1451 insaniit;
2819 1386 2905 1442 hic
2930 1401 3058 1442 vero
3082 1388 3232 1444 illum
3254 1389 3523 1461 baptizare
3543 1408 3651 1448 non

2076 1472 2208 1539 vult,
2236 1481 2297 1529 ut
2319 1475 2489 1531 visum
2512 1477 2749 1548 recipiat.
2791 1477 2956 1545 Bene,
2986 1479 3192 1551 inquit;
3223 1481 3342 1539 sine
3366 1482 3515 1540 illum
3543 1500 3651 1540 cte-

2076 1581 2199 1622 cum
2228 1582 2354 1624 esse
2380 1586 2397 1624 :
2421 1568 2543 1626 ideo
2571 1584 2711 1626 nunc
2742 1571 2887 1627 mitis
2920 1581 3030 1640 est,
3064 1574 3187 1644 quia
3213 1589 3387 1631 caecus
3410 1595 3426 1632 :
3451 1592 3546 1633 cur
3569 1594 3657 1634 me

2073 1658 2232 1728 jubes
2267 1661 2478 1731 aperire
2507 1662 2694 1719 oculos
2722 1660 2873 1734 ejus?
2909 1680 2978 1721 an
3013 1674 3072 1721 ut
3103 1682 3314 1722 rursum
3342 1668 3559 1740 alliget?
3587 1672 3659 1726 At

2078 1763 2150 1804 ne
2189 1749 2424 1829 luturpm
2466 1751 2653 1810 timeas
2678 1771 2691 1809 :
2716 1769 2840 1810 nam
2885 1756 3084 1826 apertis
3116 1758 3284 1815 oculis
3322 1774 3430 1815 non
3468 1770 3654 1816 contra

2080 1857 2201 1908 nos,
2228 1843 2324 1900 sed
2350 1860 2449 1915 pro
2476 1846 2633 1902 nobis
2655 1856 2833 1903 utetur
2861 1866 2876 1903 :
2906 1848 2975 1904 ad
3005 1848 3126 1916 hoc,
3154 1849 3222 1906 Ut
3244 1852 3479 1921 respiciat
3496 1894 3512 1918 ,
3541 1852 3657 1909 haec

2080 1950 2290 2007 quoque
2325 1935 2663 2007 adjiciantur.
2705 1938 2785 1995 Ne
2830 1939 3015 1996 timeas
3044 1959 3060 1997 :
3092 1941 3221 1997 nihil
3246 1942 3396 1998 vobis
3424 1944 3547 1999 mali
3574 1943 3656 1999 fa-

2079 2026 2214 2094 ciet;
2257 2027 2366 2084 imo
2391 2030 2618 2099 patietur
2644 2030 2830 2087 multa.
2864 2030 2934 2087 Et
2964 2032 3105 2102 quod
3131 2033 3374 2090 mirabile
3397 2044 3480 2091 est
3499 2076 3516 2103 ,
3545 2036 3624 2105 pri
3641 2067 3657 2078 -

2081 2132 2170 2174 mo
2194 2119 2445 2188 patietur,
2464 2129 2519 2176 et
2547 2128 2671 2176 tunc
2700 2121 2751 2176 in
2779 2122 3012 2192 pericula
3033 2124 3248 2180 incidet.
3280 2124 3438 2181 Saute
3462 2126 3654 2196 frater,

2079 2205 2231 2264 Iesus
2257 2209 2343 2279 qui
2363 2211 2604 2281 apparuit
2628 2212 2719 2267 tibi
2743 2213 2796 2266 in
2815 2213 2916 2280 uia,
2940 2214 3075 2268 misit
3099 2231 3198 2269 nte.
3229 2214 3347 2271 Non
3373 2215 3527 2283 dixit,
3554 2216 3656 2286 Qui

2082 2303 2389 2375 cxcazcavit,
2415 2302 2508 2358 sed
2532 2346 2550 2372 ,
2583 2304 2684 2371 Qui
2703 2312 2945 2377 apparuit
2971 2305 3062 2362 tibi
3088 2324 3108 2362 :
3132 2309 3203 2364 ita
3234 2309 3473 2366 modeste
3498 2325 3658 2382 agere

2083 2391 2301 2459 sciebat,
2346 2392 2585 2464 nihilque
2622 2406 2936 2467 arroganter
2975 2399 3124 2454 dicit.
3172 2399 3242 2457 Ut
3282 2400 3442 2471 igitur
3470 2401 3657 2459 Petrus

2083 2494 2268 2539 curato
2287 2485 2478 2542 claudo
2499 2487 2710 2544 dicebat
2733 2507 2746 2544 :
2775 2488 2914 2557 Quid
2937 2492 3080 2547 nobis
3104 2494 3380 2561 attenditis,
3402 2497 3545 2565 quasi
3567 2513 3660 2551 no-

2083 2587 2189 2632 stra
2215 2581 2393 2635 virtute
2418 2582 2496 2636 vel
2512 2584 2696 2654 pietate
2713 2585 2980 2655 fecerimus
3002 2589 3137 2641 hunc
3160 2587 3421 2644 ambulare
3444 2588 3579 2661 (Act.
3600 2591 3661 2647 3.

2085 2669 2214 2740 ην
2238 2672 2316 2727 sic
2342 2682 2396 2729 ei.
2424 2674 2544 2742 iste,
2571 2674 2722 2731 lesus
2747 2678 2835 2746 qui
2861 2680 3098 2750 apparuit
3123 2680 3230 2736 tibi.
3259 2680 3524 2751 impositis
3546 2682 3661 2753 jam

2087 2766 2332 2822 manibus
2358 2765 2475 2823 haec
2502 2768 2837 2840 loquebatur,
2867 2780 2922 2827 et
2949 2772 3140 2843 duplex
3174 2773 3387 2829 caecitas
3415 2774 3661 2830 solveba-

2087 2868 2191 2912 tur.
2222 2860 2354 2913 Cum
2375 2858 2504 2923 dicit
2526 2871 2725 2929 autem,
2755 2860 2883 2918 Cum
2905 2863 3115 2933 cepisset
3138 2863 3323 2933 cibum,
3346 2865 3662 2934 confortatus

2087 2954 2160 3004 est
2179 2993 2193 3016 ,
2235 2951 2495 3022 signiﬁcat
2524 2953 2672 3009 illum
2703 2955 3025 3011 inﬁrmatam
3051 2968 3171 3013 esse
3195 2973 3226 3013 a
3255 2965 3487 3014 mturare
3507 2960 3666 3015 catei-

2089 3043 2247 3109 tatis,
2274 3050 2303 3097 tt
2341 3044 2531 3102 timore
2561 3056 2616 3102 et
2639 3062 2670 3102 a
2699 3040 2859 3103 tante.
2903 3047 3088 3118 Neque
3124 3049 3271 3104 enim
3309 3050 3455 3121 prius
3484 3050 3664 3106 cibum

2089 3140 2301 3191 sumere
2343 3137 2545 3203 voluit,
2595 3144 2755 3209 quam
2805 3140 3103 3211 baptiZatus
3151 3146 3343 3212 magna
3386 3143 3667 3198 sortiretur

2089 3224 2249 3279 dona.
2277 3225 2457 3298 Neque
2475 3227 2623 3295 dicit,
2645 3229 2802 3286 Jestts
2820 3230 3125 3297 crucifixus,
3154 3230 3325 3287 Filius
3346 3224 3459 3300 De‘i,
3480 3233 3570 3303 qui
3592 3233 3668 3288 si-

2088 3331 2192 3388 gna
2221 3317 2380 3386 facit;
2406 3321 2501 3377 sed
2520 3320 2682 3392 quid?
2708 3322 2810 3390 Qui
2827 3326 3066 3394 apparuit
3084 3323 3207 3392 tibi;
3236 3332 3298 3382 ea
3327 3324 3527 3390 dicens,
3545 3341 3668 3396 quae

2091 3409 2167 3464 illi
2197 3419 2321 3464 nota
2346 3420 2518 3466 erant.
2563 3412 3005 3485 Quandoquidem
3030 3428 3099 3470 ne
3126 3415 3241 3486 ipse
3268 3416 3484 3487 quidem
3506 3414 3667 3471 Chri-

2091 3510 2207 3555 stus
2244 3500 2386 3556 aliud
2427 3501 2661 3572 adjecit,
2701 3513 2874 3576 neque
2902 3500 3037 3563 dixit
3064 3524 3079 3561 :
3107 3507 3221 3579 Ego
3243 3522 3360 3562 sum
3386 3508 3477 3563 ille
3500 3508 3671 3563 cruci-

2093 3594 2264 3660 ﬁxus,
2296 3596 2385 3666 qui
2412 3596 2707 3663 resurrexi;
2745 3598 2875 3667 'sed,
2906 3601 3065 3666 Quem
3089 3610 3143 3654 tu
3174 3602 3506 3672 persequeris.
3552 3599 3671 3656 Non

2091 3686 2244 3754 dixit,
2266 3687 2364 3756 Qui
2397 3691 2859 3760 persequutiouem
2881 3691 3081 3763 patior;
3110 3707 3177 3749 ne
3196 3692 3468 3749 videretur
3494 3694 3546 3747 in
3573 3707 3671 3746 ex-

2094 3782 2249 3837 cessu
2270 3784 2464 3839 mentis
2490 3778 2733 3841 kridere.
2765 3785 2864 3852 Qui
2890 3787 3133 3858 apparuit
3150 3787 3259 3855 tibi,
3284 3786 3474 3858 inquit,
3492 3788 3545 3841 in
3569 3788 3671 3840 vid.

2095 3874 2258 3944 Atqui
2288 3886 2395 3930 non
2418 3877 2698 3945 apparuit,
2727 3877 2823 3933 sed
2857 3886 2954 3949 per
2982 3882 3147 3949 dpera
3172 3877 3318 3935 visus
3350 3887 3452 3936 est.
3486 3877 3553 3933 Et
3572 3894 3671 3933 vo-

2096 3965 2212 4021 lens
2237 3968 2497 4021 sermonis
2520 3968 2817 4023 molestiam
2845 3969 3088 4040 mitigare
3108 4011 3122 4034 ,
3150 3969 3329 4025 statim
3356 3966 3536 4039 adjicit
3555 4011 3571 4038 ,
3606 3967 3675 4024 Ut

2094 4056 2287 4123 uideas,
2315 4066 2362 4113 et
2386 4054 2643 4131 implearis
2671 4055 2873 4131 Spiritu
2895 4066 3090 4116 sancto.
3121 4060 3236 4116 Non
3265 4062 3444 4130 venit,
3474 4068 3532 4117 ut
3559 4067 3674 4118 rem

2097 4147 2292 4206 factam
2316 4160 2582 4221 argueret,
2609 4151 2704 4208 sed
2734 4152 2801 4208 ad
2827 4152 3026 4209 donum
3051 4154 3455 4221 conferendum,
3486 4155 3673 4225 inquit.

2099 4241 2323 4299 Videtur
2360 4245 2489 4299 mihi
2531 4252 2586 4300 et
2623 4245 2765 4301 hunc
2790 4252 2845 4303 et
2867 4245 3174 4304 Cornelium
3198 4249 3376 4303 statim
3408 4257 3527 4319 post
3562 4248 3678 4304 haec

2099 4334 2239 4390 dicta
2267 4335 2426 4392 verba
2457 4338 2712 4407 Spiritum
2740 4338 3047 4409 recepisse;
3089 4340 3190 4395 etsi
3228 4340 3320 4411 qui
3364 4338 3541 4404 dabat,
3568 4346 3678 4394 non

2101 4441 2166 4483 ex
2190 4427 2472 4484 duodecim
2496 4439 2657 4486 esset.
2698 4429 2786 4486 Sic
2814 4431 2947 4485 nihil
2977 4431 3268 4486 humanum
3305 4430 3423 4498 hic,
3455 4442 3556 4486 nee
3585 4446 3680 4500 per

2101 4518 2383 4583 hominem
2413 4522 2608 4576 factum
2639 4532 2751 4588 est;
2793 4522 2889 4578 sed
2916 4523 3057 4579 Deus
3083 4523 3269 4579 aderat
3292 4524 3384 4593 qui
3413 4520 3528 4577 inec
3554 4536 3680 4592 age-

2102 4614 2204 4667 ret.
2230 4610 2504 4682 Simulque
2531 4611 2679 4668 illum
2711 4614 2938 4668 instituit
2962 4622 3020 4668 ut
3048 4614 3288 4669 modeste
3314 4614 3530 4679 sentiat,
3559 4628 3681 4668 eum

2104 4702 2252 4757 illum
2299 4719 2406 4757 nun
2449 4703 2595 4759 ducit
2637 4704 2704 4759 ad
2748 4706 3048 4775 pracipuos
3089 4695 3390 4776 apostolos,
3422 4705 3685 4774 docetque

2104 4793 2235 4848 nihil
2264 4794 2349 4848 hic
2373 4794 2662 4850 humanum
2692 4808 2831 4853 esse.
2862 4796 3046 4866 Neque
3072 4806 3198 4852 tunc
3220 4794 3498 4868 Spiritum,
3527 4806 3584 4850 ut
3610 4797 3676 4851 si-

2103 4897 2205 4955 gna
2243 4886 2453 4950 ederet,
2490 4888 2731 4956 accepit,
2767 4898 2818 4940 ut
2854 4888 2932 4941 sic
2960 4888 3076 4958 ejus
3102 4888 3236 4944 ﬁdes
3265 4888 3682 4943 ostenderetur:

2105 4984 2278 5048 neque
2302 4978 2444 5032 enim
2474 4979 2796 5048 signa'fecit.
2826 4977 2895 5032 Et
2924 4980 3113 5046 statim,
3147 4968 3347 5050 inquit,
3381 4981 3434 5033 in
3464 4992 3686 5050 synago-

2105 5076 2184 5146 gis
2213 5074 2519 5145 prcedicabat
2543 5072 2831 5141 Christum,
2862 5077 2981 5145 quia
3010 5077 3092 5130 hic
3129 5082 3201 5131 est
3229 5074 3398 5129 Filius
3427 5074 3538 5128 Dei.
3572 5074 3686 5128 Non

2107 5166 2428 5238 praedicabat
2452 5167 2593 5238 quod
2622 5172 3003 5225 resurrexisset
3024 5212 3039 5236 ,
3072 5174 3246 5239 neque
3273 5158 3414 5240 quod
3442 5170 3645 5223 viveret
3670 5184 3686 5232 ;

2106 5260 2202 5315 sed
2229 5260 2393 5329 quid?
2422 5261 2831 5316 Accuratissim‘e
2863 5268 3056 5332 dogma
3085 5262 3419 5332 exponebat,
3451 5258 3582 5326 Quia
3608 5261 3691 5312 hic

2108 5362 2181 5408 est
2231 5352 2393 5408 Filius
2436 5350 2552 5408 Dei.
2604 5354 2679 5409 Illi
2718 5362 2848 5411 vero
2888 5355 2971 5411 his
3011 5354 3204 5410 auditis
3234 5356 3286 5409 in
3319 5352 3691 5409 incredulitate

2112 5455 2379 5515 perstant,
2411 5452 2532 5501 cum
2578 5449 2899 5518 Opnrtuisset
2947 5463 3055 5503 non
3103 5436 3283 5503 modo’
3301 5446 3554 5510 credere,
3594 5442 3691 5500 sed

2110 5540 2266 5593 etiam
2295 5536 2689 5608 obstupescere.
2719 5536 2786 5594 Et
2806 5554 2903 5594 cur
2923 5548 3028 5593 non
3054 5538 3385 5606 simpliciter,
3408 5552 3479 5609 qu
3502 5537 3548 5591 id
3573 5552 3693 5606 per-

2109 5636 2365 5696 sequutnr
2402 5627 2593 5693 fuerit,
2627 5630 2848 5694 dicunt;
2881 5631 2974 5685 sel
3013 5632 3153 5701 quod
3196 5636 3521 5700 estittgnuret
3559 5638 3694 5693 eos,

2114 5723 2197 5794 qui
2227 5721 2326 5777 huc
2356 5736 2548 5778 nomen
2580 5722 2927 5780 invocarent?
2958 5723 3201 5795 Magnum
3232 5725 3461 5777 furorem
3495 5721 3578 5777 his
3601 5721 3693 5775 tle-
