4088 6142
418 259 513 317 161
612 258 639 273 ’⁵
1190 265 1249 319 S.
1288 264 1571 322 JOANNIS
1604 264 2095 323 CIIBYSOS'I’OMI
2134 265 2453 323 ARCHIEP.
2494 265 3038 323 (:ONSTANTINOP.

411 376 613 443 τοῦτος
644 376 717 432 Tb
748 376 951 448 σφόδρα
977 379 1202 447 μανικὸν
1233 380 1322 436 διὰ
1350 382 1540 437 τούτου
1567 383 1943 454 ἐμφαίνοντες.
1967 381 2076 436 Kal

412 464 515 519 οὐκ
540 462 690 518 εἶπον
709 464 799 518 τὸν
837 464 1062 536 Ἰησοῦν,
1098 467 1208 520 ἀπὸ
1231 468 1331 539 τῆς
1363 468 1659 539 βασκανίας
1689 469 1888 523 οὐδὲτὸ
1906 469 2078 541 ὄνομα

414 551 636 605 ἀκούειν
667 552 1022 623 ἀνεχόμενοι·
1056 552 1231 617 οὔτως
1266 550 1406 627 ἦσαν
1446 557 1921 629 ἐκτεθηριωμένοι.
1968 558 2079 613 Καὶ

413 632 530 692 ὧδε
560 641 646 704 είς
664 638 840 693 τοῦτο
862 640 1179 706 ἐλήλυθεν.
1205 643 1317 696 Ούκ
1344 643 1538 716 ἔχομεν
1560 647 1752 711 εἰπεῖν,
1788 647 1972 717 φησὶν,
1998 647 2078 700 ὅτι

414 729 526 790 τοῖς
556 726 873 793 ἀποστόλοις
902 728 1166 801 πρότερον
1197 733 1531 799 συνεγένετο.

482 818 703 889 γ¹.Ὂρα
720 818 807 873 διὰ
818 820 998 874 πόσων
1017 820 1357 892 ὁμολογεῖται
1374 823 1482 878 τῶν
1511 825 1718 898 ἐχθρῶν
1745 827 2028 897 τυγχάνων
2049 828 2078 878 δ

413 903 643 968 Παῦλος.
684 906 741 960 '0
767 907 825 960 δὲ
850 908 911 960 οὐ
940 908 1099 979 μόνον
1130 911 1230 964 οὐκ
1262 911 1524 982 ᾐσχύνετο
1554 914 1784 981 τούτοις,
1814 913 1950 968 ἀλλὰ
1981 915 2076 968 καὶ

413 994 760 1065 ἐνηϐρύνετο.
807 996 1044 1063 Σαῦλος
1079 997 1148 1051 δὲ
1183 998 1425 1068 μᾶλλον
1467 1000 1928 1070 ἐνεδυναμοῦτο,
1978 1002 2077 1055 καὶ

412 1083 775 1151 συνῄσχυνε
797 1083 940 1150 τοὺς
982 1085 1312 1152 Ἰουδαίους
1330 1104 1345 1118 ο
1366 1088 1657 1153 τουτέστιν,
1697 1088 2074 1158 ἐπεστόμιζεν,

410 1169 513 1222 οὐκ
536 1168 622 1225 sla
641 1186 693 1222 τι
716 1172 920 1224 εἰπεῖν’
944 1171 1338 1241 συμϐιϐἀζων,
1375 1173 1464 1228 ὅτι
1492 1170 1670 1241 οὗτός
1693 1175 1865 1229 ἐστιν
1885 1178 1919 1230 ό
1944 1178 2077 1244 Χρι-

413 1255 580 1322 στός.
613 1258 889 1311 Διδάσκων
910 1301 925 1325 ,
966 1248 1102 1330 φησί
1127 1276 1142 1291 ⁶
1166 1260 1484 1326 διδάσκαλος
1515 1264 1607 1316 καὶ
1633 1264 1741 1335 γάρ
1762 1264 1961 1327 εὐθέως
1984 1261 2071 1336 ἦν.

422 1341 524 1410 Ὠς
572 1343 688 1397 δὲι
713 1346 1095 1415 ἐπληροῦντο
1154 1351 1365 1419 ἡμέραι
1413 1352 1633 1417 bear-al,
1675 1354 2076 1407 συνεϐουλεύ-

411 1447 604 1488 σαντο
625 1437 679 1489 οἱ
716 1433 999 1491 Ἰουδαῖοι
1043 1437 1285 1493 ἀνελεῖν
1324 1440 1531 1495 αὐτόν.
1567 1441 1693 1495 Ἐπὶ
1730 1442 1821 1497 τὸν
1858 1445 2076 1516 ίσχυρὸν

414 1520 773 1593 συλλογισμὸν
799 1522 1050 1595 ἔρχονται
1090 1526 1254 1580 πάλιν
1304 1529 1353 1581 οί
1397 1529 1656 1583 Ἰουδαῖοι.
1698 1532 1811 1585 Οὐκ
1850 1532 1927 1586 ἐτι
1966 1533 2075 1605 γάρ

414 1609 777 1679 συκοφάντας,
805 1612 899 1665 καὶ
927 1615 1285 1685 κατηγόρους,
1305 1617 1399 1669 καὶ
1414 1615 1862 1691 ψευδομάρτυρας
1888 1620 2076 1692 ἐπιζη-

410 1697 596 1751 τοῦσιν
620 1715 635 1731 ’
671 1699 793 1752 οὐδέ
824 1702 932 1770 γὰρ
971 1699 1051 1755 ἔτι
1080 1702 1365 1772 ἀνέχονται
1389 1704 1594 1758 τούτων
1622 1723 1636 1737 °
1670 1706 1806 1759 ἀλλά
1831 1708 1917 1774 τί;
1954 1709 2077 1761 Λοι-

411 1783 513 1837 πδν
563 1784 719 1838 αὐτοὶ
761 1784 828 1837 δι’
869 1787 1078 1840 ἑαυτῶν
1117 1788 1272 1842 τοῦτο
1317 1791 1662 1860 ἐργάζονται.
1722 1793 1937 1865 Ἐπειδὴ
1966 1793 2075 1864 γὰρ

410 1865 551 1924 εἶδον
579 1872 984 1942 ἐπιτεινόμενον
1005 1874 1067 1926 τὸ
1111 1878 1374 1947 πρᾶγμα,
1405 1878 1525 1931 οὐδὲ
1560 1878 1905 1950 δικαστήριον
1944 1881 2075 1934 καθ-

413 1954 639 2020 ίζουσιν·
669 1958 898 2027 Ἔτνώσ
901 1964 972 2028 θη
1002 1960 1070 2014 δέ
1090 1960 1169 2025 τῷ
1202 1965 1415 2028 Σαύλῳ
1451 1965 1490 2032 ἡ
1523 1965 1811 2035 ἐπιϐουλὴ
1835 1966 2034 2021 αὐτῶν
2056 1986 2071 1999 -

409 2042 792 2111 παρετήρουν
835 2061 899 2098 τε
936 2047 1043 2112 τὰς
1082 2050 1282 2114 πύλας
1317 2049 1543 2119 ἡμέρας
1584 2069 1650 2105 τε
1689 2052 1788 2107 καί
1833 2055 2072 2122 νυκτὸς,

409 2129 570 2216 ὅπως
600 2131 787 2186 αὐτὸν
805 2132 1088 2190 ἀνέλωσι.
1118 2136 1215 2190 Διά
1234 2137 1323 2204 τί;
1358 2139 1479 2193 Ὅτι
1502 2142 1718 2195 πάντων
1744 2144 2075 2216 ἀφορητότε-

413 2233 504 2288 ρον
538 2213 605 2291 ἦν
638 2220 823 2284 αὐτοῖς
842 2222 950 2276 τῶν
978 2223 1078 2294 ἤδη
1104 2228 1486 2297 γεγενημένων
1519 2230 1778 2299 σημείων,
1809 2213 1919 2284 τῶν
1941 2250 2073 2286 πενσ

407 2305 790 2378 τακισχιλίων,
824 2310 931 2363 τῶν
963 2312 1277 2384 τρισχιλίων
1297 2355 1312 2378 ,
1349 2317 1567 2370 πάντων
1598 2317 1802 2383 ἁπλῶς.
1839 2320 1947 2374 Kal
1974 2322 2077 2393 ὅρα

407 2393 571 2483 αὐτὸν
596 2395 734 2483 τέως
752 2397 812 2450 ού
837 2399 1020 2469 χάριτι
1052 2399 1379 2472 σωζόμενον,
1413 2403 1527 2458 ἀλλ’
1552 2406 1869 2483 ἀνθρωπίνῃ
1892 2412 2073 2483 σοφίᾳ·

374 2480 497 2568 ,ῖνα
546 2482 725 2557 μάθῃς
771 2483 866 2539 τοῦ
901 2486 1094 2559 ἀνδρὸς
1135 2490 1234 2559 τὴν
1272 2492 1475 2562 ἀρετὴν
1508 2494 1600 2548 καὶ
1630 2496 1797 2566 χωρὶς
1834 2480 2075 2568 σημείων

406 2566 735 2639 λάμποντος.
778 2576 1076 2642 Λαϐόντες
1122 2575 1190 2630 δὲ
1233 2577 1421 2633 αὑτὸν
1457 2583 1514 2633 οἱ
1550 2583 1805 2651 μαθηταὶ
1832 2566 2072 2654 νυκτὸς,

407 2658 685 2727 καθῆκαν
722 2660 820 2717 διὰ
853 2662 960 2719 τοῦ
988 2664 1227 2735 τείχους
1246 2707 1260 2730 ,
1291 2668 1675 2737 χαλάσαντες
1708 2672 1780 2726 ἐν
1805 2675 2073 2743 σπυρίδι.

405 2745 649 2810 Εἰκότως
669 2767 681 2779 ·
710 2749 799 2802 ἴνα
821 2750 1132 2806 ἀνύποπτον
1217 2754 1280 2808 τὸ
1301 2758 1554 2827 πρᾶγμα.
1591 2759 1656 2812 Τί
1684 2755 1804 2826 οὖν;
1835 2763 2077 2818 τοιοῦτον

405 2833 650 2924 κίνδυνον
673 2836 951 2906 διαφυγὼν
968 2881 984 2906 ,
1008 2837 1117 2911 ἆρα
1135 2841 1350 2896 ἵσταται
1374 2844 1403 2883 ιι
1423 2862 1437 2909 ;
1459 2845 1746 2916 Οὐδαμῶς,
1778 2849 1891 2903 ἀλλ’
1912 2852 2078 2924 ἀπέρ-

405 2938 560 2992 χεται
581 2922 711 2978 ἐνθα
744 2927 1010 2996 μειζόνως
1027 2927 1094 2981 ἂν
1107 2929 1305 2993 αὐτοὺς
1327 2930 1535 3001 ἐξάψει.
1557 2935 1679 2987 Ὅτι
1697 2936 1806 3007 γὰρ
1835 2922 2078 3010 ἀκριϐῶς

411 3011 754 3077 ἐπίστευσεν,
804 3014 1033 3067 ἀπιστον
1074 3010 1140 3086 ἦν
1196 3016 1276 3069 ἔτι
1312 3021 1426 3082 τοῖς
1469 3020 1702 3085 πολλοῖς.
1765 3025 1863 3079 Διά
1920 3028 2077 3083 τοῦτο

407 3092 559 3169 [166]
580 3098 698 3167 μεθ’
730 3099 945 3170 ἡμέρας
973 3100 1165 3166 ίκανάς
1191 3103 1351 3157 τοῦτο
1380 3105 1611 3174 γίνεται.
1660 3108 1726 3162 Τί
1762 3128 1891 3165 ποτε
1919 3116 2077 3170 τοῦτό

407 3184 590 3252 ἐστιν;
620 3185 781 3249 Εἰκὸς
802 3186 965 3242 αὐτὸν
1000 3189 1074 3261 μὴ
1110 3188 1391 3259 βούλεσθαι
1422 3193 1560 3257 τέως
1587 3195 1823 3262 ἐξελθεῖν
1846 3201 2073 3269 ἐκεῖθεν,

406 3270 618 3345 πολλῶν
639 3273 770 3339 ῖσως
811 3277 1225 3349 παραινούντων
1252 3295 1266 3310 ’
1309 3280 1495 3352 ἐπειδὴ
1523 3280 1580 3335 δὲ
1610 3284 1799 3355 ἔμαθε,
1835 3270 1954 3341 τότε
1980 3291 2078 3342 ἐπ-

406 3357 602 3447 έτρεψε
631 3365 745 3427 τοῖς
779 3364 1051 3436 μαθηταῖς
1073 3367 1238 3421 αὐτοῦ
1259 3384 1272 3399 ο
1297 3370 1392 3423 καὶ
1416 3370 1525 3442 γὰρ
1542 3372 1791 3444 μαθητάς
1812 3372 1958 3447 εἶχεν
1986 3380 2077 3432 εὐ-

404 3445 564 3512 θέως.
588 3449 760 3504 Τοῦτο
783 3453 1152 3524 αἰνιττόμενος
1175 3455 1360 3523 ἔλεγεν
1381 3473 1396 3488 ·
1450 3459 1505 3510 '0
1529 3460 1825 3530 ἐθνάρχης
1866 3445 2079 3533 -Ἃρέτα

404 3534 514 3589 τοῦ
560 3536 870 3606 βασιλέως
920 3541 1196 3611 ἐφρούρει
1245 3544 1361 3612 τὴν
1409 3548 1821 3617 Δαμασκηνῶν
1872 3558 2075 3621 πόλιν,

407 3621 621 3714 πιάσαι
647 3644 726 3714 με
759 3626 970 3685 θέλων.
1003 3631 1111 3682 Kal
1136 3631 1238 3703 ὅρα
1270 3632 1363 3687 τὸν
1392 3634 1783 3710 εὐαγγελιστὴν
1807 3641 1958 3697 οὐδὲν
1991 3662 2078 3714 φι-

407 3711 649 3782 λοτίμως
670 3713 919 3782 λέγοντα,
948 3715 1069 3769 οὐδὲ
1097 3717 1348 3791 λαμπρὸν
1386 3721 1671 3778 δεικνύντα
1708 3727 1799 3779 τὸν
1835 3711 2076 3797 Παῦλον,

409 3799 543 3852 ἀλλά
582 3801 742 3871 μόνον
768 3803 849 3856 ὅτι
878 3804 1178 3875 ἐπήγειραν
1200 3807 1290 3861 τὸν
1321 3808 1562 3878 βασιλέα.
1594 3814 1771 3867 Μόνον
1798 3812 1890 3871 οῦν
1916 3820 2077 3874 αὐτὸν

409 3886 867 3978 ἐξέπεμψανηκαὶ
897 3891 1089 3945 οὐδένα
1125 3896 1244 3963 μετ’
1271 3896 1459 3952 αὐτοῦ.
1510 3900 1622 3952 Kal
1662 3901 1819 3957 τοῦτο
1859 3904 1914 3958 δὲ
1943 3923 2080 3978 συμ-

408 3974 703 4047 φερόντως.
740 3974 882 4031 ὥστε
905 3979 1066 4033 αὐτὸν
1097 3981 1331 4052 φανῆναι
1358 3987 1469 4048 τοῖς
1493 3985 1809 4055 ἀποστόλοις
1830 3992 1888 4045 ἐν
1916 3974 2081 4066 Ἱερο-

410 4061 665 4133 σολύμοις
689 4079 704 4095 ⁸
739 4064 939 4134 μᾶλλον
963 4065 1021 4121 δὲ
1048 4068 1203 4122 αὐτοὶ
1224 4070 1321 4139 μὲν
1345 4070 1679 4143 ἐξέπεμψαν,
1703 4076 1778 4142 ὡς
1803 4079 1866 4133 ἐκ
1886 4061 2077 4136 τούτου

407 4147 593 4203 λοιπὸν
622 4150 799 4223 ἐαυτῷ
824 4152 923 4224 τὴν
953 4155 1228 4225 σωτηρίαν
1258 4158 1586 4229 πορίσασθαι
1618 4178 1631 4190 ·
1654 4164 1815 4229 αὐτὸς
1845 4166 1903 4219 δὲ
1927 4170 2080 4222 τούν·

407 4236 588 4292 ἀντίον
622 4240 1016 4310 πραττόμενος,
1066 4244 1147 4306 είς
1196 4244 1325 4309 τοὺς
1372 4249 1733 4319 μαινομένους
1780 4253 1940 4319 εὐθὺς
1975 4257 2077 4310 ἐπ-

405 4324 665 4397 επήδησε.
702 4326 871 4381 Τοῦτό
915 4330 1030 4383 ἐστι
1055 4332 1416 4405 πεπυρῶσθαι
1440 4375 1455 4401 ,
1486 4336 1644 4391 τοῦτο
1677 4340 1911 4410 μάλιστα
1943 4343 2075 4409 ζεῖν.

406 4410 520 4503 Kal
550 4413 783 4503 σκόπει,
815 4416 931 4480 πῶς
959 4418 1282 4485 ἀκολουθεῖ,
1316 4423 1381 4476 ἐκ
1405 4424 1628 4496 πρώτης
1655 4429 1870 4499 ἡμέρας
1894 4432 2080 4503 τηρῶν

404 4497 468 4552 τὸ
497 4500 865 4571 παράγγελμα
883 4544 898 4568 ,
924 4504 1062 4574 ὅπερ
1091 4506 1334 4574 ἥκουσαν
1361 4512 1411 4562 οί
1439 4511 1725 4567 ἀπόστολοι
1751 4497 1778 4580 ,⁷
1800 4516 1862 4569 τὸ
1885 4557 1899 4581 ,
1944 4497 2078 4573 ςἐὰν

522 4603 612 4675 τις
636 4586 750 4675 ἄρῃ
778 4588 887 4641 τὸν
915 4592 1185 4658 σταυρὸν
1205 4595 1394 4649 αὐτοῦ
1420 4598 1518 4651 καὶ
1546 4601 1937 4674 ἀκολουθήσῃ
1951 4624 2073 4675 μοι.

406 4672 482 4725 Τὸ
510 4671 686 4725 τοίνυν
722 4672 952 4746 ὕστερον
974 4677 1136 4729 αὐτὸν
1165 4678 1271 4732 τῶν
1304 4679 1481 4733 ἀλλων
1516 4683 1713 4747 ἐλθεῖν,
1746 4671 2077 4757 μᾶλλονναύ-

405 4760 497 4814 τὸν
514 4760 945 4845 Δπροθυμότερον
978 4763 1175 4817 ἐποίει.
1224 4766 1335 4819 Kal
1362 4767 1529 4841 σέργῳ
1566 4771 1867 4845 ἐπληροῦτο
1899 4780 2077 4834 ἐκεῖνο

405 4844 486 4937 τὸ,
514 4840 592 4915 *ῼ
624 4845 858 4937 ἀφίεται
900 4847 1079 4912 πολὺ,
1117 4846 1361 4918 μᾶλλον
1410 4840 1730 4924 ἀγαπήσει..
1778 4861 1938 4914 Ὥστε
1966 4864 2076 4937 ὅσῳ

407 4930 634 5004 ἐσχατον
666 4928 819 5005 ἦλθε,
850 4934 1087 5007 τοσούτῳ
1115 4937 1315 5007 μᾶλλον
1348 4941 1654 5014 ἠγάπησεν.
1681 4945 1780 4999 Διά
1809 4948 1963 5004 τοῦτο
1984 4928 2076 5006 κοὶι

404 5019 499 5074 τὸν
546 5020 811 5092 πρότερον
860 5021 977 5092 βίον
1024 5025 1220 5079 ἐαυτοῦ
1278 5028 1648 5098 στηλιτεύων,
1689 5036 1783 5088 καὶ
1814 5036 2076 5106 πολλάκις

405 5108 598 5162 ἑαυτὸν
633 5107 847 5174 στίζων,
887 5109 1040 5163 οὐδὲν
1085 5113 1270 5182 ἠγεῖτο
1318 5116 1503 5170 ἰκανὸν
1546 5114 1685 5173 εἶναι
1740 5123 1879 5193 πρὸς
1910 5126 1970 5179 τὸ
2007 5127 2078 5182 τά

405 5196 650 5266 πρότερα
677 5196 1016 5267 ἀποκρύψαι.
1041 5201 1440 5268 Συμϐιϐἀζον,
1470 5207 1623 5275 φησὶ,
1657 5212 1923 5280 τουτέστι,
1956 5218 2074 5286 μετ’

406 5286 707 5372 ἐπιεικείας
741 5285 1031 5340 διδάσκων.
1067 5288 1176 5343 Καὶ
1200 5290 1324 5361 δρα,
1347 5292 1410 5345 οὐ
1435 5293 1492 5346 λέ
1508 5312 1679 5361 ιουσιν
1705 5299 1874 5372 αὐτῷ,
1896 5285 1978 5357 ὅτι
2002 5305 2074 5359 Σὺ

404 5367 514 5460 οἷό
546 5374 763 5445 πορθῶν
792 5390 807 5405 ·
834 5374 886 5428 τί
939 5376 1380 5448 μεταϐέϐλησαι;
1426 5382 1720 5453 ᾐσχύνοντο
1752 5367 1859 5460 γάρ
1886 5407 1899 5421 ’
1938 5391 2075 5447 ἀλλά

406 5459 799 5550 πρδὶἐαυτοὺς
834 5461 1043 5532 ἐλεγον.
1091 5460 1225 5518 Εἷπε
1260 5468 1367 5538 γὰρ
1400 5468 1466 5522 ἂν
1500 5471 1679 5543 πολλῷ
1714 5459 2071 5550 δικαιότερον,

403 5546 489 5638 δτι
520 5547 690 5638 Τοῦτο
717 5549 950 5638 μάλιστα
975 5553 1117 5622 ὑμᾶς
1137 5552 1345 5617 διδάξαι
1376 5556 1616 5626 ὀφείλει,
1651 5562 1775 5616 ἐπεὶ
1805 5565 1897 5617 καὶ

418 5630 729 5705 ’Δγρίππαν
761 5635 933 5702 οὕτως
965 5639 1333 5709 ἀπολογεῖται.
1378 5644 1580 5701 Τοῦτον
1605 5648 1927 5721 μιμώμεθα,
1965 5630 2072 5711 παζ

467 5806 497 5835 ⁸
538 5804 637 5856 Alii
667 5807 947 5866 motum;
978 5812 1065 5876 γὰρ
1096 5814 1231 5872 οὗτος
1271 5817 1343 5878 ἦν.
1394 5818 1474 5875 Ὡς
1507 5821 1571 5870 δέ.
1648 5821 1675 5863 δ
1716 5822 1924 5890 Δίίὶἆρα
1967 5826 2075 5893 φεύ-

405 5889 504 5938 Υαὶ

3742 264 3849 322 162

2188 382 2433 454 ρακαλῶ,
2477 383 2571 437 καὶ
2612 386 2795 455 ἡμεῖς,
2830 380 3088 455 καὶπρὸς
3121 381 3326 443 πάντας
3377 374 3529 452 ὦμεν
3573 381 3849 447 κινδύνους

2183 470 2676 541 παρατεταγμένοι.
2705 471 2815 525 Kal
2840 470 2978 534 πῶς,
3001 468 3186 539 φησὶν,
3209 470 3416 531 ἐκεινος
3437 468 3626 537 φεύγει
3648 478 3705 534 °;
3736 469 3852 524 Οὐκ

2182 552 2249 629 ἦν
2281 558 2483 623 δειλίας
2508 559 2567 611 τὸ
2590 558 2843 630 πρᾶγμα,
2872 557 2987 611 ἀλλ’
3009 556 3302 625 ἐφύλαττεν
3329 554 3519 608 ἐαυτὸν
3538 555 3615 626 τῷ
3642 556 3852 626 κηρύγ-

2190 664 2342 717 ματι.
2376 647 2440 700 Εἰ
2472 646 2643 710 δειλὸς
2666 642 2768 718 ἦν,
2808 646 2909 698 οὐκ
2948 644 3015 699 ἂν
3059 647 3139 709 εἰς
3175 645 3244 697 τὰ
3282 643 3633 714 Ἱεροσόλυμα
3664 639 3854 715 ἦλθεν,

2089 730 2144 762 ν’
2182 733 2283 787 οὐκ
2306 733 2372 788 ἀν
2400 734 2607 799 εὐθέως
2640 733 2929 800 ἀνεδέξατο
2975 734 3073 804 τὴν
3114 730 3461 786 διδασκαλίαν
3482 748 3497 763 ·
3533 731 3852 801 καθυφῆκεν

2182 820 2249 874 ἀν
2275 823 2373 893 τῆς
2402 822 2779 893 σφοδρότητος.
2808 820 2964 883 ,⁹Λλλ’
2993 821 3094 872 οὐκ
3118 818 3183 890 ἦν
3204 817 3393 881 δειλὸς,
3416 817 3555 871 ἀλλά
3582 820 3676 871 καὶ
3706 820 3854 872 οἰκο-

2182 911 2429 978 νομικός.
2458 908 2782 979 Ἐπαιδεύθη
2804 906 2882 977 τῷ
2918 904 3081 960 πάθει
3108 905 3203 959 τοῦ
3236 905 3530 974 Στεφάνου.
3573 905 3664 957 Διὸ
3696 906 3851 958 οὐδὲν

2187 994 2331 1065 μέγα
2356 997 2542 1065 ἠγεῖτο
2569 995 2631 1049 τὸ
2662 996 2953 1049 ἀποθανεῖν
2986 994 3126 1065 ὑπὲρ
3155 993 3251 1046 τοῦ
3282 992 3657 1064 κηρύγματος,
3680 994 3742 1045 εί
3774 992 3854 1064 μὴ

2187 1082 2324 1151 μετά
2353 1081 2551 1136 πολλοῦ
2606 1082 2700 1136 τοῦ
2748 1082 2975 1153 κέρδους
3014 1080 3171 1134 τοῦτο
3202 1081 3526 1152 ἐργάσαιτο,
3567 1080 3853 1151 ἄνθρωπος

2181 1169 2303 1223 οὐδὲ
2332 1172 2421 1226 τὸν
2446 1171 2678 1243 Χριστὸν
2705 1171 2833 1224 ίδεῖν
2850 1170 3039 1233 θέλων,
3067 1169 3129 1221 ὃν
3153 1168 3386 1239 μάλιστα
3416 1168 3634 1220 πάντων
3655 1167 3854 1220 ἐσπευ-

2182 1257 2269 1312 δεν
2314 1258 2461 1326 ἰδεῖν,
2503 1258 2693 1331 ἐπειδὴ
2735 1260 2946 1312 οὐδέπω
2993 1259 3298 1329 ἀπήρτιστο
3341 1257 3489 1328 αὐτῷ
3530 1256 3599 1309 τά
3648 1258 3746 1327 τῆς
3770 1259 3852 1319 εἰς

2182 1349 2306 1412 τοὺς
2335 1349 2653 1422 ἀνθρώπους
2683 1348 3291 1421 οίκονομίας.Τοιαύτην
3319 1344 3461 1403 εἶναι
3490 1348 3594 1420 χρὴ
3618 1348 3714 1419 τὴν
3742 1348 3849 1418 ψυ-

2183 1434 2282 1507 χὴν
2311 1437 2406 1490 τοῦ
2429 1436 2780 1509 Χριστιανοῦ.

2252 1523 2315 1579 δ’.
2345 1524 2479 1579 ’Δπδ
2510 1526 2810 1597 προοιμίων
2836 1525 2930 1580 καὶ
2959 1524 3068 1578 ἀπὸ
3080 1523 3327 1595 βαλϐῖδος
3344 1523 3511 1601 αὐτῆς
3538 1523 3850 1580 ἐδείκνυτοσι

2181 1613 2211 1664 ό
2237 1611 2521 1683 χαρακτὴρ
2542 1612 2756 1667 Παύλου
2777 1629 2791 1643 ’
2818 1613 3017 1683 μᾶλλον
3044 1613 3102 1666 δέ
3132 1613 3227 1666 καὶ
3255 1611 3362 1682 πρὸ
3389 1610 3600 1665 τούτου.
3653 1611 3742 1664 Ἐν
3769 1606 3852 1674 οἷς

2181 1697 2291 1766 γάρ
2329 1698 2392 1750 οὐ
2431 1699 2573 1753 κατά
2597 1699 2799 1767 γνῶσιν
2825 1700 3033 1764 ἐποίει,
3064 1698 3390 1770 ἀνθρωπίνῳ
3421 1698 3736 1768 κινούμενος
3761 1698 3851 1752 λο-

2181 1784 2369 1856 γισμῷ
2409 1784 2782 1856 διεπράττετο.
2814 1788 2879 1840 El
2914 1788 3025 1857 γὰρ
3054 1788 3191 1858 μετά
3225 1787 3481 1840 τοσοῦτον
3528 1786 3719 1857 χρόνον
3751 1787 3854 1840 οὐκ

2180 1871 2377 1944 ἢθελεν
2408 1872 2671 1926 ἀναλῦσαι
2697 1886 2711 1902 ο
2734 1873 2912 1944 πολλῷ
2942 1873 3140 1945 μᾶλλον
3162 1875 3219 1926 ἐν
3240 1875 3380 1943 ἀρχῇ
3414 1874 3513 1943 τῆς
3541 1873 3812 1943 ἐμπορίας
3834 1910 3851 1935 ,

2182 1960 2307 2031 ἀρτι
2338 1959 2447 2012 τῶν
2471 1960 2706 2031 λιμένων
2735 1960 2984 2026 ἐξελθών.
3023 1963 3137 2015 Οὐκ
3175 1961 3475 2031 ἐξαρπάζει
3516 1960 3573 2013 δέ
3614 1960 3777 2013 αὐτὸν
3822 1963 3853 2014 ὸ

2182 2046 2415 2117 Χριστὸς
2434 2046 2528 2101 τοῦ
2556 2046 2824 2113 κινδύνου,
2843 2047 2957 2102 ἀλλ’
2982 2048 3209 2119 ἀφίησιν
3232 2065 3244 2077 ·
3272 2047 3459 2118 ἐπειδὴ
3484 2047 3734 2117 βούλεται
3755 2047 3855 2101 καὶ

2182 2132 2498 2207 ἀνθρωπίνῃ
2523 2136 2735 2190 συνέσει
2761 2135 2933 2190 πολλὰ
2958 2135 3227 2205 γίνεσθαι.
3256 2134 3468 2199 ¹ςΔλλως
3497 2134 3555 2189 δέ
3590 2136 3813 2206 ἀφίησιν
3832 2174 3850 2199 ,

2183 2219 2270 2273 ἴνα
2298 2220 2581 2293 μάθωμεν,
2608 2223 2691 2276 δτι
2720 2224 2815 2276 καὶ
2846 2223 2999 2277 αὐτοὶ
3036 2222 3313 2295 ἄνθρωποι
3343 2218 3484 2294 ἦσαν
3504 2263 3520 2286 ,
3553 2224 3647 2277 καὶ
3670 2223 3751 2276 ὅτι
3787 2223 3851 2277 οὐ

2183 2309 2459 2380 πανταχοῦ
2491 2308 2554 2364 τδ
2588 2312 2695 2364 πᾶν
2723 2314 2756 2383 ἡ
2782 2312 2939 2382 χάρις
2966 2312 3186 2384 ἐνήργει
3204 2328 3219 2342 ο
3252 2311 3377 2366 ἐπεὶ
3397 2313 3445 2364 εί
3479 2310 3555 2383 μὴ
3574 2309 3732 2364 τοῦτο
3757 2305 3849 2382 ἦν,

2185 2394 2314 2462 ξύλα
2349 2398 2534 2462 ἁπλῶς
2580 2399 2945 2470 ἐνομίσθησαν
2985 2399 3068 2455 ἀν.
3113 2400 3213 2454 Διά
3248 2416 3331 2452 τοι
3372 2397 3533 2451 τοῦτο
3563 2397 3730 2452 πολλὰ
3757 2398 3852 2453 καὶ

2183 2484 2338 2538 αὐτοὶ
2362 2485 2677 2557 ᾠκονόμουν
2714 2486 2864 2560 [167]
2894 2486 2982 2541 διὰ
3010 2486 3118 2541 τῶν
3146 2487 3511 2558 πραγμάτων.
3546 2486 3717 2538 Τοῦτο
3757 2486 3855 2537 καί

2181 2573 2344 2643 ἡμεῖς
2376 2572 2643 2643 ποιῶμεν,
2680 2574 2774 2628 καὶ
2806 2574 2948 2628 οὕτω
2976 2575 3076 2645 τῆς
3113 2574 3222 2629 τῶν
3249 2574 3495 2645 ἀδελφῶν
3532 2573 3855 2646 ὀρεγώμεθα

2185 2660 2477 2730 σωτηρίας.
2493 2659 2665 2715 Τοῦτο
2687 2662 2986 2733 μαρτυρίου
3005 2663 3105 2716 οὐκ
3119 2662 3361 2729 ἔλαττον,
3392 2661 3558 2734 μηδὲν
3584 2662 3855 2733 παραιτή-

2185 2747 2382 2801 σασθαι
2430 2746 2625 2802 παθεῖν
2666 2748 2758 2804 διά
2796 2749 2896 2821 τὴν
2951 2750 3057 2803 τῶν
3103 2750 3317 2804 πολλῶν
3363 2750 3657 2821 σωτηρίαν.
3686 2749 3857 2803 οὐδὲν

2181 2833 2354 2898 οὕτως
2384 2835 2665 2906 εὐφραίνει
2690 2835 2784 2890 τὸν
2811 2837 2963 2892 Θεόν.
2996 2837 3167 2891 Πάλιν
3192 2837 3326 2909 ἐρῶ,
3344 2836 3374 2892 δ
3394 2837 3651 2901 πολλάκις
3670 2833 3853 2890 εῖπονυ

2183 2922 2295 2993 ἐρῶ
2320 2923 2395 2988 δὲ,
2424 2924 2612 2996 ἐπειδὴ
2642 2925 2847 2996 σφόδρα
2866 2925 2998 2979 αὐτὸ
3033 2924 3295 2997 βούλομαι
3321 2942 3336 2956 ·
3362 2925 3484 2979 ἐπεὶ
3518 2924 3614 2978 καὶ
3654 2926 3683 2978 δ
3719 2925 3858 2996 Χρι-

2186 3011 2310 3074 στὸς
2340 3011 2400 3064 τὸ
2423 3012 2554 3065 αὐτὸ
2581 3013 2774 3075 ἐποίει,
2803 3014 2932 3084 περὶ
2954 3013 3200 3083 ἀφέσεως
3225 3013 3504 3085 παραινῶν
3533 3014 3629 3067 καὶ
3654 3013 3854 3082 λέγων-

2186 3098 2366 3154 Ὀταν
2384 3101 2806 3169 προσεύχησθε
2835 3113 2857 3141 ο
2880 3102 3068 3171 ὑμεῖς,
3095 3102 3301 3173 ἀφίετε
3324 3103 3381 3156 εί
3417 3120 3470 3157 τι
3505 3101 3660 3156 κατά
3689 3118 3857 3167 τινος

2183 3186 2372 3254 ἔχετε.
2418 3187 2587 3241 Πάλιν
2626 3188 2703 3257 τῷ
2748 3187 2940 3260 Πέτρῳ
2988 3189 3400 3261 διαλεγόμενος,
3436 3190 3519 3243 Οὐ
3545 3188 3698 3259 λέγω
3729 3204 3852 3253 σοι,

2186 3276 2369 3346 φησὶν,
2400 3276 2488 3330 ὅτι
2510 3278 2693 3346 Ἀφες
2718 3275 2830 3342 ἕως
2849 3275 3115 3343 ἑπτάκις,
3134 3278 3273 3332 ἀλλ’
3293 3276 3404 3343 ἕως
3422 3276 3857 3347 ἑϐδομηκοντά-

2184 3379 2279 3429 κις
2310 3360 2463 3417 ἑπτά
2482 3378 2497 3393 ο
2520 3364 2616 3417 καὶ
2638 3363 2726 3417 διά
2755 3362 2867 3417 τῶν
2896 3363 3074 3435 ἐργων
3091 3365 3270 3436 ἀφῆκε
3285 3364 3355 3419 τά
3371 3366 3451 3429 είς
3484 3363 3648 3419 αὐτὸν
3675 3364 3857 3434 πλημ-

2188 3450 2497 3522 μελήματα.
2534 3451 2689 3505 υῦτω
2709 3452 2772 3524 δὴ
2797 3453 2891 3507 καὶ
2910 3455 3094 3524 ἡμεῖς,
3133 3454 3327 3527 ἐπειδὴ
3359 3453 3519 3526 ῐσμεν
3547 3455 3707 3509 τοῦτο
3729 3456 3856 3526 ὅρον

2184 3540 2612 3611 Χριστιανισμοῦ
2626 3539 2777 3604 ὄντα,
2796 3539 2885 3594 διὰ
2905 3541 3107 3604 παντὸς
3123 3543 3255 3614 περὶ
3276 3542 3443 3596 αὐτοῦ
3473 3542 3853 3612 διαλεγόμεθα.

2257 3626 2424 3680 Οὐδὲν
2451 3626 2785 3699 ψυχρότερον
2808 3628 3138 3701 Χριστιανοῦ
3159 3670 3173 3693 ,
3210 3629 3429 3701 ἐτέρους
3465 3630 3539 3701 μὴ
3570 3631 3855 3696 σώζοντος.

2186 3717 2300 3770 Οὐκ
2328 3716 2470 3788 ἐχεις
2509 3717 2743 3772 ἐνταῦθα
2792 3720 2984 3774 πενίαν
3028 3719 3205 3774 εἰπεῖν
3232 3720 3302 3790 ’ἡ
3332 3721 3442 3791 γὰρ
3470 3720 3539 3773 τά
3569 3720 3665 3773 δύο
3688 3735 3858 3773 κατα-

2187 3803 2428 3858 ϐαλοῦσα
2480 3804 2675 3872 λεπτὰ,
2726 3808 3119 3879 κατηγορήσει.
3180 3807 3291 3860 Kal
3359 3807 3570 3880 Πέτρος
3623 3807 3811 3875 ἔλεγεν
3835 3821 3854 3840 ο

2198 3891 2497 3961 Ἀργύριον
2541 3893 2643 3948 καὶ
2680 3897 2937 3964 χρυσίον
2968 3897 3081 3964 οὐχ
3114 3894 3370 3965 ὑπάρχει
3398 3913 3520 3964 μοι.
3570 3895 3679 3948 Kal
3710 3895 3858 3948 Παῦ-

2186 3976 2277 4041 λος
2309 3978 2480 4042 οῦτως
2503 3975 2572 4051 ἦν
2602 3979 2792 4051 πένης,
2820 3980 2896 4045 ῶς
2928 3982 3019 4036 καὶ
3041 3984 3294 4035 πεινᾶσαι
3327 3981 3606 4046 πολλάκις,
3638 3980 3733 4034 καὶ
3758 3978 3859 4051 τῆς

2186 4064 2493 4133 ἀναγκαίας
2523 4067 2800 4138 ἀπορῆσαι
2835 4068 3065 4138 τροφῆς.
3102 4069 3215 4121 Οὐκ
3244 4070 3389 4139 ἔχεις
3430 4068 3745 4136 δυσγένειαν
3783 4069 3862 4120 εῖ-

2187 4155 2312 4207 πεῖν
2342 4170 2355 4182 ι
2377 4153 2471 4218 καὶ
2500 4152 2607 4224 γὰρ
2632 4154 2829 4208 ἐκεῖνοι
2858 4154 3063 4225 ἀσημοι
3089 4150 3251 4226 ἦσαν,
3285 4156 3377 4209 καὶ
3396 4155 3458 4220 ἐξ
3476 4155 3860 4227 ἀσήμων.ούκ

2186 4240 2331 4312 ἔχεις
2369 4240 2637 4295 ίδιωτείαν
2684 4241 3051 4314 προϐαλέσθαι
3084 4260 3097 4273 ο
3128 4240 3361 4315 καὶγὰρ
3402 4244 3600 4315 ἐκεῖνοι
3639 4244 3861 4315 ἀγράμ-

2189 4347 2351 4402 ματοι
2383 4325 2543 4401 ἦσαν.
2579 4330 2695 4385 Κᾶν
2726 4329 2914 4394 δοῦλος
2942 4326 3009 4404 ᾗς
3031 4373 3047 4397 ,
3076 4330 3176 4384 κᾶν
3200 4330 3478 4402 δραπέτης
3497 4370 3511 4394 ,
3551 4330 3756 4403 δυνήσῃ
3793 4331 3862 4385 τά

2186 4418 2340 4489 παρά
2365 4419 2564 4473 σαυτοῦ
2598 4419 2919 4491 πληρῶσαι·
2956 4419 3079 4472 ἐπεὶ
3107 4420 3200 4473 καὶ
3231 4419 3260 4471 ὁ
3301 4418 3588 4489 Ὀνήσιμος
3614 4420 3861 4483 τοιοῦτος

2184 4503 2274 4579 ἦν.
2309 4507 2450 4561 Ἀλλ’
2470 4508 2573 4581 ὅρα
2597 4506 2701 4562 ποῦ
2724 4507 2882 4562 καλεῖ
2908 4508 3093 4570 αὐτὸν,
3139 4507 3232 4561 καὶ
3262 4508 3344 4570 είς
3368 4505 3533 4561 πόσον
3551 4507 3675 4574 ἀγει
3696 4505 3863 4571 ἀξίωο

2188 4614 2287 4669 μα.
2326 4598 2460 4652 Ἵνα
2490 4596 2750 4666 κοινωνῇ
2773 4615 2877 4667 μοι
2898 4637 2916 4663 ,
2943 4599 3108 4670 φησὶν
3127 4638 3142 4660 ,
3182 4597 3255 4649 ἐν
3281 4596 3406 4662 τοῖς
3442 4595 3687 4667 δεσμοῖς
3714 4614 3858 4665 μου.

2185 4686 2301 4739 Οὶκ
2332 4685 2477 4756 ἐχεις
2496 4685 2782 4739 ἀσθένειαν
2805 4687 3007 4739 εἰπεῖν·
3030 4684 3154 4736 ἐπεὶ
3195 4684 3290 4738 καὶ
3327 4683 3591 4754 Τιμόθεος
3615 4684 3860 4750 τοιοῦτος

2183 4768 2273 4844 ἦν,
2322 4772 2532 4835 πυκνὰς
2584 4772 2723 4843 ἔχων
2769 4773 2869 4835 τάς
2906 4770 3214 4835 ἀσθενείας.
3243 4772 3364 4826 Ὅτι
3398 4772 3456 4827 δέ
3489 4772 3720 4845 ἀσθενὴς
3752 4768 3856 4844 ἦν,

2186 4862 2350 4916 ἄκουε
2375 4877 2390 4891 ·
2419 4862 2571 4925 οϊνῳ
2598 4862 2779 4932 ὀλίγῳ
2808 4858 2931 4928 χρῶ
2973 4857 3071 4913 διὰ
3100 4859 3207 4914 τὸν
3246 4863 3554 4931 (napade
3591 4878 3709 4916 σου
3759 4859 3859 4915 καί

2184 4949 2291 5016 τὰς
2346 4947 2585 5014 πυκνάς
2638 4965 2755 5002 σου
2807 4948 3148 5016 ἀσθενείας.
3202 4949 3435 5003 Δύναται
3487 4950 3715 5013 ἕκαστος
3765 4948 3859 5003 τὸν

2184 5038 2414 5109 πλησίον
2443 5037 2694 5106 ὠφελεῖν,
2729 5036 2822 5091 ἐάν
2852 5037 2982 5111 θέλῃ
3005 5038 3075 5092 τά
3103 5040 3233 5111 παρ’
3261 5038 3425 5093 αὐτοῦ
3459 5039 3721 5111 πληροῦν.
3742 5040 3857 5111 Οὐχ

2184 5129 2345 5201 ὁρᾶτε
2374 5126 2441 5181 τά
2456 5125 2648 5198 δένδρα
2666 5125 2736 5179 τά
2757 5126 2982 5197 ἄκαρπα
2998 5126 3116 5191 πῶς
3142 5129 3288 5181 ἐστιν
3315 5127 3530 5198 ἰσχυρά,
3555 5126 3673 5191 πῶς
3690 5126 3856 5192 καλὰ,

2183 5215 2423 5285 εὐμήκη,
2458 5214 2576 5268 λεῖα
2605 5214 2699 5267 καὶ
2729 5214 2943 5287 ὐψηλά;
2987 5214 3129 5269 Ἀλλ’
3165 5216 3214 5268 εἰ
3248 5216 3580 5287 παράδεισον
3610 5216 3859 5286 ἔχοιμεν,

2185 5301 2511 5374 βουλοίμεθα
2553 5300 2619 5356 ἀν
2663 5302 2836 5372 ῥοιάς,
2876 5302 3063 5366 ἐλαίας
3097 5303 3243 5374 ἐχειν
3277 5303 3591 5375 καρπίμους
3619 5301 3639 5341 ί
3672 5301 3861 5373 πολλῷ

2187 5391 2389 5461 μᾶλλον
2413 5392 2446 5462 ἢ
2477 5392 2649 5445 ταῦτα
2676 5408 2689 5421 ·
2722 5394 2906 5445 ἐκεῖνα
2938 5390 3049 5461 γάρ
3080 5391 3213 5461 πρὸς
3233 5392 3427 5463 τέρψιν
3454 5391 3611 5454 εἰσὶν,
3634 5390 3695 5443 οὐ
3718 5390 3859 5461 πρὸς

2183 5480 2456 5547 ὠφέλειαν
2480 5497 2493 5509 ’
2525 5481 2620 5535 καὶ
2646 5482 2678 5551 ἡ
2704 5480 2941 5549 ὠφέλεια
2981 5478 3040 5531 δὲ
3079 5479 3254 5549 μικρά
3300 5479 3383 5543 τίς
3426 5480 3563 5532 ἐστι.
3609 5476 3860 5532 Τοιοῦτοί

2182 5572 2321 5624 εἰσιν
2363 5570 2413 5623 οί
2453 5570 2521 5623 τά
2561 5568 2740 5623 αὐτῶν
2784 5568 2945 5639 μόνον
2993 5566 3321 5631 σκοποῦντες
3345 5584 3359 5596 ·
3401 5566 3603 5637 μᾶλλον
3634 5563 3693 5619 δὲ
3729 5564 3859 5620 οὐδὲ

2714 5707 2877 5769 φησὶν,
2920 5706 3096 5769 ἐκεῖνος
3132 5706 3319 5768 φεύγεις
3370 5711 3541 5769 carent
3602 5704 3851 5769 nonnulli.

2907 5771 2931 5797 ⁸
2970 5767 3103 5817 Unus
3133 5767 3237 5814 Cod.
3268 5782 3327 5817 πε
3360 5770 3375 5816 ί
3426 5768 3641 5830 ἀφέσεως
3691 5767 3853 5815 διαλε-

2907 5846 2935 5877 ε.
3029 5830 3043 5867 ί
3092 5828 3226 5877 {Inus
3261 5784 3369 5880 COS.
3406 5830 3564 5879 ἐλαίαν
3606 5830 3729 5880 ἔχειν
3772 5824 3853 5875 εὖ·

3029 5830 3043 5867 ί
3092 5828 3226 5877 {Inus
3261 5828 3369 5892 cod,
3406 5828 3564 5879 ἐλαίαν
3606 5830 3729 5892 ἔχειν
3772 5828 3854 5875 εὖ·

2246 5708 2271 5738 ⁸
2302 5706 2406 5764 His,
2430 5708 2511 5755 καὶ
2550 5709 2669 5762 πῶς,

2242 5769 2267 5805 ά
2295 5769 2500 5827 Quadam
2526 5768 2835 5817 ἐπεδείκνυτο.

2185 5830 2392 5889 γόμενος,
2414 5829 2568 5880 "()mv
2595 5830 2935 5891 προσεύχησθε.

2187 5893 2380 5940 κσὸπον.
