4084 6174
394 334 486 394 161

392 449 683 505 clamitant.
721 447 830 504 Nec
868 444 1049 502 Jcsum
1092 445 1473 511 nominabant,
1500 440 1642 512 quod
1677 457 1742 495 ex
1778 438 1975 494 invidia

395 557 461 597 ne
504 558 695 600 nomen
741 540 957 611 quidem
999 538 1187 593 audire
1227 537 1560 592 sustinerent
1599 552 1613 588 :
1656 534 1734 588 sic
1772 531 1974 587 efferati

393 644 565 690 erant.
598 634 662 688 Et
695 634 796 688 huc
828 643 1093 704 propterea
1121 630 1272 685 venit.
1299 628 1415 683 Non
1455 641 1737 698 possumus
1764 626 1972 692 dicere,

393 727 582 796 inquit,
612 725 755 796 quod
786 725 931 796 prius
962 739 1084 779 eum
1119 721 1376 793 apostolis
1404 719 1583 776 fuerit.

462 820 514 874 3.
555 817 691 874 Vide
716 861 730 885 ,
769 832 927 888 quam
972 816 1155 872 multis
1196 814 1511 870 testimoniis
1545 829 1610 869 ex
1641 813 1977 867 inimicorum

391 927 615 966 numero
644 911 809 967 fuisse
839 910 1037 968 Paulus
1060 909 1378 965 declaretur.
1409 908 1501 963 Ille
1529 923 1655 962 vero
1683 922 1787 961 non
1815 907 1976 961 modo

392 1002 474 1057 bis
501 1019 604 1056 non
631 1001 1083 1066 confundebatur,
1112 1000 1205 1054 sed
1231 1007 1285 1054 et
1309 998 1650 1067 gloriabatur.
1672 997 1761 1051 22.
1787 995 1980 1052 Saulus

392 1106 558 1147 mitem
586 1094 747 1164 magis
774 1092 1183 1158 convalescebat,
1214 1101 1261 1146 et
1288 1091 1624 1162 confundebat
1653 1089 1860 1143 Judwos
1881 1130 1896 1152 ,
1927 1087 1978 1142 id

394 1196 496 1249 est,
527 1184 860 1250 confutabat,
894 1198 991 1239 nec
1021 1182 1163 1253 loqui
1194 1181 1420 1248 sinebat,
1457 1181 1712 1251 afﬁrmans
1739 1179 1976 1250 quoniam

394 1279 475 1333 hic
513 1290 584 1333 est
621 1277 871 1333 Christus.
905 1278 1145 1341 Docens,
1175 1276 1346 1347 inquit
1374 1293 1388 1329 :
1420 1291 1541 1330 nam
1582 1275 1764 1330 statim
1791 1274 1978 1328 doctor

395 1373 514 1427 fuit.
542 1372 631 1427 23.
660 1371 784 1426 Cum
812 1384 978 1426 autem
1004 1370 1332 1443 implerentur
1363 1369 1469 1425 dies
1498 1368 1645 1423 multi
1663 1410 1677 1433 ,
1716 1369 1978 1439 conspira-

392 1472 569 1516 uerunt
593 1460 785 1528 Judwi,
813 1472 868 1515 ut
896 1462 1040 1515 illum
1066 1462 1419 1531 interﬁcerent.
1452 1461 1533 1515 Ad
1557 1459 1790 1515 validum
1816 1459 1977 1531 syllo-

393 1556 620 1624 gismum
671 1568 856 1609 rursus
901 1553 1120 1609 veniunt
1162 1551 1354 1608 Judaei.
1400 1552 1514 1607 Non
1560 1553 1701 1607 enim
1746 1551 1977 1620 amplius

390 1645 780 1715 schphantas,
813 1654 1149 1701 accusatores
1191 1656 1244 1700 et
1291 1643 1455 1700 falsos
1499 1653 1661 1700 testes
1698 1652 1975 1715 quaerunt,

392 1752 564 1805 neque
600 1737 735 1790 ultra
780 1737 898 1790 illos
928 1736 1142 1801 ferunt;
1178 1736 1272 1791 sed
1300 1735 1465 1807 quid?
1492 1737 1715 1790 Demum
1756 1736 1852 1806 ipsi
1883 1750 1978 1805 per

391 1830 599 1897 scipsos
628 1830 730 1884 hoc
754 1840 1063 1898 operantur.
1096 1830 1229 1896 Quia
1258 1829 1401 1884 enim
1442 1829 1693 1884 videbant
1735 1844 1847 1884 rem
1876 1842 1976 1883 au-

390 1922 539 1990 geri,
584 1938 687 1975 non
732 1922 867 1976 ultra
909 1922 1165 1991 judicium
1195 1921 1466 1977 adhibent.
1508 1921 1598 1976 ‘24.
1635 1919 1782 1975 Notw
1807 1931 1976 1974 autem

391 2017 544 2085 facta:
582 2026 699 2070 sunt
743 2015 906 2071 Saulo
948 2015 1147 2069 insidia:
1183 2031 1375 2069 eorum.
1413 2014 1770 2069 Custodiebant
1809 2023 1976 2067 autem

391 2118 567 2178 portas
596 2110 676 2162 die
701 2126 760 2162 ac
786 2119 930 2162 nocte
955 2150 969 2171 ,
1002 2118 1058 2161 ut
1083 2125 1194 2161 eum
1232 2108 1586 2176 interﬁcerent.
1618 2107 1830 2175 Quare?
1855 2106 1975 2175 quia

389 2200 497 2255 hoc
535 2201 639 2256 illis
680 2199 1065 2255 intolerabilius
1088 2208 1205 2254 erat
1229 2199 1475 2252 omnibus
1499 2240 1512 2261 ,
1541 2213 1658 2267 qua:
1698 2198 1830 2250 laeta
1862 2196 1978 2250 fue-

388 2301 533 2361 rant,
565 2293 752 2363 signis,
784 2294 993 2364 illisque
1020 2294 1252 2363 quinque
1280 2291 1531 2357 millibus,
1563 2290 1836 2360 tribuSque
1862 2289 1981 2343 mil-

390 2387 496 2441 bus
524 2374 818 2441 conversis.
848 2386 916 2441 Et
943 2386 1062 2442 vide
1087 2387 1234 2440 illum
1263 2385 1370 2457 jam
1400 2400 1506 2440 nor.
1532 2384 1724 2456 gratia,
1751 2383 1843 2438 sed
1876 2382 1978 2436 htt-

394 2494 555 2534 mana
584 2478 840 2547 sapientia
867 2478 1091 2542 servari,
1114 2485 1176 2533 ut
1197 2478 1374 2533 discas
1401 2477 1499 2531 viri
1527 2478 1798 2541 virtutem,
1817 2475 1977 2530 etiam

390 2573 597 2640 absque
616 2571 885 2626 miraculis
907 2569 1212 2641 fulgentem.
1235 2570 1322 2625 25.
1348 2568 1662 2637 Accipientes
1681 2579 1846 2620 autem
1866 2582 1981 2620 eum

392 2663 635 2733 discipuli
659 2673 828 2725 noctu,
855 2679 944 2732 per
971 2678 1168 2715 murum
1194 2660 1498 2715 demiserunt
1526 2676 1660 2723 eum,
1684 2660 1979 2712 submitten-

394 2763 470 2807 tes
496 2754 547 2806 in
573 2761 764 2824 sporta.
795 2752 945 2816 Jure,
976 2753 1053 2807 sic
1078 2763 1135 2806 ut
1160 2768 1248 2806 res
1272 2750 1576 2819 suspicione
1595 2756 1819 2822 careret.
1843 2747 1981 2814 Quid

391 2846 566 2918 ergo?
601 2861 666 2900 an
715 2846 817 2901 hoe
857 2846 1070 2915 elapsus
1117 2843 1355 2913 periculo
1394 2841 1690 2896 desistit“!
1729 2839 1980 2904 Minime;

392 2940 494 2995 sed
532 2940 621 2994 illo
650 2937 795 3000 abit.
825 2937 912 2992 ubi
944 2936 1111 3005 magis
1148 2935 1267 2990 illos
1294 2933 1649 3003 aggrediatur.
1681 2931 1814 2986 Nam
1843 2929 1984 3000 quod

392 3047 532 3088 vere
551 3030 815 3097 crederet,
837 3028 1011 3084 adhuc
1034 3028 1183 3082 multi
1208 3026 1427 3082 credere
1448 3039 1553 3080 non
1577 3032 1837 3095 poterant.
1861 3022 1985 3078 ldeo

395 3131 531 3197 past
557 3123 752 3176 multos
778 3121 892 3176 dies
933 3121 1032 3175 hoc
1075 3120 1273 3175 evenit.
1303 3118 1565 3186 Quidnam
1597 3117 1700 3172 hoc
1728 3117 1849 3171 est?
1879 3114 1984 3170 Ve-

395 3214 632 3271 risimile
656 3223 736 3269 est
765 3213 909 3268 illum
941 3211 1173 3268 nondum
1217 3210 1453 3266 voluisse
1485 3210 1642 3263 istinc
1678 3206 1941 3279 proficisci
1964 3246 1981 3275 ,

394 3305 589 3362 multis
632 3305 812 3360 forsan
854 3302 1195 3359 monentibus
1227 3320 1241 3356 :
1274 3301 1363 3356 ubi
1400 3308 1575 3355 autem
1622 3300 1739 3355 haec
1764 3299 1981 3363 didicit,

394 3408 533 3455 tunc
564 3395 799 3466 permisit
826 3396 1096 3465 discipulis
1135 3395 1245 3449 suis
1276 3413 1291 3449 :
1322 3408 1444 3448 nam
1480 3393 1657 3447 statim
1695 3392 1985 3461 discipulos

395 3489 610 3546 habuit.
638 3488 751 3543 Hoc
779 3487 1120 3543 subindicans
1146 3486 1359 3541 dieebat
1382 3502 1394 3539 :
1420 3482 1660 3538 Damasci
1687 3482 1986 3552 prtepositus

358 3574 363 3579 δ
392 3582 563 3654 gentis
592 3581 755 3634 Areto:
779 3580 909 3652 regis
938 3577 1246 3633 custodiebat
1265 3578 1511 3631 civitatem
1531 3573 1982 3638 Damascenorum,

391 3675 575 3729 volens
614 3688 693 3728 me
727 3670 1148 3741 comprehendere
1187 3669 1282 3740 (‘2.
1314 3666 1433 3724 Cor.
1467 3668 1554 3721 il.
1599 3666 1667 3721 52
1690 3668 1730 3735 ).
1772 3667 1837 3720 Et
1865 3666 1987 3721 vide

395 3764 782 3836 evangelistam
815 3763 946 3818 nihil
975 3762 1258 3816 ambitiose
1285 3761 1615 3829 loquentem,
1644 3774 1815 3828 neque
1844 3759 1984 3813 Pau-

394 3857 513 3913 lum
545 3858 746 3912 clarum
776 3855 1118 3912 exhibentem
1143 3896 1157 3919 ,
1186 3851 1282 3908 sed
1309 3853 1480 3907 solum
1510 3851 1651 3922 quod
1681 3866 1859 3922 regem
1887 3866 1985 3906 ex-

394 3950 705 4007 citaverint.
736 3949 887 4003 Illum
919 3947 1078 4017 igitur
1110 3945 1283 4000 solum
1314 3943 1636 4010 emiserunt,
1663 3952 1717 3998 et
1745 3957 1864 3998 cum
1896 3942 1987 3997 illo

393 4043 696 4099 neminem.
723 4038 780 4095 Id
806 4052 1016 4110 quoque
1041 4044 1412 4108 congruenter,
1438 4044 1494 4089 ut
1519 4032 1632 4105 ipse
1655 4034 1910 4106 apostolis
1934 4035 1986 4089 in

394 4135 703 4192 Jerusalem
742 4147 863 4189 sese
891 4130 1243 4188 ostenderet:
1275 4130 1382 4185 imo
1420 4129 1494 4183 illi
1533 4127 1750 4199 quidem
1788 4128 1989 4183 emise-

394 4239 552 4295 runt,
579 4236 634 4281 ut
659 4224 851 4280 deinde
882 4224 996 4293 ipse
1018 4223 1241 4278 salutem
1266 4237 1416 4277 suam
1442 4230 1653 4277 curaret
1677 4235 1693 4287 ;
1721 4221 1835 4289 ipse
1861 4234 1989 4274 vero

393 4317 733 4374 contrarium
756 4314 976 4381 faciens,
1003 4313 1068 4369 ad
1093 4315 1327 4368 furentes
1350 4313 1527 4367 statim
1552 4312 1855 4366 transilivit.
1878 4310 1999 4371 Hoc

394 4420 484 4464 est
514 4408 730 4463 incendi
755 4450 769 4469 ,
800 4407 900 4461 hoc
930 4405 1159 4459 maxime
1190 4405 1414 4458 fervere.
1456 4403 1522 4457 Et
1558 4401 1829 4473 perpende
1852 4415 1989 4471 quo-

397 4503 569 4558 modo
591 4507 865 4570 sequatur,
888 4512 916 4550 a
941 4496 1112 4565 primo
1131 4494 1219 4549 die
1242 4502 1563 4563 prmeeptum
1586 4505 1827 4556 servans,
1848 4491 1990 4562 quod

392 4594 695 4650 audierunt
733 4588 959 4661 aposmli
993 4605 1007 4642 :
1042 4586 1159 4640 Nisi
1185 4586 1300 4657 quis
1336 4585 1480 4639 tollat
1508 4600 1708 4639 crucem
1734 4600 1878 4637 suam
1899 4627 1911 4648 ,
1942 4593 1991 4639 et

392 4694 647 4757 sequatur
675 4699 753 4736 me
779 4680 991 4749 (Matt/1.
1019 4678 1106 4734 10.
1136 4677 1247 4748 58).
1271 4676 1421 4745 Quod
1451 4690 1577 4746 ergo
1606 4685 1721 4746 post
1745 4676 1879 4732 alios
1902 4691 1992 4731 ve-
2044 4690 2057 4701 ‘

394 4780 619 4844 uisset,
662 4774 765 4831 hoc
810 4775 957 4830 illum
999 4772 1373 4830 ferventiorem
1415 4771 1690 4827 reddebat.
1732 4771 1802 4826 Et
1828 4787 1992 4842 opere

396 4869 537 4926 illud
570 4868 889 4938 implebatur
912 4885 925 4921 :
951 4865 1044 4922 Cui
1071 4866 1285 4920 multum
1310 4865 1599 4934 dimittitur,
1622 4865 1668 4918 is
1686 4863 1803 4934 plus
1821 4864 1992 4936 diliget

399 4961 563 5033 (Lue.
595 4960 648 5014 7.
678 4960 792 5028 47).
824 4958 1001 5027 Itaque
1028 4968 1225 5028 quanto
1255 4957 1458 5012 tardius
1485 4958 1668 5022 venit,
1697 4965 1844 5010 tanto
1871 4956 1991 5027 plus

397 5040 628 5110 amavit.
655 5051 884 5121 Ideoque
905 5050 1136 5120 priorem
1161 5051 1322 5105 vitam
1342 5065 1491 5105 suam
1513 5057 1694 5120 aperte
1710 5048 1988 5116 damnans,

397 5160 635 5215 seseque
661 5154 872 5206 natans,
904 5141 1034 5195 nihil
1061 5141 1191 5196 satis
1217 5156 1337 5195 esse
1363 5142 1597 5211 putabat,
1629 5151 1685 5195 ut
1710 5140 1887 5210 priora
1916 5148 1990 5209 te_-

397 5246 581 5306 geret.
613 5233 948 5303 Conﬁrmans,
980 5230 1149 5301 inquit
1180 5248 1194 5285 :
1227 5231 1277 5285 id
1303 5242 1402 5289 est.
1431 5247 1553 5286 cum
1583 5229 1992 5286 mansuetudine

398 5328 634 5384 docens.
660 5325 731 5380 Et
758 5323 878 5380 vide
906 5341 920 5378 :
947 5339 1053 5378 non
1080 5321 1265 5378 dicunt
1287 5324 1335 5376 ei
1363 5342 1377 5375 :
1401 5323 1480 5378 Tu
1516 5336 1576 5383 es
1614 5322 1705 5392 qui
1742 5322 1991 5377 devasta-

398 5422 542 5487 bas;
583 5434 680 5476 cur
717 5427 951 5475 mutatus
980 5417 1073 5471 es?
1112 5414 1496 5471 erubescebant
1523 5415 1701 5481 enim;
1731 5415 1825 5469 sed
1853 5415 1993 5469 inter

396 5528 466 5571 se
507 5510 779 5567 dicebant.
823 5509 1054 5565 Dixisset
1094 5508 1237 5562 enim
1284 5505 1450 5559 multo
1487 5504 1718 5573 iustius,
1748 5505 1860 5561 Hoc
1897 5519 1992 5560 vos

397 5604 585 5677 magis
608 5604 801 5660 docere
824 5610 1036 5674 oportet
1065 5618 1080 5656 :
1106 5612 1227 5655 nam
1250 5596 1391 5669 apud
1419 5597 1707 5668 Agrippam
1732 5595 1804 5653 ita
1829 5596 1996 5653 ratio-

468 5764 494 5797 ι
529 5759 626 5812 ltiti
650 5760 841 5825 legunt,
864 5758 1005 5823 fugit,
1025 5752 1358 5824 pro,.desistit.

1345 330 1411 385 IN
1451 329 1625 384 sera
1660 304 2177 382 srdsrownuu.
2223 325 2448 382 ttontL.
2495 327 2614 384 xx.

3563 333 3665 394 £62

2076 454 2210 494 'ttem
2236 441 2430 497 reddit.
2460 441 2614 497 Hunc
2638 442 2908 498 imitemur
2931 454 2983 499 et
3007 458 3124 511 nos,
3153 461 3356 517 quaso,
3386 456 3441 505 es
3462 450 3529 503 ad
3550 464 3657 504 αυ-

2084 533 2172 586 nia
2207 533 2373 588 simus
2415 534 2648 603 pericula
2687 537 2954 591 instructi.
2987 537 3055 591 Et
3083 540 3387 610 quomodo,
3420 543 3663 613 inquies,

2085 623 2177 679 ille
2204 625 2410 694 fugiti?
2437 626 2550 683 Non
2582 642 2647 681 ex
2677 627 2990 692 timiditate,
3016 633 3111 684 sed
3144 646 3204 686 se
3233 635 3297 687 ad
3332 636 3663 704 pra:dieatio.

2085 730 2209 769 nem
2238 714 2502 771 servabat.
2530 716 2588 773 Si
2616 718 2829 773 timidus
2868 718 3085 787 fuisset,
3127 737 3235 776 non
3273 724 3662 795 Jerosolymam

2082 807 2337 895 venisset,
2369 823 2474 862 non
2501 810 2680 863 statim
2707 810 3002 865 doctrinam
3028 814 3379 883 suscepisset;
3408 829 3472 870 ex
3500 816 3668 875 vehe-

2086 899 2284 953 mentia
2322 900 2521 970 aliquid
2559 903 2874 958 remisisset.
2907 904 3103 960 Verum
3131 921 3238 962 non
3269 917 3385 962 erat
3413 909 3659 981 timidus,

2084 990 2179 1044 sed
2209 991 2444 1060 prudens
2462 1033 2478 1057 ,
2510 992 2766 1063 Stephani
2792 996 2940 1050 ccede
2965 997 3206 1055 edoctus.
3236 998 3360 1054 ideo
3389 1002 3518 1055 nihil
3548 1018 3650 1055 Illa-

2082 1094 2244 1150 gnum
2274 1083 2491 1151 putabat
2517 1099 2638 1139 esse
2678 1100 2776 1155 pro
2804 1087 3183 1155 praedicatione
3213 1091 3383 1157 mori,
3415 1092 3513 1144 nisi
3540 1107 3661 1145 cum

2085 1186 2277 1242 magno
2303 1174 2452 1229 lucro
2479 1175 2532 1231 id
2562 1175 2711 1233 fieret
2738 1196 2753 1232 :
2777 1176 2936 1234 homo
2965 1194 3034 1234 ne
3056 1179 3330 1236 Christum
3350 1181 3567 1251 quidem
3588 1183 3663 1237 vi-

2083 1261 2213 1318 dere
2237 1264 2440 1333 volens,
2473 1282 2631 1336 quem
2662 1269 2894 1324 maxime
2914 1271 3151 1326 omnium
3178 1271 3360 1328 videre
3384 1273 3659 1343 cupiebat;

2082 1357 2332 1426 quoniam
2376 1360 2609 1414 nondum
2649 1376 2803 1416 suum
2847 1379 2972 1433 erga
3022 1363 3263 1428 homines
3308 1367 3660 1424 ministerium

2083 1447 2359 1518 impletum
2377 1461 2512 1507 erat.
2536 1452 2720 1508 Talem
2742 1465 2950 1524 Oportet
2969 1471 3089 1513 esse
3104 1458 3384 1515 Christiani
3406 1465 3658 1519 animam.

2153 1543 2207 1597 4.
2241 1543 2323 1598 Ab
2361 1544 2511 1600 initio
2538 1555 2592 1600 et
2619 1546 2687 1601 ab
2712 1548 2827 1617 ipso
2855 1564 3045 1605 cursus
3088 1553 3346 1624 principio
3385 1556 3663 1615 character

2082 1631 2234 1688 Pauli
2261 1634 2632 1692 declarabatur
2657 1655 2672 1693 :
2701 1639 2808 1693 imo
2835 1649 2891 1695 et
2926 1650 3081 1696 antea
3110 1661 3124 1697 :
3156 1660 3274 1700 nam
3304 1647 3356 1700 in
3384 1648 3449 1702 iis
3478 1650 3659 1715 etiam,

2083 1740 2204 1794 quae
2230 1741 2337 1781 non
2363 1730 2658 1784 secundum
2684 1732 2964 1787 scientiam
2994 1732 3255 1803 faciebat,
3285 1737 3518 1796 humano
3543 1758 3661 1798 mo-

2066 1824 2170 1872 tus
2195 1818 2476 1875 ratiocinio
2501 1835 2560 1875 se
2580 1823 2820 1892 gerebat.
2844 1824 2903 1880 Si
2927 1827 3068 1880 enim
3091 1840 3210 1897 post
3231 1839 3434 1890 tantum
3457 1842 3665 1904 tempus

2081 1927 2188 1966 non
2218 1915 2468 1983 cupiebat
2496 1918 2725 1986 resolvi,
2757 1922 2926 1975 multo
2951 1925 3121 1993 magis
3160 1925 3310 1980 initio
3348 1931 3666 1999 negotiatio-

2026 2026 2031 2035 κ
2081 2004 2201 2067 nis,
2231 2021 2403 2075 nuper
2427 2023 2458 2062 e
2483 2019 2641 2079 portu
2673 2026 2943 2080 egressus.
2973 2012 3090 2068 Non
3122 2017 3280 2088 eripit
3307 2028 3485 2075 autem
3515 2023 3662 2078 illum

2081 2099 2328 2156 Christus
2353 2117 2383 2157 a
2413 2104 2670 2173 periculo,
2703 2105 2799 2160 sed
2832 2107 3054 2164 dimittit
3082 2127 3095 2164 :
3125 2112 3246 2180 quia
3272 2113 3384 2167 vult
3409 2116 3571 2173 multa
3598 2133 3664 2176 ex

2082 2191 2313 2248 humana
2344 2196 2623 2264 prudentia
2660 2196 2798 2253 ﬁeri.
2839 2199 3087 2271 Alioquin
3125 2202 3380 2270 dimittit,
3411 2216 3467 2261 ut
3490 2207 3665 2264 disca-

2083 2301 2202 2341 mus
2228 2288 2370 2358 ipsos
2391 2290 2551 2345 etiam
2580 2290 2826 2348 homines
2852 2291 3037 2361 fuisse,
3061 2310 3234 2366 neque
3257 2312 3468 2369 semper
3487 2303 3665 2357 omnia

2082 2381 2304 2449 gratiam
2332 2383 2562 2450 operari.
2592 2383 2707 2440 Nisi
2732 2386 2876 2441 enim
2907 2387 3009 2442 hoe
3034 2396 3197 2451 esset,
3222 2390 3363 2459 ligna
3389 2408 3511 2449 esse
3536 2397 3667 2451 sim—

2082 2470 2296 2539 pliciter
2328 2473 2620 2553 existimati
2652 2476 2893 2533 fuissent.
2936 2479 3061 2535 Ideo
3103 2482 3267 2538 multa
3308 2485 3407 2555 ipsi
3437 2486 3667 2544 admini-

2086 2565 2343 2620 strabsnt.
2371 2567 2482 2622 lloc
2507 2578 2562 2624 et
2587 2585 2686 2626 nos
2711 2571 2989 2640 faciamus,
3014 2583 3069 2629 et
3095 2575 3167 2629 ita
3192 2575 3413 2633 fratrum
3440 2583 3667 2639 salutem

2084 2659 2485 2715 curemus.Non
2513 2672 2594 2716 est
2623 2665 2881 2735 martyrio
2904 2667 3100 2733 minus,
3131 2669 3262 2723 nihil
3286 2672 3391 2740 pati
3418 2688 3668 2733 recusare

2084 2750 2156 2807 ob
2184 2752 2470 2808 multorum
2501 2756 2764 2821 salutem;
2794 2756 2924 2810 nihil
2958 2758 3028 2811 ita
3059 2758 3222 2813 Deum
3250 2760 3501 2817 laetiﬁcat.
3531 2765 3670 2820 Rur-

2086 2850 2205 2890 sum
2234 2835 2403 2890 dicatn
2432 2837 2515 2903 id,
2542 2839 2686 2910 quod
2714 2854 2857 2909 saepe
2884 2840 2992 2894 dixi
3014 2859 3028 2907 ;
3054 2843 3260 2909 dicam,
3290 2847 3411 2914 quia
3437 2847 3488 2902 id
3518 2849 3670 2907 valde

2087 2929 2246 2998 cupio
2273 2947 2287 2985 :
2312 2930 2562 2999 quoniam
2591 2941 2647 2987 et
2667 2931 2915 2988 Christus
2941 2933 3168 3004 idipsum
3200 2935 3460 3004 faciebat,
3488 2940 3556 2996 de
3581 2958 3669 3002 re.

2088 3022 2344 3077 missione
2372 3023 2666 3079 admonens
2687 3036 2744 3089 et
2764 3026 2948 3082 dicens
2978 3046 2990 3081 :
3023 3028 3240 3095 Quando
3263 3033 3419 3085 oratis
3446 3048 3531 3089 vos
3549 3076 3564 3098 ,
3591 3052 3672 3091 re.

2086 3114 2268 3168 mittite
2294 3115 2339 3167 si
2361 3116 2485 3184 quid
2515 3126 2693 3171 contra
2727 3119 2945 3188 aliquem
2978 3119 3169 3176 habetis
3195 3124 3214 3191 (
3238 3122 3425 3180 Matth.
3455 3127 3507 3182 5.
3539 3127 3610 3183 25
3625 3130 3665 3200 ).

2088 3204 2319 3259 Rursum
2350 3206 2511 3264 Petro
2534 3210 2775 3279 loquens,
2799 3211 2970 3282 inquit
2994 3230 3009 3267 :
3036 3212 3155 3267 Non
3181 3214 3296 3270 dico
3321 3217 3428 3283 tibi,
3454 3217 3672 3274 Remitte

2072 3312 2247 3367 usque
2293 3300 2507 3369 septies,
2551 3303 2641 3356 sed
2680 3317 2840 3370 usque
2884 3306 3168 3375 septuagies
3214 3310 3397 3376 septies
3426 3310 3544 3382 (Id.
3579 3313 3666 3367 18.

2089 3388 2220 3462 22);
2263 3406 2428 3461 reque
2467 3392 2580 3463 ipsa
2620 3394 2858 3463 dimisit,
2896 3412 3015 3467 quae
3047 3409 3235 3454 contra
3264 3401 3436 3469 ipsum
3467 3412 3670 3472 patrata

2089 3492 2234 3539 sunt.
2259 3484 2331 3538 lta
2354 3493 2407 3539 et
2431 3499 2529 3538 nos
2551 3485 2672 3557 quia
2698 3488 2943 3542 novimus
2966 3487 3105 3544 hunc
3131 3505 3250 3544 esse
3275 3506 3498 3562 scopum
3519 3494 3674 3549 Clu-i-

2088 3575 2375 3641 stianismi,
2403 3576 2472 3631 de
2498 3576 2599 3632 hac
2624 3593 2685 3632 re
2710 3593 2925 3649 semper
2945 3581 3277 3638 disserimus.

2162 3668 2483 3723 Christianus
2520 3670 2739 3725 aliorum
2776 3673 2988 3726 salutem
3024 3690 3201 3728 curare
3234 3677 3394 3730 debet.
3423 3708 3495 3719 --
3530 3678 3669 3735 Nihil

2090 3762 2331 3834 frigidius
2356 3762 2693 3831 Christiano,
2722 3766 2810 3837 qui
2846 3768 3070 3822 aliorum
3089 3769 3325 3826 salutem
3356 3786 3460 3826 non
3498 3783 3669 3828 curat.

2048 3877 2057 3886 -
2089 3855 2207 3912 Non
2238 3867 2389 3926 potes
2417 3859 2500 3914 hic
2524 3866 2889 3929 paupertatem
2919 3862 3214 3916 obtendere
3239 3881 3253 3917 :
3277 3879 3399 3919 nam
3427 3881 3545 3935 qua:
3567 3867 3673 3921 duo

2091 3951 2293 4006 minuta
2323 3951 2536 4022 injecit,
2566 3960 2618 4007 te
2645 3954 2935 4010 accusabit.
2966 3953 3033 4008 Et
3076 3954 3263 4009 Petrus
3299 3955 3542 4024 dicebat,
3571 3959 3673 4011 Ar-

2091 4050 2292 4114 gentum
2318 4052 2364 4097 et
2390 4060 2570 4098 aurum
2593 4060 2694 4099 non
2722 4054 2793 4099 est
2821 4046 2947 4099 mihi
2970 4046 3105 4115 (Act.
3137 4047 3191 4100 5.
3222 4046 3301 4117 6).
3331 4047 3523 4103 Paulus
3547 4049 3672 4103 item

2091 4135 2227 4190 adeo
2249 4149 2451 4205 pauper
2468 4145 2602 4202 erat,
2627 4145 2686 4190 ut
2710 4151 2854 4206 saepe
2874 4138 3120 4204 esuriret,
3147 4146 3202 4191 et
3227 4139 3531 4193 necessario
3555 4140 3675 4195 cibo

2093 4235 2320 4281 careret.
2353 4226 2469 4280 Non
2512 4235 2663 4295 potes
2706 4225 3087 4295 ignobilitatem
3132 4227 3374 4294 proferre
3405 4244 3419 4279 :
3451 4244 3570 4281 nam
3600 4231 3674 4285 illi

2094 4315 2356 4385 ignobiles
2382 4324 2535 4370 erant
2558 4356 2571 4377 ,
2601 4331 2664 4369 ex
2694 4316 3013 4384 ignobilibus
3037 4317 3165 4370 orti.
3192 4315 3308 4371 Non
3345 4326 3496 4385 potes
3535 4334 3676 4388 pra:-

2097 4415 2278 4461 texcre
2317 4415 2368 4460 te
2408 4405 2626 4460 idiotam
2662 4420 2782 4459 esse
2813 4421 2826 4457 :
2862 4420 2981 4458 nam
3020 4416 3073 4460 et
3117 4406 3193 4460 illi
3233 4407 3467 4462 illiterati
3499 4420 3672 4466 erant.

2097 4497 2208 4551 Etsi
2239 4511 2424 4552 servus
2464 4497 2535 4551 sis
2560 4537 2575 4562 ,
2611 4498 2709 4552 etsi
2739 4498 2989 4566 fugitivus
3009 4536 3023 4562 ,
3057 4506 3143 4551 tua
3184 4499 3383 4568 poteris
3411 4503 3628 4571 exsequi
3657 4521 3673 4558 :

2096 4589 2357 4660 siquidem
2394 4598 2448 4644 et
2486 4589 2769 4644 Onesimus
2809 4589 2929 4644 talis
2964 4600 3097 4644 erat.
3126 4590 3230 4646 Sed
3259 4591 3379 4647 vide
3400 4635 3414 4658 ,
3441 4608 3672 4663 quonam

2097 4689 2250 4738 vocet
2277 4679 2447 4750 illum,
2476 4690 2529 4737 et
2552 4681 2619 4736 ad
2645 4696 2801 4752 quam
2833 4691 2955 4752 agat
2980 4683 3289 4753 dignitatem
3326 4702 3339 4739 :
3366 4683 3433 4739 Ut
3452 4701 3672 4739 conmm-

2095 4774 2224 4827 nicet
2250 4790 2465 4837 mecum,
2498 4774 2688 4844 inquit,
2719 4776 2772 4828 in
2801 4775 3013 4828 vinculis
3052 4776 3174 4829 meis
3204 4773 3447 4852 (Philem.
3480 4778 3532 4831 ί.
3562 4778 3669 4849 10).

2097 4866 2210 4921 Νοη
2246 4875 2398 4935 potes
2440 4865 2802 4924 infirmitatem
2847 4867 3125 4936 objicere:
3160 4884 3281 4921 nam
3320 4870 3441 4923 talis
3464 4885 3676 4939 quoque

2096 4959 2408 5015 Timotheus
2432 4966 2578 5027 erat,
2604 4960 2693 5029 qui
2723 4958 3029 5029 frequenter
3060 4960 3290 5014 habebat
3313 4960 3671 5019 inﬁrmitates.

2096 5050 2248 5117 Quod
2279 5051 2421 5105 enim
2462 5049 2707 5104 infirmus
2742 5059 2885 5105 esset
2921 5051 3043 5104 audi
3078 5070 3091 5105 :
3132 5049 3260 5103 Viuo
3303 5051 3502 5105 modico
3540 5061 3677 5107 utere

2097 5151 2306 5211 propter
2327 5140 2646 5195 stomachum
2674 5152 2814 5194 tuum
2841 5151 2889 5195 et
2917 5144 3194 5214 frequentes
3221 5151 3333 5196 tuas
3356 5143 3676 5210 inﬁrmitates

2050 5264 2055 5267 -
2098 5234 2176 5307 (l.
2202 5232 2334 5288 Tim.
2360 5233 2414 5288 5.
2445 5232 2559 5299 εδ).
2590 5233 2774 5289 Potest
2799 5234 3162 5303 unusquisque
3185 5235 3433 5302 proximo
3456 5233 3678 5302 prodes-

2098 5340 2178 5389 se,
2212 5325 2254 5377 si
2287 5323 2415 5378 velit
2445 5338 2564 5393 quae
2593 5338 2685 5378 sua
2714 5333 2839 5376 sunt
2866 5324 3106 5392 implere.
3147 5322 3265 5377 Non
3292 5323 3484 5379 videtis
3512 5322 3671 5381 infru-

2097 5427 2312 5471 ctuosas
2350 5416 2599 5482 arbores,
2642 5431 2797 5486 quam
2840 5416 3005 5469 ﬁrmae
3039 5416 3182 5478 sint”
3210 5430 3368 5484 quam
3404 5415 3675 5485 pulchras,

2100 5526 2357 5583 procerae,
2381 5510 2546 5567 heres
2567 5519 2620 5565 et
2639 5509 2927 5565 sublimes?
2947 5510 3015 5562 At
3033 5508 3077 5563 si
3099 5506 3311 5563 hortum
3332 5505 3679 5581 haberemus,

2100 5754 2130 5801 ὁ
2162 5694 2184 5727 -.
2219 5686 2358 5749 “me,
2375 5692 2430 5737 ει
2451 5683 2702 5747 quomodo,
2725 5680 2929 5745 inquies,
2954 5679 3037 5733 ille
3056 5679 3197 5747 fugit,
3214 5680 3461 5739 desunttu
3474 5684 3685 5750 quibus-

2132 5766 2209 5801 am
