4084 6174
446 291 545 348 163

436 409 697 463 vellemus
739 408 1101 474 matogranata
1124 442 1143 472 ,
1187 410 1241 457 et
1284 401 1455 455 olivas
1502 398 1806 454 fructiferas
1848 394 2026 466 potius

434 517 597 573 quam
623 500 739 555 illas
760 495 958 552 habere
978 512 993 550 :
1018 487 1123 549 illa:
1143 493 1289 549 enim
1312 492 1379 547 ad
1401 491 1727 561 voluptatem
1749 497 1894 554 sunt,
1916 503 2025 543 non

434 595 499 647 sit
532 592 836 656 utilitatem,
865 597 920 642 et
944 588 990 642 si
1016 600 1119 657 qua
1155 586 1227 641 sit
1251 585 1472 651 utilitas,
1501 598 1563 639 ea
1592 595 1753 653 parva
1791 591 1894 637 est.
1924 580 2026 635 Ta-

436 685 516 741 les
539 692 661 737 sunt
687 683 742 745 ii,
770 679 863 751 qui
891 695 985 734 sua
1014 679 1187 733 solum
1214 685 1485 748 spectant;
1517 678 1626 730 imo
1648 690 1716 730 ne
1747 675 1879 729 tales
1903 674 2025 743 qui-

435 776 558 831 dem
584 815 600 839 ,
636 773 732 829 sed
759 772 825 828 ad
853 772 1114 826 ultionem
1146 770 1321 824 solum
1348 769 1479 839 apti.
1506 767 1637 823 Nam
1667 767 1771 822 illae
1803 766 2025 821 arbores

432 867 500 920 ad
530 864 813 920 aedificium
855 872 911 918 et
951 863 1017 917 ad
1062 877 1239 916 rerum
1271 860 1490 916 tutelam
1528 870 1669 930 apta:
1695 869 1839 914 sunt.
1868 858 2027 913 Tales

432 964 589 1013 erant
617 956 720 1011 illa:
758 957 993 1025 virgines
1011 994 1025 1017 ,
1053 963 1215 1008 easne
1234 992 1249 1017 ,
1275 962 1479 1007 ornatae
1498 993 1514 1018 ,
1536 951 1905 1016 continentes;
1930 949 2025 1005 sed

431 1051 631 1105 nemini
674 1049 873 1113 utiles,
916 1048 1036 1101 ideo
1084 1046 1492 1102 comburuntur.
1538 1044 1696 1099 Tales
1735 1052 1892 1110 sunt,
1934 1040 2025 1113 qui

436 1140 709 1195 Christum
736 1154 840 1194 non
869 1138 1128 1192 nutriunt.
1160 1136 1438 1206 Perpende
1463 1145 1641 1190 autem
1669 1135 1939 1189 neminem
1965 1133 2027 1188 il-

434 1234 608 1288 lorum
634 1232 701 1287 de
726 1231 965 1302 peccatis
991 1231 1101 1285 suis
1127 1230 1397 1295 accusari,
1427 1244 1535 1283 non
1559 1228 1705 1299 quod
1730 1227 2024 1283 fornicatus

433 1325 538 1388 sit,
570 1338 675 1377 non
713 1323 856 1393 quod
889 1322 1237 1391 peieraverit,
1263 1320 1331 1375 de
1371 1320 1519 1375 nullo
1551 1329 1731 1384 certe;
1760 1319 1854 1375 sed
1883 1319 2026 1389 quod

432 1416 590 1471 alteri
618 1430 722 1469 non
750 1413 1028 1482 profuerit.
1061 1412 1204 1467 Talis
1229 1420 1344 1468 erat
1371 1412 1495 1477 ille,
1519 1412 1610 1482 qui
1640 1412 1899 1467 talentum
1926 1410 2025 1465 de-

433 1507 592 1573 fodit,
622 1507 946 1575 iuculpatam
978 1504 1241 1560 exhibens
1267 1504 1452 1571 vitam,
1480 1504 1575 1560 sed
1610 1504 1763 1560 alteri
1792 1519 1899 1559 non
1927 1503 2027 1556 uti-

432 1600 521 1655 lis.
549 1598 865 1667 Qnomodo,
894 1611 1077 1669 quaaso
1098 1638 1115 1664 ,
1141 1596 1481 1651 Christianus
1519 1596 1590 1650 sit
1625 1596 1715 1665 qui
1758 1596 1879 1651 talis
1911 1596 2025 1650 est?

430 1692 489 1748 Si
528 1691 849 1745 fermentum
890 1690 1109 1743 mixtum
1144 1688 1363 1753 farinte,
1392 1704 1497 1742 non
1536 1688 1821 1743 mutaverit
1858 1696 2025 1741 totum

436 1785 489 1838 in
517 1784 763 1839 eamdem
790 1782 1153 1837 conditionem
1174 1823 1191 1847 ,
1220 1796 1289 1836 an
1316 1780 1636 1837 fermentum
1671 1795 1797 1836 vere
1830 1778 2026 1835 fuerit?

433 1878 571 1947 Quid
598 1893 727 1933 vero
746 1919 761 1945 ,
791 1879 836 1931 si
868 1884 1195 1946 unguentum
1222 1874 1541 1931 accedentes
1569 1888 1674 1929 non
1704 1873 1872 1929 odore
1901 1890 2023 1943 per-

432 1972 632 2027 fuderit
652 2014 667 2039 ,
692 1987 764 2026 an
799 1971 851 2027 id
881 1980 1206 2041 unguentum
1241 1969 1532 2024 vocemus?
1556 1968 1635 2023 Ne
1660 1969 1883 2036 dixeris,
1910 1968 2025 2023 Non

432 2082 649 2137 possum
673 2067 806 2121 alios
831 2066 1082 2120 inducere
1108 2082 1121 2119 :
1148 2078 1272 2118 nam
1293 2064 1337 2118 si
1359 2062 1693 2118 Christianus
1716 2061 1898 2127 fueris,
1926 2063 2027 2116 im-

433 2161 691 2231 possibile
721 2169 805 2214 est
843 2169 899 2213 ut
938 2176 1043 2213 non
1082 2158 1193 2212 flat.
1232 2157 1364 2212 Nam
1394 2166 1452 2211 ut
1487 2172 1550 2211 ea
1579 2170 1697 2226 qua:
1740 2157 1793 2210 in
1838 2164 2023 2210 natura

432 2263 557 2306 sunt
597 2251 1069 2306 contradictionem
1116 2264 1222 2304 non
1266 2247 1465 2303 habent
1498 2266 1510 2302 :
1546 2248 1617 2303 ita
1653 2256 1708 2302 et
1752 2246 1867 2302 hinc
1905 2264 2025 2319 quae

436 2344 660 2398 dicimus
691 2360 703 2397 :
734 2343 787 2396 in
827 2351 1014 2395 natura
1056 2343 1199 2395 enim
1230 2340 1517 2396 Christiani
1559 2355 1649 2397 res
1687 2340 1787 2394 sita
1816 2350 1916 2396 est.
1946 2340 2025 2396 Nc

440 2435 603 2488 Deum
625 2434 947 2489 contumelia
972 2433 1192 2488 afticias.
1217 2433 1272 2488 Si
1295 2432 1513 2524 dixeris,
1542 2447 1646 2487 non
1676 2447 1831 2502 posse
1853 2433 2024 2487 solem

433 2526 633 2594 lucere,
657 2528 977 2583 contumelia
1010 2527 1160 2582 illum
1189 2526 1389 2592 silicis;
1416 2527 1460 2582 si
1480 2527 1698 2593 dixeris,
1730 2542 1834 2582 non
1866 2542 2025 2597 posse

1150 285 1208 341 8.
1248 284 1522 341 JOANI‘IS
1559 279 2035 340 CURYSOSTOSH
2075 275 2386 333 MiCalEP.
2415 278 2944 337 CONSTANTINOP.

3618 276 3719 333 104
3756 332 3771 341 ,

2116 365 2480 447 Chiistiauum
2518 392 2773 462 prodesse
2797 434 2813 457 ,
2848 393 3014 447 Deum
3046 388 3370 446 contumelia
3409 386 3636 442 alti-iisti
3667 400 3718 444 et

2129 483 2438 538 mendacem
2465 482 2665 538 dixisti.
2697 482 2925 538 Facilius
2948 482 3090 538 enim
3116 491 3218 549 est,
3252 480 3417 537 solem
3446 495 3551 534 non
3581 480 3722 534 αιιν-

2128 573 2308 629 facere
2348 589 2448 630 nec
2486 575 2705 643 lucere,
2754 590 2914 645 quam
2952 573 3313 630 Christianum
3355 587 3459 626 non
3503 571 3717 633 luci-re;

2128 667 2335 723 facilius
2365 677 2466 735 est,
2498 670 2672 723 lucem
2699 682 2819 723 esse
2850 666 3118 734 tenebras,
3145 681 3302 737 quam
3344 663 3446 719 hoc
3477 662 3612 717 fieri.
3644 664 3720 717 be

2128 760 2309 827 dicas,
2344 775 2456 815 rem
2494 774 2614 814 esse
2660 758 3042 827 impossibilem
3079 775 3091 808 :
3126 772 3245 811 nam
3278 756 3605 809 contrarium
3637 764 3720 810 est

2129 851 2479 921 impossibile.
2521 851 2598 906 Ne
2638 851 2806 907 Deum
2837 847 3157 905 contumelia
3186 846 3408 902 afficias.
3443 846 3497 901 Si
3539 858 3717 900 nostra

2129 956 2274 1001 recte
2317 958 2735 1015 componamus,
2773 943 2860 997 illa
2897 943 3117 997 omnino
3154 948 3345 1005 erunt,
3373 950 3426 994 et
3450 939 3601 1009 quasi
3634 954 3720 994 nes

2128 1040 2390 1108 quispiam
2429 1036 2686 1092 naturalis
2728 1045 3037 1107 sequentur.
3070 1034 3187 1089 Non
3230 1042 3403 1103 potest
3434 1033 3600 1087 latere
3630 1033 3719 1087 lux

2128 1132 2416 1188 Christiani
2453 1151 2466 1187 :
2498 1148 2604 1186 non
2638 1140 2814 1201 potest
2843 1129 3098 1185 occultari
3131 1135 3236 1183 tam
3266 1127 3460 1199 fulgida
3494 1128 3717 1196 lampas.

2127 1223 2207 1280 Ne
2236 1224 2413 1295 itaque
2440 1223 2613 1295 ignavi
2644 1224 2831 1277 simus.
2856 1220 3006 1277 Sicut
3031 1220 3174 1276 enim
3199 1216 3409 1275 virtutis
3435 1218 3639 1275 lucrum
3666 1228 3722 1274 et

2129 1323 2185 1377 in
2215 1335 2314 1375 nos
2341 1329 2395 1375 et
2424 1321 2475 1374 in
2505 1334 2600 1375 eos
2620 1361 2635 1388 ,
2665 1320 2753 1388 qui
2795 1318 2881 1373 illa
2920 1319 3202 1388 iuvantur.
3237 1316 3427 1372 transit
3458 1334 3469 1369 :
3501 1314 3578 1369 sic
3608 1322 3661 1369 et
3689 1329 3721 1368 a

2130 1412 2330 1467 malitia
2362 1411 2558 1482 duplex
2593 1412 2971 1467 detrimentum
3001 1416 3056 1465 et
3092 1409 3143 1464 in
3176 1423 3274 1464 nos
3303 1416 3359 1462 et
3388 1409 3438 1461 in
3469 1421 3563 1461 eos
3583 1449 3596 1469 ,
3630 1408 3720 1477 qui

2129 1505 2418 1574 Iazduntur,
2447 1505 2760 1577 pertransit.
2787 1505 2866 1561 Sit
2889 1504 3175 1575 quispiam,
3206 1502 3249 1556 si
3282 1502 3381 1564 vis,
3415 1500 3601 1563 idiota,
3630 1500 3719 1569 qui

2129 1612 2159 1652 a
2192 1601 2443 1669 quopiam
2485 1600 2761 1655 innumera
2802 1599 3035 1669 patiatur
3073 1596 3210 1651 mala
3231 1638 3245 1661 ,
3277 1610 3543 1665 nemoque
3572 1594 3719 1648 illum

2130 1690 2450 1758 ulciscatur,
2482 1691 2577 1749 sed
2621 1701 2676 1747 et
2718 1690 2974 1747 beneficia
3019 1697 3237 1760 praestet
3266 1706 3279 1742 :
3311 1702 3413 1758 qua
3441 1686 3718 1752 doctrina,

2130 1784 2324 1853 quibus
2354 1784 2549 1853 verbis,
2577 1794 2707 1856 quot
2735 1783 3185 1839 admonitionibus
3216 1796 3320 1837 non
3347 1790 3429 1836 est
3467 1780 3570 1834 hoc
3606 1780 3720 1834 for-

2132 1877 2279 1931 tius?
2306 1893 2466 1948 quem
2506 1876 2742 1933 furorem
2773 1893 2879 1931 non
2914 1876 3256 1945 exstinguere
3280 1915 3294 1938 ,
3333 1888 3438 1927 non
3478 1873 3721 1943 mitigare

2130 1969 2346 2024 valeat?
2383 1968 2507 2025 Haec
2536 1984 2666 2039 ergo
2706 1983 2828 2023 cum
2871 1970 3134 2028 sciamus,
3162 1965 3344 2019 virtuti
3376 1963 3677 2018 hacreamns
3702 2004 3718 2028 ,

2128 2078 2249 2118 cum
2282 2078 2388 2116 non
2418 2062 2688 2132 possimus
2714 2061 2820 2115 alio
2852 2060 3011 2115 modo
3040 2059 3266 2113 salutem
3298 2058 3552 2127 (ousequi
3575 2099 3589 2122 ,
3619 2057 3720 2110 nisi

2130 2155 2183 2209 iu
2206 2155 2353 2211 hisee
2382 2156 2536 2210 bonis
2560 2155 2810 2225 operibus
2836 2154 2996 2209 vitam
3028 2160 3345 2222 praesentem
3372 2151 3575 2205 emensi
3606 2150 3722 2205 fue-

2129 2250 2329 2315 rimus,
2358 2258 2416 2304 ut
2455 2248 2630 2303 futura
2660 2262 3053 2318 consequamur
3082 2246 3217 2301 bona
3242 2286 3256 2309 ,
3284 2243 3451 2315 gratia
3483 2252 3536 2298 et
3567 2243 3719 2297 heni-

2128 2344 2332 2413 gnitate
2364 2343 2571 2397 Domini
2612 2342 2779 2397 nostri
2820 2342 2947 2398 Jesu
2975 2338 3207 2403 Christi,
3240 2339 3453 2408 quicum
3496 2337 3635 2391 [Patri
3666 2344 3721 2389 et

2128 2434 2347 2505 Spiritui
2373 2443 2558 2489 sancto
2577 2435 2764 2505 gloria,
2793 2433 3100 2502 imperium,
3127 2430 3318 2497 honor,
3343 2444 3485 2484 nunc
3506 2440 3559 2484 et
3580 2446 3721 2483 sctu-

2130 2542 2244 2597 per,
2275 2537 2328 2582 et
2355 2528 2406 2581 iu
2436 2529 2630 2582 saecula
2656 2527 2995 2583 sazculorum.
3027 2527 3216 2580 Amen.

1788 2739 2137 2801 HOMILIA
2179 2739 2359 2802 XXI.

427 2893 559 2952 Car.
608 2892 661 2948 9.
690 2907 743 2945 ν.
772 2890 868 2946 26.
897 2890 1026 2947 Cum
1067 2900 1235 2945 autem
1263 2891 1473 2945 uenisset
1503 2887 1699 2942 Paulus
1724 2886 1777 2941 in
1806 2885 2022 2940 Jerusa-

506 2986 602 3040 lem
627 3024 643 3049 ,
686 2982 906 3036 tentabat
930 2998 984 3035 se
1001 2984 1222 3052 jungere
1257 2980 1521 3049 discipulis
1552 2994 1571 3032 :
1600 2991 1649 3032 et
1678 2994 1848 3031 omnes
1878 2978 2022 3031 time-

505 3076 624 3127 bant
651 3089 785 3137 eum,
826 3088 929 3125 non
959 3071 1216 3125 credentes
1250 3071 1384 3140 quod
1428 3079 1555 3123 esset
1596 3069 1896 3138 discipulus.
1926 3066 2017 3121 37.

504 3164 767 3218 Barnabas
782 3172 952 3217 autem
977 3164 1346 3233 apprehensum
1375 3162 1519 3215 illum
1544 3161 1691 3214 duxit
1717 3161 1784 3213 ad
1811 3169 2018 3231 aposto-

505 3260 601 3321 los,
626 3269 672 3311 et
693 3258 917 3311 narravit
938 3257 1040 3311 illis
1059 3257 1313 3326 quomodo
1333 3258 1383 3310 in
1401 3256 1480 3309 via
1500 3255 1701 3310 vidisset
1726 3253 2016 3309 Dominum.

503 3354 553 3408 i.
586 3351 740 3406 Pauli
763 3352 898 3406 dicta
914 3349 1480 3406 conciliantur.—Jure
1507 3349 1595 3403 hic
1630 3348 1777 3403 dubii
1807 3363 2018 3418 quazra-

430 3460 550 3500 tutis
572 3486 587 3510 ,
634 3444 904 3515 quonme
934 3444 987 3498 in
1016 3436 1258 3513 Epistola
1288 3442 1354 3496 ad
1378 3441 1593 3497 Galatas
1620 3439 1826 3496 dicatur
1857 3458 1871 3495 :
1896 3439 2020 3496 Non

430 3538 535 3590 abii
558 3537 951 3605 Jerosolgmam,
978 3536 1067 3591 sed
1108 3537 1162 3589 in
1201 3534 1443 3588 Arabiam
1484 3543 1531 3587 et
1573 3531 1926 3597 Damascum;
1970 3541 2019 3586 et

432 3638 544 3699 post
566 3638 664 3681 tres
688 3644 850 3680 annos
878 3626 1083 3679 escendi
1107 3624 1481 3695 Jerosolymam
1508 3624 1678 3678 uidere
1709 3622 1940 3688 Petrum;
1970 3632 2018 3677 et

434 3720 682 3775 neminem
721 3718 1065 3787 apostolorum
1110 3716 1213 3769 uidi
1241 3714 1386 3784 (Gal.
1417 3715 1469 3770 1.
1504 3714 1693 3783 17-19)
1722 3732 1735 3768 :
1762 3714 1848 3770 hic
1888 3728 2018 3770 vero

426 3820 612 3865 contra
635 3809 861 3871 dicatur,
886 3807 1181 3863 Ba‘rnabam
1204 3806 1377 3876 ipsum
1393 3806 1611 3861 duxisse
1630 3806 1696 3861 ad
1722 3805 2012 3875 apostolos.

429 3902 524 3957 Vel
558 3902 657 3955 hoc
683 3901 842 3971 igitur
862 3900 973 3953 vult
993 3900 1173 3954 dicere
1208 3916 1222 3953 :
1248 3899 1361 3953 Non
1383 3898 1510 3965 abii,
1539 3908 1595 3953 ut
1625 3899 1692 3952 ibi
1718 3913 2010 3961 manerem;

425 3993 499 4048 ibi
530 4004 757 4063 nutuque
787 3992 937 4057 dicit,
968 3990 1090 4046 Non
1114 3991 1306 4045 adhwsi
1333 3992 1475 4043 carni
1500 3999 1547 4044 et
1566 3990 1801 4061 sanguini
1833 3987 2010 4062 (Ibid.

426 4100 475 4138 υ.
510 4084 625 4156 16);
658 4101 830 4155 neque
851 4084 957 4139 abii
979 4083 1370 4155 Jerosolymam
1388 4083 1453 4137 ad
1471 4092 1840 4139 antecessores
1864 4096 2014 4137 meos

423 4177 701 4245 apostolos
730 4193 744 4229 :
774 4176 856 4231 vel
888 4176 994 4231 alio
1022 4174 1183 4229 modo
1210 4192 1226 4228 :
1259 4174 1380 4245 quia
1407 4174 1612 4229 insidia:
1637 4174 1741 4229 illa:
1772 4175 2011 4229 Damasci

423 4279 547 4340 post
572 4270 674 4324 iter
700 4270 751 4323 in
780 4269 1031 4324 Arabiam
1052 4268 1222 4333 fuere,
1251 4282 1314 4323 ac
1332 4267 1527 4324 deinde
1546 4267 1819 4333 ascendit,
1865 4276 2015 4337 post-

424 4375 582 4428 quam
617 4359 811 4414 isthinc
846 4360 1097 4414 redierat.
1145 4358 1263 4429 Ipse
1289 4358 1447 4429 igitur
1473 4374 1577 4413 non
1617 4359 1748 4414 abiit
1774 4357 1841 4413 ad
1882 4373 2013 4429 apo-

419 4455 607 4518 stolos,
624 4452 717 4507 sed
733 4453 1009 4523 discipulis
1031 4453 1238 4509 hmrerc
1258 4454 1551 4523 satagebat,
1572 4463 1756 4522 utpote
1779 4454 1865 4523 qui
1884 4468 2011 4509 non-

418 4545 545 4600 dum
574 4545 781 4609 doctor,
814 4547 908 4600 sed
938 4546 1229 4615 discipulus
1259 4556 1421 4601 esset.
1467 4546 1610 4615 Ergo
1636 4561 1741 4601 non
1774 4546 1895 4602 ideo
1919 4562 2008 4601 as-

418 4636 619 4701 cendit,
647 4646 703 4690 ut
725 4645 1091 4691 antecessores
1117 4652 1242 4692 suos
1268 4636 1441 4692 adiret
1464 4656 1477 4693 :
1502 4652 1674 4706 neque
1690 4638 1832 4691 enim
1850 4638 2008 4707 quid-

418 4728 560 4798 piam
596 4728 664 4781 ah
704 4726 808 4781 illis
842 4728 1045 4782 didicit.
1103 4727 1199 4782 Vel
1230 4728 1298 4783 de
1327 4729 1427 4783 hoc
1455 4742 1680 4783 ascensu
1714 4745 1820 4783 non
1855 4730 2003 4797 dicit,

417 4820 511 4876 sed
537 4819 731 4874 onultit
758 4819 941 4884 illum;
979 4818 1114 4873 adeo
1144 4830 1201 4874 ut
1226 4834 1313 4874 res
1341 4820 1411 4873 ita
1438 4835 1495 4875 se
1523 4819 1751 4875 habeat:
1781 4821 1923 4876 Abiit
1952 4825 2003 4878 iu

413 4912 689 4974 Arabiam,
721 4911 915 4965 deinde
946 4911 1093 4965 venit
1123 4912 1434 4966 Damascum
1460 4956 1475 4980 ,
1519 4923 1700 4982 postea
1729 4912 2003 4987 Jerosoly-

418 5020 581 5067 mam,
608 5002 727 5057 hinc
750 5004 799 5057 in
830 5003 1059 5075 Syriam.
1083 5002 1179 5058 Vel
1204 5004 1247 5058 si
1271 5020 1376 5058 non
1401 5006 1468 5059 ita
1491 5014 1592 5069 est,
1616 5006 1692 5062 sic
1718 5021 1805 5063 res
1829 5022 1887 5063 se
1910 5008 2005 5063 ha-

416 5096 534 5150 buit
564 5115 576 5149 :
602 5095 857 5149 Ascendit
878 5094 1283 5167 Jerosolymam,
1321 5095 1443 5151 hinc
1464 5097 1516 5151 in
1541 5099 1852 5154 Damascum
1876 5100 2003 5155 mis-

415 5204 508 5242 sus
537 5197 639 5255 est,
666 5185 861 5242 deinde
891 5186 944 5241 in
969 5187 1197 5258 Syriam,
1229 5188 1422 5243 deinde
1446 5204 1632 5244 rursus
1658 5190 1997 5260 Damascum,

411 5290 595 5352 postea
627 5282 924 5337 Caesaream
950 5323 966 5347 ,
1010 5290 1064 5336 et
1096 5290 1219 5336 tunc
1251 5299 1344 5350 per
1368 5284 1769 5353 quattuordecim
1806 5299 1996 5352 annos,

411 5375 550 5430 forte
568 5374 781 5445 quando
805 5372 997 5429 fratres
1021 5372 1241 5428 adduxit
1264 5391 1384 5429 cum
1413 5374 1672 5430 Barnaba.
1702 5374 1799 5433 Vel
1819 5376 1861 5431 si
1892 5392 1997 5430 non

413 5469 535 5529 hoe,
563 5466 702 5521 allud
724 5466 853 5521 dicit
880 5475 1107 5536 tempus.
1141 5465 1271 5521 Nam
1296 5466 1749 5539 historiographus
1774 5469 1996 5522 multum

408 5559 731 5628 compendio
756 5560 963 5623 studet,
1013 5569 1069 5614 et
1095 5562 1259 5614 multa
1291 5569 1525 5630 tempora
1558 5561 1819 5629 eongerit.
1866 5559 1997 5615 Vide

411 5666 692 5722 quamnon
712 5654 781 5707 sit
803 5653 1135 5716 ambitiosus,
1158 5668 1330 5723 neque
1352 5662 1530 5708 narret
1546 5651 1805 5707 visionem
1829 5651 1991 5718 illam,

420 5745 515 5804 sed
540 5756 882 5805 transcurrat.
916 5748 1117 5806 Rursus
1147 5752 1222 5807 sic
1249 5752 1429 5822 incipit
1454 5760 1505 5807 et
1537 5751 1608 5804 ait
1641 5769 1653 5805 :
1680 5749 1803 5805 Cum
1829 5761 1995 5804 autem

2129 2889 2339 2940 venisset
2370 2886 2421 2939 in
2446 2884 2754 2951 Jerusalem,
2798 2886 3018 2939 tentabat
3060 2900 3114 2938 se
3146 2885 3365 2953 jungere
3408 2882 3672 2952 discipulis
3699 2900 3717 2936 :

2126 2980 2200 3033 illi
2238 2997 2351 3033 vero
2397 2981 2634 3032 timebant
2664 2995 2795 3031 eum.
2843 2978 2910 3031 Et
2944 2977 3069 3031 hinc
3105 2991 3316 3031 rursum
3349 2975 3496 3029 Pauli
3540 2976 3717 3029 fervor

2124 3073 2446 3136 ostenditur;
2475 3089 2578 3127 non
2609 3072 2676 3127 ab
2704 3072 2930 3137 Anania,
2959 3086 3064 3126 non
3092 3071 3159 3125 ab
3187 3070 3271 3136 iis,
3301 3069 3388 3140 qui
3422 3069 3541 3124 istic
3557 3068 3719 3122 mira-

2126 3166 2319 3221 bantur
2348 3181 2501 3225 eum,
2545 3164 2637 3218 sed
2667 3164 2827 3218 etiam
2858 3163 2923 3218 ab
2953 3163 3040 3228 iis,
3072 3178 3190 3233 qua:
3220 3160 3571 3233 Jerusnlymis
3599 3170 3716 3215 aeta

2123 3269 2266 3314 sunt.
2302 3258 2482 3327 Neque
2522 3258 2663 3312 enim
2695 3256 2798 3312 hoc
2839 3258 3084 3311 humana:
3126 3266 3242 3313 erat
3269 3256 3704 3326 exspectationis.

2122 3352 2186 3405 Et
2213 3349 2332 3404 vide
2362 3351 2507 3404 illunt
2542 3365 2645 3404 non
2677 3351 2948 3418 apostolos
2973 3348 3120 3402 adire
3149 3365 3257 3417 prae
3284 3348 3567 3412 modestia,
3617 3350 3712 3403 sed

2122 3441 2437 3512 discipulos,
2460 3450 2643 3510 utpote
2664 3441 2752 3511 qui
2773 3439 3067 3509 discipulus
3093 3447 3272 3495 esset:
3303 3439 3541 3495 nondum
3570 3436 3714 3494 cnint

2123 3534 2260 3589 fidus
2310 3549 2430 3589 esse
2476 3533 2780 3603 putabatur.
2832 3533 3095 3588 Barnabas
3134 3543 3302 3586 autem
3343 3532 3715 3605 apprehensum

2120 3628 2266 3680 illaut
2291 3626 2436 3680 duxit
2455 3627 2525 3680 ad
2554 3628 2843 3696 apostolus,
2873 3636 2919 3681 et
2957 3628 3179 3680 narravit
3205 3627 3309 3681 illis
3330 3668 3346 3694 ,
3387 3628 3638 3698 quomodo
3659 3629 3713 3679 in

2120 3722 2202 3775 via
2232 3721 2433 3776 vidisset
2465 3718 2757 3775 Dominum.
2790 3720 3060 3775 Barnabas
3092 3719 3180 3775 hic
3209 3721 3350 3775 mitis
3376 3730 3430 3776 et
3456 3736 3710 3776 mansue-

2122 3820 2207 3865 tus
2236 3810 2396 3866 homo
2422 3819 2561 3866 erat.
2592 3810 2797 3867 Nomen
2824 3821 3003 3866 autem
3034 3811 3150 3882 ejus
3178 3811 3347 3866 lilium
3383 3812 3712 3867 consolatio-

2120 3903 2203 3956 nis
2229 3903 2491 3973 siguilicat
2519 3922 2533 3958 :
2555 3902 2696 3957 unde
2719 3912 2773 3957 et
2792 3903 2995 3957 amicus
3018 3903 3179 3957 Paulo
3202 3902 3317 3959 fuit.
3343 3902 3494 3971 Quod
3526 3913 3706 3959 autem

2120 3994 2273 4049 valde
2300 3994 2444 4049 mitis
2470 4004 2614 4050 esset
2642 4002 2697 4050 et
2730 4009 2947 4050 accessu
2979 3993 3172 4059 facilis,
3219 4004 3273 4049 et
3301 4010 3366 4050 ex
3395 3995 3517 4063 hoc,
3556 4005 3611 4050 et
3638 4012 3706 4051 ex

2118 4087 2183 4140 iis
2207 4102 2326 4156 qua:
2346 4087 2485 4142 circa
2506 4086 2766 4142 Joannem
2790 4094 2906 4141 acta
2933 4095 3077 4153 sunt,
3102 4087 3286 4158 liquet.
3319 4086 3472 4142 Unde
3494 4088 3577 4140 hic
3600 4101 3707 4142 non

2118 4179 2330 4245 metuit,
2362 4178 2456 4234 sed
2480 4188 2683 4241 narrat,
2707 4177 2975 4249 quomodo
2999 4179 3052 4232 in
3078 4179 3161 4231 via
3183 4177 3376 4233 viderit
3397 4177 3705 4245 Dominum,

2116 4281 2171 4326 et
2198 4271 2338 4339 quod
2367 4271 2617 4342 loquutus
2643 4271 2712 4326 sit
2744 4271 2841 4335 illi,
2884 4286 2949 4326 ac
2972 4270 3240 4342 quomodo
3269 4270 3511 4325 Damasci
3540 4270 3708 4325 libere

2115 4362 2285 4432 egerit
2311 4363 2361 4417 in
2394 4362 2610 4418 nomine
2642 4362 2851 4417 Domini
2882 4361 3031 4417 Jesu.
3089 4360 3393 4417 Verisimile
3435 4361 3577 4417 enim
3622 4369 3707 4415 est

2113 4454 2265 4509 illum
2292 4455 2534 4509 Damasci
2556 4452 2824 4509 audivisse
2844 4452 2911 4509 de
2938 4452 3048 4507 illo.
3075 4452 3199 4508 ldco
3225 4452 3341 4507 ha'e
3366 4451 3432 4506 ad
3455 4452 3540 4506 illa
3569 4467 3706 4523 prae-

2114 4555 2340 4616 parant,
2394 4547 2521 4601 dum
2552 4546 2642 4600 ille
2671 4545 2924 4615 operibus
2966 4544 3105 4599 dicta
3155 4544 3458 4599 coulirmat.
3489 4542 3579 4598 28.
3641 4543 3705 4595 lit

2112 4654 2351 4697 eratcum
2380 4642 2483 4696 illis
2512 4645 2708 4694 intrans
2736 4650 2781 4693 et
2802 4641 2974 4693 exiens
3001 4640 3051 4692 in
3072 4637 3380 4704 Jerusalem,
3412 4647 3457 4691 et
3486 4637 3705 4706 ﬁducia-

2112 4738 2230 4791 liter
2271 4752 2425 4805 agens
2464 4736 2514 4787 in
2549 4734 2751 4786 nomine
2774 4732 2919 4787 Jesu.
2948 4731 3039 4788 29.
3073 4730 3391 4797 Loqucbatur
3428 4747 3628 4801 quoque
3657 4740 3703 4783 et

2110 4830 2397 4899 disputabat
2454 4846 2566 4882 cum
2625 4827 2837 4883 ercis.
2898 4828 3031 4895 Quia
3093 4826 3338 4895 discipuli
3391 4826 3705 4880 metuebant

2109 4922 2292 4985 illum,
2337 4920 2566 4990 apostoli
2598 4934 2726 4974 vero
2755 4933 2858 4973 non
2888 4920 2960 4972 illi
3004 4918 3345 4973 conﬁdebant
3376 4935 3390 4971 :
3428 4916 3548 4971 ideo
3577 4916 3701 4969 hinc

2108 5016 2321 5071 illorum
2346 5024 2543 5069 metum
2561 5013 2739 5068 solvit.
2764 5011 3101 5083 Loquebutur,
3127 5012 3317 5082 inquit,
3340 5020 3387 5065 et
3407 5010 3700 5079 disputabat

2106 5125 2220 5162 cum
2242 5105 2455 5161 Grecis.
2488 5105 2581 5160 llic
2606 5105 2824 5161 Graecos
2850 5115 3007 5160 vocat
3034 5119 3149 5171 eos,
3184 5104 3271 5175 qui
3298 5103 3484 5158 Grazce
3515 5102 3695 5170 loque-

2106 5199 2337 5253 bantur:
2364 5196 2537 5252 ethoc
2556 5196 2843 5252 admodum
2872 5197 3161 5268 sapienter.
3188 5195 3263 5251 llli
3291 5196 3433 5250 enim
3461 5193 3548 5247 alii
3592 5191 3685 5246 lle-

2103 5291 2232 5345 brazi
2258 5305 2323 5345 ne
2353 5290 2533 5345 videre
2558 5289 2773 5361 quidem
2799 5292 2948 5345 illum
2972 5290 3241 5345 volebant.
3266 5287 3292 5342 Ι
3300 5286 3355 5343 lli
3378 5299 3543 5340 autem
3565 5302 3706 5356 qua:-

2103 5382 2276 5435 rebant
2302 5382 2527 5437 occidere
2570 5398 2704 5437 eum.
2737 5380 3100 5438 Vchemeutia:
3130 5396 3194 5436 ac
3243 5378 3494 5449 perfecta:
3520 5379 3685 5430 view-

2102 5474 2196 5528 rize
2228 5472 2327 5528 hoc
2356 5474 2565 5543 signum
2611 5483 2748 5542 erat,
2798 5484 2852 5529 et
2880 5472 3020 5544 quod
3051 5473 3125 5526 illi
3157 5472 3255 5527 hac
3284 5471 3351 5526 de
3378 5486 3437 5526 re
3466 5470 3692 5523 multum

2101 5566 2365 5622 dolerent.
2399 5566 2485 5622 50.
2523 5567 2674 5635 Quod
2704 5584 2818 5623 cum
2846 5566 3193 5637 cognovissent
3224 5568 3428 5637 fratres,
3462 5562 3693 5616 deditte-

2101 5669 2344 5713 runteum
2364 5658 2665 5715 Cwsaream.
2696 5660 2813 5715 Prie
2842 5660 3032 5713 timore
3061 5659 3159 5713 hoc
3182 5659 3380 5712 faciunt
3404 5676 3416 5710 :
3443 5657 3691 5709 timentes

2102 5752 2243 5807 enim
2270 5767 2334 5807 ne
2357 5750 2587 5822 idipsum
2607 5749 2895 5818 accideret,
2923 5749 3064 5821 quod
3095 5748 3392 5820 Stephano,
3418 5747 3690 5802 deducunt
