4084 6174
394 310 498 367 985

389 425 510 488 πῶς
543 423 604 478 οὗ
632 421 806 476 πάντα
836 422 1021 493 χάριτι
1052 420 1260 492 γίνεται
1284 465 1299 488 ,
1330 421 1464 476 ἀλλά
1498 420 1771 491 συγχωρεί
1798 415 1994 477 αὐτοὺς
2025 412 2054 464 6

388 512 526 574 θεὸς
541 511 634 565 καὶ
650 510 826 579 οίκείᾳ
850 511 1015 581 σοφία
1040 513 1344 580 οἰκονομεῖν
1366 509 1535 564 πολλὰ
1556 510 1650 561 καὶ
1675 504 2050 576 ἀνθρωπίνως.

390 598 455 652 El
483 597 592 669 γάρ
617 599 705 650 ἐπ’
736 595 900 649 αὐτοῦ
934 596 1094 650 τοῦτο
1130 598 1351 666 γέγονε,
1392 596 1576 666 πολλῷ
1612 593 1812 666 μᾶλλον
1839 592 1926 645 ἐπ’
1956 591 2056 644 αι’)-

388 686 518 739 τῶψ
552 686 828 754 Συγχωρεῖ
854 684 1035 737 τοίνυν
1061 725 1075 746 ,
1115 685 1201 737 ἵνα
1237 683 1345 737 τῶν
1370 683 1632 755 ῥᾳθύμων
1656 681 1752 751 τὴν
1783 681 2055 751 πρόφασιν

389 774 619 845 ἐκκόψῃο
632 778 701 828 Αἰ
712 773 828 843 μὲν
839 771 955 829 οὖν
968 773 1318 839 Ἐκκλησίαι
1347 772 1474 827 καθ’
1490 771 1639 838 ὅλης
1649 769 1758 838 τῆς
1771 769 2047 833 Ἰουδαίας

387 862 487 917 καί
514 865 841 932 Σαμαρείας
863 859 1028 931 εἶχον
1048 861 1318 928 εἰρήνην,
1343 860 1828 927 οἰκοδομούμεναι
1840 857 1937 910 καί
1951 869 2055 909 πο-

381 954 699 1021 ρευιίμεναι
719 950 799 1016 τῷ
820 952 982 1020 φόϐῳ
1011 950 1250 1019 Κυρίου,
1289 949 1387 1001 καὶ
1417 947 1489 1016 τῇ
1516 945 1895 1016 παρακλήσει
1947 943 2053 997 τοῦ

388 1040 560 1108 ἁγίου
584 1039 1368 1107 Πν.ι“ὐματοςέπ.2ηθύνοντο.
1392 1036 1590 1090 Μέλλει
1606 1036 1729 1107 περὶ
1743 1035 1948 1104 Πέτρου
1969 1031 2055 1084 λέ-

388 1128 634 1195 γειν,καὶ
652 1128 736 1180 ὅτι
756 1127 890 1197 πρὸς
910 1128 1035 1189 τοὺς
1065 1125 1255 1193 ἀγίους
1284 1120 1755 1177 κάτεισιν.’Ίνόὗν
1785 1122 1861 1193 μὴ
1887 1121 2053 1191 φόϐου

386 1214 545 1268 τοῦτο
571 1215 765 1285 νομίσῃ
794 1232 900 1277 τις,
934 1213 1195 1284 πρότερον
1218 1212 1292 1275 ὡς
1315 1208 1458 1282 εἶχον
1479 1214 1533 1264 αἱ
1550 1211 1865 1282 Ἐκκλησίαι
1880 1206 2076 1280 διηγεῖ-

386 1320 499 1366 ται,
524 1303 754 1366 δεικνὺς,
777 1303 862 1355 ὅτι
885 1301 1120 1370 διωγμὸς
1143 1302 1231 1353 ὅτε
1254 1296 1342 1371 ἦν,
1360 1302 1417 1353 ἐν
1448 1299 1710 1372 Ἱεροσολύ
1720 1317 1840 1369 μοις
1859 1294 1948 1369 ἦν·
1966 1298 2052 1349 ὅτε

386 1392 730 1463 δὲπανταχοῦ
758 1394 816 1445 ἐν
844 1391 1114 1462 ἀσφαλείᾳ
1147 1391 1214 1444 τὰ
1239 1393 1334 1461 τῆς
1360 1389 1701 1460 Ἐκκλησίας,
1720 1388 1839 1440 τότε
1868 1386 2053 1440 λοιπὸν

388 1483 485 1536 καὶ
507 1483 577 1535 τὰ
611 1482 956 1553 Ἰεροσόλυμα
986 1480 1209 1550 ἀφίησιν
1240 1495 1255 1510 ⁸
1289 1477 1459 1542 οὕτως
1485 1473 1551 1549 ἦν
1578 1477 1776 1548 θερμὸς
1799 1475 1932 1545 ὁμοῦ
1959 1475 2052 1528 καὶ

388 1569 637 1640 σφοδρός.
677 1569 752 1621 Οὐ
787 1568 893 1638 γὰρ
926 1567 1113 1655 ἐπειδὴ
1152 1568 1341 1655 εἰρήνη
1371 1562 1458 1655 ἦν,
1489 1562 1707 1655 ἐνόμιζε
1737 1563 1903 1655 μηδὲν
1941 1562 2051 1655 δἐἰ-

388 1655 512 1709 σθαι
556 1656 657 1725 τῆς
704 1655 870 1709 αὑτοῦ
927 1649 1246 1726 παρουσίας.
1290 1653 1401 1707 Καὶ
1432 1652 1521 1706 διὰ
1552 1652 1642 1713 τί,
1679 1651 1812 1720 φησὶ
1837 1691 1852 1709 ,
1892 1649 2051 1701 τοῦτο

385 1746 550 1808 ποιεῖ,
581 1746 674 1796 καὶ
703 1741 918 1813 ἔρχεται
950 1744 1170 1813 εἰρήνης
1199 1740 1364 1810 οὔσης
1388 1782 1403 1806 ,
1445 1739 1538 1792 καὶ
1577 1740 1711 1808 μετὰ
1751 1737 1813 1789 τὸ
1837 1735 2049 1789 Παῦλον

386 1831 669 1895 ἀπελθεῖνς
696 1832 817 1884 Ὀτι
847 1830 1042 1892 aia-.03;
1069 1828 1291 1900 ήδοῦντο
1321 1827 1556 1899 μάλιστα
1586 1838 1634 1886 ι,
1671 1823 1767 1877 ἅτε
1792 1823 2050 1885 πολλάκις

387 1921 792 1991 παραστάντας,
842 1920 933 1972 καὶ
990 1918 1094 1970 ὑπὸ
1149 1917 1242 1971 τοῦ
1299 1915 1537 1987 πλήθους
1596 1914 2048 1985 θαυμασθέντας·

384 2008 591 2061 ἐκείνου
623 2009 680 2061 δὲ
708 2008 1090 2079 κατεφρόνουν,
1123 2007 1215 2059 καὶ
1248 2005 1448 2076 μᾶλλον
1480 2003 1615 2073 πρὸς
1640 2002 1799 2056 αὑτὸν
1832 2000 2050 2072 ἠγρίαι-

384 2112 496 2149 νον.

457 2181 523 2251 β’.
557 2177 732 2247 Εἶδες,
752 2183 868 2247 πῶς
895 2183 1085 2253 εἰρήνη
1119 2181 1208 2233 τὸν
1242 2179 1475 2249 πόλεμον
1504 2177 1814 2247 ἐκδέχεται;
1849 2174 2048 2246 μᾶλλον

384 2271 469 2331 δὲ,
501 2265 659 2334 εἶδες,
681 2270 733 2322 τί
756 2270 1012 2339 ἐποίησεν
1033 2270 1061 2322 6
1087 2268 1319 2338 πόλεμος
1349 2269 1554 2328 ἐκεῖνος
1577 2282 1591 2330 ;
1621 2265 1904 2335 Διέσπειρε
1921 2262 2047 2326 τοὺς

380 2358 481 2428 τὴν
504 2358 729 2429 εἰρήνην
755 2356 1059 2418 ποιοῦντας.
1099 2355 1221 2408 Ἐπὶ
1243 2356 1340 2425 τῆς
1361 2353 1672 2424 Σαμαρείας
1700 2351 2045 2423 κατησχύνθη

382 2447 411 2497 6
437 2444 617 2515 Σίμων
640 2460 655 2475 ·
677 2445 766 2496 ἐπὶ
794 2446 893 2513 τῆς
925 2441 1185 2503 ἰουδαίας
1207 2441 1274 2493 τά
1298 2442 1434 2494 κατὰ
1461 2440 1779 2511 Σάπφειραν
1805 2440 2045 2508 γέγονεν.

383 2530 463 2585 Οὐ
492 2530 689 2594 τοίνυν,
717 2528 840 2581 ἐπεὶ
868 2528 1061 2598 εἰρήνη
1076 2523 1164 2597 ἦν,
1193 2527 1525 2597 ἐκλελυμένα
1543 2527 1612 2579 τὰ
1637 2527 1937 2597 πράγματα
1956 2518 2045 2595 ἦν,

382 2617 521 2672 ἀλλά
545 2616 768 2687 τοιαύτη
802 2611 931 2686 ἧνή
968 2616 1156 2685 εἰρήνη
1179 2655 1193 2678 ,
1233 2614 1309 2677 ὡς
1352 2614 1445 2668 καὶ
1495 2615 1891 2685 παρακλήσεως
1944 2613 2049 2666 δεῖ·

385 2704 529 2759 σθαι.
555 2703 824 2773 Ἐγένετο
860 2702 948 2766 δὲ,
981 2701 1206 2770 Πέτρον
1237 2701 1620 2771 διερχόμενον
1647 2701 1747 2754 διὰ
1770 2700 2046 2767 πάντων,

382 2790 695 2846 κατελθεῖν
723 2790 821 2843 καί
852 2790 1000 2857 πρὸς
1029 2790 1169 2856 τοὺς
1193 2790 1401 2859 ἁγίους
1439 2789 1580 2855 τοὺς
1621 2788 2049 2854 κατοικοῦντας

383 2875 645 2933 Λύδδαν.
680 2876 945 2946 Καθάπερ
990 2893 1074 2939 τις
1127 2877 1428 2948 στρατηγὸς
1477 2877 1691 2948 περιῄει
1733 2874 1831 2938 τὰς
1867 2873 2049 2939 τάξεις

383 2966 719 3025 ἐπισκοπῶν,
752 2969 901 3017 ποῖον
922 2965 1008 3034 εἴη
1038 2964 1549 3035 συγκεκροτημένον
1591 2964 1778 3035 μέρος,
1807 2965 1955 3016 ποῖον
1990 2963 2049 3015 ἐν

382 3054 593 3124 κόσμῳ,
625 3055 772 3104 ποῖον
801 3053 897 3123 τῆς
926 3052 1089 3104 αὑτοῦ
1122 3052 1292 3104 δέοιτο
1315 3053 1641 3120 παρουσίας.
1668 3052 1810 3121 Ὅρα
1842 3067 2047 3103 παντα-

382 3140 479 3211 χοῦ
506 3140 667 3193 αὐτὸν
697 3141 1101 3212 περιτρέχοντα,
1134 3140 1225 3191 καὶ
1253 3140 1466 3207 πρῶτον
1499 3138 1901 3209 εὑρισκόμενον.
1920 3139 2050 3193 Ὅτε

382 3227 600 3282 ἁλέσθαι
624 3229 727 3283 ἔδει
760 3230 851 3281 τὸν
900 3227 1248 3290 Ἀπόστολον,
1275 3220 1430 3289 οὗτος
1464 3227 1679 3294 πρῶτος
1711 3242 1722 3254 ·
1756 3226 1844 3279 ὅτε
1876 3227 2051 3280 διαλε-

381 3316 577 3388 χθῆναι
612 3318 723 3381 τοῖς
759 3317 1030 3380 Ἰουδαίοις
1077 3317 1205 3388 περὶ
1232 3316 1323 3369 τοῦ
1361 3317 1435 3385 μὴ
1478 3313 1697 3384 μεθύειν
1719 3354 1733 3378 ,
1767 3313 1855 3366 ὅτε
1890 3313 2049 3385 θερα-

378 3400 581 3458 πεῦσαι
633 3405 725 3457 τὸν
770 3405 975 3475 χωλὸν,
1024 3402 1112 3458 ὅτε
1160 3401 1577 3475 δημηγορῆσαι,
1609 3392 1765 3465 οὗτος
1800 3401 1906 3472 πρὸ
1938 3401 2047 3455 τῶν

381 3492 557 3546 ἄλλων
588 3493 735 3546 ἐστίν
772 3508 785 3521 ⁸
819 3494 907 3546 ὅτε
938 3493 1072 3562 πρὸς
1101 3494 1225 3556 τοὺς
1267 3491 1534 3561 ἄρχοντας
1553 3532 1566 3555 ,
1595 3484 1766 3553 οὗτος·
1797 3491 1885 3543 ὅτε
1912 3491 2047 3561 πρὸς

394 3580 763 3641 Ἀνανίαν,ὃτε
789 3581 1001 3651 άπὸτῆς
1016 3581 1172 3642 σκιᾶς
1187 3579 1357 3641 ἰάσεις
1378 3578 1636 3647 ἐγίνοντο,
1654 3570 1809 3641 οὗτος
1831 3574 1917 3650 ἦν.
1940 3580 2048 3633 Καὶ

380 3666 511 3721 ἔνθα
546 3668 646 3736 μὲν
668 3668 695 3706 b
724 3663 794 3738 ἦν
832 3667 1094 3730 κίνδυνος,
1120 3661 1291 3732 οὗτος,
1319 3666 1412 3720 καὶ
1431 3664 1559 3719 ἔνθα
1588 3667 1886 3737 οἰκονομία·
1918 3666 2048 3721 ἔνθα

376 3751 439 3804 δὲ
467 3752 708 3822 γαλήνης
734 3751 804 3803 τὰ
834 3751 1136 3821 πράγματα
1177 3754 1358 3822 γέμει,
1388 3757 1540 3825 κοινῇ
1574 3755 1793 3816 πάντες
1829 3751 2042 3813 οὖτωςε

379 3842 483 3894 ούκ
512 3840 709 3911 ἀπῄτει
730 3841 895 3911 τιμὴν
940 3841 1181 3911 μείζονα.
1228 3842 1397 3896 Πάλιν
1428 3844 1517 3897 ὅτε
1565 3842 2046 3913 θαυματουργῇαι

379 3927 508 3991 ἔδει,
540 3928 702 3987 αὐτὸς
737 3928 990 3999 προπηδᾷ
1012 3945 1025 3958 ·
1045 3929 1138 3981 καὶ
1169 3928 1400 3983 ἐνταῦθα
1427 3930 1587 3984 πάλιν
1621 3924 1776 3993 οὗτος
1806 3931 1959 3982 πονεί
1978 3928 2045 3980 δι’

380 4015 596 4079 ἐαυτοῦ,
623 4018 714 4069 καί
739 4017 1028 4089 ὁδοιπορεῖ.
1061 4014 1214 4086 Εὗρε
1229 4018 1295 4072 δὲ
1315 4018 1443 4073 ἐκεῖ
1464 4018 1778 4086 ἄνθρωπόν
1797 4032 1929 4071 τινα
1950 4017 2047 4071 Al-

379 4100 529 4157 νέαν
551 4104 815 4172 όνόματι,
839 4104 908 4169 ἐξ
930 4106 1082 4159 ἐτῶν
1109 4104 1261 4159 ὀκτὼ
1290 4106 1718 4173 κατακείμενον
1737 4104 1833 4157 ἐπί
1869 4106 2045 4172 κραϐ-

378 4191 583 4256 6ἁτου,
605 4190 673 4258 ὃς
703 4189 782 4264 ἦν
804 4196 1298 4264 παραλελυμένος
1326 4210 1338 4225 ·
1374 4194 1471 4247 καὶ
1494 4190 1664 4247 εἶπεν
1685 4191 1844 4259 αὐτῷ
1870 4196 1903 4246 ό
1932 4191 2045 4246 Πέ-

376 4297 517 4348 τρος
547 4297 560 4309 ·
592 4282 790 4346 Αἰνέα,
812 4280 969 4335 ἰᾶταί
990 4298 1065 4337 σε
1090 4283 1328 4350 Ἰησοῦς
1353 4286 1386 4337 ό
1409 4284 1663 4351 Χριστός
1689 4299 1703 4313 ·
1726 4280 2041 4348 ἀνάστηθι,

376 4367 476 4420 καὶ
512 4366 790 4436 στρῶσον
822 4370 1077 4436 σεαυτῷ.
1136 4371 1242 4425 Kal
1278 4370 1495 4438 εὐθέως
1523 4370 1768 4436 ἀνέστη.
1811 4371 1920 4423 Καὶ
1956 4369 2044 4423 διὰ.

374 4455 429 4507 τί
463 4455 537 4525 μὴ
562 4456 809 4526 ἀνέμεινε
840 4458 939 4529 τὴν
973 4459 1154 4513 πίστιν
1181 4458 1275 4511 τοῦ
1312 4459 1538 4528 ἀνδρὸς,
1584 4459 1720 4530 μηδὲ
1758 4458 2043 4530 ήρὼτησεν

376 4545 424 4594 εἰ
468 4542 710 4612 βούλοιτο
742 4544 1184 4613 θεραπευθῆναις
1228 4545 1477 4597 Μάλιστα
1518 4545 1614 4613 μὲν
1652 4539 1744 4597 οὖν
1787 4545 2042 4615 καὶπρὸς

374 4630 585 4684 πολλῶν
619 4631 962 4701 παράκλησιν
996 4632 1210 4700 ἐγένετο
1236 4631 1295 4683 τὸ
1328 4631 1532 4700 θαῦμα.
1568 4633 1761 4684 Ἀκουε
1794 4632 1923 4701 γοῦν
1948 4632 2044 4685 καὶ

374 4717 435 4771 τὸ
469 4717 657 4788 κέρδος
687 4718 811 4771 ὅσον
837 4733 851 4746 ·
884 4719 1079 4785 ἐπάγει
1112 4718 1221 4789 γὰρ
1256 4718 1429 4786 λέγων
1453 4733 1466 4746 ’
1503 4718 1610 4771 Καὶ
1630 4712 1794 4771 εἶδον
1819 4718 2042 4787 πάντες

373 4811 427 4860 οί
452 4804 875 4871 κατοικοῦντες
894 4805 1136 4860 Λύδδαν
1155 4805 1252 4861 καί
1274 4806 1379 4860 τὸν
1413 4804 1762 4875 Ἀσσάρωνα
1778 4846 1793 4869 ,
1824 4807 2042 4874 οἵτινες

371 4893 758 4962 ἐπέστρεψαν
810 4893 909 4946 ἐπὶ
955 4895 1063 4948 τὸν
1110 4895 1348 4962 Κύριον.
1396 4894 1593 4960 Καλῶς
1634 4894 1806 4959 οὕτως
1845 4893 1997 4950 εἶπεν
2022 4913 2037 4927 ’

373 4980 644 5051 ἐπίσημος
672 4981 781 5053 γὰρ
803 4976 871 5052 ἦν
891 4983 919 5035 6
944 4983 1100 5054 ἀνήρ·
1121 4984 1240 5038 ὅθεν
1259 4983 1350 5037 καὶ
1371 4982 1592 5055 ἔλεγχον
1612 4983 1793 5037 δίδωσι
1816 4986 1911 5038 τοῦ
1942 5003 2039 5058 ση-

374 5068 552 5140 μείου,
571 5068 632 5121 τὸ
655 5065 785 5141 ἆραι
811 5069 900 5125 τὸν
921 5071 1249 5144 κράϐϐατον.
1276 5069 1426 5146 [171]
1444 5072 1517 5126 Ού
1542 5070 1650 5144 γὰρ
1670 5072 1733 5144 δὴ
1752 5071 1858 5125 τῶν
1878 5090 2040 5145 νοση-

376 5156 561 5228 μάτων
598 5159 938 5230 ἀπήλλαττον
967 5160 1149 5232 μόνον,
1172 5161 1307 5215 ἀλλὰ
1341 5160 1480 5234 μετά
1502 5160 1602 5231 τῆς
1630 5161 1816 5230 ὑγείας
1846 5164 2039 5233 παρεῖ-

374 5261 468 5315 χον
494 5244 575 5298 ἔτι
604 5247 696 5300 καὶ
726 5246 900 5318 ἰσχύν.
928 5248 1312 5313 Ἀλλωςδὲκαὶ
1337 5251 1459 5304 τότε
1483 5248 1635 5304 οὔπω
1659 5245 1800 5323 ἦσαν
1824 5249 2037 5322 τεκμή-

373 5349 466 5402 ρια
494 5332 594 5405 τῆς
621 5335 829 5400 οἰκείας
872 5336 1241 5410 παρασχόντες
1280 5338 1581 5410 δυνάμεως,
1627 5338 1766 5392 ὥστε
1814 5337 2038 5400 εἰκότως

369 5420 472 5475 οὐκ
497 5421 758 5497 ἀπῃτεῖτο
790 5423 889 5496 τὴν
918 5426 1099 5482 πίστιν
1132 5430 1161 5481 6
1190 5427 1349 5500 ἀνὴρ,
1381 5427 1567 5498 ἐπειδὴ
1591 5428 1708 5480 οὐδὲ
1740 5427 1830 5481 τὸν
1866 5425 2036 5497 χωλὸν

372 5510 680 5583 ἀπῄτησαν.
728 5515 994 5588 Καθάπερ
1026 5511 1118 5571 οὖν
1145 5518 1173 5570 6
1205 5517 1438 5587 Χριστὸς
1466 5517 1765 5589 ἀρχόμενος
1792 5515 1900 5567 τῶν
1940 5531 2037 5588 ση-

375 5604 543 5673 μείων
566 5606 668 5658 ούκ
693 5604 889 5677 ἀπῄτει
918 5607 1102 5662 πίστιν
1123 5646 1138 5672 ,
1164 5604 1336 5670 οὕτως
1372 5605 1492 5659 οὐδὲ
1535 5599 1702 5658 οὗτοι.
1744 5603 1831 5657 Ἐν
1866 5602 2032 5674 Ἰερο-

435 5735 455 5757 ⁶
485 5727 618 5795 U_nu_s
640 5732 749 5795 cod,
760 5732 1259 5795 παρουσίας.⁹Απῆλθε
1269 5730 1476 5795 Παῦλος,
1495 5729 1760 5795 καὶ-εἰρήνη
1785 5726 1867 5795 ἦν’
1892 5726 2010 5795 ἶτᾷλδ

371 5803 459 5857 ιιρς
486 5790 811 5857 οὖδέτιεμούδέ
828 5788 1029 5857 ταραχή.
1075 5788 1253 5847 Αὐτοὺς
1294 5792 1492 5857 ᾐδοῦντο
1535 5788 1781 5857 μάλιστα.-
1824 5789 1852 5826 δ
1896 5788 2033 5857 Idem

372 5850 509 5919 οὗτος
530 5852 615 5919 ἦν.
650 5855 863 5919 Καὶ-θέα.
890 5850 1133 5919 Maps»:
1187 5850 1345 5906 csuae
1372 5854 1514 5905 codd.
1538 5850 1614 5904 ἐι
1653 5853 1803 5903 Sam.
1825 5852 2037 5903 ταιίιιι-

377 5918 483 5964 tum
529 5918 634 5964 loco
676 5916 859 5972 vulgati
900 5915 1050 5974 οὗτος.
1099 5918 1231 5967 Enn.

1215 307 1273 364 S.
1309 306 1596 361 JOANNIS
1629 300 2046 360 οιιιινεουτδῖ

2150 297 2463 356 ARCIIIEP.
2509 302 3055 362 CONS’I‘ANTINUP.

3726 313 3829 367 166

2161 412 2415 485 σολύμοις
2467 416 2565 487 μὲν
2611 418 2720 490 γὰρ
2765 419 2990 483 εἰκότως
3030 423 3065 491 ή
3112 423 3295 485 πίστις
3328 420 3514 477 ἀὐτῶν
3561 425 3827 498 πρότερον

2157 501 2452 575 ἀπῃτεῖτο’
2479 505 2603 559 ὅθεν
2652 507 2746 559 καὶ
2787 508 2877 560 διὰ
2921 508 3122 573 πίστιν,
3168 510 3279 563 ὅσοι
3316 510 3631 581 συνείχοντο
3664 514 3829 568 ἀσθει

2157 592 2348 655 νείαις,
2377 596 2497 656 ταῖς
2524 594 2663 658 ὁδοῖς
2689 592 3005 659 ἐξετίθεντο,
3039 596 3144 660 ἵνα,
3177 596 3470 667 ἐρχομένου
3500 598 3565 668 δή
3592 599 3826 671 Πέτρου,

2158 679 2261 732 κᾶν
2294 682 2326 748 ή
2367 681 2494 734 σκιά
2528 682 2825 753 ἐπισκιάσῃ
2855 683 2963 735 τινὶ
3002 683 3201 738 αὐτῶν.
3248 684 3425 738 Πολλὰ
3472 685 3582 757 γάρ
3615 689 3828 755 ἐγίνετο

2156 768 2273 820 ἐκεῖ
2300 771 2525 837 σημεῖα,
2559 767 2791 823 ἐνταῦθα
2820 769 2876 822 δὲ
2906 769 3063 824 τοῦτο
3098 771 3313 842 πρῶτον
3337 774 3629 844 συμϐαίνει
3648 775 3699 831 ά.
3743 777 3828 831 Τὰ

2159 853 2257 923 μὲν
2283 855 2390 925 γὰρ
2419 856 2527 908 τῶν
2561 855 2803 926 σημείων
2836 856 2975 926 ὑπὲρ
3006 856 3099 909 τοῦ
3129 859 3255 923 τοὺς
3293 858 3488 924 ἄλλους
3513 863 3824 920 ἐπισπάσα-

2159 941 2283 995 σθαι
2305 944 2546 1010 ἐγίνετο,
2584 946 2652 997 τὰ
2679 944 2735 997 δέ
2775 944 2918 1014 ὑπὲρ
2945 945 3043 1016 τῆς
3075 945 3185 1000 τῶν
3233 948 3599 1003 πιστευόντων
3647 970 3825 1024 παραι-

2158 1030 2421 1099 κλήσεως.
2448 1032 2549 1084 Ἔν
2588 1033 2788 1101 Ἰόππῃ
2817 1032 2885 1085 δέ
2906 1050 2996 1099 τις
3022 1029 3103 1102 ἦν
3126 1033 3420 1103 μαθήτρια
3444 1036 3691 1106 ὀνόματι
3717 1044 3824 1095 Ta-

2156 1117 2324 1183 σηθὰ,
2362 1115 2400 1185 ἢ
2450 1118 2952 1187 διερμηνευομένη
2999 1119 3236 1189 λέγεται
3262 1122 3510 1191 Δορκάς.
3554 1126 3717 1195 Αὕτη
3740 1128 3826 1197 ἦν

2154 1201 2393 1270 πλήρης
2412 1203 2651 1273 ἀγαθῶν
2680 1205 2870 1275 ἔργων
2910 1206 3010 1260 καὶ
3035 1208 3466 1276 ἐλεημοσυνῶν
3493 1207 3581 1266 ὧν
3606 1214 3818 1271 ἐποίει.

2168 1290 2436 1361 Ἐγένετο
2464 1290 2533 1343 66
2557 1292 2629 1345 ἐν
2652 1292 2781 1358 ταῖς
2817 1293 3064 1361 ἡμέραις
3087 1294 3350 1360 ἐκείναις
3379 1298 3823 1369 ἀσθενήσασαν

2154 1377 2349 1445 αὐτὴν
2369 1377 2714 1434 ἀποθανεῖν.
2756 1383 3103 1447 Λούσαντες
3140 1382 3208 1435 66
3235 1384 3457 1452 αὐτὴν,
3492 1388 3721 1456 ἔθηκαν
3750 1393 3823 1446 ἐν

2153 1464 2416 1533 ὑπερῴῳ.
2449 1465 2659 1535 Ἐγγὺς
2689 1465 2758 1519 66
2781 1468 2976 1534 οὔσης
2998 1468 3236 1537 Λύδδης
3262 1470 3338 1540 τῇ
3373 1474 3599 1543 Ἰόππῃ,
3630 1481 3684 1531 οι
3706 1497 3821 1548 μα-

2154 1553 2324 1621 θηταὶ
2366 1554 2761 1620 ἀκούσαντες,
2790 1555 2878 1609 ὅτι
2921 1559 3145 1626 Πέτρος
3182 1559 3355 1615 ἐστὶν
3380 1563 3453 1615 ἐν
3478 1565 3633 1633 αὐτῇ
3650 1607 3664 1631 ,
3701 1568 3818 1622 ἀπ-

2151 1638 2438 1695 έστειλαν
2477 1640 2587 1696 δύο
2619 1641 2846 1711 ἄνδρας
2891 1647 3385 1715 παρακαλοῦντες
3418 1651 3506 1719 μὴ
3555 1654 3819 1725 ὀκνῆσαι

2151 1727 2413 1783 διελθεῖν
2455 1729 2567 1796 ἕως
2604 1729 2822 1785 αὐτῶν.
2875 1732 2974 1784 Διὰ
3008 1734 3061 1786 τί
3099 1737 3452 1807 περιέμειναν
3489 1742 3814 1813 ἀποθανεῖν;

2152 1814 2240 1868 διὰ
2282 1816 2335 1867 τί
2379 1815 2455 1887 μή
2510 1816 2710 1887 ἐσκύλη
2768 1818 2973 1889 Πέτρος
3015 1822 3108 1874 καὶ
3154 1824 3260 1895 πρὸ
3305 1827 3533 1897 τούτου;
3576 1832 3818 1901 ’Δνάξιον

2152 1901 2382 1971 ήγοῧντο
2412 1903 2596 1957 λοιπὸν
2635 1905 3048 1975 φιλοσοφοῦντες
3084 1909 3225 1981 ὑπὲρ
3256 1911 3366 1968 τῶν
3404 1917 3660 1973 τοιούτων
3692 1924 3819 1987 τοὺς

2155 1989 2399 2081 μαθητάς
2430 1992 2701 2081 Ῠσκύλλειν
2725 2033 2740 2059 ,
2798 1995 2894 2049 καὶ
2933 1996 3025 2049 τοῦ
3064 1999 3416 2071 κηρύγματος
3475 2012 3769 2081 παρασπᾷν
3795 2025 3815 2045 ’

2150 2080 2273 2133 ἐπεὶ
2305 2081 2397 2133 καὶ
2421 2080 2508 2133 διὰ
2538 2080 2696 2135 τοῦτο
2720 2081 2889 2149 λέγει,
2934 2084 3017 2137 ὅτι
3049 2096 3073 2123 θ
3097 2087 3266 2154 ἐγγὺς
3299 2084 3388 2161 ἦν,
3422 2091 3562 2146 ὥστε
3601 2080 3811 2165 δεῖξαι,

2150 2165 2231 2218 ὅτι
2261 2167 2319 2218 ἐν
2349 2166 2500 2231 τάξει
2530 2168 2803 2256 παρέργου
2828 2170 2986 2224 τοῦτο
3016 2171 3179 2242 ⁴ᾔτουν
3222 2175 3524 2250 (μαθήτρια
3560 2182 3670 2253 γὰρ
3695 2180 3812 2256 ἦν),

2150 2256 2571 2325 προηγουμένως
2591 2255 2647 2308 δὲ
2675 2257 2776 2310 οὐκ
2803 2256 2904 2312 ἔτι.
2923 2258 3215 2327 Ἀναστὰς
3240 2261 3309 2315 66
3338 2266 3561 2334 Πέτρος
3581 2255 3817 2339 συνῆλρ

2150 2342 2255 2396 θεν
2299 2342 2521 2408 αὐτοῖς.
2579 2343 2686 2396 ⁸ον
2734 2349 3216 2416 παραγενόμενον
3258 2350 3567 2422 ἀνήγαγον
3615 2359 3704 2423 εἰς
3746 2361 3814 2415 τὸ

2148 2427 2439 2497 ὑπερῷον.
2472 2431 2546 2483 Οὐ
2597 2432 3027 2501 παρακαλοῦσιν,
3081 2434 3196 2489 ἀλλ’
3229 2438 3376 2510 αὐτῷ
3426 2443 3815 2515 ἐπιτρέπουσιν

2151 2517 2217 2570 ἵν’
2241 2517 2301 2581 ἐξ
2329 2517 2521 2571 ἑαυτοῦ
2548 2517 2645 2589 τὴν
2671 2517 2817 2590 ζωὴν
2845 2520 2980 2592 αὐτῇ
3008 2523 3323 2594 χαρίσηται.
3356 2526 3546 2592 Οὕτως
3578 2533 3816 2590 ἐνταῦθα

2149 2604 2447 2676 πληροῦται
2464 2605 2547 2672 τὸ,
2567 2606 2983 2675 Ἐλεημοσύνη
2997 2611 3215 2677 ’ῥύεται
3236 2612 3305 2665 ἐκ
3329 2615 3688 2672 θανάτου.--
3700 2625 3815 2677 Καὶ

2151 2691 2554 2761 περιέστησαν
2583 2694 2770 2747 αὐτὸν
2798 2693 2989 2749 πᾶσαι
3022 2699 3083 2750 al
3121 2697 3300 2767 χ’ῆραι
3330 2703 3671 2772 κλαίουσαι,
3715 2709 3817 2766 καὶ

2148 2778 2635 2848 ἐπιδεικνύμεναι
2665 2779 2919 2848 χιτῶνας
2947 2783 3044 2837 καί
3072 2786 3289 2854 ἱμάτια,
3319 2788 3437 2843 ὅσα
3474 2791 3661 2848 ἐποίει
3682 2800 3817 2866 μετ’

2150 2865 2348 2921 αὐτῶν
2372 2867 2530 2922 οὖσα
2587 2868 2626 2936 ἠ
2665 2869 2911 2938 Δορκάς.
2948 2872 3117 2927 Ἔνθα
3178 2874 3467 2946 προῦκειτο
3517 2865 3820 2953 τεθνηκυία

2149 2959 2241 3012 τὸν
2268 2959 2475 3030 Πέτρον
2500 2959 2800 3027 ἀνάγουσι,
2832 2964 2973 3031 τάχα
3013 2962 3249 3033 οἰόμενοι
3311 2966 3448 3038 πρὸς
3490 2970 3817 3043 φιλοσοφίαν

2151 3045 2299 3136 αὑτῶ
2322 3064 2374 3136 τι
2405 3046 2741 3136 χαρίζεσθαι.
2771 3043 2943 3136 Εἶδες,
2976 3051 3118 3120 πόση
3147 3051 3387 3118 ἐπίδοσις
3415 3056 3670 3128 γέγονεν;
3700 3064 3818 3136 Οὐχ

2151 3134 2750 3205 ἀπλῶςδὲπρόσκειται
2778 3135 2841 3188 τὸ
2890 3136 3058 3207 δνομα
3103 3138 3206 3207 τῆς
3252 3142 3531 3210 γυναικὸς,
3575 3146 3691 3201 ἀλλ’
3729 3134 3818 3205 ἶνα

2155 3222 2448 3293 μάθωμεν,
2481 3222 2565 3276 ὅτι
2597 3221 2918 3293 φερώνυμος
2943 3219 3032 3295 ἦν,
3094 3224 3267 3291 οὕτως
3324 3228 3661 3304 ἐγρηγορυία
3719 3239 3818 3293 καὶ

2149 3314 2413 3382 νήφουσα,
2447 3308 2635 3382 ὥσπερ
2665 3311 2883 3383 δορκάς.
2933 3313 3110 3368 Πολλὰ
3169 3315 3279 3386 γὰρ
3323 3320 3420 3372 καὶ
3457 3323 3819 3395 οἰκονομικῶς

2150 3400 2390 3471 ὀνόματα
2442 3399 2673 3462 τίθεται,
2725 3399 2801 3463 ὡς
2847 3400 3109 3466 πολλάκις
3165 3403 3302 3475 πρὸς
3351 3407 3496 3477 ὑμᾶς
3563 3412 3813 3484 εἴπομεν,

2151 3488 2414 3556 Πλήρης,
2451 3488 2635 3559 φησὶν,
2667 3483 2746 3559 ἦν
2770 3488 3007 3557 ἀγαθῶν
3026 3491 3216 3560 ἔργων
3250 3494 3350 3546 καί
3387 3483 3819 3567 ἐλεημοσυνῶν

2148 3574 2236 3633 ὢν
2281 3578 2489 3633 ἐποίει.
2537 3577 2694 3646 Μέγα
2747 3578 2849 3647 τῆς
2885 3580 3141 3648 γυναικὸς
3189 3581 3251 3634 τὸ
3299 3582 3594 3656 ἐγκώμιον,
3657 3590 3712 3643 et
3749 3607 3818 3659 γε

2150 3667 2438 3738 ἀμφότερα
2466 3665 2640 3730 οὕτως
2668 3668 2863 3729 ἐποίει,
2891 3665 2966 3730 ὡς
3017 3668 3344 3740 ἀμφοτέρων
3397 3668 3540 3727 εἶναι
3603 3677 3820 3748 πεπλη-

2153 3754 2422 3825 ρωμένην.
2456 3753 2625 3822 Δῆλον
2650 3754 2728 3820 δέ,
2759 3754 2840 3807 δτι
2886 3753 3104 3826 πρῶτον
3139 3756 3382 3821 ἐκείνων,
3413 3761 3506 3814 καὶ
3533 3762 3655 3815 τότε
3693 3767 3821 3819 τού-

2148 3859 2242 3895 του
2294 3842 2589 3912 ἐποιήσατο
2640 3841 2976 3912 ἐπιμέλειαν.
3015 3842 3165 3896 Ὅσα
3216 3844 3425 3912 ἐποίει,
3475 3850 3628 3918 φησὶ,
3683 3856 3818 3922 μετ’

2148 3930 2347 3984 αὐτῶν
2372 3931 2411 3998 ή
2438 3930 2661 3999 Δορκὰς
2691 3926 2869 3985 οὖσα.
2907 3931 3081 4002 Πολλὴ
3114 3934 3147 4003 ή
3184 3939 3679 4012 ταπεινοφροσύνη.
3736 3945 3816 3998 Οὐ

2148 4020 2257 4090 γὰρ
2292 4017 2480 4089 ὥσπερ
2508 4019 2692 4088 ήμεϊς,
2724 4017 2860 4070 ἀλλά
2888 4022 3039 4090 κοινῇ
3065 4021 3265 4084 πάντες
3300 4017 3461 4092 ἦσαν,
3500 4027 3668 4082 πολὺν
3712 4034 3818 4102 τῆς

2149 4105 2516 4177 ἐλεημοσύνης
2585 4105 2894 4173 ποιούμενοι
2962 4105 3139 4174 λόγον.
3195 4108 3306 4163 Kal
3364 4112 3636 4168 ἐκϐαλὼν
3695 4117 3820 4184 ἔξω

2149 4194 2378 4261 πάντας
2402 4198 2434 4248 ό
2465 4193 2704 4262 Πέτρος,
2736 4194 2860 4259 θείς
2887 4194 2960 4247 τά
2990 4200 3215 4264 γόνατα
3254 4202 3642 4268 προσηύξατο
3662 4220 3676 4233 ·
3712 4208 3818 4263 και

2146 4282 2514 4352 ἐπιστρέψας
2540 4281 2688 4349 πρὸς
2720 4282 2785 4335 τὸ
2809 4280 2981 4351 σῶμα
3004 4279 3136 4337 εἷπε
3157 4302 3172 4318 ·
3202 4284 3458 4355 Ταϐηθά,
3491 4290 3815 4361 ἀνάστηθι.

2160 4371 2229 4425 Ἦ
2247 4368 2315 4423 δὲ
2342 4367 2548 4438 ἤνοιξε
2568 4368 2710 4435 τοὺς
2732 4369 3074 4439 ὀφθαλμοὺς
3095 4370 3304 4441 αὐτῆς,
3330 4375 3429 4429 καί
3465 4375 3679 4429 ἰδοῦσα
3707 4382 3821 4435 τὸν

2146 4457 2372 4527 Πέτρον
2389 4456 2724 4510 ἀνεκάθισε.
2762 4456 2909 4529 [172]
2943 4458 3008 4511 Τί
3048 4458 3245 4530 δήποτε
3293 4460 3501 4526 πάντας
3527 4464 3814 4533 ἐκϐάλλεις

2147 4545 2310 4597 Ὥστε
2342 4544 2415 4614 μὴ
2442 4543 2778 4615 συγχυθῆναι
2816 4548 2927 4609 τοῖς
2983 4546 3232 4617 δάκρυσι,
3266 4549 3401 4620 μηδὲ
3451 4551 3819 4625 διαταραχθῆ-

2145 4649 2254 4689 ναι.
2279 4632 2385 4686 Kal
2411 4632 2532 4698 θεὶς
2561 4632 2633 4685 τὰ
2660 4635 2883 4703 γόνατα
2932 4635 3335 4702 προσηύξατο.
3387 4637 3559 4691 Τοῦτο
3612 4640 3818 4711 δεῖγμα

2148 4719 2550 4789 ἐπιτεταμένης
2611 4720 2778 4791 εὐχῆς
2821 4719 2867 4775 τ.
2925 4721 3033 4775 Kal
3083 4722 3409 4790 κρατήσας,
3471 4726 3637 4796 φησὶ,
3699 4727 3817 4796 τῆς

2144 4807 2362 4877 χειρός.
2405 4806 2670 4859 Ἐνταῦθα
2697 4806 2937 4859 δείκνυσι
2968 4810 3109 4862 κατὰ
3133 4809 3300 4879 μέρος
3345 4811 3445 4874 τὴν
3492 4809 3659 4882 ζωὴν,
3689 4809 3815 4868 εἶτα

2142 4896 2242 4967 τήν
2274 4894 2503 4965 δύναμιν
2533 4894 2916 4963 εἰσαγομένην,
2946 4894 3048 4963 τὴν
3087 4896 3184 4965 μὲν
3244 4896 3334 4950 διὰ
3391 4897 3486 4951 τοῦ
3542 4900 3811 4969 ῥήματος,

2142 4986 2240 5055 τὴν
2261 4984 2317 5038 δὲ
2340 4983 2429 5037 διά
2451 4984 2552 5052 τῆς
2572 4984 2773 5053 χειρός.
2807 4984 2959 5049 Δοὺς
2974 4984 3043 5037 δέ
3067 4984 3221 5053 αὐτῇ
3243 4986 3432 5055 χεῖρα,
3465 4989 3815 5057 ἀνέστησεν

2142 5073 2353 5142 αὐτήν.
2387 5073 2491 5127 Kal
2517 5071 2805 5140 φωνήσας
2853 5070 2996 5139 τοὺς
3031 5073 3241 5143 ἁγίους
3296 5075 3395 5128 καί
3441 5075 3549 5141 τὰς
3591 5076 3811 5144 χήρας,

2142 5162 2528 5231 παρέστησεν
2552 5158 2749 5227 αὐτὴν
2779 5156 3006 5220 ζῶσαν·
3036 5163 3147 5223 τοῖς
3174 5162 3274 5230 μὲν
3316 5164 3395 5226 εἰς
3436 5163 3810 5234 παράκλησιν,

2140 5252 2222 5305 ὅτι
2261 5266 2323 5302 τε
2358 5248 2629 5302 ἀπέλαϐον
2665 5248 2771 5318 τὴν
2816 5247 3067 5318 ἀδελφὴν,
3119 5248 3214 5302 καὶ
3261 5250 3346 5302 ὃτι
3392 5244 3579 5320 θαῦμα
3629 5246 3808 5305 είδονο

2139 5340 2261 5401 ταῖς
2285 5336 2340 5390 δὲ
2368 5338 2447 5399 εἰς
2477 5335 2829 5407 προστασίαν.
2852 5335 3141 5390 Γνωστὸν
3165 5335 3236 5389 66
3253 5336 3490 5406 ἐγένετο
3504 5339 3633 5392 καθ’
3654 5330 3814 5407 ὅλης

2139 5426 2249 5493 τῆς
2289 5425 2546 5489 Ἰόππης,
2574 5423 2671 5477 καί
2699 5424 2915 5477 πολλοὶ
2968 5424 3343 5479 ἐπίστευσαν
3394 5426 3495 5479 ἐπί
3538 5427 3646 5480 τὸν
3693 5430 3812 5482 Κύ-

2129 5531 2286 5583 ριον.
2345 5512 2606 5581 Ἐγένετο
2656 5511 2725 5564 66
2769 5510 2995 5580 ἡμέρας
3050 5512 3261 5579 ἱκανὰς
3296 5514 3494 5584 μεῖναι
3521 5514 3711 5569 αὐτὸν
3738 5517 3812 5570 ἐν

2151 5603 2350 5669 Ἰόππῃ
2384 5599 2545 5669 παρά
2569 5616 2685 5653 τινι
2714 5600 2930 5669 Σίμωνι
2951 5600 3200 5669 βυρσεῖ.

2200 5731 2227 5771 ιι
2276 5729 2443 5779 Morel.
2495 5723 2759 5785 συμϐαίνει.
2809 5726 2935 5773 alius
2965 5721 3213 5776 ἐπιϐαίνει.
3284 5728 3310 5757 θ
3343 5727 3436 5777 Hic
3468 5741 3596 5776 unus
3623 5730 3812 5781 mu‘tas

2137 5792 2345 5843 οιίιὶιπιι
2388 5793 2435 5837 in
2481 5790 2687 5851 M-ripyl.
2728 5788 2909 5851 ἰηλεὶιυ
2935 5799 3104 5851 νοειιω
3140 5790 3422 5851 varietates,
3460 5803 3583 5851 quas
3612 5794 3810 5843 referre

2137 5854 2332 5916 longius
2345 5857 2492 5916 qsscl.
2521 5852 2583 5916 A_l
2603 5848 2702 5916 illae
2732 5844 3047 5916 ιιιίιὶιεετὶρᾳι
3078 5851 3289 5916 ιυτίιειιιι.
3365 5849 3383 5889 ι
3412 5844 3619 5910 quidam
3648 5869 3807 5916 προσ,

2134 5909 2322 5978 ηὑξᾶτο.
2349 5914 2480 5975 Ὅρα
2509 5911 2596 5967 τήν
2621 5909 2954 5973 ἐπιτεταμένην
2979 5910 3140 5973 εὐχήν.
