4084 6174
326 349 429 404 ilio!

322 465 639 519 Castream.
665 459 730 514 Et
754 460 994 515 miserunt
1017 457 1249 513 Tarsum.
1271 457 1378 512 Etsi
1398 467 1612 526 propter
1629 454 1895 521 timorem,

322 560 539 611 mittunt
570 566 768 618 tamen,
807 562 864 607 ut
900 551 1175 621 pradicet,
1205 560 1259 605 et
1286 550 1337 604 in
1363 558 1476 604 tuto
1501 548 1591 615 sit,
1632 555 1817 617 utpote
1842 547 1897 601 in

323 648 490 719 patria
512 662 627 701 sua.
664 645 793 701 Vide
812 655 1011 710 autem,
1040 640 1307 714 quomodo
1328 656 1435 696 non
1456 641 1631 695 omnia
1662 656 1756 711 per
1778 655 1900 710 gra-

324 741 447 793 tiam
478 738 625 803 fiant,
653 736 748 792 sed
778 737 1048 807 permittat
1082 736 1241 797 Deus,
1272 743 1330 788 ut
1358 733 1521 789 multa
1545 749 1611 788 ex
1640 733 1899 802 sapientia

322 847 415 885 sua
442 842 496 885 et
523 835 753 885 humano
793 845 943 886 more
970 830 1296 898 dispensent.
1327 827 1382 883 Si
1403 837 1577 882 autem
1603 826 1654 880 in
1684 827 1800 895 ipso
1824 825 1898 880 ia-

320 935 461 978 ctmn
488 934 569 979 est
595 924 717 989 huc,
749 923 916 979 multo
944 924 1112 993 magis
1138 923 1190 977 in
1220 922 1344 976 illis.
1375 921 1638 976 Permittit
1663 935 1814 990 ergo,
1844 928 1901 975 ut

323 1018 634 1082 ignavorum
661 1019 940 1072 obtentum
955 1018 1178 1071 auferat.
1202 1016 1288 1071 3i.
1327 1014 1567 1070 Ecclesia:
1591 1014 1790 1085 quidem
1811 1032 1899 1083 per

323 1119 477 1162 totam
501 1106 739 1162 Judazam
768 1120 813 1161 et
843 1106 1133 1163 Samariam
1155 1123 1330 1177 pacem
1361 1106 1626 1169 habebant,
1656 1117 1701 1161 et
1728 1107 1895 1174 (ediﬁ-

322 1202 587 1264 cabantur,
628 1198 864 1263 ibantque
889 1200 942 1253 in
970 1200 1146 1253 timore
1179 1180 1417 1262 Domini,
1467 1210 1515 1252 et
1560 1199 1898 1253 consolatione

322 1292 549 1361 Spiritus
576 1293 738 1345 sancti
765 1290 1105 1361 replebantur.
1138 1290 1383 1345 Dicturus
1412 1300 1495 1346 est
1522 1291 1592 1347 de
1621 1291 1760 1346 Petri
1788 1293 1897 1346 dis-

318 1400 476 1439 cessu
505 1385 572 1439 ad
600 1393 831 1440 sanctos.
863 1384 940 1439 Ne
976 1386 1093 1455 quis
1137 1401 1264 1454 ergo
1301 1395 1511 1456 putaret
1552 1386 1605 1440 id
1642 1402 1705 1441 ex
1750 1396 1895 1443 metu

319 1478 667 1547 provenisse,
716 1478 886 1547 primo
928 1485 1107 1532 narrat
1145 1486 1203 1531 ut
1243 1491 1302 1532 se
1332 1476 1590 1532 haberent
1621 1479 1892 1546 Ecclesiae;

317 1570 609 1625 ostendens
635 1569 805 1638 ipsum
833 1569 1256 1638 persequutiouis
1283 1578 1521 1639 tempore
1547 1570 1896 1642 Jerosolymze

318 1662 581 1717 mansisse
605 1679 619 1714 :
642 1677 762 1716 cum
791 1670 966 1716 autem
995 1663 1047 1714 in
1080 1669 1194 1716 tuto
1218 1670 1374 1716 erant
1394 1662 1591 1733 ubique
1617 1663 1891 1729 Ecclesiae,

320 1765 445 1809 tunc
470 1754 859 1825 Jertisolymam
887 1754 1201 1824 reliquisse;
1234 1755 1368 1811 adeo
1400 1755 1614 1812 fervens
1639 1768 1695 1813 et
1718 1758 1899 1813 alacer

320 1856 452 1900 erat.
478 1845 595 1899 Non
623 1847 763 1900 enim
791 1846 912 1916 quia
944 1861 1043 1915 pax
1070 1855 1205 1910 erat,
1238 1847 1455 1917 putabat
1484 1864 1589 1903 non
1616 1865 1751 1919 opus
1773 1866 1895 1905 esse

321 1951 417 1991 suo
441 1937 693 1991 adventu.
722 1937 788 1991 Et
820 1952 936 2004 cur,
965 1938 1193 2007 inquies,
1226 1938 1276 1993 id
1304 1937 1447 2005 facit,
1470 1941 1720 2011 venitque
1752 1945 1894 2011 pacis

323 2038 580 2097 tempore,
607 2038 661 2082 et
686 2037 963 2098 pestquam
991 2029 1187 2084 Paulus
1207 2030 1448 2085 abierat?
1475 2032 1606 2097 Quia
1635 2034 1754 2086 illos
1777 2049 1893 2087 ma-

320 2119 461 2174 xime
497 2118 889 2174 venerabantur
916 2120 958 2186 ³,
1000 2128 1187 2188 utpote
1223 2121 1312 2190 qui
1350 2136 1493 2190 stcpe
1520 2123 1800 2192 adessent,
1842 2135 1898 2181 et

322 2210 642 2265 multitudini
670 2211 978 2278 mirabiles;
1011 2213 1157 2266 illum
1187 2228 1317 2269 vero
1341 2218 1753 2272 contemnebant
1779 2259 1794 2284 ,
1842 2229 1898 2274 et

323 2304 377 2358 in
403 2319 522 2360 eum
553 2306 722 2376 magis
752 2306 1232 2377 exasperabantur.

388 2397 444 2451 2.
473 2396 658 2452 Petrus
698 2400 841 2468 quasi
885 2403 993 2454 dua:
1025 2400 1272 2454 circuibat
1310 2402 1531 2458 ordines.
1558 2434 1628 2444 —
1656 2402 1895 2460 Vidistin’

320 2488 584 2554 quomodo
614 2505 713 2559 pax
744 2490 940 2545 bellum
969 2502 1188 2561 sequuta
1219 2493 1333 2547 sit?
1373 2493 1481 2547 imo
1509 2495 1739 2549 vidistin‘
1768 2497 1896 2566 quid

322 2579 503 2636 fecerit
534 2581 730 2637 bellum
760 2582 923 2637 illud?
948 2580 1224 2651 'Dispersit
1259 2584 1505 2653 paciﬁcos
1541 2587 1678 2643 illos.
1711 2588 1767 2643 In
1798 2588 1897 2645 Sa-

320 2674 483 2726 maria
516 2673 717 2742 pudore
731 2673 964 2729 suffusus
985 2686 1067 2729 est
1088 2675 1270 2730 Simon
1292 2693 1307 2729 :
1339 2678 1389 2730 in
1415 2677 1598 2733 Judzea
1617 2679 1895 2751 Sapphirte

318 2779 472 2819 casus
500 2765 714 2819 accidit.
744 2765 855 2820 Non
890 2782 1019 2838 ergo
1059 2767 1182 2837 quia
1223 2782 1321 2836 pax
1364 2779 1510 2837 erat,
1540 2772 1778 2826 remissa:
1806 2787 1894 2828 res

318 2866 505 2921 erant;
531 2856 628 2911 sed
659 2856 780 2912 talis
808 2868 923 2912 erat
953 2873 1082 2927 pax,
1113 2874 1233 2928 qua:
1274 2861 1638 2916 consolatione
1672 2862 1895 2920 haberet

318 2962 477 3016 opus.
504 2946 595 3001 '52.
624 2945 834 3000 Factum
858 2958 929 3001 est
952 2960 1138 3013 autent,
1166 2959 1220 3003 ut
1256 2948 1460 3015 Petrus,
1488 2952 1609 3007 dum
1633 2963 1892 3023 pertrans-

316 3037 412 3091 iret
466 3037 727 3091 universos
750 3075 767 3102 ,
809 3037 1057 3092 deueniret
1096 3039 1162 3092 ad
1200 3048 1398 3095 sanctos
1417 3081 1433 3105 ,
1476 3043 1563 3111 qui
1604 3042 1893 3100 habitabant

315 3127 544 3198 Lyddae.
577 3128 736 3196 Quasi
780 3128 885 3183 dux
932 3130 1221 3198 circuibat,
1257 3134 1474 3190 ordines
1512 3136 1890 3206 considerans,

315 3236 443 3291 qua:
497 3234 621 3290 pars
660 3231 804 3277 esset
836 3222 1161 3289 coadunata,
1201 3240 1320 3296 qua:
1358 3236 1578 3296 ornata,
1627 3243 1748 3299 quae
1796 3245 1893 3286 sua

313 3313 604 3383 praesentia
633 3324 832 3384 egeret.
866 3314 1000 3372 Vide
1037 3316 1182 3372 illum
1230 3319 1426 3390 ubique
1462 3321 1892 3378 circumcursan-

316 3418 464 3472 tem,
497 3414 554 3462 et
583 3409 810 3477 primum
844 3410 1135 3465 inventum.
1173 3410 1268 3466 Ubi
1306 3412 1579 3482 eligendus
1620 3424 1736 3471 erat
1772 3430 1896 3486 apo-

314 3501 524 3566 stolus,
556 3500 641 3555 hic
668 3502 871 3571 primus
898 3501 1030 3568 fuit;
1055 3518 1177 3558 cum
1216 3503 1496 3559 dicendum
1542 3516 1656 3561 erat
1693 3506 1894 3563 Judaeis

316 3609 425 3648 non
471 3609 593 3650 esse
633 3596 812 3651 ebrios
851 3597 1158 3665 apostolos,
1208 3612 1329 3651 cum
1370 3597 1588 3654 claudus
1626 3600 1895 3655 sanandus

316 3684 416 3740 fuit
434 3728 448 3747 .
470 3688 682 3757 quando
702 3688 1130 3743 concionandum
1149 3698 1264 3744 erat
1282 3732 1296 3755 ,
1319 3689 1406 3745 hic
1428 3700 1557 3746 ante
1582 3692 1716 3747 alios
1741 3700 1889 3759 erat;

314 3780 529 3849 quando
554 3779 816 3850 agendum
847 3795 967 3835 cum
999 3780 1265 3850 prmieqtis
1286 3823 1302 3848 ,
1340 3782 1553 3852 quando
1589 3799 1710 3838 cum
1746 3784 1888 3838 Ana-

317 3872 439 3937 nia,
465 3887 586 3926 cum
617 3886 682 3927 ex
714 3871 899 3927 umbra
940 3873 1247 3928 sanationes
1290 3871 1494 3929 fierent.
1538 3873 1640 3930 Ubi
1680 3877 1891 3946 pericu.

316 3961 426 4015 lum
466 3972 590 4028 est,
640 3963 731 4018 hic
769 3964 956 4027 adest.
1003 3973 1060 4019 et
1112 3965 1199 4019 ubi
1242 3964 1486 4035 quaedam
1534 3966 1891 4035 dispensanda

316 4065 478 4110 sunt:
510 4056 599 4110 ubi
626 4070 755 4112 vero
782 4056 1083 4126 tranquillae
1108 4071 1197 4111 res
1223 4067 1380 4120 sunt,
1411 4058 1461 4110 in
1491 4059 1757 4111 communi
1779 4074 1895 4112 om-

316 4161 453 4212 nes;
483 4146 619 4202 adeo
647 4162 755 4203 non
795 4149 997 4217 appetit
1037 4149 1291 4219 majorem
1339 4146 1617 4203 honorem.
1662 4147 1891 4202 Rursum

311 4254 439 4294 cum
487 4240 740 4295 miracula
793 4240 953 4296 edere
987 4241 1288 4310 oportebat,
1335 4240 1423 4295 ille
1462 4240 1770 4310 prosiliebat
1796 4255 1810 4293 :
1841 4247 1896 4294 et

315 4330 404 4386 hic
431 4332 620 4387 iterum
652 4332 765 4400 ipse
793 4346 889 4402 per
913 4347 973 4386 se
1001 4332 1209 4385 laborat
1228 4372 1242 4395 ,
1270 4340 1325 4385 ct
1355 4331 1454 4386 iter
1475 4331 1600 4401 agit.
1629 4331 1717 4385 55.
1743 4330 1895 4383 Ιηυεο

316 4422 391 4474 nit
418 4433 584 4475 autem
608 4421 676 4476 ibi
705 4422 956 4476 hominem
997 4422 1265 4491 quemdam
1298 4423 1499 4476 nomine
1531 4420 1786 4486 zEneam,
1834 4421 1895 4473 ab

315 4515 465 4569 anuis
488 4522 600 4568 octo
616 4517 872 4585 jacentem
893 4514 947 4567 in
975 4513 1186 4585 grabato
1209 4555 1224 4579 ,
1264 4518 1349 4585 qui
1391 4523 1496 4567 erat
1537 4514 1848 4584 paralyticus
1877 4528 1897 4567 :

318 4605 407 4660 54.
434 4616 481 4660 et
505 4607 577 4659 ait
600 4606 678 4661 illi
710 4604 894 4660 Petrus
921 4620 941 4660 :
972 4605 1046 4660 ΑΞ
1053 4621 1165 4672 nea,
1198 4613 1346 4659 sanat
1376 4613 1422 4658 te
1443 4601 1599 4659 Jesus
1625 4602 1851 4658 Christus
1877 4621 1896 4658 :

315 4712 500 4766 surge,
536 4706 584 4749 et
620 4706 787 4751 sterne
829 4697 935 4751 tibi.
979 4694 1048 4750 Et
1085 4699 1258 4751 statim
1300 4696 1540 4752 surrexit.
1570 4695 1637 4750 Et
1665 4711 1762 4750 cur
1791 4712 1895 4750 non

317 4787 652 4856 exspectavit
692 4788 788 4843 viri
827 4787 982 4844 ﬁdem
1008 4829 1024 4856 ,
1070 4804 1172 4845 nec
1216 4789 1563 4860 interrogavit
1606 4802 1673 4842 an
1722 4789 1895 4842 curari

319 4880 524 4934 vellet?
547 4879 688 4935 Sane
716 4881 837 4950 quia
858 4883 924 4936 ad
947 4885 1230 4939 multorum
1252 4883 1675 4939 consolationem
1700 4881 1898 4938 factum

318 4979 407 5025 est
434 4971 770 5026 miraculum.
810 4969 989 5042 Itaque
1030 4974 1155 5029 andi
1198 4984 1453 5045 quantum
1492 4975 1698 5030 lucrum
1731 4975 1902 5029 :sub—

314 5060 493 5133 jungit
520 5064 663 5117 enim
693 5062 916 5118 dicens:
944 5065 1033 5119 55.
1063 5065 1128 5119 Et
1153 5066 1380 5121 viderunt
1408 5082 1579 5121 oinnes
1597 5106 1612 5131 ,
1640 5067 1726 5136 qui
1752 5066 1900 5120 habi-

323 5156 495 5211 tabant
521 5157 718 5229 Lyddte
735 5166 783 5211 et
809 5156 1052 5212 Λαιανθηὶ
1075 5199 1090 5224 ,
1119 5161 1205 5229 qui
1224 5160 1449 5216 conuersi
1468 5169 1584 5214 sunt
1614 5160 1684 5213 ad
1720 5158 1901 5212 Domi-

323 5265 463 5304 num.
481 5250 628 5306 Bene
648 5251 729 5306 sic
746 5249 879 5305 dixit
906 5268 919 5305 ε
944 5248 1164 5320 insignis
1183 5251 1325 5305 enim
1345 5260 1459 5306 erat
1475 5252 1556 5305 vir
1575 5266 1591 5315 ;
1613 5262 1902 5320 argumen-

325 5350 551 5411 tumque
577 5341 669 5396 dat
696 5342 832 5411 signi
857 5381 873 5404 ,
903 5340 1045 5411 quod
1075 5341 1225 5395 tollat
1248 5342 1546 5410 grabatum.
1580 5339 1699 5395 Non
1724 5341 1900 5396 solum

325 5434 465 5487 enim
492 5448 522 5486 a
546 5433 750 5489 morbis
780 5433 1182 5497 liberaverunt,
1211 5431 1308 5485 sed
1335 5432 1503 5486 etiam
1525 5446 1648 5487 cum
1678 5432 1905 5487 sanitate

329 5524 466 5580 vires
493 5522 882 5592 praestiterunt.
924 5522 1174 5592 Alioquin
1211 5530 1388 5576 autem
1429 5520 1664 5575 nondum
1697 5521 1908 5577 virtutis

328 5627 436 5668 sna:
461 5616 613 5684 signa
638 5614 934 5680 dederant;
968 5615 1041 5670 ita
1083 5622 1140 5668 ut
1176 5613 1370 5668 merito
1401 5626 1508 5666 non
1549 5611 1852 5680 exigeretur
1877 5626 1908 5665 a

392 5708 405 5735 ¹
444 5711 574 5755 Unus
590 5704 709 5757 Cod.
749 5704 958 5756 habet...
1003 5716 1092 5755 suo
1113 5704 1343 5754 aduentu.
1367 5698 1556 5752 Abierat
1583 5695 1758 5759 Paulus
1779 5705 1911 5751 orat-

331 5776 578 5878 ,
598 5780 691 5878 ἒιᾶε
704 5767 814 5828 jam
832 5766 1009 5820 bellum
1030 5772 1113 5817 aut
1135 5764 1359 5823 turbatio.
1384 5764 1494 5816 Illos
1516 5759 1729 5813 ntaxt'me
1762 5772 1906 5814 renc-

333 5841 356 5877 ῒ
561 5863 576 5878 .
665 5843 694 5876 ⁵.

333 5841 576 5890 iocantur,
598 5841 694 5878 etc.

1274 343 1337 398 IN
1414 338 1595 395 ACTA
1635 333 2163 392 APOSTOLORUM.
2205 335 2436 392 liOMlL.
2478 338 2621 393 Χὶᾲι.

3483 346 3586 407 16⁸3

2003 449 2119 502 viro
2150 447 2319 513 ﬁdes,
2349 451 2778 524 quandoquidem
2817 473 2922 513 non
2961 472 3252 532 exegerunt
3297 478 3328 519 a
3366 465 3583 528 claudo.

2003 538 2463 608 Quemadmodum
2513 546 2674 617 igitur
2712 558 2766 603 et
2809 548 3054 607 Christus
3109 556 3265 613 initio
3309 562 3581 631 signorum

2005 633 2164 688 {idem
2190 649 2298 691 non
2325 640 2571 710 exigebat
2595 659 2611 696 :
2640 643 2717 698 sic
2740 660 2911 715 neque
2934 648 3040 704 isti.
3064 649 3416 725 Jerosolymis
3437 661 3580 715 enim

2006 726 2137 783 ﬁdes
2156 731 2348 786 merito
2368 734 2516 803 prius
2536 737 2847 806 exigebatur
2870 759 2882 792 :
2912 742 3049 796 unde
3072 753 3124 797 et
3146 757 3367 815 propter
3389 751 3542 807 fidem
3557 780 3575 811 ς

2006 829 2266 892 quotquot
2290 827 2490 881 morbis
2514 829 2885 888 detinebantur
2907 876 2922 900 ,
2947 836 2999 889 in
3030 838 3131 892 viis
3156 847 3579 913 experiebantur,

2007 924 2056 966 ut
2088 917 2348 975 venientis
2387 921 2527 977 Petri
2567 925 2757 980 saltem
2794 929 2979 984 mubra
3020 937 3321 1003 quempiam
3369 941 3579 997 illormn

2003 1006 2366 1064 oliutnbraret.
2410 1012 2567 1066 Multa
2599 1018 2739 1071 enim
2785 1020 2890 1076 illic
2929 1026 3075 1094 signa
3115 1028 3448 1097 edebantur;
3498 1038 3582 1093 hic

2002 1106 2180 1152 autem
2212 1098 2315 1155 hoc
2343 1102 2566 1171 prinntm
2593 1111 2837 1179 contigit.
2866 1114 2996 1169 Nam
3025 1119 3170 1187 signa
3212 1123 3312 1177 alia
3352 1127 3417 1179 ad
3449 1129 3579 1185 alios

2002 1187 2311 1245 alliciendos
2337 1194 2633 1251 edebantur
2658 1242 2670 1261 ,
2704 1203 2804 1254 alia
2851 1205 2915 1256 ad
2960 1211 3289 1267 credentium
3331 1222 3579 1276 Cumula-

2005 1280 2224 1380 tionem.
2234 1284 2339 1380 ἐϋ.
2384 1284 2451 1380 in
2496 1286 2665 1359 lappa
2715 1305 2880 1348 autem
2920 1301 3015 1366 fuit
3057 1305 3288 1371 quadam
3331 1310 3582 1380 discipula

2003 1374 2206 1427 nomine
2230 1374 2448 1431 Tabitha
2470 1419 2484 1442 ,
2513 1398 2625 1451 qua:
2649 1386 2692 1437 si
2722 1387 3069 1457 interpretetur
3086 1436 3100 1455 ,
3150 1398 3334 1453 dicitur
3363 1374 3576 1460 Dorcas.

2006 1461 2130 1565 Haec
2152 1477 2261 1520 erat
2290 1469 2439 1538 plena
2466 1474 2698 1542 operibus
2727 1479 2866 1532 bonis
2890 1522 2905 1545 ,
2951 1494 2997 1536 et
3043 1486 3368 1560 elcemosynis
3392 1537 3405 1558 ,
3456 1512 3581 1565 quas

2003 1557 2234 1625 faciebat.
2268 1562 2355 1615 57.
2393 1562 2607 1618 Factum
2636 1578 2706 1620 est
2730 1582 2896 1624 autem
2935 1576 2986 1628 in
3015 1576 3186 1633 diebus
3220 1557 3323 1635 illis
3352 1557 3406 1638 ut
3429 1557 3579 1655 inﬁr-

2001 1662 2139 1704 mata
2177 1665 2471 1710 moreretur.
2509 1658 2678 1723 Quam
2706 1679 2817 1716 cum
2855 1667 3121 1732 lavissent,
3159 1690 3432 1742 posuerunt
3469 1698 3578 1738 eam

2000 1739 2054 1839 in
2093 1745 2370 1839 miraculo.
2416 1747 2507 1803 58.
2548 1749 2672 1805 Cum
2715 1764 2882 1808 autem
2914 1775 3069 1828 prope
3113 1739 3236 1818 esset
3278 1766 3462 1839 Lydda
3510 1774 3582 1828 ad

2000 1832 2204 1937 Jqppen
2225 1874 2243 1904 ,
2289 1838 2527 1937 discipuli
2550 1845 2808 1901 audientes
2830 1891 2844 1913 ,
2884 1854 3017 1918 quod
3046 1853 3226 1911 Petrus
3250 1832 3375 1915 esset
3401 1866 3454 1918 in
3483 1883 3542 1921 ea
3562 1909 3579 1937 ,

2000 1926 2243 1982 miserunt
2270 1931 2398 1986 duos
2423 1934 2555 1989 viros
2574 1977 2589 1998 .
2620 1950 2853 2009 rogantes
2877 1984 2891 2007 ,
2917 1961 2979 1998 ne
2995 1947 3220 2014 ili/ferret
3238 1956 3403 2012 venire

2001 2016 2070 2070 ad
2090 2017 2247 2086 ipsos.
2270 2020 2382 2076 Cur
2400 2036 2773 2094 exspectarunt
2794 2033 2967 2090 donec
2991 2046 3331 2099 moreretur?
3355 2063 3450 2103 cur
3473 2016 3581 2108 non

2002 2117 2125 2164 ante
2154 2122 2369 2208 rogatus
2403 2114 2498 2171 fuit
2538 2117 2770 2176 Petrus?
2806 2125 3084 2198 indignum
3133 2144 3383 2202 putantes
3420 2150 3578 2208 tunc,

2002 2215 2122 2255 cum
2154 2203 2688 2277 philosopharentur,
2720 2214 3009 2288 discipulos
3043 2224 3110 2279 ad
3149 2242 3238 2283 res
3275 2203 3583 2301 huiusmodi

2000 2305 2254 2386 gravare,
2308 2306 2360 2353 et
2405 2314 2436 2354 a
2482 2302 2859 2371 praedicatione
2907 2312 3238 2374 abstrahere.
3278 2321 3412 2381 Nam
3459 2327 3583 2386 ideo

2002 2380 2131 2478 dicit
2156 2398 2320 2478 prope
2346 2387 2512 2446 fuisse
2536 2433 2552 2458 ,
2588 2403 2645 2449 ut
2677 2399 2924 2456 ostendat
2950 2403 3071 2462 illos
3099 2412 3250 2478 quasi
3277 2429 3389 2469 rem
3421 2380 3582 2474 occa:

2002 2473 2152 2574 sione
2177 2474 2356 2574 oblata
2384 2482 2600 2574 petiisse
2629 2486 2648 2553 (
2672 2487 2930 2562 discipula
2958 2497 3099 2552 enim
3115 2473 3243 2556 erat
3264 2504 3305 2574 ),
3347 2522 3454 2562 non
3479 2526 3581 2566 au-

2003 2568 2107 2616 tem
2140 2567 2407 2658 praecipuo
2434 2571 2572 2627 loco.
2603 2576 2695 2631 59.
2727 2579 3017 2652 Exsurgens
3043 2602 3210 2645 autem
3239 2567 3425 2653 Petrus
3449 2603 3582 2658 venit

2001 2667 2118 2706 cum
2142 2656 2262 2712 illis.
2296 2657 2362 2711 Et
2393 2676 2507 2713 cum
2535 2666 2810 2722 advenisset
2843 2673 3096 2731 duxerunt
3136 2680 3284 2736 illum
3319 2687 3374 2740 in
3415 2656 3582 2746 cana;

2000 2744 2195 2844 culum.
2228 2748 2343 2804 Non
2370 2764 2595 2822 rogant,
2624 2759 2719 2813 sed
2764 2777 2875 2816 rem
2924 2767 2997 2819 illi
3044 2774 3397 2844 permittunt,
3431 2794 3486 2837 ut
3510 2744 3580 2839 ex

2002 2836 2182 2943 seipse
2223 2840 2508 2943 vitam-“illi
2550 2845 2824 2916 largiatur.
2868 2854 2941 2909 Ita
2984 2836 3069 2913 hic
3111 2836 3580 2943 impletur’illud,

2001 2923 2342 3027 Eleemosyna
2371 2932 2544 2990 liberat
2570 2954 2605 2992 α
2631 2944 2829 3009 morte(
2857 2944 2977 3000 Tob.
3012 2951 3096 3004 12.
3125 2923 3222 3027 9
3261 2958 3324 3011 Et

2000 3029 2241 3077 steterunt
2278 3024 2424 3080 illum
2463 3045 2634 3086 autne;
2675 3033 2876 3101 vidum,
2914 3040 3089 3108 ﬂentes
3118 3024 3510 3111 etvostendentes
3539 3060 3590 3114 ei

2003 3113 2199 3203 tunicas
2224 3125 2270 3169 et
2291 3127 2448 3173 uestes
2468 3161 2485 3186 ,
2513 3138 2638 3193 quas
2665 3126 2881 3195 faciebat
2909 3130 3102 3188 Dorcas
3126 3177 3140 3201 ,
3174 3154 3290 3193 cum
3313 3155 3437 3199 esset
3463 3113 3580 3203 cum

1999 3202 2124 3308 illis.
2160 3205 2369 3263 Ducunt
2396 3209 2610 3267 Petrum
2639 3231 2705 3272 eo
2727 3258 2743 3281 ,
2777 3221 2864 3275 ubi
2893 3234 3010 3277 erat
3050 3237 3257 3285 mortua
3300 3239 3576 3308 exposita;

2000 3291 2141 3349 forte
2172 3307 2451 3368 putantes,
2484 3304 2559 3358 illi
2585 3308 2857 3378 quidpiam
2904 3315 2968 3367 ad
3015 3291 3402 3389 philosophiam

2002 3388 2149 3446 bere.
2173 3392 2361 3448 \‘ideu‘
2381 3407 2577 3467 quanta
2602 3404 2840 3459 accessio
2864 3405 2997 3462 facta
3018 3409 3088 3463 sit
3107 3412 3130 3464 7
3152 3388 3261 3469 Nec
3284 3417 3398 3477 sine
3419 3435 3579 3479 causa

2001 3497 2196 3539 nomen
2226 3486 2464 3543 mulieris
2493 3492 2757 3559 profertur
2780 3535 2794 3560 ,
2841 3497 2936 3552 sed
2964 3509 3020 3553 ut
3047 3504 3362 3562 ostendatur
3401 3514 3577 3567 nomi—

2109 3589 2230 3630 cum
2266 3579 2373 3633 vita
2400 3584 2782 3649 consonantia;
2811 3587 2881 3641 ita
2927 3605 3119 3660 nempe
3157 3596 3283 3666 vigil
3326 3609 3380 3654 et
3418 3616 3580 3672 expe-

1999 3665 2106 3722 dita
2124 3676 2241 3722 erat
2264 3711 2278 3732 ,
2303 3678 2362 3724 ut
2383 3670 2574 3727 dorcas
2593 3676 2706 3731 sive
2723 3692 2935 3748 caprea.
2967 3682 3125 3739 Multa
3146 3665 3342 3759 quippe
3363 3665 3577 3751 nornina

1998 3774 2118 3813 cum
2150 3762 2358 3815 ratione
2382 3761 2577 3818 dantur
2599 3806 2615 3831 ,
2647 3777 2702 3820 ut
2732 3783 2873 3839 saepe
2898 3772 3052 3827 vobis
3081 3776 3331 3836 diximus.
3370 3780 3534 3839 Plena
3558 3827 3576 3854 ,

2001 3853 2205 3922 inquit,
2230 3864 2337 3908 erat
2360 3856 2505 3910 bouis
2524 3859 2756 3926 operibus
2780 3902 2794 3926 ,
2820 3872 2865 3915 et
2885 3864 3211 3939 eleemosynis
3234 3912 3248 3936 ,
3272 3890 3395 3943 quas
3420 3853 3578 3947 facie?

1999 3943 2102 3998 bat.
2137 3944 2381 4015 Magnum
2423 3947 2660 4003 mulieris
2690 3956 2991 4009 encomium
3014 3997 3028 4020 ,
3063 3959 3323 4031 siquidem
3355 3943 3580 4039 utraque

1999 4035 2078 4091 sic
2109 4034 2338 4092 faciebat
2360 4079 2377 4105 ,
2418 4048 2476 4093 ut
2511 4042 2751 4110 utrisque
2790 4044 2948 4112 plena
2993 4060 3155 4105 esset.
3190 4052 3368 4110 Palam
3397 4034 3577 4117 autem

1999 4139 2082 4185 est
2104 4173 2119 4196 ,
2154 4131 2295 4185 illam
2325 4133 2473 4200 prius
2502 4134 2762 4190 bonorum
2784 4152 3004 4205 operum
3031 4183 3045 4207 ,
3069 4142 3264 4201 deinde
3283 4148 3581 4224 eleemosy-

2004 4236 2190 4275 narum
2218 4237 2401 4276 curam
2431 4223 2700 4280 habuisse.
2724 4226 2851 4292 ρυω
2873 4231 3083 4299 faciebat
3107 4273 3122 4297 ,
3154 4235 3355 4305 inquit,
3390 4223 3583 4299 Dorcas

2002 4327 2119 4363 cum
2158 4310 2261 4365 illis
2298 4326 2522 4367 versans.
2567 4314 2730 4369 Multa
2779 4317 3069 4373 humilitas.
3099 4322 3218 4379 Non
3266 4329 3406 4383 enim
3446 4333 3584 4389 sicut

2005 4418 2134 4467 nos;
2167 4403 2261 4458 sed
2290 4404 2448 4457 simul
2491 4420 2681 4460 omnes
2720 4418 2905 4475 erant,
2947 4425 3192 4482 magnam
3227 4417 3583 4492 cleemosynae

2002 4511 2185 4551 curam
2231 4496 2510 4553 habentes.
2561 4498 2653 4554 40.
2701 4497 2891 4569 Ejectis
2928 4514 3094 4558 autem
3134 4509 3363 4565 omnibus
3402 4518 3542 4585 [oras
3566 4558 3582 4579 ,

2007 4589 2191 4644 Petrus
2218 4605 2407 4660 ponens
2432 4607 2599 4663 genua
2624 4594 2784 4646 oravit
2814 4609 2832 4646 :
2861 4604 2907 4648 et
2950 4611 3218 4654 conversus
3250 4601 3319 4655 ad
3361 4619 3542 4674 corpus
3565 4650 3582 4674 ,

2003 4684 2132 4737 dixit
2158 4698 2176 4736 :
2209 4681 2424 4737 Tabitlta
2447 4725 2461 4747 ,
2486 4700 2654 4756 surge.
2683 4684 2748 4738 At
2777 4684 2870 4739 illa
2909 4689 3107 4758 aperuit
3144 4692 3317 4747 oculos
3355 4711 3473 4752 suos
3497 4738 3511 4762 ,
3538 4708 3587 4753 et

2002 4778 2108 4833 uiso
2128 4776 2284 4833 Petro
2302 4779 2507 4832 resedit.
2530 4779 2639 4833 Cur
2657 4794 2846 4835 omnes
2864 4780 3011 4851 ejicit
3029 4782 3052 4837 ἵ
3070 4782 3150 4840 Ne
3175 4785 3426 4858 lacrymis
3448 4806 3580 4845 con-

2006 4872 2248 4926 turbetur
2275 4881 2330 4926 et
2354 4880 2652 4926 moveatur.
2686 4870 2752 4925 Et
2796 4873 2972 4940 positis
3017 4876 3225 4944 genibus
3269 4881 3447 4932 oravit.
3475 4880 3584 4937 iloc

2003 4971 2121 5016 erat
2150 4962 2372 5017 inteusaa
2402 4962 2663 5023 orationis
2692 4962 2967 5017 indicium.
3017 4966 3106 5018 bl.
3152 4965 3293 5022 Dans
3336 4981 3505 5023 autem
3541 4973 3587 5025 ei

2005 5068 2211 5111 manum
2230 5094 2247 5118 ,
2278 5053 2466 5122 inquit.
2497 5052 2595 5107 Hic
2616 5053 2919 5123 singillatim
2945 5055 3181 5111 ostendit
3206 5058 3368 5113 vitam
3390 5102 3405 5127 ,
3433 5060 3591 5116 dein—

2005 5144 2182 5215 deque
2202 5145 2453 5199 virtutem
2478 5144 2748 5199 inductam
2774 5186 2790 5211 ,
2816 5147 2973 5202 aliam
3001 5148 3166 5203 verbo
3187 5192 3205 5217 ,
3223 5151 3379 5205 aliam
3404 5170 3583 5209 manu.

2005 5234 2153 5292 Dans
2172 5248 2341 5291 autem
2370 5238 2413 5290 ei
2442 5254 2646 5291 manum
2668 5279 2684 5302 ,
2732 5241 2886 5293 erexit
2938 5256 3068 5299 eam.
3117 5241 3184 5296 Et
3218 5261 3332 5299 cum
3367 5258 3590 5301 vocasset

2006 5339 2207 5384 sanctos
2226 5338 2272 5383 et
2296 5328 2473 5383 viduas
2496 5369 2512 5392 ,
2545 5331 2818 5401 assignavit
2845 5347 2956 5385 eam
2985 5334 3147 5387 vivam
3171 5375 3186 5399 ,
3215 5337 3334 5391 aliis
3361 5338 3426 5391 ad
3459 5354 3589 5394 cun-

2009 5423 2324 5479 solationem
2350 5462 2363 5485 ,
2410 5422 2551 5491 quod
2599 5439 2838 5478 sororem
2866 5429 3170 5495 acciperent
3193 5440 3248 5483 et
3276 5431 3588 5489 miraculum

2009 5515 2292 5579 viderent;
2322 5513 2493 5569 viduis
2513 5530 2638 5568 vero
2664 5514 2733 5569 ad
2757 5519 3136 5586 patrociniuma
3161 5521 3253 5575 42.
3283 5521 3475 5577 Notum
3499 5544 3594 5581 au-

2011 5614 2111 5660 tem
2138 5609 2327 5677 factum
2355 5613 2429 5659 est
2455 5621 2545 5674 per
2573 5607 2857 5660 universam
2897 5607 3102 5679 Joppen
3123 5651 3141 5677 ,
3183 5623 3231 5666 et
3271 5616 3593 5673 crediderunt

2010 5699 2156 5755 multi
2174 5700 2229 5755 in
2246 5698 2481 5754 Domino.
2495 5698 2583 5753 45.
2594 5696 2808 5752 Factum
2819 5707 2891 5754 est
2907 5710 3097 5771 antem,
3119 5714 3174 5758 ut
3187 5723 3275 5777 per
3288 5709 3472 5763 utultos
3488 5712 3597 5767 dies

2012 5802 2234 5851 maneret
2258 5792 2312 5849 in
2339 5790 2507 5863 loppe
2532 5790 2670 5862 apud
2707 5789 2967 5848 Simonem
3004 5798 3270 5865 quemdam
3298 5806 3591 5858 curiarium.
