4088 6142
419 329 518 384 lii?

492 444 545 495 5.
588 436 731 491 Petri
754 428 1086 487 mansuetudo
1102 436 1147 481 et
1169 426 1430 480 modestia.
1449 454 1520 463 —
1539 421 1670 477 Vide
1689 417 2001 473 modestiam

420 546 474 587 et
506 526 965 587 mansuetudinem
1000 522 1179 585 Petri,
1211 517 1483 589 quomodo
1510 529 1617 571 non
1647 513 1785 583 apud
1816 510 1961 565 illam
1985 551 1999 570 ,

423 639 596 695 neque
640 620 779 691 apud
810 620 971 673 alium
1000 614 1303 687 quempiam
1336 611 1598 680 insignem
1631 618 1843 661 maneat
1864 648 1879 670 ,
1912 603 2007 659 sed

422 717 561 787 apud
590 713 899 775 coriarium,
932 724 1025 777 per
1052 706 1228 760 ontuia
1253 703 1318 757 ad
1344 700 1699 755 humilitatem
1730 696 2005 759 inducens,

426 786 529 862 non
562 807 743 861 sinens
773 802 992 857 viliores
1018 798 1338 860 erubescere
1358 834 1373 859 ,
1400 807 1500 847 nec
1529 789 1762 859 majores
1786 786 1966 841 extolli
1994 802 2007 839 :

424 900 511 970 qui
535 899 694 954 etiam
719 895 839 950 ideo
863 888 1247 948 transeundum
1272 899 1390 939 esse
1407 882 1643 953 putavit,
1661 878 1803 950 quod
1827 877 2012 932 ﬁdeles

424 992 667 1047 doctrina
696 1003 789 1043 sua
835 989 1075 1054 egerent.
1130 979 1292 1049 igitur
1319 974 1564 1045 superius
1606 972 1746 1026 dicta
1793 976 2008 1038 repeta-

424 1100 563 1141 mus.
597 1079 879 1147 Tentabat,
929 1075 1140 1145 inquit,
1196 1089 1249 1126 se
1292 1072 1508 1141 jungere
1555 1065 1843 1131 discipulis.
1898 1062 2011 1116 Non

428 1173 768 1244 impudenter
798 1167 1058 1231 accessit,
1089 1162 1184 1219 sed
1213 1161 1474 1217 modeste.
1508 1157 1807 1226 Discipulos
1836 1163 2014 1208 autem

429 1276 582 1319 vorat
612 1263 773 1318 etiam
801 1275 930 1325 eos,
962 1256 1054 1328 qui
1097 1270 1206 1310 non
1236 1261 1392 1308 erant
1439 1251 1491 1305 in
1529 1248 1696 1303 choro
1734 1245 2014 1301 duodecim

429 1361 639 1412 illorum
683 1374 698 1412 :
731 1356 854 1425 quia
886 1363 1011 1407 tunc
1037 1362 1226 1405 omnes
1273 1347 1344 1402 ob
1388 1343 1602 1398 virtutis
1643 1338 2013 1397 excellentiam

427 1451 670 1521 discipuli
717 1447 1085 1503 vocabantur:
1131 1439 1411 1497 manifesta
1458 1436 1601 1492 enim
1642 1443 1759 1489 erat
1803 1432 2014 1487 illorum

428 1548 622 1614 imago.
658 1541 721 1596 Et
751 1555 922 1593 omnes
961 1534 1199 1589 timebant
1237 1547 1386 1598 eum,
1420 1528 1612 1599 inquit.
1660 1524 1797 1581 Vide
1822 1566 1838 1590 ,
1879 1538 2017 1594 quo-

432 1639 595 1693 modo
621 1636 796 1691 adhuc
822 1629 1054 1703 pericula
1081 1632 1413 1690 metuerent,
1447 1620 1716 1691 quomodo
1742 1616 1918 1673 adhuc
1946 1615 2017 1669 ti-

430 1747 549 1787 mor
575 1730 797 1800 vigeret.
819 1721 1087 1777 Barnabas
1112 1725 1280 1772 autem
1305 1713 1678 1783 apprehensum
1702 1709 1848 1763 illum
1873 1706 2020 1760 duxit

426 1823 500 1877 ad
528 1799 782 1891 apostolos
800 1858 815 1883 ,
846 1824 893 1869 et
913 1812 1137 1868 narrauit
1166 1808 1294 1862 illis.
1316 1806 1543 1860 Videtur
1567 1812 1744 1859 autem
1774 1800 1871 1870 ipsi
1893 1799 2021 1853 Bar-

430 1890 600 1974 nabas
637 1922 793 1969 antea
850 1908 1012 1961 fuisse
1054 1902 1290 1968 amicus,
1322 1898 1551 1967 ideoque
1581 1901 1765 1949 narrat
1806 1890 2018 1955 omnia,

430 2022 552 2087 qius
598 2003 666 2063 ad
713 2003 887 2072 ipsum
919 1995 1255 2066 spectabant.
1302 1988 1445 2046 Nihil
1488 1996 1663 2041 autem
1710 1986 1898 2038 horum
1936 1980 2023 2034 ille

430 2078 601 2157 dicit:
650 2107 779 2170 puto
810 2110 908 2152 nec
939 2094 1007 2148 ad
1036 2091 1171 2147 alios
1196 2095 1383 2159 postea
1414 2082 1667 2138 extulisse
1687 2119 1700 2144 ,
1745 2078 1844 2132 nisi
1873 2091 2022 2146 qua:-

430 2194 559 2249 dam
594 2166 762 2247 fuerit
799 2186 1113 2244 necessitas.
1173 2180 1239 2235 Et
1279 2187 1387 2233 erat
1430 2192 1545 2229 cum
1587 2174 1690 2226 illis
1732 2173 1927 2224 intrans
1971 2166 2024 2219 in

436 2286 744 2348 Jerusalem,
775 2291 821 2335 et
843 2277 1148 2349 ﬁducialiter
1167 2289 1320 2344 agens
1342 2271 1398 2323 in
1420 2267 1624 2323 nomine
1651 2263 1859 2317 Domini
1876 2259 1912 2313 Ι
1914 2276 2022 2314 esu.

438 2385 555 2438 lloc
580 2389 637 2436 et
658 2379 778 2433 aliis
798 2376 966 2431 dabat
990 2370 1265 2426 ﬁduciam.
1296 2366 1458 2421 Vides
1485 2371 1539 2417 et
1565 2361 1651 2415 hic
1678 2367 1735 2414 et
1761 2357 1869 2412 illic
1892 2354 2026 2409 alios

443 2471 789 2544 providentes
817 2475 872 2522 et
906 2471 1165 2520 curantes
1193 2468 1254 2514 ut
1288 2458 1376 2513 ille
1413 2455 1614 2519 abiret,
1639 2465 1759 2507 cum
1791 2446 2025 2503 nondum

447 2542 540 2620 ι)ρὶ
571 2561 795 2633 gratiam
824 2554 1158 2625 accepisset?
1182 2552 1361 2620 Itaque
1383 2549 1460 2602 sic
1486 2544 1625 2600 illius
1653 2542 1832 2597 fervor
1849 2547 2031 2593 osten-

439 2629 605 2711 ditur.
652 2652 835 2721 Neque
876 2648 987 2717 jam
1016 2644 1229 2699 videtur
1257 2640 1386 2695 mihi
1432 2638 1521 2691 ille
1561 2650 1656 2705 per
1688 2644 1883 2688 terram
1929 2629 2030 2684 iter

448 2751 683 2811 habere;
725 2743 817 2799 sed
861 2739 1055 2795 deinde
1086 2733 1384 2805 navigabat.
1431 2730 1541 2784 [loc
1579 2739 1790 2796 quoque
1832 2723 1890 2775 ﬁt
1936 2735 2032 2789 per

443 2838 901 2910 dispensationem
924 2873 940 2899 ,
982 2840 1041 2886 ut
1070 2830 1140 2884 ibi
1172 2826 1333 2882 etiam
1364 2821 1697 2893 praedicaret.
1731 2814 1854 2869 Ideo
1877 2813 2033 2883 igitur

446 2904 657 2988 insidia:
698 2926 969 2995 contigere
989 2964 1004 2988 ,
1048 2930 1101 2975 et
1146 2921 1250 2974 iter
1275 2913 1663 2982 Jeroso‘lymam
1696 2922 1788 2975 per
1816 2904 2033 2973 dispen-

451 3026 736 3085 sationem,
759 3026 819 3072 ut
845 3032 911 3069 ne
940 3014 1077 3067 ultra
1104 3015 1382 3077 suspectus
1407 3012 1567 3058 esset.
1594 2999 1912 3068 Loquebatur
1937 3011 2032 3047 au-

453 3126 551 3169 tem
579 3123 625 3167 et
666 3107 953 3180 disputabat
994 3119 1108 3157 cum
1139 3099 1349 3156 Graecis.
1401 3095 1469 3149 Et
1509 3092 1789 3155 Ecclesite,
1829 3087 2031 3157 inquit,

456 3204 699 3260 habebant
725 3214 916 3270 pacem,
947 3190 1332 3262 wdiﬁcabantur
1348 3196 1394 3241 et
1426 3183 1751 3239 ambulabant
1784 3181 1835 3233 in
1863 3180 2040 3232 timore

458 3296 705 3359 Domini;
734 3291 784 3346 id
811 3298 925 3350 est,
954 3284 1268 3342 crescebant
1288 3322 1302 3344 ,
1325 3287 1381 3333 et
1402 3291 1586 3347 pacem
1604 3314 1621 3340 ,
1649 3289 1829 3326 veram
1860 3270 2040 3339 utique

462 3404 669 3459 pacem,
689 3386 827 3438 inter
846 3396 904 3435 se
938 3378 1225 3433 habebant.
1244 3372 1452 3433 Merito,
1472 3383 1592 3421 nam
1610 3364 1763 3419 valde
1780 3362 2043 3417 alliixerat

461 3455 583 3537 illos
607 3491 885 3534 externum
917 3472 1135 3526 bellum.
1174 3466 1237 3521 Et
1260 3463 1604 3518 consolatione
1628 3458 1787 3511 sancti
1817 3455 2043 3524 Spiritus

465 3571 807 3641 replebantur.
855 3559 1244 3619 Consolabatur
1285 3556 1403 3610 illos
1433 3553 1661 3622 Spiritus
1690 3557 1941 3611 sanctus,
1991 3554 2045 3601 et

466 3680 564 3734 per
594 3658 847 3716 miracula
890 3664 947 3711 et
986 3670 1083 3724 per
1110 3666 1313 3721 opera:
1359 3647 1424 3701 ad
1468 3647 1581 3700 Iure
1619 3660 1774 3709 vero,
1817 3643 2046 3712 idipsum

466 3756 693 3825 s'ngulis
723 3754 915 3807 inerat.
949 3746 1164 3801 Factum
1191 3752 1262 3796 est
1289 3751 1456 3794 autem
1483 3748 1536 3792 ut
1569 3736 1753 3791 Petrus
1780 3735 1900 3787 dum
1929 3750 2045 3803 per-

467 3823 705 3900 transiret
730 3884 745 3908 ,
788 3840 1064 3910 perveniret
1108 3836 1174 3888 ad
1215 3833 1471 3905 Lyddum.
1525 3829 1722 3882 Invenit
1770 3836 1936 3879 autem
1980 3823 2049 3877 ibi

474 3938 728 3992 hominem
764 3930 1172 3992 decumbentent,
1216 3936 1263 3980 et
1310 3924 1437 3977 dixit
1476 3922 1603 3975 illi:
1650 3917 1853 3983 lEnea,
1902 3924 2051 3970 sanat

470 4039 521 4084 te
559 4026 712 4081 Jesus
741 4024 990 4079 Christus.
1050 4019 1166 4074 Non
1196 4013 1518 4071 ostentantis
1559 4012 1757 4066 dictum
1799 4018 1913 4073 est,
1958 4006 2051 4061 sed

474 4119 688 4176 ﬁdentis
714 4132 827 4172 rem
855 4130 975 4169 esse
1002 4113 1250 4166 futuram.
1285 4106 1408 4162 Mihi
1436 4120 1562 4159 vero
1594 4118 1809 4172 prorsus
1847 4100 2055 4155 videtur

476 4225 675 4281 :rgrum
698 4207 819 4262 huic
841 4203 1132 4260 credidisse
1160 4200 1345 4263 verbo,
1364 4205 1418 4252 et
1441 4210 1626 4248 sanum
1656 4193 1849 4247 factum
1866 4190 2050 4246 fuisse.

474 4302 631 4370 Quod
656 4308 834 4355 autem
869 4298 986 4353 sine
1030 4295 1164 4349 fastu
1195 4301 1366 4350 esset.
1407 4306 1472 4343 ex
1501 4286 1844 4357 sequentibus
1883 4284 2055 4353 palam

476 4404 583 4450 est.
613 4392 729 4447 Non
753 4391 894 4446 enim
917 4388 1081 4452 dixit,
1112 4386 1168 4440 lu
1199 4383 1413 4438 nomine
1437 4380 1563 4435 Jesu
1585 4422 1600 4446 ,
1627 4377 1721 4432 sed
1749 4385 1805 4430 ut
1825 4377 2053 4446 signum,

478 4486 650 4555 magis
700 4483 805 4537 hoc
848 4488 1084 4535 enarrat.
1144 4475 1387 4529 Viderunt
1428 4482 1596 4525 autem
1636 4469 1725 4538 qui
1772 4464 2059 4519 habitabant

480 4576 753 4649 Lyddam,
799 4584 846 4628 et
875 4571 1099 4626 conversi
1124 4577 1239 4622 sunt
1278 4566 1345 4619 ad
1382 4563 1679 4618 Dominum.
1729 4560 1909 4629 Itaque
1954 4572 2060 4611 non

483 4670 681 4724 frustra
710 4666 820 4720 dixi
852 4663 1107 4717 miracula
1137 4660 1272 4714 facta
1302 4656 1468 4711 fuisse
1492 4655 1559 4709 ad
1592 4651 1987 4723 persuasionem
2008 4659 2065 4704 et

482 4757 929 4815 consolationem.
974 4752 1041 4808 In
1073 4749 1245 4819 Joppe
1267 4757 1435 4802 autent
1462 4754 1569 4800 erat
1593 4742 1822 4814 quaedam
1849 4741 2066 4811 discipu-

484 4853 541 4906 la
559 4894 574 4919 ,
605 4848 809 4920 inquit,
841 4845 1045 4901 nomine
1073 4841 1309 4897 Tabitlta.
1339 4836 1558 4892 Factum
1585 4846 1659 4890 est
1684 4843 1851 4888 autem
1877 4833 1930 4887 in
1960 4832 2067 4886 die-

488 4947 579 5001 bus
620 4944 746 5007 illis,
777 4950 830 4995 ut
869 4939 1129 5009 inﬁrmata
1157 4942 1455 4988 moreretur.
1495 4930 1658 4985 Vides
1688 4929 1882 4999 ubique
1920 4928 2068 4997 signa

488 5037 635 5094 edita
656 5036 681 5088 Υ
724 5032 840 5087 Non
870 5028 1186 5099 simpliciter
1224 5032 1436 5080 mortua
1462 5029 1543 5077 est
1573 5019 1800 5075 Tahitha
1824 5061 1839 5082 ,
1891 5019 1985 5073 sed
2018 5018 2069 5071 in

490 5128 855 5187 inﬁrmitatem
884 5124 1050 5192 lapsa.
1086 5119 1209 5173 Ideo
1239 5117 1453 5172 Petrum
1482 5129 1585 5168 non
1619 5120 1872 5167 vocarunt
1900 5110 2079 5164 donec.

492 5224 578 5278 illa
608 5227 815 5277 mortua
842 5224 1005 5270 esset.
1053 5211 1328 5266 Audientes
1352 5217 1519 5261 autem
1554 5204 1791 5274 discipuli
1834 5203 2074 5256 miseruit.

490 5322 749 5386 rogantes,
768 5326 830 5363 ne
850 5307 1172 5379 pigritaretur
1194 5300 1411 5355 transire
1433 5296 1501 5350 ad
1525 5312 1628 5351 eos.
1646 5294 1795 5357 Vide,
1822 5308 1917 5363 per
1940 5291 2075 5346 alios

495 5407 714 5461 mittunt
736 5411 797 5458 et
823 5406 1036 5455 vocant.
1066 5395 1158 5451 Ille
1183 5407 1311 5448 vero
1336 5392 1674 5458 obtemperat
1696 5397 1748 5441 et
1776 5386 1952 5448 venit;
1977 5397 2076 5438 nec

494 5497 831 5555 contumelias
850 5495 972 5552 loco
994 5491 1153 5547 habet
1171 5486 1314 5558 quod
1340 5494 1597 5539 vocetur:
1627 5483 1696 5536 ita
1724 5494 1970 5551 magnum
1993 5485 2081 5536 est

496 5592 774 5648 tribulatio
802 5591 1022 5655 bonum,
1055 5585 1194 5657 quod
1224 5583 1427 5639 animas
1456 5590 1670 5635 nostras
1693 5577 1929 5647 eapulet.
1954 5574 2083 5629 Nul-

502 5686 585 5738 lus
614 5684 684 5737 ibi
714 5684 909 5742 luctus.
941 5681 1189 5751 planctus
1218 5676 1420 5731 nullus.
1453 5674 1620 5741 Quam
1645 5688 1758 5725 cum
1785 5672 2038 5723 locassent
2062 5706 2078 5731 ,

507 5787 777 5847 posuerunt
823 5776 874 5825 in
918 5773 1216 5834 caenaculo,-
1263 5769 1312 5822 id
1357 5775 1468 5831 est,
1517 5762 1694 5818 omnia
1740 5760 1915 5815 fecere
1960 5774 2078 5832 qua:

1194 312 1250 369 S.
1291 307 1564 368 JOANNlS
1598 302 2068 364 CllRYSOS'l'OMl
2108 300 2421 358 ARCHIEP.
2462 298 2987 356 CONSTANTINOP.

3600 298 3699 353 168

2113 426 2323 471 mortuo
2354 414 2751 485 competebant.
2797 414 3092 485 Exsurgens
3139 429 3253 468 vero
3303 409 3518 478 Petrus,
3562 415 3697 468 venit

2113 526 2231 561 cum
2259 507 2383 561 illis.
2421 505 2487 561 Et
2527 523 2642 559 cum
2667 508 2971 561 ascendisset
3016 507 3070 559 in
3114 506 3431 560 cenaculum
3455 544 3472 569 ,
3519 504 3701 575 positis

2112 601 2323 673 genibus
2348 600 2512 656 orauit
2534 641 2550 665 ,
2580 609 2627 653 et
2655 616 2920 654 conversus
2946 599 3014 653 ad
3037 616 3223 663 corpus
3252 598 3381 652 dixit
3405 614 3423 651 ε
3450 596 3667 651 ΤαὺὶιΙιη
3684 639 3701 661 ,

2113 708 2283 762 surge.
2329 690 2443 745 Non
2474 691 2651 745 omnia
2680 689 2942 761 permittit
2972 691 3113 744 Deus
3153 689 3305 758 signa
3344 703 3468 743 cum
3511 688 3700 742 eadem

2115 782 2365 838 facilitate
2409 784 2544 837 ﬁeri.
2592 783 2703 836 Hoc
2741 791 2919 837 autem
2947 782 3051 836 illis
3080 782 3354 852 proderat.
3398 781 3512 835 Non
3559 781 3700 834 enim

2116 884 2321 931 tantum
2354 877 2583 931 aliorum
2610 876 2836 930 salutem
2858 876 3100 942 curabat,
3130 876 3224 930 sed
3252 876 3413 931 etiam
3442 877 3703 944 ipsorum.

2116 968 2217 1035 Qui
2244 984 2375 1038 ergo
2401 968 2587 1023 umbra
2616 984 2708 1023 sua
2749 977 2825 1021 tot
2862 968 3105 1021 homines
3144 967 3400 1031 curabat,
3444 984 3585 1022 nune
3627 977 3706 1022 tot

2118 1070 2373 1132 tantaque
2413 1060 2538 1116 facit
2574 1060 2641 1114 ad
2672 1059 2815 1114 illam
2845 1058 3203 1113 excitandam.
3234 1056 3505 1113 Interdum
3542 1060 3703 1113 etiam

2119 1154 2251 1209 ﬁdes
2288 1152 2661 1208 accedentium
2703 1151 3113 1221 cooperabatur.
3144 1150 3294 1204 Hanc
3322 1165 3453 1221 ergo
3481 1150 3705 1220 primam

2119 1255 2385 1301 mortuam
2427 1246 2686 1309 suscitat,
2719 1244 2937 1299 nomine
2979 1257 3220 1299 vocans:
3268 1256 3389 1312 quae
3439 1242 3588 1313 quasi
3639 1257 3708 1296 ex

2118 1352 2308 1392 somno
2333 1335 2727 1407 expergefacta,
2760 1336 2985 1404 primum
3016 1334 3226 1404 aperuit
3259 1332 3447 1387 oculos
3466 1372 3483 1399 ,
3510 1332 3707 1387 deinde

2120 1430 2299 1485 statim
2334 1428 2519 1484 videns
2561 1429 2800 1494 Petrum,
2832 1425 2990 1492 sedit,
3022 1424 3346 1494 demumque
3375 1438 3403 1477 a
3430 1432 3569 1478 tactu
3594 1439 3709 1476 nta-

2121 1538 2221 1576 nus
2256 1521 2515 1577 ﬁrmatur.
2558 1520 2636 1575 Tu
2662 1535 2789 1576 vero
2819 1518 2950 1573 mihi
2975 1519 3176 1573 lucrum
3205 1516 3485 1573 considera
3511 1557 3528 1582 ,
3568 1532 3707 1586 quo-

2124 1615 2285 1671 modo
2316 1616 2506 1669 iterum
2539 1614 2741 1669 fructus
2770 1614 2840 1667 sit
2878 1627 2985 1667 non
3014 1611 3079 1666 ad
3110 1612 3550 1666 ostentationem.
3584 1610 3709 1665 Ideo

2122 1722 2250 1765 sane
2279 1722 2468 1762 omnes
2496 1707 2641 1761 foras
2670 1705 2816 1776 ejieit
2839 1747 2854 1771 ,
2896 1705 2949 1759 in
2982 1704 3086 1760 hoc
3112 1704 3419 1774 Magistrum
3448 1704 3705 1760 imitatus.

2122 1799 2222 1857 Ubi
2252 1801 2396 1855 enim
2427 1800 2677 1869 lacrymte
2702 1807 2870 1863 sunt,
2896 1813 3003 1852 non
3032 1806 3244 1866 oportet
3274 1804 3475 1851 tantum
3503 1805 3710 1868 myste-

2127 1892 2263 1947 rium
2294 1890 2477 1963 perﬁci
2504 1909 2519 1946 :
2550 1892 2659 1944 imo
2687 1889 2779 1945 ubi
2803 1898 2929 1945 sunt
2954 1888 3209 1945 miracula
3227 1927 3248 1956 ,
3275 1902 3381 1943 non
3410 1886 3560 1943 decet
3587 1901 3713 1944 esse

2126 1984 2408 2055 lacrymas.
2439 1981 2634 2038 Audite
2658 2022 2673 2048 ,
2701 1996 2884 2052 quaeso
2906 2021 2937 2049 ,.
2955 1981 3057 2037 etsi
3100 1996 3208 2036 non
3239 1980 3362 2052 quid
3387 1980 3564 2036 simile
3597 1980 3710 2048 jam

2127 2076 2238 2138 liat,
2266 2084 2440 2130 tamen
2464 2090 2605 2129 nunc
2626 2074 2786 2128 etiam
2809 2074 2860 2128 in
2879 2074 3105 2129 mortuis
3125 2088 3376 2144 magnum
3399 2073 3712 2144 mysterium

2124 2165 2422 2236 perﬁcitur.
2473 2165 2567 2220 llic
2590 2176 2768 2219 autem
2794 2163 2922 2219 mihi
2956 2181 2968 2216 :
3006 2164 3051 2219 si
3080 2164 3233 2219 nobis
3262 2162 3578 2218 sedentibus
3608 2163 3716 2217 lm-

2133 2265 2348 2326 perator
2371 2255 2677 2326 quempiam
2707 2254 2758 2309 in
2786 2255 2985 2325 regiam
3016 2263 3233 2309 vocaret
3257 2296 3273 2320 ,
3301 2269 3368 2308 an
3395 2253 3630 2309 ﬂendum
3660 2264 3717 2309 et

2130 2347 2416 2418 lugendum
2437 2348 2624 2403 esset?
2649 2347 2837 2417 Angeli
2865 2345 3062 2400 adsunt
3088 2345 3157 2400 de
3186 2344 3318 2400 emlo
3345 2345 3496 2401 missi
3520 2387 3534 2410 ,
3563 2343 3714 2400 inde-

2130 2457 2234 2513 que
2278 2443 2557 2499 venientes
2582 2480 2598 2503 ,
2644 2439 2713 2494 ab
2759 2441 2874 2510 ipso
2916 2441 3062 2510 [lege
3088 2439 3267 2501 missi,
3296 2446 3358 2493 ut
3399 2452 3716 2494 conservum

2131 2551 2284 2591 suum
2312 2544 2527 2598 vocent,
2550 2544 2602 2589 et
2628 2543 2682 2588 tu
2710 2535 2922 2604 ploras?
2941 2534 3123 2589 Nescis
3139 2534 3295 2603 quale
3313 2533 3383 2587 sit
3410 2532 3717 2604 mysterium

2134 2626 2260 2682 illud
2283 2668 2298 2691 ,
2329 2642 2488 2701 quam
2520 2625 2846 2681 horrendum
2874 2666 2887 2688 ,
2919 2640 3075 2695 quam
3109 2624 3441 2679 tremendum
3466 2665 3480 2689 ,
3507 2639 3569 2678 ac
3593 2638 3721 2680 vere

2134 2719 2344 2792 hymnis
2370 2719 2668 2791 gaudioque
2697 2718 2913 2786 dignum
2949 2717 2964 2748 ⁸
2988 2719 3009 2770 ?

2207 2814 2258 2869 4.
2284 2790 2603 2869 Visdiscere
2623 2811 2724 2865 hoc
2742 2827 2844 2864 non
2863 2825 2983 2864 esse
3004 2820 3208 2880 tempus
3224 2790 3718 2880 l.ierjunarum?:l'lei

2137 2907 2410 2977 sapientiae
2436 2905 2725 2958 maximum
2745 2902 2847 2958 hoc
2866 2911 2951 2958 est
2966 2904 3300 2973 mysterium.
3322 2900 3508 2955 Anima
3523 2902 3723 2972 quippe

2138 3015 2235 3055 ceu
2257 2999 2475 3053 domum
2496 2996 2800 3067 quampiam
2827 2995 3084 3050 deserens
3108 3036 3122 3061 ,
3150 2994 3321 3065 pergit
3344 2993 3409 3049 ad
3437 2994 3725 3048 Dominum

2140 3108 2292 3149 suum
2319 3110 2333 3154 ;
2363 3100 2419 3146 tu
2443 3107 2574 3146 vero
2600 3091 2750 3161 luges
2772 3089 2925 3144 ?Hoc
2949 3103 3076 3159 ergo
3099 3102 3221 3144 enim
3238 3103 3370 3158 puer
3391 3074 3625 3143 namitur
3652 3086 3729 3140 fa-

2141 3200 2266 3240 cere
2291 3191 2567 3253 aporteret
2593 3200 2606 3235 :
2638 3198 2759 3237 nam
2789 3181 2876 3236 hic
2902 3192 3083 3250 partus
3105 3180 3197 3235 illo
3224 3180 3411 3234 melior
3428 3189 3529 3234 est.
3552 3178 3730 3247 Pergit

2142 3279 2285 3332 enim
2302 3276 2368 3330 ad
2386 3276 2541 3329 aliam
2558 3272 3216 3343 lucem,solviturquasiex
3236 3271 3461 3326 vinculis
3474 3272 3728 3332 carceris,

2147 3369 2295 3439 quasi
2310 3384 2373 3424 ex
2394 3383 2561 3439 agone
2574 3366 2802 3438 quodam
2820 3366 3107 3437 egreditur.
3127 3364 3322 3429 Etiam,
3337 3364 3565 3435 inquies,
3589 3363 3638 3417 id
3665 3364 3731 3417 de

2146 3460 2327 3530 probis
2344 3469 2490 3514 recte
2515 3456 2668 3512 dicis.
2687 3456 2897 3527 thuid
2914 3456 3017 3511 hoc
3042 3455 3108 3510 ad
3135 3464 3207 3521 te,
3230 3469 3265 3509 o
3295 3452 3495 3507 homo?
3519 3462 3572 3507 tu
3589 3454 3729 3507 eiiim

2146 3567 2269 3620 erga
2284 3551 2478 3621 probos
2494 3564 2599 3605 non
2619 3548 2719 3604 hoc
2735 3549 2867 3619 agis.
2880 3548 2973 3603 Dic
2989 3562 3117 3602 vero
3133 3546 3285 3611 mihi,
3301 3545 3427 3616 quid
3447 3545 3496 3598 in
3516 3544 3735 3614 parvulo

2150 3642 2351 3697 infante
2383 3639 2883 3711 reprehendendum
2912 3638 3118 3693 habes?
3147 3653 3243 3692 cur
3270 3637 3419 3707 luges
3447 3637 3617 3690 illum?
3638 3651 3737 3690 cur

2150 3749 2340 3791 recens
2373 3732 2727 3788 illuminatum
2751 3732 2773 3786 ?
2800 3746 2924 3799 nam
2954 3740 3008 3785 et
3035 3730 3125 3784 ille
3148 3727 3390 3797 ejusdem
3415 3727 3738 3783 conditionis

2152 3826 2386 3881 est.(1ur
2413 3840 2543 3896 ergo
2572 3824 2723 3894 luges
2752 3822 2947 3877 illum?
2980 3821 3155 3876 nescis
3182 3819 3325 3890 quod
3356 3820 3495 3875 sicut
3521 3818 3601 3872 sol
3634 3833 3735 3888 pu-

2154 3933 2245 3974 rus
2275 3917 2537 3979 ascendit,
2568 3917 2638 3970 ita
2667 3923 2721 3969 et
2749 3915 2926 3968 anima
2955 3928 3074 3968 cmn
3102 3913 3239 3965 bona
3266 3910 3592 3966 conscientia
3621 3923 3742 3963 cor-

2156 4026 2253 4081 pus
2279 4010 2610 4079 relinquens,
2630 4006 2923 4077 splendide
2950 4004 3157 4075 fulget?
3189 4003 3307 4059 Non
3337 4018 3459 4058 cum
3491 4011 3637 4057 tanto
3660 4002 3740 4055 si-

2158 4103 2324 4158 lentio
2363 4101 2547 4155 videas
2591 4098 2972 4168 Imperatorem
3018 4096 3321 4151 venientem
3364 4097 3414 4150 in
3436 4095 3737 4157 civitatem,

2161 4204 2362 4263 quanto
2389 4192 2619 4245 animam
2644 4204 2843 4259 corpus
2868 4189 3281 4259 relinquentem,
3307 4196 3360 4243 et
3389 4203 3510 4241 cum
3538 4185 3744 4255 angelis

2161 4290 2465 4343 abeuntem.
2492 4285 2675 4357 Cogita
2695 4301 2814 4355 quae
2838 4284 2908 4338 sit
2930 4292 3054 4338 tunc
3073 4283 3270 4348 anima,
3296 4281 3345 4334 in
3371 4296 3477 4350 quo
3498 4293 3742 4348 Stupore,

2164 4385 2216 4437 in
2243 4398 2347 4453 qua
2373 4381 2752 4445 admiratione,
2780 4379 2831 4433 in
2861 4392 2964 4448 qua
2991 4376 3280 4445 voluptate.
3328 4373 3435 4429 Cur
3458 4414 3475 4440 ,
3520 4386 3703 4442 quiesn
3728 4412 3743 4434 ,

2163 4476 2351 4546 luges?
2379 4489 2503 4529 num
2525 4473 2576 4527 in
2601 4471 2970 4542 peccatoribus
2991 4478 3193 4523 tantum
3216 4467 3319 4521 hoc
3338 4465 3465 4521 facis
3484 4466 3509 4518 ?
3532 4460 3746 4520 Utinam

2166 4570 2243 4622 sic
2269 4576 2431 4627 esset.
2466 4581 2570 4620 non
2599 4566 2797 4619 luctum
2827 4562 3163 4633 prohiberem
3191 4576 3204 4612 :
3231 4560 3431 4612 utinam
3462 4556 3579 4610 talis
3605 4569 3694 4610 ess
3714 4565 3749 4607 -ι

2166 4658 2392 4729 seupusl
2414 4658 2510 4713 Hic
2538 4659 2709 4712 luctus
2735 4656 3062 4726 apostolicus
3081 4694 3096 4717 ,
3124 4651 3211 4706 hic
3240 4652 3399 4705 etiam
3444 4648 3748 4703 Dominiens

2169 4761 2252 4807 est
2285 4768 2298 4804 :
2345 4750 2574 4821 ploravit
2615 4750 2756 4804 enim
2796 4747 2951 4801 Jesus
2978 4745 3386 4815 Jerosolymam.
3417 4742 3620 4797 Vellem
3654 4742 3751 4796 hac

2172 4845 2287 4915 lege
2317 4843 2549 4896 discerni
2583 4841 2775 4894 luctus.
2814 4837 3036 4905 Quando
3069 4845 3247 4890 autem
3281 4844 3561 4890 revocatus
3590 4834 3750 4887 verba

2172 4936 2422 4992 obtendis
2444 4977 2458 4999 ,
2510 4931 2978 4995 consuetudinem,
3010 4946 3229 4994 curam;
3264 4944 3369 4983 non
3397 4944 3459 4983 ea
3491 4927 3558 4983 de
3591 4942 3751 4980 causa

2166 5030 2325 5099 luges
2348 5067 2365 5091 ,
2394 5025 2487 5080 sed
2516 5025 2789 5079 obtentum
2822 5022 3047 5092 profers.
3092 5021 3238 5092 Luge
3281 5029 3618 5091 peceatorem
3644 5057 3663 5084 ,
3702 5028 3755 5073 i-t

2176 5138 2275 5192 ego
2317 5121 2581 5191 lacrymus
2610 5117 2861 5183 fundam;
2908 5118 3015 5177 imo
3058 5126 3203 5172 tanto
3246 5118 3416 5186 magis
3457 5131 3616 5185 quam
3658 5124 3710 5167 tu
3738 5156 3755 5179 ,

2177 5222 2378 5284 quanto
2406 5212 2609 5281 majore
2642 5211 2730 5265 ille
2760 5202 3307 5280 supplicio"’obnoxius
3331 5217 3415 5263 est
3451 5226 3464 5262 :
3495 5222 3600 5279 ego
3622 5223 3759 5277 quo-

2179 5320 2284 5375 que
2325 5303 2468 5359 hunc
2510 5302 2713 5357 habens
2738 5316 2963 5370 scopum
2987 5340 3002 5365 ,
3035 5300 3242 5370 lugebo.
3278 5299 3462 5354 Talem
3490 5307 3758 5355 mortuum

2184 5413 2290 5452 non
2332 5406 2383 5452 te
2410 5396 2579 5450 solum
2606 5437 2622 5462 ,
2663 5392 2757 5449 sed
2804 5402 2965 5446 totam
2996 5392 3269 5445 civitatem
3300 5391 3720 5460 lugere-oportet
3743 5431 3760 5456 ,

2184 5507 2390 5546 necnon
2417 5504 2607 5543 omnes
2635 5493 3010 5546 occurrentes,
3039 5498 3231 5551 nempe
3257 5483 3405 5551 quasi
3433 5496 3549 5546 eos,
3578 5484 3666 5552 qui
3697 5480 3763 5534 ad

2187 5594 2412 5638 mortem
2439 5582 2726 5636 dtu-untur.
2756 5578 2895 5633 Vere
2926 5592 3155 5646 namque
3184 5575 3297 5629 lia-c
3323 5574 3460 5629 mala
3491 5589 3636 5629 mors
3660 5582 3766 5639 est,

2188 5690 2333 5731 mors
2364 5685 2726 5746 peccatorum.
2754 5669 2859 5727 Sed
2890 5685 2974 5723 res
2995 5682 3085 5722 sus
3111 5668 3283 5738 deque
3310 5682 3477 5721 versae
3504 5675 3646 5720 sunt.
3675 5664 3768 5719 llic

2276 5768 2293 5799 ¹
2332 5774 2457 5815 Unus
2479 5766 2591 5815 Cod.
2620 5764 2787 5821 habet,
2813 5758 3005 5825 hymnis
3025 5758 3339 5817 laudibusque
3364 5757 3589 5822 dignum.
