  <div class='ocr_page' id='page_1' title='image "/cluster/home/n/w/nwhite01/storage/ocr_20150623/60/mdp.39015028539453/172.png"; bbox 0 0 4084 6174; ppageno 0'>
   <div class='ocr_carea' id='block_1_1' title="bbox 297 280 396 334">
    <p class='ocr_par' dir='ltr' id='par_1_1' title="bbox 297 280 396 334">
     <span class='ocr_line' id='line_1_1' title="bbox 297 280 396 334; baseline 0 0"><span class='ocrx_word' id='word_1_1' title='bbox 297 280 396 334; x_wconf 72' lang='grc'>167</span> 
     </span>
    </p>
   </div>
   <div class='ocr_carea' id='block_1_2' title="bbox 360 391 1958 467">
    <p class='ocr_par' dir='ltr' id='par_1_2' title="bbox 360 391 1958 467">
     <span class='ocr_line' id='line_1_2' title="bbox 360 391 1958 467; baseline -0.006 -15"><span class='ocrx_word' id='word_1_2' title='bbox 360 401 429 467; x_wconf 87' lang='grc' dir='ltr'>γ’.</span> <span class='ocrx_word' id='word_1_3' title='bbox 468 397 611 466; x_wconf 87' lang='grc' dir='ltr'>Ὅρα</span> <span class='ocrx_word' id='word_1_4' title='bbox 642 396 704 450; x_wconf 70' lang='grc' dir='ltr'>τὸ</span> <span class='ocrx_word' id='word_1_5' title='bbox 733 395 936 464; x_wconf 80' lang='grc' dir='ltr'>ἄτυφον</span> <span class='ocrx_word' id='word_1_6' title='bbox 966 393 1057 448; x_wconf 88' lang='grc' dir='ltr'>τοῦ</span> <span class='ocrx_word' id='word_1_7' title='bbox 1088 395 1294 464; x_wconf 81' lang='grc' dir='ltr'>Πέτρου</span> <span class='ocrx_word' id='word_1_8' title='bbox 1322 396 1415 447; x_wconf 75' lang='grc' dir='ltr'>καὶ</span> <span class='ocrx_word' id='word_1_9' title='bbox 1449 394 1509 449; x_wconf 74' lang='grc' dir='ltr'>τὸ</span> <span class='ocrx_word' id='word_1_10' title='bbox 1546 393 1807 458; x_wconf 79' lang='grc' dir='ltr'>ἐπιεικὲς,</span> <span class='ocrx_word' id='word_1_11' title='bbox 1841 391 1958 456; x_wconf 86' lang='grc' dir='ltr'>πῶς</span> 
     </span>
    </p>
   </div>
   <div class='ocr_carea' id='block_1_3' title="bbox 290 478 1958 557">
    <p class='ocr_par' dir='ltr' id='par_1_3' title="bbox 290 478 1958 557">
     <span class='ocr_line' id='line_1_3' title="bbox 290 478 1958 557; baseline -0.007 -17"><span class='ocrx_word' id='word_1_12' title='bbox 290 487 353 540; x_wconf 82' lang='grc' dir='ltr'>ού</span> <span class='ocrx_word' id='word_1_13' title='bbox 391 485 537 557; x_wconf 61' lang='grc' dir='ltr'>παρα</span> <span class='ocrx_word' id='word_1_14' title='bbox 566 483 735 553; x_wconf 79' lang='grc' dir='ltr'>ταύτῃ</span> <span class='ocrx_word' id='word_1_15' title='bbox 772 482 923 551; x_wconf 89' lang='grc' dir='ltr'>μένει</span> <span class='ocrx_word' id='word_1_16' title='bbox 948 522 962 543; x_wconf 89' lang='grc'><strong>.</strong></span> <span class='ocrx_word' id='word_1_17' title='bbox 992 482 1110 535; x_wconf 83' lang='grc' dir='ltr'>ούδέ</span> <span class='ocrx_word' id='word_1_18' title='bbox 1141 482 1292 552; x_wconf 75' lang='grc' dir='ltr'>παρὰ</span> <span class='ocrx_word' id='word_1_19' title='bbox 1326 480 1470 550; x_wconf 75' lang='grc' dir='ltr'>ἄλλῳ</span> <span class='ocrx_word' id='word_1_20' title='bbox 1497 481 1607 533; x_wconf 73' lang='grc' dir='ltr'>τινὶ</span> <span class='ocrx_word' id='word_1_21' title='bbox 1624 479 1734 533; x_wconf 88' lang='grc' dir='ltr'>τῶν</span> <span class='ocrx_word' id='word_1_22' title='bbox 1764 478 1958 548; x_wconf 78' lang='grc' dir='ltr'>ἐπισή-</span> 
     </span>
    </p>
   </div>
   <div class='ocr_carea' id='block_1_4' title="bbox 296 568 1955 643">
    <p class='ocr_par' dir='ltr' id='par_1_4' title="bbox 296 568 1955 643">
     <span class='ocr_line' id='line_1_4' title="bbox 296 568 1955 643; baseline -0.004 -19"><span class='ocrx_word' id='word_1_23' title='bbox 296 590 430 643; x_wconf 88' lang='grc' dir='ltr'>μων,</span> <span class='ocrx_word' id='word_1_24' title='bbox 460 570 595 624; x_wconf 79' lang='grc' dir='ltr'>ἀλλὰ</span> <span class='ocrx_word' id='word_1_25' title='bbox 615 569 767 640; x_wconf 82' lang='grc' dir='ltr'>παρά</span> <span class='ocrx_word' id='word_1_26' title='bbox 797 570 1007 640; x_wconf 83' lang='grc' dir='ltr'>βυρσεῖ·</span> <span class='ocrx_word' id='word_1_27' title='bbox 1037 568 1127 622; x_wconf 75' lang='grc' dir='ltr'>διὰ</span> <span class='ocrx_word' id='word_1_28' title='bbox 1185 569 1405 621; x_wconf 83' lang='grc' dir='ltr'>πάντων</span> <span class='ocrx_word' id='word_1_29' title='bbox 1465 568 1544 630; x_wconf 84' lang='grc' dir='ltr'>είς</span> <span class='ocrx_word' id='word_1_30' title='bbox 1599 582 1955 634; x_wconf 75' lang='grc' dir='ltr'>ταπεινοφρο·</span> 
     </span>
    </p>
   </div>
   <div class='ocr_carea' id='block_1_5' title="bbox 295 651 1956 729">
    <p class='ocr_par' dir='ltr' id='par_1_5' title="bbox 295 651 1956 729">
     <span class='ocr_line' id='line_1_5' title="bbox 295 651 1956 729; baseline -0.005 -16"><span class='ocrx_word' id='word_1_31' title='bbox 295 658 460 729; x_wconf 88' lang='grc' dir='ltr'>σύνην</span> <span class='ocrx_word' id='word_1_32' title='bbox 513 657 743 724; x_wconf 81' lang='grc' dir='ltr'>ἐνάγων,</span> <span class='ocrx_word' id='word_1_33' title='bbox 806 656 901 710; x_wconf 79' lang='grc' dir='ltr'>καὶ</span> <span class='ocrx_word' id='word_1_34' title='bbox 953 655 1077 709; x_wconf 78' lang='grc' dir='ltr'>οὔτε</span> <span class='ocrx_word' id='word_1_35' title='bbox 1133 656 1260 712; x_wconf 79' lang='grc' dir='ltr'>τοὺς</span> <span class='ocrx_word' id='word_1_36' title='bbox 1314 654 1550 717; x_wconf 74' lang='grc' dir='ltr'>εὐτελεῖς</span> <span class='ocrx_word' id='word_1_37' title='bbox 1607 651 1956 724; x_wconf 72' lang='grc' dir='ltr'>αἰσχύνεσθα.</span> 
     </span>
    </p>
   </div>
   <div class='ocr_carea' id='block_1_6' title="bbox 291 739 1958 814">
    <p class='ocr_par' dir='ltr' id='par_1_6' title="bbox 291 739 1958 814">
     <span class='ocr_line' id='line_1_6' title="bbox 291 739 1958 814; baseline -0.005 -15"><span class='ocrx_word' id='word_1_38' title='bbox 291 747 491 814; x_wconf 72' lang='grc' dir='ltr'>ἀφιεὶς,</span> <span class='ocrx_word' id='word_1_39' title='bbox 525 759 551 785; x_wconf 86' lang='grc' dir='ltr'>ι</span> <span class='ocrx_word' id='word_1_40' title='bbox 584 745 708 798; x_wconf 76' lang='grc' dir='ltr'>οὕτε</span> <span class='ocrx_word' id='word_1_41' title='bbox 753 745 882 807; x_wconf 76' lang='grc' dir='ltr'>τοὺς</span> <span class='ocrx_word' id='word_1_42' title='bbox 944 742 1214 812; x_wconf 83' lang='grc' dir='ltr'>μεγάλους</span> <span class='ocrx_word' id='word_1_43' title='bbox 1261 740 1583 811; x_wconf 77' lang='grc' dir='ltr'>ἐπαίρεσθαι</span> <span class='ocrx_word' id='word_1_44' title='bbox 1603 758 1619 773; x_wconf 76' lang='grc' dir='ltr'><strong>ο</strong></span> <span class='ocrx_word' id='word_1_45' title='bbox 1658 740 1718 803; x_wconf 82' lang='grc' dir='ltr'>ὃς</span> <span class='ocrx_word' id='word_1_46' title='bbox 1749 740 1843 793; x_wconf 78' lang='grc' dir='ltr'>καὶ</span> <span class='ocrx_word' id='word_1_47' title='bbox 1869 739 1958 791; x_wconf 76' lang='grc' dir='ltr'>διὰ</span> 
     </span>
    </p>
   </div>
   <div class='ocr_carea' id='block_1_7' title="bbox 291 826 1958 902">
    <p class='ocr_par' dir='ltr' id='par_1_7' title="bbox 291 826 1958 902">
     <span class='ocr_line' id='line_1_7' title="bbox 291 826 1958 902; baseline -0.004 -16"><span class='ocrx_word' id='word_1_48' title='bbox 291 833 448 887; x_wconf 85' lang='grc' dir='ltr'>τοῦτο</span> <span class='ocrx_word' id='word_1_49' title='bbox 493 832 675 902; x_wconf 78' lang='grc' dir='ltr'>ἔκρινε</span> <span class='ocrx_word' id='word_1_50' title='bbox 725 831 974 895; x_wconf 81' lang='grc' dir='ltr'>διελθεῖν,</span> <span class='ocrx_word' id='word_1_51' title='bbox 1013 830 1201 899; x_wconf 80' lang='grc' dir='ltr'>ἐπειδὴ</span> <span class='ocrx_word' id='word_1_52' title='bbox 1258 828 1359 897; x_wconf 88' lang='grc' dir='ltr'>τῆς</span> <span class='ocrx_word' id='word_1_53' title='bbox 1412 826 1577 881; x_wconf 81' lang='grc' dir='ltr'>αὐτοῦ</span> <span class='ocrx_word' id='word_1_54' title='bbox 1610 827 1958 888; x_wconf 71' lang='grc' dir='ltr'>διδασκαλίας</span> 
     </span>
    </p>
   </div>
   <div class='ocr_carea' id='block_1_8' title="bbox 292 912 1958 985">
    <p class='ocr_par' dir='ltr' id='par_1_8' title="bbox 292 912 1958 985">
     <span class='ocr_line' id='line_1_8' title="bbox 292 912 1958 985; baseline -0.004 -12"><span class='ocrx_word' id='word_1_55' title='bbox 292 920 503 973; x_wconf 74' lang='grc' dir='ltr'>ἐδέοντο</span> <span class='ocrx_word' id='word_1_56' title='bbox 551 922 600 973; x_wconf 86' lang='grc' dir='ltr'>οἰ</span> <span class='ocrx_word' id='word_1_57' title='bbox 653 918 1072 979; x_wconf 85' lang='grc' dir='ltr'>πιστεύσαντες.</span> <span class='ocrx_word' id='word_1_58' title='bbox 1124 917 1356 985; x_wconf 84' lang='grc' dir='ltr'>’Ἱδωμεν</span> <span class='ocrx_word' id='word_1_59' title='bbox 1416 915 1595 968; x_wconf 82' lang='grc' dir='ltr'>τοίνυν</span> <span class='ocrx_word' id='word_1_60' title='bbox 1649 912 1855 969; x_wconf 84' lang='grc' dir='ltr'>ἄνωθεν</span> <span class='ocrx_word' id='word_1_61' title='bbox 1889 914 1958 967; x_wconf 84' lang='grc' dir='ltr'>τά</span> 
     </span>
    </p>
   </div>
   <div class='ocr_carea' id='block_1_9' title="bbox 293 1002 1956 1077">
    <p class='ocr_par' dir='ltr' id='par_1_9' title="bbox 293 1002 1956 1077">
     <span class='ocr_line' id='line_1_9' title="bbox 293 1002 1956 1077; baseline -0.003 -16"><span class='ocrx_word' id='word_1_62' title='bbox 293 1008 581 1077; x_wconf 70' lang='grc' dir='ltr'>εἰρημένα.</span> <span class='ocrx_word' id='word_1_63' title='bbox 625 1004 955 1073; x_wconf 79' lang='grc' dir='ltr'>Ἐπειρᾱτο,</span> <span class='ocrx_word' id='word_1_64' title='bbox 994 1005 1160 1073; x_wconf 72' lang='grc' dir='ltr'>φησὶ,</span> <span class='ocrx_word' id='word_1_65' title='bbox 1212 1002 1551 1059; x_wconf 84' lang='grc' dir='ltr'>κολλᾶσθαι</span> <span class='ocrx_word' id='word_1_66' title='bbox 1592 1002 1718 1067; x_wconf 86' lang='grc' dir='ltr'>τοῖς</span> <span class='ocrx_word' id='word_1_67' title='bbox 1766 1005 1956 1071; x_wconf 84' lang='grc' dir='ltr'>μαθη-</span> 
     </span>
    </p>
   </div>
   <div class='ocr_carea' id='block_1_10' title="bbox 292 1090 1955 1163">
    <p class='ocr_par' dir='ltr' id='par_1_10' title="bbox 292 1090 1955 1163">
     <span class='ocr_line' id='line_1_10' title="bbox 292 1090 1955 1163; baseline -0.002 -14"><span class='ocrx_word' id='word_1_68' title='bbox 292 1095 443 1161; x_wconf 82' lang='grc' dir='ltr'>ταῖς.</span> <span class='ocrx_word' id='word_1_69' title='bbox 472 1096 587 1148; x_wconf 84' lang='grc' dir='ltr'>Ούκ</span> <span class='ocrx_word' id='word_1_70' title='bbox 619 1093 993 1163; x_wconf 78' lang='grc' dir='ltr'>ἀναισχύντως</span> <span class='ocrx_word' id='word_1_71' title='bbox 1016 1090 1338 1161; x_wconf 82' lang='grc' dir='ltr'>προσῆλθεν,</span> <span class='ocrx_word' id='word_1_72' title='bbox 1366 1091 1480 1144; x_wconf 82' lang='grc' dir='ltr'>ἀλλ’</span> <span class='ocrx_word' id='word_1_73' title='bbox 1514 1090 1955 1160; x_wconf 87' lang='grc' dir='ltr'>ύπεσταλμένως.</span> 
     </span>
    </p>
   </div>
   <div class='ocr_carea' id='block_1_11' title="bbox 292 1177 1958 1253">
    <p class='ocr_par' dir='ltr' id='par_1_11' title="bbox 292 1177 1958 1253">
     <span class='ocr_line' id='line_1_11' title="bbox 292 1177 1958 1253; baseline -0.005 -16"><span class='ocrx_word' id='word_1_74' title='bbox 292 1183 558 1253; x_wconf 74' lang='grc' dir='ltr'>Μαθητὰς</span> <span class='ocrx_word' id='word_1_75' title='bbox 598 1182 658 1234; x_wconf 79' lang='grc' dir='ltr'>δὲ</span> <span class='ocrx_word' id='word_1_76' title='bbox 682 1181 859 1245; x_wconf 89' lang='grc' dir='ltr'>καλεῖ,</span> <span class='ocrx_word' id='word_1_77' title='bbox 900 1179 992 1233; x_wconf 78' lang='grc' dir='ltr'>καὶ</span> <span class='ocrx_word' id='word_1_78' title='bbox 1044 1180 1170 1241; x_wconf 84' lang='grc' dir='ltr'>τοὺς</span> <span class='ocrx_word' id='word_1_79' title='bbox 1207 1177 1280 1249; x_wconf 79' lang='grc' dir='ltr'>μὴ</span> <span class='ocrx_word' id='word_1_80' title='bbox 1319 1177 1607 1240; x_wconf 76' lang='grc' dir='ltr'>τελοῦντας</span> <span class='ocrx_word' id='word_1_81' title='bbox 1638 1180 1717 1240; x_wconf 79' lang='grc' dir='ltr'>είς</span> <span class='ocrx_word' id='word_1_82' title='bbox 1741 1178 1832 1231; x_wconf 83' lang='grc' dir='ltr'>τὸν</span> <span class='ocrx_word' id='word_1_83' title='bbox 1867 1194 1958 1247; x_wconf 83' lang='grc' dir='ltr'>χο·</span> 
     </span>
    </p>
   </div>
   <div class='ocr_carea' id='block_1_12' title="bbox 293 1264 1960 1340">
    <p class='ocr_par' dir='ltr' id='par_1_12' title="bbox 293 1264 1960 1340">
     <span class='ocr_line' id='line_1_12' title="bbox 293 1264 1960 1340; baseline -0.003 -17"><span class='ocrx_word' id='word_1_84' title='bbox 293 1271 389 1340; x_wconf 80' lang='grc' dir='ltr'>ρδν</span> <span class='ocrx_word' id='word_1_85' title='bbox 438 1270 562 1329; x_wconf 56' lang='grc' dir='ltr'>,τῶν</span> <span class='ocrx_word' id='word_1_86' title='bbox 611 1268 853 1323; x_wconf 77' lang='grc' dir='ltr'>δώδεκαο</span> <span class='ocrx_word' id='word_1_87' title='bbox 914 1267 1048 1321; x_wconf 85' lang='grc' dir='ltr'>διότι</span> <span class='ocrx_word' id='word_1_88' title='bbox 1102 1266 1339 1336; x_wconf 75' lang='grc' dir='ltr'>μαθηταὶ</span> <span class='ocrx_word' id='word_1_89' title='bbox 1409 1265 1612 1329; x_wconf 86' lang='grc' dir='ltr'>πάντες</span> <span class='ocrx_word' id='word_1_90' title='bbox 1668 1264 1960 1318; x_wconf 78' lang='grc' dir='ltr'>ἐκαλοῦντο</span> 
     </span>
    </p>
   </div>
   <div class='ocr_carea' id='block_1_13' title="bbox 291 1350 1958 1427">
    <p class='ocr_par' dir='ltr' id='par_1_13' title="bbox 291 1350 1958 1427">
     <span class='ocr_line' id='line_1_13' title="bbox 291 1350 1958 1427; baseline -0.002 -17"><span class='ocrx_word' id='word_1_91' title='bbox 291 1357 412 1410; x_wconf 86' lang='grc' dir='ltr'>τότε</span> <span class='ocrx_word' id='word_1_92' title='bbox 445 1356 534 1409; x_wconf 70' lang='grc' dir='ltr'>διὰ</span> <span class='ocrx_word' id='word_1_93' title='bbox 562 1356 660 1427; x_wconf 77' lang='grc' dir='ltr'>τὴν</span> <span class='ocrx_word' id='word_1_94' title='bbox 695 1354 892 1425; x_wconf 80' lang='grc' dir='ltr'>πολλὴν</span> <span class='ocrx_word' id='word_1_95' title='bbox 926 1355 1126 1425; x_wconf 84' lang='grc' dir='ltr'>ἀρετήν</span> <span class='ocrx_word' id='word_1_96' title='bbox 1151 1370 1165 1384; x_wconf 72' lang='grc' dir='ltr'><strong>ο</strong></span> <span class='ocrx_word' id='word_1_97' title='bbox 1196 1350 1264 1424; x_wconf 85' lang='grc' dir='ltr'>ἦν</span> <span class='ocrx_word' id='word_1_98' title='bbox 1285 1352 1392 1423; x_wconf 76' lang='grc' dir='ltr'>γὰρ</span> <span class='ocrx_word' id='word_1_99' title='bbox 1419 1354 1452 1422; x_wconf 80' lang='grc' dir='ltr'><strong>ἡ</strong></span> <span class='ocrx_word' id='word_1_100' title='bbox 1490 1353 1654 1405; x_wconf 82' lang='grc' dir='ltr'>εἰκὼν</span> <span class='ocrx_word' id='word_1_101' title='bbox 1692 1352 1801 1406; x_wconf 89' lang='grc' dir='ltr'>τῶν</span> <span class='ocrx_word' id='word_1_102' title='bbox 1854 1371 1958 1422; x_wconf 82' lang='grc' dir='ltr'>μα-</span> 
     </span>
    </p>
   </div>
   <div class='ocr_carea' id='block_1_14' title="bbox 292 1439 1955 1513">
    <p class='ocr_par' dir='ltr' id='par_1_14' title="bbox 292 1439 1955 1513">
     <span class='ocr_line' id='line_1_14' title="bbox 292 1439 1955 1513; baseline -0.001 -19"><span class='ocrx_word' id='word_1_103' title='bbox 292 1443 478 1513; x_wconf 83' lang='grc' dir='ltr'>θητῶν</span> <span class='ocrx_word' id='word_1_104' title='bbox 521 1442 677 1512; x_wconf 86' lang='grc' dir='ltr'>δήλη.</span> <span class='ocrx_word' id='word_1_105' title='bbox 740 1441 849 1495; x_wconf 78' lang='grc' dir='ltr'>Καὶ</span> <span class='ocrx_word' id='word_1_106' title='bbox 892 1440 1114 1506; x_wconf 80' lang='grc' dir='ltr'>πάντες</span> <span class='ocrx_word' id='word_1_107' title='bbox 1163 1441 1489 1509; x_wconf 71' lang='grc' dir='ltr'>ἐφοϐοῦντο</span> <span class='ocrx_word' id='word_1_108' title='bbox 1532 1439 1738 1505; x_wconf 76' lang='grc' dir='ltr'>αὑτὸν,</span> <span class='ocrx_word' id='word_1_109' title='bbox 1773 1441 1955 1510; x_wconf 86' lang='grc' dir='ltr'>φησίν.</span> 
     </span>
    </p>
   </div>
   <div class='ocr_carea' id='block_1_15' title="bbox 292 1525 1960 1602">
    <p class='ocr_par' dir='ltr' id='par_1_15' title="bbox 292 1525 1960 1602">
     <span class='ocr_line' id='line_1_15' title="bbox 292 1525 1960 1602; baseline -0.004 -17"><span class='ocrx_word' id='word_1_110' title='bbox 292 1530 459 1602; x_wconf 88' lang='grc' dir='ltr'>Ὅρα,</span> <span class='ocrx_word' id='word_1_111' title='bbox 498 1532 612 1592; x_wconf 86' lang='grc' dir='ltr'>πῶς</span> <span class='ocrx_word' id='word_1_112' title='bbox 651 1529 940 1598; x_wconf 88' lang='grc' dir='ltr'>ἐφοϐοῦντο</span> <span class='ocrx_word' id='word_1_113' title='bbox 978 1529 1103 1590; x_wconf 82' lang='grc' dir='ltr'>τοὺς</span> <span class='ocrx_word' id='word_1_114' title='bbox 1146 1525 1458 1589; x_wconf 84' lang='grc' dir='ltr'>κινδύνους,</span> <span class='ocrx_word' id='word_1_115' title='bbox 1495 1526 1611 1589; x_wconf 81' lang='grc' dir='ltr'>πῶς</span> <span class='ocrx_word' id='word_1_116' title='bbox 1638 1526 1720 1579; x_wconf 75' lang='grc' dir='ltr'>ἔτι</span> <span class='ocrx_word' id='word_1_117' title='bbox 1753 1527 1813 1579; x_wconf 76' lang='grc' dir='ltr'>τὸ</span> <span class='ocrx_word' id='word_1_118' title='bbox 1843 1527 1960 1589; x_wconf 80' lang='grc' dir='ltr'>δέος</span> 
     </span>
    </p>
   </div>
   <div class='ocr_carea' id='block_1_16' title="bbox 291 1612 1959 1688">
    <p class='ocr_par' dir='ltr' id='par_1_16' title="bbox 291 1612 1959 1688">
     <span class='ocr_line' id='line_1_16' title="bbox 291 1612 1959 1688; baseline -0.003 -17"><span class='ocrx_word' id='word_1_119' title='bbox 291 1617 589 1688; x_wconf 71' lang='grc' dir='ltr'>ὶνήκμαζε.</span> <span class='ocrx_word' id='word_1_120' title='bbox 614 1615 925 1684; x_wconf 75' lang='grc' dir='ltr'>Βαρνάϐας</span> <span class='ocrx_word' id='word_1_121' title='bbox 956 1613 1022 1667; x_wconf 82' lang='grc' dir='ltr'>δὲ</span> <span class='ocrx_word' id='word_1_122' title='bbox 1053 1613 1483 1681; x_wconf 78' lang='grc' dir='ltr'>ἐπιλαϐόμενος</span> <span class='ocrx_word' id='word_1_123' title='bbox 1532 1612 1745 1674; x_wconf 78' lang='grc' dir='ltr'>αὐτοῦ,</span> <span class='ocrx_word' id='word_1_124' title='bbox 1775 1613 1959 1683; x_wconf 75' lang='grc' dir='ltr'>ἤγαγε</span> 
     </span>
    </p>
   </div>
   <div class='ocr_carea' id='block_1_17' title="bbox 293 1698 1960 1772">
    <p class='ocr_par' dir='ltr' id='par_1_17' title="bbox 293 1698 1960 1772">
     <span class='ocr_line' id='line_1_17' title="bbox 293 1698 1960 1772; baseline -0.003 -16"><span class='ocrx_word' id='word_1_125' title='bbox 293 1703 445 1772; x_wconf 78' lang='grc' dir='ltr'>πρὸς</span> <span class='ocrx_word' id='word_1_126' title='bbox 476 1702 612 1768; x_wconf 78' lang='grc' dir='ltr'>τοὺς</span> <span class='ocrx_word' id='word_1_127' title='bbox 640 1702 1041 1766; x_wconf 75' lang='grc' dir='ltr'>ἀποστόλους,</span> <span class='ocrx_word' id='word_1_128' title='bbox 1075 1700 1174 1754; x_wconf 81' lang='grc' dir='ltr'>καὶ</span> <span class='ocrx_word' id='word_1_129' title='bbox 1201 1698 1532 1768; x_wconf 76' lang='grc' dir='ltr'>διηγήσατο</span> <span class='ocrx_word' id='word_1_130' title='bbox 1557 1698 1778 1764; x_wconf 80' lang='grc' dir='ltr'>αὐτοῖς.</span> <span class='ocrx_word' id='word_1_131' title='bbox 1803 1698 1960 1766; x_wconf 73' lang='grc' dir='ltr'>Ἐμοὶ</span> 
     </span>
    </p>
   </div>
   <div class='ocr_carea' id='block_1_18' title="bbox 292 1786 1960 1858">
    <p class='ocr_par' dir='ltr' id='par_1_18' title="bbox 292 1786 1960 1858">
     <span class='ocr_line' id='line_1_18' title="bbox 292 1786 1960 1858; baseline -0.002 -16"><span class='ocrx_word' id='word_1_132' title='bbox 292 1790 440 1842; x_wconf 82' lang='grc' dir='ltr'>δοκεῖ</span> <span class='ocrx_word' id='word_1_133' title='bbox 474 1792 502 1842; x_wconf 94' lang='lat'>6</span> <span class='ocrx_word' id='word_1_134' title='bbox 532 1789 812 1858; x_wconf 84' lang='grc' dir='ltr'>Βαρνάϐας</span> <span class='ocrx_word' id='word_1_135' title='bbox 876 1787 1082 1841; x_wconf 79' lang='grc' dir='ltr'>ἀνωθεν</span> <span class='ocrx_word' id='word_1_136' title='bbox 1135 1788 1286 1857; x_wconf 85' lang='grc' dir='ltr'>αύτῷ</span> <span class='ocrx_word' id='word_1_137' title='bbox 1338 1786 1477 1844; x_wconf 82' lang='grc' dir='ltr'>εἶναι</span> <span class='ocrx_word' id='word_1_138' title='bbox 1524 1787 1711 1857; x_wconf 65' lang='grc' dir='ltr'>φίλος*</span> <span class='ocrx_word' id='word_1_139' title='bbox 1757 1787 1838 1840; x_wconf 86' lang='grc' dir='ltr'>διὸ</span> <span class='ocrx_word' id='word_1_140' title='bbox 1868 1787 1960 1841; x_wconf 72' lang='grc' dir='ltr'>καὶ</span> 
     </span>
    </p>
   </div>
   <div class='ocr_carea' id='block_1_19' title="bbox 294 1873 1959 1945">
    <p class='ocr_par' dir='ltr' id='par_1_19' title="bbox 294 1873 1959 1945">
     <span class='ocr_line' id='line_1_19' title="bbox 294 1873 1959 1945; baseline -0.003 -15"><span class='ocrx_word' id='word_1_141' title='bbox 294 1879 472 1930; x_wconf 85' lang='grc' dir='ltr'>πάντα</span> <span class='ocrx_word' id='word_1_142' title='bbox 506 1877 774 1945; x_wconf 83' lang='grc' dir='ltr'>διηγεῖται</span> <span class='ocrx_word' id='word_1_143' title='bbox 799 1876 869 1929; x_wconf 83' lang='grc' dir='ltr'>τὰ</span> <span class='ocrx_word' id='word_1_144' title='bbox 898 1876 1018 1929; x_wconf 81' lang='grc' dir='ltr'>κατ’</span> <span class='ocrx_word' id='word_1_145' title='bbox 1055 1876 1239 1929; x_wconf 83' lang='grc' dir='ltr'>αὐτόν.</span> <span class='ocrx_word' id='word_1_146' title='bbox 1263 1876 1427 1930; x_wconf 80' lang='grc' dir='ltr'>Οὐδὲν</span> <span class='ocrx_word' id='word_1_147' title='bbox 1450 1876 1507 1928; x_wconf 84' lang='grc' dir='ltr'>δὲ</span> <span class='ocrx_word' id='word_1_148' title='bbox 1535 1876 1737 1928; x_wconf 89' lang='grc' dir='ltr'>τούτων</span> <span class='ocrx_word' id='word_1_149' title='bbox 1799 1873 1959 1936; x_wconf 75' lang='grc' dir='ltr'>αὐτὸς</span> 
     </span>
    </p>
   </div>
   <div class='ocr_carea' id='block_1_20' title="bbox 292 1960 1958 2037">
    <p class='ocr_par' dir='ltr' id='par_1_20' title="bbox 292 1960 1958 2037">
     <span class='ocr_line' id='line_1_20' title="bbox 292 1960 1958 2037; baseline -0.001 -22"><span class='ocrx_word' id='word_1_150' title='bbox 292 1964 442 2032; x_wconf 61' lang='grc' dir='ltr'>λέγει</span> <span class='ocrx_word' id='word_1_151' title='bbox 465 1960 669 2037; x_wconf 66' lang='grc' dir='ltr'>’,οἶμαι</span> <span class='ocrx_word' id='word_1_152' title='bbox 702 1963 777 2027; x_wconf 84' lang='grc' dir='ltr'>δὲ,</span> <span class='ocrx_word' id='word_1_153' title='bbox 802 1964 883 2015; x_wconf 76' lang='grc' dir='ltr'>ὅτι</span> <span class='ocrx_word' id='word_1_154' title='bbox 917 1964 1009 2017; x_wconf 80' lang='grc' dir='ltr'>καὶ</span> <span class='ocrx_word' id='word_1_155' title='bbox 1029 1964 1108 2026; x_wconf 87' lang='grc' dir='ltr'>είς</span> <span class='ocrx_word' id='word_1_156' title='bbox 1132 1964 1258 2025; x_wconf 79' lang='grc' dir='ltr'>τοὺς</span> <span class='ocrx_word' id='word_1_157' title='bbox 1291 1963 1485 2026; x_wconf 76' lang='grc' dir='ltr'>ἄλλους</span> <span class='ocrx_word' id='word_1_158' title='bbox 1514 1963 1612 2016; x_wconf 87' lang='grc' dir='ltr'>οὑκ</span> <span class='ocrx_word' id='word_1_159' title='bbox 1640 1962 1705 2015; x_wconf 86' lang='grc' dir='ltr'>ἂν</span> <span class='ocrx_word' id='word_1_160' title='bbox 1733 1960 1958 2031; x_wconf 79' lang='grc' dir='ltr'>ἐξήνεγ-</span> 
     </span>
    </p>
   </div>
   <div class='ocr_carea' id='block_1_21' title="bbox 294 2045 1957 2120">
    <p class='ocr_par' dir='ltr' id='par_1_21' title="bbox 294 2045 1957 2120">
     <span class='ocr_line' id='line_1_21' title="bbox 294 2045 1957 2120; baseline -0.003 -17"><span class='ocrx_word' id='word_1_161' title='bbox 294 2067 390 2103; x_wconf 84' lang='grc' dir='ltr'>κεν</span> <span class='ocrx_word' id='word_1_162' title='bbox 425 2049 668 2120; x_wconf 75' lang='grc' dir='ltr'>ὕστερον,</span> <span class='ocrx_word' id='word_1_163' title='bbox 727 2050 775 2100; x_wconf 86' lang='grc' dir='ltr'>εί</span> <span class='ocrx_word' id='word_1_164' title='bbox 838 2049 912 2119; x_wconf 88' lang='grc' dir='ltr'>μή</span> <span class='ocrx_word' id='word_1_165' title='bbox 961 2064 1045 2111; x_wconf 89' lang='grc' dir='ltr'>τις</span> <span class='ocrx_word' id='word_1_166' title='bbox 1088 2048 1302 2118; x_wconf 85' lang='grc' dir='ltr'>ἀνάγκη</span> <span class='ocrx_word' id='word_1_167' title='bbox 1353 2047 1572 2116; x_wconf 88' lang='grc' dir='ltr'>γέγονεν</span> <span class='ocrx_word' id='word_1_168' title='bbox 1626 2046 1795 2115; x_wconf 81' lang='grc' dir='ltr'>αὐτῷ.</span> <span class='ocrx_word' id='word_1_169' title='bbox 1848 2045 1957 2100; x_wconf 73' lang='grc' dir='ltr'>Καὶ</span> 
     </span>
    </p>
   </div>
   <div class='ocr_carea' id='block_1_22' title="bbox 294 2133 1957 2205">
    <p class='ocr_par' dir='ltr' id='par_1_22' title="bbox 294 2133 1957 2205">
     <span class='ocr_line' id='line_1_22' title="bbox 294 2133 1957 2205; baseline -0.005 -13"><span class='ocrx_word' id='word_1_170' title='bbox 294 2133 372 2205; x_wconf 79' lang='grc' dir='ltr'>ἦν</span> <span class='ocrx_word' id='word_1_171' title='bbox 398 2139 518 2205; x_wconf 84' lang='grc' dir='ltr'>μετ’</span> <span class='ocrx_word' id='word_1_172' title='bbox 580 2136 777 2191; x_wconf 84' lang='grc' dir='ltr'>αὐτῶν</span> <span class='ocrx_word' id='word_1_173' title='bbox 820 2137 1318 2205; x_wconf 71' lang='grc' dir='ltr'>εἰσπορευόμενος</span> <span class='ocrx_word' id='word_1_174' title='bbox 1370 2138 1451 2201; x_wconf 78' lang='grc' dir='ltr'>εἰς</span> <span class='ocrx_word' id='word_1_175' title='bbox 1522 2133 1919 2202; x_wconf 72' lang='grc' dir='ltr'>Ἰερουσαλὴμ</span> <span class='ocrx_word' id='word_1_176' title='bbox 1940 2173 1957 2197; x_wconf 89' lang='grc'>,</span> 
     </span>
    </p>
   </div>
   <div class='ocr_carea' id='block_1_23' title="bbox 294 2221 1960 2293">
    <p class='ocr_par' dir='ltr' id='par_1_23' title="bbox 294 2221 1960 2293">
     <span class='ocr_line' id='line_1_23' title="bbox 294 2221 1960 2293; baseline -0.002 -15"><span class='ocrx_word' id='word_1_177' title='bbox 294 2226 392 2278; x_wconf 75' lang='grc' dir='ltr'>καὶ</span> <span class='ocrx_word' id='word_1_178' title='bbox 438 2223 984 2293; x_wconf 71' lang='grc' dir='ltr'>παρρησιαζόμενος</span> <span class='ocrx_word' id='word_1_179' title='bbox 1036 2227 1105 2276; x_wconf 83' lang='grc' dir='ltr'>ἐν</span> <span class='ocrx_word' id='word_1_180' title='bbox 1156 2221 1236 2288; x_wconf 83' lang='grc' dir='ltr'>τῷ</span> <span class='ocrx_word' id='word_1_181' title='bbox 1279 2223 1519 2289; x_wconf 85' lang='grc' dir='ltr'>ὀνόματι</span> <span class='ocrx_word' id='word_1_182' title='bbox 1579 2221 1686 2275; x_wconf 84' lang='grc' dir='ltr'>τοῦ</span> <span class='ocrx_word' id='word_1_183' title='bbox 1736 2222 1960 2289; x_wconf 80' lang='grc' dir='ltr'>Κυρίου</span> 
     </span>
    </p>
   </div>
   <div class='ocr_carea' id='block_1_24' title="bbox 306 2308 1960 2380">
    <p class='ocr_par' dir='ltr' id='par_1_24' title="bbox 306 2308 1960 2380">
     <span class='ocr_line' id='line_1_24' title="bbox 306 2308 1960 2380; baseline -0.005 -12"><span class='ocrx_word' id='word_1_184' title='bbox 306 2312 531 2380; x_wconf 82' lang='grc' dir='ltr'>Ἰησοῦ.</span> <span class='ocrx_word' id='word_1_185' title='bbox 566 2311 734 2364; x_wconf 80' lang='grc' dir='ltr'>Τοῦτο</span> <span class='ocrx_word' id='word_1_186' title='bbox 760 2312 786 2351; x_wconf 77' lang='lat' dir='ltr'><strong>b</strong></span> <span class='ocrx_word' id='word_1_187' title='bbox 816 2311 1043 2373; x_wconf 76' lang='grc' dir='ltr'>καὶτοῖς</span> <span class='ocrx_word' id='word_1_188' title='bbox 1074 2310 1254 2373; x_wconf 81' lang='grc' dir='ltr'>ἄλλοις</span> <span class='ocrx_word' id='word_1_189' title='bbox 1282 2309 1453 2363; x_wconf 77' lang='grc' dir='ltr'>ἐδίδου</span> <span class='ocrx_word' id='word_1_190' title='bbox 1497 2308 1738 2379; x_wconf 77' lang='grc' dir='ltr'>θαρρεῖν.</span> <span class='ocrx_word' id='word_1_191' title='bbox 1796 2308 1960 2378; x_wconf 81' lang='grc' dir='ltr'>Ὁρᾷς</span> 
     </span>
    </p>
   </div>
   <div class='ocr_carea' id='block_1_25' title="bbox 294 2395 1960 2468">
    <p class='ocr_par' dir='ltr' id='par_1_25' title="bbox 294 2395 1960 2468">
     <span class='ocr_line' id='line_1_25' title="bbox 294 2395 1960 2468; baseline -0.005 -13"><span class='ocrx_word' id='word_1_192' title='bbox 294 2401 391 2455; x_wconf 78' lang='grc' dir='ltr'>καὶ</span> <span class='ocrx_word' id='word_1_193' title='bbox 420 2401 539 2452; x_wconf 85' lang='grc' dir='ltr'>ἐκεῖ</span> <span class='ocrx_word' id='word_1_194' title='bbox 568 2399 664 2451; x_wconf 72' lang='grc' dir='ltr'>καὶ</span> <span class='ocrx_word' id='word_1_195' title='bbox 696 2397 928 2451; x_wconf 87' lang='grc' dir='ltr'>ἐνταῦθα</span> <span class='ocrx_word' id='word_1_196' title='bbox 953 2399 1079 2461; x_wconf 86' lang='grc' dir='ltr'>τοὺς</span> <span class='ocrx_word' id='word_1_197' title='bbox 1104 2397 1298 2460; x_wconf 77' lang='grc' dir='ltr'>ἄλλους</span> <span class='ocrx_word' id='word_1_198' title='bbox 1327 2396 1830 2468; x_wconf 88' lang='grc' dir='ltr'>προμηθουμένους,</span> <span class='ocrx_word' id='word_1_199' title='bbox 1866 2395 1960 2447; x_wconf 77' lang='grc' dir='ltr'>καὶ</span> 
     </span>
    </p>
   </div>
   <div class='ocr_carea' id='block_1_26' title="bbox 295 2480 1959 2550">
    <p class='ocr_par' dir='ltr' id='par_1_26' title="bbox 295 2480 1959 2550">
     <span class='ocr_line' id='line_1_26' title="bbox 295 2480 1959 2550; baseline -0.002 -13"><span class='ocrx_word' id='word_1_200' title='bbox 295 2482 801 2547; x_wconf 77' lang='grc' dir='ltr'>κατασκευάζοντας</span> <span class='ocrx_word' id='word_1_201' title='bbox 853 2482 992 2536; x_wconf 80' lang='grc' dir='ltr'>ὥστε</span> <span class='ocrx_word' id='word_1_202' title='bbox 1046 2481 1211 2536; x_wconf 78' lang='grc' dir='ltr'>αὑτὸν</span> <span class='ocrx_word' id='word_1_203' title='bbox 1269 2482 1543 2548; x_wconf 80' lang='grc' dir='ltr'>ἀπελθεῖν,</span> <span class='ocrx_word' id='word_1_204' title='bbox 1578 2482 1671 2535; x_wconf 77' lang='grc' dir='ltr'>καὶ</span> <span class='ocrx_word' id='word_1_205' title='bbox 1719 2480 1959 2550; x_wconf 81' lang='grc' dir='ltr'>οὐδαμοῦ</span> 
     </span>
    </p>
   </div>
   <div class='ocr_carea' id='block_1_27' title="bbox 292 2566 1959 2640">
    <p class='ocr_par' dir='ltr' id='par_1_27' title="bbox 292 2566 1959 2640">
     <span class='ocr_line' id='line_1_27' title="bbox 292 2566 1959 2640; baseline -0.002 -17"><span class='ocrx_word' id='word_1_206' title='bbox 292 2571 433 2633; x_wconf 86' lang='grc' dir='ltr'>τέως</span> <span class='ocrx_word' id='word_1_207' title='bbox 457 2570 799 2624; x_wconf 73' lang='grc' dir='ltr'>ἀπολαύοντα</span> <span class='ocrx_word' id='word_1_208' title='bbox 830 2569 992 2623; x_wconf 76' lang='grc' dir='ltr'>αὑτὸν</span> <span class='ocrx_word' id='word_1_209' title='bbox 1020 2568 1169 2632; x_wconf 84' lang='grc' dir='ltr'>θείας</span> <span class='ocrx_word' id='word_1_210' title='bbox 1199 2568 1409 2640; x_wconf 73' lang='grc' dir='ltr'>ροπῆςς</span> <span class='ocrx_word' id='word_1_211' title='bbox 1441 2568 1597 2623; x_wconf 78' lang='grc' dir='ltr'>Οὕτω</span> <span class='ocrx_word' id='word_1_212' title='bbox 1629 2568 1759 2637; x_wconf 89' lang='grc' dir='ltr'>γοῦν</span> <span class='ocrx_word' id='word_1_213' title='bbox 1795 2566 1959 2622; x_wconf 84' lang='grc' dir='ltr'>αὑτοῦ</span> 
     </span>
    </p>
   </div>
   <div class='ocr_carea' id='block_1_28' title="bbox 292 2655 1959 2726">
    <p class='ocr_par' dir='ltr' id='par_1_28' title="bbox 292 2655 1959 2726">
     <span class='ocr_line' id='line_1_28' title="bbox 292 2655 1959 2726; baseline -0.001 -15"><span class='ocrx_word' id='word_1_214' title='bbox 292 2658 568 2711; x_wconf 75' lang='grc' dir='ltr'>δείκνυται</span> <span class='ocrx_word' id='word_1_215' title='bbox 621 2660 714 2711; x_wconf 73' lang='grc' dir='ltr'>καὶ</span> <span class='ocrx_word' id='word_1_216' title='bbox 762 2658 824 2710; x_wconf 84' lang='grc' dir='ltr'>τὸ</span> <span class='ocrx_word' id='word_1_217' title='bbox 877 2656 1125 2726; x_wconf 88' lang='grc' dir='ltr'>σφοδρόν.</span> <span class='ocrx_word' id='word_1_218' title='bbox 1156 2656 1318 2709; x_wconf 81' lang='grc' dir='ltr'>Ὥστε</span> <span class='ocrx_word' id='word_1_219' title='bbox 1351 2656 1413 2709; x_wconf 87' lang='grc' dir='ltr'>ού</span> <span class='ocrx_word' id='word_1_220' title='bbox 1442 2655 1531 2709; x_wconf 79' lang='grc' dir='ltr'>διὰ</span> <span class='ocrx_word' id='word_1_221' title='bbox 1556 2656 1660 2726; x_wconf 89' lang='grc' dir='ltr'>γῆς</span> <span class='ocrx_word' id='word_1_222' title='bbox 1703 2657 1828 2726; x_wconf 78' lang='grc' dir='ltr'>ἐμοὶ</span> <span class='ocrx_word' id='word_1_223' title='bbox 1871 2656 1959 2709; x_wconf 83' lang='grc' dir='ltr'>δο-</span> 
     </span>
    </p>
   </div>
   <div class='ocr_carea' id='block_1_29' title="bbox 293 2742 1959 2816">
    <p class='ocr_par' dir='ltr' id='par_1_29' title="bbox 293 2742 1959 2816">
     <span class='ocr_line' id='line_1_29' title="bbox 293 2742 1959 2816; baseline -0.002 -18"><span class='ocrx_word' id='word_1_224' title='bbox 293 2748 380 2799; x_wconf 88' lang='grc' dir='ltr'>κεῖ</span> <span class='ocrx_word' id='word_1_225' title='bbox 423 2744 525 2815; x_wconf 75' lang='grc' dir='ltr'>τὴν</span> <span class='ocrx_word' id='word_1_226' title='bbox 570 2744 797 2816; x_wconf 86' lang='grc' dir='ltr'>πορείαν</span> <span class='ocrx_word' id='word_1_227' title='bbox 830 2745 992 2797; x_wconf 77' lang='grc' dir='ltr'>αὐτὸν</span> <span class='ocrx_word' id='word_1_228' title='bbox 1025 2743 1313 2806; x_wconf 87' lang='grc' dir='ltr'>ποιεῖσθαι,</span> <span class='ocrx_word' id='word_1_229' title='bbox 1347 2742 1482 2797; x_wconf 83' lang='grc' dir='ltr'>ἀλλὰ</span> <span class='ocrx_word' id='word_1_230' title='bbox 1514 2743 1609 2797; x_wconf 77' lang='grc' dir='ltr'>καὶ</span> <span class='ocrx_word' id='word_1_231' title='bbox 1644 2742 1798 2796; x_wconf 75' lang='grc' dir='ltr'>ἔπλει</span> <span class='ocrx_word' id='word_1_232' title='bbox 1848 2743 1959 2794; x_wconf 89' lang='grc' dir='ltr'>λοι-</span> 
     </span>
    </p>
   </div>
   <div class='ocr_carea' id='block_1_30' title="bbox 291 2830 1961 2900">
    <p class='ocr_par' dir='ltr' id='par_1_30' title="bbox 291 2830 1961 2900">
     <span class='ocr_line' id='line_1_30' title="bbox 291 2830 1961 2900; baseline 0 -18"><span class='ocrx_word' id='word_1_233' title='bbox 291 2832 418 2885; x_wconf 88' lang='grc' dir='ltr'>πόν.</span> <span class='ocrx_word' id='word_1_234' title='bbox 450 2832 562 2886; x_wconf 77' lang='grc' dir='ltr'>Καὶ</span> <span class='ocrx_word' id='word_1_235' title='bbox 594 2831 754 2886; x_wconf 86' lang='grc' dir='ltr'>τοῦτο</span> <span class='ocrx_word' id='word_1_236' title='bbox 779 2831 837 2885; x_wconf 84' lang='grc' dir='ltr'>δὲ</span> <span class='ocrx_word' id='word_1_237' title='bbox 889 2830 1243 2900; x_wconf 85' lang='grc' dir='ltr'>οἰκονομικῶς</span> <span class='ocrx_word' id='word_1_238' title='bbox 1279 2830 1507 2898; x_wconf 88' lang='grc' dir='ltr'>γίνεται,</span> <span class='ocrx_word' id='word_1_239' title='bbox 1543 2833 1623 2893; x_wconf 87' lang='grc' dir='ltr'>είς</span> <span class='ocrx_word' id='word_1_240' title='bbox 1685 2831 1745 2883; x_wconf 62' lang='grc' dir='ltr'>τδ</span> <span class='ocrx_word' id='word_1_241' title='bbox 1801 2830 1961 2882; x_wconf 81' lang='grc' dir='ltr'>αὐτὸν</span> 
     </span>
    </p>
   </div>
   <div class='ocr_carea' id='block_1_31' title="bbox 291 2916 1960 2990">
    <p class='ocr_par' dir='ltr' id='par_1_31' title="bbox 291 2916 1960 2990">
     <span class='ocr_line' id='line_1_31' title="bbox 291 2916 1960 2990; baseline -0.002 -18"><span class='ocrx_word' id='word_1_242' title='bbox 291 2920 390 2973; x_wconf 76' lang='grc' dir='ltr'>καὶ</span> <span class='ocrx_word' id='word_1_243' title='bbox 419 2921 537 2974; x_wconf 88' lang='grc' dir='ltr'>ἐκεῖ</span> <span class='ocrx_word' id='word_1_244' title='bbox 569 2919 827 2990; x_wconf 81' lang='grc' dir='ltr'>κηρῦξαι.</span> <span class='ocrx_word' id='word_1_245' title='bbox 868 2919 1013 2988; x_wconf 80' lang='grc' dir='ltr'>Ἀρα</span> <span class='ocrx_word' id='word_1_246' title='bbox 1041 2918 1134 2971; x_wconf 84' lang='grc' dir='ltr'>καί</span> <span class='ocrx_word' id='word_1_247' title='bbox 1164 2919 1220 2970; x_wconf 79' lang='grc' dir='ltr'>αἱ</span> <span class='ocrx_word' id='word_1_248' title='bbox 1249 2916 1533 2970; x_wconf 74' lang='grc' dir='ltr'>ἐπιϐουλαὶ</span> <span class='ocrx_word' id='word_1_249' title='bbox 1560 2917 1702 2987; x_wconf 82' lang='grc' dir='ltr'>ὑπὲρ</span> <span class='ocrx_word' id='word_1_250' title='bbox 1759 2916 1960 2980; x_wconf 79' lang='grc' dir='ltr'>αὐτῶν,</span> 
     </span>
    </p>
   </div>
   <div class='ocr_carea' id='block_1_32' title="bbox 291 3006 1961 3077">
    <p class='ocr_par' dir='ltr' id='par_1_32' title="bbox 291 3006 1961 3077">
     <span class='ocr_line' id='line_1_32' title="bbox 291 3006 1961 3077; baseline -0.002 -15"><span class='ocrx_word' id='word_1_251' title='bbox 291 3010 390 3062; x_wconf 78' lang='grc' dir='ltr'>καὶ</span> <span class='ocrx_word' id='word_1_252' title='bbox 421 3008 484 3062; x_wconf 83' lang='grc' dir='ltr'>τὸ</span> <span class='ocrx_word' id='word_1_253' title='bbox 507 3009 588 3070; x_wconf 87' lang='grc' dir='ltr'>εἰς</span> <span class='ocrx_word' id='word_1_254' title='bbox 629 3006 978 3077; x_wconf 86' lang='grc' dir='ltr'>Ἱεροσόλυμα</span> <span class='ocrx_word' id='word_1_255' title='bbox 1016 3006 1191 3060; x_wconf 87' lang='grc' dir='ltr'>ἐλθεῖν</span> <span class='ocrx_word' id='word_1_256' title='bbox 1238 3006 1613 3076; x_wconf 81' lang='grc' dir='ltr'>οἰκονομικῶς,</span> <span class='ocrx_word' id='word_1_257' title='bbox 1643 3007 1728 3060; x_wconf 87' lang='grc' dir='ltr'>ῖνα</span> <span class='ocrx_word' id='word_1_258' title='bbox 1766 3007 1961 3076; x_wconf 80' lang='grc' dir='ltr'>μηκέτι</span> 
     </span>
    </p>
   </div>
   <div class='ocr_carea' id='block_1_33' title="bbox 287 3091 1960 3163">
    <p class='ocr_par' dir='ltr' id='par_1_33' title="bbox 287 3091 1960 3163">
     <span class='ocr_line' id='line_1_33' title="bbox 287 3091 1960 3163; baseline -0.002 -14"><span class='ocrx_word' id='word_1_259' title='bbox 287 3094 600 3163; x_wconf 85' lang='grc' dir='ltr'>άπιστῆται</span> <span class='ocrx_word' id='word_1_260' title='bbox 628 3093 697 3146; x_wconf 75' lang='grc' dir='ltr'>τά</span> <span class='ocrx_word' id='word_1_261' title='bbox 724 3092 841 3146; x_wconf 87' lang='grc' dir='ltr'>κατ’</span> <span class='ocrx_word' id='word_1_262' title='bbox 889 3093 1072 3146; x_wconf 84' lang='grc' dir='ltr'>αὐτόν.</span> <span class='ocrx_word' id='word_1_263' title='bbox 1125 3092 1364 3146; x_wconf 83' lang='grc' dir='ltr'>Ἐλάλει</span> <span class='ocrx_word' id='word_1_264' title='bbox 1401 3109 1466 3145; x_wconf 87' lang='grc' dir='ltr'>τε</span> <span class='ocrx_word' id='word_1_265' title='bbox 1509 3093 1606 3146; x_wconf 75' lang='grc' dir='ltr'>καὶ</span> <span class='ocrx_word' id='word_1_266' title='bbox 1653 3091 1960 3158; x_wconf 71' lang='grc' dir='ltr'>συνεζήτει</span> 
     </span>
    </p>
   </div>
   <div class='ocr_carea' id='block_1_34' title="bbox 282 3175 1961 3249">
    <p class='ocr_par' dir='ltr' id='par_1_34' title="bbox 282 3175 1961 3249">
     <span class='ocr_line' id='line_1_34' title="bbox 282 3175 1961 3249; baseline -0.001 -16"><span class='ocrx_word' id='word_1_267' title='bbox 282 3180 449 3247; x_wconf 72' lang='grc' dir='ltr'>,πρὸς</span> <span class='ocrx_word' id='word_1_268' title='bbox 476 3178 619 3243; x_wconf 80' lang='grc' dir='ltr'>τοὺς</span> <span class='ocrx_word' id='word_1_269' title='bbox 657 3178 1071 3246; x_wconf 76' lang='grc' dir='ltr'>Ἑλληνιστάς.</span> <span class='ocrx_word' id='word_1_270' title='bbox 1124 3179 1232 3233; x_wconf 82' lang='grc' dir='ltr'>Καὶ</span> <span class='ocrx_word' id='word_1_271' title='bbox 1282 3175 1467 3248; x_wconf 80' lang='grc' dir='ltr'>εἶχον,</span> <span class='ocrx_word' id='word_1_272' title='bbox 1499 3180 1690 3249; x_wconf 67' lang='grc' dir='ltr'>φησὶν,</span> <span class='ocrx_word' id='word_1_273' title='bbox 1715 3178 1961 3247; x_wconf 74' lang='grc' dir='ltr'>εἰρήνην</span> 
     </span>
    </p>
   </div>
   <div class='ocr_carea' id='block_1_35' title="bbox 285 3265 1960 3335">
    <p class='ocr_par' dir='ltr' id='par_1_35' title="bbox 285 3265 1960 3335">
     <span class='ocr_line' id='line_1_35' title="bbox 285 3265 1960 3335; baseline -0.001 -14"><span class='ocrx_word' id='word_1_274' title='bbox 285 3271 348 3321; x_wconf 80' lang='grc' dir='ltr'>αι</span> <span class='ocrx_word' id='word_1_275' title='bbox 392 3267 771 3332; x_wconf 79' lang='grc' dir='ltr'>Ἑκκλησίαι,</span> <span class='ocrx_word' id='word_1_276' title='bbox 808 3266 1295 3335; x_wconf 71' lang='grc' dir='ltr'>οἰκοδομούμενοι</span> <span class='ocrx_word' id='word_1_277' title='bbox 1324 3268 1423 3320; x_wconf 76' lang='grc' dir='ltr'>καὶ</span> <span class='ocrx_word' id='word_1_278' title='bbox 1454 3268 1845 3335; x_wconf 82' lang='grc' dir='ltr'>πορευόμεναι</span> <span class='ocrx_word' id='word_1_279' title='bbox 1880 3265 1960 3332; x_wconf 85' lang='grc' dir='ltr'>τῷ</span> 
     </span>
    </p>
   </div>
   <div class='ocr_carea' id='block_1_36' title="bbox 290 3354 1958 3427">
    <p class='ocr_par' dir='ltr' id='par_1_36' title="bbox 290 3354 1958 3427">
     <span class='ocr_line' id='line_1_36' title="bbox 290 3354 1958 3427; baseline -0.001 -18"><span class='ocrx_word' id='word_1_280' title='bbox 290 3356 457 3427; x_wconf 68' lang='grc' dir='ltr'>φόϐῳ</span> <span class='ocrx_word' id='word_1_281' title='bbox 480 3354 590 3408; x_wconf 87' lang='grc' dir='ltr'>τοῦ</span> <span class='ocrx_word' id='word_1_282' title='bbox 617 3355 869 3421; x_wconf 78' lang='grc' dir='ltr'>Κυρίου·</span> <span class='ocrx_word' id='word_1_283' title='bbox 896 3355 1189 3417; x_wconf 83' lang='grc' dir='ltr'>τουτέστιν,</span> <span class='ocrx_word' id='word_1_284' title='bbox 1225 3354 1467 3426; x_wconf 77' lang='grc' dir='ltr'>ηὔξησαν</span> <span class='ocrx_word' id='word_1_285' title='bbox 1502 3356 1596 3409; x_wconf 75' lang='grc' dir='ltr'>καὶ</span> <span class='ocrx_word' id='word_1_286' title='bbox 1653 3356 1754 3427; x_wconf 84' lang='grc' dir='ltr'>τὴν</span> <span class='ocrx_word' id='word_1_287' title='bbox 1803 3356 1958 3426; x_wconf 61' lang='grc' dir='ltr'>είρήά</span> 
     </span>
    </p>
   </div>
   <div class='ocr_carea' id='block_1_37' title="bbox 290 3439 1954 3513">
    <p class='ocr_par' dir='ltr' id='par_1_37' title="bbox 290 3439 1954 3513">
     <span class='ocr_line' id='line_1_37' title="bbox 290 3439 1954 3513; baseline 0.001 -18"><span class='ocrx_word' id='word_1_288' title='bbox 290 3458 391 3511; x_wconf 80' lang='grc' dir='ltr'>νην</span> <span class='ocrx_word' id='word_1_289' title='bbox 442 3439 614 3511; x_wconf 81' lang='grc' dir='ltr'>αὐτὴν</span> <span class='ocrx_word' id='word_1_290' title='bbox 659 3440 834 3508; x_wconf 80' lang='grc' dir='ltr'>δήπου</span> <span class='ocrx_word' id='word_1_291' title='bbox 894 3441 1031 3511; x_wconf 87' lang='grc' dir='ltr'>πρὸς</span> <span class='ocrx_word' id='word_1_292' title='bbox 1077 3441 1295 3512; x_wconf 75' lang='grc' dir='ltr'>ἑαυτὴν,</span> <span class='ocrx_word' id='word_1_293' title='bbox 1345 3441 1445 3512; x_wconf 85' lang='grc' dir='ltr'>τὴν</span> <span class='ocrx_word' id='word_1_294' title='bbox 1493 3441 1661 3504; x_wconf 76' lang='grc' dir='ltr'>ὅντως</span> <span class='ocrx_word' id='word_1_295' title='bbox 1715 3444 1954 3513; x_wconf 85' lang='grc' dir='ltr'>είρήνην.</span> 
     </span>
    </p>
   </div>
   <div class='ocr_carea' id='block_1_38' title="bbox 290 3523 1959 3595">
    <p class='ocr_par' dir='ltr' id='par_1_38' title="bbox 290 3523 1959 3595">
     <span class='ocr_line' id='line_1_38' title="bbox 290 3523 1959 3595; baseline 0.002 -19"><span class='ocrx_word' id='word_1_296' title='bbox 290 3524 567 3586; x_wconf 75' lang='grc' dir='ltr'>Εἰκότως·</span> <span class='ocrx_word' id='word_1_297' title='bbox 603 3523 810 3593; x_wconf 80' lang='grc' dir='ltr'>σφόδρα</span> <span class='ocrx_word' id='word_1_298' title='bbox 861 3526 969 3595; x_wconf 77' lang='grc' dir='ltr'>γὰρ</span> <span class='ocrx_word' id='word_1_299' title='bbox 1018 3524 1214 3587; x_wconf 79' lang='grc' dir='ltr'>αὐτοὺς</span> <span class='ocrx_word' id='word_1_300' title='bbox 1268 3525 1297 3576; x_wconf 97' lang='lat'>6</span> <span class='ocrx_word' id='word_1_301' title='bbox 1341 3524 1574 3595; x_wconf 84' lang='grc' dir='ltr'>πόλεμος</span> <span class='ocrx_word' id='word_1_302' title='bbox 1624 3525 1903 3579; x_wconf 80' lang='grc' dir='ltr'>ἐκάκωσεν</span> <span class='ocrx_word' id='word_1_303' title='bbox 1930 3529 1959 3580; x_wconf 91' lang='grc' dir='ltr'><em>ὀ</em></span> 
     </span>
    </p>
   </div>
   <div class='ocr_carea' id='block_1_39' title="bbox 289 3611 1959 3682">
    <p class='ocr_par' dir='ltr' id='par_1_39' title="bbox 289 3611 1959 3682">
     <span class='ocr_line' id='line_1_39' title="bbox 289 3611 1959 3682; baseline 0.001 -17"><span class='ocrx_word' id='word_1_304' title='bbox 289 3611 514 3679; x_wconf 69' lang='grc' dir='ltr'>ἔξωθεν.</span> <span class='ocrx_word' id='word_1_305' title='bbox 560 3612 668 3667; x_wconf 80' lang='grc' dir='ltr'>Καὶ</span> <span class='ocrx_word' id='word_1_306' title='bbox 712 3611 790 3679; x_wconf 75' lang='grc' dir='ltr'>τῇ</span> <span class='ocrx_word' id='word_1_307' title='bbox 821 3611 1198 3679; x_wconf 70' lang='grc' dir='ltr'>παρακλήσει</span> <span class='ocrx_word' id='word_1_308' title='bbox 1247 3611 1354 3665; x_wconf 90' lang='grc' dir='ltr'>τοῦ</span> <span class='ocrx_word' id='word_1_309' title='bbox 1396 3613 1567 3682; x_wconf 77' lang='grc' dir='ltr'>ἁγίου</span> <span class='ocrx_word' id='word_1_310' title='bbox 1615 3614 1959 3680; x_wconf 84' lang='grc' dir='ltr'>Πνεύματος</span> 
     </span>
    </p>
   </div>
   <div class='ocr_carea' id='block_1_40' title="bbox 289 3696 1960 3768">
    <p class='ocr_par' dir='ltr' id='par_1_40' title="bbox 289 3696 1960 3768">
     <span class='ocr_line' id='line_1_40' title="bbox 289 3696 1960 3768; baseline 0 -16"><span class='ocrx_word' id='word_1_311' title='bbox 289 3699 728 3766; x_wconf 76' lang='grc' dir='ltr'>ἐπληθύνοντο.</span> <span class='ocrx_word' id='word_1_312' title='bbox 756 3698 1063 3768; x_wconf 89' lang='grc' dir='ltr'>Παρεκάλει</span> <span class='ocrx_word' id='word_1_313' title='bbox 1096 3699 1294 3761; x_wconf 77' lang='grc' dir='ltr'>αὐτοὺς</span> <span class='ocrx_word' id='word_1_314' title='bbox 1320 3708 1343 3738; x_wconf 75' lang='grc' dir='ltr'><strong>ο</strong></span> <span class='ocrx_word' id='word_1_315' title='bbox 1379 3699 1442 3751; x_wconf 84' lang='grc' dir='ltr'>τὸ</span> <span class='ocrx_word' id='word_1_316' title='bbox 1499 3696 1723 3768; x_wconf 82' lang='grc' dir='ltr'>Πνεῦμα</span> <span class='ocrx_word' id='word_1_317' title='bbox 1751 3699 1845 3752; x_wconf 74' lang='grc' dir='ltr'>καὶ</span> <span class='ocrx_word' id='word_1_318' title='bbox 1869 3698 1960 3753; x_wconf 87' lang='grc' dir='ltr'>διὰ</span> 
     </span>
    </p>
   </div>
   <div class='ocr_carea' id='block_1_41' title="bbox 290 3784 1960 3857">
    <p class='ocr_par' dir='ltr' id='par_1_41' title="bbox 290 3784 1960 3857">
     <span class='ocr_line' id='line_1_41' title="bbox 290 3784 1960 3857; baseline -0.001 -18"><span class='ocrx_word' id='word_1_319' title='bbox 290 3786 400 3839; x_wconf 88' lang='grc' dir='ltr'>τῶν</span> <span class='ocrx_word' id='word_1_320' title='bbox 426 3785 742 3856; x_wconf 86' lang='grc' dir='ltr'>θαυμάτων,</span> <span class='ocrx_word' id='word_1_321' title='bbox 772 3787 869 3838; x_wconf 75' lang='grc' dir='ltr'>καὶ</span> <span class='ocrx_word' id='word_1_322' title='bbox 900 3784 988 3838; x_wconf 75' lang='grc' dir='ltr'>διὰ</span> <span class='ocrx_word' id='word_1_323' title='bbox 1017 3784 1126 3838; x_wconf 88' lang='grc' dir='ltr'>τῶν</span> <span class='ocrx_word' id='word_1_324' title='bbox 1155 3785 1333 3857; x_wconf 75' lang='grc' dir='ltr'>ἔργων</span> <span class='ocrx_word' id='word_1_325' title='bbox 1353 3798 1368 3812; x_wconf 86' lang='grc'>⁶</span> <span class='ocrx_word' id='word_1_326' title='bbox 1401 3786 1495 3838; x_wconf 78' lang='grc' dir='ltr'>καὶ</span> <span class='ocrx_word' id='word_1_327' title='bbox 1523 3785 1693 3854; x_wconf 76' lang='grc' dir='ltr'>χωρὶς</span> <span class='ocrx_word' id='word_1_328' title='bbox 1734 3785 1794 3838; x_wconf 84' lang='grc' dir='ltr'>δὲ</span> <span class='ocrx_word' id='word_1_329' title='bbox 1834 3785 1960 3838; x_wconf 88' lang='grc' dir='ltr'>τού-</span> 
     </span>
    </p>
   </div>
   <div class='ocr_carea' id='block_1_42' title="bbox 288 3871 1960 3941">
    <p class='ocr_par' dir='ltr' id='par_1_42' title="bbox 288 3871 1960 3941">
     <span class='ocr_line' id='line_1_42' title="bbox 288 3871 1960 3941; baseline 0.002 -18"><span class='ocrx_word' id='word_1_330' title='bbox 288 3890 418 3933; x_wconf 86' lang='grc' dir='ltr'>των,</span> <span class='ocrx_word' id='word_1_331' title='bbox 474 3873 571 3926; x_wconf 78' lang='grc' dir='ltr'>καὶ</span> <span class='ocrx_word' id='word_1_332' title='bbox 616 3871 739 3925; x_wconf 78' lang='grc' dir='ltr'>καθ’</span> <span class='ocrx_word' id='word_1_333' title='bbox 794 3872 983 3925; x_wconf 79' lang='grc' dir='ltr'>ἑαυτὸν</span> <span class='ocrx_word' id='word_1_334' title='bbox 1031 3872 1276 3927; x_wconf 69' lang='grc' dir='ltr'>ἕκαστον.</span> <span class='ocrx_word' id='word_1_335' title='bbox 1328 3872 1587 3940; x_wconf 69' lang='grc' dir='ltr'>Ἐγένετο</span> <span class='ocrx_word' id='word_1_336' title='bbox 1630 3871 1699 3923; x_wconf 83' lang='grc' dir='ltr'>δὲ</span> <span class='ocrx_word' id='word_1_337' title='bbox 1736 3873 1960 3941; x_wconf 85' lang='grc' dir='ltr'>Πέτρον</span> 
     </span>
    </p>
   </div>
   <div class='ocr_carea' id='block_1_43' title="bbox 289 3954 1967 4031">
    <p class='ocr_par' dir='ltr' id='par_1_43' title="bbox 289 3954 1967 4031">
     <span class='ocr_line' id='line_1_43' title="bbox 289 3954 1967 4031; baseline 0.001 -19"><span class='ocrx_word' id='word_1_338' title='bbox 289 3958 681 4031; x_wconf 82' lang='grc' dir='ltr'>διερχόμενον</span> <span class='ocrx_word' id='word_1_339' title='bbox 728 3959 1038 4013; x_wconf 78' lang='grc' dir='ltr'>κατελθεῖν</span> <span class='ocrx_word' id='word_1_340' title='bbox 1080 3958 1230 4026; x_wconf 80' lang='grc' dir='ltr'>πρὸς</span> <span class='ocrx_word' id='word_1_341' title='bbox 1258 3957 1518 4013; x_wconf 84' lang='grc' dir='ltr'>Λύδδαν.</span> <span class='ocrx_word' id='word_1_342' title='bbox 1562 3954 1718 4027; x_wconf 79' lang='grc' dir='ltr'>Εὗρε</span> <span class='ocrx_word' id='word_1_343' title='bbox 1743 3958 1812 4012; x_wconf 82' lang='grc' dir='ltr'>δὲ</span> <span class='ocrx_word' id='word_1_344' title='bbox 1836 3959 1967 4013; x_wconf 81' lang='grc' dir='ltr'>ἐκεῖ</span> 
     </span>
    </p>
   </div>
   <div class='ocr_carea' id='block_1_44' title="bbox 291 4040 1957 4118">
    <p class='ocr_par' dir='ltr' id='par_1_44' title="bbox 291 4040 1957 4118">
     <span class='ocr_line' id='line_1_44' title="bbox 291 4040 1957 4118; baseline -0.002 -15"><span class='ocrx_word' id='word_1_345' title='bbox 291 4049 612 4118; x_wconf 72' lang='grc' dir='ltr'>ἄνθρωπον</span> <span class='ocrx_word' id='word_1_346' title='bbox 655 4046 1115 4114; x_wconf 79' lang='grc' dir='ltr'>κατακείμενον,</span> <span class='ocrx_word' id='word_1_347' title='bbox 1168 4045 1267 4099; x_wconf 80' lang='grc' dir='ltr'>καὶ</span> <span class='ocrx_word' id='word_1_348' title='bbox 1312 4040 1483 4099; x_wconf 78' lang='grc' dir='ltr'>εἶπεν</span> <span class='ocrx_word' id='word_1_349' title='bbox 1532 4044 1722 4111; x_wconf 83' lang='grc' dir='ltr'>αὐτῷ·</span> <span class='ocrx_word' id='word_1_350' title='bbox 1758 4045 1957 4110; x_wconf 75' lang='grc' dir='ltr'>Αἰνέα,</span> 
     </span>
    </p>
   </div>
   <div class='ocr_carea' id='block_1_45' title="bbox 294 4130 1958 4204">
    <p class='ocr_par' dir='ltr' id='par_1_45' title="bbox 294 4130 1958 4204">
     <span class='ocr_line' id='line_1_45' title="bbox 294 4130 1958 4204; baseline -0.001 -15"><span class='ocrx_word' id='word_1_351' title='bbox 294 4135 452 4188; x_wconf 70' lang='lat' dir='ltr'>Idm!</span> <span class='ocrx_word' id='word_1_352' title='bbox 477 4151 554 4189; x_wconf 92' lang='grc' dir='ltr'>σε</span> <span class='ocrx_word' id='word_1_353' title='bbox 590 4131 878 4200; x_wconf 85' lang='grc' dir='ltr'>Ἰησοῦςό</span> <span class='ocrx_word' id='word_1_354' title='bbox 904 4131 1173 4200; x_wconf 85' lang='grc' dir='ltr'>Χριστός.</span> <span class='ocrx_word' id='word_1_355' title='bbox 1201 4130 1352 4204; x_wconf 80' lang='grc'>[175]</span> <span class='ocrx_word' id='word_1_356' title='bbox 1382 4132 1494 4185; x_wconf 81' lang='grc' dir='ltr'>Ούκ</span> <span class='ocrx_word' id='word_1_357' title='bbox 1517 4131 1958 4202; x_wconf 76' lang='grc' dir='ltr'>ἐπιδεικνυμένου</span> 
     </span>
    </p>
   </div>
   <div class='ocr_carea' id='block_1_46' title="bbox 290 4217 1959 4294">
    <p class='ocr_par' dir='ltr' id='par_1_46' title="bbox 290 4217 1959 4294">
     <span class='ocr_line' id='line_1_46' title="bbox 290 4217 1959 4294; baseline -0.001 -20"><span class='ocrx_word' id='word_1_358' title='bbox 290 4222 351 4274; x_wconf 77' lang='grc' dir='ltr'>τὸ</span> <span class='ocrx_word' id='word_1_359' title='bbox 385 4223 565 4294; x_wconf 71' lang='grc' dir='ltr'>ῥῆμα,</span> <span class='ocrx_word' id='word_1_360' title='bbox 594 4220 729 4274; x_wconf 87' lang='grc' dir='ltr'>ἀλλά</span> <span class='ocrx_word' id='word_1_361' title='bbox 753 4218 1089 4289; x_wconf 68' lang='grc' dir='ltr'>θαρροῦντος</span> <span class='ocrx_word' id='word_1_362' title='bbox 1117 4219 1199 4272; x_wconf 82' lang='grc' dir='ltr'>ὅτι</span> <span class='ocrx_word' id='word_1_363' title='bbox 1247 4217 1421 4271; x_wconf 75' lang='grc' dir='ltr'>ἔσται.</span> <span class='ocrx_word' id='word_1_364' title='bbox 1464 4219 1616 4289; x_wconf 74' lang='grc' dir='ltr'>Ἐμοὶ</span> <span class='ocrx_word' id='word_1_365' title='bbox 1664 4219 1722 4271; x_wconf 83' lang='grc' dir='ltr'>δὲ</span> <span class='ocrx_word' id='word_1_366' title='bbox 1756 4220 1959 4288; x_wconf 88' lang='grc' dir='ltr'>σφόδρα</span> 
     </span>
    </p>
   </div>
   <div class='ocr_carea' id='block_1_47' title="bbox 290 4304 1960 4375">
    <p class='ocr_par' dir='ltr' id='par_1_47' title="bbox 290 4304 1960 4375">
     <span class='ocr_line' id='line_1_47' title="bbox 290 4304 1960 4375; baseline -0.002 -14"><span class='ocrx_word' id='word_1_367' title='bbox 290 4307 457 4374; x_wconf 78' lang='grc' dir='ltr'>δοκεῖ,</span> <span class='ocrx_word' id='word_1_368' title='bbox 489 4310 574 4361; x_wconf 83' lang='grc' dir='ltr'>ὅτι</span> <span class='ocrx_word' id='word_1_369' title='bbox 596 4306 775 4375; x_wconf 83' lang='grc' dir='ltr'>τούτῳ</span> <span class='ocrx_word' id='word_1_370' title='bbox 807 4306 1094 4359; x_wconf 82' lang='grc' dir='ltr'>ἐπίστευσε</span> <span class='ocrx_word' id='word_1_371' title='bbox 1125 4304 1202 4374; x_wconf 84' lang='grc' dir='ltr'>τῷ</span> <span class='ocrx_word' id='word_1_372' title='bbox 1224 4304 1430 4374; x_wconf 74' lang='grc' dir='ltr'>ῥήματι</span> <span class='ocrx_word' id='word_1_373' title='bbox 1455 4306 1485 4357; x_wconf 91' lang='lat'>6</span> <span class='ocrx_word' id='word_1_374' title='bbox 1539 4304 1805 4368; x_wconf 80' lang='grc' dir='ltr'>ἀσθενῶν,</span> <span class='ocrx_word' id='word_1_375' title='bbox 1865 4307 1960 4358; x_wconf 77' lang='grc' dir='ltr'>καὶ</span> 
     </span>
    </p>
   </div>
   <div class='ocr_carea' id='block_1_48' title="bbox 290 4390 1956 4464">
    <p class='ocr_par' dir='ltr' id='par_1_48' title="bbox 290 4390 1956 4464">
     <span class='ocr_line' id='line_1_48' title="bbox 290 4390 1956 4464; baseline 0 -17"><span class='ocrx_word' id='word_1_376' title='bbox 290 4396 519 4463; x_wconf 83' lang='grc' dir='ltr'>γέγονεν</span> <span class='ocrx_word' id='word_1_377' title='bbox 549 4394 728 4464; x_wconf 73' lang='grc' dir='ltr'>ὑγιής.</span> <span class='ocrx_word' id='word_1_378' title='bbox 760 4394 882 4447; x_wconf 84' lang='grc' dir='ltr'>’Ότι</span> <span class='ocrx_word' id='word_1_379' title='bbox 915 4393 973 4445; x_wconf 86' lang='grc' dir='ltr'>δὲ</span> <span class='ocrx_word' id='word_1_380' title='bbox 1006 4394 1233 4460; x_wconf 74' lang='grc' dir='ltr'>ἄτυφος,</span> <span class='ocrx_word' id='word_1_381' title='bbox 1272 4391 1367 4444; x_wconf 74' lang='grc' dir='ltr'>καὶ</span> <span class='ocrx_word' id='word_1_382' title='bbox 1401 4392 1465 4444; x_wconf 88' lang='grc' dir='ltr'>ἐκ</span> <span class='ocrx_word' id='word_1_383' title='bbox 1486 4390 1595 4444; x_wconf 88' lang='grc' dir='ltr'>τῶν</span> <span class='ocrx_word' id='word_1_384' title='bbox 1619 4391 1747 4462; x_wconf 77' lang='grc' dir='ltr'>ἑξῆς</span> <span class='ocrx_word' id='word_1_385' title='bbox 1772 4391 1956 4463; x_wconf 90' lang='grc' dir='ltr'>δῆλον.</span> 
     </span>
    </p>
   </div>
   <div class='ocr_carea' id='block_1_49' title="bbox 292 4476 1959 4553">
    <p class='ocr_par' dir='ltr' id='par_1_49' title="bbox 292 4476 1959 4553">
     <span class='ocr_line' id='line_1_49' title="bbox 292 4476 1959 4553; baseline -0.001 -19"><span class='ocrx_word' id='word_1_386' title='bbox 292 4482 366 4534; x_wconf 87' lang='grc' dir='ltr'>οὐ</span> <span class='ocrx_word' id='word_1_387' title='bbox 393 4482 509 4553; x_wconf 84' lang='grc' dir='ltr'>γὰρ</span> <span class='ocrx_word' id='word_1_388' title='bbox 531 4476 705 4534; x_wconf 80' lang='grc' dir='ltr'>εἶπεν·</span> <span class='ocrx_word' id='word_1_389' title='bbox 756 4481 846 4533; x_wconf 85' lang='grc' dir='ltr'>Ἐν</span> <span class='ocrx_word' id='word_1_390' title='bbox 875 4477 954 4549; x_wconf 81' lang='grc' dir='ltr'>τῷ</span> <span class='ocrx_word' id='word_1_391' title='bbox 976 4477 1199 4547; x_wconf 81' lang='grc' dir='ltr'>ὀνόματι</span> <span class='ocrx_word' id='word_1_392' title='bbox 1239 4477 1415 4547; x_wconf 82' lang='grc' dir='ltr'>Ἰησοῦ</span> <span class='ocrx_word' id='word_1_393' title='bbox 1440 4493 1454 4506; x_wconf 83' lang='grc'><em>’</em></span> <span class='ocrx_word' id='word_1_394' title='bbox 1488 4478 1603 4531; x_wconf 86' lang='grc' dir='ltr'>ἀλλ’</span> <span class='ocrx_word' id='word_1_395' title='bbox 1630 4478 1706 4541; x_wconf 82' lang='grc' dir='ltr'>ὡς</span> <span class='ocrx_word' id='word_1_396' title='bbox 1737 4482 1959 4550; x_wconf 85' lang='grc' dir='ltr'>σημεῖον</span> 
     </span>
    </p>
   </div>
   <div class='ocr_carea' id='block_1_50' title="bbox 294 4561 1983 4638">
    <p class='ocr_par' dir='ltr' id='par_1_50' title="bbox 294 4561 1983 4638">
     <span class='ocr_line' id='line_1_50' title="bbox 294 4561 1983 4638; baseline 0 -18"><span class='ocrx_word' id='word_1_397' title='bbox 294 4568 498 4638; x_wconf 71' lang='grc' dir='ltr'>μᾶλλον</span> <span class='ocrx_word' id='word_1_398' title='bbox 533 4568 662 4621; x_wconf 79' lang='grc' dir='ltr'>αὐτὸ</span> <span class='ocrx_word' id='word_1_399' title='bbox 676 4563 965 4638; x_wconf 77' lang='grc' dir='ltr'>διηγεῖται.</span> <span class='ocrx_word' id='word_1_400' title='bbox 988 4561 1171 4619; x_wconf 81' lang='grc' dir='ltr'>Εῖὸον</span> <span class='ocrx_word' id='word_1_401' title='bbox 1189 4564 1258 4619; x_wconf 80' lang='grc' dir='ltr'>δέ</span> <span class='ocrx_word' id='word_1_402' title='bbox 1285 4567 1340 4619; x_wconf 78' lang='grc' dir='ltr'>οἱ</span> <span class='ocrx_word' id='word_1_403' title='bbox 1362 4565 1783 4631; x_wconf 86' lang='grc' dir='ltr'>κατοικοῦντες</span> <span class='ocrx_word' id='word_1_404' title='bbox 1803 4567 1983 4621; x_wconf 81' lang='grc' dir='ltr'>Λύδ-’</span> 
     </span>
    </p>
   </div>
   <div class='ocr_carea' id='block_1_51' title="bbox 291 4652 1954 4723">
    <p class='ocr_par' dir='ltr' id='par_1_51' title="bbox 291 4652 1954 4723">
     <span class='ocr_line' id='line_1_51' title="bbox 291 4652 1954 4723; baseline 0.001 -17"><span class='ocrx_word' id='word_1_405' title='bbox 291 4653 425 4720; x_wconf 74' lang='grc' dir='ltr'>δαν,</span> <span class='ocrx_word' id='word_1_406' title='bbox 459 4655 566 4708; x_wconf 78' lang='grc' dir='ltr'>καὶ</span> <span class='ocrx_word' id='word_1_407' title='bbox 598 4652 1083 4722; x_wconf 64' lang='grc' dir='ltr'>ἐπέστρεψανέπι</span> <span class='ocrx_word' id='word_1_408' title='bbox 1109 4652 1348 4719; x_wconf 82' lang='grc' dir='ltr'>Κύριον.</span> <span class='ocrx_word' id='word_1_409' title='bbox 1379 4653 1521 4723; x_wconf 75' lang='grc' dir='ltr'>Ἄρα</span> <span class='ocrx_word' id='word_1_410' title='bbox 1537 4652 1598 4705; x_wconf 85' lang='grc' dir='ltr'>ού</span> <span class='ocrx_word' id='word_1_411' title='bbox 1629 4652 1808 4723; x_wconf 84' lang='grc' dir='ltr'>μάτην</span> <span class='ocrx_word' id='word_1_412' title='bbox 1838 4653 1954 4707; x_wconf 76' lang='grc' dir='ltr'>ἔλε-</span> 
     </span>
    </p>
   </div>
   <div class='ocr_carea' id='block_1_52' title="bbox 290 4738 1955 4813">
    <p class='ocr_par' dir='ltr' id='par_1_52' title="bbox 290 4738 1955 4813">
     <span class='ocr_line' id='line_1_52' title="bbox 290 4738 1955 4813; baseline 0 -18"><span class='ocrx_word' id='word_1_413' title='bbox 290 4756 408 4813; x_wconf 88' lang='grc' dir='ltr'>γον,</span> <span class='ocrx_word' id='word_1_414' title='bbox 443 4742 531 4795; x_wconf 76' lang='grc' dir='ltr'>ὃτι</span> <span class='ocrx_word' id='word_1_415' title='bbox 563 4742 645 4803; x_wconf 81' lang='grc' dir='ltr'>είς</span> <span class='ocrx_word' id='word_1_416' title='bbox 679 4739 741 4793; x_wconf 80' lang='grc' dir='ltr'>τὸ</span> <span class='ocrx_word' id='word_1_417' title='bbox 792 4742 976 4794; x_wconf 88' lang='grc' dir='ltr'>πεῖσαι</span> <span class='ocrx_word' id='word_1_418' title='bbox 1030 4739 1125 4794; x_wconf 76' lang='grc' dir='ltr'>καὶ</span> <span class='ocrx_word' id='word_1_419' title='bbox 1165 4738 1542 4808; x_wconf 80' lang='grc' dir='ltr'>παρακαλέσαι</span> <span class='ocrx_word' id='word_1_420' title='bbox 1583 4738 1653 4793; x_wconf 81' lang='grc' dir='ltr'>τά</span> <span class='ocrx_word' id='word_1_421' title='bbox 1704 4739 1955 4811; x_wconf 87' lang='grc' dir='ltr'>θαύματα</span> 
     </span>
    </p>
   </div>
   <div class='ocr_carea' id='block_1_53' title="bbox 293 4821 1956 4897">
    <p class='ocr_par' dir='ltr' id='par_1_53' title="bbox 293 4821 1956 4897">
     <span class='ocr_line' id='line_1_53' title="bbox 293 4821 1956 4897; baseline 0.002 -19"><span class='ocrx_word' id='word_1_422' title='bbox 293 4827 548 4881; x_wconf 79' lang='grc' dir='ltr'>ἐτελεῖτο.</span> <span class='ocrx_word' id='word_1_423' title='bbox 585 4826 687 4880; x_wconf 85' lang='grc' dir='ltr'>Ἐν</span> <span class='ocrx_word' id='word_1_424' title='bbox 720 4825 930 4894; x_wconf 76' lang='grc' dir='ltr'>Ἰόππῃ</span> <span class='ocrx_word' id='word_1_425' title='bbox 959 4824 1027 4879; x_wconf 78' lang='grc' dir='ltr'>δέ</span> <span class='ocrx_word' id='word_1_426' title='bbox 1051 4842 1141 4891; x_wconf 86' lang='grc' dir='ltr'>τις</span> <span class='ocrx_word' id='word_1_427' title='bbox 1167 4821 1248 4895; x_wconf 77' lang='grc' dir='ltr'>ἦν</span> <span class='ocrx_word' id='word_1_428' title='bbox 1254 4824 1571 4895; x_wconf 82' lang='grc' dir='ltr'>μαθήτρια,</span> <span class='ocrx_word' id='word_1_429' title='bbox 1597 4827 1782 4897; x_wconf 79' lang='grc' dir='ltr'>φησὶν,</span> <span class='ocrx_word' id='word_1_430' title='bbox 1821 4828 1956 4882; x_wconf 82' lang='grc' dir='ltr'>ὀνό-</span> 
     </span>
    </p>
   </div>
   <div class='ocr_carea' id='block_1_54' title="bbox 295 4911 1956 4983">
    <p class='ocr_par' dir='ltr' id='par_1_54' title="bbox 295 4911 1956 4983">
     <span class='ocr_line' id='line_1_54' title="bbox 295 4911 1956 4983; baseline 0.002 -17"><span class='ocrx_word' id='word_1_431' title='bbox 295 4929 432 4979; x_wconf 82' lang='grc' dir='ltr'>ματι</span> <span class='ocrx_word' id='word_1_432' title='bbox 461 4912 714 4979; x_wconf 81' lang='grc' dir='ltr'>Ταόηθά.</span> <span class='ocrx_word' id='word_1_433' title='bbox 751 4911 1016 4980; x_wconf 76' lang='grc' dir='ltr'>Ἐγένετο</span> <span class='ocrx_word' id='word_1_434' title='bbox 1040 4912 1109 4966; x_wconf 79' lang='grc' dir='ltr'>δὲ</span> <span class='ocrx_word' id='word_1_435' title='bbox 1129 4913 1200 4968; x_wconf 81' lang='grc' dir='ltr'>ἐν</span> <span class='ocrx_word' id='word_1_436' title='bbox 1225 4913 1354 4981; x_wconf 86' lang='grc' dir='ltr'>ταῖς</span> <span class='ocrx_word' id='word_1_437' title='bbox 1408 4914 1654 4983; x_wconf 73' lang='grc' dir='ltr'>ἡμέραις</span> <span class='ocrx_word' id='word_1_438' title='bbox 1696 4915 1956 4982; x_wconf 81' lang='grc' dir='ltr'>ἐκείναις</span> 
     </span>
    </p>
   </div>
   <div class='ocr_carea' id='block_1_55' title="bbox 295 4996 1956 5071">
    <p class='ocr_par' dir='ltr' id='par_1_55' title="bbox 295 4996 1956 5071">
     <span class='ocr_line' id='line_1_55' title="bbox 295 4996 1956 5071; baseline 0.001 -18"><span class='ocrx_word' id='word_1_439' title='bbox 295 4999 736 5066; x_wconf 78' lang='grc' dir='ltr'>ἀσθενήσασαν</span> <span class='ocrx_word' id='word_1_440' title='bbox 756 4997 951 5065; x_wconf 76' lang='grc' dir='ltr'>αὐτὴν</span> <span class='ocrx_word' id='word_1_441' title='bbox 974 4998 1319 5054; x_wconf 74' lang='grc' dir='ltr'>ἀποθανεῖν.</span> <span class='ocrx_word' id='word_1_442' title='bbox 1372 4996 1528 5064; x_wconf 86' lang='grc' dir='ltr'>Εἶδες</span> <span class='ocrx_word' id='word_1_443' title='bbox 1558 5000 1835 5071; x_wconf 85' lang='grc' dir='ltr'>πανταχοῦ</span> <span class='ocrx_word' id='word_1_444' title='bbox 1885 5002 1956 5056; x_wconf 80' lang='grc' dir='ltr'>τὰ</span> 
     </span>
    </p>
   </div>
   <div class='ocr_carea' id='block_1_56' title="bbox 297 5086 1951 5161">
    <p class='ocr_par' dir='ltr' id='par_1_56' title="bbox 297 5086 1951 5161">
     <span class='ocr_line' id='line_1_56' title="bbox 297 5086 1951 5161; baseline 0.005 -24"><span class='ocrx_word' id='word_1_445' title='bbox 297 5090 498 5156; x_wconf 86' lang='grc' dir='ltr'>σημεῖα</span> <span class='ocrx_word' id='word_1_446' title='bbox 554 5086 852 5156; x_wconf 85' lang='grc' dir='ltr'>γινόμενα;</span> <span class='ocrx_word' id='word_1_447' title='bbox 906 5088 1017 5155; x_wconf 85' lang='grc' dir='ltr'>Οὐχ</span> <span class='ocrx_word' id='word_1_448' title='bbox 1063 5087 1250 5151; x_wconf 79' lang='grc' dir='ltr'>ἁπλῶς</span> <span class='ocrx_word' id='word_1_449' title='bbox 1306 5089 1576 5144; x_wconf 79' lang='grc' dir='ltr'>ἀπέθανεν</span> <span class='ocrx_word' id='word_1_450' title='bbox 1625 5092 1659 5161; x_wconf 78' lang='grc' dir='ltr'>ἡ</span> <span class='ocrx_word' id='word_1_451' title='bbox 1706 5091 1951 5161; x_wconf 84' lang='grc' dir='ltr'>Ταϐηθὰ,</span> 
     </span>
    </p>
   </div>
   <div class='ocr_carea' id='block_1_57' title="bbox 293 5171 1956 5243">
    <p class='ocr_par' dir='ltr' id='par_1_57' title="bbox 293 5171 1956 5243">
     <span class='ocr_line' id='line_1_57' title="bbox 293 5171 1956 5243; baseline 0.004 -18"><span class='ocrx_word' id='word_1_452' title='bbox 293 5171 406 5227; x_wconf 85' lang='grc' dir='ltr'>ἀλλ’</span> <span class='ocrx_word' id='word_1_453' title='bbox 434 5175 496 5226; x_wconf 83' lang='grc' dir='ltr'>ἐν</span> <span class='ocrx_word' id='word_1_454' title='bbox 528 5171 814 5243; x_wconf 71' lang='grc' dir='ltr'>ἀρρωστίᾳ</span> <span class='ocrx_word' id='word_1_455' title='bbox 843 5171 1130 5241; x_wconf 77' lang='grc' dir='ltr'>γενομένη.</span> <span class='ocrx_word' id='word_1_456' title='bbox 1165 5175 1256 5227; x_wconf 85' lang='grc' dir='ltr'>Διὸ</span> <span class='ocrx_word' id='word_1_457' title='bbox 1306 5175 1399 5229; x_wconf 81' lang='grc' dir='ltr'>καὶ</span> <span class='ocrx_word' id='word_1_458' title='bbox 1451 5178 1511 5230; x_wconf 81' lang='grc' dir='ltr'>οὐ</span> <span class='ocrx_word' id='word_1_459' title='bbox 1571 5176 1793 5231; x_wconf 85' lang='grc' dir='ltr'>καλοῦσι</span> <span class='ocrx_word' id='word_1_460' title='bbox 1852 5179 1956 5232; x_wconf 74' lang='lat'>116-</span> 
     </span>
    </p>
   </div>
   <div class='ocr_carea' id='block_1_58' title="bbox 295 5257 1956 5332">
    <p class='ocr_par' dir='ltr' id='par_1_58' title="bbox 295 5257 1956 5332">
     <span class='ocr_line' id='line_1_58' title="bbox 295 5257 1956 5332; baseline 0.004 -20"><span class='ocrx_word' id='word_1_461' title='bbox 295 5277 437 5329; x_wconf 84' lang='grc' dir='ltr'>τρον,</span> <span class='ocrx_word' id='word_1_462' title='bbox 468 5260 576 5323; x_wconf 71' lang='grc' dir='ltr'>ἕως</span> <span class='ocrx_word' id='word_1_463' title='bbox 627 5260 716 5312; x_wconf 86' lang='grc' dir='ltr'>ὅτε</span> <span class='ocrx_word' id='word_1_464' title='bbox 756 5257 1126 5328; x_wconf 77' lang='grc' dir='ltr'>ἐτελεύτησεν.</span> <span class='ocrx_word' id='word_1_465' title='bbox 1167 5260 1561 5327; x_wconf 83' lang='grc' dir='ltr'>Ἀκούσαντες</span> <span class='ocrx_word' id='word_1_466' title='bbox 1586 5263 1656 5316; x_wconf 75' lang='grc' dir='ltr'>δὲ</span> <span class='ocrx_word' id='word_1_467' title='bbox 1682 5266 1736 5317; x_wconf 82' lang='grc' dir='ltr'>οἱ</span> <span class='ocrx_word' id='word_1_468' title='bbox 1753 5267 1956 5332; x_wconf 83' lang='grc' dir='ltr'>μαθη-</span> 
     </span>
    </p>
   </div>
   <div class='ocr_carea' id='block_1_59' title="bbox 293 5346 1959 5418">
    <p class='ocr_par' dir='ltr' id='par_1_59' title="bbox 293 5346 1959 5418">
     <span class='ocr_line' id='line_1_59' title="bbox 293 5346 1959 5418; baseline 0.004 -22"><span class='ocrx_word' id='word_1_469' title='bbox 293 5347 379 5397; x_wconf 79' lang='grc' dir='ltr'>ταὶ</span> <span class='ocrx_word' id='word_1_470' title='bbox 390 5387 403 5408; x_wconf 87' lang='grc'>,</span> <span class='ocrx_word' id='word_1_471' title='bbox 428 5346 803 5401; x_wconf 79' lang='grc' dir='ltr'>ἀπέστειλαν</span> <span class='ocrx_word' id='word_1_472' title='bbox 821 5347 1312 5413; x_wconf 78' lang='grc' dir='ltr'>παρακαλοῦντες</span> <span class='ocrx_word' id='word_1_473' title='bbox 1320 5348 1403 5418; x_wconf 78' lang='grc' dir='ltr'>μὴ</span> <span class='ocrx_word' id='word_1_474' title='bbox 1415 5349 1673 5417; x_wconf 80' lang='grc' dir='ltr'>ὀκνῆσαι</span> <span class='ocrx_word' id='word_1_475' title='bbox 1700 5350 1959 5404; x_wconf 83' lang='grc' dir='ltr'>διελθεῖν</span> 
     </span>
    </p>
   </div>
   <div class='ocr_carea' id='block_1_60' title="bbox 295 5430 1954 5504">
    <p class='ocr_par' dir='ltr' id='par_1_60' title="bbox 295 5430 1954 5504">
     <span class='ocr_line' id='line_1_60' title="bbox 295 5430 1954 5504; baseline 0.005 -23"><span class='ocrx_word' id='word_1_476' title='bbox 295 5430 398 5496; x_wconf 79' lang='grc' dir='ltr'>ἕως</span> <span class='ocrx_word' id='word_1_477' title='bbox 426 5432 646 5488; x_wconf 84' lang='grc' dir='ltr'>αὐτῶν.</span> <span class='ocrx_word' id='word_1_478' title='bbox 677 5434 839 5503; x_wconf 84' lang='grc' dir='ltr'>Ὅρα,</span> <span class='ocrx_word' id='word_1_479' title='bbox 865 5433 931 5485; x_wconf 88' lang='grc' dir='ltr'>δι’</span> <span class='ocrx_word' id='word_1_480' title='bbox 971 5433 1172 5503; x_wconf 77' lang='grc' dir='ltr'>ἐτέρων</span> <span class='ocrx_word' id='word_1_481' title='bbox 1206 5435 1480 5504; x_wconf 86' lang='grc' dir='ltr'>πέμπουσι</span> <span class='ocrx_word' id='word_1_482' title='bbox 1530 5437 1624 5489; x_wconf 82' lang='grc' dir='ltr'>καὶ</span> <span class='ocrx_word' id='word_1_483' title='bbox 1682 5435 1954 5490; x_wconf 89' lang='grc' dir='ltr'>καλοῦσιν.</span> 
     </span>
    </p>
   </div>
   <div class='ocr_carea' id='block_1_61' title="bbox 306 5512 1956 5592">
    <p class='ocr_par' dir='ltr' id='par_1_61' title="bbox 306 5512 1956 5592">
     <span class='ocr_line' id='line_1_61' title="bbox 306 5512 1956 5592; baseline 0.004 -24"><span class='ocrx_word' id='word_1_484' title='bbox 306 5512 361 5568; x_wconf 81' lang='grc'><strong>’0</strong></span> <span class='ocrx_word' id='word_1_485' title='bbox 392 5517 449 5570; x_wconf 81' lang='grc' dir='ltr'>δὲ</span> <span class='ocrx_word' id='word_1_486' title='bbox 475 5517 723 5571; x_wconf 82' lang='grc' dir='ltr'>πείθεται</span> <span class='ocrx_word' id='word_1_487' title='bbox 753 5520 846 5571; x_wconf 82' lang='grc' dir='ltr'>καὶ</span> <span class='ocrx_word' id='word_1_488' title='bbox 870 5519 1017 5588; x_wconf 79' lang='grc' dir='ltr'>ἥκει,</span> <span class='ocrx_word' id='word_1_489' title='bbox 1049 5521 1151 5589; x_wconf 80' lang='grc' dir='ltr'>οὐχ</span> <span class='ocrx_word' id='word_1_490' title='bbox 1173 5518 1331 5591; x_wconf 79' lang='grc' dir='ltr'>ὓϐριν</span> <span class='ocrx_word' id='word_1_491' title='bbox 1357 5520 1419 5573; x_wconf 83' lang='grc' dir='ltr'>τὸ</span> <span class='ocrx_word' id='word_1_492' title='bbox 1436 5521 1668 5592; x_wconf 84' lang='grc' dir='ltr'>πρᾶγμα</span> <span class='ocrx_word' id='word_1_493' title='bbox 1699 5520 1956 5591; x_wconf 76' lang='grc' dir='ltr'>νομίζων,</span> 
     </span>
    </p>
   </div>
   <div class='ocr_carea' id='block_1_62' title="bbox 308 5654 1957 5722">
    <p class='ocr_par' dir='ltr' id='par_1_62' title="bbox 308 5654 1957 5722">
     <span class='ocr_line' id='line_1_62' title="bbox 308 5654 1957 5722; baseline 0.004 -20"><span class='ocrx_word' id='word_1_494' title='bbox 308 5711 318 5722; x_wconf 39' lang='grc' dir='ltr'><strong><em>ο</em></strong></span> <span class='ocrx_word' id='word_1_495' title='bbox 354 5654 512 5722; x_wconf 70' lang='lat' dir='ltr'>&#39;__Hic</span> <span class='ocrx_word' id='word_1_496' title='bbox 554 5669 753 5722; x_wconf 73' lang='lat' dir='ltr'><strong>qupque</strong></span> <span class='ocrx_word' id='word_1_497' title='bbox 782 5672 924 5722; x_wconf 84' lang='lat' dir='ltr'><strong>_unns</strong></span> <span class='ocrx_word' id='word_1_498' title='bbox 975 5662 1130 5710; x_wconf 76' lang='lat' dir='ltr'><strong>codex</strong></span> <span class='ocrx_word' id='word_1_499' title='bbox 1180 5658 1470 5710; x_wconf 71' lang='lat' dir='ltr'>varietale</span> <span class='ocrx_word' id='word_1_500' title='bbox 1510 5661 1682 5709; x_wconf 81' lang='lat' dir='ltr'><strong>silvam</strong></span> <span class='ocrx_word' id='word_1_501' title='bbox 1711 5658 1957 5722; x_wconf 23' lang='lat' dir='ltr'>Aexhibet.</span> 
     </span>
    </p>
   </div>
   <div class='ocr_carea' id='block_1_63' title="bbox 305 5716 1958 5779">
    <p class='ocr_par' dir='ltr' id='par_1_63' title="bbox 305 5716 1958 5779">
     <span class='ocr_line' id='line_1_63' title="bbox 305 5716 1958 5779; baseline 0.001 -15"><span class='ocrx_word' id='word_1_502' title='bbox 305 5716 517 5779; x_wconf 72' lang='lat' dir='ltr'>i_&quot;u|g.</span> <span class='ocrx_word' id='word_1_503' title='bbox 572 5716 722 5765; x_wconf 70' lang='grc' dir='ltr'>οὖσι-ὡ.</span> <span class='ocrx_word' id='word_1_504' title='bbox 781 5720 1067 5771; x_wconf 77' lang='lat' dir='ltr'>Lcclionem</span> <span class='ocrx_word' id='word_1_505' title='bbox 1129 5727 1344 5771; x_wconf 77' lang='lat' dir='ltr'>nostram</span> <span class='ocrx_word' id='word_1_506' title='bbox 1417 5723 1610 5770; x_wconf 81' lang='lat' dir='ltr'>ﬁrmant</span> <span class='ocrx_word' id='word_1_507' title='bbox 1698 5719 1958 5775; x_wconf 82' lang='lat' dir='ltr'>Commel.,</span> 
     </span>
    </p>
   </div>
   <div class='ocr_carea' id='block_1_64' title="bbox 300 5774 1670 5846">
    <p class='ocr_par' dir='ltr' id='par_1_64' title="bbox 300 5774 1670 5846">
     <span class='ocr_line' id='line_1_64' title="bbox 300 5774 1670 5846; baseline 0.009 -22"><span class='ocrx_word' id='word_1_508' title='bbox 300 5774 534 5826; x_wconf 51' lang='grc' dir='ltr'>ευηλι</span> <span class='ocrx_word' id='word_1_509' title='bbox 557 5779 699 5828; x_wconf 77' lang='lat' dir='ltr'>codd.</span> <span class='ocrx_word' id='word_1_510' title='bbox 741 5780 876 5828; x_wconf 76' lang='grc' dir='ltr'>Ευιτ.</span> <span class='ocrx_word' id='word_1_511' title='bbox 940 5784 964 5813; x_wconf 67' lang='grc' dir='ltr'>ι’</span> <span class='ocrx_word' id='word_1_512' title='bbox 986 5783 1086 5832; x_wconf 72' lang='lat' dir='ltr'>Alii</span> <span class='ocrx_word' id='word_1_513' title='bbox 1111 5783 1368 5846; x_wconf 79' lang='grc' dir='ltr'>παρεκάλει</span> <span class='ocrx_word' id='word_1_514' title='bbox 1401 5783 1453 5831; x_wconf 80' lang='grc' dir='ltr'>δὲ</span> <span class='ocrx_word' id='word_1_515' title='bbox 1484 5781 1670 5836; x_wconf 79' lang='grc' dir='ltr'>αὐτούς·</span> 
     </span>
    </p>
   </div>
   <div class='ocr_carea' id='block_1_65' title="bbox 702 5877 1330 5945">
    <p class='ocr_par' dir='ltr' id='par_1_65' title="bbox 702 5877 1330 5945">
     <span class='ocr_line' id='line_1_65' title="bbox 702 5877 1330 5945; baseline 0.011 -9"><span class='ocrx_word' id='word_1_516' title='bbox 702 5877 977 5940; x_wconf 77' lang='grc' dir='ltr'>ΡΑτιιοι..</span> <span class='ocrx_word' id='word_1_517' title='bbox 1023 5883 1140 5945; x_wconf 72' lang='lat' dir='ltr'>Gn.</span> <span class='ocrx_word' id='word_1_518' title='bbox 1200 5885 1330 5944; x_wconf 72' lang='lat' dir='ltr'>LX.</span> 
     </span>
    </p>
   </div>
   <div class='ocr_carea' id='block_1_66' title="bbox 1346 273 2671 338">
    <p class='ocr_par' dir='ltr' id='par_1_66' title="bbox 1346 273 2671 338">
     <span class='ocr_line' id='line_1_66' title="bbox 1346 273 2671 338; baseline 0.004 -5"><span class='ocrx_word' id='word_1_519' title='bbox 1346 277 1412 333; x_wconf 83' lang='lat' dir='ltr'>IN</span> <span class='ocrx_word' id='word_1_520' title='bbox 1458 275 1634 333; x_wconf 72' lang='lat' dir='ltr'>ACTA</span> <span class='ocrx_word' id='word_1_521' title='bbox 1674 273 2213 332; x_wconf 76' lang='lat' dir='ltr'>APOSTOLOHUM.</span> <span class='ocrx_word' id='word_1_522' title='bbox 2255 277 2488 337; x_wconf 80' lang='lat' dir='ltr'>&quot;OMIL.</span> <span class='ocrx_word' id='word_1_523' title='bbox 2532 282 2671 338; x_wconf 81' lang='lat' dir='ltr'>XXI.</span> 
     </span>
    </p>
   </div>
   <div class='ocr_carea' id='block_1_67' title="bbox 3628 287 3726 347">
    <p class='ocr_par' dir='ltr' id='par_1_67' title="bbox 3628 287 3726 347">
     <span class='ocr_line' id='line_1_67' title="bbox 3628 287 3726 347; baseline 0.031 -3"><span class='ocrx_word' id='word_1_524' title='bbox 3628 287 3726 347; x_wconf 69' lang='grc'>188</span> 
     </span>
    </p>
   </div>
   <div class='ocr_carea' id='block_1_68' title="bbox 2063 395 3728 478">
    <p class='ocr_par' dir='ltr' id='par_1_68' title="bbox 2063 395 3728 478">
     <span class='ocr_line' id='line_1_68' title="bbox 2063 395 3728 478; baseline 0.011 -32"><span class='ocrx_word' id='word_1_525' title='bbox 2063 395 2124 448; x_wconf 75' lang='grc' dir='ltr'>τὸ</span> <span class='ocrx_word' id='word_1_526' title='bbox 2150 395 2411 468; x_wconf 75' lang='grc' dir='ltr'>κληθῆναι</span> <span class='ocrx_word' id='word_1_527' title='bbox 2432 415 2446 429; x_wconf 83' lang='grc'><strong>’</strong></span> <span class='ocrx_word' id='word_1_528' title='bbox 2479 398 2621 454; x_wconf 77' lang='grc' dir='ltr'>οὕτω</span> <span class='ocrx_word' id='word_1_529' title='bbox 2666 400 2811 468; x_wconf 85' lang='grc' dir='ltr'>μέγα</span> <span class='ocrx_word' id='word_1_530' title='bbox 2837 402 2870 472; x_wconf 76' lang='grc' dir='ltr'>ἡ</span> <span class='ocrx_word' id='word_1_531' title='bbox 2898 401 3074 473; x_wconf 72' lang='grc' dir='ltr'>θλῖψις</span> <span class='ocrx_word' id='word_1_532' title='bbox 3123 404 3356 474; x_wconf 88' lang='grc' dir='ltr'>ἀγαθόν·</span> <span class='ocrx_word' id='word_1_533' title='bbox 3394 406 3551 460; x_wconf 81' lang='grc' dir='ltr'>τοῦτο</span> <span class='ocrx_word' id='word_1_534' title='bbox 3598 427 3728 478; x_wconf 75' lang='grc' dir='ltr'>συγ-</span> 
     </span>
    </p>
   </div>
   <div class='ocr_carea' id='block_1_69' title="bbox 2065 484 3729 558">
    <p class='ocr_par' dir='ltr' id='par_1_69' title="bbox 2065 484 3729 558">
     <span class='ocr_line' id='line_1_69' title="bbox 2065 484 3729 558; baseline 0.01 -26"><span class='ocrx_word' id='word_1_535' title='bbox 2065 485 2248 549; x_wconf 86' lang='grc' dir='ltr'>κροτεῖ</span> <span class='ocrx_word' id='word_1_536' title='bbox 2274 484 2370 547; x_wconf 85' lang='grc' dir='ltr'>τὰς</span> <span class='ocrx_word' id='word_1_537' title='bbox 2395 485 2672 556; x_wconf 76' lang='grc' dir='ltr'>ἡμετέρας</span> <span class='ocrx_word' id='word_1_538' title='bbox 2699 486 2898 555; x_wconf 75' lang='grc' dir='ltr'>ψυχάς.</span> <span class='ocrx_word' id='word_1_539' title='bbox 2928 489 3178 558; x_wconf 77' lang='grc' dir='ltr'>Οὐδαμοῦ</span> <span class='ocrx_word' id='word_1_540' title='bbox 3221 491 3449 554; x_wconf 80' lang='grc' dir='ltr'>κοπετὸς</span> <span class='ocrx_word' id='word_1_541' title='bbox 3478 493 3614 558; x_wconf 84' lang='grc' dir='ltr'>ἐκεῖ,</span> <span class='ocrx_word' id='word_1_542' title='bbox 3638 496 3729 548; x_wconf 83' lang='grc' dir='ltr'>ού-</span> 
     </span>
    </p>
   </div>
   <div class='ocr_carea' id='block_1_70' title="bbox 2058 565 3731 647">
    <p class='ocr_par' dir='ltr' id='par_1_70' title="bbox 2058 565 3731 647">
     <span class='ocr_line' id='line_1_70' title="bbox 2058 565 3731 647; baseline 0.01 -29"><span class='ocrx_word' id='word_1_543' title='bbox 2058 565 2231 635; x_wconf 85' lang='grc' dir='ltr'>δαμοῦ</span> <span class='ocrx_word' id='word_1_544' title='bbox 2262 567 2477 639; x_wconf 89' lang='grc' dir='ltr'>θρῆνος.</span> <span class='ocrx_word' id='word_1_545' title='bbox 2509 572 2855 636; x_wconf 86' lang='grc' dir='ltr'>Λούσαντες</span> <span class='ocrx_word' id='word_1_546' title='bbox 2887 573 3102 641; x_wconf 82' lang='grc' dir='ltr'>αὐτὴν,</span> <span class='ocrx_word' id='word_1_547' title='bbox 3155 577 3339 647; x_wconf 79' lang='grc' dir='ltr'>φησὶν,</span> <span class='ocrx_word' id='word_1_548' title='bbox 3385 578 3615 646; x_wconf 72' lang='grc' dir='ltr'>ἔθηκαν</span> <span class='ocrx_word' id='word_1_549' title='bbox 3661 581 3731 635; x_wconf 72' lang='grc' dir='ltr'>ὲν</span> 
     </span>
    </p>
   </div>
   <div class='ocr_carea' id='block_1_71' title="bbox 2058 652 3727 737">
    <p class='ocr_par' dir='ltr' id='par_1_71' title="bbox 2058 652 3727 737">
     <span class='ocr_line' id='line_1_71' title="bbox 2058 652 3727 737; baseline 0.009 -32"><span class='ocrx_word' id='word_1_550' title='bbox 2058 652 2334 721; x_wconf 78' lang='grc' dir='ltr'>ὑπερῴφο</span> <span class='ocrx_word' id='word_1_551' title='bbox 2385 657 2649 721; x_wconf 79' lang='grc' dir='ltr'>τουτέστι,</span> <span class='ocrx_word' id='word_1_552' title='bbox 2708 658 2777 710; x_wconf 79' lang='grc' dir='ltr'>τὰ</span> <span class='ocrx_word' id='word_1_553' title='bbox 2834 659 2928 712; x_wconf 74' lang='grc' dir='ltr'>ἐπὶ</span> <span class='ocrx_word' id='word_1_554' title='bbox 2982 661 3161 732; x_wconf 86' lang='grc' dir='ltr'>νεκρῷ</span> <span class='ocrx_word' id='word_1_555' title='bbox 3212 665 3389 718; x_wconf 89' lang='grc' dir='ltr'>πάντα</span> <span class='ocrx_word' id='word_1_556' title='bbox 3445 666 3727 737; x_wconf 87' lang='grc' dir='ltr'>ἐποίησαν.</span> 
     </span>
    </p>
   </div>
   <div class='ocr_carea' id='block_1_72' title="bbox 2070 743 3730 817">
    <p class='ocr_par' dir='ltr' id='par_1_72' title="bbox 2070 743 3730 817">
     <span class='ocr_line' id='line_1_72' title="bbox 2070 743 3730 817; baseline 0.008 -22"><span class='ocrx_word' id='word_1_557' title='bbox 2070 743 2355 809; x_wconf 81' lang='grc' dir='ltr'>Ἀναστὰς</span> <span class='ocrx_word' id='word_1_558' title='bbox 2380 745 2449 798; x_wconf 78' lang='grc' dir='ltr'>δέ</span> <span class='ocrx_word' id='word_1_559' title='bbox 2477 745 2696 815; x_wconf 81' lang='grc' dir='ltr'>Πέτρος</span> <span class='ocrx_word' id='word_1_560' title='bbox 2723 747 3037 816; x_wconf 82' lang='grc' dir='ltr'>συνῆλθεν</span> <span class='ocrx_word' id='word_1_561' title='bbox 3063 751 3286 817; x_wconf 82' lang='grc' dir='ltr'>αὐτοῖς.</span> <span class='ocrx_word' id='word_1_562' title='bbox 3328 754 3439 808; x_wconf 73' lang='grc' dir='ltr'>Καὶ</span> <span class='ocrx_word' id='word_1_563' title='bbox 3461 755 3730 811; x_wconf 82' lang='grc' dir='ltr'>ἀνελθὼν</span> 
     </span>
    </p>
   </div>
   <div class='ocr_carea' id='block_1_73' title="bbox 2055 832 3729 908">
    <p class='ocr_par' dir='ltr' id='par_1_73' title="bbox 2055 832 3729 908">
     <span class='ocr_line' id='line_1_73' title="bbox 2055 832 3729 908; baseline 0.01 -26"><span class='ocrx_word' id='word_1_564' title='bbox 2055 833 2143 895; x_wconf 86' lang='grc' dir='ltr'>εὶς</span> <span class='ocrx_word' id='word_1_565' title='bbox 2189 832 2258 885; x_wconf 87' lang='grc' dir='ltr'>τὸ</span> <span class='ocrx_word' id='word_1_566' title='bbox 2312 832 2605 901; x_wconf 79' lang='grc' dir='ltr'>ὑπερῷον,</span> <span class='ocrx_word' id='word_1_567' title='bbox 2657 836 2782 899; x_wconf 82' lang='grc' dir='ltr'>θεὶς</span> <span class='ocrx_word' id='word_1_568' title='bbox 2813 836 2884 888; x_wconf 82' lang='grc' dir='ltr'>τὰ</span> <span class='ocrx_word' id='word_1_569' title='bbox 2925 838 3148 905; x_wconf 75' lang='grc' dir='ltr'>γόνατα</span> <span class='ocrx_word' id='word_1_570' title='bbox 3189 842 3597 908; x_wconf 82' lang='grc' dir='ltr'>προσηύξατο,</span> <span class='ocrx_word' id='word_1_571' title='bbox 3628 844 3729 898; x_wconf 72' lang='grc' dir='ltr'>καί</span> 
     </span>
    </p>
   </div>
   <div class='ocr_carea' id='block_1_74' title="bbox 2055 917 3725 996">
    <p class='ocr_par' dir='ltr' id='par_1_74' title="bbox 2055 917 3725 996">
     <span class='ocr_line' id='line_1_74' title="bbox 2055 917 3725 996; baseline 0.01 -27"><span class='ocrx_word' id='word_1_572' title='bbox 2055 917 2422 988; x_wconf 71' lang='grc' dir='ltr'>ἐπιστρέψας</span> <span class='ocrx_word' id='word_1_573' title='bbox 2451 921 2603 989; x_wconf 69' lang='grc' dir='ltr'>πρὸς</span> <span class='ocrx_word' id='word_1_574' title='bbox 2615 922 2678 974; x_wconf 86' lang='grc' dir='ltr'>τὸ</span> <span class='ocrx_word' id='word_1_575' title='bbox 2692 921 2865 991; x_wconf 83' lang='grc' dir='ltr'>σῶμα</span> <span class='ocrx_word' id='word_1_576' title='bbox 2895 920 3086 977; x_wconf 79' lang='grc' dir='ltr'>εἶπεν·</span> <span class='ocrx_word' id='word_1_577' title='bbox 3127 925 3383 993; x_wconf 81' lang='grc' dir='ltr'>Ταϐηθὰ,</span> <span class='ocrx_word' id='word_1_578' title='bbox 3408 930 3725 996; x_wconf 82' lang='grc' dir='ltr'>ἀνάστηθι.</span> 
     </span>
    </p>
   </div>
   <div class='ocr_carea' id='block_1_75' title="bbox 2056 1003 3729 1081">
    <p class='ocr_par' dir='ltr' id='par_1_75' title="bbox 2056 1003 3729 1081">
     <span class='ocr_line' id='line_1_75' title="bbox 2056 1003 3729 1081; baseline 0.009 -27"><span class='ocrx_word' id='word_1_579' title='bbox 2056 1003 2132 1054; x_wconf 86' lang='grc' dir='ltr'>Ού</span> <span class='ocrx_word' id='word_1_580' title='bbox 2165 1004 2343 1058; x_wconf 86' lang='grc' dir='ltr'>πάντα</span> <span class='ocrx_word' id='word_1_581' title='bbox 2374 1008 2650 1077; x_wconf 78' lang='grc' dir='ltr'>συγχωρεῖ</span> <span class='ocrx_word' id='word_1_582' title='bbox 2690 1008 2720 1059; x_wconf 87' lang='lat'>6</span> <span class='ocrx_word' id='word_1_583' title='bbox 2753 1007 2885 1071; x_wconf 79' lang='grc' dir='ltr'>Θεὸς</span> <span class='ocrx_word' id='word_1_584' title='bbox 2941 1009 3078 1079; x_wconf 88' lang='grc' dir='ltr'>μετά</span> <span class='ocrx_word' id='word_1_585' title='bbox 3123 1011 3222 1079; x_wconf 81' lang='grc' dir='ltr'>τῆς</span> <span class='ocrx_word' id='word_1_586' title='bbox 3266 1012 3436 1081; x_wconf 78' lang='grc' dir='ltr'>αὐτῆς</span> <span class='ocrx_word' id='word_1_587' title='bbox 3479 1016 3729 1079; x_wconf 80' lang='grc' dir='ltr'>εὐκολίας</span> 
     </span>
    </p>
   </div>
   <div class='ocr_carea' id='block_1_76' title="bbox 2053 1089 3726 1171">
    <p class='ocr_par' dir='ltr' id='par_1_76' title="bbox 2053 1089 3726 1171">
     <span class='ocr_line' id='line_1_76' title="bbox 2053 1089 3726 1171; baseline 0.009 -29"><span class='ocrx_word' id='word_1_588' title='bbox 2053 1089 2124 1142; x_wconf 81' lang='grc' dir='ltr'>τὰ</span> <span class='ocrx_word' id='word_1_589' title='bbox 2156 1094 2358 1160; x_wconf 83' lang='grc' dir='ltr'>σημεῖα</span> <span class='ocrx_word' id='word_1_590' title='bbox 2398 1093 2723 1163; x_wconf 75' lang='grc' dir='ltr'>ἐργάζεσθαι</span> <span class='ocrx_word' id='word_1_591' title='bbox 2749 1096 2800 1150; x_wconf 79' lang='grc' dir='ltr'>ά.</span> <span class='ocrx_word' id='word_1_592' title='bbox 2839 1097 3007 1150; x_wconf 87' lang='grc' dir='ltr'>Τοῦτο</span> <span class='ocrx_word' id='word_1_593' title='bbox 3038 1098 3094 1151; x_wconf 83' lang='grc' dir='ltr'>δὲ</span> <span class='ocrx_word' id='word_1_594' title='bbox 3126 1100 3324 1163; x_wconf 77' lang='grc' dir='ltr'>αὐτοὺς</span> <span class='ocrx_word' id='word_1_595' title='bbox 3372 1102 3594 1171; x_wconf 84' lang='grc' dir='ltr'>ὠφέλει.</span> <span class='ocrx_word' id='word_1_596' title='bbox 3650 1105 3726 1159; x_wconf 82' lang='grc' dir='ltr'>Οὐ</span> 
     </span>
    </p>
   </div>
   <div class='ocr_carea' id='block_1_77' title="bbox 2056 1176 3730 1258">
    <p class='ocr_par' dir='ltr' id='par_1_77' title="bbox 2056 1176 3730 1258">
     <span class='ocr_line' id='line_1_77' title="bbox 2056 1176 3730 1258; baseline 0.01 -31"><span class='ocrx_word' id='word_1_597' title='bbox 2056 1176 2164 1246; x_wconf 78' lang='grc' dir='ltr'>γὰρ</span> <span class='ocrx_word' id='word_1_598' title='bbox 2193 1176 2256 1247; x_wconf 86' lang='grc' dir='ltr'>δὴ</span> <span class='ocrx_word' id='word_1_599' title='bbox 2285 1179 2443 1247; x_wconf 88' lang='grc' dir='ltr'>μόνον</span> <span class='ocrx_word' id='word_1_600' title='bbox 2471 1180 2568 1249; x_wconf 85' lang='grc' dir='ltr'>τῆς</span> <span class='ocrx_word' id='word_1_601' title='bbox 2595 1181 2707 1234; x_wconf 88' lang='grc' dir='ltr'>τῶν</span> <span class='ocrx_word' id='word_1_602' title='bbox 2737 1182 2917 1237; x_wconf 84' lang='grc' dir='ltr'>ἄλλων</span> <span class='ocrx_word' id='word_1_603' title='bbox 2949 1185 3233 1255; x_wconf 78' lang='grc' dir='ltr'>ἐφρόντιξε</span> <span class='ocrx_word' id='word_1_604' title='bbox 3267 1189 3562 1258; x_wconf 81' lang='grc' dir='ltr'>σωτηρίας,</span> <span class='ocrx_word' id='word_1_605' title='bbox 3592 1191 3730 1244; x_wconf 80' lang='grc' dir='ltr'>ἀλλὰ</span> 
     </span>
    </p>
   </div>
   <div class='ocr_carea' id='block_1_78' title="bbox 2057 1262 3728 1346">
    <p class='ocr_par' dir='ltr' id='par_1_78' title="bbox 2057 1262 3728 1346">
     <span class='ocr_line' id='line_1_78' title="bbox 2057 1262 3728 1346; baseline 0.01 -33"><span class='ocrx_word' id='word_1_606' title='bbox 2057 1262 2151 1314; x_wconf 70' lang='grc' dir='ltr'>καὶ</span> <span class='ocrx_word' id='word_1_607' title='bbox 2177 1264 2276 1335; x_wconf 90' lang='grc' dir='ltr'>τῆς</span> <span class='ocrx_word' id='word_1_608' title='bbox 2306 1265 2506 1317; x_wconf 77' lang='grc' dir='ltr'>αὐτῶν.</span> <span class='ocrx_word' id='word_1_609' title='bbox 2555 1266 2612 1319; x_wconf 88' lang='lat'>&#39;0</span> <span class='ocrx_word' id='word_1_610' title='bbox 2646 1267 2776 1335; x_wconf 89' lang='grc' dir='ltr'>γοῦν</span> <span class='ocrx_word' id='word_1_611' title='bbox 2800 1270 2865 1338; x_wconf 80' lang='grc' dir='ltr'>τῇ</span> <span class='ocrx_word' id='word_1_612' title='bbox 2900 1271 3030 1339; x_wconf 83' lang='grc' dir='ltr'>σκιᾷ</span> <span class='ocrx_word' id='word_1_613' title='bbox 3059 1272 3348 1333; x_wconf 85' lang='grc' dir='ltr'>τοσούτους</span> <span class='ocrx_word' id='word_1_614' title='bbox 3384 1273 3728 1346; x_wconf 86' lang='grc' dir='ltr'>θεραπεύων,</span> 
     </span>
    </p>
   </div>
   <div class='ocr_carea' id='block_1_79' title="bbox 2054 1351 3726 1426">
    <p class='ocr_par' dir='ltr' id='par_1_79' title="bbox 2054 1351 3726 1426">
     <span class='ocr_line' id='line_1_79' title="bbox 2054 1351 3726 1426; baseline 0.009 -21"><span class='ocrx_word' id='word_1_615' title='bbox 2054 1351 2150 1405; x_wconf 88' lang='grc' dir='ltr'>νῦν</span> <span class='ocrx_word' id='word_1_616' title='bbox 2178 1352 2414 1405; x_wconf 87' lang='grc' dir='ltr'>τοσαῦτα</span> <span class='ocrx_word' id='word_1_617' title='bbox 2438 1353 2572 1423; x_wconf 86' lang='grc' dir='ltr'>πρὸς</span> <span class='ocrx_word' id='word_1_618' title='bbox 2600 1353 2662 1406; x_wconf 87' lang='grc' dir='ltr'>τὸ</span> <span class='ocrx_word' id='word_1_619' title='bbox 2686 1354 3048 1426; x_wconf 78' lang='grc' dir='ltr'>ἐξαναστῆσαι</span> <span class='ocrx_word' id='word_1_620' title='bbox 3073 1363 3234 1413; x_wconf 84' lang='grc' dir='ltr'>ποιεῖ.</span> <span class='ocrx_word' id='word_1_621' title='bbox 3270 1362 3427 1415; x_wconf 79' lang='grc' dir='ltr'>Ἔστι</span> <span class='ocrx_word' id='word_1_622' title='bbox 3480 1363 3537 1417; x_wconf 78' lang='grc' dir='ltr'>δὲ</span> <span class='ocrx_word' id='word_1_623' title='bbox 3592 1366 3726 1420; x_wconf 81' lang='grc' dir='ltr'>ὅπου</span> 
     </span>
    </p>
   </div>
   <div class='ocr_carea' id='block_1_80' title="bbox 2057 1438 3726 1521">
    <p class='ocr_par' dir='ltr' id='par_1_80' title="bbox 2057 1438 3726 1521">
     <span class='ocr_line' id='line_1_80' title="bbox 2057 1438 3726 1521; baseline 0.008 -31"><span class='ocrx_word' id='word_1_624' title='bbox 2057 1439 2150 1491; x_wconf 72' lang='grc' dir='ltr'>καὶ</span> <span class='ocrx_word' id='word_1_625' title='bbox 2194 1438 2227 1507; x_wconf 82' lang='grc' dir='ltr'>ἡ</span> <span class='ocrx_word' id='word_1_626' title='bbox 2272 1438 2454 1501; x_wconf 85' lang='grc' dir='ltr'>πίστις</span> <span class='ocrx_word' id='word_1_627' title='bbox 2505 1439 2614 1491; x_wconf 86' lang='grc' dir='ltr'>τῶν</span> <span class='ocrx_word' id='word_1_628' title='bbox 2674 1443 3004 1509; x_wconf 76' lang='grc' dir='ltr'>προσιόντων</span> <span class='ocrx_word' id='word_1_629' title='bbox 3053 1446 3334 1515; x_wconf 82' lang='grc' dir='ltr'>συνήργει.</span> <span class='ocrx_word' id='word_1_630' title='bbox 3368 1448 3587 1521; x_wconf 81' lang='grc' dir='ltr'>Ταύτην</span> <span class='ocrx_word' id='word_1_631' title='bbox 3631 1448 3726 1507; x_wconf 79' lang='grc' dir='ltr'>οὖν</span> 
     </span>
    </p>
   </div>
   <div class='ocr_carea' id='block_1_81' title="bbox 2057 1522 3727 1609">
    <p class='ocr_par' dir='ltr' id='par_1_81' title="bbox 2057 1522 3727 1609">
     <span class='ocr_line' id='line_1_81' title="bbox 2057 1522 3727 1609; baseline 0.011 -34"><span class='ocrx_word' id='word_1_632' title='bbox 2057 1522 2279 1594; x_wconf 79' lang='grc' dir='ltr'>πρώτην</span> <span class='ocrx_word' id='word_1_633' title='bbox 2315 1525 2512 1596; x_wconf 76' lang='grc' dir='ltr'>νεκρὰν</span> <span class='ocrx_word' id='word_1_634' title='bbox 2546 1526 2818 1597; x_wconf 84' lang='grc' dir='ltr'>ἀνίστησι,</span> <span class='ocrx_word' id='word_1_635' title='bbox 2847 1529 3027 1581; x_wconf 87' lang='grc' dir='ltr'>καλῶν</span> <span class='ocrx_word' id='word_1_636' title='bbox 3091 1530 3151 1595; x_wconf 80' lang='grc' dir='ltr'>ἐξ</span> <span class='ocrx_word' id='word_1_637' title='bbox 3205 1532 3471 1604; x_wconf 85' lang='grc' dir='ltr'>ὀνόματος</span> <span class='ocrx_word' id='word_1_638' title='bbox 3495 1554 3508 1567; x_wconf 77' lang='grc' dir='ltr'><strong><em>ο</em></strong></span> <span class='ocrx_word' id='word_1_639' title='bbox 3545 1538 3580 1609; x_wconf 78' lang='grc' dir='ltr'><strong>ἢ</strong></span> <span class='ocrx_word' id='word_1_640' title='bbox 3632 1542 3727 1594; x_wconf 80' lang='grc' dir='ltr'>καὶ</span> 
     </span>
    </p>
   </div>
   <div class='ocr_carea' id='block_1_82' title="bbox 2054 1610 3728 1694">
    <p class='ocr_par' dir='ltr' id='par_1_82' title="bbox 2054 1610 3728 1694">
     <span class='ocr_line' id='line_1_82' title="bbox 2054 1610 3728 1694; baseline 0.008 -29"><span class='ocrx_word' id='word_1_641' title='bbox 2054 1611 2245 1684; x_wconf 84' lang='grc' dir='ltr'>ῶσπερ</span> <span class='ocrx_word' id='word_1_642' title='bbox 2272 1610 2331 1676; x_wconf 77' lang='grc' dir='ltr'>ἐξ</span> <span class='ocrx_word' id='word_1_643' title='bbox 2356 1611 2525 1665; x_wconf 76' lang='grc' dir='ltr'>ὕπνου</span> <span class='ocrx_word' id='word_1_644' title='bbox 2548 1612 2857 1683; x_wconf 81' lang='grc' dir='ltr'>ἑγερθεῖσα,</span> <span class='ocrx_word' id='word_1_645' title='bbox 2887 1615 3102 1686; x_wconf 86' lang='grc' dir='ltr'>πρῶτον</span> <span class='ocrx_word' id='word_1_646' title='bbox 3134 1618 3315 1689; x_wconf 72' lang='grc' dir='ltr'>ἤνοιξε</span> <span class='ocrx_word' id='word_1_647' title='bbox 3345 1624 3473 1686; x_wconf 81' lang='grc' dir='ltr'>τοὺς</span> <span class='ocrx_word' id='word_1_648' title='bbox 3522 1624 3728 1694; x_wconf 81' lang='grc' dir='ltr'>ὀφθαλ-</span> 
     </span>
    </p>
   </div>
   <div class='ocr_carea' id='block_1_83' title="bbox 2059 1695 3726 1776">
    <p class='ocr_par' dir='ltr' id='par_1_83' title="bbox 2059 1695 3726 1776">
     <span class='ocr_line' id='line_1_83' title="bbox 2059 1695 3726 1776; baseline 0.009 -24"><span class='ocrx_word' id='word_1_649' title='bbox 2059 1698 2213 1769; x_wconf 74' lang='grc' dir='ltr'>μοὺς,</span> <span class='ocrx_word' id='word_1_650' title='bbox 2246 1695 2369 1752; x_wconf 77' lang='grc' dir='ltr'>εἶτα</span> <span class='ocrx_word' id='word_1_651' title='bbox 2400 1699 2560 1762; x_wconf 78' lang='grc' dir='ltr'>εὐθὺς</span> <span class='ocrx_word' id='word_1_652' title='bbox 2610 1699 2795 1754; x_wconf 78' lang='grc' dir='ltr'>ἰδοῦσα</span> <span class='ocrx_word' id='word_1_653' title='bbox 2850 1702 2942 1755; x_wconf 82' lang='grc' dir='ltr'>τὸν</span> <span class='ocrx_word' id='word_1_654' title='bbox 3008 1703 3213 1776; x_wconf 81' lang='grc' dir='ltr'>Πέτρον</span> <span class='ocrx_word' id='word_1_655' title='bbox 3264 1709 3576 1775; x_wconf 82' lang='grc' dir='ltr'>ἀνεκάθισε,</span> <span class='ocrx_word' id='word_1_656' title='bbox 3631 1714 3726 1767; x_wconf 81' lang='grc' dir='ltr'>καὶ</span> 
     </span>
    </p>
   </div>
   <div class='ocr_carea' id='block_1_84' title="bbox 2054 1785 3723 1866">
    <p class='ocr_par' dir='ltr' id='par_1_84' title="bbox 2054 1785 3723 1866">
     <span class='ocr_line' id='line_1_84' title="bbox 2054 1785 3723 1866; baseline 0.008 -28"><span class='ocrx_word' id='word_1_657' title='bbox 2054 1785 2361 1839; x_wconf 88' lang='grc' dir='ltr'>τελευταῖον</span> <span class='ocrx_word' id='word_1_658' title='bbox 2385 1786 2494 1840; x_wconf 82' lang='grc' dir='ltr'>ἀπὸ</span> <span class='ocrx_word' id='word_1_659' title='bbox 2520 1787 2616 1857; x_wconf 81' lang='grc' dir='ltr'>τῆς</span> <span class='ocrx_word' id='word_1_660' title='bbox 2643 1788 2825 1858; x_wconf 83' lang='grc' dir='ltr'>χειρὸς</span> <span class='ocrx_word' id='word_1_661' title='bbox 2846 1790 2945 1860; x_wconf 89' lang='grc' dir='ltr'>τῆς</span> <span class='ocrx_word' id='word_1_662' title='bbox 2968 1791 3112 1861; x_wconf 78' lang='grc' dir='ltr'>ἁφῆς</span> <span class='ocrx_word' id='word_1_663' title='bbox 3170 1796 3507 1866; x_wconf 89' lang='grc' dir='ltr'>στερεοῦται.</span> <span class='ocrx_word' id='word_1_664' title='bbox 3553 1800 3626 1853; x_wconf 86' lang='grc' dir='ltr'>Σὺ</span> <span class='ocrx_word' id='word_1_665' title='bbox 3662 1800 3723 1854; x_wconf 76' lang='grc' dir='ltr'>δέ</span> 
     </span>
    </p>
   </div>
   <div class='ocr_carea' id='block_1_85' title="bbox 2059 1869 3726 1953">
    <p class='ocr_par' dir='ltr' id='par_1_85' title="bbox 2059 1869 3726 1953">
     <span class='ocr_line' id='line_1_85' title="bbox 2059 1869 3726 1953; baseline 0.01 -32"><span class='ocrx_word' id='word_1_666' title='bbox 2059 1885 2150 1940; x_wconf 90' lang='grc' dir='ltr'>μοι</span> <span class='ocrx_word' id='word_1_667' title='bbox 2199 1869 2415 1933; x_wconf 86' lang='grc' dir='ltr'>σκόπει,</span> <span class='ocrx_word' id='word_1_668' title='bbox 2474 1869 2534 1922; x_wconf 82' lang='grc' dir='ltr'>τὸ</span> <span class='ocrx_word' id='word_1_669' title='bbox 2585 1871 2771 1941; x_wconf 84' lang='grc' dir='ltr'>κέρδος</span> <span class='ocrx_word' id='word_1_670' title='bbox 2816 1873 2932 1937; x_wconf 88' lang='grc' dir='ltr'>πῶς</span> <span class='ocrx_word' id='word_1_671' title='bbox 2985 1876 3146 1930; x_wconf 86' lang='grc' dir='ltr'>πάλιν</span> <span class='ocrx_word' id='word_1_672' title='bbox 3189 1880 3283 1931; x_wconf 70' lang='grc' dir='ltr'>καὶ</span> <span class='ocrx_word' id='word_1_673' title='bbox 3314 1879 3404 1932; x_wconf 76' lang='grc' dir='ltr'>τὸν</span> <span class='ocrx_word' id='word_1_674' title='bbox 3426 1882 3637 1953; x_wconf 81' lang='grc' dir='ltr'>καρπὸν</span> <span class='ocrx_word' id='word_1_675' title='bbox 3663 1885 3726 1937; x_wconf 89' lang='grc' dir='ltr'>ού</span> 
     </span>
    </p>
   </div>
   <div class='ocr_carea' id='block_1_86' title="bbox 2056 1956 3728 2031">
    <p class='ocr_par' dir='ltr' id='par_1_86' title="bbox 2056 1956 3728 2031">
     <span class='ocr_line' id='line_1_86' title="bbox 2056 1956 3728 2031; baseline 0.007 -23"><span class='ocrx_word' id='word_1_676' title='bbox 2056 1957 2193 2027; x_wconf 85' lang='grc' dir='ltr'>πρὸς</span> <span class='ocrx_word' id='word_1_677' title='bbox 2221 1956 2480 2021; x_wconf 77' lang='grc' dir='ltr'>ἐπίδειξιν</span> <span class='ocrx_word' id='word_1_678' title='bbox 2507 1957 2653 2012; x_wconf 78' lang='grc' dir='ltr'>ὄντα.</span> <span class='ocrx_word' id='word_1_679' title='bbox 2688 1960 2786 2012; x_wconf 87' lang='grc' dir='ltr'>Διά</span> <span class='ocrx_word' id='word_1_680' title='bbox 2813 1960 2974 2014; x_wconf 79' lang='grc' dir='ltr'>τοῦτο</span> <span class='ocrx_word' id='word_1_681' title='bbox 3000 1963 3129 2031; x_wconf 89' lang='grc' dir='ltr'>γοῦν</span> <span class='ocrx_word' id='word_1_682' title='bbox 3161 1966 3256 2018; x_wconf 76' lang='grc' dir='ltr'>καὶ</span> <span class='ocrx_word' id='word_1_683' title='bbox 3294 1967 3550 2021; x_wconf 81' lang='grc' dir='ltr'>ἐκϐάλλει</span> <span class='ocrx_word' id='word_1_684' title='bbox 3587 1969 3728 2024; x_wconf 83' lang='grc' dir='ltr'>πάν-</span> 
     </span>
    </p>
   </div>
   <div class='ocr_carea' id='block_1_87' title="bbox 2054 2044 3727 2124">
    <p class='ocr_par' dir='ltr' id='par_1_87' title="bbox 2054 2044 3727 2124">
     <span class='ocr_line' id='line_1_87' title="bbox 2054 2044 3727 2124; baseline 0.008 -27"><span class='ocrx_word' id='word_1_685' title='bbox 2054 2061 2153 2108; x_wconf 87' lang='grc' dir='ltr'>τας</span> <span class='ocrx_word' id='word_1_686' title='bbox 2185 2044 2309 2111; x_wconf 80' lang='grc' dir='ltr'>ἕξω,</span> <span class='ocrx_word' id='word_1_687' title='bbox 2338 2045 2429 2098; x_wconf 81' lang='grc' dir='ltr'>τὸν</span> <span class='ocrx_word' id='word_1_688' title='bbox 2454 2045 2779 2100; x_wconf 86' lang='grc' dir='ltr'>Διδάσκαλον</span> <span class='ocrx_word' id='word_1_689' title='bbox 2807 2050 2909 2102; x_wconf 77' lang='grc' dir='ltr'>κάν</span> <span class='ocrx_word' id='word_1_690' title='bbox 2938 2049 3111 2121; x_wconf 84' lang='grc' dir='ltr'>τούτῳ</span> <span class='ocrx_word' id='word_1_691' title='bbox 3146 2054 3502 2124; x_wconf 88' lang='grc' dir='ltr'>μιμούμενος.</span> <span class='ocrx_word' id='word_1_692' title='bbox 3560 2057 3727 2111; x_wconf 84' lang='grc' dir='ltr'>Ἔνθα</span> 
     </span>
    </p>
   </div>
   <div class='ocr_carea' id='block_1_88' title="bbox 2055 2134 3729 2217">
    <p class='ocr_par' dir='ltr' id='par_1_88' title="bbox 2055 2134 3729 2217">
     <span class='ocr_line' id='line_1_88' title="bbox 2055 2134 3729 2217; baseline 0.01 -32"><span class='ocrx_word' id='word_1_693' title='bbox 2055 2135 2162 2205; x_wconf 71' lang='grc' dir='ltr'>γὰρ</span> <span class='ocrx_word' id='word_1_694' title='bbox 2182 2134 2412 2204; x_wconf 83' lang='grc' dir='ltr'>δάκρυα,</span> <span class='ocrx_word' id='word_1_695' title='bbox 2432 2135 2671 2189; x_wconf 84' lang='grc' dir='ltr'>τοιοῦτον</span> <span class='ocrx_word' id='word_1_696' title='bbox 2706 2140 3002 2210; x_wconf 76' lang='grc' dir='ltr'>μυστήριον</span> <span class='ocrx_word' id='word_1_697' title='bbox 3022 2142 3085 2194; x_wconf 87' lang='grc' dir='ltr'>ού</span> <span class='ocrx_word' id='word_1_698' title='bbox 3114 2141 3195 2194; x_wconf 89' lang='grc' dir='ltr'>δεῖ</span> <span class='ocrx_word' id='word_1_699' title='bbox 3222 2144 3494 2198; x_wconf 85' lang='grc' dir='ltr'>τελεῖσθαι</span> <span class='ocrx_word' id='word_1_700' title='bbox 3516 2162 3533 2178; x_wconf 75' lang='grc' dir='ltr'><strong>ο</strong></span> <span class='ocrx_word' id='word_1_701' title='bbox 3592 2148 3729 2217; x_wconf 83' lang='grc' dir='ltr'>μᾶλ-</span> 
     </span>
    </p>
   </div>
   <div class='ocr_carea' id='block_1_89' title="bbox 2053 2221 3729 2301">
    <p class='ocr_par' dir='ltr' id='par_1_89' title="bbox 2053 2221 3729 2301">
     <span class='ocr_line' id='line_1_89' title="bbox 2053 2221 3729 2301; baseline 0.008 -27"><span class='ocrx_word' id='word_1_702' title='bbox 2053 2221 2143 2275; x_wconf 89' lang='grc' dir='ltr'>λον</span> <span class='ocrx_word' id='word_1_703' title='bbox 2167 2221 2243 2282; x_wconf 85' lang='grc' dir='ltr'>δὲ,</span> <span class='ocrx_word' id='word_1_704' title='bbox 2270 2222 2397 2275; x_wconf 79' lang='grc' dir='ltr'>ἔνθα</span> <span class='ocrx_word' id='word_1_705' title='bbox 2431 2221 2703 2291; x_wconf 83' lang='grc' dir='ltr'>θαύματα,</span> <span class='ocrx_word' id='word_1_706' title='bbox 2730 2226 2792 2277; x_wconf 82' lang='grc' dir='ltr'>ού</span> <span class='ocrx_word' id='word_1_707' title='bbox 2820 2225 2902 2279; x_wconf 85' lang='grc' dir='ltr'>δεῖ</span> <span class='ocrx_word' id='word_1_708' title='bbox 2930 2226 3144 2297; x_wconf 86' lang='grc' dir='ltr'>δάκρυα</span> <span class='ocrx_word' id='word_1_709' title='bbox 3205 2234 3476 2301; x_wconf 85' lang='grc' dir='ltr'>παρεῖναι.</span> <span class='ocrx_word' id='word_1_710' title='bbox 3539 2234 3729 2288; x_wconf 83' lang='grc' dir='ltr'>Ἀκού-</span> 
     </span>
    </p>
   </div>
   <div class='ocr_carea' id='block_1_90' title="bbox 2057 2307 3728 2385">
    <p class='ocr_par' dir='ltr' id='par_1_90' title="bbox 2057 2307 3728 2385">
     <span class='ocr_line' id='line_1_90' title="bbox 2057 2307 3728 2385; baseline 0.01 -28"><span class='ocrx_word' id='word_1_711' title='bbox 2057 2322 2206 2370; x_wconf 86' lang='grc' dir='ltr'>σατε,</span> <span class='ocrx_word' id='word_1_712' title='bbox 2232 2307 2551 2375; x_wconf 85' lang='grc' dir='ltr'>παρακαλῶ,</span> <span class='ocrx_word' id='word_1_713' title='bbox 2585 2311 2633 2362; x_wconf 86' lang='grc' dir='ltr'>εί</span> <span class='ocrx_word' id='word_1_714' title='bbox 2658 2311 2751 2363; x_wconf 78' lang='grc' dir='ltr'>καὶ</span> <span class='ocrx_word' id='word_1_715' title='bbox 2777 2311 2852 2381; x_wconf 87' lang='grc' dir='ltr'>μὴ</span> <span class='ocrx_word' id='word_1_716' title='bbox 2906 2312 3149 2369; x_wconf 85' lang='grc' dir='ltr'>τοιοῦτόν</span> <span class='ocrx_word' id='word_1_717' title='bbox 3221 2333 3275 2368; x_wconf 90' lang='grc' dir='ltr'>τι</span> <span class='ocrx_word' id='word_1_718' title='bbox 3329 2317 3559 2385; x_wconf 84' lang='grc' dir='ltr'>γίνεται,</span> <span class='ocrx_word' id='word_1_719' title='bbox 3590 2319 3728 2373; x_wconf 80' lang='grc' dir='ltr'>ἀλλὰ</span> 
     </span>
    </p>
   </div>
   <div class='ocr_carea' id='block_1_91' title="bbox 2057 2388 3726 2473">
    <p class='ocr_par' dir='ltr' id='par_1_91' title="bbox 2057 2388 3726 2473">
     <span class='ocr_line' id='line_1_91' title="bbox 2057 2388 3726 2473; baseline 0.009 -29"><span class='ocrx_word' id='word_1_720' title='bbox 2057 2388 2232 2445; x_wconf 69' lang='grc' dir='ltr'>καῖ’ἐν</span> <span class='ocrx_word' id='word_1_721' title='bbox 2254 2395 2367 2458; x_wconf 88' lang='grc' dir='ltr'>τοῖς</span> <span class='ocrx_word' id='word_1_722' title='bbox 2397 2394 2489 2447; x_wconf 87' lang='grc' dir='ltr'>νῦν</span> <span class='ocrx_word' id='word_1_723' title='bbox 2515 2398 2729 2466; x_wconf 86' lang='grc' dir='ltr'>νεκροῖς</span> <span class='ocrx_word' id='word_1_724' title='bbox 2767 2398 2910 2468; x_wconf 78' lang='grc' dir='ltr'>μέγα</span> <span class='ocrx_word' id='word_1_725' title='bbox 2929 2398 3162 2454; x_wconf 87' lang='grc' dir='ltr'>τελεῖται</span> <span class='ocrx_word' id='word_1_726' title='bbox 3209 2403 3526 2473; x_wconf 84' lang='grc' dir='ltr'>μυστήριον.</span> <span class='ocrx_word' id='word_1_727' title='bbox 3587 2406 3726 2459; x_wconf 76' lang='grc' dir='ltr'><strong>Εἰπὲ</strong></span> 
     </span>
    </p>
   </div>
   <div class='ocr_carea' id='block_1_92' title="bbox 2054 2478 3728 2559">
    <p class='ocr_par' dir='ltr' id='par_1_92' title="bbox 2054 2478 3728 2559">
     <span class='ocr_line' id='line_1_92' title="bbox 2054 2478 3728 2559; baseline 0.01 -30"><span class='ocrx_word' id='word_1_728' title='bbox 2054 2478 2118 2549; x_wconf 83' lang='grc' dir='ltr'>δή</span> <span class='ocrx_word' id='word_1_729' title='bbox 2146 2495 2258 2548; x_wconf 88' lang='grc' dir='ltr'>μοι,</span> <span class='ocrx_word' id='word_1_730' title='bbox 2290 2481 2339 2531; x_wconf 85' lang='grc' dir='ltr'>εί</span> <span class='ocrx_word' id='word_1_731' title='bbox 2388 2481 2711 2551; x_wconf 75' lang='grc' dir='ltr'>καθημένων</span> <span class='ocrx_word' id='word_1_732' title='bbox 2750 2484 2907 2554; x_wconf 77' lang='grc' dir='ltr'>ἡμῶν</span> <span class='ocrx_word' id='word_1_733' title='bbox 2954 2484 3199 2557; x_wconf 78' lang='grc' dir='ltr'>ἐπεμψεν</span> <span class='ocrx_word' id='word_1_734' title='bbox 3253 2490 3283 2541; x_wconf 93' lang='lat'>6</span> <span class='ocrx_word' id='word_1_735' title='bbox 3333 2488 3586 2559; x_wconf 75' lang='grc' dir='ltr'>βασιλεύς</span> <span class='ocrx_word' id='word_1_736' title='bbox 3604 2508 3728 2547; x_wconf 89' lang='grc' dir='ltr'>τινα</span> 
     </span>
    </p>
   </div>
   <div class='ocr_carea' id='block_1_93' title="bbox 2060 2564 3727 2647">
    <p class='ocr_par' dir='ltr' id='par_1_93' title="bbox 2060 2564 3727 2647">
     <span class='ocr_line' id='line_1_93' title="bbox 2060 2564 3727 2647; baseline 0.008 -29"><span class='ocrx_word' id='word_1_737' title='bbox 2060 2564 2236 2619; x_wconf 79' lang='grc' dir='ltr'>καλῶν</span> <span class='ocrx_word' id='word_1_738' title='bbox 2265 2566 2345 2625; x_wconf 88' lang='grc' dir='ltr'>είς</span> <span class='ocrx_word' id='word_1_739' title='bbox 2380 2565 2448 2618; x_wconf 89' lang='grc' dir='ltr'>τά</span> <span class='ocrx_word' id='word_1_740' title='bbox 2475 2566 2740 2636; x_wconf 85' lang='grc' dir='ltr'>βασίλεια,</span> <span class='ocrx_word' id='word_1_741' title='bbox 2782 2570 2993 2625; x_wconf 88' lang='grc' dir='ltr'>κλαίειν</span> <span class='ocrx_word' id='word_1_742' title='bbox 3026 2572 3131 2627; x_wconf 76' lang='grc' dir='ltr'>ἔδει</span> <span class='ocrx_word' id='word_1_743' title='bbox 3166 2575 3259 2628; x_wconf 82' lang='grc' dir='ltr'>καὶ</span> <span class='ocrx_word' id='word_1_744' title='bbox 3304 2574 3557 2647; x_wconf 87' lang='grc' dir='ltr'>θρηνεῖν;</span> <span class='ocrx_word' id='word_1_745' title='bbox 3593 2580 3727 2647; x_wconf 80' lang='grc' dir='ltr'>Ἀγ-</span> 
     </span>
    </p>
   </div>
   <div class='ocr_carea' id='block_1_94' title="bbox 2055 2650 3728 2731">
    <p class='ocr_par' dir='ltr' id='par_1_94' title="bbox 2055 2650 3728 2731">
     <span class='ocr_line' id='line_1_94' title="bbox 2055 2650 3728 2731; baseline 0.01 -27"><span class='ocrx_word' id='word_1_746' title='bbox 2055 2650 2203 2718; x_wconf 88' lang='grc' dir='ltr'>γελοι</span> <span class='ocrx_word' id='word_1_747' title='bbox 2267 2651 2523 2723; x_wconf 74' lang='grc' dir='ltr'>πάρεισιν</span> <span class='ocrx_word' id='word_1_748' title='bbox 2582 2653 2640 2720; x_wconf 83' lang='grc' dir='ltr'>ἐξ</span> <span class='ocrx_word' id='word_1_749' title='bbox 2703 2656 2947 2726; x_wconf 68' lang='grc' dir='ltr'>οὐρανῶν</span> <span class='ocrx_word' id='word_1_750' title='bbox 3001 2659 3399 2731; x_wconf 81' lang='grc' dir='ltr'>ἀπεσταλμένοι</span> <span class='ocrx_word' id='word_1_751' title='bbox 3471 2665 3728 2721; x_wconf 81' lang='grc' dir='ltr'>κάκεῖθεν</span> 
     </span>
    </p>
   </div>
   <div class='ocr_carea' id='block_1_95' title="bbox 2055 2738 3726 2817">
    <p class='ocr_par' dir='ltr' id='par_1_95' title="bbox 2055 2738 3726 2817">
     <span class='ocr_line' id='line_1_95' title="bbox 2055 2738 3726 2817; baseline 0.01 -28"><span class='ocrx_word' id='word_1_752' title='bbox 2055 2738 2302 2807; x_wconf 80' lang='grc' dir='ltr'>ἥκοντες,</span> <span class='ocrx_word' id='word_1_753' title='bbox 2361 2740 2490 2808; x_wconf 75' lang='grc' dir='ltr'>παρ’</span> <span class='ocrx_word' id='word_1_754' title='bbox 2546 2739 2712 2792; x_wconf 80' lang='grc' dir='ltr'>αὐτοῦ</span> <span class='ocrx_word' id='word_1_755' title='bbox 2761 2743 3103 2812; x_wconf 82' lang='grc' dir='ltr'>πεμφθέντες</span> <span class='ocrx_word' id='word_1_756' title='bbox 3161 2746 3257 2799; x_wconf 86' lang='grc' dir='ltr'>τοῦ</span> <span class='ocrx_word' id='word_1_757' title='bbox 3322 2748 3587 2817; x_wconf 84' lang='grc' dir='ltr'>βασιλέως</span> <span class='ocrx_word' id='word_1_758' title='bbox 3636 2752 3726 2804; x_wconf 83' lang='grc' dir='ltr'>τὸν</span> 
     </span>
    </p>
   </div>
   <div class='ocr_carea' id='block_1_96' title="bbox 2060 2822 3727 2903">
    <p class='ocr_par' dir='ltr' id='par_1_96' title="bbox 2060 2822 3727 2903">
     <span class='ocr_line' id='line_1_96' title="bbox 2060 2822 3727 2903; baseline 0.01 -28"><span class='ocrx_word' id='word_1_759' title='bbox 2060 2822 2340 2876; x_wconf 87' lang='grc' dir='ltr'>σύνδουλον</span> <span class='ocrx_word' id='word_1_760' title='bbox 2394 2824 2622 2878; x_wconf 85' lang='grc' dir='ltr'>καλέσαι</span> <span class='ocrx_word' id='word_1_761' title='bbox 2675 2826 2767 2880; x_wconf 83' lang='grc' dir='ltr'>τὸν</span> <span class='ocrx_word' id='word_1_762' title='bbox 2833 2828 3014 2881; x_wconf 76' lang='grc' dir='ltr'>αὐτῶν</span> <span class='ocrx_word' id='word_1_763' title='bbox 3038 2845 3051 2858; x_wconf 85' lang='grc'><strong>·</strong></span> <span class='ocrx_word' id='word_1_764' title='bbox 3110 2831 3299 2885; x_wconf 77' lang='grc' dir='ltr'>καὶσὺ</span> <span class='ocrx_word' id='word_1_765' title='bbox 3329 2833 3570 2903; x_wconf 84' lang='grc' dir='ltr'>κλαίεις;</span> <span class='ocrx_word' id='word_1_766' title='bbox 3612 2838 3727 2891; x_wconf 84' lang='grc' dir='ltr'>Ούκ</span> 
     </span>
    </p>
   </div>
   <div class='ocr_carea' id='block_1_97' title="bbox 2057 2908 3725 2995">
    <p class='ocr_par' dir='ltr' id='par_1_97' title="bbox 2057 2908 3725 2995">
     <span class='ocr_line' id='line_1_97' title="bbox 2057 2908 3725 2995; baseline 0.009 -30"><span class='ocrx_word' id='word_1_767' title='bbox 2057 2909 2206 2977; x_wconf 77' lang='grc' dir='ltr'>οἶδας</span> <span class='ocrx_word' id='word_1_768' title='bbox 2252 2908 2363 2966; x_wconf 80' lang='grc' dir='ltr'>οἷον</span> <span class='ocrx_word' id='word_1_769' title='bbox 2408 2915 2704 2985; x_wconf 81' lang='grc' dir='ltr'>μυστήριόν</span> <span class='ocrx_word' id='word_1_770' title='bbox 2737 2916 2853 2968; x_wconf 80' lang='grc' dir='ltr'>ἐστι</span> <span class='ocrx_word' id='word_1_771' title='bbox 2896 2917 2958 2970; x_wconf 69' lang='grc' dir='ltr'>τὸ</span> <span class='ocrx_word' id='word_1_772' title='bbox 2988 2918 3302 2989; x_wconf 86' lang='grc' dir='ltr'>γινόμενον;</span> <span class='ocrx_word' id='word_1_773' title='bbox 3345 2921 3462 2985; x_wconf 87' lang='grc' dir='ltr'>πῶς</span> <span class='ocrx_word' id='word_1_774' title='bbox 3496 2925 3725 2995; x_wconf 71' lang='grc' dir='ltr'>φρικτὸν</span> 
     </span>
    </p>
   </div>
   <div class='ocr_carea' id='block_1_98' title="bbox 2058 3000 3546 3079">
    <p class='ocr_par' dir='ltr' id='par_1_98' title="bbox 2058 3000 3546 3079">
     <span class='ocr_line' id='line_1_98' title="bbox 2058 3000 3546 3079; baseline 0.004 -26"><span class='ocrx_word' id='word_1_775' title='bbox 2058 3001 2152 3054; x_wconf 77' lang='grc' dir='ltr'>καὶ</span> <span class='ocrx_word' id='word_1_776' title='bbox 2180 3000 2429 3070; x_wconf 78' lang='grc' dir='ltr'>φοϐερὸν,</span> <span class='ocrx_word' id='word_1_777' title='bbox 2459 3000 2554 3053; x_wconf 76' lang='grc' dir='ltr'>καὶ</span> <span class='ocrx_word' id='word_1_778' title='bbox 2587 3000 2770 3071; x_wconf 80' lang='grc' dir='ltr'>ὓμνων</span> <span class='ocrx_word' id='word_1_779' title='bbox 2800 3002 2946 3067; x_wconf 78' lang='grc' dir='ltr'>ἄξιον</span> <span class='ocrx_word' id='word_1_780' title='bbox 2969 3003 3136 3069; x_wconf 77' lang='grc' dir='ltr'>ὅντως</span> <span class='ocrx_word' id='word_1_781' title='bbox 3167 3007 3255 3059; x_wconf 72' lang='grc' dir='ltr'>καὶ</span> <span class='ocrx_word' id='word_1_782' title='bbox 3285 3010 3457 3079; x_wconf 82' lang='grc' dir='ltr'>χαρᾶς</span> <span class='ocrx_word' id='word_1_783' title='bbox 3487 3022 3546 3075; x_wconf 75' lang='lat' dir='ltr'><strong>e;</strong></span> 
     </span>
    </p>
   </div>
   <div class='ocr_carea' id='block_1_99' title="bbox 2127 3085 3726 3163">
    <p class='ocr_par' dir='ltr' id='par_1_99' title="bbox 2127 3085 3726 3163">
     <span class='ocr_line' id='line_1_99' title="bbox 2127 3085 3726 3163; baseline 0.008 -26"><span class='ocrx_word' id='word_1_784' title='bbox 2127 3085 2191 3138; x_wconf 86' lang='grc' dir='ltr'>δ’.</span> <span class='ocrx_word' id='word_1_785' title='bbox 2228 3085 2417 3138; x_wconf 82' lang='grc' dir='ltr'>Βούλει</span> <span class='ocrx_word' id='word_1_786' title='bbox 2446 3085 2659 3156; x_wconf 87' lang='grc' dir='ltr'>μαθεῖν,</span> <span class='ocrx_word' id='word_1_787' title='bbox 2692 3086 2779 3139; x_wconf 80' lang='grc' dir='ltr'>ἵνα</span> <span class='ocrx_word' id='word_1_788' title='bbox 2803 3087 2970 3159; x_wconf 77' lang='grc' dir='ltr'>εἰδῇς,</span> <span class='ocrx_word' id='word_1_789' title='bbox 3006 3089 3088 3142; x_wconf 85' lang='grc' dir='ltr'>ὅτι</span> <span class='ocrx_word' id='word_1_790' title='bbox 3109 3090 3229 3160; x_wconf 75' lang='grc' dir='ltr'>οὐχὶ</span> <span class='ocrx_word' id='word_1_791' title='bbox 3261 3091 3516 3163; x_wconf 82' lang='grc' dir='ltr'>δακρύων</span> <span class='ocrx_word' id='word_1_792' title='bbox 3547 3096 3575 3148; x_wconf 92' lang='lat'>6</span> <span class='ocrx_word' id='word_1_793' title='bbox 3605 3112 3726 3150; x_wconf 84' lang='grc' dir='ltr'>και-</span> 
     </span>
    </p>
   </div>
   <div class='ocr_carea' id='block_1_100' title="bbox 2060 3172 3727 3252">
    <p class='ocr_par' dir='ltr' id='par_1_100' title="bbox 2060 3172 3727 3252">
     <span class='ocr_line' id='line_1_100' title="bbox 2060 3172 3727 3252; baseline 0.007 -28"><span class='ocrx_word' id='word_1_794' title='bbox 2060 3172 2183 3242; x_wconf 89' lang='grc' dir='ltr'>ρός;</span> <span class='ocrx_word' id='word_1_795' title='bbox 2224 3172 2334 3243; x_wconf 86' lang='grc' dir='ltr'>Τῆς</span> <span class='ocrx_word' id='word_1_796' title='bbox 2371 3173 2465 3225; x_wconf 88' lang='grc' dir='ltr'>τοῦ</span> <span class='ocrx_word' id='word_1_797' title='bbox 2500 3172 2636 3225; x_wconf 85' lang='grc' dir='ltr'>Θεοῦ</span> <span class='ocrx_word' id='word_1_798' title='bbox 2696 3174 2888 3243; x_wconf 84' lang='grc' dir='ltr'>σοφίας</span> <span class='ocrx_word' id='word_1_799' title='bbox 2940 3175 3197 3246; x_wconf 81' lang='grc' dir='ltr'>μέγιστόν</span> <span class='ocrx_word' id='word_1_800' title='bbox 3258 3180 3376 3233; x_wconf 88' lang='grc' dir='ltr'>ἐστι</span> <span class='ocrx_word' id='word_1_801' title='bbox 3414 3180 3572 3235; x_wconf 90' lang='grc' dir='ltr'>τοῦτο</span> <span class='ocrx_word' id='word_1_802' title='bbox 3630 3200 3727 3252; x_wconf 87' lang='grc' dir='ltr'>μυ-</span> 
     </span>
    </p>
   </div>
   <div class='ocr_carea' id='block_1_101' title="bbox 2059 3259 3724 3341">
    <p class='ocr_par' dir='ltr' id='par_1_101' title="bbox 2059 3259 3724 3341">
     <span class='ocr_line' id='line_1_101' title="bbox 2059 3259 3724 3341; baseline 0.007 -30"><span class='ocrx_word' id='word_1_803' title='bbox 2059 3260 2296 3330; x_wconf 83' lang='grc' dir='ltr'>στήριον.</span> <span class='ocrx_word' id='word_1_804' title='bbox 2349 3259 2560 3330; x_wconf 81' lang='grc' dir='ltr'>Ὥσπερ</span> <span class='ocrx_word' id='word_1_805' title='bbox 2610 3260 2718 3331; x_wconf 85' lang='grc' dir='ltr'>γάρ</span> <span class='ocrx_word' id='word_1_806' title='bbox 2754 3279 2878 3314; x_wconf 86' lang='grc' dir='ltr'>τινα</span> <span class='ocrx_word' id='word_1_807' title='bbox 2907 3263 3083 3317; x_wconf 89' lang='grc' dir='ltr'>οίκίαν</span> <span class='ocrx_word' id='word_1_808' title='bbox 3136 3265 3379 3331; x_wconf 85' lang='grc' dir='ltr'>ἀφιεῖσα,</span> <span class='ocrx_word' id='word_1_809' title='bbox 3410 3269 3659 3338; x_wconf 86' lang='grc' dir='ltr'>πρόεισιν</span> <span class='ocrx_word' id='word_1_810' title='bbox 3689 3271 3724 3341; x_wconf 87' lang='grc' dir='ltr'><strong>ἡ</strong></span> 
     </span>
    </p>
   </div>
   <div class='ocr_carea' id='block_1_102' title="bbox 2055 3345 3725 3425">
    <p class='ocr_par' dir='ltr' id='par_1_102' title="bbox 2055 3345 3725 3425">
     <span class='ocr_line' id='line_1_102' title="bbox 2055 3345 3725 3425; baseline 0.008 -27"><span class='ocrx_word' id='word_1_811' title='bbox 2055 3346 2199 3417; x_wconf 78' lang='grc' dir='ltr'>ψυχὴ</span> <span class='ocrx_word' id='word_1_812' title='bbox 2228 3345 2363 3418; x_wconf 82' lang='grc' dir='ltr'>πρὸς</span> <span class='ocrx_word' id='word_1_813' title='bbox 2391 3346 2482 3398; x_wconf 84' lang='grc' dir='ltr'>τὸν</span> <span class='ocrx_word' id='word_1_814' title='bbox 2540 3348 2739 3419; x_wconf 83' lang='grc' dir='ltr'>ἑαυτῆς</span> <span class='ocrx_word' id='word_1_815' title='bbox 2785 3349 3115 3421; x_wconf 77' lang='grc' dir='ltr'>ἐπειγομένη</span> <span class='ocrx_word' id='word_1_816' title='bbox 3170 3354 3482 3425; x_wconf 80' lang='grc' dir='ltr'>Δεσπότην’</span> <span class='ocrx_word' id='word_1_817' title='bbox 3547 3357 3612 3409; x_wconf 81' lang='grc' dir='ltr'>σὺ</span> <span class='ocrx_word' id='word_1_818' title='bbox 3665 3358 3725 3412; x_wconf 77' lang='grc' dir='ltr'>δὲ</span> 
     </span>
    </p>
   </div>
   <div class='ocr_carea' id='block_1_103' title="bbox 2056 3430 3727 3505">
    <p class='ocr_par' dir='ltr' id='par_1_103' title="bbox 2056 3430 3727 3505">
     <span class='ocr_line' id='line_1_103' title="bbox 2056 3430 3727 3505; baseline 0.009 -21"><span class='ocrx_word' id='word_1_819' title='bbox 2056 3432 2305 3495; x_wconf 86' lang='grc' dir='ltr'>πενθεῖς;</span> <span class='ocrx_word' id='word_1_820' title='bbox 2356 3430 2565 3486; x_wconf 72' lang='grc' dir='ltr'>Οὐκοῦν</span> <span class='ocrx_word' id='word_1_821' title='bbox 2626 3434 2720 3487; x_wconf 74' lang='grc' dir='ltr'>καὶ</span> <span class='ocrx_word' id='word_1_822' title='bbox 2776 3437 3096 3505; x_wconf 86' lang='grc' dir='ltr'>τικτομένου</span> <span class='ocrx_word' id='word_1_823' title='bbox 3154 3438 3246 3491; x_wconf 83' lang='grc' dir='ltr'>τοῦ</span> <span class='ocrx_word' id='word_1_824' title='bbox 3308 3441 3523 3496; x_wconf 80' lang='grc' dir='ltr'>παιδίου</span> <span class='ocrx_word' id='word_1_825' title='bbox 3567 3444 3727 3499; x_wconf 86' lang='grc' dir='ltr'>τοῦτο</span> 
     </span>
    </p>
   </div>
   <div class='ocr_carea' id='block_1_104' title="bbox 2058 3518 3727 3599">
    <p class='ocr_par' dir='ltr' id='par_1_104' title="bbox 2058 3518 3727 3599">
     <span class='ocr_line' id='line_1_104' title="bbox 2058 3518 3727 3599; baseline 0.008 -29"><span class='ocrx_word' id='word_1_826' title='bbox 2058 3521 2229 3571; x_wconf 84' lang='grc' dir='ltr'>ποιεῖν</span> <span class='ocrx_word' id='word_1_827' title='bbox 2261 3518 2430 3589; x_wconf 82' lang='grc' dir='ltr'>ἐχρῆν</span> <span class='ocrx_word' id='word_1_828' title='bbox 2452 3535 2467 3550; x_wconf 79' lang='grc' dir='ltr'><strong>ο</strong></span> <span class='ocrx_word' id='word_1_829' title='bbox 2499 3519 2592 3572; x_wconf 69' lang='grc' dir='ltr'>καὶ</span> <span class='ocrx_word' id='word_1_830' title='bbox 2621 3520 2730 3591; x_wconf 82' lang='grc' dir='ltr'>γὰρ</span> <span class='ocrx_word' id='word_1_831' title='bbox 2757 3520 2916 3573; x_wconf 88' lang='grc' dir='ltr'>τοῦτο</span> <span class='ocrx_word' id='word_1_832' title='bbox 2939 3521 3099 3585; x_wconf 89' lang='grc' dir='ltr'>τόκος</span> <span class='ocrx_word' id='word_1_833' title='bbox 3147 3525 3297 3577; x_wconf 80' lang='grc' dir='ltr'>ἐστὶν</span> <span class='ocrx_word' id='word_1_834' title='bbox 3349 3527 3564 3580; x_wconf 87' lang='grc' dir='ltr'>ἐκείνου</span> <span class='ocrx_word' id='word_1_835' title='bbox 3604 3530 3727 3599; x_wconf 84' lang='grc' dir='ltr'>βελ-</span> 
     </span>
    </p>
   </div>
   <div class='ocr_carea' id='block_1_105' title="bbox 2056 3603 3725 3688">
    <p class='ocr_par' dir='ltr' id='par_1_105' title="bbox 2056 3603 3725 3688">
     <span class='ocr_line' id='line_1_105' title="bbox 2056 3603 3725 3688; baseline 0.01 -32"><span class='ocrx_word' id='word_1_836' title='bbox 2056 3603 2207 3658; x_wconf 88' lang='grc' dir='ltr'>τίων.</span> <span class='ocrx_word' id='word_1_837' title='bbox 2237 3605 2457 3676; x_wconf 87' lang='grc' dir='ltr'>Πρόεισι</span> <span class='ocrx_word' id='word_1_838' title='bbox 2485 3605 2594 3676; x_wconf 86' lang='grc' dir='ltr'>γὰρ</span> <span class='ocrx_word' id='word_1_839' title='bbox 2620 3607 2704 3674; x_wconf 85' lang='grc' dir='ltr'>ἐφ’</span> <span class='ocrx_word' id='word_1_840' title='bbox 2733 3606 2922 3677; x_wconf 72' lang='grc' dir='ltr'>ἕτερον</span> <span class='ocrx_word' id='word_1_841' title='bbox 2972 3609 3110 3678; x_wconf 90' lang='grc' dir='ltr'>φῶς,</span> <span class='ocrx_word' id='word_1_842' title='bbox 3176 3613 3474 3669; x_wconf 84' lang='grc' dir='ltr'>ἀπολύεται</span> <span class='ocrx_word' id='word_1_843' title='bbox 3535 3615 3725 3688; x_wconf 82' lang='grc' dir='ltr'>ὥσπερ</span> 
     </span>
    </p>
   </div>
   <div class='ocr_carea' id='block_1_106' title="bbox 2056 3692 3722 3767">
    <p class='ocr_par' dir='ltr' id='par_1_106' title="bbox 2056 3692 3722 3767">
     <span class='ocr_line' id='line_1_106' title="bbox 2056 3692 3722 3767; baseline 0.008 -21"><span class='ocrx_word' id='word_1_844' title='bbox 2056 3692 2164 3746; x_wconf 78' lang='grc' dir='ltr'>ἀπὸ</span> <span class='ocrx_word' id='word_1_845' title='bbox 2193 3692 2570 3765; x_wconf 87' lang='grc' dir='ltr'>δεσμωτηρίου</span> <span class='ocrx_word' id='word_1_846' title='bbox 2595 3694 2763 3759; x_wconf 83' lang='grc' dir='ltr'>τινὸς,</span> <span class='ocrx_word' id='word_1_847' title='bbox 2795 3695 2872 3759; x_wconf 84' lang='grc' dir='ltr'>ὡς</span> <span class='ocrx_word' id='word_1_848' title='bbox 2934 3697 3043 3751; x_wconf 83' lang='grc' dir='ltr'>ἀπὸ</span> <span class='ocrx_word' id='word_1_849' title='bbox 3093 3698 3304 3767; x_wconf 85' lang='grc' dir='ltr'>ἀγῶνος</span> <span class='ocrx_word' id='word_1_850' title='bbox 3349 3701 3538 3767; x_wconf 81' lang='grc' dir='ltr'>ἔξεισι.</span> <span class='ocrx_word' id='word_1_851' title='bbox 3592 3706 3722 3767; x_wconf 82' lang='grc' dir='ltr'>Ναὶ,</span> 
     </span>
    </p>
   </div>
   <div class='ocr_carea' id='block_1_107' title="bbox 2059 3777 3721 3859">
    <p class='ocr_par' dir='ltr' id='par_1_107' title="bbox 2059 3777 3721 3859">
     <span class='ocr_line' id='line_1_107' title="bbox 2059 3777 3721 3859; baseline 0.008 -28"><span class='ocrx_word' id='word_1_852' title='bbox 2059 3779 2243 3848; x_wconf 86' lang='grc' dir='ltr'>φησίν·</span> <span class='ocrx_word' id='word_1_853' title='bbox 2267 3777 2419 3851; x_wconf 76' lang='grc'><strong>[174]</strong></span> <span class='ocrx_word' id='word_1_854' title='bbox 2448 3780 2541 3832; x_wconf 68' lang='grc' dir='ltr'>ἐπὶ</span> <span class='ocrx_word' id='word_1_855' title='bbox 2561 3778 2660 3849; x_wconf 78' lang='grc' dir='ltr'>μὲν</span> <span class='ocrx_word' id='word_1_856' title='bbox 2674 3780 2783 3833; x_wconf 90' lang='grc' dir='ltr'>τῶν</span> <span class='ocrx_word' id='word_1_857' title='bbox 2805 3780 3105 3853; x_wconf 79' lang='grc' dir='ltr'>εὐδοκίμων</span> <span class='ocrx_word' id='word_1_858' title='bbox 3130 3785 3311 3850; x_wconf 82' lang='grc' dir='ltr'>καλῶς</span> <span class='ocrx_word' id='word_1_859' title='bbox 3324 3787 3498 3841; x_wconf 87' lang='grc' dir='ltr'>ταῦτα</span> <span class='ocrx_word' id='word_1_860' title='bbox 3519 3789 3721 3859; x_wconf 85' lang='grc' dir='ltr'>λέγεις.</span> 
     </span>
    </p>
   </div>
   <div class='ocr_carea' id='block_1_108' title="bbox 2057 3865 3724 3947">
    <p class='ocr_par' dir='ltr' id='par_1_108' title="bbox 2057 3865 3724 3947">
     <span class='ocr_line' id='line_1_108' title="bbox 2057 3865 3724 3947; baseline 0.008 -30"><span class='ocrx_word' id='word_1_861' title='bbox 2057 3866 2168 3918; x_wconf 75' lang='grc' dir='ltr'>Καὶ</span> <span class='ocrx_word' id='word_1_862' title='bbox 2193 3865 2246 3917; x_wconf 88' lang='grc' dir='ltr'>τί</span> <span class='ocrx_word' id='word_1_863' title='bbox 2277 3866 2414 3935; x_wconf 81' lang='grc' dir='ltr'>πρὸς</span> <span class='ocrx_word' id='word_1_864' title='bbox 2448 3865 2530 3930; x_wconf 88' lang='grc' dir='ltr'>σὲ,</span> <span class='ocrx_word' id='word_1_865' title='bbox 2560 3866 2850 3937; x_wconf 81' lang='grc' dir='ltr'>ἀνθρωπε;</span> <span class='ocrx_word' id='word_1_866' title='bbox 2882 3869 2945 3922; x_wconf 77' lang='grc' dir='ltr'>σὺ</span> <span class='ocrx_word' id='word_1_867' title='bbox 2969 3869 3078 3941; x_wconf 84' lang='grc' dir='ltr'>γὰρ</span> <span class='ocrx_word' id='word_1_868' title='bbox 3109 3872 3230 3926; x_wconf 81' lang='grc' dir='ltr'>οὐδὲ</span> <span class='ocrx_word' id='word_1_869' title='bbox 3283 3874 3377 3928; x_wconf 81' lang='grc' dir='ltr'>ἐπὶ</span> <span class='ocrx_word' id='word_1_870' title='bbox 3418 3876 3724 3947; x_wconf 83' lang='grc' dir='ltr'>εὐδοκίμων</span> 
     </span>
    </p>
   </div>
   <div class='ocr_carea' id='block_1_109' title="bbox 2059 3953 3724 4032">
    <p class='ocr_par' dir='ltr' id='par_1_109' title="bbox 2059 3953 3724 4032">
     <span class='ocr_line' id='line_1_109' title="bbox 2059 3953 3724 4032; baseline 0.01 -27"><span class='ocrx_word' id='word_1_871' title='bbox 2059 3953 2215 4006; x_wconf 88' lang='grc' dir='ltr'>τοῦτο</span> <span class='ocrx_word' id='word_1_872' title='bbox 2245 3955 2436 4017; x_wconf 84' lang='grc' dir='ltr'>ποιεῖς.</span> <span class='ocrx_word' id='word_1_873' title='bbox 2469 3954 2602 4007; x_wconf 76' lang='grc' dir='ltr'><strong>Εἰπὲ</strong></span> <span class='ocrx_word' id='word_1_874' title='bbox 2628 3954 2691 4025; x_wconf 83' lang='grc' dir='ltr'>δή</span> <span class='ocrx_word' id='word_1_875' title='bbox 2731 3973 2841 4026; x_wconf 88' lang='grc' dir='ltr'>μοι,</span> <span class='ocrx_word' id='word_1_876' title='bbox 2886 3956 2939 4009; x_wconf 89' lang='grc' dir='ltr'>τί</span> <span class='ocrx_word' id='word_1_877' title='bbox 2975 3959 3069 4011; x_wconf 89' lang='grc' dir='ltr'>τοῦ</span> <span class='ocrx_word' id='word_1_878' title='bbox 3106 3962 3318 4016; x_wconf 87' lang='grc' dir='ltr'>παιδίου</span> <span class='ocrx_word' id='word_1_879' title='bbox 3379 3965 3724 4032; x_wconf 83' lang='grc' dir='ltr'>καταγνῶναι</span> 
     </span>
    </p>
   </div>
   <div class='ocr_carea' id='block_1_110' title="bbox 2058 4039 3723 4116">
    <p class='ocr_par' dir='ltr' id='par_1_110' title="bbox 2058 4039 3723 4116">
     <span class='ocr_line' id='line_1_110' title="bbox 2058 4039 3723 4116; baseline 0.008 -24"><span class='ocrx_word' id='word_1_880' title='bbox 2058 4039 2201 4111; x_wconf 76' lang='grc' dir='ltr'>ἔχοις</span> <span class='ocrx_word' id='word_1_881' title='bbox 2226 4041 2293 4095; x_wconf 82' lang='grc' dir='ltr'>ἂν</span> <span class='ocrx_word' id='word_1_882' title='bbox 2323 4040 2417 4094; x_wconf 87' lang='grc' dir='ltr'>τοῦ</span> <span class='ocrx_word' id='word_1_883' title='bbox 2454 4041 2684 4112; x_wconf 86' lang='grc' dir='ltr'>μικροῦ;</span> <span class='ocrx_word' id='word_1_884' title='bbox 2738 4042 2882 4106; x_wconf 89' lang='grc' dir='ltr'>τίνος</span> <span class='ocrx_word' id='word_1_885' title='bbox 2939 4044 3126 4100; x_wconf 78' lang='grc' dir='ltr'>ἕνεκεν</span> <span class='ocrx_word' id='word_1_886' title='bbox 3189 4049 3407 4113; x_wconf 90' lang='grc' dir='ltr'>πενθεῖς</span> <span class='ocrx_word' id='word_1_887' title='bbox 3458 4052 3622 4116; x_wconf 79' lang='grc' dir='ltr'>αὑτός</span> <span class='ocrx_word' id='word_1_888' title='bbox 3668 4053 3723 4105; x_wconf 90' lang='grc' dir='ltr'>τί</span> 
     </span>
    </p>
   </div>
   <div class='ocr_carea' id='block_1_111' title="bbox 2056 4126 3724 4201">
    <p class='ocr_par' dir='ltr' id='par_1_111' title="bbox 2056 4126 3724 4201">
     <span class='ocr_line' id='line_1_111' title="bbox 2056 4126 3724 4201; baseline 0.007 -21"><span class='ocrx_word' id='word_1_889' title='bbox 2056 4126 2150 4180; x_wconf 88' lang='grc' dir='ltr'>τοῦ</span> <span class='ocrx_word' id='word_1_890' title='bbox 2206 4128 2605 4196; x_wconf 84' lang='grc' dir='ltr'>νεοφωτίστου;</span> <span class='ocrx_word' id='word_1_891' title='bbox 2660 4130 2752 4182; x_wconf 79' lang='grc' dir='ltr'>καὶ</span> <span class='ocrx_word' id='word_1_892' title='bbox 2812 4131 2920 4201; x_wconf 87' lang='grc' dir='ltr'>γὰρ</span> <span class='ocrx_word' id='word_1_893' title='bbox 2971 4133 3065 4185; x_wconf 81' lang='grc' dir='ltr'>καὶ</span> <span class='ocrx_word' id='word_1_894' title='bbox 3113 4133 3320 4196; x_wconf 89' lang='grc' dir='ltr'>ἐκεῖνος</span> <span class='ocrx_word' id='word_1_895' title='bbox 3366 4137 3446 4198; x_wconf 86' lang='grc' dir='ltr'>εἰς</span> <span class='ocrx_word' id='word_1_896' title='bbox 3492 4137 3553 4189; x_wconf 84' lang='grc' dir='ltr'>τὸ</span> <span class='ocrx_word' id='word_1_897' title='bbox 3591 4137 3724 4192; x_wconf 84' lang='grc' dir='ltr'>αύτὸ</span> 
     </span>
    </p>
   </div>
   <div class='ocr_carea' id='block_1_112' title="bbox 2058 4210 3720 4292">
    <p class='ocr_par' dir='ltr' id='par_1_112' title="bbox 2058 4210 3720 4292">
     <span class='ocr_line' id='line_1_112' title="bbox 2058 4210 3720 4292; baseline 0.008 -28"><span class='ocrx_word' id='word_1_898' title='bbox 2058 4213 2341 4283; x_wconf 80' lang='grc' dir='ltr'>περιέστη.</span> <span class='ocrx_word' id='word_1_899' title='bbox 2373 4214 2529 4276; x_wconf 87' lang='grc' dir='ltr'>Τίνος</span> <span class='ocrx_word' id='word_1_900' title='bbox 2557 4210 2650 4268; x_wconf 81' lang='grc' dir='ltr'>οὖν</span> <span class='ocrx_word' id='word_1_901' title='bbox 2696 4215 2882 4269; x_wconf 77' lang='grc' dir='ltr'>ἕνεκεν</span> <span class='ocrx_word' id='word_1_902' title='bbox 2918 4218 3135 4282; x_wconf 83' lang='grc' dir='ltr'>πενθεῖς</span> <span class='ocrx_word' id='word_1_903' title='bbox 3172 4219 3367 4284; x_wconf 86' lang='grc' dir='ltr'>αύτόν;</span> <span class='ocrx_word' id='word_1_904' title='bbox 3408 4222 3521 4275; x_wconf 87' lang='grc' dir='ltr'>Ούκ</span> <span class='ocrx_word' id='word_1_905' title='bbox 3553 4219 3720 4292; x_wconf 82' lang='grc' dir='ltr'>οἶδας,</span> 
     </span>
    </p>
   </div>
   <div class='ocr_carea' id='block_1_113' title="bbox 2058 4299 3721 4383">
    <p class='ocr_par' dir='ltr' id='par_1_113' title="bbox 2058 4299 3721 4383">
     <span class='ocr_line' id='line_1_113' title="bbox 2058 4299 3721 4383; baseline 0.008 -33"><span class='ocrx_word' id='word_1_906' title='bbox 2058 4299 2139 4350; x_wconf 83' lang='grc' dir='ltr'>ὅτι</span> <span class='ocrx_word' id='word_1_907' title='bbox 2192 4299 2446 4368; x_wconf 86' lang='grc' dir='ltr'>καθάπερ</span> <span class='ocrx_word' id='word_1_908' title='bbox 2501 4299 2652 4368; x_wconf 82' lang='grc' dir='ltr'>ἥλιος</span> <span class='ocrx_word' id='word_1_909' title='bbox 2700 4300 2944 4372; x_wconf 80' lang='grc' dir='ltr'>καθαρὸς</span> <span class='ocrx_word' id='word_1_910' title='bbox 2980 4302 3221 4357; x_wconf 81' lang='grc' dir='ltr'>ἄνεισιν’</span> <span class='ocrx_word' id='word_1_911' title='bbox 3251 4305 3394 4359; x_wconf 81' lang='grc' dir='ltr'>οὓτω</span> <span class='ocrx_word' id='word_1_912' title='bbox 3445 4309 3721 4383; x_wconf 75' lang='grc' dir='ltr'>καὶψυχὴ</span> 
     </span>
    </p>
   </div>
   <div class='ocr_carea' id='block_1_114' title="bbox 2060 4384 3720 4467">
    <p class='ocr_par' dir='ltr' id='par_1_114' title="bbox 2060 4384 3720 4467">
     <span class='ocr_line' id='line_1_114' title="bbox 2060 4384 3720 4467; baseline 0.008 -31"><span class='ocrx_word' id='word_1_913' title='bbox 2060 4384 2221 4454; x_wconf 89' lang='grc' dir='ltr'>σῶμα</span> <span class='ocrx_word' id='word_1_914' title='bbox 2255 4384 2625 4437; x_wconf 84' lang='grc' dir='ltr'>ἀπολείπουσα</span> <span class='ocrx_word' id='word_1_915' title='bbox 2653 4384 2791 4455; x_wconf 88' lang='grc' dir='ltr'>μετά</span> <span class='ocrx_word' id='word_1_916' title='bbox 2832 4386 3070 4458; x_wconf 89' lang='grc' dir='ltr'>καθαροῦ</span> <span class='ocrx_word' id='word_1_917' title='bbox 3130 4390 3451 4456; x_wconf 89' lang='grc' dir='ltr'>συνειδότος,</span> <span class='ocrx_word' id='word_1_918' title='bbox 3514 4393 3720 4467; x_wconf 82' lang='grc' dir='ltr'>λάμπει</span> 
     </span>
    </p>
   </div>
   <div class='ocr_carea' id='block_1_115' title="bbox 2058 4468 3720 4552">
    <p class='ocr_par' dir='ltr' id='par_1_115' title="bbox 2058 4468 3720 4552">
     <span class='ocr_line' id='line_1_115' title="bbox 2058 4468 3720 4552; baseline 0.008 -28"><span class='ocrx_word' id='word_1_919' title='bbox 2058 4470 2312 4542; x_wconf 87' lang='grc' dir='ltr'>φαιδρόν;</span> <span class='ocrx_word' id='word_1_920' title='bbox 2347 4470 2460 4541; x_wconf 84' lang='grc' dir='ltr'>υύχ</span> <span class='ocrx_word' id='word_1_921' title='bbox 2487 4468 2629 4523; x_wconf 79' lang='grc' dir='ltr'>οὕτω</span> <span class='ocrx_word' id='word_1_922' title='bbox 2664 4469 2890 4541; x_wconf 85' lang='grc' dir='ltr'>βασιλέα</span> <span class='ocrx_word' id='word_1_923' title='bbox 2921 4472 3271 4528; x_wconf 85' lang='grc' dir='ltr'>ἐπιϐαίνοντα</span> <span class='ocrx_word' id='word_1_924' title='bbox 3319 4477 3526 4543; x_wconf 86' lang='grc' dir='ltr'>πόλεως</span> <span class='ocrx_word' id='word_1_925' title='bbox 3584 4482 3720 4552; x_wconf 81' lang='grc' dir='ltr'>μετά</span> 
     </span>
    </p>
   </div>
   <div class='ocr_carea' id='block_1_116' title="bbox 2056 4558 3717 4638">
    <p class='ocr_par' dir='ltr' id='par_1_116' title="bbox 2056 4558 3717 4638">
     <span class='ocr_line' id='line_1_116' title="bbox 2056 4558 3717 4638; baseline 0.006 -26"><span class='ocrx_word' id='word_1_926' title='bbox 2056 4558 2327 4629; x_wconf 86' lang='grc' dir='ltr'>τοσαύτης</span> <span class='ocrx_word' id='word_1_927' title='bbox 2375 4558 2491 4611; x_wconf 80' lang='grc' dir='ltr'>ἐστι</span> <span class='ocrx_word' id='word_1_928' title='bbox 2542 4558 2704 4629; x_wconf 90' lang='grc' dir='ltr'>σιγῆς</span> <span class='ocrx_word' id='word_1_929' title='bbox 2767 4559 2913 4625; x_wconf 79' lang='grc' dir='ltr'>ἰδεῖν,</span> <span class='ocrx_word' id='word_1_930' title='bbox 2964 4559 3039 4624; x_wconf 84' lang='grc' dir='ltr'>ὡς</span> <span class='ocrx_word' id='word_1_931' title='bbox 3074 4559 3252 4632; x_wconf 78' lang='grc' dir='ltr'>ψυχὴν</span> <span class='ocrx_word' id='word_1_932' title='bbox 3282 4563 3512 4634; x_wconf 82' lang='grc' dir='ltr'>ἀφεῖσαν</span> <span class='ocrx_word' id='word_1_933' title='bbox 3541 4568 3717 4638; x_wconf 86' lang='grc' dir='ltr'>σῶμα,</span> 
     </span>
    </p>
   </div>
   <div class='ocr_carea' id='block_1_117' title="bbox 2057 4644 3718 4726">
    <p class='ocr_par' dir='ltr' id='par_1_117' title="bbox 2057 4644 3718 4726">
     <span class='ocr_line' id='line_1_117' title="bbox 2057 4644 3718 4726; baseline 0.006 -29"><span class='ocrx_word' id='word_1_934' title='bbox 2057 4645 2154 4697; x_wconf 78' lang='grc' dir='ltr'>καὶ</span> <span class='ocrx_word' id='word_1_935' title='bbox 2206 4645 2346 4715; x_wconf 82' lang='grc' dir='ltr'>μετὰ</span> <span class='ocrx_word' id='word_1_936' title='bbox 2399 4644 2645 4714; x_wconf 85' lang='grc' dir='ltr'>ἀγγέλων</span> <span class='ocrx_word' id='word_1_937' title='bbox 2708 4646 2997 4703; x_wconf 85' lang='grc' dir='ltr'>ἀπιοῦσαν.</span> <span class='ocrx_word' id='word_1_938' title='bbox 3056 4647 3338 4719; x_wconf 78' lang='grc' dir='ltr'>Ἐννόησον</span> <span class='ocrx_word' id='word_1_939' title='bbox 3395 4652 3478 4716; x_wconf 88' lang='grc' dir='ltr'>τίς</span> <span class='ocrx_word' id='word_1_940' title='bbox 3512 4654 3656 4707; x_wconf 86' lang='grc' dir='ltr'>ἐστιν</span> <span class='ocrx_word' id='word_1_941' title='bbox 3683 4656 3718 4726; x_wconf 82' lang='grc' dir='ltr'><strong>ἠ</strong></span> 
     </span>
    </p>
   </div>
   <div class='ocr_carea' id='block_1_118' title="bbox 2055 4731 3715 4811">
    <p class='ocr_par' dir='ltr' id='par_1_118' title="bbox 2055 4731 3715 4811">
     <span class='ocr_line' id='line_1_118' title="bbox 2055 4731 3715 4811; baseline 0.008 -29"><span class='ocrx_word' id='word_1_942' title='bbox 2055 4731 2224 4803; x_wconf 79' lang='grc' dir='ltr'>ψυχὴ,</span> <span class='ocrx_word' id='word_1_943' title='bbox 2275 4733 2335 4786; x_wconf 85' lang='grc' dir='ltr'>ἐν</span> <span class='ocrx_word' id='word_1_944' title='bbox 2389 4731 2478 4802; x_wconf 75' lang='grc' dir='ltr'>οἵᾳ</span> <span class='ocrx_word' id='word_1_945' title='bbox 2536 4731 2658 4785; x_wconf 89' lang='grc' dir='ltr'>τότε</span> <span class='ocrx_word' id='word_1_946' title='bbox 2706 4732 2964 4804; x_wconf 79' lang='grc' dir='ltr'>ἐκπλήξει</span> <span class='ocrx_word' id='word_1_947' title='bbox 2995 4735 3228 4804; x_wconf 85' lang='grc' dir='ltr'>γίνεται,</span> <span class='ocrx_word' id='word_1_948' title='bbox 3253 4739 3311 4792; x_wconf 85' lang='grc' dir='ltr'>ἐν</span> <span class='ocrx_word' id='word_1_949' title='bbox 3337 4738 3434 4809; x_wconf 89' lang='grc' dir='ltr'>οῖῳ</span> <span class='ocrx_word' id='word_1_950' title='bbox 3459 4738 3715 4811; x_wconf 86' lang='grc' dir='ltr'>θαύματι,</span> 
     </span>
    </p>
   </div>
   <div class='ocr_carea' id='block_1_119' title="bbox 2057 4818 3718 4899">
    <p class='ocr_par' dir='ltr' id='par_1_119' title="bbox 2057 4818 3718 4899">
     <span class='ocr_line' id='line_1_119' title="bbox 2057 4818 3718 4899; baseline 0.006 -27"><span class='ocrx_word' id='word_1_951' title='bbox 2057 4820 2114 4874; x_wconf 84' lang='grc' dir='ltr'>ἐν</span> <span class='ocrx_word' id='word_1_952' title='bbox 2167 4819 2256 4891; x_wconf 79' lang='grc' dir='ltr'>οἵᾳ</span> <span class='ocrx_word' id='word_1_953' title='bbox 2317 4818 2500 4892; x_wconf 70' lang='grc' dir='ltr'>ἡδονῇ.</span> <span class='ocrx_word' id='word_1_954' title='bbox 2551 4819 2618 4873; x_wconf 87' lang='grc' dir='ltr'>Τί</span> <span class='ocrx_word' id='word_1_955' title='bbox 2686 4821 2937 4887; x_wconf 85' lang='grc' dir='ltr'>πενθεῖς;</span> <span class='ocrx_word' id='word_1_956' title='bbox 2985 4822 3106 4876; x_wconf 83' lang='grc' dir='ltr'>εἰπέ</span> <span class='ocrx_word' id='word_1_957' title='bbox 3161 4841 3287 4893; x_wconf 75' lang='grc' dir='ltr'>μοι’</span> <span class='ocrx_word' id='word_1_958' title='bbox 3347 4827 3423 4898; x_wconf 83' lang='grc' dir='ltr'>μὴ</span> <span class='ocrx_word' id='word_1_959' title='bbox 3471 4828 3580 4899; x_wconf 81' lang='grc' dir='ltr'>γὰρ</span> <span class='ocrx_word' id='word_1_960' title='bbox 3625 4830 3718 4883; x_wconf 77' lang='grc' dir='ltr'>ἐπὶ</span> 
     </span>
    </p>
   </div>
   <div class='ocr_carea' id='block_1_120' title="bbox 2016 4906 3719 4985">
    <p class='ocr_par' dir='ltr' id='par_1_120' title="bbox 2016 4906 3719 4985">
     <span class='ocr_line' id='line_1_120' title="bbox 2016 4906 3719 4985; baseline 0.006 -27"><span class='ocrx_word' id='word_1_961' title='bbox 2016 4949 2021 4958; x_wconf 70' lang='lat'><strong><em>,</em></strong></span> <span class='ocrx_word' id='word_1_962' title='bbox 2058 4906 2399 4979; x_wconf 82' lang='grc' dir='ltr'>ἁμαρτωλῶν</span> <span class='ocrx_word' id='word_1_963' title='bbox 2423 4906 2581 4959; x_wconf 88' lang='grc' dir='ltr'>τοῦτο</span> <span class='ocrx_word' id='word_1_964' title='bbox 2605 4906 2765 4977; x_wconf 86' lang='grc' dir='ltr'>μόνον</span> <span class='ocrx_word' id='word_1_965' title='bbox 2799 4906 2819 4947; x_wconf 71' lang='grc' dir='ltr'>ί</span> <span class='ocrx_word' id='word_1_966' title='bbox 2848 4911 3055 4975; x_wconf 66' lang='grc' dir='ltr'>ποιεῖςς</span> <span class='ocrx_word' id='word_1_967' title='bbox 3088 4909 3215 4963; x_wconf 83' lang='grc' dir='ltr'>Εῖθε</span> <span class='ocrx_word' id='word_1_968' title='bbox 3270 4910 3428 4965; x_wconf 87' lang='grc' dir='ltr'>τοῦτο</span> <span class='ocrx_word' id='word_1_969' title='bbox 3476 4910 3565 4985; x_wconf 82' lang='grc' dir='ltr'>ἦν,</span> <span class='ocrx_word' id='word_1_970' title='bbox 3628 4916 3719 4969; x_wconf 77' lang='grc' dir='ltr'>καὶ</span> 
     </span>
    </p>
   </div>
   <div class='ocr_carea' id='block_1_121' title="bbox 2055 4986 3713 5072">
    <p class='ocr_par' dir='ltr' id='par_1_121' title="bbox 2055 4986 3713 5072">
     <span class='ocr_line' id='line_1_121' title="bbox 2055 4986 3713 5072; baseline 0.001 -23"><span class='ocrx_word' id='word_1_971' title='bbox 2055 4996 2155 5049; x_wconf 81' lang='grc' dir='ltr'>ούκ</span> <span class='ocrx_word' id='word_1_972' title='bbox 2186 4995 2252 5049; x_wconf 84' lang='grc' dir='ltr'>ἂν</span> <span class='ocrx_word' id='word_1_973' title='bbox 2279 4986 2528 5048; x_wconf 80' lang='grc' dir='ltr'>ἐκώλυσα</span> <span class='ocrx_word' id='word_1_974' title='bbox 2551 4997 2619 5048; x_wconf 81' lang='grc' dir='ltr'>τὰ</span> <span class='ocrx_word' id='word_1_975' title='bbox 2649 4994 2820 5065; x_wconf 81' lang='grc' dir='ltr'>πένθη</span> <span class='ocrx_word' id='word_1_976' title='bbox 2845 5011 2860 5026; x_wconf 76' lang='grc' dir='ltr'><strong><em>ο</em></strong></span> <span class='ocrx_word' id='word_1_977' title='bbox 2896 4996 3009 5049; x_wconf 85' lang='grc' dir='ltr'>εῖθε</span> <span class='ocrx_word' id='word_1_978' title='bbox 3037 4995 3280 5062; x_wconf 73' lang='grc' dir='ltr'>τοιοῦτος</span> <span class='ocrx_word' id='word_1_979' title='bbox 3312 5003 3356 5055; x_wconf 68' lang='grc' dir='ltr'>Δό</span> <span class='ocrx_word' id='word_1_980' title='bbox 3398 5002 3598 5064; x_wconf 82' lang='grc' dir='ltr'>σκοπὸς</span> <span class='ocrx_word' id='word_1_981' title='bbox 3625 4998 3713 5072; x_wconf 81' lang='grc' dir='ltr'>ἦν.</span> 
     </span>
    </p>
   </div>
   <div class='ocr_carea' id='block_1_122' title="bbox 2056 5077 3720 5157">
    <p class='ocr_par' dir='ltr' id='par_1_122' title="bbox 2056 5077 3720 5157">
     <span class='ocr_line' id='line_1_122' title="bbox 2056 5077 3720 5157; baseline -0.003 -21"><span class='ocrx_word' id='word_1_982' title='bbox 2056 5077 2225 5145; x_wconf 79' lang='grc' dir='ltr'>Οὗτος</span> <span class='ocrx_word' id='word_1_983' title='bbox 2259 5083 2289 5134; x_wconf 92' lang='lat'>6</span> <span class='ocrx_word' id='word_1_984' title='bbox 2314 5081 2511 5151; x_wconf 90' lang='grc' dir='ltr'>θρῆνος</span> <span class='ocrx_word' id='word_1_985' title='bbox 2543 5082 2920 5148; x_wconf 76' lang='grc' dir='ltr'>άποστολικὺς,</span> <span class='ocrx_word' id='word_1_986' title='bbox 2971 5078 3121 5149; x_wconf 73' lang='grc' dir='ltr'>οὗτος</span> <span class='ocrx_word' id='word_1_987' title='bbox 3165 5086 3194 5139; x_wconf 88' lang='lat'>6</span> <span class='ocrx_word' id='word_1_988' title='bbox 3229 5085 3427 5157; x_wconf 84' lang='grc' dir='ltr'>θρῆνος</span> <span class='ocrx_word' id='word_1_989' title='bbox 3479 5090 3575 5143; x_wconf 65' lang='grc' dir='ltr'>καὶ</span> <span class='ocrx_word' id='word_1_990' title='bbox 3623 5092 3720 5143; x_wconf 65' lang='lat' dir='ltr'>Ae-</span> 
     </span>
    </p>
   </div>
   <div class='ocr_carea' id='block_1_123' title="bbox 2016 5166 3714 5249">
    <p class='ocr_par' dir='ltr' id='par_1_123' title="bbox 2016 5166 3714 5249">
     <span class='ocr_line' id='line_1_123' title="bbox 2016 5166 3714 5249; baseline 0.004 -24"><span class='ocrx_word' id='word_1_991' title='bbox 2016 5166 2019 5169; x_wconf 57' lang='grc'><em>’</em></span> <span class='ocrx_word' id='word_1_992' title='bbox 2060 5171 2345 5232; x_wconf 88' lang='grc' dir='ltr'>σποτικός·</span> <span class='ocrx_word' id='word_1_993' title='bbox 2373 5170 2602 5224; x_wconf 75' lang='grc' dir='ltr'>ἕκλαυσε</span> <span class='ocrx_word' id='word_1_994' title='bbox 2653 5171 2760 5241; x_wconf 85' lang='grc' dir='ltr'>γὰρ</span> <span class='ocrx_word' id='word_1_995' title='bbox 2810 5173 2904 5225; x_wconf 80' lang='grc' dir='ltr'>καὶ</span> <span class='ocrx_word' id='word_1_996' title='bbox 2947 5173 3155 5244; x_wconf 81' lang='grc' dir='ltr'>Ἰησοῦς</span> <span class='ocrx_word' id='word_1_997' title='bbox 3199 5175 3297 5247; x_wconf 83' lang='grc' dir='ltr'>τὴν</span> <span class='ocrx_word' id='word_1_998' title='bbox 3342 5177 3714 5249; x_wconf 83' lang='grc' dir='ltr'>Ἰερουσαλήμ.</span> 
     </span>
    </p>
   </div>
   <div class='ocr_carea' id='block_1_124' title="bbox 2070 5256 3718 5334">
    <p class='ocr_par' dir='ltr' id='par_1_124' title="bbox 2070 5256 3718 5334">
     <span class='ocr_line' id='line_1_124' title="bbox 2070 5256 3718 5334; baseline 0.005 -23"><span class='ocrx_word' id='word_1_999' title='bbox 2070 5256 2399 5325; x_wconf 86' lang='grc' dir='ltr'>Ἐϐουλόμην</span> <span class='ocrx_word' id='word_1_1000' title='bbox 2436 5256 2608 5326; x_wconf 87' lang='grc' dir='ltr'>τούτῳ</span> <span class='ocrx_word' id='word_1_1001' title='bbox 2633 5257 2919 5329; x_wconf 81' lang='grc' dir='ltr'>διῃρῆσθαι</span> <span class='ocrx_word' id='word_1_1002' title='bbox 2945 5259 3024 5330; x_wconf 78' lang='grc' dir='ltr'>τῷ</span> <span class='ocrx_word' id='word_1_1003' title='bbox 3055 5261 3206 5331; x_wconf 87' lang='grc' dir='ltr'>νόμῳ</span> <span class='ocrx_word' id='word_1_1004' title='bbox 3231 5262 3300 5315; x_wconf 81' lang='grc' dir='ltr'>τὰ</span> <span class='ocrx_word' id='word_1_1005' title='bbox 3329 5261 3518 5334; x_wconf 88' lang='grc' dir='ltr'>πένθη.</span> <span class='ocrx_word' id='word_1_1006' title='bbox 3549 5264 3718 5318; x_wconf 87' lang='grc' dir='ltr'>Ὅταν</span> 
     </span>
    </p>
   </div>
   <div class='ocr_carea' id='block_1_125' title="bbox 2057 5343 3718 5420">
    <p class='ocr_par' dir='ltr' id='par_1_125' title="bbox 2057 5343 3718 5420">
     <span class='ocr_line' id='line_1_125' title="bbox 2057 5343 3718 5420; baseline 0.004 -23"><span class='ocrx_word' id='word_1_1007' title='bbox 2057 5344 2113 5397; x_wconf 79' lang='grc' dir='ltr'>δὲ</span> <span class='ocrx_word' id='word_1_1008' title='bbox 2136 5343 2565 5412; x_wconf 83' lang='grc' dir='ltr'>ἀνακαλούμενος</span> <span class='ocrx_word' id='word_1_1009' title='bbox 2595 5345 2812 5414; x_wconf 76' lang='grc' dir='ltr'>ῥήματα</span> <span class='ocrx_word' id='word_1_1010' title='bbox 2842 5345 3007 5419; x_wconf 80' lang='grc' dir='ltr'>λέγῃς</span> <span class='ocrx_word' id='word_1_1011' title='bbox 3044 5347 3136 5399; x_wconf 74' lang='grc' dir='ltr'>καὶ</span> <span class='ocrx_word' id='word_1_1012' title='bbox 3156 5347 3439 5417; x_wconf 81' lang='grc' dir='ltr'>συνήθειαν</span> <span class='ocrx_word' id='word_1_1013' title='bbox 3471 5350 3567 5403; x_wconf 74' lang='grc' dir='ltr'>καὶ</span> <span class='ocrx_word' id='word_1_1014' title='bbox 3585 5368 3718 5420; x_wconf 88' lang='grc' dir='ltr'>προ-</span> 
     </span>
    </p>
   </div>
   <div class='ocr_carea' id='block_1_126' title="bbox 2061 5428 3716 5510">
    <p class='ocr_par' dir='ltr' id='par_1_126' title="bbox 2061 5428 3716 5510">
     <span class='ocr_line' id='line_1_126' title="bbox 2061 5428 3716 5510; baseline 0.005 -29"><span class='ocrx_word' id='word_1_1015' title='bbox 2061 5429 2305 5492; x_wconf 87' lang='grc' dir='ltr'>στασίαν,</span> <span class='ocrx_word' id='word_1_1016' title='bbox 2335 5430 2454 5499; x_wconf 78' lang='grc' dir='ltr'>οὐχὶ</span> <span class='ocrx_word' id='word_1_1017' title='bbox 2473 5429 2559 5482; x_wconf 78' lang='grc' dir='ltr'>διὰ</span> <span class='ocrx_word' id='word_1_1018' title='bbox 2590 5428 2749 5482; x_wconf 89' lang='grc' dir='ltr'>τοῦτο</span> <span class='ocrx_word' id='word_1_1019' title='bbox 2775 5431 3010 5495; x_wconf 85' lang='grc' dir='ltr'>πενθεῖς,</span> <span class='ocrx_word' id='word_1_1020' title='bbox 3051 5432 3187 5486; x_wconf 86' lang='grc' dir='ltr'>ἀλλά</span> <span class='ocrx_word' id='word_1_1021' title='bbox 3218 5435 3453 5506; x_wconf 84' lang='grc' dir='ltr'>σκήπτῃ.</span> <span class='ocrx_word' id='word_1_1022' title='bbox 3509 5436 3716 5510; x_wconf 88' lang='grc' dir='ltr'>Πένθη-</span> 
     </span>
    </p>
   </div>
   <div class='ocr_carea' id='block_1_127' title="bbox 2061 5515 3715 5592">
    <p class='ocr_par' dir='ltr' id='par_1_127' title="bbox 2061 5515 3715 5592">
     <span class='ocr_line' id='line_1_127' title="bbox 2061 5515 3715 5592; baseline 0.004 -23"><span class='ocrx_word' id='word_1_1023' title='bbox 2061 5533 2172 5582; x_wconf 87' lang='grc' dir='ltr'>σον,</span> <span class='ocrx_word' id='word_1_1024' title='bbox 2199 5515 2450 5579; x_wconf 81' lang='grc' dir='ltr'>στέναξον</span> <span class='ocrx_word' id='word_1_1025' title='bbox 2483 5516 2575 5568; x_wconf 70' lang='grc' dir='ltr'>τὸν</span> <span class='ocrx_word' id='word_1_1026' title='bbox 2596 5516 2938 5587; x_wconf 81' lang='grc' dir='ltr'>ἁμαρτωλὸν,</span> <span class='ocrx_word' id='word_1_1027' title='bbox 2964 5517 3059 5571; x_wconf 75' lang='grc' dir='ltr'>καὶ</span> <span class='ocrx_word' id='word_1_1028' title='bbox 3092 5516 3202 5585; x_wconf 82' lang='grc' dir='ltr'>ἐγὼ</span> <span class='ocrx_word' id='word_1_1029' title='bbox 3221 5518 3440 5583; x_wconf 78' lang='grc' dir='ltr'>κατάξω</span> <span class='ocrx_word' id='word_1_1030' title='bbox 3470 5520 3680 5592; x_wconf 89' lang='grc' dir='ltr'>δάκρυα</span> <span class='ocrx_word' id='word_1_1031' title='bbox 3697 5538 3715 5556; x_wconf 77' lang='grc' dir='ltr'><strong>ο</strong></span> 
     </span>
    </p>
   </div>
   <div class='ocr_carea' id='block_1_128' title="bbox 2060 5599 3718 5678">
    <p class='ocr_par' dir='ltr' id='par_1_128' title="bbox 2060 5599 3718 5678">
     <span class='ocr_line' id='line_1_128' title="bbox 2060 5599 3718 5678; baseline 0.004 -22"><span class='ocrx_word' id='word_1_1032' title='bbox 2060 5603 2152 5656; x_wconf 73' lang='grc' dir='ltr'>καὶ</span> <span class='ocrx_word' id='word_1_1033' title='bbox 2179 5599 2289 5669; x_wconf 79' lang='grc' dir='ltr'>ἐγὼ</span> <span class='ocrx_word' id='word_1_1034' title='bbox 2316 5600 2406 5653; x_wconf 84' lang='grc' dir='ltr'>σοῦ</span> <span class='ocrx_word' id='word_1_1035' title='bbox 2439 5600 2657 5672; x_wconf 84' lang='grc' dir='ltr'>μᾶλλον,</span> <span class='ocrx_word' id='word_1_1036' title='bbox 2689 5602 2797 5671; x_wconf 83' lang='grc' dir='ltr'>ὅσῳ</span> <span class='ocrx_word' id='word_1_1037' title='bbox 2852 5603 2945 5655; x_wconf 68' lang='grc' dir='ltr'>καὶ⁹</span> <span class='ocrx_word' id='word_1_1038' title='bbox 2983 5601 3189 5672; x_wconf 75' lang='grc' dir='ltr'>μείζονι</span> <span class='ocrx_word' id='word_1_1039' title='bbox 3223 5606 3462 5678; x_wconf 84' lang='grc' dir='ltr'>τιμωρίᾳ</span> <span class='ocrx_word' id='word_1_1040' title='bbox 3484 5607 3718 5663; x_wconf 69' lang='grc' dir='ltr'>ύπεύθυυ</span> 
     </span>
    </p>
   </div>
   <div class='ocr_carea' id='block_1_129' title="bbox 2122 5723 3722 5788">
    <p class='ocr_par' dir='ltr' id='par_1_129' title="bbox 2122 5723 3722 5788">
     <span class='ocr_line' id='line_1_129' title="bbox 2122 5723 3722 5788; baseline 0.004 -15"><span class='ocrx_word' id='word_1_1041' title='bbox 2122 5723 2149 5762; x_wconf 70' lang='grc' dir='ltr'>(ι</span> <span class='ocrx_word' id='word_1_1042' title='bbox 2200 5723 2353 5788; x_wconf 41' lang='grc' dir='ltr'>ΑΙ-ἱιιε</span> <span class='ocrx_word' id='word_1_1043' title='bbox 2380 5723 2556 5788; x_wconf 73' lang='grc' dir='ltr'>σημεῖα</span> <span class='ocrx_word' id='word_1_1044' title='bbox 2582 5723 2799 5788; x_wconf 61' lang='grc' dir='ltr'>ἐποίουν.</span> <span class='ocrx_word' id='word_1_1045' title='bbox 2832 5787 2839 5788; x_wconf 17' lang='lat'><em>7</em></span> <span class='ocrx_word' id='word_1_1046' title='bbox 2881 5735 2904 5788; x_wconf 59' lang='grc' dir='ltr'><strong>β</strong></span> <span class='ocrx_word' id='word_1_1047' title='bbox 2929 5723 3064 5775; x_wconf 83' lang='lat' dir='ltr'>Unus</span> <span class='ocrx_word' id='word_1_1048' title='bbox 3093 5727 3200 5778; x_wconf 88' lang='lat' dir='ltr'>cod.</span> <span class='ocrx_word' id='word_1_1049' title='bbox 3223 5727 3353 5781; x_wconf 74' lang='grc' dir='ltr'>ἄξιον</span> <span class='ocrx_word' id='word_1_1050' title='bbox 3370 5732 3515 5788; x_wconf 81' lang='grc' dir='ltr'>ὅντως</span> <span class='ocrx_word' id='word_1_1051' title='bbox 3542 5731 3624 5779; x_wconf 83' lang='grc' dir='ltr'>καῖ</span> <span class='ocrx_word' id='word_1_1052' title='bbox 3642 5727 3722 5780; x_wconf 83' lang='grc' dir='ltr'>αῖ-</span> 
     </span>
    </p>
   </div>
   <div class='ocr_carea' id='block_1_130' title="bbox 2004 5783 3565 5857">
    <p class='ocr_par' dir='ltr' id='par_1_130' title="bbox 2004 5783 3565 5857">
     <span class='ocr_line' id='line_1_130' title="bbox 2004 5783 3565 5857; baseline 0.006 -25"><span class='ocrx_word' id='word_1_1053' title='bbox 2004 5840 2007 5845; x_wconf 42' lang='grc'>,</span> <span class='ocrx_word' id='word_1_1054' title='bbox 2070 5803 2179 5834; x_wconf 88' lang='grc' dir='ltr'>νων.</span> <span class='ocrx_word' id='word_1_1055' title='bbox 2253 5783 2271 5823; x_wconf 69' lang='grc' dir='ltr'>ί</span> <span class='ocrx_word' id='word_1_1056' title='bbox 2307 5786 2438 5835; x_wconf 77' lang='lat' dir='ltr'><strong>[dem</strong></span> <span class='ocrx_word' id='word_1_1057' title='bbox 2451 5786 2552 5833; x_wconf 79' lang='grc' dir='ltr'>εἰπέ</span> <span class='ocrx_word' id='word_1_1058' title='bbox 2576 5798 2680 5846; x_wconf 85' lang='grc' dir='ltr'>μοι;</span> <span class='ocrx_word' id='word_1_1059' title='bbox 2701 5786 2803 5836; x_wconf 75' lang='grc' dir='ltr'>ἀλλ’</span> <span class='ocrx_word' id='word_1_1060' title='bbox 2824 5786 3211 5850; x_wconf 66' lang='grc' dir='ltr'>ἐπὶάμαρτωλῶι</span> <span class='ocrx_word' id='word_1_1061' title='bbox 3254 5807 3388 5842; x_wconf 80' lang='grc' dir='ltr'>ιουτο</span> <span class='ocrx_word' id='word_1_1062' title='bbox 3406 5783 3565 5857; x_wconf 77' lang='grc' dir='ltr'>μόνον.</span> 
     </span>
    </p>
   </div>
   <div class='ocr_carea' id='block_1_131' title="bbox 3260 5875 3329 5933">
    <p class='ocr_par' dir='ltr' id='par_1_131' title="bbox 3260 5875 3329 5933">
     <span class='ocr_line' id='line_1_131' title="bbox 3260 5875 3329 5933; baseline -0.014 0"><span class='ocrx_word' id='word_1_1063' title='bbox 3260 5875 3329 5933; x_wconf 84' lang='grc'>11</span> 
     </span>
    </p>
   </div>
  </div>
