4084 6174
341 265 447 324 169

339 387 476 445 νοςὸ
504 381 745 447 τοιοῦτος
771 401 782 415 ⁸
815 383 906 437 καὶ
953 381 1063 451 ἐγὼ
1103 383 1357 452 θρηνήσω
1409 381 1546 451 μετὰ
1589 380 1828 434 τοιούτου
1881 395 2006 432 σκο-

338 469 464 524 ποῦ.
518 471 592 523 Οὐ
625 471 682 522 σέ
706 470 760 522 δέ
790 471 950 539 μόνον
973 469 1064 521 τὸν
1091 469 1332 522 τοιοῦτον
1364 468 1442 520 δεῖ
1469 467 1708 537 θρηνεῖν,
1745 465 1879 517 ἀλλά
1912 465 2006 518 καὶ

335 561 437 624 τὴν
469 558 620 610 πόλιν
645 558 860 610 ἅπασαν
891 556 986 608 καὶ
1012 557 1141 619 τοὺς
1190 555 1568 616 ἀπαντῶντας,
1601 552 1852 621 καθάπερ
1881 553 2006 613 τοὺς

337 645 431 698 ἐπὶ
462 644 689 698 θάνατον
719 643 1121 712 ἀπαγομένους.
1169 644 1375 703 Ὄντως
1423 641 1534 710 γὰρ
1577 640 1806 700 Θάνατος
1856 632 2008 699 οὗτός

337 737 451 786 ἐστι
480 731 736 804 πονηρὸς,
759 735 788 785 6
815 731 921 784 τῶν
951 731 1315 802 ἁμαρτωλῶν.
1357 729 1542 792 ¹Ἀλλά
1591 727 1660 780 τὰ
1708 725 1820 780 ἀνω
1856 725 2009 778 κάτω

336 821 648 888 γεγένηται.
705 813 872 883 οὗτος
919 821 948 872 6
1000 819 1196 890 θρῆνος
1245 818 1339 870 καὶ
1391 815 1708 885 φιλοσοφίας
1739 814 1878 879 ἐστὶ,
1915 813 2009 866 καὶ

333 907 680 962 διδασκαλίαν
728 906 840 977 ἔχει
895 905 1128 974 πολλήνο
1178 907 1383 965 ἐκεῖνος
1411 903 1468 956 δὲ
1501 900 1885 972 μικροψυχίας.
1945 900 2008 952 Εί

337 996 671 1066 ἐθρηνοῦμεν
701 994 892 1048 τοῦτον
912 995 1004 1047 τὸν
1032 994 1230 1064 θρῆνον
1255 995 1512 1056 ἅπαντες,
1554 991 1760 1054 ζῶντας
1792 989 1858 1044 ἂν
1913 989 2011 1042 αύ-

331 1084 456 1145 τοῦ;
487 1083 897 1153 διωρθώσαμεν.
932 1081 1144 1151 Ὥσπερ
1172 1077 1265 1133 οὖν
1301 1081 1348 1132 εἰ
1381 1079 1566 1148 κύριος
1599 1092 1624 1120 υ
1650 1075 1716 1148 ἦς
1741 1079 2008 1146 φάρμακα

334 1171 653 1237 ἐπενεγκεῖν
709 1167 987 1221 κωλύοντα
1034 1168 1124 1220 τὸν
1159 1168 1386 1220 θάνατον
1424 1169 1629 1219 ἐκεῖνον
1660 1165 1750 1218 τὸν
1778 1182 2010 1233 σωματι-

337 1257 449 1320 κὸν,
476 1257 734 1325 ἐποίησας
760 1256 825 1309 ἀν
850 1271 865 1286 ο
891 1253 1034 1307 οὕτω
1070 1257 1162 1307 καὶ
1203 1253 1317 1317 νῦν,
1353 1253 1405 1306 εἴ
1431 1270 1494 1321 γε
1525 1251 1713 1305 τοῦτον
1761 1252 2008 1321 ἐθρήνεις

334 1345 426 1397 τὸν
453 1343 703 1407 θάνατον,
736 1340 1016 1404 ἐκώλυσας
1043 1340 1108 1393 ἂν
1138 1340 1228 1393 καὶ
1259 1341 1352 1392 ἐπὶ
1383 1339 1500 1403 σοῦ,
1535 1341 1631 1392 καὶ
1663 1340 1749 1392 ἐπ’
1796 1339 2006 1390 ἐκείνου

334 1432 492 1484 τοῦτο
514 1431 785 1500 γενέσθαι.
812 1429 926 1482 Νῦν
950 1429 1008 1480 δέ
1041 1429 1268 1498 αἴνιγμά
1295 1429 1412 1480 ἐστι
1443 1427 1504 1479 τὸ
1549 1428 1830 1498 γινόμενον
1851 1443 1863 1456 ο
1920 1443 2010 1478 κυ-

340 1519 486 1588 ρίους
525 1517 620 1586 μὲν
645 1517 803 1579 ὄντας
837 1517 912 1587 μὴ
941 1516 1290 1585 συγχωρῆσαι
1315 1515 1502 1568 τοῦτον
1532 1515 1795 1576 ἐπελθεῖν,
1849 1515 2008 1582 ἀφεῖ-

334 1625 422 1659 ναι
467 1605 738 1674 γενέσθαι.
783 1605 1076 1674 γενόμενον
1131 1603 1186 1655 δὲ
1245 1603 1481 1655 πενθεῖν.
1529 1603 1736 1664 Ὄντως
1795 1601 2007 1672 θρήνων

336 1694 497 1759 ἄξιοι,
535 1693 662 1746 ὅταν
723 1690 1046 1762 παραστῶσι
1099 1690 1176 1760 τῴ
1233 1690 1433 1760 βήματι
1485 1689 1579 1742 τοῦ
1627 1687 1886 1758 Χριστοῦ,
1919 1683 2008 1740 οἷα

335 1779 657 1834 ἀκούσονται
695 1780 947 1850 ρήματα;
1003 1772 1089 1831 οἷα
1154 1779 1430 1830 πείσονται
1497 1776 1830 1846 πράγματας
1871 1774 2006 1844 Είκῆ

335 1866 536 1936 ἔζησαν
563 1861 712 1920 οὗτοι
733 1881 745 1894 ·
791 1865 992 1937 μᾶλλον
1023 1865 1078 1918 δὲ
1103 1865 1201 1918 οὐκ
1232 1864 1376 1933 είκῆ.
1413 1862 1549 1916 ἀλλά
1577 1863 1670 1916 καὶ
1698 1862 1789 1914 ἐπὶ
1828 1860 2003 1930 κακῷ.

337 1955 445 2005 Καὶ
474 1953 566 2005 ἐπὶ
593 1953 797 2006 τούτων
827 1951 1085 2023 εὔκαιρον
1118 1955 1291 2005 εἰπεῖν
1317 1969 1331 1981 ·
1372 1951 1658 2022 Συμφέρον
1699 1946 1768 2022 ἦν
1799 1949 2004 2014 αὐτοῖς,

336 2040 382 2091 εἰ
407 2040 506 2092 οὐκ
532 2039 921 2109 ἐγεννήθησαν.
961 2039 1026 2092 Τί
1049 2039 1158 2110 γάρ
1186 2039 1398 2108 ὄφελος,
1449 2038 1569 2091 είπέ
1610 2055 1721 2109 μοι,
1757 2037 2009 2090 τοσοῦτον

335 2126 608 2180 ἀναλῶσαι
639 2127 829 2196 χρόνον
861 2127 953 2179 ἐπὶ
981 2125 1138 2196 κακῷ
1166 2127 1263 2196 τῆς
1284 2125 1490 2178 ἑαυτῶν
1516 2125 1789 2196 κεφαλῆςς
1818 2125 1880 2177 Εἰ
1901 2124 2008 2195 γὰρ

335 2216 454 2281 είκῆ
489 2212 646 2284 μόνον
669 2213 932 2276 ἀνάλωτο,
958 2213 1058 2265 οὐκ
1092 2212 1157 2265 ἂν
1186 2213 1418 2284 ἢρκεσεν
1438 2213 1472 2283 ή
1497 2210 1691 2282 ζημία.
1734 2210 1869 2263 Εἰπέ
1895 2227 2005 2280 μοι,

334 2303 386 2354 εῖ
412 2318 498 2364 τις
546 2300 817 2370 μισθωτὸς
863 2300 1157 2369 γενόμενος
1205 2300 1410 2352 εἴκοσιν
1459 2298 1554 2368 ἔτη
1609 2298 2008 2352 κατακόπτοιτο

334 2387 478 2457 εἰκῆ,
513 2388 578 2440 οὐ
636 2387 930 2439 κλαύσεται
973 2387 1070 2439 καὶ
1112 2384 1395 2456 θρηνήσει,
1449 2386 1544 2438 καὶ
1587 2383 1730 2448 δόξει
1789 2383 2008 2438 πάντων

333 2475 691 2546 ἐλεεινότερος
733 2471 905 2538 εἷναι;
951 2473 1061 2526 Καὶ
1109 2465 1266 2536 οὗτος
1307 2474 1487 2526 πᾶσαν
1534 2473 1631 2544 τὴν
1692 2471 1836 2542 ζωὴν
1881 2473 2005 2541 εἰκῆ

334 2563 634 2630 κατεκόπη,
676 2562 798 2615 οὐδέ
831 2562 962 2631 μίαν
991 2559 1206 2631 ήμέραν
1274 2560 1469 2631 ἔζησεν
1517 2559 1715 2630 ἐαυτῷ,
1758 2559 1894 2614 ἀλλά
1937 2562 2004 2630 τῇ

333 2651 532 2720 τρυφῇ,
566 2652 631 2719 τῇ
682 2647 960 2718 ἀσελγείᾳ,
1007 2649 1075 2718 τῇ
1137 2647 1442 2719 πλεονεξίᾳ,
1491 2650 1558 2718 τῇ
1609 2648 1873 2718 ἁμαρτίᾳ,
1927 2647 2008 2716 τῷ

332 2737 582 2807 διαὸόλῳ.
627 2735 829 2788 Τοῦτον
863 2729 956 2787 οὖν
983 2734 1594 2806 ού·θρηνήσομεν;εἰπέ
1620 2752 1710 2805 μοι
1734 2751 1748 2765 ο
1795 2735 1856 2787 οὐ
1891 2751 2009 2787 πει-

334 2823 616 2897 ρασόμεθα
651 2823 760 2876 τῶν
791 2821 1056 2876 κινδύνων
1088 2823 1430 2895 ἐξαρπάσαι;
1468 2822 1626 2876 Ἔστι
1653 2823 1782 2894 γάρ,
1834 2822 2003 2888 ἐστιν,

334 2909 431 2964 ὲάν
463 2911 725 2980 θέλωμεν,
747 2909 956 2978 κούφην
989 2909 1138 2980 αὐτῷ
1166 2909 1417 2979 γενέσθαι
1450 2909 1550 2980 τὴν
1581 2910 1799 2962 κόλασιν
1823 2910 1870 2961 δ.
1911 2911 2009 2962 “Av

333 2992 427 3051 οὖν
459 2998 626 3068 εὐχάς
656 2997 797 3068 ὑπὲρ
825 2996 990 3050 αὐτοῦ
1026 2998 1268 3068 ποιῶμεν
1287 2996 1450 3069 [175]
1482 2999 1743 3066 συνεχεῖς,
1764 2997 1830 3049 ἂν
1851 2995 2008 3067 ἐλεη-

338 3085 576 3155 μοσύνην
610 3084 840 3154 διδῶμεν
861 3099 876 3114 ο
910 3083 1011 3137 κᾶν
1041 3086 1252 3146 ἐκεῖνος
1272 3084 1490 3150 ἀνάξιος
1522 3080 1580 3156 ᾖ,
1633 3085 1785 3154 ήμᾶς
1810 3085 1840 3135 6
1877 3084 2010 3146 Θεὸς

334 3173 738 3241 δυσωπήσεται.
763 3173 828 3225 El
861 3171 947 3226 διά
977 3171 1190 3226 Παῦλον
1219 3171 1439 3242 ἐτέρους
1491 3172 1742 3236 διέσωσε,
1798 3172 1894 3224 καὶ
1942 3171 2009 3224 δι’

331 3259 576 3322 ἀλλουςο
629 3257 804 3312 ἄλλων
870 3259 1144 3329 φείδεται⁸
1181 3257 1298 3320 πῶς
1352 3258 1471 3328 οὐχὶ
1525 3258 1620 3310 καλ⁸
1675 3257 1741 3310 δι’
1776 3259 1922 3328 ἡμᾶς
1950 3258 2012 3310 τὸ

335 3345 470 3398 αὐτὸ
501 3344 658 3399 τοῦτο
686 3345 1014 3416 ἐργάσεται;
1064 3346 1158 3398 Ἐκ
1181 3343 1288 3397 τῶν
1315 3345 1526 3397 ἐκείνου
1573 3343 1898 3415 χρημάτων,
1948 3345 2011 3396 ἐκ

335 3433 444 3485 τῶν
481 3432 610 3497 σῶν,
645 3432 767 3485 ὅθεν
801 3432 870 3486 ἂν
902 3431 1088 3505 θέλῃς,
1131 3431 1401 3504 βοήθησον
1424 3449 1439 3464 ο
1469 3432 1758 3495 ἐπίσταξον
1809 3431 2008 3495 ἔλαιον,

341 3520 541 3590 μᾶλλον
568 3518 833 3590 δὲῦδωρ.
879 3519 994 3572 Οὐκ
1045 3518 1159 3588 ἔχει
1205 3517 1581 3589 ἐλεημοσύνας
1633 3519 1841 3582 οἰκείας
1891 3522 2011 3572 ἐπι-

334 3605 652 3672 δείξασθαις
684 3605 802 3658 Κᾶν
842 3605 1191 3674 συγγενικὰς.
1261 3605 1376 3659 Οὐκ
1413 3606 1526 3675 ἔχει
1574 3606 1672 3670 τάς
1721 3607 1812 3659 ὐπ’
1845 3607 2010 3660 αὐτοῦ

339 3692 714 3762 γεγενημένας
737 3707 752 3757 ;
779 3691 898 3745 Κᾶν
921 3691 1024 3754 τάς
1053 3692 1194 3762 ὑπὲρ
1225 3691 1413 3747 αὐτοῦ.
1468 3691 1625 3745 Οῦτω
1681 3693 1820 3761 μετά
1868 3697 2012 3764 παρ-

343 3782 538 3855 ρησίας
567 3779 731 3832 αὐτὸν
756 3779 1157 3850 παραιτήσεται
1186 3780 1306 3833 τότε
1345 3781 1379 3850 ή
1431 3779 1591 3850 γυνὴ,
1627 3779 1820 3851 λῦτρον
1873 3781 2013 3852 ὑπὲρ

339 3864 507 3918 αὐτοῦ
558 3863 926 3936 καταθεμένη.
981 3865 1134 3934 Ὅσῳ
1179 3864 1442 3919 πλειόνων
1501 3866 1723 3934 γέγονεν
1761 3867 2012 3937 ἁμαρτη-

343 3955 529 4022 μάτων
550 3951 868 4016 ὐπεύθυνος,
896 3951 1138 4023 τοσούτῳ
1168 3953 1432 4023 μειζόνως
1456 3953 1604 4024 αὐτῷ
1627 3953 1710 4006 δεῖ
1729 3954 1828 4023 τῆς
1857 3954 2013 4024 ἐλεη-

344 4041 604 4110 μοσύνης.
633 4040 708 4093 Οὐ
758 4039 847 4092 διά
895 4039 1058 4094 τοῦτο
1101 4041 1158 4093 δὲ
1213 4041 1393 4111 μόνον,
1444 4040 1559 4093 ἀλλ’
1597 4041 1679 4094 ὃτι
1741 4041 1859 4093 οὐδὲ
1893 4041 2015 4111 ἴσην

341 4128 455 4198 εχει
487 4127 585 4198 τὴν
621 4127 775 4198 ἰσχὺν
802 4127 918 4191 νῦν,
948 4127 1063 4181 ἀλλ’
1089 4127 1298 4180 ἐλάττω
1330 4127 1529 4197 πολλῷ.
1575 4127 1650 4180 Οὐ
1711 4128 1818 4196 γάρ
1869 4129 2016 4180 ἐστιν

346 4218 481 4278 ἴσον,
509 4216 671 4269 αὐτόν
705 4233 826 4268 τινα
848 4215 1099 4284 ποιῆσαι,
1130 4216 1225 4268 καὶ
1249 4215 1592 4286 ἐτερονύπέρ
1610 4213 1797 4268 αὐτοῦ.
1815 4215 1903 4278 Ὠς
1921 4210 2016 4268 οὖν

341 4305 622 4367 ἐλάττονος
634 4303 798 4374 οὔσης
808 4343 822 4369 ,
839 4303 980 4356 οὕτω
991 4302 1067 4373 τῷ
1082 4302 1252 4369 πλήθε
1261 4302 1556 4373 ἀμεγίστην
1569 4302 1809 4373 ποιῶμεν
1823 4303 2014 4372 αὑτήν.

414 4392 507 4462 Μή
529 4395 656 4460 περὶ
683 4392 925 4462 σήματα,
957 4389 1033 4461 μὴ
1053 4391 1182 4462 περὶ
1207 4391 1434 4459 ἐντάφια
1448 4388 1824 4459 ἀσχολὼμεθα.
1849 4389 2013 4458 Περί-

342 4490 543 4544 στησον
569 4475 774 4544 χήρας·
808 4474 968 4526 τοῦτο
996 4473 1246 4540 ἐντάφιον
1279 4473 1550 4542 μέγιστον.
1577 4471 1710 4523 Εἰπὲ
1743 4470 1978 4539 τοῦνομα
1998 4487 2014 4502 ο

342 4557 527 4621 πάσας
584 4557 840 4609 κέλευσον
897 4555 1037 4626 ὑπὲρ
1086 4554 1253 4607 αὐτοῦ
1304 4553 1578 4606 ποιεῖσθαι
1647 4551 1745 4615 τάς
1783 4551 2056 4620 δεήσεις,’

345 4640 442 4694 καὶ
467 4639 568 4701 τάς
591 4637 884 4706 ’ἱκετηρίας
907 4652 921 4666 ·
948 4636 1266 4704 δυσωπήσει
1292 4634 1450 4687 τοῦτο
1491 4633 1582 4686 τὸν
1627 4634 1788 4696 Θεὺν,
1823 4635 1870 4684 εἰ
1922 4635 2016 4687 καὶ

349 4720 427 4792 μὴ
467 4720 558 4773 ὑπ’
588 4717 777 4782 αὐτοῦ,
819 4715 955 4770 ἀλλὰ
987 4715 1062 4768 δι’
1128 4716 1292 4768 αὐτὸν
1351 4715 1537 4784 ἕτερος
1586 4714 1758 4777 αἴτιος
1809 4715 2017 4782 γίνεται

342 4803 449 4872 ,τῆς
479 4799 870 4870 ἐλεημοσύνης.
927 4797 1040 4851 Καὶ
1085 4798 1245 4850 τοῦτο
1268 4796 1444 4866 δόγμα
1479 4799 1580 4866 τῆς
1605 4795 1700 4848 τοῦ
1732 4795 1866 4850 Θεοῦ
1899 4797 2010 4866 φιλ·

343 4886 665 4959 ανθρωπὶας
709 4883 859 4940 ἐστί.
903 4883 1085 4952 Χῆραι
1126 4879 1492 4950 περιεστῶσαι
1526 4878 1620 4930 καὶ
1662 4877 2015 4950 δακρύουσαι,

347 4969 471 5039 οὐχὶ
493 4966 588 5020 τοῦ
625 4967 913 5037 παρόντος,
956 4964 1094 5018 ἀλλά
1138 4963 1233 5016 καὶ
1276 4961 1370 5014 τοῦ
1425 4960 1714 5031 μέλλοντος
1768 4961 2016 5018 δύνανται

350 5050 658 5121 ἐξαρπάσαι
690 5048 940 5101 Θανάτου.
981 5045 1173 5099 Πολλοὶ
1195 5045 1293 5097 καὶ
1323 5044 1388 5096 ἐκ
1411 5042 1519 5096 τῶν
1568 5043 1656 5112 ὑφ’
1692 5044 1896 5115 ἐτέρων
1949 5045 2017 5100 δι’

345 5134 549 5194 αὐτοὺς
583 5129 966 5198 γεγενημένων
999 5124 1380 5198 ἐλεημοσυνῶν
1439 5124 1746 5178 ἀπώναντο.
1790 5126 1852 5178 Εἰ
1909 5126 2019 5197 γάρ

352 5217 446 5268 καὶ
477 5215 551 5283 μὴ
584 5213 788 5272 τέλεον.
820 5209 1094 5278 ἀλλ’ὅμως
1130 5206 1481 5279 παραμυθίαν
1503 5201 1659 5278 εὗρόν
1684 5225 1831 5261 τινα·
1873 5211 2016 5272 ἐπεὶ,

353 5302 400 5352 εἰ
422 5300 498 5369 μή
527 5296 683 5350 τοῦτό
706 5295 848 5358 ἐστι,
877 5291 995 5355 πῶς
1017 5292 1084 5344 τά
1109 5290 1295 5344 παιδία
1323 5289 1553 5354 σώζεται
1577 5307 1590 5355 ;
1620 5291 1796 5344 καίτοι
1820 5308 1883 5360 γε
1905 5293 2022 5344 ἐκεῖ

354 5381 504 5434 οὐδὲν
537 5379 674 5432 αὑτά
703 5376 968 5446 εἰσφέρει,
991 5373 1105 5427 ἀλλ’
1135 5375 1182 5425 οἱ
1215 5376 1392 5440 γονεῖς
1413 5373 1473 5425 τὸ
1500 5375 1633 5425 πᾶν·
1662 5374 1756 5426 καὶ
1778 5372 2020 5442 γυναιξὶν

355 5461 617 5532 ἐχαρίσθη
651 5461 836 5513 παιδία
891 5457 1172 5519 πολλάκις,
1223 5457 1376 5509 οὐδὲν
1429 5457 1568 5510 αὐτά
1620 5457 2017 5525 είσενεγκόντα.

357 5547 562 5608 Πολλὰς
599 5545 728 5612 ἡμῖν
763 5545 790 5594 6
820 5541 950 5604 Θεὸς
971 5539 1064 5592 τοῦ
1097 5539 1361 5604 σώζεσθαι
1388 5539 1620 5593 δέδωκεν
1647 5540 1822 5602 όδούς.
1860 5539 2021 5609 μόνον

359 5627 434 5697 μὴ
470 5629 756 5696 ἁμελῶμεν

413 5733 438 5759 ⁸
483 5730 579 5780 Alii
610 5733 772 5792 ὥσπερ
802 5731 891 5791 γὰρ
911 5731 949 5777 ιὶ
968 5728 1140 5792 κύριος.
1236 5728 1268 5767 δ
1293 5729 1429 5792 Unus
1449 5729 1656 5788 θέλωμεν
1694 5728 1871 5792 ἡμέραν

353 5795 568 5850 γενέσθαι
603 5794 688 5848 τήν
727 5789 940 5839 κόλασιν.
1028 5789 1048 5818 (³
1079 5791 1255 5838 Vocem
1298 5791 1486 5846 ἄλλους,
1516 5803 1613 5849 qua
1640 5789 1870 5840 carebant
1903 5789 2023 5838 editi

357 5866 548 5914 omnes,
583 5865 699 5903 mss.
740 5854 1030 5900 auctoritate
1083 5853 1390 5901 inseruimus.
1420 5852 1553 5899 lion.

1118 269 1174 323 S.
1215 265 1501 323 JOA‘NNIS
1534 262 2022 322 CHRYSOSTOMI
2064 263 2384 319 ARCIIIEP.
2416 263 2961 324 CONSTANTINOP.

3683 272 3780 329 I70

2183 380 2244 432 ε’.
2295 379 2360 432 Τί
2387 377 2501 444 οὖν,
2523 383 2588 437 ἄν
2616 401 2698 448 τις
2731 379 2970 456 πένηςῇ.
3006 384 3174 454 φησί;
3208 383 3376 439 Πάλιν
3425 385 3556 456 ἐρῶ,
3585 385 3647 440 τὸ
3680 406 3779 440 πο-

2111 465 2174 519 λὺ
2209 468 2308 537 τῆς
2370 468 2736 540 ἐλεημοσύνης
2773 473 2872 523 οὐκ
2932 472 2994 524 ἐκ
3047 471 3154 524 τῶν
3196 471 3485 542 διδομένων
3536 474 3782 544 κρίνεται

2115 553 2297 621 μόνον,
2326 553 2461 606 ἀλλά
2501 556 2592 607 καὶ
2616 556 2678 608 ἐκ
2723 557 2820 624 τῆς
2887 556 3278 626 προαιρέσεως.
3330 558 3508 611 Μόνον
3557 559 3633 630 μὴ
3676 559 3785 628 δῷς

2109 638 2330 691 ἔλαττον
2373 639 2474 708 τῆς
2527 639 2829 707 δυνάμεως,
2878 643 2972 695 καὶ¹
3017 643 3077 695 τὸ
3116 645 3222 696 πᾶν
3256 645 3522 708 ἐξέτισας.
3565 645 3630 696 Τί
3667 643 3782 710 οῦν,

2112 727 2265 796 φησὶ,
2295 727 2361 780 ἂν
2392 728 2598 798 ἔρημος
2697 729 2789 780 καὶ
2819 729 2986 794 ξένος,
3027 733 3122 784 καὶ
3158 732 3361 800 μηδένα
3397 733 3530 804 ἔχῃς
3576 733 3674 786 Διά
3729 734 3784 788 τι

2110 817 2218 884 γάρ
2252 814 2452 884 μηδένα
2486 816 2634 884 ἔχει;
2675 815 2793 867 είπέ
2859 835 2968 885 μοι.
3019 819 3210 887 Τούτῳ
3269 820 3420 888 αὐτῷ
3471 822 3657 875 δίδωσι
3707 823 3786 875 δί-

2109 919 2232 972 κην,
2281 903 2361 955 ὅτι
2423 903 2629 973 μηδένα
2684 902 2827 955 οὓτω
2889 905 3062 974 φίλον,
3105 904 3278 969 οὕτως
3343 908 3597 978 ἐνάρετον
3647 909 3783 980 ἔχει.

2110 990 2280 1043 Τοῦτο
2343 988 2436 1043 οὖν
2487 990 2715 1059 γίνεται,
2773 991 2879 1056 ἵνα,
2913 993 3018 1045 κᾶν
3047 993 3200 1047 αὐτοὶ
3232 994 3307 1064 μὴ
3335 989 3486 1065 ὦμεν
3517 997 3783 1068 ἐνάριτοι,

2113 1079 2501 1148 σπουδάζωμεν
2535 1080 2786 1150 ἑταίρους
2821 1082 2916 1132 καὶ
2949 1081 3136 1150 φίλους
3167 1083 3463 1151 ἐναρέτους
3495 1083 3658 1155 ἔχειν,
3689 1088 3787 1138 καὶ

2112 1169 2345 1234 γυναῖκα
2371 1168 2465 1219 καὶ
2484 1166 2617 1225 υἱὸν.
2651 1168 2726 1229 ὡς
2757 1169 3129 1239 καρπούμενοι
3186 1186 3239 1222 τι
3292 1170 3390 1222 καὶ
3435 1170 3502 1222 δι’
3563 1172 3743 1225 αὐτῶν
3767 1188 3782 1203 ’

2115 1253 2310 1323 μικρὸν
2369 1255 2466 1322 μὲν
2519 1253 2913 1324 καρπούμενοι,
2943 1255 3406 1326 καρπούμενοιδέ
3436 1260 3608 1328 ὅμως.
3686 1261 3786 1315 Ἂν

2113 1341 2446 1412 σπουδάσῃς,
2479 1343 2552 1412 μὴ
2584 1342 2940 1406 πλουτοῦσαν,
2965 1342 3082 1396 ἀλλ’
3113 1343 3318 1414 εὐλαϐῆ
3346 1349 3578 1414 γυναῖκα
3644 1349 3786 1414 ἀγαο

2109 1428 2322 1497 γέσθαι,
2359 1428 2558 1499 ταύτης
2594 1428 2620 1467 ἀ
2653 1429 2936 1502 ἀπολαύσῃ
2983 1431 3081 1501 τῆς
3133 1433 3508 1501 παραμυθίας.
3553 1434 3787 1504 ὐμοίως

2111 1516 2176 1567 ἂν
2209 1515 2540 1586 σπουδάσῃς,
2605 1516 2680 1586 μὴ
2727 1516 3061 1569 πλουτοῦντα
3118 1519 3234 1571 υἱὸν
3295 1520 3636 1583 καταλιπεῖν,
3668 1521 3784 1574 ἀλλ’

2110 1602 2334 1673 εὐλαὸἧ,
2392 1603 2488 1657 καὶ
2549 1603 2842 1674 θυγάτριον
2911 1605 3149 1674 σεμνὸν,
3217 1607 3312 1660 καὶ
3375 1605 3518 1660 οὕτω
3581 1607 3786 1677 ταύτης

2109 1691 2392 1762 ἀπολαύσῃ
2450 1692 2552 1760 τῆς
2609 1691 2982 1762 παραμυθίας.
3051 1692 3149 1744 ’Ἂν
3211 1692 3384 1746 ταῦτα
3453 1695 3782 1768 σπουδάσῃς.

2110 1777 2204 1830 καὶ
2226 1778 2386 1841 αὐτὸς
2437 1778 2535 1849 ἔσῃ
2580 1779 2838 1841 τοιοῦτος.
2889 1780 2998 1832 Καὶ
3046 1779 3205 1832 τοῦτο
3263 1780 3428 1851 μέρος
3467 1781 3690 1852 ἀρετῆς,
3724 1785 3787 1836 τὺ

2109 1865 2384 1928 τοιούτους
2409 1866 2682 1934 αἱρεῖσθαι
2713 1867 2807 1920 καὶ
2833 1866 3041 1936 φίλους,
3061 1867 3156 1920 καὶ
3171 1871 3427 1935 ¹γυναῖκα,
3455 1870 3549 1921 καὶ
3573 1869 3782 1923 παιδία.

2181 1954 2294 2006 Οὐκ
2331 1953 2453 2023 είκῆ
2489 1955 2795 2023 προσφοραὶ
2822 1954 2962 2022 ὑπὲρ
2989 1953 3097 2007 τῶν
3132 1954 3473 2008 ἀπελθόντων
3521 1955 3782 2022 γίνονται,

2108 2041 2207 2092 οὐκ
2233 2039 2354 2110 εἱκῆ
2377 2041 2667 2110 ἱκετηρίαι,
2697 2042 2797 2093 οὐκ
2827 2043 2948 2112 εἰκῆ
2979 2040 3337 2112 ἐλεημοσύναι
3361 2058 3376 2075 ⁸
3407 2041 3578 2095 ταῦτα
3608 2045 3786 2098 πάντα

2109 2131 2168 2181 τὸ
2203 2129 2424 2198 Πνεῦμα
2448 2127 2676 2192 διέταξε,
2704 2129 2770 2181 δι’
2803 2128 3046 2199 ἀλλήλων
3073 2131 3217 2198 ἡμᾶς
3244 2129 3569 2198 ὠφελεῖσθαι
3605 2130 3785 2200 βουλό-

2113 2211 2442 2281 μενον.”ορα
2477 2214 2584 2283 γάρ
2602 2229 2615 2242 ·
2647 2211 2947 2280 Ὠφελείται
2968 2211 3437 2282 [1761ἐκεῖνοςδιά
3466 2212 3581 2274 σοῦ,
3601 2211 3781 2282 ὠφελῇ

2112 2301 2176 2352 σὺ
2233 2299 2300 2353 δι’
2355 2301 2594 2352 ἐκεῖνον·
2655 2300 3066 2369 κατεφρόνησας
3127 2299 3450 2370 χρημάτων,
3489 2299 3784 2371 προαχθεὶς

2109 2385 2446 2458 ἐργάσασθαί
2467 2403 2519 2438 τι
2553 2388 2796 2453 γενναῖον
2815 2402 2829 2416 ο
2863 2386 2957 2438 καὶ
2980 2387 3044 2438 σὺ
3069 2386 3218 2455 αὐτῷ
3244 2390 3343 2456 τῆς
3372 2387 3667 2456 σωτηρίας,
3691 2389 3786 2440 καὶ

2110 2474 2268 2536 αὐτὸς
2297 2475 2379 2526 σοὶ
2405 2474 2504 2544 τῆς
2534 2473 2904 2543 ἐλεημοσύνης
2959 2473 3181 2542 γέγονεν
3224 2474 3416 2536 αἴτιος.
3460 2473 3550 2543 Μὴ
3610 2475 3784 2543 ἀμφί-

2110 2560 2292 2623 ϐαλλε,
2327 2562 2410 2615 ὅτι
2438 2559 2795 2631 καρπώσεταί
2838 2577 2890 2612 τι
2925 2561 3178 2630 χρηστόν.
3231 2562 3343 2631 υύχ
3395 2561 3580 2623 ἁπλῶς
3607 2562 3635 2613 6
3667 2561 3786 2615 διά-
3895 2634 3898 2637 _

2110 2664 2264 2712 κονος
2289 2648 2408 2719 βοᾷο
2450 2648 2622 2720 ’Υπὲρ
2639 2647 2746 2700 τῶν
2768 2648 2826 2699 ἐν
2853 2647 3073 2718 Χριστῷ
3101 2649 3538 2718 κεκοιμημένων,
3562 2649 3655 2702 καὶ
3677 2650 3788 2702 τῶν

2109 2739 2207 2800 τάς
2245 2735 2434 2806 μνείας
2465 2736 2606 2806 ὑπὲρ
2639 2735 2816 2787 αὐτῶν
2849 2735 3286 2804 ἐπιτελουμένων
3307 2751 3320 2766 ο
3353 2737 3450 2806 οὐχ
3482 2739 3510 2789 ό
3537 2736 3788 2802 διάκονός

2110 2825 2256 2876 ἐστιν
2318 2825 2346 2876 ό
2390 2821 2592 2892 ταύτην
2643 2822 2826 2884 ἀφιεὶς
2859 2820 2955 2891 τὴν
2985 2822 3188 2890 φωνὴν,
3215 2823 3350 2874 ἀλλὰ.
3376 2823 3437 2875 τὸ
3467 2823 3688 2894 Πνεῦμα
3725 2827 3789 2878 τὸ

2110 2912 2265 2979 ἅγιον
2295 2922 2318 2950 ε
2342 2927 2356 2941 ·
2391 2910 2453 2962 τὸ
2478 2909 2534 2961 δὲ
2565 2909 2809 2979 χάρισμα
2841 2909 3004 2977 λέγω.
3034 2909 3098 2961 Τί
3125 2908 3342 2976 λέγεις;
3381 2906 3468 2961 Ἐν
3508 2913 3696 2981 χερσὶν
3751 2915 3786 2981 ἡ

2109 2997 2270 3051 θυσία
2290 3037 2305 3061 ,
2337 2998 2431 3050 καὶ
2462 2997 2638 3050 πάντα
2686 2995 2972 3064 πρόκειται
3025 2996 3438 3066 ηὐτρεπισμένα
3460 3013 3475 3027 °
3529 2999 3787 3067 πάρεισιν

2112 3085 2352 3155 ἄγγελοι,
2393 3084 2724 3155 ἀρχάγγελοι
2745 3099 2759 3114 ο
2803 3083 3067 3152 πάρεστιν
3095 3085 3122 3135 6
3149 3083 3274 3146 Υἱὸς
3301 3082 3396 3136 τοῦ
3437 3085 3572 3136 Θεοῦ
3598 3102 3613 3116 ο
3646 3087 3788 3156 μετά

2110 3173 2379 3242 τοσαύτης
2428 3172 2631 3241 φρίκης
2685 3171 2982 3241 ἑστήκασιν
3037 3169 3309 3232 ἃπαντεςο
3375 3172 3788 3242 παρεστήκασιν

2111 3260 2307 3312 ἐκεῖνοι
2343 3257 2595 3327 βοῶντες,
2657 3255 2874 3308 πάντων
2932 3255 3244 3322 σιγώντων
3303 3256 3397 3309 καὶ
3449 3258 3556 3328 ἡγῇ
3599 3259 3787 3322 ἁπλῶς

2111 3345 2356 3412 γίνεσθαι
2384 3343 2451 3395 τὰ
2483 3342 2773 3412 γινόμενα;
2803 3341 3010 3394 Οὐκοῦν
3044 3342 3136 3394 καὶ
3165 3341 3234 3394 τά
3261 3341 3397 3396 ἀλλα
3432 3342 3647 3407 ἁπλῶς,
3691 3347 3787 3397 καὶ

2111 3433 2179 3486 τὰ
2202 3433 2339 3503 ὑπὲρ
2368 3431 2466 3500 τῆς
2509 3429 2853 3500 Ἐκκλησίας,
2878 3431 2971 3482 καὶ
2994 3431 3062 3482 τὰ
3096 3429 3234 3500 ὑπὲρ
3265 3429 3374 3482 τῶν
3398 3431 3587 3501 ἱερέων
3615 3447 3788 3502 προσ-

2114 3521 2410 3590 φερόμενα,
2445 3517 2630 3571 καὶτὰ
2664 3518 2802 3587 ὑπὲρ
2841 3515 2934 3569 τοῦ
2963 3515 3362 3588 πληρώματος;
3397 3519 3487 3590 Μὴ
3535 3519 3744 3587 γένοιτο
3768 3537 3783 3551 ο

2113 3605 2250 3659 ἀλλά
2298 3605 2476 3658 πάντα
2534 3605 2674 3675 μετά
2722 3604 2956 3665 πίστεως
3009 3605 3237 3672 γίνεται.
3295 3604 3360 3656 Τί
3417 3605 3516 3658 οίει
3549 3605 3611 3658 τό
3645 3606 3790 3677 ὑπὲρ

2119 3692 2410 3763 μαρτύρων
2431 3691 2857 3762 προσφέρεσθαι,
2885 3689 2945 3741 τὸ
2972 3690 3236 3760 κληθῆναι
3261 3692 3320 3743 ἐν
3339 3691 3519 3761 ἐκείνῃ
3536 3693 3601 3760 τῇ
3633 3691 3786 3763 ῶρᾳς

2115 3779 2235 3831 Κᾶν
2270 3779 2547 3850 μάρτυρες
2573 3772 2697 3840 ὦσι,
2727 3776 2828 3830 κᾶν
2858 3778 2999 3846 ὑπὲρ
3027 3777 3337 3847 μαρτύρων,
3394 3778 3602 3846 μεγάλη
3654 3780 3791 3848 τιμὴ

2115 3867 2177 3919 τὸ
2214 3864 2604 3935 ὀνομασθῆναι,
2637 3863 2730 3916 τοῦ
2761 3864 3029 3916 Δεσπότου
3086 3865 3372 3933 παρόντος,
3402 3863 3496 3916 τοῦ
3551 3863 3790 3918 θανάτου

2117 3951 2535 4020 ἐπιτελουμένου
2561 3949 2788 4014 ἐκείνου,
2818 3950 2915 4018 τῆς
2949 3951 3182 4021 φρικτῆς
3203 3947 3226 3988 ί
3270 3949 3483 4014 θυσίας,
3511 3949 3619 4002 τῶν
3645 3951 3786 4018 ἀφά-

2115 4057 2223 4091 των
2243 4038 2576 4109 μυστηρίων.
2607 4035 2872 4107 Καθάπερ
2903 4037 3010 4106 γὰρ
3033 4035 3341 4106 καθημένου
3371 4035 3464 4088 τοῦ
3498 4035 3786 4105 βασιλέως,

2115 4129 2216 4180 ὅσα
2249 4125 2316 4178 ἀν
2339 4142 2421 4187 τις
2449 4123 2726 4194 βούληται,
2745 4123 2932 4176 ἀνύει·
2964 4123 3276 4193 ἐγερθέντος
3305 4122 3382 4185 δέ,
3417 4123 3516 4176 ὅσα
3543 4123 3608 4176 ἂν
3628 4123 3787 4196 λέγῃ,

2116 4213 2239 4283 είκῆ
2285 4214 2434 4283 ἐρεῖο
2478 4209 2622 4264 οὕτω
2675 4211 2770 4264 καὶ
2809 4211 2953 4272 τότε,
2985 4211 3088 4272 ἕως
3141 4209 3208 4263 ἂν
3262 4211 3541 4281 πρόκειται
3581 4211 3649 4263 τὰ
3679 4211 3792 4264 τῶν

2123 4298 2456 4370 μυστηρίων,
2498 4299 2632 4351 πᾶσι
2689 4297 2822 4366 τιμὴ
2875 4297 3102 4366 μεγίστη
3135 4296 3196 4349 τὸ
3233 4298 3454 4366 μνήμης
3485 4297 3790 4363 ἀξιοῦσθαι.

2122 4387 2264 4456 Ὅρα
2292 4385 2420 4456 γάρ·
2451 4383 2897 4456 Καταγγέλλεται
2921 4385 3041 4436 τότε
3059 4384 3120 4436 τὸ
3143 4385 3440 4453 μυστήριον
3455 4384 3516 4438 τὸ
3542 4385 3791 4455 φρικτὸν,

2117 4472 2199 4525 ὅτι
2239 4472 2380 4542 ὑπὲρ
2408 4472 2508 4542 τῆς
2530 4469 2855 4540 οἰκουμένης
2890 4469 3086 4522 ἔδωκεν
3137 4469 3329 4523 ἐαυτὸν
3358 4471 3387 4521 ό
3416 4469 3550 4533 Θεός
3574 4485 3588 4498 ·
3651 4472 3796 4540 μετά

2116 4558 2211 4612 τοῦ
2273 4557 2550 4628 θαύματος
2599 4557 2812 4610 ἐκείνου
2857 4558 3125 4627 εὐκαίρως
3166 4547 3593 4627 ὑπομιμνήσκει
3629 4559 3798 4610 αὐτὸν

2118 4645 2226 4699 τῶν
2253 4644 2672 4716 ἡμαρτηκότων.
2705 4643 2972 4713 Καθάπερ
2997 4643 3102 4713 γὰρ
3131 4644 3260 4696 ὅταν
3285 4643 3526 4696 ἐπινίκια
3551 4644 3660 4697 τῶν
3695 4645 3796 4714 βα-

2121 4731 2310 4786 σιλέων
2331 4732 2551 4802 ἄγηται,
2577 4732 2699 4784 τότε
2724 4730 3094 4800 εὐφημοῦνται
3123 4730 3223 4799 μέν
3252 4730 3345 4783 καὶ
3371 4731 3487 4784 ὅσοι
3515 4731 3614 4802 τῆς
3638 4731 3796 4800 νίκης

2119 4818 2504 4890 ἐκοινώνησαν,
2554 4817 2806 4886 ἀφίενται
2853 4817 2909 4868 δέ
2955 4817 3050 4869 καὶ
3081 4818 3194 4869 ὅσοι
3229 4818 3286 4869 ἐν
3318 4818 3537 4888 δεσμοῖς
3569 4820 3679 4871 εισι
3708 4819 3798 4870 διὰ

2119 4913 2210 4966 τὸν
2239 4911 2461 4982 καιρόνο
2490 4907 2852 4980 παρελθόντος
2874 4907 2930 4959 δὲ
2951 4907 3044 4959 τοῦ
3082 4906 3296 4978 καιροῦ,
3323 4910 3357 4960 6
3397 4907 3470 4978 pf-
3488 4906 3668 4978 τυχὼν
3697 4910 3799 4961 οὐκ

2120 5001 2202 5053 ἔτι
2224 4998 2367 5061 τινὸς
2381 4995 2643 5050 ἀπολαύει
2663 5011 2676 5024 ο
2707 4993 2850 5046 οὕτω
2877 4993 2942 5064 δὴ
2969 4996 3064 5047 καὶ
3091 4995 3348 5060 ἐνταῦθα,
3379 4993 3488 5046 τῶν
3514 4994 3800 5047 ἐπινικίων

2120 5082 2275 5148 οὗτος
2297 5087 2326 5137 6
2355 5084 2564 5155 καιρός.
2608 5083 2854 5145 Ὁσάκις
2880 5081 2991 5152 γάρ
3036 5081 3131 5142 ἂν,
3194 5082 3380 5152 φησὶν,
3413 5082 3657 5148 ἐσθίητε
3689 5081 3801 5133 τὸν

2122 5173 2303 5240 ἄρτον
2339 5169 2578 5234 τοῦτον,
2613 5167 2722 5220 τὸν
2753 5167 3016 5222 θάνατον
3046 5167 3154 5220 τοῦ
3185 5168 3408 5234 Κυρίου
3468 5166 3800 5234 καταγγέλ-

2121 5261 2276 5312 λετε.
2307 5255 2399 5326 Μὴ
2431 5255 2495 5325 δὴ
2529 5254 2717 5317 ἁπλῶς
2743 5254 3078 5325 προσίωμεν,
3111 5252 3247 5323 μηδὲ
3291 5255 3368 5315 ὡς
3419 5252 3576 5322 ἔτυχε
3623 5252 3801 5306 ταῦτα

2125 5343 2365 5414 γίνεσθαι
2389 5343 2714 5413 νομίζωμεν.
2751 5341 2958 5403 ’Ἄλλως
2987 5340 3044 5392 δὲ
3104 5339 3397 5410 μαρτύρων
3453 5340 3797 5410 μεμνήμεθα,

2123 5430 2406 5485 καὶτοῦτο
2465 5431 2545 5492 είς
2589 5429 2792 5491 πίστιν,
2844 5429 2927 5481 ὅτι
2973 5428 3034 5480 οὐ
3084 5427 3654 5496 τέθνηκενόΚύριοςο
3707 5430 3805 5480 καὶ

2120 5519 2280 5574 τοῦτο
2331 5518 2426 5572 τοῦ
2472 5517 2879 5572 τεθανατῶσθαι
2932 5516 3023 5568 τὸν
3073 5514 3304 5568 θάνατον
3370 5517 3593 5584 σημεῖον
3616 5553 3631 5576 ,
3703 5515 3800 5566 τοῦ

2184 5661 2209 5701 δ
2259 5661 2397 5710 Mnus
2436 5659 2635 5719 γυναῖκα
2669 5657 2758 5719 καὶ
2793 5657 3036 5717 θυγάτριον
3073 5653 3332 5715 ἀγαγέσθαι
3375 5652 3566 5713 σεμνὸν.
3605 5650 3805 5719 ταύτης.

2130 5725 2155 5754 ⁸
2191 5721 2356 5772 Monu'.
2397 5711 2458 5768 οὐ
2473 5722 2529 5767 τὸ
2555 5721 2702 5780 ἅγιον.
2735 5711 3025 5780 Parlicul'am
3047 5711 3329 5780 nekahlem,
3367 5711 3481 5780 qqu
3498 5711 3800 5780 εειιιθιιιίαπι

2129 5784 2310 5840 turbat.
2333 5796 2442 5832 cum
2463 5773 2718 5834 (lomvinel.,
2748 5779 2858 5825 Sav.
2876 5784 2933 5840 cl
2956 5790 3072 5840 mss.
3097 5773 3403 5840 singlujimusi
3430 5773 3563 5822 Ευιτ.
3705 5776 3803 5822 Alii

2137 5837 2368 5908 παρόντος
2418 5848 2501 5898 τῆς
2542 5840 2697 5901 μνείας
2742 5839 3099 5899 ἐπιτελουμένης
3149 5837 3328 5892 ἐκείνης
3385 5842 3470 5892 τῆς
3525 5842 3767 5898 φορικτὴς
