4088 6142
330 295 437 350 169

327 412 510 465 luctus
539 417 594 464 ct
631 404 1034 478 philos0phicns
1062 414 1147 460 est
1173 415 1228 460 ct
1255 405 1552 460 doctrinam
1584 405 1742 458 habet
1771 402 1909 456 mul-

328 516 440 557 tam
467 519 482 565 ;
513 502 603 556 ille
628 515 758 555 vero
782 515 846 555 ex
880 498 1312 569 pusillanimitate
1342 497 1714 567 proﬁciscitur.
1757 496 1812 550 Si
1841 496 1912 548 ita

325 596 639 663 lngeremus
650 606 858 655 omnes,
876 590 991 644 illos
1006 591 1242 642 viventes
1255 586 1913 653 emendassemus.Qnem-

325 685 617 739 admodum
637 685 678 737 si
711 698 896 751 posses
915 681 1195 752 pharmaea
1214 681 1468 736 adhibere
1493 722 1506 746 ,
1545 695 1663 749 qua
1683 687 1908 732 mortem

329 779 474 831 illam
512 775 850 845 corporalem
879 782 1160 839 arcerent,
1192 773 1471 826 adhibercs
1502 772 1715 840 utique:
1749 771 1817 822 ita
1858 778 1913 822 ct

330 884 492 934 nunc,
522 871 566 922 si
600 868 738 922 hanc
766 868 972 933 lttgcres
997 873 1222 918 mortem
1245 905 1260 926 ,
1287 875 1340 917 et
1366 879 1394 916 a
1425 873 1475 917 te
1500 872 1548 917 et
1581 863 1648 916 ab
1678 862 1765 915 illo
1792 877 1908 914 eam

305 947 497 1028 Qipsam
529 974 761 1014 arceres.
792 957 943 1011 Nunc
966 965 1144 1011 autem
1173 956 1398 1023 aenigma
1419 965 1501 1007 est
1528 953 1667 1020 quod
1695 951 1905 1017 accidit,

326 1051 472 1120 quod
500 1066 624 1105 cum
653 1049 920 1119 possimus
947 1046 1203 1116 impedire
1230 1047 1514 1114 quominus
1538 1059 1681 1098 mors
1709 1043 1791 1096 illa
1822 1058 1911 1096 ac-

327 1143 504 1207 cidat,
540 1157 644 1195 non
673 1140 1053 1210 impediamus;
1084 1138 1177 1194 sed
1207 1152 1327 1192 eum
1355 1136 1579 1201 accidit,
1612 1136 1904 1204 lugeamus.

331 1235 472 1288 Vere
501 1233 750 1302 lacrymis
777 1231 922 1301 digni
949 1238 1072 1284 sunt
1098 1248 1108 1281 :
1140 1243 1260 1282 cum
1286 1227 1569 1283 adstabunt
1593 1238 1716 1280 ante
1745 1226 1909 1280 tribu-

328 1327 416 1380 nal
445 1325 679 1387 Christi,
708 1325 882 1392 qualia
911 1322 1068 1375 verba
1105 1319 1352 1383 audient,
1392 1318 1563 1387 qualia
1606 1317 1908 1385 patientur?

329 1418 552 1470 Frustra
581 1417 828 1469 vixerunt
856 1412 908 1467 bi
930 1453 946 1478 ,
976 1414 1084 1466 imo
1113 1428 1215 1464 nun
1243 1409 1454 1471 frustra,
1484 1407 1576 1461 sed
1607 1408 1657 1462 in
1689 1407 1903 1460 malum.

329 1509 405 1560 Dc
433 1509 541 1560 illis
565 1505 747 1558 dicere
775 1519 870 1573 par
898 1513 974 1557 est
1007 1521 1020 1556 :
1052 1503 1252 1556 Bonum
1285 1512 1400 1554 erat
1432 1500 1532 1554 illis
1551 1541 1565 1564 ,
1591 1499 1636 1553 si
1665 1500 1771 1552 nati
1801 1513 1903 1553 non

327 1598 556 1650 fuissent
582 1595 772 1665 (Marc.
804 1595 889 1648 1.5.
919 1592 1035 1661 2|).
1067 1592 1194 1659 Quae
1223 1590 1442 1652 utilitas,
1469 1604 1670 1659 quaeso,
1703 1598 1904 1642 tantum

326 1688 598 1740 insumere
644 1694 852 1752 tempus
899 1684 949 1735 iu
995 1682 1183 1749 capitis
1222 1681 1304 1733 sui
1345 1679 1583 1732 malum?
1623 1677 1679 1732 Si
1711 1677 1902 1731 frustra

323 1780 498 1833 solum
519 1779 842 1845 insumptum
861 1774 1066 1838 fuisset,
1087 1788 1190 1827 non
1211 1781 1410 1826 tantum
1430 1772 1613 1825 fuisset
1629 1771 1899 1825 damnum.

329 1871 420 1924 Die
466 1869 595 1923 mihi
621 1910 637 1932 ,
669 1870 715 1922 si
745 1868 863 1936 quis
891 1864 1250 1919 mercenarius
1278 1862 1463 1931 viginti
1501 1875 1670 1915 annos
1710 1859 1902 1914 frustra

325 1960 533 2031 perdat,
558 1973 735 2012 annon
761 1956 986 2026 plorabit
1012 1963 1066 2009 et
1092 1954 1270 2019 ﬂebit,
1298 1953 1641 2021 omniumque
1670 1952 1905 2005 miserri-

322 2071 443 2108 mus
471 2069 592 2107 esse
619 2049 924 2105 videbitur?
951 2050 1020 2103 At
1045 2047 1130 2102 hic
1156 2055 1317 2102 totam
1345 2047 1501 2100 vitam
1532 2060 1683 2099 suam
1711 2044 1901 2098 frustra

322 2145 590 2216 perdidit,
631 2159 807 2212 neque
835 2143 920 2197 vel
951 2157 1056 2196 uno
1086 2141 1173 2195 die
1201 2139 1300 2194 sibi
1330 2139 1498 2202 vixit,
1531 2137 1624 2192 sed
1657 2137 1860 2192 deliciis
1883 2179 1898 2202 ,

322 2237 569 2302 luxurie,
599 2236 868 2297 avaritiaz,
903 2241 1120 2302 peccato
1140 2271 1156 2297 ,
1185 2229 1419 2287 diabolo.
1452 2231 1665 2292 Annon,
1696 2243 1898 2297 quaso,

320 2331 463 2382 hunc
490 2326 830 2398 lugebimus?
858 2342 1035 2379 annon
1066 2323 1381 2378 conabimur
1407 2339 1436 2376 a
1470 2321 1718 2392 periculis
1743 2337 1901 2375 eruc-

316 2419 412 2473 re?
441 2419 768 2481 Possumus,
797 2428 944 2472 certe
970 2431 1271 2486 possumus,
1295 2414 1340 2469 si
1367 2415 1608 2479 velimus,
1636 2413 1752 2484 ejus
1777 2429 1900 2479 sup-

295 2509 522 2577 plicium
535 2508 709 2564 levius
721 2507 958 2562 efﬁcere.
982 2509 1037 2562 Si
1071 2507 1372 2576 frequenter
1395 2505 1664 2559 orati0nes
1693 2519 1789 2573 pro
1810 2504 1901 2558 ll!o

315 2602 626 2665 fundamus,
659 2603 702 2654 si
731 2601 1125 2670 eleemosynam
1153 2598 1342 2652 demus
1367 2614 1383 2662 ;
1409 2598 1619 2652 etiamsi
1651 2597 1738 2652 illc
1766 2597 1902 2649 indi-

312 2711 447 2762 gntts
473 2696 562 2759 sit,
597 2708 696 2747 nos
729 2693 868 2748 Deus
896 2691 1164 2747 exaudiet.
1193 2689 1246 2746 Si
1277 2699 1493 2759 prepter
1517 2689 1736 2743 Paulum
1765 2687 1900 2740 alios

313 2787 583 2850 servavit,
631 2793 686 2840 et
726 2793 945 2853 propter
973 2784 1108 2836 alios
1147 2783 1351 2851 parcit,
1382 2797 1478 2834 cur
1517 2795 1624 2834 non
1668 2780 1896 2849 idipsum

313 2886 535 2943 prepter
559 2889 659 2929 nos
687 2876 846 2928 etiam
877 2873 1069 2928 faciet?
1103 2873 1176 2927 Ex
1209 2872 1352 2925 illius
1386 2871 1651 2940 pecuniis,
1675 2885 1741 2925 ex
1769 2871 1893 2934 tuis,

311 2964 454 3019 unde
481 2963 737 3030 volueris,
764 2965 893 3033 juva
923 2981 936 3017 :
962 2964 1154 3016 instilla
1181 2965 1378 3026 oleum,
1413 2962 1518 3015 imo
1544 2976 1754 3030 aquam.
1780 2958 1894 3014 Non

309 3065 486 3124 potest
529 3056 904 3126 eleemnsynas
935 3054 1175 3122 proprias
1216 3053 1512 3108 exhibere?
1555 3051 1752 3107 Saltem
1800 3066 1894 3105 co-

304 3157 592 3217 gnatorum
623 3147 894 3202 exhibeat.
927 3147 1042 3201 Non
1076 3155 1250 3214 potest
1287 3161 1314 3197 a
1348 3160 1405 3199 se
1451 3144 1655 3197 factas?
1694 3143 1891 3197 Saltem

307 3253 408 3308 pro
432 3253 492 3292 se
522 3237 709 3292 factas.
735 3239 824 3293 Sic
848 3253 970 3292 cum
994 3236 1184 3290 ﬁducia
1212 3236 1383 3306 ipsum
1415 3245 1540 3288 tunc
1567 3234 1895 3302 dcprecabi—

307 3339 395 3383 tur
434 3345 606 3394 uxor,
655 3330 884 3397 pretium
926 3328 1312 3397 redemptionis
1358 3343 1451 3396 pro
1480 3327 1568 3380 illo
1595 3327 1887 3396 deponens.

303 3423 422 3490 Quo
453 3423 697 3492 pluribus
722 3423 820 3477 fuit
855 3424 1086 3492 peccatis
1124 3422 1387 3476 obnoxius
1410 3463 1424 3484 ,
1454 3437 1520 3475 eo
1549 3423 1716 3491 magis
1755 3437 1890 3490 opus

305 3513 466 3567 habet
493 3514 857 3584 eleemosyna.
897 3511 1080 3581 Neque
1111 3527 1238 3566 vero
1268 3522 1484 3581 propter
1516 3511 1616 3565 hoc
1647 3520 1846 3565 tantum
1871 3552 1886 3575 ,

301 3605 398 3656 sed
425 3603 549 3671 quia
585 3616 686 3656 non
714 3616 897 3672 parem
930 3615 1071 3655 nunc
1096 3602 1201 3654 vim
1231 3601 1422 3666 habet,
1466 3600 1571 3652 imo
1597 3601 1763 3653 multo
1790 3601 1888 3653 mi-

304 3710 514 3748 norem.
544 3692 659 3746 Non
689 3708 785 3762 par
808 3693 949 3746 enim
978 3707 1064 3746 res
1089 3699 1198 3756 est,
1230 3692 1400 3760 ipsum
1423 3689 1664 3760 quadam
1685 3689 1882 3756 facere,

302 3795 356 3840 et
385 3787 546 3839 alium
581 3802 678 3854 pro
706 3786 840 3855 ipso.
867 3785 997 3838 Cum
1031 3786 1208 3853 itaque
1234 3783 1406 3836 minor
1432 3785 1530 3846 sit,
1565 3797 1656 3851 per
1677 3783 1882 3851 COpiam

303 3877 563 3932 faciamus
592 3877 734 3930 illam
761 3877 1040 3945 majorem.

373 3967 724 4038 Eleemosynae
747 3978 954 4038 prosunt
984 3967 1253 4035 defunctis.
1282 3996 1353 4007 —
1379 3965 1458 4020 Ne
1504 3965 1644 4020 circa
1690 3981 1880 4020 monu-

301 4067 507 4126 tuenta,
540 4074 608 4113 ne
636 4059 776 4113 circa
807 4059 1120 4126 sepulcralia
1167 4072 1384 4127 operam
1433 4056 1642 4111 demus.
1694 4056 1880 4111 Patro-

300 4149 485 4202 cinare
515 4148 708 4211 viduis,
752 4149 852 4202 hoc
879 4148 1176 4217 sepulcrale
1202 4145 1434 4201 oflicium
1461 4157 1544 4200 est
1569 4147 1878 4200 maximum.

301 4239 400 4293 Dic
421 4254 618 4293 nomen
649 4257 663 4292 :
696 4253 884 4294 omnes
907 4240 1019 4292 illas
1040 4238 1172 4308 jube
1199 4252 1295 4307 pro
1317 4238 1432 4306 ipso
1455 4251 1643 4305 preces
1673 4247 1726 4290 ct
1751 4252 1879 4304 sup-

300 4330 618 4400 plicationes
667 4330 956 4385 emittere:
991 4330 1093 4383 hnc
1135 4329 1302 4383 Deum
1352 4327 1622 4396 placabit;
1671 4328 1879 4381 etiamsi

300 4437 408 4476 non
441 4437 540 4491 per
565 4422 740 4487 illum,
767 4429 823 4476 at
853 4430 1073 4490 prepter
1100 4421 1246 4475 illum
1274 4419 1412 4473 alius
1441 4428 1629 4473 auctor
1653 4419 1722 4472 sit
1745 4419 1880 4472 elee-

298 4528 563 4584 mesynze.
599 4513 668 4567 Et
691 4513 792 4568 hoc
814 4521 1186 4583 argumentum
1215 4519 1302 4566 est
1329 4511 1524 4566 divina:
1558 4510 1872 4564 clementicc.

301 4603 491 4657 Vidua:
534 4603 940 4658 circumstantes
983 4610 1038 4656 et
1088 4602 1466 4673 lacrymantes,
1517 4615 1622 4654 non
1662 4614 1692 4652 a
1738 4614 1878 4666 prae-

298 4703 484 4756 sente,
515 4692 610 4747 sed
640 4707 672 4746 a
696 4692 871 4746 futura
903 4703 1072 4746 morte
1103 4700 1328 4761 possunt
1355 4705 1566 4746 eruere.
1626 4689 1774 4744 Multi
1811 4691 1879 4742 ah

299 4783 657 4855 eleemosynis
685 4783 910 4836 aliorum
939 4796 1035 4852 pro
1061 4797 1120 4837 se
1140 4782 1294 4837 factis
1311 4781 1472 4851 adjuti
1498 4787 1636 4835 sunt.
1661 4780 1715 4834 Si
1735 4778 1878 4832 enim

301 4888 406 4927 non
427 4873 653 4927 omnino
681 4872 788 4926 sint
814 4873 1042 4936 liberati,
1066 4872 1254 4926 saltem
1293 4872 1523 4942 aliquam
1557 4871 1877 4924 invenerunt

298 4965 744 5020 consolationem.
771 4964 901 5018 Nam
932 4965 977 5018 si
1005 4961 1241 5018 bocnon
1271 4971 1435 5022 esset.
1462 4959 1727 5030 quomodo
1750 4973 1878 5027 pue-

298 5057 403 5109 ruli
452 5055 840 5110 servarentur?
888 5053 1147 5123 siquidem
1194 5053 1323 5106 nihil
1370 5051 1442 5105 illi
1487 5049 1736 5113 afferunt,
1783 5047 1877 5103 sed

300 5155 470 5200 totum
520 5155 773 5217 parentes
819 5163 834 5199 :
885 5157 940 5200 et
989 5145 1300 5199 mulieribus
1353 5143 1533 5198 donati
1573 5151 1698 5196 sunt
1735 5155 1878 5210 saepe

297 5238 474 5306 pueri,
530 5237 621 5307 qui
669 5236 801 5290 nihil
850 5237 918 5290 ad
966 5235 1096 5289 illud
1136 5234 1448 5288 intulerunt.
1498 5232 1688 5286 Multas
1737 5231 1878 5285 Deus

295 5330 455 5385 nobis
498 5329 688 5383 salutis
731 5328 880 5384 dedit
924 5329 1093 5391 vias,
1121 5325 1280 5379 modo
1326 5338 1429 5377 non
1476 5325 1824 5392 negligamus.

360 5429 439 5483 ι’.
462 5421 602 5488 Quid
633 5435 787 5491 ergo,
824 5420 1055 5488 inquies,
1087 5418 1131 5471 si
1171 5417 1292 5486 quis
1321 5429 1521 5483 pauper
1546 5415 1651 5468 sit?
1673 5413 1880 5468 Rursus

294 5515 468 5569 dicam
499 5532 512 5566 :
549 5513 924 5583 Eleemosynas
938 5510 1088 5580 copia
1117 5524 1222 5564 non
1249 5523 1314 5562 ex
1339 5505 1479 5560 datis
1500 5514 1879 5574 pensaturmo-

297 5606 385 5667 do.
427 5604 519 5659 sed
549 5605 716 5658 etiam
747 5618 809 5657 ex
846 5601 1138 5670 preposito.
1171 5598 1397 5652 Tantum
1445 5610 1513 5649 ne
1555 5594 1647 5648 des
1680 5594 1876 5656 minus,

298 5714 452 5770 quam
481 5697 772 5753 facultates
797 5693 988 5757 ferant,
1015 5701 1069 5749 et
1099 5699 1263 5748 totum
1292 5686 1516 5743 solvisti.
1541 5685 1675 5752 Quid
1706 5701 1832 5753 ergo
1856 5725 1871 5750 ,

1287 292 1350 349 IN
1391 292 1565 348 ACTA
1609 289 2125 348 APOSTOLORUM.
2171 290 2394 346 llOMIL.
2436 292 2576 348 XXI.

3502 299 3602 351 170

2022 401 2254 471 inquies,
2288 405 2334 458 si
2362 405 2510 460 solus
2537 405 2607 461 sit
2633 414 2688 461 et
2711 407 3040 477 peregrinus,
3088 408 3462 481 neminemque
3503 411 3600 464 ha-

2019 491 2182 546 beat?
2218 492 2347 561 Cur,
2391 510 2596 565 quaeso,
2652 496 2922 551 nemiuem
2969 498 3163 553 habet?
3207 499 3319 554 Hoc
3365 501 3480 570 ipso
3514 501 3602 556 ille

2020 598 2206 651 poenas
2252 585 2364 652 dat,
2413 587 2554 656 quod
2584 589 2852 643 nemiuem
2883 589 2960 642 sic
2984 591 3236 652 amicum.
3283 593 3363 648 sic
3404 595 3600 648 virtute

2019 674 2300 742 praeditum
2325 676 2538 731 habeat.
2571 678 2752 748 Itaque
2783 679 2887 734 hoc
2917 680 2984 732 ita
3011 697 3069 734 se
3097 681 3278 745 habet,
3313 691 3367 736 ut
3409 691 3453 738 si
3501 699 3598 738 nos

2017 766 2214 821 virtute
2252 769 2458 837 prtcditi
2493 785 2602 823 non
2642 771 2831 836 simus,
2874 786 3128 826 curemus
3172 774 3357 828 saltem
3402 777 3598 830 virtute

2018 856 2274 923 prmditos
2311 860 2512 914 amicos
2543 861 2760 924 habere,
2795 877 3124 932 uxoremque
3155 863 3279 918 item
3303 875 3356 918 et
3389 867 3549 921 ﬁlium
3577 910 3594 934 ,

2015 960 2073 1002 ut
2099 949 2330 1004 fructum
2359 954 2642 1019 quemdam
2684 970 2778 1024 per
2803 955 2925 1010 illos
2954 957 3342 1026 percipiamus;
3377 976 3593 1028 parvum

2014 1042 2251 1109 quidem,
2285 1045 2377 1099 sed
2409 1055 2586 1101 tamen
2613 1049 2990 1118 percipiamns.
3016 1049 3070 1104 Si
3093 1065 3249 1105 cures
3282 1053 3440 1120 piam,
3489 1071 3593 1109 non

2014 1132 2253 1198 divitem,
2287 1135 2484 1192 ducere
2517 1156 2736 1193 uxorem
2764 1143 2780 1173 ί
2801 1181 2816 1204 ,
2847 1140 2946 1196 hac
2972 1141 3163 1198 frueris
3183 1145 3547 1201 consolatione
3577 1165 3591 1201 :

2008 1222 2364 1292 similiterque
2400 1228 2443 1280 si
2472 1243 2626 1283 cures
2653 1231 2815 1284 lilium
2841 1248 2943 1285 non
2969 1233 3297 1302 opulentum,
3327 1235 3419 1290 sed
3451 1237 3592 1306 pittm

2015 1314 2337 1384 relinquere,
2369 1319 2411 1371 si
2437 1320 2596 1373 ﬁliam
2628 1331 2856 1389 castam,
2888 1323 2988 1378 hac
3024 1326 3148 1379 item
3180 1325 3377 1382 frueris
3409 1343 3596 1383 conso-

2014 1404 2232 1459 latione.
2265 1406 2321 1461 Si
2367 1409 2480 1464 bacc
2521 1426 2698 1476 cures,
2748 1423 2800 1466 tu
2825 1430 3037 1484 quoque
3077 1416 3195 1472 talis
3223 1419 3350 1472 eris.
3383 1420 3449 1474 Et
3480 1420 3593 1476 haec

2011 1510 2134 1565 pars
2163 1500 2370 1555 virtutis
2394 1512 2496 1568 est,
2523 1504 2656 1559 tales
2679 1505 2875 1573 eligere
2905 1508 3127 1573 amicos,
3154 1525 3396 1578 uxorem,
3431 1513 3588 1569 ﬁlius.

2084 1587 2374 1645 Oblntiones
2398 1609 2490 1662 pro
2517 1593 2792 1662 defunctis.
2819 1627 2889 1636 —
2919 1596 3032 1651 Non
3066 1597 3256 1654 frustra
3287 1602 3590 1659 oblationes

2011 1696 2106 1748 pro
2132 1681 2395 1736 defunctis
2427 1683 2588 1750 ﬁunt,
2622 1703 2728 1740 non
2765 1689 2958 1743 frustra
2998 1705 3220 1760 preces,
3265 1709 3368 1749 non
3398 1696 3586 1751 frustra

2009 1770 2366 1844 eli-eti‘tosyna:
2397 1792 2408 1826 :
2442 1775 2556 1830 hznc
2584 1778 2761 1831 omnia
2805 1779 3040 1848 Spiritus
3082 1783 3364 1853 disposuit,
3404 1789 3588 1842 volens

2010 1871 2063 1912 ut
2111 1877 2207 1916 nos
2257 1873 2443 1920 mutuo
2478 1865 2750 1935 juvemus.
2813 1870 2945 1924 Vide
2985 1887 3214 1942 namque
3247 1893 3260 1928 :
3292 1877 3382 1931 ille
3413 1894 3506 1947 per
3537 1889 3588 1932 te

2010 1953 2289 2008 utilitatem
2329 1958 2542 2024 accipit,
2574 1968 2628 2011 tu
2661 1971 2876 2029 propter
2903 1961 3050 2017 illum
3073 1964 3274 2034 juvaris
3303 1985 3316 2020 :
3347 1979 3588 2024 contem-

2011 2043 2160 2109 psisti
2202 2060 2353 2113 opes,
2389 2047 2636 2102 inductus
2665 2051 2730 2104 ad
2754 2052 2877 2120 quid
2905 2069 3165 2122 generose
3192 2060 3581 2126 praestandum;

2007 2141 2062 2185 ct
2102 2143 2153 2185 tu
2193 2134 2290 2201 ipsi
2319 2135 2523 2202 salutis,
2551 2147 2604 2192 et
2635 2139 2722 2194 ille
2753 2140 2844 2195 tibi
2867 2143 3222 2216 clcemosyna:
3249 2156 3436 2203 auctor
3463 2149 3578 2205 fuit.

2007 2222 2083 2276 Ne
2110 2223 2343 2290 dubites,
2375 2227 2544 2294 ipsum
2575 2229 2701 2299 quid
2735 2231 2855 2285 boni
2885 2233 3258 2303 dcccrpturmu
3289 2256 3427 2294 esse.
3468 2242 3583 2296 Non

2009 2313 2200 2366 frustra
2232 2316 2429 2370 clamat
2457 2317 2715 2374 diaconus
2747 2339 2761 2373 :
2792 2322 2894 2376 Pro
2923 2324 2988 2376 iis
3016 2327 3103 2394 qni
3138 2326 3190 2380 in
3228 2328 3439 2383 Christo
3489 2332 3586 2388 de-

2005 2405 2169 2459 functi
2199 2417 2343 2470 sunt,
2375 2417 2430 2462 et
2451 2425 2545 2478 pro
2573 2411 2638 2463 iis
2665 2412 2752 2481 qui
2785 2413 2994 2468 illorum
3023 2419 3330 2472 metnoriam
3355 2421 3580 2477 faciunt:

2007 2511 2111 2549 non
2151 2496 2409 2552 diaconus
2438 2499 2573 2554 hanc
2601 2503 2795 2557 emittit
2825 2521 3031 2570 vocem,
3080 2511 3172 2563 scd
3203 2510 3430 2578 Spiritus
3455 2530 3583 2570 san-

2004 2597 2156 2652 ctus;
2189 2587 2310 2642 dico
2337 2601 2516 2644 autem
2546 2593 2744 2646 donum
2773 2596 2909 2663 ejus.
2940 2597 3076 2664 Quid
3104 2601 3278 2654 dicis?
3323 2603 3376 2656 In
3414 2608 3583 2660 mani-

2006 2680 2103 2733 bus
2145 2689 2227 2734 est
2275 2680 2468 2746 hostia,
2519 2693 2571 2736 ct
2607 2686 2783 2738 omnia
2835 2698 3016 2755 parata
3067 2701 3307 2758 prostant
3344 2710 3356 2745 :
3388 2695 3582 2750 adsunt

2001 2774 2196 2842 angeli,
2230 2773 2533 2844 archangeli
2562 2792 2576 2840 ;
2607 2775 2759 2830 adest
2789 2777 2951 2832 Filius
2978 2780 3071 2835 Dei
3097 2797 3111 2843 ;
3140 2798 3259 2835 cum
3287 2791 3432 2839 tanto
3459 2785 3583 2840 bnr-

2003 2879 2124 2918 rorc
2155 2864 2366 2918 adstant
2396 2880 2617 2931 omnes;
2675 2867 2886 2922 adstant
2915 2869 2990 2923 illi
3021 2869 3315 2927 clamantes
3335 2876 3582 2929 omnibus

2000 2955 2284 3010 silentibus
2314 2977 2327 3009 :
2358 2966 2413 3011 et
2440 2967 2592 3026 putas
2624 2958 2738 3012 huic
2776 2958 2968 3013 frustra
3017 2961 3174 3015 fieri“!
3220 2963 3359 3033 Ergo
3395 2973 3450 3020 et
3476 2969 3578 3020 alia

2001 3047 2215 3112 frustra,
2247 3057 2301 3102 et
2344 3063 2463 3118 quae
2513 3065 2609 3117 pro
2641 3049 2898 3115 Ecclesia,
2933 3061 2986 3104 et
3010 3067 3129 3121 qum
3155 3067 3254 3121 pro
3283 3056 3578 3110 sacerdoti-

2000 3138 2097 3192 bus
2137 3138 2450 3202 offeruntur,
2497 3148 2552 3192 et
2589 3155 2707 3208 qute
2738 3156 2832 3209 pro
2861 3141 3189 3209 plenitudine
3220 3142 3343 3213 (a)?
3391 3145 3574 3210 Absit;

1997 3231 2089 3285 sed
2117 3232 2292 3284 omnia
2323 3246 2444 3284 cum
2474 3231 2576 3285 ﬁde
2606 3233 2754 3285 ﬁunt.
2785 3233 2919 3299 Quid
2952 3245 3104 3302 putas
3131 3249 3229 3301 pro
3253 3238 3578 3306 martyribus

1995 3324 2197 3390 offerri,
2242 3323 2383 3393 quod
2415 3333 2670 3379 vocentur
2698 3324 2748 3376 in
2779 3324 2864 3377 illa
2891 3325 3065 3378 hora?
3121 3325 3271 3380 Licet
3311 3339 3575 3399 martyres

1994 3419 2120 3478 sint,
2151 3418 2310 3471 etiam
2344 3432 2439 3485 pro
2467 3416 2808 3486 martyribus,
2862 3431 3084 3485 magnus
3114 3417 3286 3472 honor
3314 3421 3575 3475 nominari

1997 3508 2222 3562 Domino
2250 3517 2536 3577 prmsentc,
2577 3511 2701 3562 dum
2735 3523 2880 3562 mors
2909 3508 2994 3562 illa
3025 3509 3314 3578 perﬁcitur,
3349 3511 3574 3568 horren-

1992 3600 2117 3654 dum
2150 3599 2488 3666 sacrificium,
2519 3599 2801 3654 ineffabilia
2822 3602 3093 3671 mysteria.
3113 3601 3568 3667 Quemadmodum

1991 3690 2133 3744 enim
2161 3689 2381 3744 sedente
2409 3689 2754 3758 lmperatore,
2789 3706 3138 3761 qumcumque
3167 3694 3393 3748 voluerit
3417 3701 3570 3765 quis-

1994 3782 2152 3850 piam,
2199 3781 2448 3851 perﬁcit;
2498 3782 2587 3834 ubi
2627 3790 2806 3835 autem
2854 3783 3170 3845 surrexerit,
3223 3799 3572 3854 quascumque

1989 3875 2203 3936 dixerit,
2233 3873 2428 3928 frustra
2451 3873 2579 3927 dicit
2615 3891 2628 3925 :
2655 3873 2724 3926 ita
2751 3883 2805 3927 et
2836 3881 2983 3938 tunc,
3026 3874 3280 3942 quamdiu
3330 3888 3572 3943 prostant

1990 3967 2266 4035 mysteria,
2308 3965 2558 4018 omnibus
2602 3964 2774 4018 honor
2815 3964 3078 4018 iunximus
3107 3972 3191 4017 est
3229 3965 3280 4017 in
3312 3969 3568 4021 memoria

1989 4055 2195 4110 haberi.
2229 4055 2361 4108 Vide
2387 4055 2528 4109 enim
2555 4071 2568 4107 :
2596 4056 2938 4108 annuntiatur
2960 4065 3084 4109 tunc
3109 4057 3416 4125 mysterium
3442 4059 3568 4112 hor-

1985 4147 2232 4212 rendum,
2256 4147 2396 4216 quod
2419 4161 2516 4216 pro
2541 4146 2739 4200 mundo
2759 4147 2990 4214 seipsum
3018 4146 3157 4200 Deus
3176 4145 3382 4200 dederit
3407 4165 3419 4200 :
3445 4162 3564 4201 cum

1988 4241 2241 4295 miraculo
2269 4240 2361 4292 illo
2391 4247 2691 4307 opportune
2721 4245 2981 4290 memorat
3006 4237 3093 4289 ille
3118 4251 3232 4302 eos,
3262 4237 3351 4306 qui
3381 4252 3565 4306 pecca-

1987 4340 2193 4387 verunt.
2241 4330 2391 4383 Sicut
2428 4329 2570 4383 enim
2615 4328 2826 4396 quando
2872 4327 3212 4395 triumphalia
3255 4343 3437 4397 regum
3468 4329 3567 4384 du-

1986 4433 2198 4487 cuntur,
2254 4431 2381 4476 tunc
2424 4419 2765 4475 celebrantur
2805 4418 2965 4472 etiam
3020 4427 3282 4488 quotquot
3323 4420 3562 4476 victoria:

1986 4515 2115 4568 socii
2149 4513 2397 4575 fuerunt;
2426 4509 2764 4564 dimittuntur
2793 4508 2952 4562 etiam
2986 4508 3042 4572 ii,
3095 4509 3182 4576 qui
3233 4510 3284 4562 in
3338 4510 3563 4566 vinculis

1984 4613 2129 4669 sunt,
2153 4603 2222 4657 ob
2251 4600 2508 4670 temporis
2537 4599 2938 4663 celebritatem;
2989 4598 3172 4665 elapso
3211 4609 3388 4654 autem
3425 4609 3562 4655 tem-

1986 4713 2134 4765 pore,
2157 4696 2245 4765 qui
2273 4693 2403 4747 nihil
2433 4699 2751 4761 assequutus
2780 4699 2880 4752 est,
2904 4689 3051 4743 nullo
3078 4688 3270 4744 fruitur
3301 4707 3313 4744 :
3342 4691 3411 4744 ita
3433 4707 3562 4749 sane

1987 4786 2091 4850 hic,
2120 4783 2515 4852 triumphalium
2546 4791 2753 4849 tempus
2779 4791 2882 4834 est.
2930 4779 3060 4832 Nam
3089 4777 3182 4840 ait,
3211 4779 3560 4843 Quotiescum-

1983 4895 2078 4948 que
2104 4877 2418 4930 manducetis
2446 4888 2627 4942 panem
2654 4873 2808 4936 hunc,
2860 4879 3069 4922 mortem
3115 4868 3320 4922 Domini
3360 4887 3562 4923 annun-

1987 4971 2121 5022 tialis
2148 4969 2222 5036 (l.
2261 4967 2376 5019 Cor.
2418 4967 2500 5019 ll.
2528 4963 2640 5031 26).
2699 4962 2878 5031 Itaque
2915 4975 2980 5015 ne
3023 4970 3312 5030 utcumque
3337 4960 3564 5015 acceda-

1989 5077 2127 5123 mus,
2162 5076 2260 5114 nec
2287 5069 2488 5112 temere
2523 5056 2636 5110 haac
2665 5053 2778 5109 ﬁeri
2803 5062 3070 5123 putemus.
3099 5051 3347 5121 Alioquin
3379 5061 3558 5105 autem

1986 5161 2249 5222 martyres
2275 5159 2652 5208 memoramus.
2676 5143 2854 5199 ethoc
2877 5145 2928 5198 in
2956 5143 3135 5208 ﬁdem,
3163 5141 3304 5213 quod
3321 5141 3430 5211 jam
3459 5143 3564 5194 Do-

1990 5249 2168 5297 minus
2197 5249 2442 5295 mortuus
2480 5253 2583 5291 non
2613 5235 2718 5300 sit;
2753 5235 2929 5288 ethoc
2962 5234 3167 5304 signum
3195 5242 3278 5287 est
3299 5241 3562 5286 mortuam

2051 5377 2067 5408 ¹
2103 5373 2242 5423 Alius
2262 5373 2431 5428 habet,
2453 5369 2496 5419 si
2526 5380 2780 5423 curesnmt
2802 5363 3000 5415 divitem
3031 5361 3117 5416 sed
3141 5365 3272 5428 piam
3292 5369 3337 5413 et
3365 5376 3560 5427 gravem

1987 5437 2164 5488 ducere
2185 5446 2400 5484 uxorem.
2672 5491 2680 5494 Α
3033 5486 3068 5494 η
3194 5485 3205 5494 ,
3364 5485 3396 5494 η

2046 5485 2117 5561 tu
2145 5485 2391 5547 Dounaeus
2411 5498 2644 5556 Opinatur
2669 5491 2774 5542 haec
2795 5493 2856 5540 ad
2878 5492 3017 5561 illam
3033 5485 3566 5561 liturgifparticulam

1980 5546 2229 5622 spectare,
2250 5571 2320 5622 All;
2356 5546 2542 5622 βασᾲιίας
2565 5569 2731 5622 Διιῖιμινεη.
2760 5565 2950 5622 «MM...
2982 5549 3109 5622 Quid
3121 5546 3437 5622 gsidicamns.
3459 5546 3570 5622 [ba-‘6

1982 5607 2698 5679 all—Ecclesiae.plenitudinem
2721 5607 2916 5679 referri,
2933 5611 3214 5679 quze'etiam
3235 5611 3436 5679 vocatur
3459 5607 3571 5679 ple-

1985 5667 2158 5732 ni—tdd'o
2180 5667 2484 5737 sanctorum,
2504 5679 2619 5738 quia
2644 5673 2798 5725 sancti
2827 5672 2877 5721 in
2900 5667 2990 5720 hac
3011 5671 3114 5719 vita
3133 5667 3366 5730 precibus
3389 5671 3563 5728 egent.
