4084 6174
511 344 614 401 Πί

516 452 644 495 esse
690 442 959 497 mortem,
1005 426 1148 498 quod
1195 410 1285 479 ille
1323 432 1565 477 mortuus
1603 418 1782 473 luerit.
1814 415 1939 469 llzce
1983 428 2106 467 cum

523 530 779 589 sciamus,
833 519 1237 579 consideremus
1279 522 1508 585 quantas
1552 521 1835 581 possumus
1860 503 2109 559 consola-

500 625 702 679 'tioncs
748 616 1017 675 defunctis
1062 611 1333 671 conferre,
1378 605 1498 659 vice
1549 603 1928 671 laerymarum,
1996 593 2111 647 vice

521 717 765 775 lletuum,
802 711 919 763 vice
965 707 1455 760 monumentorum,
1488 693 1863 761 elcemosyuas
1893 700 2107 755 nempe,

523 793 2574 843 _______________..._——————-————————.

1260 314 1346 383 ‘S.
1386 322 1664 380 JUAN-NIS
1687 315 2158 376 CHRYSOSTOMI
2199 314 2514 375 ARClllEP.
2548 313 3086 370 CONSTANTINOP.

3700 310 3805 364 ιη

2215 411 2508 471 orationes,
2532 411 2862 467 oblationes:
2893 420 2950 464 ut
2969 419 3024 463 et
3044 408 3118 464 illi
3143 417 3199 463 et
3219 421 3316 461 nos
3339 405 3600 475 promissa
3617 419 3803 459 conse-

2215 516 2442 571 quamur
2463 501 2600 555 bona
2627 541 2642 566 ,
2680 504 2850 570 gratia
2876 509 2932 555 et
2960 500 3287 568 benignitate
3327 495 3588 562 unigeniti
3634 493 3755 547 Filii
3782 534 3801 561 ,

2217 595 2434 664 quicum
2460 594 2601 649 Patri
2629 605 2680 648 et
2718 593 2936 662 Spiritui
2967 602 3152 648 sancto
3177 590 3344 661 gloria
3369 630 3385 653 ,
3409 588 3604 654 honor,
3638 587 3805 657 impe-

2220 686 2382 750 rium,
2397 701 2541 741 nunc
2557 694 2612 740 et
2630 699 2864 755 semper,
2883 685 3009 740 etin
3028 683 3222 738 saecula
3242 680 3585 737 saeculorum.
3604 678 3804 732 Amen.

3659 786 3803 797 ———_

1918 849 2269 913 HOMILIA
2313 851 2524 914 XXII.

518 1011 649 1067 Car.
692 1006 777 1061 10.
820 1018 871 1056 v.
912 1001 966 1055 l.
1009 996 1096 1051 Vir
1121 1003 1288 1049 autem
1305 989 1512 1062 quidam
1534 992 1645 1042 erat
1669 998 1724 1037 m
1751 979 1983 1036 Ctesarea
2013 990 2120 1031 no-

2220 976 2401 1032 statim
2427 976 2697 1034 dicentem
2715 995 2834 1050 qua
2864 981 3106 1037 dicturus
3134 988 3272 1045 erat,
3296 977 3395 1036 sed
3423 977 3568 1048 prius
3592 976 3806 1033 solven-

584 1103 716 1155 mine
733 1096 1015 1159 Cornelius,
1047 1087 1273 1145 centurio
1303 1101 1366 1139 ex
1391 1082 1617 1142 cohorte,
1641 1092 1756 1146 qua
1779 1082 1984 1128 vocatur
2009 1067 2124 1123 Ita-
2220 1073 2326 1122 tem
2355 1079 2577 1136 metum,
2600 1081 2655 1128 et
2676 1083 2909 1129 merrtem
2941 1075 3057 1143 ejus
3084 1074 3402 1144 erigentem.
3428 1070 3562 1126 Nam
3583 1086 3654 1125 ex
3684 1073 3804 1124 visu

594 1197 712 1259 lica,
742 1192 798 1246 2.
834 1188 1097 1260 religiosus
1140 1198 1201 1235 ac
1241 1180 1418 1233 timens
1463 1174 1625 1228 Deum
1660 1186 1776 1224 cum
1801 1166 1938 1221 omni
1962 1163 2112 1217 domo

592 1305 708 1350 sua,
753 1258 944 1355 faciens
983 1279 1322 1344 eleemosynas
1351 1266 1537 1322 multas
1563 1262 1715 1334 plebi,
1761 1269 1807 1314 et
1838 1258 2113 1327 deprecans

597 1344 764 1433 Deum.
801 1387 996 1441 semper
1024 1384 1042 1424 :
1070 1369 1122 1422 '5.
1163 1367 1208 1420 is
1254 1362 1379 1417 vidit
1416 1361 1470 1412 in
1507 1356 1617 1411 visu
1664 1350 1930 1420 manifeste
1964 1344 2112 1417 quasi

591 1476 720 1528 liora
748 1469 850 1523 diei
877 1480 1033 1529 nona,
1082 1459 1316 1530 angelum
1357 1453 1455 1508 Dei
1495 1452 1829 1504 introeuntem
1855 1444 1923 1497 ad
1947 1457 2031 1505 se,
2063 1449 2112 1493 et

592 1563 837 1618 dicentem
866 1555 979 1617 sibi,
1012 1550 1234 1610 Corneli.
1262 1548 1317 1601 4.
1344 1546 1407 1598 At
1431 1542 1518 1597 ille
1543 1542 1742 1594 intuens
1771 1552 1905 1597 eum,
1935 1532 2113 1586 timore

583 1662 850 1725 correptus
870 1649 1038 1704 dixit:
1069 1642 1204 1710 Quid
1233 1649 1323 1704 est,
1361 1631 1616 1689 Domine?
1645 1627 1789 1683 Dixit
1810 1636 1976 1679 autem
1998 1622 2111 1676 illi:

594 1750 865 1804 Orationes
894 1751 995 1797 tua!
1019 1747 1067 1793 et
1093 1736 1421 1803 eleemosyna
1448 1738 1547 1782 tute
1569 1722 1904 1779 ascenderunt
1936 1720 1991 1772 in
2016 1733 2111 1771 nte-

591 1840 808 1895 moriam
837 1836 891 1889 in
916 1838 1187 1901 conspectu
1220 1824 1333 1879 Dei.

592 1936 647 1988 1.
689 1929 785 1985 llic
834 1939 943 1981 non
985 1899 1104 1977 erat
1146 1915 1383 1979 Judaeus,
1433 1924 1532 1965 nec
1569 1904 1783 1960 vivebat
1813 1899 2107 1957 secundum

522 2028 692 2096 legem
718 2036 734 2087 ;
774 2017 869 2074 sed
902 2015 1013 2085 jam
1045 2010 1513 2082 praeoccupaverat
1538 1998 1837 2054 institutum
1866 1993 1990 2048 vita:
2016 2005 2112 2045 no-

514 2085 727 2172 strum.
743 2111 810 2166 Et
837 2108 959 2163 vide
983 2104 1116 2159 duos
1137 2098 1441 2158 credentes,
1468 2089 1771 2148 eunuchum
1795 2087 1848 2141 in
1869 2085 2032 2147 Gaza,
2056 2091 2112 2137 et

518 2211 681 2269 hunc,
712 2203 902 2258 ambos
927 2199 980 2252 in
1005 2188 1350 2265 dignitatibus
1379 2181 1722 2241 constitutos,
1756 2188 2110 2246 magnamque

517 2302 586 2354 de
609 2267 716 2352 illis
752 2292 987 2347 habitam
1036 2297 1242 2342 curam.
1287 2277 1395 2335 Sed
1428 2290 1495 2330 ne
1522 2281 1679 2345 putes
1702 2270 1772 2324 ob
1801 2267 2107 2338 dignitates.

518 2391 634 2446 Non
658 2402 722 2442 ea
755 2386 824 2440 de
867 2395 1050 2443 causa,
1094 2373 1269 2438 absit;
1298 2368 1392 2425 sed
1426 2374 1642 2437 propter
1669 2361 1941 2433 pietatem.
1985 2354 2110 2409 ldeo

518 2483 808 2552 dignitates
838 2473 1024 2545 positm
1050 2475 1193 2532 sunt,
1215 2472 1275 2519 ut
1304 2460 1476 2531 major
1495 2457 1663 2528 pietas
1685 2454 1938 2507 eluceret.
1962 2448 2111 2502 llira-

519 2541 677 2631 bilius
698 2541 894 2642 quippe
917 2574 1019 2627 est,
1052 2575 1172 2616 cum
1194 2556 1314 2628 quis
1339 2554 1390 2608 in
1418 2549 1617 2605 divitiis
1645 2555 1702 2601 et
1725 2541 1964 2615 potentia
1981 2555 2110 2596 con-

519 2629 757 2727 stitutus,
782 2629 900 2714 talis
922 2654 1097 2711 fuerit.
1126 2651 1287 2705 Certe
1315 2657 1503 2714 magna
1532 2638 1675 2695 illius
1701 2635 1819 2690 laus
1838 2642 1942 2698 est,
1966 2629 2108 2702 quod

519 2765 719 2813 tantam
744 2726 1229 2821 peregrinationem
1252 2736 1548 2805 susciperet
1573 2772 1589 2797 ,
1620 2743 1722 2783 nec
1749 2726 1841 2781 tali
1870 2733 2111 2792 tempore

520 2854 572 2904 iu
606 2849 688 2902 via
718 2843 1001 2900 lectionem
1027 2833 1426 2893 intermitteret,
1474 2833 1531 2881 et
1558 2821 1698 2894 quod
1729 2833 1891 2876 curru
1927 2824 2111 2871 vectus

518 2940 820 3008 Philippum
852 2932 1160 2992 advocaret,
1185 2923 1460 2989 multaque
1487 2915 1588 2969 alia
1620 2932 1635 2971 :
1665 2924 1917 2981 magnum
1948 2906 2110 2962 etiam

523 3033 581 3087 in
607 3002 712 3085 hoc
736 3036 840 3088 est,
875 3019 1018 3093 quod
1044 3018 1415 3084 eleemosynas
1444 3015 1501 3062 et
1527 3018 1714 3075 preces
1739 3002 2028 3061 emitteret,
2056 3003 2114 3051 et

522 3123 577 3177 in
608 3126 757 3174 tanto
783 3087 1079 3185 principatu
1105 3106 1221 3176 pius
1247 3108 1410 3158 esset.
1455 3095 1609 3152 Unde
1647 3102 1702 3148 et
1728 3091 1796 3147 ab
1827 3092 1928 3144 hoc
1961 3087 2111 3142 illum

528 3221 710 3269 uotum
741 3179 870 3262 facit
899 3223 913 3259 :
946 3210 1001 3257 et
1040 3199 1233 3254 merito
1254 3235 1270 3261 ,
1303 3203 1363 3247 ut
1400 3206 1469 3245 ne
1499 3187 1618 3259 quis
1646 3185 1852 3240 diceret
1895 3179 2112 3235 mentiri

528 3305 925 3373 Scripturarmn
971 3290 1268 3347 historiam.
1296 3283 1382 3338 Ex
1404 3280 1628 3342 cohorte,
1657 3274 1847 3343 inquit,
1878 3285 1992 3341 qua:
2024 3285 2114 3323 vo-

525 3363 735 3453 cabatur
772 3389 976 3445 Italica.
1005 3373 1214 3439 Cohors
1252 3373 1328 3446 (a)
1362 3381 1499 3437 erat,
1532 3367 1584 3422 id
1611 3363 1752 3437 quod
1781 3376 1922 3417 nunc
1950 3375 2111 3414 voca-

527 3502 649 3543 mus
669 3492 974 3538 numerum.
1004 3473 1130 3528 Pius
1154 3486 1215 3524 ac
1246 3468 1424 3521 timens
1454 3460 1616 3515 Deum
1645 3472 1760 3511 cum
1787 3453 1925 3508 omni
1961 3453 2111 3505 domo

526 3593 642 3632 sua.
671 3574 797 3629 Haec
830 3569 985 3632 dicit,
1031 3579 1100 3620 ne
1126 3570 1282 3632 putes
1318 3557 1388 3612 ob
1421 3553 1734 3623 dignitatem
1761 3547 1877 3617 ejus
1902 3546 1979 3600 sic
2006 3543 2115 3599 dis-

527 3674 810 3741 pensatum
849 3660 1036 3716 fuisse.
1084 3651 1309 3723 Quando
1337 3647 1556 3703 Paulum
1586 3641 1777 3696 adduci
1808 3636 2109 3709 oportebat,

530 3726 639 3818 non
669 3755 908 3827 angelus,
939 3747 1034 3805 sed
1056 3747 1173 3817 ipse
1212 3741 1468 3797 Dominus
1497 3740 1754 3805 apparet;
1784 3743 1960 3799 neque
1991 3726 2115 3781 mit-

532 3853 596 3906 tit
622 3819 768 3904 eum'
792 3843 858 3899 ad
899 3840 1133 3910 aliquam
1173 3850 1239 3891 ex
1268 3828 1552 3888 duodecim
1589 3825 1716 3890 illis,
1749 3819 1844 3878 sed
1869 3819 1935 3873 ad
1967 3819 2112 3871 Ana-

530 3944 697 4000 niam.
726 3939 824 3993 llic
848 3949 975 3991 vero
1000 3938 1207 3993 contra,
1230 3923 1574 3996 coryphaeum
1606 3917 1786 3982 mittit,
1816 3924 1877 3969 ut
1902 3912 2112 3982 Philip-

530 4049 657 4106 pum
676 4031 743 4086 ad
763 4026 1090 4088 eunuchum,
1113 4021 1321 4076 illorum
1344 4010 1635 4071 inﬁrmitati
1652 4026 1711 4065 se
1730 4016 2111 4074 attemperans,

527 4095 834 4193 docensque
881 4113 1152 4190 quomodo
1196 4109 1390 4166 talibus
1439 4105 1516 4161 uti
1561 4108 1824 4173 cporteat.
1880 4095 2013 4151 Nam
2055 4103 2111 4148 et

528 4190 775 4275 Christus
817 4225 961 4281 saepe
985 4211 1210 4278 apparet
1254 4191 1340 4265 iis,
1390 4198 1482 4270 qui
1509 4194 1651 4252 mala
1689 4190 1982 4261 patiuntur,
2016 4200 2115 4241 nec

532 4317 759 4383 possunt
784 4319 880 4377 per
906 4317 967 4359 se
994 4298 1275 4356 accedere.
1304 4291 1442 4349 Vide
1467 4298 1646 4345 autem
1673 4296 1728 4341 et
1756 4284 1843 4339 hic
1862 4323 1878 4347 ,
1908 4293 2111 4351 qumso,

533 4370 677 4460 aliud
703 4370 1063 4467 eleemosynaa
1086 4387 1425 4459 encomium;
1475 4391 1534 4436 ut
1571 4389 1624 4436 et
1650 4377 1759 4433 illic
1783 4377 1837 4430 in
1865 4370 2114 4428 Tabitha.

542 4495 631 4548 Vir
658 4493 793 4560 pius,
821 4466 1011 4556 inquit,
1036 4492 1083 4537 et
1107 4482 1288 4535 timens
1322 4476 1487 4530 Deum
1523 4486 1640 4526 cum
1667 4467 1805 4524 omni
1829 4466 1979 4519 domo
1997 4477 2112 4517 sua.

536 4555 831 4643 Audiamus
880 4555 1137 4648 quotquot
1176 4569 1502 4627 domesticos
1544 4564 1676 4618 nihil
1716 4571 1987 4616 curamus.
2018 4555 2115 4610 llic

532 4685 715 4732 autem
758 4678 816 4727 et
854 4667 1084 4723 militum
1116 4674 1303 4718 curam
1341 4656 1579 4728 gerebat,
1626 4661 1681 4707 et
1718 4649 2115 4717 elecmosynam

534 4764 793 4834 erogabat
814 4759 963 4815 omni
994 4753 1211 4826 populo.
1256 4749 1347 4806 Sic
1386 4756 1441 4803 et
1482 4746 1730 4815 dogmata
1760 4749 1818 4796 et
1838 4737 1946 4792 vita
1976 4736 2119 4791 illius

532 4827 686 4916 recla
717 4853 950 4909 luerunt.
987 4844 1126 4900 Vidit
1152 4844 1206 4897 in
1232 4841 1343 4896 visu
1370 4836 1657 4909 manifeste,
1685 4830 1830 4902 quasi
1859 4830 1986 4882 hora
2018 4827 2119 4880 diei

531 4966 699 5014 nona,
738 4940 973 5014 angelum
1000 4936 1095 4991 Dei
1123 4936 1456 4989 introeuntem
1472 4927 1538 4979 ad
1557 4940 1631 4988 se,
1660 4932 1706 4978 et
1730 4921 1973 4975 dicentem
2000 4917 2117 4982 sibi,

539 5008 760 5095 Conieli.
799 5008 976 5099 Quare
1002 5025 1149 5082 videt
1181 5017 1474 5092 angelum?
1514 5015 1582 5073 Ut
1603 5014 1800 5070 certior
1828 5010 1978 5065 ﬁeret
2017 5008 2119 5062 Pc-

532 5140 695 5192 trus;
723 5125 833 5179 imo
862 5135 968 5175 non
991 5117 1104 5179 ille,
1140 5112 1236 5169 sed
1261 5111 1349 5166 alii
1377 5105 1719 5165 inﬁrmiores.
1752 5100 1907 5156 Nona
1941 5107 2121 5154 autem

541 5190 703 5278 liora.
738 5209 953 5285 quando
978 5206 1122 5263 curis
1149 5203 1286 5259 liber
1315 5203 1367 5256 in
1391 5202 1571 5271 quiete
1596 5203 1733 5262 erat,
1765 5208 1886 5248 cum
1918 5190 1970 5244 in
1996 5202 2119 5244 ora-

540 5283 778 5367 tionibus
798 5313 855 5361 et
882 5303 935 5358 in
962 5297 1375 5369 compnnctione
1396 5290 1729 5346 versabatur.
1779 5283 1993 5340 Intuens
2030 5298 2121 5334 au-

542 5413 642 5458 tem
673 5400 841 5461 illum,
871 5395 1049 5449 timore
1073 5396 1353 5458 correptus,
1385 5384 1534 5438 dixit.
1586 5378 1719 5433 Vide
1742 5375 1987 5446 angelum
2018 5387 2123 5426 non

604 5494 679 5556 (α)
723 5488 780 5556 tn
802 5468 1850 5556 Greco188W:Eﬂcg_£l“99.3l‘..lli‘iﬂﬁl

544 5524 798 5613 ιιιὲξῖρὲἓᾶ
805 5524 1859 5613 fﬁVo'Biiii'ét—EWEEPEQ333W“.
1872 5524 2118 5613 “ET:

542 5588 984 5665 EBJ’WZE
1331 5633 1346 5656 ,
1358 5588 1507 5668 cuius
1526 5588 1707 5668 (luctor
1726 5601 1910 5668 inane}
1934 5592 1992 5668 et
2007 5588 2126 5633 sunt

546 5656 1041 5734 ﬁiqé'iﬁnokenn
1063 5656 1257 5714 milites.
1294 5656 1454 5722 Polyb.
1480 5656 1522 5734 ll.“
1532 5656 1754 5734 ista?
1771 5657 2126 5734 uitri.ng

547 5706 749 5724 “Vm”
784 5706 1041 5734 *ιιι-υυνσιν·
1064 5706 1257 5714 ------ν-ν
1295 5706 1307 5709 -
1332 5706 1347 5709 -
1376 5706 1427 5722 ..ί
1771 5706 1781 5712 .
1857 5706 1865 5711 .
1904 5706 1914 5711 -
1948 5709 1959 5718 ,

547 5748 762 5787 «suetus
783 5750 917 5795 «res,
940 5743 1002 5795 ιιι
1025 5744 1186 5795 «item»
1215 5737 1275 5773 ιιι
1297 5717 1870 5795 πμςσνηϐῳθιξρρςξὶμλο
1914 5706 2127 5772 singulas

540 5781 985 5866 inusitatum
1005 5781 1243 5845 ordinent,
1268 5781 1567 5846 ntatciputton
1583 5815 1597 5839 ,
1620 5786 1825 5840 saginati.

2218 1165 2394 1214 metus
2421 1160 2553 1228 luit;
2584 1163 2678 1219 sed
2704 1172 2878 1220 metus
2906 1165 3232 1229 moderatus,
3252 1163 3342 1235 qui
3369 1164 3515 1217 illum
3538 1164 3802 1217 intentmn

2216 1249 2466 1307 redderet
2514 1263 2740 1310 tantum.
2800 1256 3003 1313 Deinde
3041 1257 3207 1313 verba
3255 1266 3453 1310 metum
3502 1254 3803 1320 solverunt,

2218 1338 2327 1395 imo
2353 1344 2528 1411 potius
2560 1344 2744 1400 Iaudes
2779 1347 2885 1401 illis
2911 1348 3178 1417 adjuncta:
3216 1346 3421 1401 timoris
3454 1345 3801 1416 saperitatem

2217 1435 2545 1506 mitigarunt.
2578 1438 2715 1492 Audi
2757 1454 2888 1495 vero
2915 1455 3034 1510 qua:
3060 1439 3224 1495 verba
3254 1457 3268 1491 :
3311 1437 3582 1492 Orationes
3616 1447 3717 1491 tua:
3754 1444 3805 1490 et

2215 1526 2541 1598 eleemosynte
2566 1537 2666 1584 tute
2693 1530 3028 1584 ascenderunt
3050 1532 3104 1584 in
3130 1530 3423 1584 memoriam
3447 1529 3500 1582 in
3528 1537 3804 1598 conspectu

2215 1615 2334 1672 Dei.
2362 1618 2417 1674 5.
2454 1617 2606 1674 Nunc
2653 1637 2772 1692 ergo
2816 1622 2957 1675 mitte
3001 1622 3134 1676 viros
3177 1622 3231 1675 in
3270 1619 3495 1692 Joppeu,
3538 1630 3584 1675 et
3614 1618 3805 1674 accersi

2217 1709 2478 1765 Simonem
2504 1716 2791 1781 quemdam,
2824 1713 2910 1783 qui
2950 1713 3334 1783 cognominatur
3357 1710 3564 1767 Petrus.
3610 1709 3690 1766 Ne
3735 1708 3803 1764 ad

2215 1801 2378 1856 alium
2410 1803 2645 1870 veniant,
2680 1819 2787 1859 non
2816 1818 2845 1857 a
2876 1804 3196 1874 cognomine
3225 1810 3431 1857 tantum
3455 1843 3472 1869 ,
3512 1802 3609 1858 sed
3639 1801 3801 1856 etiam

2215 1907 2246 1946 a
2283 1892 2401 1947 loco
2429 1894 2600 1948 virum
2637 1894 2880 1950 denotat.
2911 1894 2964 1950 6.
3004 1894 3101 1948 Hic
3130 1895 3422 1965 hospitatur
3457 1893 3596 1964 apud
3626 1892 3801 1948 Simo-

2215 2001 2329 2038 nem
2354 1985 2621 2056 quemdam
2649 1987 2956 2053 coriarium,
2991 1987 3141 2058 cujus
3164 1986 3442 2041 estdomus
3459 1988 3614 2055 juxta
3640 2000 3798 2038 mare.

2217 2075 2463 2132 Vidistin’
2508 2078 2782 2149 quomodo
2831 2078 3100 2149 apostoli,
3150 2078 3457 2133 solitudinis
3502 2086 3556 2132 et
3605 2077 3804 2148 quietis

2215 2179 2477 2238 amantes,
2503 2171 2821 2227 remotiores
2847 2172 3056 2226 urbium
3080 2179 3259 2242 partes
3283 2170 3643 2226 sectarentur?
3663 2170 3801 2236 Quid

2217 2261 2397 2332 igitur,
2450 2263 2496 2316 si
2522 2263 2838 2333 contigisset
2882 2264 3046 2318 alium
3077 2276 3198 2319 esse
3230 2261 3505 2317 Simonem
3532 2269 3586 2316 et
3630 2263 3801 2331 ipsum

2214 2354 2541 2408 coriarium?
2592 2354 2698 2410 Sed
2753 2362 2810 2409 et
2872 2354 3034 2408 aliam
3099 2362 3282 2408 notam
3326 2352 3605 2418 habebat,
3656 2352 3801 2422 quod

2215 2446 2476 2502 habitaret
2494 2446 2644 2517 juxta
2667 2461 2815 2501 mare
2846 2464 2861 2501 :
2893 2447 2995 2501 tria
3022 2454 3199 2503 autem
3231 2446 3318 2500 illa
3346 2460 3453 2499 non
3480 2459 3804 2499 concurrere

2215 2547 2483 2608 poterant.
2532 2538 2643 2594 Nec
2675 2538 2829 2603 dixit,
2859 2553 3046 2609 quare,
3078 2553 3148 2594 ne
3174 2538 3475 2601 resolutum
3516 2537 3801 2602 redderet;

2216 2630 2311 2685 sed
2340 2629 2576 2698 dimisit,
2616 2638 2677 2685 ut
2716 2630 2967 2684 audiendi
2995 2629 3264 2685 desiderio
3302 2627 3615 2697 teneretur?
3645 2629 3701 2686 7.
3732 2626 3805 2682 Et

2217 2739 2333 2776 cum
2355 2722 2659 2777 discessisset
2683 2722 2913 2794 angelus,
2945 2724 3035 2792 qui
3053 2720 3347 2791 loquebatur
3370 2718 3624 2783 Cornelio,
3651 2734 3804 2773 vocu-

2216 2816 2285 2870 vit
2310 2816 2438 2870 duos
2473 2815 2774 2870 domesticos
2818 2830 2958 2881 suos,
2989 2823 3037 2868 et
3063 2810 3273 2868 militem
3296 2821 3594 2868 metuentem
3616 2810 3805 2866 Domi-

2217 2925 2361 2975 num,
2393 2910 2535 2963 exiis
2562 2909 2648 2978 qui
2676 2908 2754 2961 illi
2782 2907 3053 2978 parebant.
3081 2906 3136 2961 8.
3186 2904 3380 2970 Quibus
3407 2919 3524 2957 cum
3548 2911 3806 2957 narrasset

2217 3004 2409 3073 omnia,
2456 3003 2591 3056 misit
2627 3001 2746 3056 illas
2789 3002 2844 3054 in
2880 2998 3104 3070 Joppen.
3152 2996 3342 3052 Viden‘
3378 2996 3526 3050 illum
3553 2995 3671 3049 haec
3697 3010 3806 3049 non

2217 3097 2336 3150 sine
2362 3110 2522 3150 causa
2552 3094 2755 3158 dicere,
2800 3090 2894 3147 sed
2923 3099 2982 3146 ut
3009 3089 3318 3146 ostenderet
3346 3103 3461 3154 eos,
3506 3087 3596 3158 qui
3646 3102 3806 3157 pare-

2219 3187 2349 3241 bant
2375 3185 2469 3250 illi,
2501 3184 2634 3239 tales
2663 3182 2868 3239 fuisse?
2917 3180 2984 3235 Et
3029 3197 3146 3235 eum
3168 3188 3421 3234 narrasset
3457 3180 3563 3234 illis
3590 3180 3763 3234 omnia
3787 3220 3805 3244 ,

2221 3277 2409 3347 inquit.
2441 3276 2573 3331 Vide
2599 3290 2757 3345 quam
2788 3274 2996 3330 alienus
3016 3274 3083 3329 sit
3105 3288 3135 3328 a
3171 3272 3329 3328 fastu.
3361 3271 3477 3326 Non
3506 3271 3665 3337 dixit,
3703 3270 3808 3325 Vo-

2218 3378 2338 3425 cate
2363 3367 2491 3422 mihi
2514 3366 2771 3432 Petrum;
2801 3365 2896 3421 sed
2918 3373 2975 3420 ut
2994 3363 3266 3428 suaderet,
3307 3363 3546 3417 narravit
3573 3360 3752 3415 omnia
3787 3377 3802 3413 :

2219 3462 2300 3517 sic
2327 3476 2443 3516 rem
2467 3460 2556 3514 ille
2585 3458 2808 3529 provide
2834 3458 3046 3528 agebat.
3095 3455 3213 3511 Non
3242 3454 3386 3511 enim
3414 3453 3584 3509 voluit
3608 3468 3674 3508 ex
3703 3467 3806 3506 aua

2220 3551 2470 3608 ctoritale
2517 3551 2664 3604 illum
2712 3563 2992 3604 accersere
3022 3565 3036 3603 :
3071 3548 3192 3602 ideo
3222 3555 3421 3601 narrat.
3462 3544 3643 3614 Usque
3670 3543 3809 3598 adeo

2222 3643 2497 3697 modestus
2522 3649 2639 3696 erat
2666 3641 2847 3703 homo,
2889 3637 3100 3694 etiamsi
3129 3636 3261 3692 nihil
3298 3650 3547 3707 magnum
3583 3634 3809 3705 cogitari

2221 3743 2405 3805 posset
2425 3735 2494 3789 de
2518 3734 2634 3787 viro
2657 3731 2797 3802 apud
2818 3732 3105 3803 curiarium
3134 3729 3468 3784 diversante.
3501 3727 3553 3783 9.
3587 3727 3808 3782 Postera

2220 3837 2390 3882 autem
2429 3826 2531 3893 die,
2580 3825 2677 3879 iter
2712 3824 2817 3878 illis
2854 3822 3178 3894 facientibus,
3211 3829 3257 3876 et
3283 3819 3809 3891 appropinquantibus

2220 3919 2429 3985 civitati,
2474 3917 2700 3972 ascendit
2747 3914 2930 3969 Petrus
2961 3914 3016 3968 in
3043 3913 3308 3983 superiora
3332 3912 3469 3965 circa
3492 3910 3670 3963 horam
3694 3925 3812 3964 sar-

2224 4022 2349 4066 tam.
2379 4009 2516 4066 Vide
2553 4006 2822 4078 quomodo
2851 4005 3082 4075 Spiritus
3113 4014 3354 4072 tempora
3379 4010 3692 4064 connectat,
3743 4014 3810 4055 ac

2222 4117 2396 4173 neque
2432 4102 2589 4157 citius
2631 4114 2805 4170 neque
2837 4097 3046 4176 tardius
3078 4111 3192 4152 rem
3222 4094 3398 4150 iaciat.
3433 4090 3693 4153 Ascendit,
3726 4090 3810 4143 in-

2222 4197 2356 4266 quit,
2388 4193 2575 4249 Petrus
2602 4194 2655 4248 in
2680 4191 2963 4260 superiora,
3008 4196 3065 4243 ut
3097 4195 3265 4242 oraret
3299 4185 3437 4240 circa
3473 4184 3652 4237 horam
3693 4197 3813 4237 sex-

2224 4299 2329 4344 tam
2355 4303 2375 4342 :
2414 4287 2520 4341 hoc
2558 4294 2660 4351 est,
2707 4295 2952 4339 seorsum
2979 4289 3036 4335 et
3064 4280 3116 4334 in
3143 4278 3346 4349 quiete,
3374 4275 3525 4345 quasi
3548 4274 3600 4328 in
3620 4287 3809 4328 creua-

2222 4381 2363 4436 culo.
2392 4378 2477 4434 l0.
2523 4376 2587 4432 Et
2616 4391 2728 4431 cum
2772 4377 3006 4439 csuriret,
3053 4371 3213 4427 voluit
3247 4378 3471 4440 gustare.
3500 4364 3814 4419 Parentibus

2221 4483 2389 4528 autem
2409 4471 2533 4537 illis,
2577 4469 2755 4524 cecidit
2791 4483 2943 4537 super
2968 4479 3084 4520 eum
3107 4462 3289 4518 mentis
3313 4475 3565 4524 excessus,
3609 4468 3657 4514 et
3685 4458 3815 4511 vidit

2224 4564 2403 4619 cadum
2425 4571 2677 4633 apertum.
2722 4559 2859 4627 Quid
2887 4568 2971 4614 est
3000 4556 3196 4612 mentis
3216 4568 3470 4609 excessus
3493 4553 3518 4606 ?
3544 4551 3813 4621 Spiritum-

2223 4654 2311 4719 lis,
2342 4653 2534 4723 inquit,
2580 4650 2962 4721 contemplatio
2998 4645 3198 4702 accidit
3223 4645 3297 4698 illi
3328 4658 3436 4698 :ex
3462 4655 3712 4710 corpore,
3754 4649 3819 4694 ut

2225 4743 2296 4798 ita
2326 4743 2520 4807 dicam,
2552 4740 2786 4797 excessit
2810 4739 3008 4794 anima.
3040 4737 3129 4791 ll.
3181 4734 3244 4788 Et
3283 4734 3409 4788 uidit
3450 4732 3633 4786 catum
3657 4746 3817 4799 aper-

2227 4845 2352 4900 tum,
2376 4843 2424 4888 et
2444 4833 2749 4887 descendens
2769 4846 2855 4884 vas
2880 4828 3139 4897 quoddam
3157 4825 3289 4879 velut
3319 4824 3527 4877 linteum
3548 4835 3816 4889 magnum,

2224 4938 2442 4999 quatuor
2462 4926 2617 4979 initiis
2655 4921 2877 4977 submitti
2903 4918 2966 4973 de
2990 4918 3117 4972 calo
3152 4917 3206 4970 in
3233 4925 3421 4969 terram
3453 4929 3473 4967 :
3515 4911 3603 4966 12.
3634 4911 3689 4963 in
3713 4924 3820 4976 quo

2226 5026 2370 5073 erant
2390 5015 2561 5070 omnia
2587 5011 2948 5083 quadrupedia-
2974 5018 3152 5073 terrae,
3183 5016 3231 5060 et
3261 5005 3430 5060 bestia:
3473 5011 3520 5056 et
3562 4999 3822 5069 serpentia

2227 5120 2275 5164 et
2302 5104 2532 5161 volatilia
2560 5103 2693 5158 caeli.
2721 5102 2809 5157 l5.
2842 5099 2906 5154 Et
2937 5103 3076 5170 facta
3101 5105 3175 5152 est
3208 5110 3303 5150 vox
3328 5094 3397 5147 ad
3421 5106 3539 5146 eum
3565 5105 3586 5144 :
3624 5088 3817 5159 Surge,

2231 5198 2402 5260 Petre,
2426 5194 2618 5258 occide,
2649 5202 2695 5247 et
2723 5190 2994 5244 manduca.
3025 5188 3115 5242 Η.
3144 5185 3226 5239 Ait
3253 5194 3425 5238 autem
3456 5180 3644 5235 Petrus
3670 5194 3690 5232 :
3718 5178 3823 5232 Ab-

2228 5292 2313 5356 sit,
2346 5289 2584 5352 Domine,
2617 5286 2734 5356 quia
2760 5297 3036 5350 numquam
3056 5276 3357 5332 manducavi
3384 5288 3533 5328 omne
3557 5285 3828 5324 commune

2228 5394 2276 5439 et
2306 5381 2645 5436 immundum.
2696 5376 2781 5432 15.
2829 5373 2896 5428 Et
2932 5387 3032 5426 vox
3072 5370 3256 5423 iterant
3302 5363 3525 5420 securado
3566 5360 3635 5414 ad
3658 5374 3775 5414 eum
3805 5373 3827 5413 :

2232 5474 2383 5544 Quod
2406 5472 2541 5528 Deus
2568 5468 2872 5542 puriﬁcavit,
2902 5475 2955 5519 tu
2983 5475 3245 5517 commune
3264 5473 3328 5512 ne
3356 5454 3565 5510 dixeris.
3591 5451 3680 5505 l6.
3710 5448 3829 5504 Hoc

2228 5574 2395 5620 autem
2416 5568 2605 5634 factum
2635 5570 2706 5616 est
2745 5573 2902 5629 usque
2938 5554 3123 5618 tertio;
3152 5559 3199 5605 et
3234 5549 3406 5605 statim
3452 5550 3711 5612 receptum
3751 5549 3828 5595 est

2232 5675 2318 5715 vas
2344 5660 2396 5711 in
2424 5657 2626 5709 extum.

2306 5749 2363 5804 ἢ.
2397 5747 2534 5815 Quid
2577 5745 2682 5801 hoc
2707 5741 2824 5799 est?
2859 5735 3171 5810 Symbolum
3212 5732 3375 5789 totius
3402 5726 3552 5785 orbis
3589 5738 3680 5780 res
3718 5730 3827 5777 est.
