4088 6142
427 336 531 396 173

427 453 568 508 πάνυ
585 453 769 514 αὐτοῖς
795 448 1141 521 προσίστατο,
1167 450 1484 518 ἀναγκαίως
1506 451 1867 520 οἰκονομεῖται
1892 448 2089 511 εἰπεῖν,

429 542 728 598 Οὐδέποτε
772 540 1003 611 ἔφαγον
1037 556 1052 570 ⁸
1085 539 1204 610 οὐχὶ
1227 538 1391 602 αὐτὸς
1421 537 1704 601 δεδοικὼς,
1746 538 1820 609 μὴ
1844 535 2054 605 γένοιτο
2076 575 2091 600 ,

427 629 540 683 ἀλλ’
580 628 687 683 ύπδ
718 626 812 680 τοῦ
840 627 1178 698 Πνεύματος,
1225 626 1299 690 ὡς
1331 625 1486 696 ἔφην,
1511 623 1981 694 οίκονομούμενος,
2022 620 2092 674 ἶν’

427 719 529 792 ἔχῃ
566 719 865 787 ἀπολογίαν
902 717 1040 788 πρὸς
1079 716 1206 778 τοὺς
1246 713 1611 785 ἐγκαλοῦντας
1638 756 1651 776 ,
1680 714 1761 767 ὅτι
1793 713 1884 765 καὶ
1917 711 2094 765 ἀντεῖ-

426 825 531 860 πεν
555 823 569 838 ο
595 805 739 860 πάνυ
759 806 867 878 γὰρ
891 806 1074 868 αὐτοῖς
1101 803 1260 875 ἔμελε
1285 802 1377 857 τοῦ
1400 802 1492 856 τὸν
1521 801 1684 872 νόμον
1707 798 2090 871 φυλάττεσθαι.

427 896 525 958 El;
552 894 682 960 ἔθνη
704 895 1003 965 ἐπέμπετο.
1040 893 1159 945 Ἵνα
1188 888 1280 946 οὖν
1313 891 1389 961 μὴ
1421 890 1516 943 καὶ
1546 883 1694 942 οῦτοι
1760 885 1925 941 αὐτοῦ
1960 902 2092 938 κατ⁶

434 981 731 1054 ηγορῶσιν,
763 982 838 1044 ὡς
868 980 1039 1051 ἔφθην
1057 978 1247 1045 εἰπὼν,
1280 978 1452 1032 ταῦτα
1487 979 1885 1047 οἰκονομεῖται·
1926 975 1960 1044 ῆ
2001 974 2094 1028 καὶ

430 1069 518 1123 ἵνα
545 1068 620 1140 μὴ
642 1067 768 1141 δόξῃ
790 1068 1057 1137 φαντασία
1075 1085 1161 1132 τις
1190 1063 1351 1131 εἶναι,
1375 1062 1517 1126 εἶπε.
1545 1061 1860 1132 Μηδαμῶς,
1894 1063 2089 1130 Κύριε,

428 1156 520 1211 ὅτι
543 1156 829 1211 οὐδέποτε
869 1157 1095 1226 ἔφαγον
1121 1155 1328 1209 κοινὸν
1363 1153 1402 1222 ἢ
1437 1153 1794 1219 ἀκάθαρτον.
1841 1149 2092 1217 Ἐγένετο

429 1243 486 1296 δὲ
523 1243 681 1313 φωνὴ
709 1244 845 1315 πρὸς
876 1244 1039 1297 αὐτόν
1072 1259 1087 1274 ⁸
1125 1244 1194 1296 Ἀ
1230 1244 1262 1296 ὁ
1305 1240 1450 1305 Θεὸς
1493 1238 1844 1306 ἑκαθάρισε,
1893 1236 1977 1289 σὺ
2003 1235 2093 1304 μὴ

428 1331 660 1385 κοίνου.
703 1330 873 1383 Τοῦτο
917 1330 1068 1383 δοκεῖ
1109 1329 1205 1399 μέν
1242 1327 1379 1398 πρὸς
1424 1326 1587 1379 αὑτὸν
1618 1324 1870 1400 λέγεσθαι
1897 1339 1912 1355 ο
1944 1323 2005 1375 τὸ
2033 1322 2093 1376 δὲ

427 1420 539 1471 πᾶν
569 1422 706 1489 πρὸς
741 1418 1030 1480 Ἰουδαίους
1056 1415 1296 1485 λέγεται.
1340 1415 1404 1467 El
1429 1413 1538 1484 γὰρ
1574 1415 1603 1465 ὁ
1630 1411 1949 1475 διδάσκαλος
1969 1412 2092 1462 ἐπι-

425 1506 695 1574 τιμᾶται,
745 1503 928 1572 πολλῷ
976 1501 1175 1572 μᾶλλον
1223 1494 1393 1557 οῦτοι.
1446 1501 1511 1554 Ἦ
1544 1496 1638 1553 οῦν
1677 1498 1868 1553 σινδὼν
1892 1537 1907 1563 ,
1934 1497 2095 1552 τοῦτό

425 1594 575 1646 ἐστιν
605 1594 638 1661 ἡ
671 1591 743 1660 γῆ
775 1608 789 1621 ’
829 1591 897 1643 τά
923 1592 978 1646 δὲ
1003 1603 1027 1631 ι
1060 1592 1117 1642 ἐν
1148 1590 1286 1661 αὐτῇ
1326 1588 1512 1661 θηρία,
1546 1590 1592 1641 οί
1624 1586 1685 1652 ἐξ
1711 1586 1912 1640 ἐθνῶν·
1934 1585 2090 1649 τὸδὲ,

427 1681 631 1735 Θῦσον
671 1678 770 1733 καί
811 1677 998 1748 φάγε,
1038 1677 1119 1729 ὅτι
1173 1676 1448 1738 κάκείνοις
1479 1676 1562 1728 δεῖ
1591 1673 1875 1746 προσιέναι
1904 1691 1918 1705 ο
1951 1673 2011 1726 τὸ
2034 1673 2092 1725 δέ

422 1770 609 1840 τρίτον
639 1767 799 1822 τοῦτο
825 1764 1099 1835 γενέσθαι,
1127 1764 1187 1817 τδ
1221 1764 1502 1835 βάπτισμα
1533 1761 1701 1833 δηλοῖ.
1748 1758 2049 1829 Μηδαμῶς
2074 1799 2091 1824 ,

426 1860 622 1927 Κύριε,
663 1854 953 1910 οὐδέποτε
999 1852 1227 1921 ἔφαγον
1262 1846 1471 1904 κοινὸν
1496 1850 1536 1917 ἢ
1574 1848 1934 1917 ἀκάθαρτον.
1981 1846 2092 1901 Kal

422 1951 511 2004 διὰ
547 1948 622 2014 τί,
646 1946 833 2018 φησὶν,
866 1944 1157 2008 ἀντεῖπεν;
1194 1942 1314 1994 Ἵνα
1338 1941 1413 2012 μή
1454 1956 1538 2002 τις
1569 1939 1718 2010 εἴπῃ,
1749 1939 1830 1990 ὅτι
1867 1936 2091 2008 ἐπείρα-

423 2037 517 2101 ζεν
544 2036 574 2089 ὁ
617 2035 751 2098 Θεὸς
791 2032 990 2095 αὐτὸν,
1038 2030 1228 2101 ὥσπερ
1266 2030 1359 2082 ἐπὶ
1396 2027 1492 2080 τοῦ
1539 2027 1809 2098 Ἀϐραάμ,
1840 2027 1929 2079 ὅτε
1971 2027 2092 2079 ἐκε-

422 2123 610 2177 λεύετο
649 2123 742 2176 τὸν
781 2120 901 2173 υίδν
925 2118 1118 2173 θυσίαν
1151 2119 1462 2185 ἀνενεγκεῖν
1489 2130 1502 2145 ⁶
1538 2115 1613 2178 ὡς
1654 2115 1748 2168 ἐπὶ
1776 2113 1870 2166 τοῦ
1902 2112 2091 2166 Φιλίπ-

424 2226 550 2275 που,
598 2210 710 2274 ὅτε,
762 2208 1003 2271 Πόσους
1052 2205 1271 2273 ἄρτους
1323 2202 1525 2270 ﬁxere;
1568 2201 1674 2255 ὑπὸ
1710 2200 1804 2255 τοῦ
1848 2199 2087 2272 Χριστοῦ

420 2297 683 2368 ἠρωτήθη
712 2313 727 2327 ·
774 2296 873 2366 οὐχ
912 2296 999 2348 ἵνα
1034 2293 1212 2365 μάθῃ,
1263 2291 1398 2346 ἀλλά
1445 2292 1717 2363 πειράζων
1757 2291 1937 2345 αὐτόν.
1980 2291 2090 2344 Καὶ

424 2385 532 2454 μὴν
561 2386 620 2437 ἐν
647 2381 727 2453 τῷ
756 2383 907 2452 νόμῳ
945 2382 1075 2453 περὶ
1101 2379 1356 2450 καθαρῶν
1382 2378 1475 2432 καὶ
1501 2378 1826 2450 ἀκαθάρτων
1865 2376 2090 2431 διεστεί·

420 2473 551 2523 λατο
593 2468 837 2538 Μωῦσῆς
874 2467 984 2522 τῶν
1031 2484 1089 2522 τε
1123 2469 1181 2520 ἐν
1216 2469 1285 2536 γῇ
1318 2466 1426 2518 τῶν
1467 2483 1528 2519 τε
1576 2467 1634 2517 ἐν
1683 2465 1923 2536 θαλάσσῃ
1950 2482 1963 2495 ·
1997 2465 2090 2518 καὶ

420 2557 570 2626 ὅμως
602 2554 723 2608 οὐδὲ
752 2552 926 2617 οὕτως
959 2552 1096 2623 ᾔδει.
1140 2552 1239 2615 Ὠς
1269 2551 1339 2604 δὲ
1386 2551 1455 2603 ἐν
1498 2549 1690 2615 ἐαυτῷ
1736 2549 2003 2616 διηπόρει
2056 2551 2090 2602 ό

421 2642 663 2710 Πέτρος,
696 2643 753 2694 τί
783 2640 859 2695 ἂν
880 2641 972 2706 εἴη
1004 2640 1070 2694 τὸ
1101 2638 1315 2707 ὅραμα,
1345 2637 1376 2691 ὃ
1411 2633 1534 2690 εἶδε
1556 2676 1570 2700 ,
1600 2637 1701 2691 καί
1735 2635 1863 2695 ίδοὺ
1896 2639 1950 2688 οἱ
1986 2635 2090 2688 άν-

420 2732 558 2799 δρες
584 2732 638 2783 οἱ
657 2726 1102 2795 ἀπεσταλμένοι
1130 2725 1246 2780 ἀπὸ
1276 2724 1384 2779 τοῦ
1419 2724 1785 2792 Κορνηλίου,
1815 2722 2090 2794 διερωτή-

419 2838 642 2887 σαντες
665 2819 782 2887 τὴν
802 2819 997 2872 οὶκίαν
1020 2817 1127 2871 τοῦ
1148 2817 1417 2886 Σίμωνος
1432 2855 1446 2877 ,
1478 2815 1828 2883 ἐπέστησαν
1847 2813 1944 2866 ἐπὶ
1982 2813 2090 2868 τὸν

425 2907 700 2970 πυλῶνα,
741 2907 838 2959 καί
869 2902 1297 2973 φωνήσαντες,
1343 2899 1789 2966 ἐπυνθάνοντο,
1814 2903 1865 2954 εί
1893 2901 2091 2971 Σίμων

421 2998 454 3050 ὀ
491 2993 968 3061 ἐπικαλούμενος
992 2989 1212 3057 Πέτρος
1232 2987 1445 3043 ἐνθάδε
1473 2985 1778 3057 ξενίζεται.
1836 2987 2091 3057 Θαμϐου-

425 3082 575 3151 μένῳ
614 3078 738 3133 καθ’
766 3077 959 3130 ἐαυτὸν
984 3077 1079 3130 καὶ
1106 3073 1449 3150 διαποροῦντι
1483 3074 1560 3144 τῷ
1599 3075 1811 3145 Πέτρῳ.
1839 3074 2089 3145 ἔρχονται

421 3170 472 3220 οἱ
500 3167 693 3241 ἀνδρες
723 3163 994 3234 εὐκαίρως
1022 3163 1123 3238 τὴν
1144 3163 1380 3233 ἀπορίαν
1401 3160 1623 3227 λύοντες
1666 3178 1682 3193 ·
1716 3162 1841 3219 ἐπεὶ
1879 3163 1972 3216 καὶ
1998 3162 2089 3216 τὸν

436 3255 634 3327 Ἰωσὴφ
666 3254 935 3325 πρότερον
962 3250 1112 3304 εῖασε
1142 3248 1542 3321 θορυϐηθῆναι,
1569 3248 1662 3302 καὶ
1703 3250 1823 3302 τότε
1846 3249 1936 3302 τὸν
1960 3250 2088 3324 ἁρχ-

425 3342 655 3412 άγγελον
704 3341 936 3411 πέμπει.
989 3336 1241 3399 Εὐκόλως
1284 3334 1394 3406 γάρ
1457 3337 1493 3407 ἡ
1534 3334 1679 3410 ψυχὴ
1725 3335 1943 3406 δέχεται
1990 3336 2089 3409 τὴν

423 3430 596 3493 λύσιν,
629 3428 892 3498 πρότερον
925 3426 981 3478 ἐν
1004 3423 1208 3495 ἀπορία
1239 3422 1526 3493 γενομένη.
1561 3421 1697 3477 Οῦτε
1723 3420 1815 3481 οὖν
1846 3424 1939 3477 ἐπὶ
1954 3424 2089 3478 πολὺ

421 3519 632 3588 γίνεται
670 3516 817 3588 αὐτῷ
852 3515 922 3569 τά
952 3516 1049 3586 τῆς
1083 3513 1317 3583 ἀπορίας
1338 3552 1352 3575 ,
1381 3510 1505 3564 οῦτε
1546 3513 1651 3584 πρὸ
1689 3512 1910 3578 τούτου,
1953 3513 2091 3568 άλλά

426 3608 554 3677 περὶ
582 3606 672 3663 τὸν
706 3605 896 3675 καιρὸν
921 3602 1017 3657 τοῦ
1040 3602 1284 3673 ἀρίστου.
1320 3600 1428 3656 Τοῦ
1451 3601 1479 3641 δ
1505 3599 1573 3653 δὲ
1601 3599 1826 3669 Πέτρου
1857 3601 2087 3656 διενθυ-

420 3690 723 3762 μουμένου
748 3689 881 3756 περὶ
905 3688 1011 3742 τοῦ
1028 3688 1343 3760 ὁράματος,
1364 3684 1536 3742 εἶπεν
1561 3686 1720 3753 αὐτῷ
1739 3686 1805 3741 τὸ
1822 3688 2084 3759 Πνεῦμα⁹

436 3777 592 3833 Ἰδοὺ
627 3775 840 3847 ἄνδρες
866 3773 1114 3842 ζἠτοῦσί
1132 3791 1226 3830 σε.
1265 3774 1451 3830 Ἀλλὰ
1477 3776 1765 3844 ἀναστὰς,
1802 3774 2091 3843 κατάϐηθι

423 3863 526 3918 καί
549 3864 811 3931 πορεύου
841 3860 964 3915 σὺν
986 3861 1211 3927 αὐτοῖς,
1222 3861 1414 3931 μηδὲν
1437 3862 1908 3931 διακρινόμενος,
1938 3861 2088 3915 διότι

422 3951 539 4021 ἐγὼ
567 3948 926 4008 ἀπέσταλκα
957 3949 1199 4015 αὐτούς.
1240 3949 1351 4003 Καὶ
1402 3950 1564 4004 πάλιν
1618 3949 1777 4003 τοῦτο
1825 3947 2089 4016 ἀπολογία

425 4038 634 4113 Πέτρου
664 4037 801 4108 πρὸς
822 4036 951 4102 τοὺς
981 4034 1231 4106 μαθητὰς
1251 4074 1267 4098 ,
1326 4035 1413 4090 ῖνα
1447 4036 1686 4106 μάθωσιν
1706 4074 1721 4098 ,
1757 4037 1839 4090 ὅτι
1880 4036 1972 4092 καί
2012 4036 2091 4088 δι-

423 4125 642 4197 εκρίθη,
671 4124 766 4177 καὶ
805 4121 1100 4192 ἐπαιδεύθη
1142 4121 1309 4193 μηδὲν
1351 4121 1739 4193 διακρίνεσθαι.
1773 4123 1902 4177 Ὀτι
1952 4122 2086 4192 ἐγὼ,

422 4212 610 4284 φησὶν,
644 4210 863 4275 αὐτοὺς
891 4209 1266 4264 ἀπέσταλκα.
1306 4209 1447 4283 Ὅρα
1467 4210 1565 4279 ὅση
1593 4208 1686 4262 τοῦ
1706 4210 2021 4279 Πνεύματος
2053 4211 2087 4282 ἡ

423 4301 661 4367 ἐξουσία.
679 4299 829 4376 [I80]
853 4300 917 4353 Ὃ
932 4301 990 4353 δὲ
1007 4302 1152 4352 ποιεῖ
1164 4298 1358 4364 ὁΘεὸς,
1370 4298 1530 4351 τοῦτο
1549 4297 1766 4367 λέγεται
1787 4299 1847 4351 τὸ
1866 4297 2091 4368 Πνεῦμα

422 4392 619 4443 ποιεῖν.
660 4389 718 4442 '0
759 4388 858 4458 μὲν
897 4381 991 4440 οῦν
1039 4387 1272 4455 ἄγγελος
1310 4387 1410 4457 οὐχ
1449 4386 1622 4450 οὕτως
1646 4402 1660 4418 ·
1705 4385 1840 4440 ἀλλά
1871 4386 2087 4457 πρῶτον

421 4475 615 4541 εἰπὼν,
647 4477 718 4530 Al
760 4473 935 4544 εὐχαί
974 4488 1090 4527 σου
1118 4474 1215 4527 καί
1259 4476 1320 4526 al
1358 4474 1761 4543 ἐλεημοσύναι
1793 4490 1910 4527 σου
1930 4512 1944 4537 ,
1966 4474 2087 4530 τότε

423 4562 1041 4637 φησὶν,Ἀπόστειλον,
1077 4561 1164 4615 ἴνα
1192 4559 1360 4633 δείξῃ.
1392 4561 1474 4614 ὅτι
1504 4561 1710 4613 ἐκεῖθεν
1729 4561 2084 4615 ἀπέσταλται⁸

424 4651 486 4704 τὴ
513 4651 570 4703 δέ
593 4647 835 4718 Πνεῦμα,
863 4647 987 4700 ἐπεὶ
1011 4646 1238 4718 Κύριον,
1275 4646 1421 4717 Ἐγὼ
1451 4647 1671 4713 αὐτοὺς
1710 4648 2085 4705 ἀπέσταλκα.

426 4737 697 4802 Καταϐὰς
719 4734 786 4789 δέ
811 4737 844 4789 ό
868 4733 1089 4801 Πέτρος
1116 4733 1265 4801 πρὸς
1298 4732 1437 4799 τοὺς
1456 4732 1701 4803 ἄνδρας,
1726 4731 1914 4789 εἶπενι
1934 4736 2088 4792 Ἰδοὺ

424 4827 539 4899 ἐγώ
569 4827 708 4895 ειμι,
738 4823 811 4880 ὃν
837 4821 1077 4891 ζητεῖτε.
1117 4822 1211 4886 Τίς
1240 4821 1277 4889 ἠ
1313 4821 1472 4875 αίτία
1493 4820 1567 4875 δι’
1596 4820 1675 4890 ἢν
1699 4822 1989 4891 πάρεστε;
2023 4828 2088 4882 οι

423 4914 492 4968 δέ
519 4911 693 4971 εἷπον
713 4928 727 4943 “
748 4910 1082 4981 Κορνήλιος
1109 4912 1142 4964 ό
1173 4909 1617 4978 ἑκατοντάρχης
1634 4949 1649 4974 ,
1680 4911 1833 4978 ἀνὴρ
1858 4911 2089 4978 δίκαιος

425 5001 525 5057 καὶ
575 5001 944 5069 φοϐούμενος
985 4998 1092 5050 τὸν
1121 4996 1303 5062 Θεὸν,
1348 4998 1833 5067 μαρτυρούμενός
1865 5017 1930 5055 τε
1965 5002 2085 5056 ὑπὸ

424 5089 572 5144 ὅλου
605 5086 713 5142 τοῦ
753 5086 969 5151 ἔθνους
996 5082 1114 5138 τῶν
1157 5082 1475 5147 Ἰουδαίων,
1520 5086 1926 5157 ἐχρηματίσθη
1968 5089 2088 5144 ὑπὸ

424 5175 683 5249 ἀγγέλου
704 5172 876 5243 ἁγίου
893 5169 1401 5241 μεταπέμψασθαί
1423 5186 1496 5225 σε
1521 5175 1608 5238 εἰς
1642 5173 1752 5227 τὸν
1784 5170 1956 5228 οἷκον
1991 5180 2067 5232 αὐ

425 5264 552 5326 τοῦ,
583 5260 681 5317 καί
712 5257 971 5315 ἀκοῦσαι
992 5257 1229 5327 ῥήματα
1266 5260 1427 5326 παρὰ
1464 5262 1600 5314 σοῦ.
1644 5261 1874 5330 Λέγουσι
1909 5264 1973 5317 τὰ
2007 5269 2068 5333 ὲγ

426 5350 631 5421 κὼμια.
661 5349 803 5404 ὥστε
832 5348 1040 5411 πεῖσαι,
1071 5346 1154 5400 ὅτι
1179 5347 1273 5401 καὶ
1298 5346 1530 5415 ἄγγελος
1559 5346 1711 5421 ὤφθη
1742 5351 1912 5422 αὐτῷ.
1952 5355 2064 5406 Eiu-

427 5439 838 5507 κωίεσάμενος
868 5431 983 5492 οὖν
1026 5435 1249 5503 αὐτοὺς
1287 5435 1583 5500 ἐξένισεν.
1628 5439 1790 5509 Ὁρᾷς
1809 5481 1825 5503 ,
1856 5440 2020 5493 πόθεν
2054 5441 2086 5510 ὴ

426 5529 568 5598 ἀρχὴ
601 5528 811 5595 γίνεται
843 5525 950 5580 τῶν
984 5523 1191 5590 ἐθνῶνς
1235 5525 1368 5578 Ἀπὸ
1394 5525 1586 5596 ἀνδρὸς
1608 5527 1897 5591 εὐσεϐοῦς,
1937 5527 2086 5592 ἀξίου

425 5615 681 5684 φανέντος
707 5614 815 5667 ἀπὸ
846 5612 952 5668 τῶν
981 5612 1177 5685 ἔργων.
1205 5614 1268 5667 El
1298 5614 1407 5685 γὰρ
1440 5615 1533 5668 καὶ
1560 5613 1716 5669 τοῦτο
1748 5617 1963 5685 γέγονε,
1998 5617 2091 5672 καὶ

425 5703 572 5769 ὅμως
600 5699 1077 5767 σκανδαλίζονται,
1124 5703 1173 5755 εί
1206 5701 1281 5773 μὴ
1314 5702 1472 5755 τοῦτο
1494 5697 1563 5773 ἦν
1585 5741 1598 5765 ,
1631 5703 1684 5755 τί
1714 5704 1813 5757 οὐκ
1842 5706 1906 5759 ἄν
1937 5702 2088 5759 εἷπον

437 5790 680 5844 Ἰουδαῖοι
705 5804 720 5853 ;
750 5787 1284 5857 Εὶσκαλεσάμιενος
1312 5786 1446 5857 οὖν,
1481 5790 1676 5862 φησιν,
1704 5792 1926 5860 αὐτοὺς
1962 5795 2089 5860 ἐξέ-

490 5888 681 5960 ξιιξιιυρ
700 5888 807 5937 cod.
833 5886 1074 5960 οῦτρικἮ
1107 5888 1189 5936 οὖν
1305 5888 1446 5960 τοξιτὸ
1479 5891 1607 5960 ἐστιν
1634 5895 1661 5946 ἡ
1677 5895 1861 5960 -σινδὼν
1884 5913 1892 5921 ·
1925 5899 1992 5947 Ia
2017 5900 2082 5947 δέ,

432 5949 458 5989 δ
482 5951 581 6000 Alli
621 5946 704 5997 τὸν
727 5963 887 6007 nepa»
911 5949 1181 6009 ἠρώτησαν,
1210 5946 1249 5996 εἴ
1276 5951 1371 5997 ἐκεῖ
1404 5952 1619 6005 Ξενίῖεται
1676 5954 1788 6003 Ιοῦ.

1180 333 1237 389 S.
1279 334 1569 390 JUANNIS
1606 333 2093 389 CIIRYSOSTOMI
2135 332 2458 391 ARCIIIEP.
2503 338 3046 399 CONSTANTINOP.

3764 352 3866 408 174

2197 466 2353 504 νισε.
2403 452 2510 505 Θέα
2541 454 2681 525 πόση
2708 455 2999 524 ἀσφάλεια.
3042 456 3203 509 Ὥστε
3244 457 3410 527 μηδὲν
3440 459 3639 523 αὐτοὺς
3674 466 3871 518 παθεῖν

2197 537 2391 600 δεινὸν,
2427 541 2796 604 είσκαλεῖται,
2830 545 2927 596 καὶ
2978 542 3116 613 μετά
3146 545 3463 615 παρρησίας
3503 546 3691 602 λοιπὸν
3741 568 3866 605 συν-

2198 623 2484 681 διαιτᾶται.
2510 630 2553 680 Τ
2550 626 2590 695 ᾗ
2621 627 2690 681 δὲ
2723 629 3009 696 ἐπαύριον
3034 631 3302 698 ἀναστὰς
3323 635 3358 685 ό
3383 633 3623 702 Πέτρος,
3646 636 3870 705 ἐξῆλθε

2195 711 2318 765 σὺν
2346 713 2574 781 αὐτοῖς,
2599 717 2703 768 καί
2721 733 2880 782 τινες
2902 715 3022 770 τῶν
3034 717 3321 787 ἀδελφῶν
3332 718 3449 772 τῶν
3467 721 3586 774 ἀπὸ
3622 724 3869 792 Ἰόππης

2193 798 2511 867 συνῆλθον
2535 800 2716 868 αὐτῷ,
2748 804 2846 855 καί
2879 802 2953 872 τῇ
2981 804 3270 873 ἐπαύριον
3293 805 3584 875 εἰσῆλθον
3620 814 3709 876 είς
3751 812 3870 881 τὴν

2195 887 2574 956 Καισάρειαν.
2623 890 2925 961 Ἐπίσημος
2977 889 3044 963 ἦν
3099 896 3128 948 ὀ
3179 894 3340 967 ἀνὴρ,
3385 895 3462 960 ὡς
3505 900 3562 950 ἐν
3609 900 3867 972 ἐπισήμῳ

2193 973 2347 1027 πόλει
2379 977 2682 1047 τυγχάνων.
2716 978 2809 1030 Διὸ
2838 979 2932 1033 καὶ
2958 982 3047 1032 ἐπ’
3078 982 3229 1051 αὐτῷ
3261 985 3443 1037 πάντα
3486 986 3623 1056 ὁμοῦ
3654 990 3865 1041 οἰκονο-

2196 1063 2403 1147 μεῖται,
2423 1064 2517 1118 καὶ
2545 1066 2653 1118 άπδ
2680 1067 2780 1132 τῆς
2818 1067 3081 1131 Ἰουδαίας
3109 1070 3283 1142 ἀρχὴν
3308 1072 3577 1143 λαμϐάνει
3604 1075 3664 1128 τὸ
3685 1079 3867 1147 πρᾶγ-

2197 1164 2272 1216 μα
2302 1166 2315 1180 ·
2347 1144 2459 1202 οἷον
2488 1150 2550 1203 τὸ
2583 1153 2659 1222 μὴ
2690 1151 2950 1206 ὑπνοῦντ.
2971 1153 3238 1224 ὀφθῆναι,
3269 1156 3387 1209 ἀλλ’
3413 1144 3771 1230 ἐγρηγορότι,
3802 1144 3869 1215 τὸ

2194 1235 2253 1288 ἐν
2281 1236 2465 1307 ἡμέρᾳ
2487 1254 2502 1269 ο
2526 1239 2655 1309 περὶ
2681 1240 2879 1318 ἐνάτην
2916 1241 3025 1313 γὰρ
3055 1242 3234 1313 ὤραν
3271 1244 3445 1309 οὕτως
3482 1248 3659 1317 ἐαυτῷ
3689 1266 3866 1319 προσ-

2194 1324 2359 1393 εῖχεν.
2406 1324 2544 1378 Ἀλλ’
2592 1326 2791 1397 ἴδωμεν
2827 1329 3036 1383 ἄνωθεν
3070 1330 3140 1382 τὰ
3174 1332 3464 1402 εἰρημένα.
3494 1335 3605 1387 Καὶ
3632 1331 3806 1388 εἶπεν
3830 1339 3868 1390 δ

2193 1409 2468 1480 ἅγγελοςο
2502 1416 2569 1467 Αἱ
2597 1414 2772 1483 εὐχαί
2812 1431 2929 1469 σου
2958 1416 3055 1469 καὶ
3087 1420 3147 1470 αἱ
3171 1418 3571 1488 ἐλεημοσύναι
3615 1438 3733 1476 σου
3768 1424 3867 1477 ἀν-

2194 1498 2431 1566 έϐησαν
2454 1503 2541 1565 εἰς
2565 1503 2965 1570 μνημόσυνον
2989 1504 3247 1560 ἐνώπιον
3264 1507 3372 1561 τοῦ
3394 1509 3562 1562 Θεοῦ.
3581 1510 3869 1563 Ἐντεῦθεν

2191 1584 2371 1655 δῆλον,
2414 1588 2496 1641 ὅτι
2538 1588 2629 1643 διά
2668 1591 2853 1662 φωνῆς
2890 1592 3149 1647 ἐκάλεσεν
3187 1594 3215 1647 ὁ
3249 1595 3518 1664 ἄγγελος,
3563 1600 3658 1650 καὶ
3690 1598 3867 1661 οὕτως

2192 1668 2334 1727 εἶδεν
2377 1675 2569 1729 αὐτόν·
2609 1675 2685 1741 ὡς
2726 1677 2881 1749 εἰμὴ
2922 1681 3202 1746 ἐκάλεσεν,
3247 1682 3358 1736 οὐδ’
3402 1684 3469 1737 ἂν
3523 1680 3870 1740 alant-061m

2194 1763 2588 1833 συντεταμένος
2630 1759 2698 1836 ἦν
2745 1764 2854 1818 ἀπὺ
2901 1765 2996 1820 τοῦ
3044 1767 3392 1839 πράγματος,
3432 1772 3491 1825 ἐν
3541 1765 3585 1840 ᾧ
3626 1767 3715 1843 ἦν.
3751 1775 3866 1827 Καὶ

2187 1849 2569 1920 μετάπεμψαι
2617 1853 2853 1922 Σίμωνα
2913 1856 3021 1908 τὸν
3069 1855 3549 1927 ἐπικαλούμενον
3609 1860 3865 1928 Πέτρον.

2193 1938 2364 2002 Τέως,
2400 1939 2481 1991 ὅτι
2507 1939 2601 1992 ἐπὶ
2627 1944 2885 2012 χρηστοῖς
2913 1943 3076 1996 αὑτὸν
3109 1944 3558 2014 μετακαλέσεται,
3579 1947 3816 2017 ἐδήλωσε
3842 1964 3864 1981 σ

2194 2026 2368 2091 ποίοις
2397 2026 2453 2080 δὲ
2478 2031 2758 2098 χρηστοῖς,
2793 2029 2892 2082 οὐκ
2922 2029 3026 2084 ἐτι.
3054 2029 3242 2094 Οὕτως
3265 2031 3387 2085 ούδέ
3408 2033 3614 2103 Πέτρος
3631 2033 3779 2100 λέγει
3800 2036 3868 2088 τὸ

2192 2115 2300 2166 πᾶν
2319 2130 2334 2144 ·
2360 2113 2498 2167 ἀλλὰ
2519 2115 2798 2184 πανταχοῦ
2819 2117 2884 2169 ἐκ
2912 2117 3111 2187 μέρους
3135 2117 3205 2171 τά
3240 2119 3576 2190 διηγήματα,
3617 2120 3756 2174 ὥστε
3783 2122 3864 2174 δι-

2192 2199 2426 2271 εγείρειν
2442 2201 2568 2264 τοὺς
2583 2200 2879 2264 ἀκούοντας
2897 2214 2918 2242 ε
2930 2242 2944 2256 .
2965 2203 3123 2256 Οὕτω
3139 2205 3233 2257 καὶ
3247 2206 3515 2260 Φίλιππον
3532 2207 3687 2261 καλεῖ
3699 2209 3863 2278 μόνον

2191 2290 2270 2351 εἰς
2296 2287 2394 2359 τὴν
2424 2287 2520 2359 ἐρη
2531 2306 2648 2358 μον.
2687 2288 2892 2355 Ἀνέϐη
2921 2290 2990 2344 δὲ
3012 2291 3234 2360 Πέτρος
3261 2293 3363 2346 ἐπὶ
3384 2294 3452 2347 τὸ
3480 2295 3643 2364 δῶμα
3669 2310 3863 2362 προσ-

2190 2376 2478 2439 εύξασθαι
2508 2376 2641 2443 περὶ
2674 2375 2835 2445 ὤραν
2878 2376 3099 2445 ἕκτην,
3141 2379 3240 2431 καί
3287 2380 3514 2434 ἔπεσεν
3547 2382 3640 2435 ἐπ’
3670 2383 3866 2436 αὐτὸν

2188 2463 2500 2529 ἔκστασις,
2541 2463 2640 2516 καί
2684 2467 2891 2531 θεωρεῖ
2919 2465 3143 2530 σκεῦός
3170 2482 3225 2519 τι
3248 2467 3330 2532 ὡς
3354 2468 3598 2535 ὀθόνην.
3632 2470 3863 2535 Σκόπει,
3946 2528 3952 2533 ,

2188 2550 2270 2604 ὅτι
2295 2549 2416 2603 οὐδὲ
2441 2552 2474 2620 ή
2508 2553 2670 2604 πεῖνα
2693 2552 3003 2621 ἠνάγκασεν
3049 2553 3211 2607 αὑτὸν
3247 2554 3615 2626 προσδραμεῖν
3645 2560 3712 2627 τῇ
3746 2574 3866 2610 σιν-

2188 2635 2317 2690 δόνι.
2352 2638 2469 2690 Ἵνα
2492 2636 2550 2690 δέ
2591 2637 2668 2708 μὴ
2706 2639 2765 2692 ἐν
2796 2638 3003 2692 πλείονι
3036 2641 3243 2712 ἀπορίᾳ
3267 2644 3294 2695 ὁ
3322 2640 3586 2717 Πέτροςῇ
3614 2685 3629 2707 ,
3670 2646 3866 2700 ἀκούει

2190 2722 2458 2793 λεγούσης
2499 2724 2703 2793 φωνῆς’
2750 2724 3062 2791 Ἀναστὰς,
3087 2728 3271 2795 Πέτρε
3289 2769 3304 2793 ,
3329 2729 3523 2784 θῦσον
3546 2731 3644 2784 καί
3681 2732 3862 2801 φάγε.
3892 2779 3898 2785 .

2194 2811 2354 2883 ΙἹσως
2387 2811 2482 2863 ἐπὶ
2511 2812 2714 2878 γόνατα
2743 2812 2997 2883 κείμενος
3031 2811 3137 2868 εἶδε
3170 2816 3269 2886 τὴν
3299 2817 3563 2871 ὀπτασίαν
3591 2834 3606 2848 ο
3639 2821 3764 2889 ἐμοὶ
3802 2821 3866 2874 δέ

2189 2901 2339 2954 δοκεῖ
2379 2901 2469 2954 διά
2505 2901 2567 2955 τὸ
2609 2903 2875 2973 κήρυγμα
2922 2904 3127 2974 ταύτην
3156 2907 3478 2977 ἑωρακέναι.
3514 2908 3637 2961 Ὅτι
3669 2908 3726 2960 δὲ
3766 2911 3865 2963 καὶ

2191 2986 2332 3040 θεῖον
2371 2982 2440 3057 ἦν
2487 2987 2549 3040 τὸ
2589 2988 2873 3060 γινόμενον
2897 3029 2911 3054 ,
2963 2990 3124 3060 δῆλον
3161 2991 3225 3044 ἔκ
3270 3009 3330 3045 τε
3364 2993 3457 3044 τοῦ
3490 2993 3696 3048 ἀνωθεν
3730 2995 3864 3048 ἰδεῖν

2191 3074 2539 3140 καταϐαῖνον,
2571 3074 2636 3129 ἐκ
2660 3061 2843 3130 σε’τοῦ
2883 3076 2942 3129 ἐν
2975 3078 3232 3132 ἐκστάσει
3265 3079 3535 3147 γενέσθαι.
3568 3081 3643 3133 Τὸ
3672 3081 3730 3134 δὲ
3766 3084 3865 3136 καὶ

2191 3161 2374 3231 φωνὴν
2400 3162 2609 3215 ἐκεῖθεν
2646 3163 2968 3233 ἐνεχθῆναι,
3001 3165 3097 3217 καὶ
3132 3165 3195 3217 τὸ
3228 3166 3350 3236 τρὶς
3374 3166 3532 3221 τοῦτο
3562 3158 3817 3235 γενέσθαι
3843 3209 3863 3231 ,

2190 3248 2286 3302 καὶ
2317 3248 2379 3302 τὺ
2408 3249 2636 3320 οὐρανὸν
2665 3249 3004 3321 ἀνεῳχθῆναι
3027 3290 3044 3315 ,
3089 3252 3185 3305 καί¹
3216 3253 3276 3306 τὸ
3300 3253 3511 3309 ἐκεῖθεν
3538 3256 3691 3324 ἥκειν
3714 3297 3728 3318 ,
3764 3257 3858 3309 καὶ

2188 3335 2250 3388 τὸ
2299 3336 2417 3389 ἐκεῖ
2463 3337 2881 3408 ἀναρπασθῆναι
2936 3338 3119 3405 πάλιν,
3170 3340 3310 3411 μέγα
3350 3341 3548 3412 δεῖγμα
3592 3343 3685 3396 τοῦ
3716 3343 3861 3399 θεῖον

2189 3417 2329 3475 εἶναι
2358 3422 2419 3475 τὸ
2445 3425 2699 3495 πρᾶγμα.

2265 3518 2335 3579 γ’.
2369 3512 2468 3565 Διά
2502 3512 2555 3564 τί
2586 3512 2641 3565 δὲ
2663 3511 2820 3566 τοῦτο
2839 3512 3084 3582 γίνεται;
3121 3515 3218 3569 Διά
3243 3517 3369 3580 τοὺς
3404 3516 3545 3588 μετά
3564 3517 3758 3579 ταῦτα,
3776 3511 3860 3582 οἷς

2194 3597 2378 3669 μέλλει
2421 3599 2735 3668 ἐξηγεῖσθαι
2763 3618 2775 3630 ·
2799 3601 2923 3654 ἐπεὶ
2975 3602 3138 3665 αὐτὸς
3173 3603 3276 3674 ἤδη
3322 3603 3562 3669 ἀκούσας
3593 3602 3681 3676 ἦν,
3718 3606 3800 3659 ὅτι
3830 3605 3858 3646 δ

2188 3689 2295 3751 Είς
2310 3687 2455 3741 ὁδὸν
2474 3686 2663 3740 ἐθνῶν
2674 3686 2761 3757 μὴ
2782 3687 3100 3754 ἀπέλθητε.
3128 3690 3237 3742 Καὶ
3255 3691 3328 3761 μὴ
3347 3690 3654 3764 θαυμάσῃς.
3673 3692 3860 3762 Είγάρ

2191 3774 2492 3843 περιτομῆς
2518 3773 2708 3845 ἐδεήθη
2729 3775 2824 3827 καὶ
2859 3773 3048 3837 θυσίας
3076 3775 3309 3839 Παῦλος,
3329 3777 3480 3850 [181]
3512 3777 3692 3849 πο).λῷ
3721 3779 3849 3848 μᾶλσ.

2188 3858 2281 3912 λον
2304 3860 2426 3912 τότε
2455 3862 2512 3914 ἐν
2548 3862 2689 3931 ἀρχῇ
2724 3859 2820 3913 τοῦ
2861 3861 3218 3932 κηρύγματος
3256 3865 3659 3937 ἀσθενεστέρων
3688 3866 3860 3919 ὄντων

2190 3948 2391 4012 αὐτῶν,
2422 3948 2626 4003 τούτων
2659 3949 2783 4004 ἔδει.
2811 3950 2922 4003 Kal
2954 3950 3082 4004 ίδοὺ
3112 3954 3167 4004 οἱ
3191 3951 3426 4021 ἄνδρες,
3452 3955 3605 4023 φησὶ,
3634 3957 3689 4008 οι
3738 3956 3858 4009 άπ-

2191 4039 2553 4106 εσταλμένοι
2585 4039 2700 4092 ἀπὸ
2736 4040 2842 4093 τοῦ
2868 4041 3205 4107 Κορνηλίου
3225 4041 3572 4109 ἐπέστησαν
3605 4042 3705 4095 ἐπὶ
3752 4043 3862 4096 τὸν

2191 4123 2444 4178 πυλῶνα
2463 4138 2477 4155 ·
2500 4126 2599 4179 καὶ
2624 4126 3017 4194 φωνήσαντες
3038 4127 3446 4182 ἐπυνθάνοντο
3472 4168 3486 4188 ,
3521 4132 3573 4183 εί
3598 4131 3797 4196 Σίμων
3824 4133 3860 4183 ό

2189 4212 2661 4279 ἐπικαλούμενος
2718 4213 2942 4280 Πέτρος
2997 4213 3210 4269 ἐνθάδε
3260 4212 3564 4278 ξενίζέται.
3617 4216 3748 4268 Ἀτε
3781 4216 3861 4278 ὡς

2190 4299 2380 4370 εὐτελῆ
2409 4301 2618 4365 οἰκίαν,
2663 4300 2907 4353 κάτωθεν
2940 4301 3330 4365 ἐπυνθάνοντο,
3361 4303 3422 4355 ού
3444 4304 3570 4365 τοὺς
3607 4303 3859 4370 γείτονας

2189 4385 2443 4455 ¹ἠρώτων.
2477 4386 2587 4441 Τοῦ
2606 4386 2676 4439 δέ
2702 4385 2925 4455 Πέτρου
2946 4388 3473 4457 διενθυμουμένου,
3497 4385 3668 4443 εἶπεν
3694 4388 3860 4453 αὺτῴ

2189 4473 2257 4527 τὸ
2288 4474 2558 4543 Πνεῦμα’
2598 4474 2894 4540 Ἀναστὰς
2918 4475 3224 4541 κατάϐηθι,
3256 4476 3353 4537 καὶ
3379 4479 3639 4546 πορεύου
3658 4478 3862 4547 μηδὲν

2189 4558 2662 4630 διακρινόμενος,
2693 4560 2843 4615 διότι
2874 4562 2989 4632 ἐγὼ
3012 4563 3367 4618 ἀπέσταλκα
3394 4566 3636 4629 αὐτούς.
3671 4565 3815 4636 Ὅρα
3838 4580 3854 4596 ⁸

2188 4648 2288 4702 οὐκ
2321 4646 2461 4702 εἶπε*
2482 4650 2580 4702 Διά
2605 4650 2712 4721 γὰρ
2731 4651 2889 4705 τοῦτο
2918 4651 2979 4704 τὸ
3007 4652 3189 4722 ὃραμά
3214 4669 3296 4706 σοι
3325 4652 3480 4723 ῶφθη
3506 4670 3519 4683 ·
3540 4654 3676 4716 ἀλλ’,
3703 4652 3860 4722 Ἐγὼ

2188 4735 2406 4802 αὐτοὺς
2437 4737 2815 4791 ἀπέσταλκα·
2852 4738 3067 4802 δεικνὺς
3090 4778 3103 4800 ,
3139 4740 3221 4793 ὅτι
3246 4738 3389 4793 οὕτω
3411 4740 3493 4793 δεῖ
3524 4739 3805 4794 πείθεσθαι
3838 4779 3855 4803 ,

2189 4822 2418 4886 εὐθύνας
2440 4825 2541 4880 οὐκ
2567 4824 2926 4877 ἀπαιτοῦντα.
2977 4824 3163 4894 Ἀρκεῖ
3189 4826 3299 4898 γὰρ
3325 4827 3461 4896 πρὸς
3494 4828 3676 4880 πᾶσαν
3716 4827 3858 4896 πλη-

2192 4910 2452 4981 ροφορίαν
2494 4910 2556 4963 τὸ
2603 4910 2831 4964 ἀκοῦσαι
2878 4911 3006 4983 παρ’
3037 4912 3204 4966 αὑτοῦ
3230 4930 3244 4946 ·
3281 4914 3411 4968 Τόδε
3442 4915 3663 4984 ποίησον
3684 4955 3700 4978 ,
3730 4914 3858 4968 τόδε

2188 4995 2443 5067 λάλησον,
2471 5000 2564 5051 καὶ
2596 4998 2761 5068 μηδὲν
2790 4997 2952 5051 πλέον
2989 4998 3190 5070 ζητεῖν.
3240 5003 3511 5067 Καταϐὰς
3538 5000 3607 5053 δέ
3631 5002 3860 5069 Πέτρος

2189 5081 2392 5141 εἶπεν
2427 5084 2572 5140 Ἰδοὺ
2621 5084 2736 5152 ἐγώ
2785 5087 2922 5154 είμι,
2969 5085 3043 5140 ὃν
3087 5086 3328 5154 ζητεῖτε.
3387 5088 3431 5140 Τ
3436 5089 3453 5140 ί
3496 5088 3695 5158 δήποτε
3753 5088 3863 5141 οὐκ

2187 5170 2393 5233 εὐθέως
2438 5170 2634 5233 αὐτοὺς
2676 5170 2913 5237 ἐδέξατο,
2964 5172 3100 5225 ἀλλά
3144 5172 3501 5239 πυνθάνεται;
3540 5170 3659 5227 Εἷδε
3688 5191 3865 5243 στρα-

2185 5259 2387 5322 τιώτας
2432 5257 2592 5321 ὄντας
2636 5259 2762 5321 τοὺς
2803 5259 3151 5323 ἐπιστάντας.
3179 5260 3269 5313 Διὸ
3300 5263 3397 5331 οὐχ
3425 5261 3607 5325 ἁπλῶς
3636 5263 3825 5334 ἐρωτᾷ
3844 5303 3861 5323 ,

2186 5346 2323 5399 ἀλλά
2347 5345 2614 5416 πρότερον
2648 5346 2990 5417 ὁμολογήσας
3021 5346 3184 5410 αὐτὸς
3209 5343 3368 5412 εἶναι,
3395 5349 3514 5402 τότε
3547 5349 3646 5418 τὴν
3674 5349 3864 5402 αἰτίαν

2188 5433 2515 5487 πυνθάνεται
2533 5436 2632 5503 τῆς
2658 5434 2914 5503 ἀφίξεως,
2942 5437 3028 5491 ἵνα
3058 5434 3132 5506 μὴ
3163 5436 3391 5505 νομισθῇ
3423 5436 3514 5489 διά
3537 5436 3696 5489 τοῦτο
3723 5453 3866 5488 πυν-

2189 5521 2470 5585 θάνεσθαι,
2502 5521 2578 5584 ὠς
2601 5521 2664 5592 δὴ
2693 5521 2862 5575 θέλων
2891 5523 3081 5576 ἑαυτὸν
3106 5524 3475 5595 κατακρύψαι.
3505 5525 3615 5579 Καὶ
3646 5524 3864 5578 πυνθά-

2187 5628 2359 5673 νεται,
2392 5610 2484 5686 ,ἵνα
2504 5651 2519 5672 ,
2549 5610 2616 5663 ἂν
2644 5611 2743 5681 μὲν
2773 5611 2974 5675 εὐθέως
3003 5614 3309 5686 κατεπείγῃ
3334 5656 3348 5676 ,
3380 5616 3477 5668 καὶ
3517 5613 3815 5685 συνεξέλθῃ
3846 5630 3863 5646 ο

2186 5698 2252 5753 ἀν
2280 5699 2338 5753 δέ
2378 5684 2476 5770 μὴ,
2507 5699 2594 5752 ἴνα
2627 5699 2830 5773 ξενίσῃ.
2868 5698 3024 5762 Τίνος
3057 5701 3114 5754 δὲ
3147 5684 3334 5755 ἕνεκεν
3363 5705 3557 5756 ἐκεῖνοι
3598 5684 3822 5769 λέγουσι
3845 5742 3862 5767 ,

2251 5842 2273 5869 °
2318 5839 2410 5889 Hic
2446 5840 2606 5888 omnia
2651 5842 2849 5891 diverse
2892 5849 3054 5892 narrat
3086 5857 3232 5899 unus.
3269 5843 3335 5893 ita
3373 5851 3429 5894 υι
3482 5843 3541 5892 ad
3586 5843 3868 5892 varietates

2189 5900 2479 5971 τοῖοι-ευσεβ
2515 5904 2817 5971 lo!_a_pagina
2845 5903 3164 5971 exscyilpcha
3195 5914 3359 5971 esset;
3399 5906 3485 5955 sed
3520 5919 3645 5955 unus
3674 5916 3867 5952 sensus

2192 5961 2373 6023 ubiun
2403 5969 2496 6010 est.
2565 5961 2590 6001 ἃ
2623 5961 2753 6012 Ειιιῖκ
2778 5967 2882 6014 cod.
2921 5967 3057 6021 αὐτὸς
3080 5968 3302 6029 ἤκουσεν,
3339 5961 3428 6016 ὅτι.
