4084 6174
1379 323 1444 380 ιιι
1482 321 1660 378 ACTA
1703 321 1965 378 ΑΙ)ΟὸΤο

2074 322 2224 378 ἰὶυΜ.
2269 323 2500 381 ιιυιιιι.
2545 325 2710 383 XXII.
3577 339 3596 392 1
3614 341 3681 394 74

2093 437 2226 490 cturi
2255 439 2449 493 erant?
2475 437 2840 510 lntroducens,
2863 442 3048 514 inquit,
3082 445 3199 501 illos
3227 451 3408 518 recepit
3437 449 3677 522 hospitio.
3724 465 3744 548 ί

2098 528 2226 583 Vide
2269 539 2462 598 quanta
2509 535 2785 587 securitas.
2827 534 2906 591 Ne
2951 537 3079 606 quid
3121 539 3226 594 illis
3273 558 3432 612 grave
3473 546 3681 600 accidat
3721 528 3726 594 έ

410 330 514 387 ΠΒ

407 443 578 497 Ιιοιιιο
607 441 1011 497 incircumcisus
1045 448 1185 506 erat,
1220 439 1458 508 nihilque
1499 451 1784 492 commune
1821 435 1986 490 habe-

406 535 493 586 hat
520 549 639 586 cum
669 531 888 588 Judwis.
931 531 1067 599 Quia
1113 533 1273 599 igitur
1317 544 1508 583 omnes
1548 529 1696 582 illum
1726 538 1785 582 nt
1813 537 1980 582 trans-

403 639 700 692 gressorem
729 623 1030 678 accusaturi
1061 632 1236 687 erant,
1282 630 1336 676 ct
1376 620 1482 674 illis
1521 619 1804 674 admodum
1835 618 1982 673 cordi

401 723 517 768 erat
547 732 562 770 :
595 716 896 768 necessario
927 714 1015 769 ille
1043 715 1120 767 sic
1156 729 1270 767 rem
1317 712 1628 781 temperavit
1657 721 1711 765 ut
1737 711 1938 766 diceret
1966 726 1980 763 :

406 802 699 874 Numquam
739 805 973 869 comedi;
1022 818 1128 856 non
1172 801 1312 872 quod
1357 803 1586 864 timeret,
1624 802 1801 867 absit;
1832 799 1922 854 sed
1951 815 1982 854 ει

400 893 625 963 Spiritu,
657 905 713 946 ut
755 893 886 955 dixi,
919 895 995 948 sic
1025 892 1312 961 dispositus
1359 890 1477 954 fuit,
1517 899 1570 944 ut
1613 890 1979 944 defensionem

403 985 622 1039 haberet
649 994 836 1038 contra
864 1000 978 1048 eos,
1012 985 1099 1053 qui
1131 998 1190 1038 se
1213 991 1544 1044 accusarent,
1577 981 1717 1050 quod
1751 980 1981 1034 restitis-

399 1088 518 1130 set:
550 1091 738 1145 magna
774 1076 916 1128 enim
946 1089 1072 1129 cura
1101 1074 1208 1128 illis
1235 1082 1370 1137 erat,
1419 1082 1477 1126 ut
1525 1072 1609 1127 lex
1657 1081 1978 1125 servaretur.

397 1168 478 1222 Ad
505 1177 692 1238 gentes
724 1167 1047 1221 mittebatur.
1079 1166 1156 1221 Ne
1187 1165 1344 1236 igitur
1370 1164 1422 1218 hi
1452 1165 1612 1218 etiam
1645 1165 1792 1217 illum
1820 1179 1980 1217 accu-

396 1269 603 1326 Sarent,
631 1271 684 1314 ut
715 1260 845 1326 dixi,
880 1260 992 1314 hare
1022 1261 1090 1313 ita
1114 1259 1415 1330 dispensata
1439 1267 1562 1312 sunt
1590 1275 1602 1310 :
1631 1265 1721 1310 aut
1747 1273 1814 1312 ne
1833 1257 1981 1312 vide-

399 1363 545 1407 retur
584 1353 860 1422 phantasia
895 1351 1134 1422 qtuedam
1175 1367 1316 1417 esse,
1340 1351 1476 1405 dixit
1504 1369 1516 1402 :
1548 1352 1708 1415 Absit,
1739 1351 1975 1417 Domine,

393 1447 515 1514 quia
552 1463 824 1514 numquam
869 1446 1167 1499 manducavi
1218 1462 1480 1499 comnmne
1508 1454 1597 1496 aut
1639 1445 1978 1499 immundum.

393 1537 557 1592 Facta
587 1545 669 1591 est
703 1547 878 1591 autem
901 1552 1000 1591 vox
1031 1536 1098 1590 ad
1129 1537 1271 1590 illum
1303 1553 1315 1588 :
1349 1536 1477 1602 Qua:
1508 1534 1642 1589 Deus
1669 1537 1974 1604 puriﬁcavit,

392 1638 448 1680 tu
473 1644 738 1682 commune
766 1645 827 1682 ne
850 1628 1061 1682 dixeris.
1089 1627 1200 1681 Hoc
1229 1627 1437 1681 videtur
1463 1627 1676 1696 quidem
1722 1628 1786 1680 ad
1829 1629 1975 1681 illum

389 1719 520 1781 dici,
551 1727 718 1772 totum
749 1733 874 1773 vero
899 1718 1098 1773 Judaeis
1123 1718 1335 1772 dicitur.
1363 1717 1498 1772 Nam
1535 1719 1578 1772 si
1623 1717 1871 1788 Magister
1897 1719 1977 1772 in-

387 1815 658 1876 crepatur,
705 1809 874 1863 multo
915 1811 1082 1880 magis
1115 1808 1190 1864 hi.
1224 1809 1471 1864 Linteum
1501 1825 1632 1879 ergo
1674 1819 1756 1864 est
1801 1820 1972 1878 terra;

388 1901 516 1955 fera:
542 1909 718 1955 autem
746 1901 801 1956 in
827 1902 915 1955 illa
943 1902 1207 1970 gentiles;
1234 1901 1361 1955 illud
1386 1917 1532 1965 vero,
1564 1900 1749 1955 Occide
1769 1910 1814 1955 et
1831 1919 1976 1955 man-

388 1991 541 2052 duca.
569 1991 832 2061 signiﬁcat
879 1993 997 2049 illos
1023 1993 1279 2047 accedere
1305 1992 1501 2046 debere
1527 2009 1540 2057 ;
1571 1992 1712 2062 quod
1739 2008 1864 2047 vero
1895 2002 1975 2047 ter

387 2085 500 2145 tiat,
529 2083 580 2137 id
607 2084 924 2152 baptismum
953 2085 1234 2154 signiﬁcat.
1261 2083 1420 2148 Absit,
1442 2083 1678 2148 Domine,
1699 2101 1973 2155 numquam

385 2174 688 2227 mamlucavi
717 2191 983 2228 commune
1009 2185 1097 2229 aut
1127 2175 1465 2229 immundum.
1501 2176 1566 2231 Et
1593 2191 1708 2241 cur,
1742 2177 1970 2247 inquies,

383 2266 750 2319 contradixit?
777 2266 856 2320 Ne
885 2267 1004 2336 quis
1033 2266 1258 2333 diceret,
1289 2267 1455 2320 Deum
1483 2267 1770 2321 tentavisse
1799 2267 1970 2333 illum,

382 2359 524 2412 sicut
555 2359 937 2421 Abrahamum,
970 2352 1092 2414 cum
1117 2358 1302 2428 jussus
1326 2367 1408 2414 est
1437 2359 1603 2413 ﬁlium
1636 2359 1863 2414 hostiam
1895 2361 1972 2414 of—

383 2452 566 2516 ferre;
595 2453 733 2506 sicut
763 2462 819 2507 et
862 2453 1187 2524 Philippum,
1216 2453 1427 2522 quando
1458 2455 1659 2522 rogavit
1705 2453 1968 2521 Christus,

384 2545 522 2606 Quot
551 2560 706 2613 panes
727 2544 918 2598 habetis
936 2545 962 2597 ?
992 2545 1358 2614 interrogavit,
1385 2560 1489 2598 non
1521 2553 1578 2598 ut
1601 2545 1850 2610 disceret,
1875 2545 1969 2599 sed

380 2641 596 2687 tentans
634 2635 800 2688 illum.
830 2635 990 2704 Atqui
1023 2635 1073 2688 in
1105 2635 1223 2703 lege
1251 2635 1320 2690 de
1361 2635 1572 2691 mundis
1591 2645 1644 2692 et
1681 2638 1968 2693 immundis

378 2723 636 2778 distincte
668 2734 998 2794 pr:eceperat
1042 2725 1269 2796 Moyses,
1319 2735 1425 2780 tam
1457 2728 1506 2780 in
1538 2737 1703 2792 terra,
1730 2743 1886 2796 quam
1916 2729 1966 2782 in

378 2816 515 2868 mari
544 2833 556 2869 :
584 2826 814 2870 attamen
837 2832 1010 2885 neque
1035 2818 1112 2871 sic
1137 2817 1356 2872 sciebat.
1383 2819 1473 2872 l7.
1497 2816 1620 2871 Cum
1643 2831 1808 2872 autem
1831 2821 1970 2888 apud

376 2922 434 2958 se
461 2906 708 2960 dubitaret
753 2906 938 2961 Petrus
965 2922 986 2962 :
1014 2924 1126 2978 qute
1151 2917 1277 2962 esset
1304 2909 1459 2984 visio,
1479 2926 1628 2976 quam
1667 2910 1859 2964 viderat
1879 2929 1899 2965 .'
1922 2921 1969 2965 et

375 3012 496 3049 ecce
522 2997 635 3059 viri,
665 2998 750 3066 qui
774 2998 911 3051 missi
937 3009 1079 3051 erant
1100 3015 1132 3050 a
1159 2997 1411 3062 Cornelio,
1437 2999 1738 3068 inquirentes
1764 3001 1968 3055 domum

375 3087 636 3152 Simonis,
665 3088 962 3142 adstiterant
990 3089 1058 3142 ad
1072 3089 1312 3158 januam.
1343 3090 1426 3145 18.
1455 3089 1519 3142 Et
1545 3107 1662 3143 cum
1687 3103 1963 3159 uocassent,

373 3181 759 3250 interrogabant
787 3183 830 3234 si
861 3182 1061 3247 Simon,
1094 3183 1182 3251 qui
1210 3183 1596 3253 cognominatur
1624 3182 1830 3250 Petrus,
1860 3185 1966 3237 illic

371 3271 581 3325 haberet
625 3271 918 3341 hospitium.
947 3271 1170 3327 Mirante
1201 3273 1253 3327 in
1283 3274 1571 3342 semetipso
1596 3284 1650 3329 et
1688 3275 1964 3331 dubitante

371 3362 558 3428 Petro,
589 3363 810 3416 veniunt
837 3373 1137 3433 opportune
1169 3363 1288 3430 viri,
1320 3364 1406 3433 qui
1449 3365 1830 3420 dubitationem
1857 3366 1966 3420 sol-

371 3460 505 3505 vant
535 3469 549 3504 :
580 3453 842 3522 siquidem
888 3463 942 3508 et
983 3452 1272 3522 Josephum
1321 3455 1562 3510 dubitare
1611 3457 1870 3524 permisit,
1910 3467 1965 3512 et

293 3561 306 3570 ι
372 3551 504 3597 tunc
529 3542 903 3614 archangelum
944 3545 1090 3599 misit
1120 3543 1332 3607 (Matth.
1359 3545 1414 3598 2.
1461 3545 1570 3618 l3).
1605 3545 1784 3602 Facile
1814 3564 1963 3602 nam-

371 3649 483 3701 que
525 3635 699 3686 anima
741 3635 1059 3688 solutionem
1091 3633 1304 3703 accipit,
1335 3651 1454 3704 qua:
1501 3636 1646 3704 prius
1678 3636 1956 3692 dubitavit.

371 3724 491 3778 Non
522 3725 610 3778 diu
641 3740 790 3795 ergo,
823 3742 993 3794 neque
1019 3735 1174 3780 antea
1210 3727 1490 3792 dubitavit,
1531 3729 1624 3783 sed
1651 3729 1789 3785 circa
1824 3740 1959 3785 tem-

371 3833 475 3885 pus
502 3815 728 3885 prandii.
762 3816 848 3873 i9.
887 3814 1038 3869 Petro
1059 3826 1226 3869 autem
1252 3817 1504 3887 cogitante
1525 3819 1587 3870 de
1607 3819 1812 3878 visione.
1833 3820 1961 3874 dixit

371 3908 603 3976 Spiritus
638 3908 684 3960 ei
712 3923 731 3960 :
760 3906 889 3960 Ecce
930 3907 1024 3960 viri
1065 3917 1293 3976 quaerunt
1328 3917 1392 3960 te.
1441 3907 1532 3963 20.
1572 3907 1739 3980 Surge
1771 3913 1956 3980 itaque,

370 3997 638 4064 descende,
669 4006 715 4050 et
741 3997 865 4050 vade
898 4013 1012 4050 cum
1040 3999 1110 4051 eis
1137 3997 1263 4051 nihil
1289 3997 1543 4064 dubitans,
1575 4000 1693 4066 quia
1721 4017 1810 4071 ego
1845 4002 1960 4055 misi

369 4106 471 4144 eos.
512 4091 633 4143 llaec
662 4090 785 4144 item
818 4091 916 4143 alia
967 4099 1050 4144 est
1092 4089 1331 4144 defensio
1363 4090 1502 4145 Petri
1531 4090 1597 4144 ad
1627 4091 1954 4161 discipulos;

369 4190 426 4233 ut
453 4179 666 4236 discant
687 4189 742 4234 et
765 4180 1060 4235 dubitatum
1098 4181 1281 4248 fuisse,
1312 4192 1368 4237 et
1399 4183 1567 4250 ipsum
1596 4183 1852 4238 didicisse
1880 4185 1960 4238 ni-

368 4270 440 4325 hil
471 4286 595 4327 esse
623 4272 991 4328 dubitandum.
1023 4271 1155 4338 Quia
1175 4290 1287 4342 ego,
1319 4272 1505 4340 inquit,
1529 4273 1642 4326 misi
1662 4275 1796 4327 illos.
1824 4274 1958 4330 Vide

367 4374 566 4431 quanta
590 4363 659 4417 sit
694 4362 923 4432 Spiritus
953 4372 1207 4432 potestas.
1243 4363 1392 4430 Quod
1420 4373 1596 4418 autem
1639 4365 1762 4419 facit
1794 4366 1956 4434 Deus,

371 4452 500 4506 illud
541 4451 735 4507 dicitur
763 4453 991 4522 Spiritus
1029 4451 1222 4506 facere.
1259 4454 1490 4520 Angelus
1520 4471 1646 4509 vero
1693 4472 1799 4508 non
1843 4457 1956 4522 ita;

368 4543 460 4595 sed
491 4558 611 4597 cum
654 4545 799 4612 prius
837 4545 1080 4610 dixisset,
1117 4543 1382 4598 Orationes
1420 4554 1518 4598 tua:
1546 4555 1590 4598 et
1631 4548 1958 4618 eleemosgnte

370 4645 488 4700 tute,
547 4645 673 4690 tunc
719 4636 813 4697 ait,
867 4635 1030 4699 Mitte,
1082 4643 1138 4688 ut
1185 4635 1432 4689 ostendat
1486 4636 1678 4691 isthioc
1734 4639 1953 4693 missum

369 4722 532 4776 fuisse
565 4741 578 4776 :
607 4724 835 4793 Spiritus
886 4739 1030 4791 vero,
1074 4724 1194 4794 quia
1246 4724 1503 4778 Dominus
1545 4737 1646 4788 est,
1694 4727 1806 4798 Ego.
1840 4729 1955 4784 illos

369 4813 502 4866 misi.
550 4814 640 4867 Ἦ.
692 4813 1010 4870 Descendens
1046 4825 1215 4868 autem
1257 4814 1444 4869 Petrus
1486 4815 1553 4868 ad
1595 4818 1744 4883 viros,
1786 4820 1954 4874 dixit:

371 4902 504 4960 Ecce
531 4923 622 4978 ego
647 4925 781 4971 sum,
813 4925 956 4975 quem
986 4910 1241 4974 quaeritis;
1269 4924 1384 4980 gnte
1423 4926 1579 4962 causa
1623 4921 1715 4977 est,
1748 4922 1955 4981 prapter

370 5014 520 5064 quam
546 5000 790 5053 venistis?
833 4999 922 5052 22.
959 5002 1055 5065 Qui
1086 5003 1319 5055 dixerunt
1350 5017 1368 5054 :
1399 5001 1663 5057 Cornelius
1704 5007 1950 5072 centurio,

371 5090 444 5141 vir
457 5090 632 5158 justus
676 5102 723 5144 et
768 5092 946 5144 titnens
991 5090 1171 5157 Deum,
1211 5104 1257 5146 et
1300 5095 1634 5148 testimonium
1662 5097 1850 5151 habens
1891 5100 1952 5151 ab

371 5182 602 5235 universa
630 5194 775 5252 gente
797 5181 1114 5247 Judworum,
1144 5200 1437 5253 responsum
1468 5187 1657 5255 accepit
1687 5188 1748 5240 ab
1773 5191 1952 5258 angelo

371 5284 542 5325 sancto
570 5290 823 5328 accersere
842 5283 890 5326 te
920 5274 971 5326 in
995 5275 1198 5326 domum
1225 5291 1386 5337 suam,
1419 5285 1464 5328 et
1489 5277 1667 5332 audire
1693 5281 1836 5332 verba
1864 5281 1952 5334 abs

373 5371 435 5417 te.
476 5363 684 5419 Laudes
710 5365 1006 5434 proferunt,
1039 5374 1094 5418 ut
1138 5365 1394 5419 suadeant
1420 5367 1560 5436 quod
1605 5370 1826 5438 angelus
1855 5386 1951 5440 ap-

373 5457 607 5522 paruerit
626 5458 697 5512 ei.
729 5459 818 5512 25.
851 5456 1189 5510 Introducens
1215 5473 1332 5527 ergo
1358 5475 1458 5523 eos,
1489 5461 1672 5528 recepit
1712 5460 1946 5530 hospitio.

377 5543 578 5610 Viden’,
610 5547 746 5602 unde
775 5547 864 5601 fiat
895 5547 1100 5602 initium
1126 5546 1406 5617 gentium?
1433 5548 1474 5600 A
1509 5549 1622 5602 viro
1654 5550 1742 5618 pio
1771 5553 1856 5620 qui
1887 5553 1951 5608 ab

373 5635 619 5702 operibus
662 5637 853 5708 dignus
883 5639 1024 5692 visus
1050 5647 1151 5692 est.
1198 5637 1330 5691 Nam
1378 5639 1422 5692 si
1467 5639 1549 5693 vel
1593 5655 1650 5695 re
1692 5641 1760 5694 ita
1800 5654 1948 5710 gesta

370 5725 706 5786 olienduntur
729 5731 895 5788 Juda'i
925 5749 938 5786 :
974 5733 1017 5787 si
1047 5747 1132 5789 res
1165 5747 1266 5786 non
1313 5732 1518 5799 luisset,
1564 5733 1690 5802 quid
1735 5749 1836 5788 non
1867 5736 1945 5791 di-

2093 619 2236 687 ipsos
2266 622 2568 687 introducit,
2595 634 2652 680 et
2672 626 2894 681 ﬁdenter
2916 643 3038 684 cum
3065 629 3172 685 illis
3193 633 3415 690 victitat.
3440 637 3681 708 Sequenti

2090 719 2258 763 autem
2282 713 2362 764 die
2394 712 2576 767 Petrus
2603 733 2812 786 surgens
2840 719 3093 789 profectus
3114 731 3184 776 est
3214 741 3326 778 cum
3355 727 3474 790 illis,
3506 740 3549 782 et
3569 731 3680 800 qui-

2090 801 2210 854 dam
2235 820 2299 858 ea:
2325 805 2566 872 fratribus
2587 808 2648 860 ab
2670 809 2840 878 JOppe
2859 813 3084 865 comitati
3104 827 3221 868 sunt
3244 834 3375 870 eum.
3394 820 3483 874 24.
3503 821 3678 876 Altera

2089 903 2255 947 autem
2290 895 2372 948 die
2412 897 2711 954 introierunt
2746 899 3048 956 Cwsaream.
3085 905 3309 976 Insignis
3339 911 3418 963 vir
3455 922 3591 976 erat,
3623 925 3679 968 ιιι

2092 985 2146 1040 in
2166 987 2361 1057 insigni
2378 989 2508 1045 urbe
2529 1006 2763 1046 versans.
2791 993 2966 1061 Quare
2992 995 3041 1050 in
3069 995 3161 1052 illo
3182 999 3358 1053 omnia
3385 1002 3542 1056 simul
3569 1006 3678 1058 dis-

2092 1092 2402 1151 pensantur,
2455 1092 2614 1154 atque
2654 1102 2684 1140 a
2728 1085 2909 1140 Judaea
2959 1103 3043 1143 res
3086 1091 3304 1160 incipit;
3348 1094 3492 1148 velut
3534 1099 3691 1166 quod;

2090 1186 2195 1224 non
2225 1171 2534 1238 dormienti,
2564 1174 2656 1229 sed
2689 1176 2945 1246 vigilanti,
2972 1189 3130 1248 atque
3152 1182 3292 1250 quod
3337 1184 3564 1240 interdiu
3592 1204 3676 1241 res

2087 1263 2328 1328 accidat;
2357 1267 2498 1321 circa
2533 1282 2726 1320 nonam
2759 1269 2900 1323 enim
2940 1271 3122 1324 horam
3157 1292 3167 1324 :
3201 1273 3269 1326 ita
3304 1275 3414 1328 sibi
3459 1277 3556 1343 ipsi
3592 1289 3676 1332 at-

2089 1355 2356 1410 tendebat.
2402 1357 2513 1412 Sed
2531 1361 2772 1426 superius
2800 1360 2936 1414 dicta
2970 1371 3292 1432 repetamus.
3329 1366 3393 1420 Et
3420 1369 3546 1422 dixit
3577 1384 3676 1424 an-

2085 1446 2227 1515 gelus
2259 1463 2277 1500 :
2310 1446 2588 1503 Orationes
2601 1459 2702 1502 tua:
2721 1461 2765 1503 et
2787 1457 3115 1523 eteemosyuaz
3143 1467 3241 1508 tute
3268 1464 3600 1514 ascenderunt
3622 1465 3674 1516 in

2087 1541 2378 1593 memoriam
2408 1541 2459 1594 in
2484 1553 2761 1611 conspectu
2783 1543 2894 1598 Dei.
2937 1545 3068 1601 llinc
3101 1547 3268 1616 palam
3300 1555 3673 1623 est,angelnm

2085 1630 2278 1684 emissa
2317 1646 2446 1686 voce
2473 1633 2620 1687 illum
2649 1636 3037 1704 appellavisse,
3057 1646 3216 1709 atque
3245 1641 3314 1695 ita
3345 1643 3474 1698 vidit
3503 1647 3679 1701 illum.

2084 1722 2236 1788 Quod
2265 1724 2309 1778 si
2339 1740 2443 1778 non
2474 1735 2736 1792 vocassot,
2769 1744 2871 1781 non
2901 1731 3080 1798 utique
3099 1731 3318 1788 vidisset
3348 1753 3360 1787 :
3394 1738 3463 1791 ita
3497 1739 3642 1793 inten
3663 1773 3674 1782 -

2085 1821 2167 1866 tus
2190 1824 2300 1868 erat
2346 1817 2445 1880 rei,
2492 1830 2649 1884 quam
2678 1817 2888 1887 agebat.
2936 1817 3003 1872 Et
3043 1824 3236 1875 accersi
3278 1824 3553 1892 Simonem,
3587 1831 3680 1900 qui

2081 1910 2465 1979 cognominatur
2513 1908 2716 1964 Petrus.
2772 1910 2986 1966 Interim
3032 1915 3172 1984 quod
3217 1916 3282 1971 ad
3331 1919 3475 1973 utilia
3523 1921 3669 1976 illum

2079 2011 2365 2056 Vocaturus
2398 2002 2485 2065 sit,
2514 2001 2790 2068 declarat;
2819 2004 2883 2059 ad
2912 2020 3032 2074 qua:
3062 2021 3190 2060 vero
3211 2009 3380 2075 utilia,
3413 2013 3668 2066 nondum.

2078 2093 2165 2148 Sic
2204 2109 2377 2162 neque
2418 2093 2608 2149 Petrus
2655 2104 2821 2150 totum
2870 2097 3140 2164 declarat;
3174 2100 3267 2154 sed
3313 2103 3507 2171 ubique
3549 2115 3673 2159 sunt

2078 2186 2300 2240 succisa:
2322 2188 2675 2248 narrationes.
2705 2197 2760 2241 ut
2780 2189 3057 2244 audientes
3077 2192 3331 2246 excitent.
3356 2194 3442 2247 Sic
3469 2204 3522 2248 et
3548 2196 3671 2248 Phi--

2079 2277 2278 2346 lippum
2309 2279 2479 2332 solum
2515 2289 2670 2333 vocat
2708 2281 2758 2334 in
2804 2281 3170 2336 solitudinem.
3217 2283 3452 2337 Ascendit
3499 2295 3669 2339 autem

2078 2366 2260 2420 Petrus
2285 2367 2353 2420 ad
2374 2370 2656 2438 superiora,
2684 2380 2738 2423 ut
2765 2381 2930 2425 oraret
2967 2373 3101 2426 circa
3127 2374 3306 2427 horam
3349 2387 3561 2430 sextarii.
3599 2376 3668 2430 Et

2075 2459 2254 2511 cecidit
2287 2475 2435 2528 super
2465 2477 2577 2513 eum
2621 2463 2799 2515 mentis
2829 2479 3079 2528 excessus,
3131 2473 3177 2517 et
3220 2464 3346 2518 vidit
3391 2481 3477 2519 vas
3507 2469 3670 2532 quod-

2077 2549 2194 2601 dam
2225 2549 2356 2602 velut
2387 2550 2619 2604 linteum.
2653 2551 2947 2621 Perpende,
2980 2555 3248 2623 quomodo
3293 2573 3464 2627 neque
3501 2559 3668 2617 fames

2073 2642 2248 2709 coegit
2280 2656 2401 2694 eum
2429 2657 2644 2696 currere
2670 2643 2735 2696 ad
2766 2645 3064 2699 sindoncm.
3093 2647 3172 2702 Ne
3202 2665 3329 2701 vero
3355 2651 3522 2720 magis
3555 2651 3666 2706 bac-

2073 2733 2262 2787 sitaret
2279 2733 2488 2797 Petrus,
2507 2733 2654 2788 audit
2676 2751 2859 2789 vocem
2882 2737 3143 2792 dicentem
3169 2755 3182 2792 :
3210 2739 3461 2810 Surgens,
3495 2741 3661 2807 Petre,

2074 2831 2239 2874 niacta
2265 2832 2310 2875 et
2337 2823 2608 2876 manduca.
2656 2823 2818 2878 Forte
2853 2825 2904 2878 in
2935 2841 3106 2894 genua
3148 2831 3506 2897 procumbens
3535 2832 3666 2886 vidit

2074 2913 2332 2968 visionem
2364 2933 2377 2969 :
2412 2914 2622 2969 videtur
2652 2916 2779 2970 mihi
2810 2927 3028 2988 propter
3054 2918 3488 2987 praedicationem
3521 2922 3662 2977 illam

2074 3005 2290 3061 vidisse.
2330 3007 2482 3073 Quod
2527 3023 2656 3063 vero
2696 3009 2932 3064 divinum
2973 3020 3121 3066 esset
3154 3012 3228 3077 id,
3258 3013 3399 3084 quod
3429 3014 3663 3079 videbat,

2073 3095 2196 3151 hinc
2222 3097 2560 3154 manifestum
2586 3109 2687 3166 est,
2714 3101 2852 3170 quod
2881 3102 3006 3157 illud
3029 3119 3258 3173 superne
3284 3104 3659 3169 descenderet,

2072 3198 2182 3245 tum
2211 3191 2391 3253 etiam,
2422 3192 2563 3262 quod
2595 3193 2707 3260 ipse
2736 3194 2785 3247 in
2811 3210 3033 3250 excessu
3067 3198 3259 3252 mentis
3281 3207 3426 3253 esset
3455 3218 3468 3252 :
3501 3205 3660 3254 item.-

2068 3297 2173 3350 que
2216 3283 2358 3352 quod
2396 3300 2497 3339 vox
2545 3284 2668 3338 inde
2713 3285 2960 3354 ferretur,
3004 3289 3145 3358 quod
3190 3289 3318 3344 illud
3367 3299 3448 3345 ter
3488 3292 3658 3355 ﬁeret;

2068 3375 2210 3444 quod
2241 3377 2429 3430 cadum
2463 3382 2784 3446 aperiretur,
2825 3380 2964 3448 quod
3007 3381 3135 3436 illud
3176 3381 3299 3437 inde
3343 3384 3566 3444 veniret,
3608 3394 3662 3440 et

2069 3470 2192 3524 illuc
2243 3471 2589 3540 arriperetur,
2627 3487 2875 3542 magnum
2915 3483 3031 3529 erat
3070 3473 3326 3530 indicium
3375 3492 3489 3531 rem
3537 3491 3658 3532 esse

2069 3575 2287 3629 prorsus
2314 3561 2568 3615 divinam.

2139 3653 2191 3706 5.
2232 3653 2342 3706 Cur
2372 3669 2499 3708 vero
2527 3655 2604 3709 sic
2634 3670 2721 3712 res
2763 3656 2979 3726 agitur?
3031 3657 3254 3728 Propter
3297 3673 3412 3721 eos.
3465 3661 3658 3728 quibus

2068 3753 2250 3812 postea
2284 3745 2408 3799 illud
2438 3757 2748 3802 narraturus
2769 3759 2884 3803 erat
2914 3769 2927 3805 :
2960 3767 3080 3805 nam
3106 3753 3220 3822 ipse
3246 3753 3353 3821 jam
3382 3754 3656 3810 audierat:

2068 3833 2134 3888 In
2164 3835 2294 3888 viam
2319 3837 2540 3906 gentium
2571 3855 2632 3892 ne
2662 3840 2885 3894 abieritis
2916 3841 3129 3912 (Matth.
3158 3844 3241 3899 10.
3267 3845 3343 3915 5).
3378 3846 3440 3898 Et
3469 3860 3535 3899 ne
3561 3845 3662 3898 mi-

2068 3925 2220 3980 reris.
2251 3924 2306 3981 Si
2336 3929 2476 3981 enim
2519 3930 2927 3987 circumcisione
2961 3942 3017 3989 et
3045 3934 3255 3991 victima
3300 3952 3432 4004 opus
3478 3935 3656 3990 habtnt

2067 4015 2259 4072 Paulus
2285 4034 2299 4082 ;
2338 4021 2504 4073 umlto
2545 4023 2714 4092 magis
2749 4033 2876 4079 tunc
2905 4026 3053 4080 initio
3081 4029 3495 4096 prmdicationis,
3524 4046 3644 4084 cum

2065 4115 2246 4162 essent
2271 4108 2447 4164 adlmc
2475 4111 2819 4179 inﬁrmiores,
2846 4115 2927 4170 his
2957 4132 3092 4184 opus
3121 4119 3404 4172 habebant.
3437 4119 3497 4171 Et
3522 4137 3654 4184 ecce,

2067 4196 2258 4266 inquit,
2287 4201 2382 4253 t'iri
2406 4203 2547 4256 missi
2575 4221 2605 4256 a
2631 4204 2864 4259 Cornelio
2892 4208 3194 4261 adstiterant
3222 4211 3293 4263 ad
3311 4212 3526 4278 januam
3561 4227 3580 4264 :
3611 4221 3654 4265 et

2066 4303 2180 4338 cum
2205 4302 2484 4351 vocassent,
2515 4293 2892 4362 interrogabant
2919 4297 2960 4348 si
2991 4297 3192 4362 Simon,
3217 4300 3301 4367 qui
3329 4303 3655 4369 cognomina-

2066 4387 2150 4431 tur
2178 4377 2380 4442 Petrus,
2412 4382 2520 4434 illic
2547 4384 2750 4438 haberet
2779 4387 3072 4456 hospitium.
3102 4387 3181 4442 Eo
3205 4390 3345 4458 quod
3374 4392 3492 4445 vilis
3513 4403 3656 4448 esset

2064 4468 2285 4534 domus,
2339 4471 2498 4538 infra,
2551 4490 2654 4528 non
2699 4484 2875 4531 autem
2933 4478 3171 4540 vicinos,
3230 4483 3650 4552 interrogabant.

2067 4561 2221 4616 Petro
2250 4574 2415 4617 autem
2459 4565 2565 4619 Ittec
2609 4583 2777 4620 secum
2813 4569 3080 4639 cogitante,
3111 4570 3238 4625 dixit
3268 4572 3345 4626 illi
3374 4572 3598 4641 Spiritus
3629 4591 3649 4628 :

2067 4651 2292 4723 Sui-gens
2321 4652 2584 4717 descende,
2617 4665 2662 4709 et
2690 4657 2815 4710 vade
2843 4658 2972 4712 nihil
2994 4659 3254 4726 ltwsitans,
3283 4663 3401 4730 quia
3427 4680 3517 4733 ego
3539 4663 3651 4716 misi

2062 4762 2164 4798 eos.
2199 4744 2357 4810 Vide;
2393 4762 2495 4799 non
2524 4747 2701 4803 dixit:
2728 4749 2856 4804 Ideo
2893 4751 3033 4804 enim
3069 4753 3202 4806 visio
3230 4756 3475 4823 apparuit
3514 4753 3647 4816 tibi;

2061 4835 2176 4899 sed,
2200 4833 2311 4905 Ego
2329 4836 2442 4890 illos
2461 4839 2594 4904 misi,
2613 4841 2904 4896 ostendens
2921 4842 2997 4896 sic
3013 4843 3486 4914 obtemperandum
3506 4863 3650 4911 esse,

2062 4941 2163 4980 nec
2189 4928 2422 4982 rationes
2459 4945 2576 4983 esse
2604 4931 2910 5000 exigendas.
2939 4933 3080 4989 Satis
3111 4937 3252 4990 enim
3281 4946 3416 5003 erat,
3445 4947 3502 4991 ut
3527 4954 3645 4992 cer-

2061 5020 2166 5072 tior
2195 5020 2364 5085 ﬁeret,
2393 5022 2531 5090 quod
2560 5023 2628 5076 ab
2668 5024 2757 5077 illo
2796 5025 3106 5090 audivisset,
3139 5028 3250 5082 lloc
3287 5027 3390 5093 fac,
3427 5029 3526 5083 hoc
3571 5031 3646 5083 lo-

2061 5126 2262 5178 quere;
2294 5128 2392 5166 nec
2433 5113 2560 5182 quid
2608 5115 2740 5167 ultra
2768 5119 3114 5186 quaerendum
3149 5129 3283 5175 erat.
3327 5121 3645 5176 Descendens

2060 5212 2226 5254 autem
2254 5200 2438 5255 Petrus
2464 5205 2593 5257 dixit
2625 5221 2642 5258 :
2668 5205 2796 5260 Ecce
2822 5225 2910 5278 ego
2933 5227 3068 5273 sum,
3093 5228 3239 5280 quem
3269 5214 3512 5280 quaeritis.
3541 5215 3646 5269 Cul‘

2062 5305 2167 5344 non
2191 5292 2367 5346 statim
2397 5293 2515 5346 illos
2536 5296 2743 5365 recipit,
2767 5299 2861 5352 sed
2880 5301 3110 5368 quarrit?
3135 5301 3355 5355 Videbat
3388 5303 3504 5356 illos
3525 5321 3644 5360 esse

2063 5380 2258 5434 milites
2293 5397 2307 5435 :
2339 5382 2456 5437 ideo
2503 5399 2608 5439 non
2643 5387 2956 5455 simpliciter
3001 5391 3326 5461 interrogat;
3373 5393 3465 5447 sed
3499 5407 3643 5462 post-

2061 5485 2218 5538 quam
2245 5469 2415 5526 fassus
2444 5482 2547 5538 est,
2577 5489 2634 5528 se
2666 5476 2835 5545 ipsum
2863 5494 3005 5545 esse,
3031 5492 3155 5535 tunc
3175 5481 3644 5549 quaeritadvcntns

2059 5575 2294 5626 causam,
2327 5572 2382 5616 ut
2410 5579 2475 5618 ne
2505 5573 2798 5634 putaretur,
2821 5584 2878 5621 se
2909 5567 3029 5622 ideo
3056 5570 3334 5638 sciscitari,
3360 5577 3509 5644 quasi
3536 5579 3641 5631 vel-

2061 5649 2132 5703 let
2161 5666 2283 5706 sese
2311 5655 2600 5708 occultare.
2643 5655 2707 5710 Et
2735 5657 3054 5725 sciscitatur,
3087 5670 3144 5715 ut
3184 5662 3226 5716 si
3262 5669 3439 5720 statim
3483 5683 3641 5739 urge-

2063 5749 2226 5801 retur.
2256 5757 2377 5798 cum
2405 5743 2509 5799 illis
2538 5744 2675 5813 iret;
2702 5746 2784 5801 sin
2809 5746 3003 5818 minus,
3039 5750 3156 5808 illos
3180 5751 3409 5826 hospitio
3432 5758 3643 5827 excipe-
