  <div class='ocr_page' id='page_1' title='image "/cluster/home/n/w/nwhite01/storage/ocr_20150623/60/mdp.39015028539453/179.png"; bbox 0 0 4084 6174; ppageno 0'>
   <div class='ocr_carea' id='block_1_1' title="bbox 365 330 467 385">
    <p class='ocr_par' dir='ltr' id='par_1_1' title="bbox 365 330 467 385">
     <span class='ocr_line' id='line_1_1' title="bbox 365 330 467 385; baseline 0.01 -2"><span class='ocrx_word' id='word_1_1' title='bbox 365 330 467 385; x_wconf 68' lang='grc'><strong>175</strong></span> 
     </span>
    </p>
   </div>
   <div class='ocr_carea' id='block_1_2' title="bbox 362 432 1950 501">
    <p class='ocr_par' dir='ltr' id='par_1_2' title="bbox 362 432 1950 501">
     <span class='ocr_line' id='line_1_2' title="bbox 362 432 1950 501; baseline -0.011 0"><span class='ocrx_word' id='word_1_2' title='bbox 362 454 463 501; x_wconf 86' lang='lat' dir='ltr'><strong>ret.</strong></span> <span class='ocrx_word' id='word_1_3' title='bbox 522 442 628 496; x_wconf 87' lang='lat' dir='ltr'><strong>Cur</strong></span> <span class='ocrx_word' id='word_1_4' title='bbox 669 450 846 494; x_wconf 82' lang='lat' dir='ltr'><strong>autent</strong></span> <span class='ocrx_word' id='word_1_5' title='bbox 897 440 1079 494; x_wconf 91' lang='lat' dir='ltr'><strong>dicunt</strong></span> <span class='ocrx_word' id='word_1_6' title='bbox 1124 437 1194 491; x_wconf 88' lang='lat' dir='ltr'><strong>illi</strong></span> <span class='ocrx_word' id='word_1_7' title='bbox 1234 454 1247 490; x_wconf 90' lang='lat'><strong>:</strong></span> <span class='ocrx_word' id='word_1_8' title='bbox 1289 437 1510 491; x_wconf 79' lang='lat' dir='ltr'><strong>Accersit</strong></span> <span class='ocrx_word' id='word_1_9' title='bbox 1559 445 1605 489; x_wconf 82' lang='lat' dir='ltr'><strong>te</strong></span> <span class='ocrx_word' id='word_1_10' title='bbox 1645 436 1698 488; x_wconf 82' lang='lat' dir='ltr'><strong>in</strong></span> <span class='ocrx_word' id='word_1_11' title='bbox 1745 432 1950 487; x_wconf 84' lang='lat' dir='ltr'><strong>domum</strong></span> 
     </span>
    </p>
   </div>
   <div class='ocr_carea' id='block_1_3' title="bbox 359 523 1948 601">
    <p class='ocr_par' dir='ltr' id='par_1_3' title="bbox 359 523 1948 601">
     <span class='ocr_line' id='line_1_3' title="bbox 359 523 1948 601; baseline -0.009 -10"><span class='ocrx_word' id='word_1_12' title='bbox 359 534 548 592; x_wconf 72' lang='lat' dir='ltr'><strong>suam?</strong></span> <span class='ocrx_word' id='word_1_13' title='bbox 577 533 707 601; x_wconf 84' lang='lat' dir='ltr'><strong>Quia</strong></span> <span class='ocrx_word' id='word_1_14' title='bbox 736 532 812 585; x_wconf 86' lang='lat' dir='ltr'><strong>sic</strong></span> <span class='ocrx_word' id='word_1_15' title='bbox 843 530 944 584; x_wconf 84' lang='lat' dir='ltr'><strong>illis</strong></span> <span class='ocrx_word' id='word_1_16' title='bbox 974 537 1319 599; x_wconf 48' lang='lat' dir='ltr'><strong>princeps-rat.</strong></span> <span class='ocrx_word' id='word_1_17' title='bbox 1351 527 1598 581; x_wconf 86' lang='lat' dir='ltr'><strong>Fortasse</strong></span> <span class='ocrx_word' id='word_1_18' title='bbox 1627 539 1775 588; x_wconf 84' lang='lat' dir='ltr'><strong>vero,</strong></span> <span class='ocrx_word' id='word_1_19' title='bbox 1801 523 1948 589; x_wconf 86' lang='lat' dir='ltr'><strong>quasi</strong></span> 
     </span>
    </p>
   </div>
   <div class='ocr_carea' id='block_1_4' title="bbox 361 617 1948 695">
    <p class='ocr_par' dir='ltr' id='par_1_4' title="bbox 361 617 1948 695">
     <span class='ocr_line' id='line_1_4' title="bbox 361 617 1948 695; baseline -0.009 -13"><span class='ocrx_word' id='word_1_20' title='bbox 361 630 620 682; x_wconf 78' lang='lat' dir='ltr'><strong>rationem</strong></span> <span class='ocrx_word' id='word_1_21' title='bbox 647 640 744 695; x_wconf 88' lang='lat' dir='ltr'><strong>pro</strong></span> <span class='ocrx_word' id='word_1_22' title='bbox 781 624 870 679; x_wconf 88' lang='lat' dir='ltr'><strong>illo</strong></span> <span class='ocrx_word' id='word_1_23' title='bbox 912 622 1120 688; x_wconf 87' lang='lat' dir='ltr'><strong>dantes,</strong></span> <span class='ocrx_word' id='word_1_24' title='bbox 1151 621 1337 675; x_wconf 91' lang='lat' dir='ltr'><strong>dicunt</strong></span> <span class='ocrx_word' id='word_1_25' title='bbox 1367 638 1379 671; x_wconf 86' lang='lat'><strong>:</strong></span> <span class='ocrx_word' id='word_1_26' title='bbox 1408 619 1485 674; x_wconf 86' lang='lat' dir='ltr'><strong>Ne</strong></span> <span class='ocrx_word' id='word_1_27' title='bbox 1511 619 1732 673; x_wconf 88' lang='lat' dir='ltr'><strong>danmes</strong></span> <span class='ocrx_word' id='word_1_28' title='bbox 1763 617 1948 680; x_wconf 91' lang='lat' dir='ltr'><strong>illum;</strong></span> 
     </span>
    </p>
   </div>
   <div class='ocr_carea' id='block_1_5' title="bbox 361 707 1951 789">
    <p class='ocr_par' dir='ltr' id='par_1_5' title="bbox 361 707 1951 789">
     <span class='ocr_line' id='line_1_5' title="bbox 361 707 1951 789; baseline -0.007 -17"><span class='ocrx_word' id='word_1_29' title='bbox 361 734 465 773; x_wconf 92' lang='lat' dir='ltr'><strong>nou</strong></span> <span class='ocrx_word' id='word_1_30' title='bbox 491 718 639 789; x_wconf 83' lang='lat' dir='ltr'><strong>quasi</strong></span> <span class='ocrx_word' id='word_1_31' title='bbox 669 725 722 772; x_wconf 82' lang='lat' dir='ltr'><strong>te</strong></span> <span class='ocrx_word' id='word_1_32' title='bbox 749 724 1096 770; x_wconf 75' lang='lat' dir='ltr'><strong>contemnens</strong></span> <span class='ocrx_word' id='word_1_33' title='bbox 1122 713 1283 776; x_wconf 92' lang='lat' dir='ltr'><strong>misit,</strong></span> <span class='ocrx_word' id='word_1_34' title='bbox 1324 712 1417 765; x_wconf 89' lang='lat' dir='ltr'><strong>sed</strong></span> <span class='ocrx_word' id='word_1_35' title='bbox 1443 709 1645 780; x_wconf 86' lang='lat' dir='ltr'><strong>jussus.</strong></span> <span class='ocrx_word' id='word_1_36' title='bbox 1687 707 1951 762; x_wconf 76' lang='lat' dir='ltr'><strong>Cornelius</strong></span> 
     </span>
    </p>
   </div>
   <div class='ocr_carea' id='block_1_6' title="bbox 358 801 1949 879">
    <p class='ocr_par' dir='ltr' id='par_1_6' title="bbox 358 801 1949 879">
     <span class='ocr_line' id='line_1_6' title="bbox 358 801 1949 879; baseline -0.008 -14"><span class='ocrx_word' id='word_1_37' title='bbox 358 825 475 865; x_wconf 69' lang='lat' dir='ltr'><strong>vero</strong></span> <span class='ocrx_word' id='word_1_38' title='bbox 504 808 822 879; x_wconf 70' lang='lat' dir='ltr'><strong>exspectabat</strong></span> <span class='ocrx_word' id='word_1_39' title='bbox 852 806 989 872; x_wconf 75' lang='lat' dir='ltr'><strong>illos,</strong></span> <span class='ocrx_word' id='word_1_40' title='bbox 1021 804 1305 858; x_wconf 77' lang='lat' dir='ltr'><strong>convocatis</strong></span> <span class='ocrx_word' id='word_1_41' title='bbox 1334 803 1562 872; x_wconf 76' lang='lat' dir='ltr'><strong>cognatis</strong></span> <span class='ocrx_word' id='word_1_42' title='bbox 1596 801 1699 854; x_wconf 81' lang='lat' dir='ltr'><strong>suis</strong></span> <span class='ocrx_word' id='word_1_43' title='bbox 1719 840 1733 863; x_wconf 91' lang='lat'><strong>,</strong></span> <span class='ocrx_word' id='word_1_44' title='bbox 1771 808 1819 852; x_wconf 84' lang='lat' dir='ltr'><strong>et</strong></span> <span class='ocrx_word' id='word_1_45' title='bbox 1859 813 1949 852; x_wconf 83' lang='lat' dir='ltr'><strong>ne-</strong></span> 
     </span>
    </p>
   </div>
   <div class='ocr_carea' id='block_1_7' title="bbox 359 892 1950 967">
    <p class='ocr_par' dir='ltr' id='par_1_7' title="bbox 359 892 1950 967">
     <span class='ocr_line' id='line_1_7' title="bbox 359 892 1950 967; baseline -0.006 -12"><span class='ocrx_word' id='word_1_46' title='bbox 359 901 593 957; x_wconf 70' lang='lat' dir='ltr'><strong>cessariis</strong></span> <span class='ocrx_word' id='word_1_47' title='bbox 613 899 809 953; x_wconf 84' lang='lat' dir='ltr'><strong>amicis.</strong></span> <span class='ocrx_word' id='word_1_48' title='bbox 838 897 969 953; x_wconf 85' lang='lat' dir='ltr'><strong>Jure</strong></span> <span class='ocrx_word' id='word_1_49' title='bbox 1002 913 1016 950; x_wconf 90' lang='lat'><strong>:</strong></span> <span class='ocrx_word' id='word_1_50' title='bbox 1046 911 1219 967; x_wconf 88' lang='lat' dir='ltr'><strong>neque</strong></span> <span class='ocrx_word' id='word_1_51' title='bbox 1243 896 1383 950; x_wconf 89' lang='lat' dir='ltr'><strong>enim</strong></span> <span class='ocrx_word' id='word_1_52' title='bbox 1407 895 1609 963; x_wconf 89' lang='lat' dir='ltr'><strong>justum</strong></span> <span class='ocrx_word' id='word_1_53' title='bbox 1641 892 1830 946; x_wconf 83' lang='lat' dir='ltr'><strong>fuisset</strong></span> <span class='ocrx_word' id='word_1_54' title='bbox 1855 905 1950 945; x_wconf 85' lang='lat' dir='ltr'><strong>co-</strong></span> 
     </span>
    </p>
   </div>
   <div class='ocr_carea' id='block_1_8' title="bbox 358 985 1948 1064">
    <p class='ocr_par' dir='ltr' id='par_1_8' title="bbox 358 985 1948 1064">
     <span class='ocr_line' id='line_1_8' title="bbox 358 985 1948 1064; baseline -0.003 -19"><span class='ocrx_word' id='word_1_55' title='bbox 358 1004 550 1064; x_wconf 77' lang='lat' dir='ltr'><strong>gnatos</strong></span> <span class='ocrx_word' id='word_1_56' title='bbox 591 1001 646 1047; x_wconf 91' lang='lat' dir='ltr'><strong>et</strong></span> <span class='ocrx_word' id='word_1_57' title='bbox 684 992 886 1046; x_wconf 89' lang='lat' dir='ltr'><strong>amicos</strong></span> <span class='ocrx_word' id='word_1_58' title='bbox 912 1006 1018 1046; x_wconf 90' lang='lat' dir='ltr'><strong>non</strong></span> <span class='ocrx_word' id='word_1_59' title='bbox 1059 990 1212 1044; x_wconf 90' lang='lat' dir='ltr'><strong>simul</strong></span> <span class='ocrx_word' id='word_1_60' title='bbox 1252 988 1443 1043; x_wconf 79' lang='lat' dir='ltr'><strong>adduci</strong></span> <span class='ocrx_word' id='word_1_61' title='bbox 1475 1005 1488 1042; x_wconf 91' lang='lat'><strong>:</strong></span> <span class='ocrx_word' id='word_1_62' title='bbox 1520 985 1756 1058; x_wconf 82' lang='lat' dir='ltr'><strong>alioquin</strong></span> <span class='ocrx_word' id='word_1_63' title='bbox 1798 998 1948 1053; x_wconf 87' lang='lat' dir='ltr'><strong>vero,</strong></span> 
     </span>
    </p>
   </div>
   <div class='ocr_carea' id='block_1_9' title="bbox 359 1081 1443 1153">
    <p class='ocr_par' dir='ltr' id='par_1_9' title="bbox 359 1081 1443 1153">
     <span class='ocr_line' id='line_1_9' title="bbox 359 1081 1443 1153; baseline -0.004 -15"><span class='ocrx_word' id='word_1_64' title='bbox 359 1085 468 1139; x_wconf 87' lang='lat' dir='ltr'><strong>illic</strong></span> <span class='ocrx_word' id='word_1_65' title='bbox 502 1093 792 1153; x_wconf 74' lang='lat' dir='ltr'><strong>przesentcs</strong></span> <span class='ocrx_word' id='word_1_66' title='bbox 818 1084 987 1153; x_wconf 88' lang='lat' dir='ltr'><strong>magis</strong></span> <span class='ocrx_word' id='word_1_67' title='bbox 1012 1081 1243 1136; x_wconf 77' lang='lat' dir='ltr'><strong>audituri</strong></span> <span class='ocrx_word' id='word_1_68' title='bbox 1271 1090 1443 1136; x_wconf 90' lang='lat' dir='ltr'><strong>erant.</strong></span> 
     </span>
    </p>
   </div>
   <div class='ocr_carea' id='block_1_10' title="bbox 433 1168 1950 1245">
    <p class='ocr_par' dir='ltr' id='par_1_10' title="bbox 433 1168 1950 1245">
     <span class='ocr_line' id='line_1_10' title="bbox 433 1168 1950 1245; baseline -0.005 -17"><span class='ocrx_word' id='word_1_69' title='bbox 433 1173 786 1245; x_wconf 76' lang='lat' dir='ltr'><strong>Eleemosyna:</strong></span> <span class='ocrx_word' id='word_1_70' title='bbox 826 1174 982 1228; x_wconf 74' lang='lat' dir='ltr'><strong>virtus</strong></span> <span class='ocrx_word' id='word_1_71' title='bbox 1020 1173 1343 1244; x_wconf 79' lang='lat' dir='ltr'><strong>prwdicatur.</strong></span> <span class='ocrx_word' id='word_1_72' title='bbox 1366 1201 1439 1213; x_wconf 91' lang='lat'><strong>——</strong></span> <span class='ocrx_word' id='word_1_73' title='bbox 1462 1168 1710 1235; x_wconf 76' lang='lat' dir='ltr'><strong>Vidistis,</strong></span> <span class='ocrx_word' id='word_1_74' title='bbox 1753 1175 1950 1239; x_wconf 88' lang='lat' dir='ltr'><strong>quanta</strong></span> 
     </span>
    </p>
   </div>
   <div class='ocr_carea' id='block_1_11' title="bbox 358 1260 1949 1338">
    <p class='ocr_par' dir='ltr' id='par_1_11' title="bbox 358 1260 1949 1338">
     <span class='ocr_line' id='line_1_11' title="bbox 358 1260 1949 1338; baseline -0.004 -17"><span class='ocrx_word' id='word_1_75' title='bbox 358 1268 430 1321; x_wconf 87' lang='lat' dir='ltr'><strong>sit</strong></span> <span class='ocrx_word' id='word_1_76' title='bbox 467 1266 823 1338; x_wconf 75' lang='lat' dir='ltr'><strong>elcemosynte</strong></span> <span class='ocrx_word' id='word_1_77' title='bbox 865 1266 1053 1331; x_wconf 79' lang='lat' dir='ltr'><strong>virtus,</strong></span> <span class='ocrx_word' id='word_1_78' title='bbox 1103 1274 1157 1320; x_wconf 90' lang='lat' dir='ltr'><strong>et</strong></span> <span class='ocrx_word' id='word_1_79' title='bbox 1199 1266 1252 1320; x_wconf 91' lang='lat' dir='ltr'><strong>in</strong></span> <span class='ocrx_word' id='word_1_80' title='bbox 1298 1264 1458 1334; x_wconf 78' lang='lat' dir='ltr'><strong>priori</strong></span> <span class='ocrx_word' id='word_1_81' title='bbox 1502 1272 1556 1318; x_wconf 89' lang='lat' dir='ltr'><strong>et</strong></span> <span class='ocrx_word' id='word_1_82' title='bbox 1601 1264 1659 1319; x_wconf 88' lang='lat' dir='ltr'><strong>in</strong></span> <span class='ocrx_word' id='word_1_83' title='bbox 1699 1260 1949 1333; x_wconf 68' lang='lat' dir='ltr'><strong>praesenti</strong></span> 
     </span>
    </p>
   </div>
   <div class='ocr_carea' id='block_1_12' title="bbox 361 1350 1951 1426">
    <p class='ocr_par' dir='ltr' id='par_1_12' title="bbox 361 1350 1951 1426">
     <span class='ocr_line' id='line_1_12' title="bbox 361 1350 1951 1426; baseline -0.003 -17"><span class='ocrx_word' id='word_1_84' title='bbox 361 1357 654 1420; x_wconf 86' lang='lat' dir='ltr'><strong>sermone?</strong></span> <span class='ocrx_word' id='word_1_85' title='bbox 683 1357 775 1412; x_wconf 85' lang='lat' dir='ltr'><strong>Illa</strong></span> <span class='ocrx_word' id='word_1_86' title='bbox 804 1373 833 1410; x_wconf 91' lang='lat' dir='ltr'><strong>a</strong></span> <span class='ocrx_word' id='word_1_87' title='bbox 867 1365 1207 1426; x_wconf 88' lang='lat' dir='ltr'><strong>temporanea</strong></span> <span class='ocrx_word' id='word_1_88' title='bbox 1239 1366 1411 1410; x_wconf 88' lang='lat' dir='ltr'><strong>morte</strong></span> <span class='ocrx_word' id='word_1_89' title='bbox 1443 1354 1706 1419; x_wconf 82' lang='lat' dir='ltr'><strong>liberavit,</strong></span> <span class='ocrx_word' id='word_1_90' title='bbox 1738 1353 1856 1406; x_wconf 63' lang='lat' dir='ltr'><strong>hinc</strong></span> <span class='ocrx_word' id='word_1_91' title='bbox 1882 1350 1951 1406; x_wconf 89' lang='lat' dir='ltr'><strong>ab</strong></span> 
     </span>
    </p>
   </div>
   <div class='ocr_carea' id='block_1_13' title="bbox 361 1442 1950 1517">
    <p class='ocr_par' dir='ltr' id='par_1_13' title="bbox 361 1442 1950 1517">
     <span class='ocr_line' id='line_1_13' title="bbox 361 1442 1950 1517; baseline -0.004 -13"><span class='ocrx_word' id='word_1_92' title='bbox 361 1458 562 1505; x_wconf 72' lang='lat' dir='ltr'><strong>mterna</strong></span> <span class='ocrx_word' id='word_1_93' title='bbox 592 1465 605 1503; x_wconf 91' lang='lat'><strong>:</strong></span> <span class='ocrx_word' id='word_1_94' title='bbox 640 1448 754 1503; x_wconf 74' lang='lat' dir='ltr'><strong>lucc</strong></span> <span class='ocrx_word' id='word_1_95' title='bbox 781 1458 833 1504; x_wconf 90' lang='lat' dir='ltr'><strong>et</strong></span> <span class='ocrx_word' id='word_1_96' title='bbox 855 1448 1048 1517; x_wconf 88' lang='lat' dir='ltr'><strong>januas</strong></span> <span class='ocrx_word' id='word_1_97' title='bbox 1072 1447 1186 1501; x_wconf 69' lang='lat' dir='ltr'><strong>caeli</strong></span> <span class='ocrx_word' id='word_1_98' title='bbox 1212 1446 1440 1516; x_wconf 87' lang='lat' dir='ltr'><strong>aperuit.</strong></span> <span class='ocrx_word' id='word_1_99' title='bbox 1470 1445 1623 1511; x_wconf 82' lang='lat' dir='ltr'><strong>Vide,</strong></span> <span class='ocrx_word' id='word_1_100' title='bbox 1653 1442 1837 1514; x_wconf 85' lang='lat' dir='ltr'><strong>quanti</strong></span> <span class='ocrx_word' id='word_1_101' title='bbox 1871 1442 1950 1497; x_wconf 87' lang='lat' dir='ltr'><strong>fe-</strong></span> 
     </span>
    </p>
   </div>
   <div class='ocr_carea' id='block_1_14' title="bbox 361 1535 1947 1611">
    <p class='ocr_par' dir='ltr' id='par_1_14' title="bbox 361 1535 1947 1611">
     <span class='ocr_line' id='line_1_14' title="bbox 361 1535 1947 1611; baseline -0.007 -15"><span class='ocrx_word' id='word_1_102' title='bbox 361 1543 496 1598; x_wconf 86' lang='lat' dir='ltr'><strong>cerit</strong></span> <span class='ocrx_word' id='word_1_103' title='bbox 522 1541 663 1611; x_wconf 89' lang='lat' dir='ltr'><strong>quod</strong></span> <span class='ocrx_word' id='word_1_104' title='bbox 692 1541 876 1596; x_wconf 85' lang='lat' dir='ltr'><strong>credat</strong></span> <span class='ocrx_word' id='word_1_105' title='bbox 903 1538 1203 1602; x_wconf 88' lang='lat' dir='ltr'><strong>Cornelius,</strong></span> <span class='ocrx_word' id='word_1_106' title='bbox 1244 1549 1302 1593; x_wconf 91' lang='lat' dir='ltr'><strong>ut</strong></span> <span class='ocrx_word' id='word_1_107' title='bbox 1342 1549 1396 1592; x_wconf 90' lang='lat' dir='ltr'><strong>et</strong></span> <span class='ocrx_word' id='word_1_108' title='bbox 1435 1538 1655 1607; x_wconf 80' lang='lat' dir='ltr'><strong>angelus</strong></span> <span class='ocrx_word' id='word_1_109' title='bbox 1688 1535 1947 1598; x_wconf 77' lang='lat' dir='ltr'><strong>mittatur,</strong></span> 
     </span>
    </p>
   </div>
   <div class='ocr_carea' id='block_1_15' title="bbox 361 1624 1951 1703">
    <p class='ocr_par' dir='ltr' id='par_1_15' title="bbox 361 1624 1951 1703">
     <span class='ocr_line' id='line_1_15' title="bbox 361 1624 1951 1703; baseline -0.006 -15"><span class='ocrx_word' id='word_1_110' title='bbox 361 1642 417 1688; x_wconf 88' lang='lat' dir='ltr'><strong>et</strong></span> <span class='ocrx_word' id='word_1_111' title='bbox 453 1633 680 1703; x_wconf 80' lang='lat' dir='ltr'><strong>Spiritus</strong></span> <span class='ocrx_word' id='word_1_112' title='bbox 713 1642 980 1701; x_wconf 86' lang='lat' dir='ltr'><strong>operetur,</strong></span> <span class='ocrx_word' id='word_1_113' title='bbox 1025 1641 1078 1686; x_wconf 91' lang='lat' dir='ltr'><strong>et</strong></span> <span class='ocrx_word' id='word_1_114' title='bbox 1115 1631 1477 1701; x_wconf 88' lang='lat' dir='ltr'><strong>apostolorum</strong></span> <span class='ocrx_word' id='word_1_115' title='bbox 1507 1627 1825 1700; x_wconf 76' lang='lat' dir='ltr'><strong>coryphams</strong></span> <span class='ocrx_word' id='word_1_116' title='bbox 1852 1624 1951 1679; x_wconf 83' lang='lat' dir='ltr'><strong>ad-</strong></span> 
     </span>
    </p>
   </div>
   <div class='ocr_carea' id='block_1_16' title="bbox 362 1719 1949 1795">
    <p class='ocr_par' dir='ltr' id='par_1_16' title="bbox 362 1719 1949 1795">
     <span class='ocr_line' id='line_1_16' title="bbox 362 1719 1949 1795; baseline -0.005 -16"><span class='ocrx_word' id='word_1_117' title='bbox 362 1738 602 1792; x_wconf 88' lang='lat' dir='ltr'><strong>vocetur,</strong></span> <span class='ocrx_word' id='word_1_118' title='bbox 638 1727 860 1795; x_wconf 81' lang='lat' dir='ltr'><strong>talisque</strong></span> <span class='ocrx_word' id='word_1_119' title='bbox 890 1736 1144 1795; x_wconf 82' lang='lat' dir='ltr'><strong>appareat</strong></span> <span class='ocrx_word' id='word_1_120' title='bbox 1173 1725 1327 1790; x_wconf 82' lang='lat' dir='ltr'><strong>visio,</strong></span> <span class='ocrx_word' id='word_1_121' title='bbox 1353 1739 1418 1779; x_wconf 91' lang='lat' dir='ltr'><strong>ac</strong></span> <span class='ocrx_word' id='word_1_122' title='bbox 1444 1724 1572 1778; x_wconf 87' lang='lat' dir='ltr'><strong>nihil</strong></span> <span class='ocrx_word' id='word_1_123' title='bbox 1605 1730 1748 1776; x_wconf 88' lang='lat' dir='ltr'><strong>retro</strong></span> <span class='ocrx_word' id='word_1_124' title='bbox 1779 1719 1949 1774; x_wconf 85' lang='lat' dir='ltr'><strong>relin-</strong></span> 
     </span>
    </p>
   </div>
   <div class='ocr_carea' id='block_1_17' title="bbox 361 1814 1951 1886">
    <p class='ocr_par' dir='ltr' id='par_1_17' title="bbox 361 1814 1951 1886">
     <span class='ocr_line' id='line_1_17' title="bbox 361 1814 1951 1886; baseline -0.003 -17"><span class='ocrx_word' id='word_1_125' title='bbox 361 1827 573 1886; x_wconf 90' lang='lat' dir='ltr'><strong>quatur.</strong></span> <span class='ocrx_word' id='word_1_126' title='bbox 618 1817 758 1883; x_wconf 86' lang='lat' dir='ltr'><strong>Quot</strong></span> <span class='ocrx_word' id='word_1_127' title='bbox 795 1826 949 1873; x_wconf 87' lang='lat' dir='ltr'><strong>erant</strong></span> <span class='ocrx_word' id='word_1_128' title='bbox 996 1817 1357 1878; x_wconf 86' lang='lat' dir='ltr'><strong>centuriones.</strong></span> <span class='ocrx_word' id='word_1_129' title='bbox 1416 1814 1636 1880; x_wconf 88' lang='lat' dir='ltr'><strong>tribuni,</strong></span> <span class='ocrx_word' id='word_1_130' title='bbox 1682 1827 1855 1882; x_wconf 80' lang='lat' dir='ltr'><strong>reges,</strong></span> <span class='ocrx_word' id='word_1_131' title='bbox 1897 1820 1951 1866; x_wconf 90' lang='lat' dir='ltr'><strong>et</strong></span> 
     </span>
    </p>
   </div>
   <div class='ocr_carea' id='block_1_18' title="bbox 361 1908 1952 1980">
    <p class='ocr_par' dir='ltr' id='par_1_18' title="bbox 361 1908 1952 1980">
     <span class='ocr_line' id='line_1_18' title="bbox 361 1908 1952 1980; baseline -0.002 -16"><span class='ocrx_word' id='word_1_132' title='bbox 361 1911 539 1964; x_wconf 88' lang='lat' dir='ltr'><strong>nullus</strong></span> <span class='ocrx_word' id='word_1_133' title='bbox 566 1926 747 1965; x_wconf 89' lang='lat' dir='ltr'><strong>eorum</strong></span> <span class='ocrx_word' id='word_1_134' title='bbox 776 1910 962 1965; x_wconf 88' lang='lat' dir='ltr'><strong>eadem</strong></span> <span class='ocrx_word' id='word_1_135' title='bbox 1004 1919 1369 1980; x_wconf 88' lang='lat' dir='ltr'><strong>consequutus</strong></span> <span class='ocrx_word' id='word_1_136' title='bbox 1404 1916 1506 1963; x_wconf 89' lang='lat' dir='ltr'><strong>est.</strong></span> <span class='ocrx_word' id='word_1_137' title='bbox 1544 1908 1952 1971; x_wconf 82' lang='lat' dir='ltr'><strong>Audite,omnes</strong></span> 
     </span>
    </p>
   </div>
   <div class='ocr_carea' id='block_1_19' title="bbox 358 2001 1948 2073">
    <p class='ocr_par' dir='ltr' id='par_1_19' title="bbox 358 2001 1948 2073">
     <span class='ocr_line' id='line_1_19' title="bbox 358 2001 1948 2073; baseline -0.003 -16"><span class='ocrx_word' id='word_1_138' title='bbox 358 2012 622 2073; x_wconf 89' lang='lat' dir='ltr'><strong>quotquot</strong></span> <span class='ocrx_word' id='word_1_139' title='bbox 651 2004 703 2058; x_wconf 92' lang='lat' dir='ltr'><strong>in</strong></span> <span class='ocrx_word' id='word_1_140' title='bbox 744 2005 980 2059; x_wconf 81' lang='lat' dir='ltr'><strong>exercitu</strong></span> <span class='ocrx_word' id='word_1_141' title='bbox 1017 2005 1148 2060; x_wconf 85' lang='lat' dir='ltr'><strong>estis</strong></span> <span class='ocrx_word' id='word_1_142' title='bbox 1171 2046 1186 2070; x_wconf 93' lang='lat'><strong>,</strong></span> <span class='ocrx_word' id='word_1_143' title='bbox 1231 2010 1489 2072; x_wconf 84' lang='lat' dir='ltr'><strong>quotquot</strong></span> <span class='ocrx_word' id='word_1_144' title='bbox 1529 2016 1683 2070; x_wconf 83' lang='lat' dir='ltr'><strong>reges</strong></span> <span class='ocrx_word' id='word_1_145' title='bbox 1720 2001 1948 2069; x_wconf 84' lang='lat' dir='ltr'><strong>stipatis.</strong></span> 
     </span>
    </p>
   </div>
   <div class='ocr_carea' id='block_1_20' title="bbox 361 2091 1945 2166">
    <p class='ocr_par' dir='ltr' id='par_1_20' title="bbox 361 2091 1945 2166">
     <span class='ocr_line' id='line_1_20' title="bbox 361 2091 1945 2166; baseline -0.001 -20"><span class='ocrx_word' id='word_1_146' title='bbox 361 2092 493 2148; x_wconf 74' lang='lat' dir='ltr'><strong>Pius</strong></span> <span class='ocrx_word' id='word_1_147' title='bbox 533 2105 660 2161; x_wconf 79' lang='lat' dir='ltr'><strong>erat,</strong></span> <span class='ocrx_word' id='word_1_148' title='bbox 694 2097 883 2166; x_wconf 91' lang='lat' dir='ltr'><strong>inquit,</strong></span> <span class='ocrx_word' id='word_1_149' title='bbox 926 2106 974 2149; x_wconf 82' lang='lat' dir='ltr'><strong>et</strong></span> <span class='ocrx_word' id='word_1_150' title='bbox 1003 2099 1182 2150; x_wconf 82' lang='lat' dir='ltr'><strong>timens</strong></span> <span class='ocrx_word' id='word_1_151' title='bbox 1219 2093 1385 2148; x_wconf 81' lang='lat' dir='ltr'><strong>Deum</strong></span> <span class='ocrx_word' id='word_1_152' title='bbox 1413 2110 1432 2148; x_wconf 90' lang='lat'><strong><em>:</em></strong></span> <span class='ocrx_word' id='word_1_153' title='bbox 1459 2093 1709 2163; x_wconf 84' lang='lat' dir='ltr'><strong>quodque</strong></span> <span class='ocrx_word' id='word_1_154' title='bbox 1751 2091 1945 2158; x_wconf 90' lang='lat' dir='ltr'><strong>majus,</strong></span> 
     </span>
    </p>
   </div>
   <div class='ocr_carea' id='block_1_21' title="bbox 363 2184 1951 2247">
    <p class='ocr_par' dir='ltr' id='par_1_21' title="bbox 363 2184 1951 2247">
     <span class='ocr_line' id='line_1_21' title="bbox 363 2184 1951 2247; baseline -0.003 -8"><span class='ocrx_word' id='word_1_155' title='bbox 363 2187 484 2241; x_wconf 87' lang='lat' dir='ltr'><strong>talis</strong></span> <span class='ocrx_word' id='word_1_156' title='bbox 521 2196 637 2241; x_wconf 80' lang='lat' dir='ltr'><strong>erat</strong></span> <span class='ocrx_word' id='word_1_157' title='bbox 664 2186 789 2242; x_wconf 80' lang='lat' dir='ltr'><strong>Cum</strong></span> <span class='ocrx_word' id='word_1_158' title='bbox 832 2190 971 2242; x_wconf 82' lang='lat' dir='ltr'><strong>omni</strong></span> <span class='ocrx_word' id='word_1_159' title='bbox 999 2188 1150 2242; x_wconf 88' lang='lat' dir='ltr'><strong>domo</strong></span> <span class='ocrx_word' id='word_1_160' title='bbox 1180 2204 1299 2247; x_wconf 80' lang='lat' dir='ltr'><strong>sua.</strong></span> <span class='ocrx_word' id='word_1_161' title='bbox 1332 2186 1406 2241; x_wconf 83' lang='lat' dir='ltr'><strong>Ita</strong></span> <span class='ocrx_word' id='word_1_162' title='bbox 1445 2197 1562 2241; x_wconf 89' lang='lat' dir='ltr'><strong>erat</strong></span> <span class='ocrx_word' id='word_1_163' title='bbox 1602 2185 1724 2239; x_wconf 85' lang='lat' dir='ltr'><strong>huic</strong></span> <span class='ocrx_word' id='word_1_164' title='bbox 1764 2184 1836 2239; x_wconf 90' lang='lat' dir='ltr'><strong>rei</strong></span> <span class='ocrx_word' id='word_1_165' title='bbox 1869 2185 1951 2237; x_wconf 85' lang='lat' dir='ltr'><strong>in-</strong></span> 
     </span>
    </p>
   </div>
   <div class='ocr_carea' id='block_1_22' title="bbox 360 2277 1947 2348">
    <p class='ocr_par' dir='ltr' id='par_1_22' title="bbox 360 2277 1947 2348">
     <span class='ocr_line' id='line_1_22' title="bbox 360 2277 1947 2348; baseline -0.003 -15"><span class='ocrx_word' id='word_1_166' title='bbox 360 2289 558 2346; x_wconf 89' lang='lat' dir='ltr'><strong>tentus,</strong></span> <span class='ocrx_word' id='word_1_167' title='bbox 587 2292 644 2334; x_wconf 90' lang='lat' dir='ltr'><strong>ut</strong></span> <span class='ocrx_word' id='word_1_168' title='bbox 676 2297 780 2335; x_wconf 90' lang='lat' dir='ltr'><strong>non</strong></span> <span class='ocrx_word' id='word_1_169' title='bbox 808 2281 969 2336; x_wconf 90' lang='lat' dir='ltr'><strong>modo</strong></span> <span class='ocrx_word' id='word_1_170' title='bbox 992 2296 1084 2335; x_wconf 90' lang='lat' dir='ltr'><strong>sua</strong></span> <span class='ocrx_word' id='word_1_171' title='bbox 1117 2280 1252 2334; x_wconf 83' lang='lat' dir='ltr'><strong>bene</strong></span> <span class='ocrx_word' id='word_1_172' title='bbox 1278 2280 1633 2348; x_wconf 84' lang='lat' dir='ltr'><strong>dispensaret,</strong></span> <span class='ocrx_word' id='word_1_173' title='bbox 1664 2277 1756 2332; x_wconf 85' lang='lat' dir='ltr'><strong>sed</strong></span> <span class='ocrx_word' id='word_1_174' title='bbox 1789 2277 1947 2332; x_wconf 89' lang='lat' dir='ltr'><strong>etiam</strong></span> 
     </span>
    </p>
   </div>
   <div class='ocr_carea' id='block_1_23' title="bbox 358 2369 1948 2444">
    <p class='ocr_par' dir='ltr' id='par_1_23' title="bbox 358 2369 1948 2444">
     <span class='ocr_line' id='line_1_23' title="bbox 358 2369 1948 2444; baseline -0.003 -17"><span class='ocrx_word' id='word_1_175' title='bbox 358 2371 415 2427; x_wconf 86' lang='lat' dir='ltr'><strong>in</strong></span> <span class='ocrx_word' id='word_1_176' title='bbox 447 2372 641 2427; x_wconf 80' lang='lat' dir='ltr'><strong>familia</strong></span> <span class='ocrx_word' id='word_1_177' title='bbox 672 2389 769 2429; x_wconf 85' lang='lat' dir='ltr'><strong>sua</strong></span> <span class='ocrx_word' id='word_1_178' title='bbox 800 2375 1028 2444; x_wconf 89' lang='lat' dir='ltr'><strong>idipsum</strong></span> <span class='ocrx_word' id='word_1_179' title='bbox 1060 2373 1278 2428; x_wconf 84' lang='lat' dir='ltr'><strong>faceret.</strong></span> <span class='ocrx_word' id='word_1_180' title='bbox 1303 2373 1418 2427; x_wconf 85' lang='lat' dir='ltr'><strong>Non</strong></span> <span class='ocrx_word' id='word_1_181' title='bbox 1444 2374 1584 2427; x_wconf 90' lang='lat' dir='ltr'><strong>enim</strong></span> <span class='ocrx_word' id='word_1_182' title='bbox 1624 2380 1680 2425; x_wconf 93' lang='lat' dir='ltr'><strong>ut</strong></span> <span class='ocrx_word' id='word_1_183' title='bbox 1709 2384 1827 2437; x_wconf 90' lang='lat' dir='ltr'><strong>nos,</strong></span> <span class='ocrx_word' id='word_1_184' title='bbox 1857 2369 1948 2440; x_wconf 90' lang='lat' dir='ltr'><strong>qui</strong></span> 
     </span>
    </p>
   </div>
   <div class='ocr_carea' id='block_1_24' title="bbox 359 2462 1949 2534">
    <p class='ocr_par' dir='ltr' id='par_1_24' title="bbox 359 2462 1949 2534">
     <span class='ocr_line' id='line_1_24' title="bbox 359 2462 1949 2534; baseline -0.001 -18"><span class='ocrx_word' id='word_1_185' title='bbox 359 2462 491 2517; x_wconf 86' lang='lat' dir='ltr'><strong>nihil</strong></span> <span class='ocrx_word' id='word_1_186' title='bbox 524 2480 628 2519; x_wconf 92' lang='lat' dir='ltr'><strong>non</strong></span> <span class='ocrx_word' id='word_1_187' title='bbox 669 2466 896 2534; x_wconf 82' lang='lat' dir='ltr'><strong>agimus,</strong></span> <span class='ocrx_word' id='word_1_188' title='bbox 928 2473 985 2518; x_wconf 91' lang='lat' dir='ltr'><strong>ut</strong></span> <span class='ocrx_word' id='word_1_189' title='bbox 1013 2480 1109 2518; x_wconf 91' lang='lat' dir='ltr'><strong>nos</strong></span> <span class='ocrx_word' id='word_1_190' title='bbox 1147 2464 1374 2518; x_wconf 86' lang='lat' dir='ltr'><strong>ministri</strong></span> <span class='ocrx_word' id='word_1_191' title='bbox 1404 2464 1656 2527; x_wconf 88' lang='lat' dir='ltr'><strong>timeant;</strong></span> <span class='ocrx_word' id='word_1_192' title='bbox 1686 2470 1745 2516; x_wconf 90' lang='lat' dir='ltr'><strong>ut</strong></span> <span class='ocrx_word' id='word_1_193' title='bbox 1771 2472 1949 2515; x_wconf 88' lang='lat' dir='ltr'><strong>autem</strong></span> 
     </span>
    </p>
   </div>
   <div class='ocr_carea' id='block_1_25' title="bbox 360 2553 1950 2623">
    <p class='ocr_par' dir='ltr' id='par_1_25' title="bbox 360 2553 1950 2623">
     <span class='ocr_line' id='line_1_25' title="bbox 360 2553 1950 2623; baseline 0.001 -19"><span class='ocrx_word' id='word_1_194' title='bbox 360 2555 432 2623; x_wconf 83' lang='lat' dir='ltr'><strong>pii</strong></span> <span class='ocrx_word' id='word_1_195' title='bbox 465 2556 592 2621; x_wconf 90' lang='lat' dir='ltr'><strong>sint,</strong></span> <span class='ocrx_word' id='word_1_196' title='bbox 623 2572 727 2609; x_wconf 88' lang='lat' dir='ltr'><strong>non</strong></span> <span class='ocrx_word' id='word_1_197' title='bbox 761 2557 909 2610; x_wconf 87' lang='lat' dir='ltr'><strong>item.</strong></span> <span class='ocrx_word' id='word_1_198' title='bbox 940 2554 1039 2609; x_wconf 83' lang='lat' dir='ltr'><strong>Hic</strong></span> <span class='ocrx_word' id='word_1_199' title='bbox 1065 2570 1192 2611; x_wconf 89' lang='lat' dir='ltr'><strong>vero</strong></span> <span class='ocrx_word' id='word_1_200' title='bbox 1224 2570 1330 2609; x_wconf 90' lang='lat' dir='ltr'><strong>non</strong></span> <span class='ocrx_word' id='word_1_201' title='bbox 1374 2556 1470 2619; x_wconf 91' lang='lat' dir='ltr'><strong>sic,</strong></span> <span class='ocrx_word' id='word_1_202' title='bbox 1517 2553 1609 2608; x_wconf 90' lang='lat' dir='ltr'><strong>sed</strong></span> <span class='ocrx_word' id='word_1_203' title='bbox 1650 2569 1770 2608; x_wconf 90' lang='lat' dir='ltr'><strong>cum</strong></span> <span class='ocrx_word' id='word_1_204' title='bbox 1802 2553 1950 2608; x_wconf 88' lang='lat' dir='ltr'><strong>omni</strong></span> 
     </span>
    </p>
   </div>
   <div class='ocr_carea' id='block_1_26' title="bbox 360 2644 1950 2717">
    <p class='ocr_par' dir='ltr' id='par_1_26' title="bbox 360 2644 1950 2717">
     <span class='ocr_line' id='line_1_26' title="bbox 360 2644 1950 2717; baseline -0.003 -15"><span class='ocrx_word' id='word_1_205' title='bbox 360 2646 524 2702; x_wconf 89' lang='lat' dir='ltr'><strong>domo</strong></span> <span class='ocrx_word' id='word_1_206' title='bbox 545 2661 639 2701; x_wconf 86' lang='lat' dir='ltr'><strong>sua</strong></span> <span class='ocrx_word' id='word_1_207' title='bbox 673 2648 835 2701; x_wconf 90' lang='lat' dir='ltr'><strong>Deum</strong></span> <span class='ocrx_word' id='word_1_208' title='bbox 862 2647 1081 2701; x_wconf 86' lang='lat' dir='ltr'><strong>timebat</strong></span> <span class='ocrx_word' id='word_1_209' title='bbox 1111 2663 1124 2701; x_wconf 92' lang='lat'>:</span> <span class='ocrx_word' id='word_1_210' title='bbox 1159 2662 1259 2702; x_wconf 91' lang='lat' dir='ltr'><strong>nec</strong></span> <span class='ocrx_word' id='word_1_211' title='bbox 1286 2647 1449 2701; x_wconf 92' lang='lat' dir='ltr'><strong>modo</strong></span> <span class='ocrx_word' id='word_1_212' title='bbox 1471 2646 1622 2717; x_wconf 88' lang='lat' dir='ltr'><strong>quasi</strong></span> <span class='ocrx_word' id='word_1_213' title='bbox 1649 2644 1950 2700; x_wconf 89' lang='lat' dir='ltr'><strong>communis</strong></span> 
     </span>
    </p>
   </div>
   <div class='ocr_carea' id='block_1_27' title="bbox 363 2735 1951 2808">
    <p class='ocr_par' dir='ltr' id='par_1_27' title="bbox 363 2735 1951 2808">
     <span class='ocr_line' id='line_1_27' title="bbox 363 2735 1951 2808; baseline 0.001 -21"><span class='ocrx_word' id='word_1_214' title='bbox 363 2745 516 2804; x_wconf 87' lang='lat' dir='ltr'><strong>pater</strong></span> <span class='ocrx_word' id='word_1_215' title='bbox 543 2746 661 2793; x_wconf 89' lang='lat' dir='ltr'><strong>erat</strong></span> <span class='ocrx_word' id='word_1_216' title='bbox 684 2737 924 2793; x_wconf 88' lang='lat' dir='ltr'><strong>omnium</strong></span> <span class='ocrx_word' id='word_1_217' title='bbox 945 2738 1033 2808; x_wconf 91' lang='lat' dir='ltr'><strong>qui</strong></span> <span class='ocrx_word' id='word_1_218' title='bbox 1056 2754 1175 2794; x_wconf 91' lang='lat' dir='ltr'><strong>cum</strong></span> <span class='ocrx_word' id='word_1_219' title='bbox 1208 2739 1322 2808; x_wconf 92' lang='lat' dir='ltr'><strong>ipso</strong></span> <span class='ocrx_word' id='word_1_220' title='bbox 1343 2748 1515 2804; x_wconf 89' lang='lat' dir='ltr'><strong>erant,</strong></span> <span class='ocrx_word' id='word_1_221' title='bbox 1546 2737 1639 2793; x_wconf 90' lang='lat' dir='ltr'><strong>sed</strong></span> <span class='ocrx_word' id='word_1_222' title='bbox 1669 2736 1832 2791; x_wconf 89' lang='lat' dir='ltr'><strong>etiam</strong></span> <span class='ocrx_word' id='word_1_223' title='bbox 1853 2735 1951 2788; x_wconf 86' lang='lat' dir='ltr'><strong>mi-</strong></span> 
     </span>
    </p>
   </div>
   <div class='ocr_carea' id='block_1_28' title="bbox 362 2827 1952 2899">
    <p class='ocr_par' dir='ltr' id='par_1_28' title="bbox 362 2827 1952 2899">
     <span class='ocr_line' id='line_1_28' title="bbox 362 2827 1952 2899; baseline -0.002 -17"><span class='ocrx_word' id='word_1_224' title='bbox 362 2828 514 2883; x_wconf 89' lang='lat' dir='ltr'><strong>litum</strong></span> <span class='ocrx_word' id='word_1_225' title='bbox 545 2845 786 2884; x_wconf 91' lang='lat' dir='ltr'><strong>suorum.</strong></span> <span class='ocrx_word' id='word_1_226' title='bbox 833 2829 989 2894; x_wconf 83' lang='lat' dir='ltr'><strong>Audi,</strong></span> <span class='ocrx_word' id='word_1_227' title='bbox 1038 2830 1165 2899; x_wconf 91' lang='lat' dir='ltr'><strong>quid</strong></span> <span class='ocrx_word' id='word_1_228' title='bbox 1211 2828 1353 2884; x_wconf 87' lang='lat' dir='ltr'><strong>aliud</strong></span> <span class='ocrx_word' id='word_1_229' title='bbox 1393 2828 1614 2884; x_wconf 87' lang='lat' dir='ltr'><strong>dicant:</strong></span> <span class='ocrx_word' id='word_1_230' title='bbox 1649 2827 1952 2882; x_wconf 87' lang='lat' dir='ltr'><strong>necessario</strong></span> 
     </span>
    </p>
   </div>
   <div class='ocr_carea' id='block_1_29' title="bbox 362 2920 1952 2976">
    <p class='ocr_par' dir='ltr' id='par_1_29' title="bbox 362 2920 1952 2976">
     <span class='ocr_line' id='line_1_29' title="bbox 362 2920 1952 2976; baseline -0.003 0"><span class='ocrx_word' id='word_1_231' title='bbox 362 2922 506 2976; x_wconf 84' lang='lat' dir='ltr'><strong>enim</strong></span> <span class='ocrx_word' id='word_1_232' title='bbox 566 2921 695 2976; x_wconf 92' lang='lat' dir='ltr'><strong>illud</strong></span> <span class='ocrx_word' id='word_1_233' title='bbox 740 2921 953 2976; x_wconf 83' lang='lat' dir='ltr'><strong>additur</strong></span> <span class='ocrx_word' id='word_1_234' title='bbox 997 2939 1011 2976; x_wconf 90' lang='lat'><strong>:</strong></span> <span class='ocrx_word' id='word_1_235' title='bbox 1061 2920 1422 2976; x_wconf 75' lang='lat' dir='ltr'><strong>Testimonium</strong></span> <span class='ocrx_word' id='word_1_236' title='bbox 1469 2920 1656 2975; x_wconf 79' lang='lat' dir='ltr'><strong>habens</strong></span> <span class='ocrx_word' id='word_1_237' title='bbox 1700 2921 1764 2974; x_wconf 83' lang='lat' dir='ltr'><strong>ob</strong></span> <span class='ocrx_word' id='word_1_238' title='bbox 1813 2920 1952 2975; x_wconf 75' lang='lat' dir='ltr'><strong>ontni</strong></span> 
     </span>
    </p>
   </div>
   <div class='ocr_carea' id='block_1_30' title="bbox 363 3011 1952 3082">
    <p class='ocr_par' dir='ltr' id='par_1_30' title="bbox 363 3011 1952 3082">
     <span class='ocr_line' id='line_1_30' title="bbox 363 3011 1952 3082; baseline 0.001 -18"><span class='ocrx_word' id='word_1_239' title='bbox 363 3021 551 3080; x_wconf 77' lang='lat' dir='ltr'><strong>gente;</strong></span> <span class='ocrx_word' id='word_1_240' title='bbox 581 3027 648 3066; x_wconf 89' lang='lat' dir='ltr'><strong>ne</strong></span> <span class='ocrx_word' id='word_1_241' title='bbox 685 3012 805 3082; x_wconf 86' lang='lat' dir='ltr'><strong>quis</strong></span> <span class='ocrx_word' id='word_1_242' title='bbox 833 3011 1037 3066; x_wconf 90' lang='lat' dir='ltr'><strong>diceret</strong></span> <span class='ocrx_word' id='word_1_243' title='bbox 1064 3027 1076 3063; x_wconf 93' lang='lat'><strong>:</strong></span> <span class='ocrx_word' id='word_1_244' title='bbox 1105 3011 1262 3079; x_wconf 89' lang='lat' dir='ltr'><strong>Quid,</strong></span> <span class='ocrx_word' id='word_1_245' title='bbox 1313 3012 1356 3065; x_wconf 89' lang='lat' dir='ltr'><strong>si</strong></span> <span class='ocrx_word' id='word_1_246' title='bbox 1388 3011 1795 3065; x_wconf 77' lang='lat' dir='ltr'><strong>incircumcisus‘</strong></span> <span class='ocrx_word' id='word_1_247' title='bbox 1829 3011 1952 3065; x_wconf 85' lang='lat' dir='ltr'><strong>est?</strong></span> 
     </span>
    </p>
   </div>
   <div class='ocr_carea' id='block_1_31' title="bbox 366 3100 1955 3172">
    <p class='ocr_par' dir='ltr' id='par_1_31' title="bbox 366 3100 1955 3172">
     <span class='ocr_line' id='line_1_31' title="bbox 366 3100 1955 3172; baseline -0.001 -16"><span class='ocrx_word' id='word_1_248' title='bbox 366 3102 433 3156; x_wconf 84' lang='lat' dir='ltr'><strong>Et</strong></span> <span class='ocrx_word' id='word_1_249' title='bbox 457 3100 647 3166; x_wconf 60' lang='lat' dir='ltr'><strong>Judaei,</strong></span> <span class='ocrx_word' id='word_1_250' title='bbox 680 3102 869 3172; x_wconf 88' lang='lat' dir='ltr'><strong>inquit,</strong></span> <span class='ocrx_word' id='word_1_251' title='bbox 902 3100 1251 3156; x_wconf 86' lang='lat' dir='ltr'><strong>testificantur</strong></span> <span class='ocrx_word' id='word_1_252' title='bbox 1271 3102 1341 3157; x_wconf 91' lang='lat' dir='ltr'><strong>ei.</strong></span> <span class='ocrx_word' id='word_1_253' title='bbox 1373 3100 1514 3172; x_wconf 87' lang='lat' dir='ltr'><strong>Ergo</strong></span> <span class='ocrx_word' id='word_1_254' title='bbox 1537 3102 1667 3155; x_wconf 86' lang='lat' dir='ltr'><strong>nihil</strong></span> <span class='ocrx_word' id='word_1_255' title='bbox 1695 3118 1791 3171; x_wconf 90' lang='lat' dir='ltr'><strong>par</strong></span> <span class='ocrx_word' id='word_1_256' title='bbox 1812 3102 1955 3156; x_wconf 83' lang='lat' dir='ltr'><strong>elec-</strong></span> 
     </span>
    </p>
   </div>
   <div class='ocr_carea' id='block_1_32' title="bbox 366 3193 1954 3265">
    <p class='ocr_par' dir='ltr' id='par_1_32' title="bbox 366 3193 1954 3265">
     <span class='ocr_line' id='line_1_32' title="bbox 366 3193 1954 3265; baseline -0.003 -16"><span class='ocrx_word' id='word_1_257' title='bbox 366 3207 607 3265; x_wconf 74' lang='lat' dir='ltr'><strong>inosynte</strong></span> <span class='ocrx_word' id='word_1_258' title='bbox 644 3196 788 3250; x_wconf 89' lang='lat' dir='ltr'><strong>:imo</strong></span> <span class='ocrx_word' id='word_1_259' title='bbox 818 3203 960 3249; x_wconf 90' lang='lat' dir='ltr'><strong>tanta</strong></span> <span class='ocrx_word' id='word_1_260' title='bbox 987 3195 1064 3249; x_wconf 92' lang='lat' dir='ltr'><strong>rei</strong></span> <span class='ocrx_word' id='word_1_261' title='bbox 1097 3195 1173 3248; x_wconf 91' lang='lat' dir='ltr'><strong>vis</strong></span> <span class='ocrx_word' id='word_1_262' title='bbox 1205 3202 1306 3259; x_wconf 88' lang='lat' dir='ltr'><strong>est,</strong></span> <span class='ocrx_word' id='word_1_263' title='bbox 1339 3194 1552 3263; x_wconf 88' lang='lat' dir='ltr'><strong>quando</strong></span> <span class='ocrx_word' id='word_1_264' title='bbox 1580 3208 1645 3248; x_wconf 86' lang='lat' dir='ltr'><strong>ex</strong></span> <span class='ocrx_word' id='word_1_265' title='bbox 1685 3193 1954 3264; x_wconf 88' lang='lat' dir='ltr'><strong>penuariis</strong></span> 
     </span>
    </p>
   </div>
   <div class='ocr_carea' id='block_1_33' title="bbox 369 3287 1955 3361">
    <p class='ocr_par' dir='ltr' id='par_1_33' title="bbox 369 3287 1955 3361">
     <span class='ocr_line' id='line_1_33' title="bbox 369 3287 1955 3361; baseline -0.002 -17"><span class='ocrx_word' id='word_1_266' title='bbox 369 3291 514 3360; x_wconf 90' lang='lat' dir='ltr'><strong>puris</strong></span> <span class='ocrx_word' id='word_1_267' title='bbox 538 3290 894 3360; x_wconf 86' lang='lat' dir='ltr'><strong>profunditur,</strong></span> <span class='ocrx_word' id='word_1_268' title='bbox 927 3302 985 3346; x_wconf 94' lang='lat' dir='ltr'><strong>ut</strong></span> <span class='ocrx_word' id='word_1_269' title='bbox 1022 3306 1107 3353; x_wconf 85' lang='lat' dir='ltr'><strong>ea,</strong></span> <span class='ocrx_word' id='word_1_270' title='bbox 1144 3306 1264 3361; x_wconf 76' lang='lat' dir='ltr'><strong>qua:</strong></span> <span class='ocrx_word' id='word_1_271' title='bbox 1293 3305 1358 3344; x_wconf 91' lang='lat' dir='ltr'><strong>ex</strong></span> <span class='ocrx_word' id='word_1_272' title='bbox 1399 3288 1594 3359; x_wconf 87' lang='lat' dir='ltr'><strong>injuste</strong></span> <span class='ocrx_word' id='word_1_273' title='bbox 1637 3287 1800 3354; x_wconf 87' lang='lat' dir='ltr'><strong>partis</strong></span> <span class='ocrx_word' id='word_1_274' title='bbox 1841 3302 1955 3343; x_wconf 81' lang='lat' dir='ltr'><strong>ma-</strong></span> 
     </span>
    </p>
   </div>
   <div class='ocr_carea' id='block_1_34' title="bbox 367 3381 1953 3451">
    <p class='ocr_par' dir='ltr' id='par_1_34' title="bbox 367 3381 1953 3451">
     <span class='ocr_line' id='line_1_34' title="bbox 367 3381 1953 3451; baseline -0.002 -14"><span class='ocrx_word' id='word_1_275' title='bbox 367 3393 516 3447; x_wconf 85' lang='lat' dir='ltr'><strong>nant,</strong></span> <span class='ocrx_word' id='word_1_276' title='bbox 549 3386 740 3441; x_wconf 87' lang='lat' dir='ltr'><strong>similia</strong></span> <span class='ocrx_word' id='word_1_277' title='bbox 772 3385 880 3440; x_wconf 88' lang='lat' dir='ltr'><strong>sint</strong></span> <span class='ocrx_word' id='word_1_278' title='bbox 905 3383 1032 3440; x_wconf 77' lang='lat' dir='ltr'><strong>fonti</strong></span> <span class='ocrx_word' id='word_1_279' title='bbox 1062 3385 1228 3438; x_wconf 89' lang='lat' dir='ltr'><strong>lutum</strong></span> <span class='ocrx_word' id='word_1_280' title='bbox 1261 3381 1524 3438; x_wconf 89' lang='lat' dir='ltr'><strong>etnittenti</strong></span> <span class='ocrx_word' id='word_1_281' title='bbox 1549 3398 1564 3446; x_wconf 92' lang='lat'><strong>;</strong></span> <span class='ocrx_word' id='word_1_282' title='bbox 1592 3397 1710 3451; x_wconf 71' lang='lat' dir='ltr'><strong>qua:</strong></span> <span class='ocrx_word' id='word_1_283' title='bbox 1735 3394 1862 3435; x_wconf 86' lang='lat' dir='ltr'><strong>vero</strong></span> <span class='ocrx_word' id='word_1_284' title='bbox 1888 3395 1953 3434; x_wconf 80' lang='lat' dir='ltr'><strong>cx</strong></span> 
     </span>
    </p>
   </div>
   <div class='ocr_carea' id='block_1_35' title="bbox 364 3474 1953 3553">
    <p class='ocr_par' dir='ltr' id='par_1_35' title="bbox 364 3474 1953 3553">
     <span class='ocr_line' id='line_1_35' title="bbox 364 3474 1953 3553; baseline -0.003 -22"><span class='ocrx_word' id='word_1_285' title='bbox 364 3483 508 3553; x_wconf 74' lang='lat' dir='ltr'><strong>iuste</strong></span> <span class='ocrx_word' id='word_1_286' title='bbox 538 3482 722 3550; x_wconf 85' lang='lat' dir='ltr'><strong>partis,</strong></span> <span class='ocrx_word' id='word_1_287' title='bbox 751 3479 906 3534; x_wconf 84' lang='lat' dir='ltr'><strong>alveo</strong></span> <span class='ocrx_word' id='word_1_288' title='bbox 936 3478 1159 3548; x_wconf 87' lang='lat' dir='ltr'><strong>limpido</strong></span> <span class='ocrx_word' id='word_1_289' title='bbox 1190 3485 1243 3533; x_wconf 89' lang='lat' dir='ltr'><strong>et</strong></span> <span class='ocrx_word' id='word_1_290' title='bbox 1279 3492 1430 3546; x_wconf 89' lang='lat' dir='ltr'><strong>puro,</strong></span> <span class='ocrx_word' id='word_1_291' title='bbox 1467 3476 1516 3529; x_wconf 91' lang='lat' dir='ltr'><strong>in</strong></span> <span class='ocrx_word' id='word_1_292' title='bbox 1557 3474 1803 3546; x_wconf 84' lang='lat' dir='ltr'><strong>paradiso</strong></span> <span class='ocrx_word' id='word_1_293' title='bbox 1835 3489 1953 3528; x_wconf 88' lang='lat' dir='ltr'><strong>ma-</strong></span> 
     </span>
    </p>
   </div>
   <div class='ocr_carea' id='block_1_36' title="bbox 368 3564 1956 3640">
    <p class='ocr_par' dir='ltr' id='par_1_36' title="bbox 368 3564 1956 3640">
     <span class='ocr_line' id='line_1_36' title="bbox 368 3564 1956 3640; baseline -0.004 -15"><span class='ocrx_word' id='word_1_294' title='bbox 368 3572 537 3637; x_wconf 90' lang='lat' dir='ltr'><strong>nanti,</strong></span> <span class='ocrx_word' id='word_1_295' title='bbox 570 3570 658 3640; x_wconf 89' lang='lat' dir='ltr'><strong>qui</strong></span> <span class='ocrx_word' id='word_1_296' title='bbox 697 3570 874 3624; x_wconf 84' lang='lat' dir='ltr'><strong>suavis</strong></span> <span class='ocrx_word' id='word_1_297' title='bbox 916 3571 1054 3634; x_wconf 88' lang='lat' dir='ltr'><strong>visu,</strong></span> <span class='ocrx_word' id='word_1_298' title='bbox 1094 3573 1272 3623; x_wconf 83' lang='lat' dir='ltr'><strong>suavis</strong></span> <span class='ocrx_word' id='word_1_299' title='bbox 1304 3577 1359 3622; x_wconf 89' lang='lat' dir='ltr'><strong>et</strong></span> <span class='ocrx_word' id='word_1_300' title='bbox 1388 3575 1550 3633; x_wconf 85' lang='lat' dir='ltr'><strong>tactu,</strong></span> <span class='ocrx_word' id='word_1_301' title='bbox 1581 3564 1709 3636; x_wconf 91' lang='lat' dir='ltr'><strong>quid</strong></span> <span class='ocrx_word' id='word_1_302' title='bbox 1753 3565 1871 3620; x_wconf 91' lang='lat' dir='ltr'><strong>lene</strong></span> <span class='ocrx_word' id='word_1_303' title='bbox 1901 3572 1956 3619; x_wconf 90' lang='lat' dir='ltr'><strong>et</strong></span> 
     </span>
    </p>
   </div>
   <div class='ocr_carea' id='block_1_37' title="bbox 366 3655 1956 3731">
    <p class='ocr_par' dir='ltr' id='par_1_37' title="bbox 366 3655 1956 3731">
     <span class='ocr_line' id='line_1_37' title="bbox 366 3655 1956 3731; baseline -0.004 -17"><span class='ocrx_word' id='word_1_304' title='bbox 366 3662 620 3731; x_wconf 74' lang='lat' dir='ltr'><strong>frigidum</strong></span> <span class='ocrx_word' id='word_1_305' title='bbox 645 3659 778 3714; x_wconf 88' lang='lat' dir='ltr'><strong>dans</strong></span> <span class='ocrx_word' id='word_1_306' title='bbox 813 3660 864 3713; x_wconf 91' lang='lat' dir='ltr'><strong>in</strong></span> <span class='ocrx_word' id='word_1_307' title='bbox 892 3658 1136 3714; x_wconf 85' lang='lat' dir='ltr'><strong>meridie.</strong></span> <span class='ocrx_word' id='word_1_308' title='bbox 1165 3658 1253 3712; x_wconf 84' lang='lat' dir='ltr'><strong>Sic</strong></span> <span class='ocrx_word' id='word_1_309' title='bbox 1278 3666 1361 3713; x_wconf 91' lang='lat' dir='ltr'><strong>est</strong></span> <span class='ocrx_word' id='word_1_310' title='bbox 1393 3667 1446 3711; x_wconf 87' lang='lat' dir='ltr'><strong>et</strong></span> <span class='ocrx_word' id='word_1_311' title='bbox 1472 3658 1834 3728; x_wconf 88' lang='lat' dir='ltr'><strong>eleemosyna.</strong></span> <span class='ocrx_word' id='word_1_312' title='bbox 1875 3655 1956 3709; x_wconf 82' lang='lat' dir='ltr'><strong>Ad</strong></span> 
     </span>
    </p>
   </div>
   <div class='ocr_carea' id='block_1_38' title="bbox 370 3750 1957 3821">
    <p class='ocr_par' dir='ltr' id='par_1_38' title="bbox 370 3750 1957 3821">
     <span class='ocr_line' id='line_1_38' title="bbox 370 3750 1957 3821; baseline -0.005 -10"><span class='ocrx_word' id='word_1_313' title='bbox 370 3755 514 3811; x_wconf 86' lang='lat' dir='ltr'><strong>hunc</strong></span> <span class='ocrx_word' id='word_1_314' title='bbox 541 3752 741 3808; x_wconf 82' lang='lat' dir='ltr'><strong>fontem</strong></span> <span class='ocrx_word' id='word_1_315' title='bbox 773 3767 878 3806; x_wconf 93' lang='lat' dir='ltr'><strong>non</strong></span> <span class='ocrx_word' id='word_1_316' title='bbox 919 3751 1097 3821; x_wconf 86' lang='lat' dir='ltr'><strong>populi</strong></span> <span class='ocrx_word' id='word_1_317' title='bbox 1142 3751 1379 3812; x_wconf 88' lang='lat' dir='ltr'><strong>arbores,</strong></span> <span class='ocrx_word' id='word_1_318' title='bbox 1411 3766 1514 3805; x_wconf 90' lang='lat' dir='ltr'><strong>non</strong></span> <span class='ocrx_word' id='word_1_319' title='bbox 1546 3750 1675 3820; x_wconf 89' lang='lat' dir='ltr'><strong>pini,</strong></span> <span class='ocrx_word' id='word_1_320' title='bbox 1715 3764 1822 3804; x_wconf 90' lang='lat' dir='ltr'><strong>non</strong></span> <span class='ocrx_word' id='word_1_321' title='bbox 1865 3764 1957 3803; x_wconf 85' lang='lat' dir='ltr'><strong>cu-</strong></span> 
     </span>
    </p>
   </div>
   <div class='ocr_carea' id='block_1_39' title="bbox 369 3839 1957 3914">
    <p class='ocr_par' dir='ltr' id='par_1_39' title="bbox 369 3839 1957 3914">
     <span class='ocr_line' id='line_1_39' title="bbox 369 3839 1957 3914; baseline -0.002 -17"><span class='ocrx_word' id='word_1_322' title='bbox 369 3844 566 3914; x_wconf 87' lang='lat' dir='ltr'><strong>pressi,</strong></span> <span class='ocrx_word' id='word_1_323' title='bbox 591 3842 683 3897; x_wconf 90' lang='lat' dir='ltr'><strong>sed</strong></span> <span class='ocrx_word' id='word_1_324' title='bbox 716 3842 910 3912; x_wconf 80' lang='lat' dir='ltr'><strong>planta:</strong></span> <span class='ocrx_word' id='word_1_325' title='bbox 938 3842 1041 3895; x_wconf 90' lang='lat' dir='ltr'><strong>illis</strong></span> <span class='ocrx_word' id='word_1_326' title='bbox 1071 3842 1225 3909; x_wconf 88' lang='lat' dir='ltr'><strong>longe</strong></span> <span class='ocrx_word' id='word_1_327' title='bbox 1256 3842 1503 3896; x_wconf 89' lang='lat' dir='ltr'><strong>meliores</strong></span> <span class='ocrx_word' id='word_1_328' title='bbox 1542 3849 1595 3895; x_wconf 89' lang='lat' dir='ltr'><strong>et</strong></span> <span class='ocrx_word' id='word_1_329' title='bbox 1624 3839 1957 3909; x_wconf 90' lang='lat' dir='ltr'><strong>proceriores</strong></span> 
     </span>
    </p>
   </div>
   <div class='ocr_carea' id='block_1_40' title="bbox 372 3932 1956 4004">
    <p class='ocr_par' dir='ltr' id='par_1_40' title="bbox 372 3932 1956 4004">
     <span class='ocr_line' id='line_1_40' title="bbox 372 3932 1956 4004; baseline -0.001 -16"><span class='ocrx_word' id='word_1_330' title='bbox 372 3943 497 3988; x_wconf 79' lang='lat' dir='ltr'><strong>sunt</strong></span> <span class='ocrx_word' id='word_1_331' title='bbox 527 3951 540 3986; x_wconf 90' lang='lat'><strong>:</strong></span> <span class='ocrx_word' id='word_1_332' title='bbox 569 3948 722 3987; x_wconf 88' lang='lat' dir='ltr'><strong>amor</strong></span> <span class='ocrx_word' id='word_1_333' title='bbox 751 3934 865 3997; x_wconf 89' lang='lat' dir='ltr'><strong>Dei,</strong></span> <span class='ocrx_word' id='word_1_334' title='bbox 901 3933 1016 3989; x_wconf 89' lang='lat' dir='ltr'><strong>laus</strong></span> <span class='ocrx_word' id='word_1_335' title='bbox 1040 3933 1337 3999; x_wconf 86' lang='lat' dir='ltr'><strong>hominum,</strong></span> <span class='ocrx_word' id='word_1_336' title='bbox 1365 3933 1530 4004; x_wconf 78' lang='lat' dir='ltr'><strong>gloria</strong></span> <span class='ocrx_word' id='word_1_337' title='bbox 1562 3934 1614 3986; x_wconf 93' lang='lat' dir='ltr'><strong>in</strong></span> <span class='ocrx_word' id='word_1_338' title='bbox 1645 3934 1833 3998; x_wconf 88' lang='lat' dir='ltr'><strong>Deum,</strong></span> <span class='ocrx_word' id='word_1_339' title='bbox 1860 3932 1956 3986; x_wconf 87' lang='lat' dir='ltr'><strong>bc-</strong></span> 
     </span>
    </p>
   </div>
   <div class='ocr_carea' id='block_1_41' title="bbox 372 4022 1956 4094">
    <p class='ocr_par' dir='ltr' id='par_1_41' title="bbox 372 4022 1956 4094">
     <span class='ocr_line' id='line_1_41' title="bbox 372 4022 1956 4094; baseline 0.001 -18"><span class='ocrx_word' id='word_1_340' title='bbox 372 4022 672 4078; x_wconf 84' lang='lat' dir='ltr'><strong>nevolentia</strong></span> <span class='ocrx_word' id='word_1_341' title='bbox 722 4025 1002 4092; x_wconf 89' lang='lat' dir='ltr'><strong>omnium,</strong></span> <span class='ocrx_word' id='word_1_342' title='bbox 1054 4033 1395 4094; x_wconf 89' lang='lat' dir='ltr'><strong>peccatorum</strong></span> <span class='ocrx_word' id='word_1_343' title='bbox 1448 4022 1703 4089; x_wconf 83' lang='lat' dir='ltr'><strong>abolitio,</strong></span> <span class='ocrx_word' id='word_1_344' title='bbox 1765 4023 1956 4077; x_wconf 88' lang='lat' dir='ltr'><strong>fiducia</strong></span> 
     </span>
    </p>
   </div>
   <div class='ocr_carea' id='block_1_42' title="bbox 371 4118 1961 4189">
    <p class='ocr_par' dir='ltr' id='par_1_42' title="bbox 371 4118 1961 4189">
     <span class='ocr_line' id='line_1_42' title="bbox 371 4118 1961 4189; baseline -0.001 -17"><span class='ocrx_word' id='word_1_345' title='bbox 371 4118 562 4183; x_wconf 87' lang='lat' dir='ltr'><strong>multa,</strong></span> <span class='ocrx_word' id='word_1_346' title='bbox 591 4133 751 4186; x_wconf 89' lang='lat' dir='ltr'><strong>opum</strong></span> <span class='ocrx_word' id='word_1_347' title='bbox 776 4125 1140 4189; x_wconf 85' lang='lat' dir='ltr'><strong>contemptus,</strong></span> <span class='ocrx_word' id='word_1_348' title='bbox 1168 4118 1528 4188; x_wconf 84' lang='lat' dir='ltr'><strong>eleemosyna,</strong></span> <span class='ocrx_word' id='word_1_349' title='bbox 1561 4131 1656 4186; x_wconf 89' lang='lat' dir='ltr'><strong>per</strong></span> <span class='ocrx_word' id='word_1_350' title='bbox 1682 4130 1840 4185; x_wconf 89' lang='lat' dir='ltr'><strong>quam</strong></span> <span class='ocrx_word' id='word_1_351' title='bbox 1870 4130 1961 4170; x_wconf 89' lang='lat' dir='ltr'><strong>ea-</strong></span> 
     </span>
    </p>
   </div>
   <div class='ocr_carea' id='block_1_43' title="bbox 371 4210 1959 4280">
    <p class='ocr_par' dir='ltr' id='par_1_43' title="bbox 371 4210 1959 4280">
     <span class='ocr_line' id='line_1_43' title="bbox 371 4210 1959 4280; baseline 0 -15"><span class='ocrx_word' id='word_1_352' title='bbox 371 4211 546 4266; x_wconf 87' lang='lat' dir='ltr'><strong>ritatis</strong></span> <span class='ocrx_word' id='word_1_353' title='bbox 574 4211 752 4280; x_wconf 88' lang='lat' dir='ltr'><strong>planta</strong></span> <span class='ocrx_word' id='word_1_354' title='bbox 782 4212 1033 4267; x_wconf 90' lang='lat' dir='ltr'><strong>nutritur.</strong></span> <span class='ocrx_word' id='word_1_355' title='bbox 1063 4210 1204 4266; x_wconf 80' lang='lat' dir='ltr'><strong>Nihil</strong></span> <span class='ocrx_word' id='word_1_356' title='bbox 1231 4211 1372 4266; x_wconf 90' lang='lat' dir='ltr'><strong>enim</strong></span> <span class='ocrx_word' id='word_1_357' title='bbox 1397 4211 1475 4265; x_wconf 91' lang='lat' dir='ltr'><strong>sic</strong></span> <span class='ocrx_word' id='word_1_358' title='bbox 1509 4210 1785 4265; x_wconf 86' lang='lat' dir='ltr'><strong>caritatem</strong></span> <span class='ocrx_word' id='word_1_359' title='bbox 1810 4210 1959 4266; x_wconf 90' lang='lat' dir='ltr'><strong>alere</strong></span> 
     </span>
    </p>
   </div>
   <div class='ocr_carea' id='block_1_44' title="bbox 370 4290 1960 4373">
    <p class='ocr_par' dir='ltr' id='par_1_44' title="bbox 370 4290 1960 4373">
     <span class='ocr_line' id='line_1_44' title="bbox 370 4290 1960 4373; baseline 0.001 -18"><span class='ocrx_word' id='word_1_360' title='bbox 370 4302 530 4367; x_wconf 89' lang='lat' dir='ltr'><strong>solet,</strong></span> <span class='ocrx_word' id='word_1_361' title='bbox 564 4314 619 4357; x_wconf 90' lang='lat' dir='ltr'><strong>ut</strong></span> <span class='ocrx_word' id='word_1_362' title='bbox 642 4302 685 4357; x_wconf 90' lang='lat' dir='ltr'><strong>si</strong></span> <span class='ocrx_word' id='word_1_363' title='bbox 713 4302 832 4373; x_wconf 90' lang='lat' dir='ltr'><strong>quis</strong></span> <span class='ocrx_word' id='word_1_364' title='bbox 862 4304 1167 4358; x_wconf 90' lang='lat' dir='ltr'><strong>misericors</strong></span> <span class='ocrx_word' id='word_1_365' title='bbox 1186 4290 1391 4358; x_wconf 35' lang='lat' dir='ltr'><strong>.fuerit.</strong></span> <span class='ocrx_word' id='word_1_366' title='bbox 1433 4300 1559 4358; x_wconf 74' lang='lat' dir='ltr'><strong>Hmc</strong></span> <span class='ocrx_word' id='word_1_367' title='bbox 1589 4318 1767 4358; x_wconf 88' lang='lat' dir='ltr'><strong>ramos</strong></span> <span class='ocrx_word' id='word_1_368' title='bbox 1799 4303 1850 4356; x_wconf 91' lang='lat' dir='ltr'><strong>in</strong></span> <span class='ocrx_word' id='word_1_369' title='bbox 1877 4301 1960 4356; x_wconf 90' lang='lat' dir='ltr'><strong>al-</strong></span> 
     </span>
    </p>
   </div>
   <div class='ocr_carea' id='block_1_45' title="bbox 372 4392 1961 4464">
    <p class='ocr_par' dir='ltr' id='par_1_45' title="bbox 372 4392 1961 4464">
     <span class='ocr_line' id='line_1_45' title="bbox 372 4392 1961 4464; baseline 0.001 -17"><span class='ocrx_word' id='word_1_370' title='bbox 372 4403 484 4447; x_wconf 90' lang='lat' dir='ltr'><strong>tum</strong></span> <span class='ocrx_word' id='word_1_371' title='bbox 517 4394 674 4464; x_wconf 90' lang='lat' dir='ltr'><strong>erigit</strong></span> <span class='ocrx_word' id='word_1_372' title='bbox 700 4412 714 4447; x_wconf 90' lang='lat'><strong>:</strong></span> <span class='ocrx_word' id='word_1_373' title='bbox 745 4392 833 4449; x_wconf 90' lang='lat' dir='ltr'><strong>hic</strong></span> <span class='ocrx_word' id='word_1_374' title='bbox 864 4395 1053 4450; x_wconf 89' lang='lat' dir='ltr'><strong>melior</strong></span> <span class='ocrx_word' id='word_1_375' title='bbox 1082 4394 1201 4449; x_wconf 84' lang='lat' dir='ltr'><strong>fons</strong></span> <span class='ocrx_word' id='word_1_376' title='bbox 1237 4404 1323 4450; x_wconf 89' lang='lat' dir='ltr'><strong>est</strong></span> <span class='ocrx_word' id='word_1_377' title='bbox 1352 4395 1462 4457; x_wconf 88' lang='lat' dir='ltr'><strong>illo,</strong></span> <span class='ocrx_word' id='word_1_378' title='bbox 1494 4395 1583 4462; x_wconf 90' lang='lat' dir='ltr'><strong>qui</strong></span> <span class='ocrx_word' id='word_1_379' title='bbox 1630 4394 1680 4449; x_wconf 89' lang='lat' dir='ltr'><strong>in</strong></span> <span class='ocrx_word' id='word_1_380' title='bbox 1712 4393 1961 4464; x_wconf 86' lang='lat' dir='ltr'><strong>paradiso</strong></span> 
     </span>
    </p>
   </div>
   <div class='ocr_carea' id='block_1_46' title="bbox 374 4485 1960 4559">
    <p class='ocr_par' dir='ltr' id='par_1_46' title="bbox 374 4485 1960 4559">
     <span class='ocr_line' id='line_1_46' title="bbox 374 4485 1960 4559; baseline -0.002 -17"><span class='ocrx_word' id='word_1_381' title='bbox 374 4496 512 4554; x_wconf 89' lang='lat' dir='ltr'><strong>erat,</strong></span> <span class='ocrx_word' id='word_1_382' title='bbox 544 4503 649 4542; x_wconf 90' lang='lat' dir='ltr'><strong>non</strong></span> <span class='ocrx_word' id='word_1_383' title='bbox 695 4489 747 4542; x_wconf 91' lang='lat' dir='ltr'><strong>in</strong></span> <span class='ocrx_word' id='word_1_384' title='bbox 787 4500 1020 4559; x_wconf 89' lang='lat' dir='ltr'><strong>quatuor</strong></span> <span class='ocrx_word' id='word_1_385' title='bbox 1056 4488 1484 4557; x_wconf 79' lang='lat' dir='ltr'><strong>capita.(livisus.</strong></span> <span class='ocrx_word' id='word_1_386' title='bbox 1524 4487 1618 4541; x_wconf 89' lang='lat' dir='ltr'><strong>sed</strong></span> <span class='ocrx_word' id='word_1_387' title='bbox 1659 4487 1724 4541; x_wconf 89' lang='lat' dir='ltr'><strong>ad</strong></span> <span class='ocrx_word' id='word_1_388' title='bbox 1769 4485 1960 4540; x_wconf 63' lang='lat' dir='ltr'><strong>caelum</strong></span> 
     </span>
    </p>
   </div>
   <div class='ocr_carea' id='block_1_47' title="bbox 373 4576 1959 4649">
    <p class='ocr_par' dir='ltr' id='par_1_47' title="bbox 373 4576 1959 4649">
     <span class='ocr_line' id='line_1_47' title="bbox 373 4576 1959 4649; baseline -0.002 -18"><span class='ocrx_word' id='word_1_389' title='bbox 373 4578 547 4649; x_wconf 88' lang='lat' dir='ltr'><strong>ipsum</strong></span> <span class='ocrx_word' id='word_1_390' title='bbox 579 4578 928 4647; x_wconf 83' lang='lat' dir='ltr'><strong>pertingens:</strong></span> <span class='ocrx_word' id='word_1_391' title='bbox 963 4579 1048 4631; x_wconf 90' lang='lat' dir='ltr'><strong>hic</strong></span> <span class='ocrx_word' id='word_1_392' title='bbox 1076 4577 1214 4646; x_wconf 80' lang='lat' dir='ltr'><strong>parit</strong></span> <span class='ocrx_word' id='word_1_393' title='bbox 1241 4577 1457 4631; x_wconf 91' lang='lat' dir='ltr'><strong>ﬂuvium</strong></span> <span class='ocrx_word' id='word_1_394' title='bbox 1498 4576 1642 4628; x_wconf 86' lang='grc' dir='ltr'>ἰ11ιιιιι</span> <span class='ocrx_word' id='word_1_395' title='bbox 1680 4576 1959 4629; x_wconf 83' lang='lat' dir='ltr'><strong>salientem</strong></span> 
     </span>
    </p>
   </div>
   <div class='ocr_carea' id='block_1_48' title="bbox 381 4666 1963 4737">
    <p class='ocr_par' dir='ltr' id='par_1_48' title="bbox 381 4666 1963 4737">
     <span class='ocr_line' id='line_1_48' title="bbox 381 4666 1963 4737; baseline -0.002 -14"><span class='ocrx_word' id='word_1_396' title='bbox 381 4670 436 4723; x_wconf 88' lang='lat' dir='ltr'><strong>in</strong></span> <span class='ocrx_word' id='word_1_397' title='bbox 462 4669 621 4721; x_wconf 89' lang='lat' dir='ltr'><strong>vitam</strong></span> <span class='ocrx_word' id='word_1_398' title='bbox 649 4677 901 4721; x_wconf 82' lang='lat' dir='ltr'><strong>:eternam</strong></span> <span class='ocrx_word' id='word_1_399' title='bbox 926 4668 1108 4734; x_wconf 81' lang='lat' dir='ltr'><strong>(Joan.</strong></span> <span class='ocrx_word' id='word_1_400' title='bbox 1136 4668 1189 4720; x_wconf 72' lang='grc'><strong>4.</strong></span> <span class='ocrx_word' id='word_1_401' title='bbox 1225 4668 1312 4737; x_wconf 70' lang='grc'><strong>14)</strong></span> <span class='ocrx_word' id='word_1_402' title='bbox 1343 4685 1355 4720; x_wconf 90' lang='lat'><strong>:</strong></span> <span class='ocrx_word' id='word_1_403' title='bbox 1390 4667 1442 4719; x_wconf 93' lang='lat' dir='ltr'><strong>in</strong></span> <span class='ocrx_word' id='word_1_404' title='bbox 1484 4666 1624 4719; x_wconf 87' lang='lat' dir='ltr'><strong>hunc</strong></span> <span class='ocrx_word' id='word_1_405' title='bbox 1653 4681 1799 4719; x_wconf 90' lang='lat' dir='ltr'><strong>mors</strong></span> <span class='ocrx_word' id='word_1_406' title='bbox 1830 4666 1963 4720; x_wconf 81' lang='lat' dir='ltr'><strong>inci-</strong></span> 
     </span>
    </p>
   </div>
   <div class='ocr_carea' id='block_1_49' title="bbox 374 4756 1964 4827">
    <p class='ocr_par' dir='ltr' id='par_1_49' title="bbox 374 4756 1964 4827">
     <span class='ocr_line' id='line_1_49' title="bbox 374 4756 1964 4827; baseline -0.001 -14"><span class='ocrx_word' id='word_1_407' title='bbox 374 4760 530 4818; x_wconf 86' lang='lat' dir='ltr'><strong>deus,</strong></span> <span class='ocrx_word' id='word_1_408' title='bbox 555 4757 704 4827; x_wconf 88' lang='lat' dir='ltr'><strong>quasi</strong></span> <span class='ocrx_word' id='word_1_409' title='bbox 732 4759 961 4812; x_wconf 84' lang='lat' dir='ltr'><strong>scmtilla</strong></span> <span class='ocrx_word' id='word_1_410' title='bbox 985 4759 1284 4812; x_wconf 84' lang='lat' dir='ltr'><strong>absumitur</strong></span> <span class='ocrx_word' id='word_1_411' title='bbox 1307 4776 1337 4811; x_wconf 86' lang='lat' dir='ltr'><strong>a</strong></span> <span class='ocrx_word' id='word_1_412' title='bbox 1364 4759 1507 4810; x_wconf 80' lang='lat' dir='ltr'><strong>fonte</strong></span> <span class='ocrx_word' id='word_1_413' title='bbox 1536 4775 1548 4807; x_wconf 95' lang='lat'>:</span> <span class='ocrx_word' id='word_1_414' title='bbox 1581 4758 1715 4810; x_wconf 87' lang='lat' dir='ltr'><strong>adeo</strong></span> <span class='ocrx_word' id='word_1_415' title='bbox 1738 4756 1823 4812; x_wconf 91' lang='lat' dir='ltr'><strong>hic</strong></span> <span class='ocrx_word' id='word_1_416' title='bbox 1847 4757 1964 4811; x_wconf 81' lang='lat' dir='ltr'><strong>ubi-</strong></span> 
     </span>
    </p>
   </div>
   <div class='ocr_carea' id='block_1_50' title="bbox 375 4848 1958 4920">
    <p class='ocr_par' dir='ltr' id='par_1_50' title="bbox 375 4848 1958 4920">
     <span class='ocr_line' id='line_1_50' title="bbox 375 4848 1958 4920; baseline -0.001 -15"><span class='ocrx_word' id='word_1_417' title='bbox 375 4865 607 4919; x_wconf 83' lang='lat' dir='ltr'><strong>cumque</strong></span> <span class='ocrx_word' id='word_1_418' title='bbox 644 4849 826 4913; x_wconf 87' lang='lat' dir='ltr'><strong>stillet,</strong></span> <span class='ocrx_word' id='word_1_419' title='bbox 871 4864 1061 4920; x_wconf 82' lang='lat' dir='ltr'><strong>magna</strong></span> <span class='ocrx_word' id='word_1_420' title='bbox 1112 4859 1365 4918; x_wconf 83' lang='lat' dir='ltr'><strong>operatur</strong></span> <span class='ocrx_word' id='word_1_421' title='bbox 1409 4850 1565 4903; x_wconf 89' lang='lat' dir='ltr'><strong>bona.</strong></span> <span class='ocrx_word' id='word_1_422' title='bbox 1602 4848 1696 4902; x_wconf 87' lang='lat' dir='ltr'><strong>Hic</strong></span> <span class='ocrx_word' id='word_1_423' title='bbox 1743 4848 1958 4904; x_wconf 87' lang='lat' dir='ltr'><strong>ﬂuvium</strong></span> 
     </span>
    </p>
   </div>
   <div class='ocr_carea' id='block_1_51' title="bbox 377 4940 1960 5011">
    <p class='ocr_par' dir='ltr' id='par_1_51' title="bbox 377 4940 1960 5011">
     <span class='ocr_line' id='line_1_51' title="bbox 377 4940 1960 5011; baseline 0.001 -17"><span class='ocrx_word' id='word_1_424' title='bbox 377 4940 518 5011; x_wconf 85' lang='lat' dir='ltr'><strong>ignis</strong></span> <span class='ocrx_word' id='word_1_425' title='bbox 538 4941 686 5009; x_wconf 90' lang='lat' dir='ltr'><strong>quasi</strong></span> <span class='ocrx_word' id='word_1_426' title='bbox 703 4941 987 4994; x_wconf 90' lang='lat' dir='ltr'><strong>scintillam</strong></span> <span class='ocrx_word' id='word_1_427' title='bbox 1010 4940 1337 5010; x_wconf 79' lang='lat' dir='ltr'><strong>exstinguit:</strong></span> <span class='ocrx_word' id='word_1_428' title='bbox 1363 4940 1448 4994; x_wconf 91' lang='lat' dir='ltr'><strong>hic</strong></span> <span class='ocrx_word' id='word_1_429' title='bbox 1467 4955 1699 4993; x_wconf 86' lang='lat' dir='ltr'><strong>vermem</strong></span> <span class='ocrx_word' id='word_1_430' title='bbox 1718 4940 1861 4995; x_wconf 91' lang='lat' dir='ltr'><strong>illum</strong></span> <span class='ocrx_word' id='word_1_431' title='bbox 1890 4941 1960 4995; x_wconf 89' lang='lat' dir='ltr'><strong>ita</strong></span> 
     </span>
    </p>
   </div>
   <div class='ocr_carea' id='block_1_52' title="bbox 378 5031 1962 5101">
    <p class='ocr_par' dir='ltr' id='par_1_52' title="bbox 378 5031 1962 5101">
     <span class='ocr_line' id='line_1_52' title="bbox 378 5031 1962 5101; baseline -0.001 -14"><span class='ocrx_word' id='word_1_432' title='bbox 378 5031 607 5087; x_wconf 80' lang='lat' dir='ltr'><strong>snﬂ&#39;oeat</strong></span> <span class='ocrx_word' id='word_1_433' title='bbox 632 5032 783 5101; x_wconf 88' lang='lat' dir='ltr'><strong>quasi</strong></span> <span class='ocrx_word' id='word_1_434' title='bbox 816 5031 1063 5085; x_wconf 86' lang='lat' dir='ltr'><strong>nihilum.</strong></span> <span class='ocrx_word' id='word_1_435' title='bbox 1087 5031 1187 5100; x_wconf 89' lang='lat' dir='ltr'><strong>Qui</strong></span> <span class='ocrx_word' id='word_1_436' title='bbox 1218 5031 1359 5086; x_wconf 92' lang='lat' dir='ltr'><strong>hunc</strong></span> <span class='ocrx_word' id='word_1_437' title='bbox 1374 5031 1553 5094; x_wconf 86' lang='lat' dir='ltr'><strong>habet,</strong></span> <span class='ocrx_word' id='word_1_438' title='bbox 1587 5048 1692 5086; x_wconf 93' lang='lat' dir='ltr'><strong>non</strong></span> <span class='ocrx_word' id='word_1_439' title='bbox 1711 5031 1962 5087; x_wconf 87' lang='lat' dir='ltr'><strong>dentibus</strong></span> 
     </span>
    </p>
   </div>
   <div class='ocr_carea' id='block_1_53' title="bbox 374 5123 1955 5193">
    <p class='ocr_par' dir='ltr' id='par_1_53' title="bbox 374 5123 1955 5193">
     <span class='ocr_line' id='line_1_53' title="bbox 374 5123 1955 5193; baseline -0.001 -14"><span class='ocrx_word' id='word_1_440' title='bbox 374 5124 584 5179; x_wconf 84' lang='lat' dir='ltr'><strong>stridet.</strong></span> <span class='ocrx_word' id='word_1_441' title='bbox 616 5124 692 5177; x_wconf 80' lang='lat' dir='ltr'><strong>Ex</strong></span> <span class='ocrx_word' id='word_1_442' title='bbox 718 5139 851 5193; x_wconf 89' lang='lat' dir='ltr'><strong>aqua</strong></span> <span class='ocrx_word' id='word_1_443' title='bbox 878 5123 980 5177; x_wconf 86' lang='lat' dir='ltr'><strong>ista</strong></span> <span class='ocrx_word' id='word_1_444' title='bbox 1010 5123 1052 5177; x_wconf 88' lang='lat' dir='ltr'><strong>si</strong></span> <span class='ocrx_word' id='word_1_445' title='bbox 1083 5139 1186 5193; x_wconf 90' lang='lat' dir='ltr'><strong>qua</strong></span> <span class='ocrx_word' id='word_1_446' title='bbox 1215 5123 1356 5177; x_wconf 88' lang='lat' dir='ltr'><strong>stilla</strong></span> <span class='ocrx_word' id='word_1_447' title='bbox 1382 5123 1626 5178; x_wconf 82' lang='lat' dir='ltr'><strong>inciderit</strong></span> <span class='ocrx_word' id='word_1_448' title='bbox 1654 5123 1706 5178; x_wconf 92' lang='lat' dir='ltr'><strong>in</strong></span> <span class='ocrx_word' id='word_1_449' title='bbox 1728 5125 1955 5191; x_wconf 84' lang='lat' dir='ltr'><strong>vincula,</strong></span> 
     </span>
    </p>
   </div>
   <div class='ocr_carea' id='block_1_54' title="bbox 375 5216 1957 5287">
    <p class='ocr_par' dir='ltr' id='par_1_54' title="bbox 375 5216 1957 5287">
     <span class='ocr_line' id='line_1_54' title="bbox 375 5216 1957 5287; baseline -0.002 -13"><span class='ocrx_word' id='word_1_450' title='bbox 375 5217 572 5274; x_wconf 85' lang='lat' dir='ltr'><strong>scindit</strong></span> <span class='ocrx_word' id='word_1_451' title='bbox 590 5218 675 5272; x_wconf 89' lang='lat' dir='ltr'><strong>illa</strong></span> <span class='ocrx_word' id='word_1_452' title='bbox 700 5236 711 5269; x_wconf 77' lang='grc' dir='ltr'><strong>ε</strong></span> <span class='ocrx_word' id='word_1_453' title='bbox 733 5218 778 5273; x_wconf 89' lang='lat' dir='ltr'><strong>si</strong></span> <span class='ocrx_word' id='word_1_454' title='bbox 813 5218 864 5270; x_wconf 93' lang='lat' dir='ltr'><strong>in</strong></span> <span class='ocrx_word' id='word_1_455' title='bbox 893 5217 1136 5272; x_wconf 74' lang='lat' dir='ltr'><strong>fornaces</strong></span> <span class='ocrx_word' id='word_1_456' title='bbox 1155 5216 1418 5282; x_wconf 89' lang='lat' dir='ltr'><strong>inciderit,</strong></span> <span class='ocrx_word' id='word_1_457' title='bbox 1444 5233 1631 5272; x_wconf 82' lang='lat' dir='ltr'><strong>oiuues</strong></span> <span class='ocrx_word' id='word_1_458' title='bbox 1649 5219 1957 5287; x_wconf 78' lang='lat' dir='ltr'><strong>exstinguit.</strong></span> 
     </span>
    </p>
   </div>
   <div class='ocr_carea' id='block_1_55' title="bbox 448 5310 1959 5379">
    <p class='ocr_par' dir='ltr' id='par_1_55' title="bbox 448 5310 1959 5379">
     <span class='ocr_line' id='line_1_55' title="bbox 448 5310 1959 5379; baseline -0.003 -12"><span class='ocrx_word' id='word_1_459' title='bbox 448 5317 500 5367; x_wconf 68' lang='grc' dir='ltr'><strong>δ.</strong></span> <span class='ocrx_word' id='word_1_460' title='bbox 543 5312 692 5366; x_wconf 87' lang='lat' dir='ltr'><strong>Siettt</strong></span> <span class='ocrx_word' id='word_1_461' title='bbox 723 5312 811 5365; x_wconf 89' lang='lat' dir='ltr'><strong>ille</strong></span> <span class='ocrx_word' id='word_1_462' title='bbox 844 5311 961 5364; x_wconf 81' lang='lat' dir='ltr'><strong>fons</strong></span> <span class='ocrx_word' id='word_1_463' title='bbox 986 5310 1237 5379; x_wconf 79' lang='lat' dir='ltr'><strong>paradisi,</strong></span> <span class='ocrx_word' id='word_1_464' title='bbox 1272 5325 1375 5365; x_wconf 90' lang='lat' dir='ltr'><strong>non</strong></span> <span class='ocrx_word' id='word_1_465' title='bbox 1401 5310 1557 5364; x_wconf 87' lang='lat' dir='ltr'><strong>modo</strong></span> <span class='ocrx_word' id='word_1_466' title='bbox 1583 5310 1777 5365; x_wconf 86' lang='lat' dir='ltr'><strong>ﬂuenta</strong></span> <span class='ocrx_word' id='word_1_467' title='bbox 1801 5312 1959 5365; x_wconf 84' lang='lat' dir='ltr'><strong>emit-</strong></span> 
     </span>
    </p>
   </div>
   <div class='ocr_carea' id='block_1_56' title="bbox 380 5399 1957 5472">
    <p class='ocr_par' dir='ltr' id='par_1_56' title="bbox 380 5399 1957 5472">
     <span class='ocr_line' id='line_1_56' title="bbox 380 5399 1957 5472; baseline 0 -18"><span class='ocrx_word' id='word_1_468' title='bbox 380 5404 462 5467; x_wconf 90' lang='lat' dir='ltr'><strong>tit,</strong></span> <span class='ocrx_word' id='word_1_469' title='bbox 488 5401 649 5456; x_wconf 90' lang='lat' dir='ltr'><strong>modo</strong></span> <span class='ocrx_word' id='word_1_470' title='bbox 678 5402 913 5456; x_wconf 85' lang='lat' dir='ltr'><strong>siccatur</strong></span> <span class='ocrx_word' id='word_1_471' title='bbox 941 5399 1211 5470; x_wconf 84' lang='lat' dir='ltr'><strong>(alioquin</strong></span> <span class='ocrx_word' id='word_1_472' title='bbox 1230 5401 1338 5470; x_wconf 92' lang='lat' dir='ltr'><strong>jam</strong></span> <span class='ocrx_word' id='word_1_473' title='bbox 1367 5400 1486 5456; x_wconf 92' lang='lat' dir='ltr'><strong>fons</strong></span> <span class='ocrx_word' id='word_1_474' title='bbox 1514 5417 1616 5456; x_wconf 90' lang='lat' dir='ltr'><strong>non</strong></span> <span class='ocrx_word' id='word_1_475' title='bbox 1637 5399 1832 5472; x_wconf 81' lang='lat' dir='ltr'><strong>esset),</strong></span> <span class='ocrx_word' id='word_1_476' title='bbox 1863 5401 1957 5455; x_wconf 78' lang='lat' dir='ltr'><strong>sed</strong></span> 
     </span>
    </p>
   </div>
   <div class='ocr_carea' id='block_1_57' title="bbox 377 5491 1960 5562">
    <p class='ocr_par' dir='ltr' id='par_1_57' title="bbox 377 5491 1960 5562">
     <span class='ocr_line' id='line_1_57' title="bbox 377 5491 1960 5562; baseline -0.002 -14"><span class='ocrx_word' id='word_1_477' title='bbox 377 5509 594 5561; x_wconf 87' lang='lat' dir='ltr'><strong>semper</strong></span> <span class='ocrx_word' id='word_1_478' title='bbox 637 5494 862 5547; x_wconf 66' lang='lat' dir='ltr'><strong>scaturit</strong></span> <span class='ocrx_word' id='word_1_479' title='bbox 892 5510 905 5546; x_wconf 92' lang='lat'><strong>:</strong></span> <span class='ocrx_word' id='word_1_480' title='bbox 941 5493 1011 5546; x_wconf 89' lang='lat' dir='ltr'><strong>ita</strong></span> <span class='ocrx_word' id='word_1_481' title='bbox 1038 5502 1092 5548; x_wconf 90' lang='lat' dir='ltr'><strong>et</strong></span> <span class='ocrx_word' id='word_1_482' title='bbox 1124 5491 1243 5546; x_wconf 91' lang='lat' dir='ltr'><strong>fons</strong></span> <span class='ocrx_word' id='word_1_483' title='bbox 1284 5500 1466 5547; x_wconf 90' lang='lat' dir='ltr'><strong>noster</strong></span> <span class='ocrx_word' id='word_1_484' title='bbox 1502 5508 1717 5562; x_wconf 87' lang='lat' dir='ltr'><strong>semper</strong></span> <span class='ocrx_word' id='word_1_485' title='bbox 1762 5492 1960 5561; x_wconf 77' lang='lat' dir='ltr'><strong>largius</strong></span> 
     </span>
    </p>
   </div>
   <div class='ocr_carea' id='block_1_58' title="bbox 379 5580 1955 5653">
    <p class='ocr_par' dir='ltr' id='par_1_58' title="bbox 379 5580 1955 5653">
     <span class='ocr_line' id='line_1_58' title="bbox 379 5580 1955 5653; baseline -0.004 -15"><span class='ocrx_word' id='word_1_486' title='bbox 379 5583 577 5638; x_wconf 88' lang='lat' dir='ltr'><strong>ﬂuenta</strong></span> <span class='ocrx_word' id='word_1_487' title='bbox 621 5582 859 5638; x_wconf 84' lang='lat' dir='ltr'><strong>eﬂuudat</strong></span> <span class='ocrx_word' id='word_1_488' title='bbox 900 5582 967 5637; x_wconf 90' lang='lat' dir='ltr'><strong>ad</strong></span> <span class='ocrx_word' id='word_1_489' title='bbox 1003 5598 1096 5638; x_wconf 91' lang='lat' dir='ltr'><strong>eos</strong></span> <span class='ocrx_word' id='word_1_490' title='bbox 1128 5583 1392 5646; x_wconf 83' lang='lat' dir='ltr'><strong>maxime,</strong></span> <span class='ocrx_word' id='word_1_491' title='bbox 1450 5582 1540 5653; x_wconf 91' lang='lat' dir='ltr'><strong>qui</strong></span> <span class='ocrx_word' id='word_1_492' title='bbox 1589 5580 1955 5636; x_wconf 88' lang='lat' dir='ltr'><strong>misericordia</strong></span> 
     </span>
    </p>
   </div>
   <div class='ocr_carea' id='block_1_59' title="bbox 376 5671 1956 5741">
    <p class='ocr_par' dir='ltr' id='par_1_59' title="bbox 376 5671 1956 5741">
     <span class='ocr_line' id='line_1_59' title="bbox 376 5671 1956 5741; baseline -0.003 -13"><span class='ocrx_word' id='word_1_493' title='bbox 376 5684 587 5739; x_wconf 75' lang='lat' dir='ltr'><strong>egeant,</strong></span> <span class='ocrx_word' id='word_1_494' title='bbox 622 5684 675 5727; x_wconf 86' lang='lat' dir='ltr'><strong>ut</strong></span> <span class='ocrx_word' id='word_1_495' title='bbox 707 5674 823 5728; x_wconf 83' lang='lat' dir='ltr'><strong>fons</strong></span> <span class='ocrx_word' id='word_1_496' title='bbox 851 5683 1082 5729; x_wconf 81' lang='lat' dir='ltr'><strong>maneat.</strong></span> <span class='ocrx_word' id='word_1_497' title='bbox 1114 5675 1223 5728; x_wconf 90' lang='lat' dir='ltr'><strong>lloc</strong></span> <span class='ocrx_word' id='word_1_498' title='bbox 1246 5674 1468 5730; x_wconf 87' lang='lat' dir='ltr'><strong>hilarem</strong></span> <span class='ocrx_word' id='word_1_499' title='bbox 1499 5672 1670 5729; x_wconf 84' lang='lat' dir='ltr'><strong>reddit</strong></span> <span class='ocrx_word' id='word_1_500' title='bbox 1691 5688 1834 5734; x_wconf 87' lang='lat' dir='ltr'><strong>eum,</strong></span> <span class='ocrx_word' id='word_1_501' title='bbox 1867 5671 1956 5741; x_wconf 93' lang='lat' dir='ltr'><strong>qui</strong></span> 
     </span>
    </p>
   </div>
   <div class='ocr_carea' id='block_1_60' title="bbox 377 5764 1953 5837">
    <p class='ocr_par' dir='ltr' id='par_1_60' title="bbox 377 5764 1953 5837">
     <span class='ocr_line' id='line_1_60' title="bbox 377 5764 1953 5837; baseline -0.003 -16"><span class='ocrx_word' id='word_1_502' title='bbox 377 5765 568 5837; x_wconf 73' lang='lat' dir='ltr'><strong>accipit</strong></span> <span class='ocrx_word' id='word_1_503' title='bbox 602 5782 610 5814; x_wconf 91' lang='lat'>:</span> <span class='ocrx_word' id='word_1_504' title='bbox 642 5766 740 5819; x_wconf 81' lang='lat' dir='ltr'><strong>hoc</strong></span> <span class='ocrx_word' id='word_1_505' title='bbox 777 5766 1116 5836; x_wconf 65' lang='lat' dir='ltr'><strong>cleemosyna</strong></span> <span class='ocrx_word' id='word_1_506' title='bbox 1143 5776 1254 5829; x_wconf 77' lang='lat' dir='ltr'><strong>est,</strong></span> <span class='ocrx_word' id='word_1_507' title='bbox 1306 5768 1349 5821; x_wconf 89' lang='lat' dir='ltr'><strong>si</strong></span> <span class='ocrx_word' id='word_1_508' title='bbox 1392 5782 1496 5821; x_wconf 83' lang='lat' dir='ltr'><strong>non</strong></span> <span class='ocrx_word' id='word_1_509' title='bbox 1527 5764 1681 5821; x_wconf 62' lang='lat' dir='ltr'><strong>moda</strong></span> <span class='ocrx_word' id='word_1_510' title='bbox 1713 5766 1953 5833; x_wconf 80' lang='lat' dir='ltr'><strong>rapidum</strong></span> 
     </span>
    </p>
   </div>
   <div class='ocr_carea' id='block_1_61' title="bbox 1107 312 2916 377">
    <p class='ocr_par' dir='ltr' id='par_1_61' title="bbox 1107 312 2916 377">
     <span class='ocr_line' id='line_1_61' title="bbox 1107 312 2916 377; baseline -0.001 0"><span class='ocrx_word' id='word_1_511' title='bbox 1107 321 1163 377; x_wconf 87' lang='lat' dir='ltr'><strong>S.</strong></span> <span class='ocrx_word' id='word_1_512' title='bbox 1203 319 1480 376; x_wconf 78' lang='lat' dir='ltr'><strong>JOANNIS</strong></span> <span class='ocrx_word' id='word_1_513' title='bbox 1506 312 1978 372; x_wconf 74' lang='lat' dir='ltr'><strong>CllltYSOSTUMl</strong></span> <span class='ocrx_word' id='word_1_514' title='bbox 2033 314 2349 371; x_wconf 75' lang='lat' dir='ltr'><strong>ARCIIIEP.</strong></span> <span class='ocrx_word' id='word_1_515' title='bbox 2385 317 2916 375; x_wconf 69' lang='lat' dir='ltr'><strong>CONSTANTINOP.</strong></span> 
     </span>
    </p>
   </div>
   <div class='ocr_carea' id='block_1_62' title="bbox 3543 323 3642 378">
    <p class='ocr_par' dir='ltr' id='par_1_62' title="bbox 3543 323 3642 378">
     <span class='ocr_line' id='line_1_62' title="bbox 3543 323 3642 378; baseline 0.01 -3"><span class='ocrx_word' id='word_1_516' title='bbox 3543 323 3642 378; x_wconf 74' lang='grc'><strong>170</strong></span> 
     </span>
    </p>
   </div>
   <div class='ocr_carea' id='block_1_63' title="bbox 2061 433 3643 507">
    <p class='ocr_par' dir='ltr' id='par_1_63' title="bbox 2061 433 3643 507">
     <span class='ocr_line' id='line_1_63' title="bbox 2061 433 3643 507; baseline 0.006 -23"><span class='ocrx_word' id='word_1_517' title='bbox 2061 433 2319 486; x_wconf 88' lang='lat' dir='ltr'><strong>ﬂuentum</strong></span> <span class='ocrx_word' id='word_1_518' title='bbox 2351 435 2578 507; x_wconf 86' lang='lat' dir='ltr'><strong>emittat,</strong></span> <span class='ocrx_word' id='word_1_519' title='bbox 2611 436 2704 490; x_wconf 82' lang='lat' dir='ltr'><strong>sed</strong></span> <span class='ocrx_word' id='word_1_520' title='bbox 2727 436 2886 489; x_wconf 86' lang='lat' dir='ltr'><strong>etiam</strong></span> <span class='ocrx_word' id='word_1_521' title='bbox 2912 445 3247 506; x_wconf 85' lang='lat' dir='ltr'><strong>perpetuum.</strong></span> <span class='ocrx_word' id='word_1_522' title='bbox 3275 436 3331 490; x_wconf 85' lang='lat' dir='ltr'><strong>Si</strong></span> <span class='ocrx_word' id='word_1_523' title='bbox 3363 438 3465 504; x_wconf 89' lang='lat' dir='ltr'><strong>vis,</strong></span> <span class='ocrx_word' id='word_1_524' title='bbox 3491 438 3643 507; x_wconf 84' lang='lat' dir='ltr'><strong>quasi</strong></span> 
     </span>
    </p>
   </div>
   <div class='ocr_carea' id='block_1_64' title="bbox 2057 524 3643 598">
    <p class='ocr_par' dir='ltr' id='par_1_64' title="bbox 2057 524 3643 598">
     <span class='ocr_line' id='line_1_64' title="bbox 2057 524 3643 598; baseline 0.004 -19"><span class='ocrx_word' id='word_1_525' title='bbox 2057 540 2121 579; x_wconf 82' lang='lat' dir='ltr'><strong>ex</strong></span> <span class='ocrx_word' id='word_1_526' title='bbox 2166 524 2398 580; x_wconf 88' lang='lat' dir='ltr'><strong>fontibus</strong></span> <span class='ocrx_word' id='word_1_527' title='bbox 2440 527 2530 580; x_wconf 90' lang='lat' dir='ltr'><strong>tibi</strong></span> <span class='ocrx_word' id='word_1_528' title='bbox 2563 528 2653 582; x_wconf 89' lang='lat' dir='ltr'><strong>Dei</strong></span> <span class='ocrx_word' id='word_1_529' title='bbox 2693 528 3117 583; x_wconf 87' lang='lat' dir='ltr'><strong>misericordiam</strong></span> <span class='ocrx_word' id='word_1_530' title='bbox 3166 529 3429 598; x_wconf 89' lang='lat' dir='ltr'><strong>impluerc</strong></span> <span class='ocrx_word' id='word_1_531' title='bbox 3451 572 3466 595; x_wconf 92' lang='lat'><strong>,</strong></span> <span class='ocrx_word' id='word_1_532' title='bbox 3498 541 3553 585; x_wconf 89' lang='lat' dir='ltr'><strong>et</strong></span> <span class='ocrx_word' id='word_1_533' title='bbox 3586 541 3643 585; x_wconf 88' lang='lat' dir='ltr'><strong>tu</strong></span> 
     </span>
    </p>
   </div>
   <div class='ocr_carea' id='block_1_65' title="bbox 2059 616 3647 690">
    <p class='ocr_par' dir='ltr' id='par_1_65' title="bbox 2059 616 3647 690">
     <span class='ocr_line' id='line_1_65' title="bbox 2059 616 3647 690; baseline 0.003 -20"><span class='ocrx_word' id='word_1_534' title='bbox 2059 616 2258 671; x_wconf 89' lang='lat' dir='ltr'><strong>fontem</strong></span> <span class='ocrx_word' id='word_1_535' title='bbox 2306 617 2521 673; x_wconf 87' lang='lat' dir='ltr'><strong>habeto.</strong></span> <span class='ocrx_word' id='word_1_536' title='bbox 2553 618 2693 673; x_wconf 84' lang='lat' dir='ltr'><strong>Nihil</strong></span> <span class='ocrx_word' id='word_1_537' title='bbox 2741 619 2813 674; x_wconf 91' lang='lat' dir='ltr'><strong>illi</strong></span> <span class='ocrx_word' id='word_1_538' title='bbox 2845 635 2941 689; x_wconf 88' lang='lat' dir='ltr'><strong>par</strong></span> <span class='ocrx_word' id='word_1_539' title='bbox 2976 628 3080 676; x_wconf 86' lang='lat' dir='ltr'><strong>est.</strong></span> <span class='ocrx_word' id='word_1_540' title='bbox 3111 621 3166 674; x_wconf 86' lang='lat' dir='ltr'><strong>Si</strong></span> <span class='ocrx_word' id='word_1_541' title='bbox 3198 628 3251 674; x_wconf 91' lang='lat' dir='ltr'><strong>tu</strong></span> <span class='ocrx_word' id='word_1_542' title='bbox 3289 619 3451 675; x_wconf 90' lang='lat' dir='ltr'><strong>fontis</strong></span> <span class='ocrx_word' id='word_1_543' title='bbox 3488 620 3647 690; x_wconf 89' lang='lat' dir='ltr'><strong>hujus</strong></span> 
     </span>
    </p>
   </div>
   <div class='ocr_carea' id='block_1_66' title="bbox 2055 710 3703 786">
    <p class='ocr_par' dir='ltr' id='par_1_66' title="bbox 2055 710 3703 786">
     <span class='ocr_line' id='line_1_66' title="bbox 2055 710 3703 786; baseline 0.004 -24"><span class='ocrx_word' id='word_1_544' title='bbox 2055 722 2148 762; x_wconf 77' lang='lat' dir='ltr'><strong>ora</strong></span> <span class='ocrx_word' id='word_1_545' title='bbox 2181 711 2481 779; x_wconf 80' lang='lat' dir='ltr'><strong>aperueris,</strong></span> <span class='ocrx_word' id='word_1_546' title='bbox 2519 710 2677 765; x_wconf 86' lang='lat' dir='ltr'><strong>fontis</strong></span> <span class='ocrx_word' id='word_1_547' title='bbox 2707 711 2799 767; x_wconf 84' lang='lat' dir='ltr'><strong>Dei</strong></span> <span class='ocrx_word' id='word_1_548' title='bbox 2829 712 2952 767; x_wconf 87' lang='lat' dir='ltr'><strong>talia</strong></span> <span class='ocrx_word' id='word_1_549' title='bbox 2983 721 3144 768; x_wconf 87' lang='lat' dir='ltr'><strong>erunt</strong></span> <span class='ocrx_word' id='word_1_550' title='bbox 3170 730 3286 780; x_wconf 88' lang='lat' dir='ltr'><strong>ora,</strong></span> <span class='ocrx_word' id='word_1_551' title='bbox 3311 723 3368 767; x_wconf 91' lang='lat' dir='ltr'><strong>ut</strong></span> <span class='ocrx_word' id='word_1_552' title='bbox 3388 715 3644 786; x_wconf 71' lang='lat' dir='ltr'><strong>abyssum</strong></span> <span class='ocrx_word' id='word_1_553' title='bbox 3700 712 3703 713; x_wconf 58' lang='grc'><strong><em>⁷</em></strong></span> 
     </span>
    </p>
   </div>
   <div class='ocr_carea' id='block_1_67' title="bbox 2056 803 3647 877">
    <p class='ocr_par' dir='ltr' id='par_1_67' title="bbox 2056 803 3647 877">
     <span class='ocr_line' id='line_1_67' title="bbox 2056 803 3647 877; baseline 0.006 -23"><span class='ocrx_word' id='word_1_554' title='bbox 2056 814 2271 855; x_wconf 88' lang='lat' dir='ltr'><strong>omnem</strong></span> <span class='ocrx_word' id='word_1_555' title='bbox 2305 813 2579 873; x_wconf 89' lang='lat' dir='ltr'><strong>superent.</strong></span> <span class='ocrx_word' id='word_1_556' title='bbox 2622 803 2967 860; x_wconf 89' lang='lat' dir='ltr'><strong>Occasionem</strong></span> <span class='ocrx_word' id='word_1_557' title='bbox 2996 808 3167 862; x_wconf 90' lang='lat' dir='ltr'><strong>solum</strong></span> <span class='ocrx_word' id='word_1_558' title='bbox 3209 808 3398 877; x_wconf 73' lang='lat' dir='ltr'><strong>qnterit</strong></span> <span class='ocrx_word' id='word_1_559' title='bbox 3426 824 3457 863; x_wconf 90' lang='lat' dir='ltr'><strong>a</strong></span> <span class='ocrx_word' id='word_1_560' title='bbox 3488 810 3647 864; x_wconf 89' lang='lat' dir='ltr'><strong>nobis</strong></span> 
     </span>
    </p>
   </div>
   <div class='ocr_carea' id='block_1_68' title="bbox 2057 893 3641 970">
    <p class='ocr_par' dir='ltr' id='par_1_68' title="bbox 2057 893 3641 970">
     <span class='ocr_line' id='line_1_68' title="bbox 2057 893 3641 970; baseline 0.005 -24"><span class='ocrx_word' id='word_1_561' title='bbox 2057 893 2301 962; x_wconf 88' lang='lat' dir='ltr'><strong>accipere</strong></span> <span class='ocrx_word' id='word_1_562' title='bbox 2343 894 2504 961; x_wconf 85' lang='lat' dir='ltr'><strong>Deus,</strong></span> <span class='ocrx_word' id='word_1_563' title='bbox 2533 905 2588 951; x_wconf 89' lang='lat' dir='ltr'><strong>et</strong></span> <span class='ocrx_word' id='word_1_564' title='bbox 2619 897 2893 965; x_wconf 76' lang='lat' dir='ltr'><strong>profundit</strong></span> <span class='ocrx_word' id='word_1_565' title='bbox 2924 898 3060 953; x_wconf 91' lang='lat' dir='ltr'><strong>bona</strong></span> <span class='ocrx_word' id='word_1_566' title='bbox 3109 915 3172 954; x_wconf 86' lang='lat' dir='ltr'><strong>ex</strong></span> <span class='ocrx_word' id='word_1_567' title='bbox 3205 902 3477 970; x_wconf 89' lang='lat' dir='ltr'><strong>peuuariis</strong></span> <span class='ocrx_word' id='word_1_568' title='bbox 3507 903 3641 956; x_wconf 84' lang='lat' dir='ltr'><strong>suis.</strong></span> 
     </span>
    </p>
   </div>
   <div class='ocr_carea' id='block_1_69' title="bbox 2054 982 3646 1055">
    <p class='ocr_par' dir='ltr' id='par_1_69' title="bbox 2054 982 3646 1055">
     <span class='ocr_line' id='line_1_69' title="bbox 2054 982 3646 1055; baseline 0.007 -19"><span class='ocrx_word' id='word_1_569' title='bbox 2054 982 2186 1037; x_wconf 77' lang='lat' dir='ltr'><strong>Cum</strong></span> <span class='ocrx_word' id='word_1_570' title='bbox 2222 985 2457 1048; x_wconf 91' lang='lat' dir='ltr'><strong>insumit,</strong></span> <span class='ocrx_word' id='word_1_571' title='bbox 2513 1002 2635 1041; x_wconf 89' lang='lat' dir='ltr'><strong>cum</strong></span> <span class='ocrx_word' id='word_1_572' title='bbox 2676 987 2953 1055; x_wconf 77' lang='lat' dir='ltr'><strong>impendit,</strong></span> <span class='ocrx_word' id='word_1_573' title='bbox 2989 1000 3113 1044; x_wconf 92' lang='lat' dir='ltr'><strong>tunc</strong></span> <span class='ocrx_word' id='word_1_574' title='bbox 3161 990 3313 1045; x_wconf 87' lang='lat' dir='ltr'><strong>dives</strong></span> <span class='ocrx_word' id='word_1_575' title='bbox 3356 1003 3474 1055; x_wconf 91' lang='lat' dir='ltr'><strong>est,</strong></span> <span class='ocrx_word' id='word_1_576' title='bbox 3520 1001 3646 1047; x_wconf 90' lang='lat' dir='ltr'><strong>tunc</strong></span> 
     </span>
    </p>
   </div>
   <div class='ocr_carea' id='block_1_70' title="bbox 2056 1075 3633 1151">
    <p class='ocr_par' dir='ltr' id='par_1_70' title="bbox 2056 1075 3633 1151">
     <span class='ocr_line' id='line_1_70' title="bbox 2056 1075 3633 1151; baseline 0.007 -25"><span class='ocrx_word' id='word_1_577' title='bbox 2056 1075 2364 1142; x_wconf 91' lang='lat' dir='ltr'><strong>opulentus.</strong></span> <span class='ocrx_word' id='word_1_578' title='bbox 2384 1076 2626 1146; x_wconf 83' lang='lat' dir='ltr'><strong>Magnum</strong></span> <span class='ocrx_word' id='word_1_579' title='bbox 2651 1088 2811 1133; x_wconf 84' lang='lat' dir='ltr'><strong>estus</strong></span> <span class='ocrx_word' id='word_1_580' title='bbox 2835 1079 2994 1133; x_wconf 87' lang='lat' dir='ltr'><strong>fontis</strong></span> <span class='ocrx_word' id='word_1_581' title='bbox 3023 1081 3164 1136; x_wconf 88' lang='lat' dir='ltr'><strong>illius</strong></span> <span class='ocrx_word' id='word_1_582' title='bbox 3188 1099 3199 1133; x_wconf 89' lang='lat'><strong>:</strong></span> <span class='ocrx_word' id='word_1_583' title='bbox 3221 1097 3413 1151; x_wconf 89' lang='lat' dir='ltr'><strong>purmn</strong></span> <span class='ocrx_word' id='word_1_584' title='bbox 3442 1093 3495 1138; x_wconf 88' lang='lat' dir='ltr'><strong>et</strong></span> <span class='ocrx_word' id='word_1_585' title='bbox 3515 1084 3633 1136; x_wconf 89' lang='lat' dir='ltr'><strong>lim-</strong></span> 
     </span>
    </p>
   </div>
   <div class='ocr_carea' id='block_1_71' title="bbox 2056 1162 3645 1242">
    <p class='ocr_par' dir='ltr' id='par_1_71' title="bbox 2056 1162 3645 1242">
     <span class='ocr_line' id='line_1_71' title="bbox 2056 1162 3645 1242; baseline 0.007 -25"><span class='ocrx_word' id='word_1_586' title='bbox 2056 1162 2237 1233; x_wconf 91' lang='lat' dir='ltr'><strong>pidum</strong></span> <span class='ocrx_word' id='word_1_587' title='bbox 2268 1165 2383 1234; x_wconf 80' lang='lat' dir='ltr'><strong>ejus</strong></span> <span class='ocrx_word' id='word_1_588' title='bbox 2412 1166 2690 1220; x_wconf 89' lang='lat' dir='ltr'><strong>ﬂuenttnn.</strong></span> <span class='ocrx_word' id='word_1_589' title='bbox 2722 1167 2776 1223; x_wconf 89' lang='lat' dir='ltr'><strong>Si</strong></span> <span class='ocrx_word' id='word_1_590' title='bbox 2818 1169 2961 1224; x_wconf 90' lang='lat' dir='ltr'><strong>hunc</strong></span> <span class='ocrx_word' id='word_1_591' title='bbox 2999 1186 3102 1223; x_wconf 90' lang='lat' dir='ltr'><strong>non</strong></span> <span class='ocrx_word' id='word_1_592' title='bbox 3149 1171 3416 1238; x_wconf 89' lang='lat' dir='ltr'><strong>obstruas,</strong></span> <span class='ocrx_word' id='word_1_593' title='bbox 3466 1188 3645 1242; x_wconf 80' lang='lat' dir='ltr'><strong>neque</strong></span> 
     </span>
    </p>
   </div>
   <div class='ocr_carea' id='block_1_72' title="bbox 2057 1254 3644 1329">
    <p class='ocr_par' dir='ltr' id='par_1_72' title="bbox 2057 1254 3644 1329">
     <span class='ocr_line' id='line_1_72' title="bbox 2057 1254 3644 1329; baseline 0.005 -21"><span class='ocrx_word' id='word_1_594' title='bbox 2057 1254 2204 1310; x_wconf 91' lang='lat' dir='ltr'><strong>illum</strong></span> <span class='ocrx_word' id='word_1_595' title='bbox 2231 1255 2496 1311; x_wconf 90' lang='lat' dir='ltr'><strong>obstrues.</strong></span> <span class='ocrx_word' id='word_1_596' title='bbox 2533 1257 2687 1311; x_wconf 87' lang='lat' dir='ltr'><strong>Nulla</strong></span> <span class='ocrx_word' id='word_1_597' title='bbox 2721 1258 3042 1312; x_wconf 83' lang='lat' dir='ltr'><strong>infructuosa</strong></span> <span class='ocrx_word' id='word_1_598' title='bbox 3067 1260 3218 1329; x_wconf 81' lang='lat' dir='ltr'><strong>juxta</strong></span> <span class='ocrx_word' id='word_1_599' title='bbox 3253 1261 3396 1315; x_wconf 88' lang='lat' dir='ltr'><strong>illtnn</strong></span> <span class='ocrx_word' id='word_1_600' title='bbox 3425 1272 3528 1317; x_wconf 89' lang='lat' dir='ltr'><strong>stet</strong></span> <span class='ocrx_word' id='word_1_601' title='bbox 3551 1278 3644 1317; x_wconf 85' lang='lat' dir='ltr'><strong>ar-</strong></span> 
     </span>
    </p>
   </div>
   <div class='ocr_carea' id='block_1_73' title="bbox 2057 1347 3646 1414">
    <p class='ocr_par' dir='ltr' id='par_1_73' title="bbox 2057 1347 3646 1414">
     <span class='ocr_line' id='line_1_73' title="bbox 2057 1347 3646 1414; baseline 0.005 -12"><span class='ocrx_word' id='word_1_602' title='bbox 2057 1347 2176 1414; x_wconf 88' lang='lat' dir='ltr'><strong>bor,</strong></span> <span class='ocrx_word' id='word_1_603' title='bbox 2205 1365 2272 1403; x_wconf 90' lang='lat' dir='ltr'><strong>ne</strong></span> <span class='ocrx_word' id='word_1_604' title='bbox 2300 1348 2752 1405; x_wconf 58' lang='lat' dir='ltr'><strong>humorem‘illum</strong></span> <span class='ocrx_word' id='word_1_605' title='bbox 2784 1351 3049 1406; x_wconf 84' lang='lat' dir='ltr'><strong>absumat.</strong></span> <span class='ocrx_word' id='word_1_606' title='bbox 3082 1352 3258 1407; x_wconf 81' lang='lat' dir='ltr'><strong>Habes</strong></span> <span class='ocrx_word' id='word_1_607' title='bbox 3291 1352 3539 1409; x_wconf 78' lang='lat' dir='ltr'><strong>divitias?</strong></span> <span class='ocrx_word' id='word_1_608' title='bbox 3568 1354 3646 1410; x_wconf 82' lang='lat' dir='ltr'><strong>Ne</strong></span> 
     </span>
    </p>
   </div>
   <div class='ocr_carea' id='block_1_74' title="bbox 2056 1439 3641 1516">
    <p class='ocr_par' dir='ltr' id='par_1_74' title="bbox 2056 1439 3641 1516">
     <span class='ocr_line' id='line_1_74' title="bbox 2056 1439 3641 1516; baseline 0.006 -24"><span class='ocrx_word' id='word_1_609' title='bbox 2056 1439 2263 1509; x_wconf 89' lang='lat' dir='ltr'><strong>plantes</strong></span> <span class='ocrx_word' id='word_1_610' title='bbox 2310 1440 2419 1496; x_wconf 90' lang='lat' dir='ltr'><strong>illic</strong></span> <span class='ocrx_word' id='word_1_611' title='bbox 2467 1441 2659 1496; x_wconf 88' lang='lat' dir='ltr'><strong>salices</strong></span> <span class='ocrx_word' id='word_1_612' title='bbox 2692 1442 2849 1504; x_wconf 91' lang='lat' dir='ltr'><strong>;talis</strong></span> <span class='ocrx_word' id='word_1_613' title='bbox 2893 1452 2972 1497; x_wconf 89' lang='lat' dir='ltr'><strong>est</strong></span> <span class='ocrx_word' id='word_1_614' title='bbox 3021 1444 3163 1497; x_wconf 91' lang='lat' dir='ltr'><strong>enim</strong></span> <span class='ocrx_word' id='word_1_615' title='bbox 3204 1444 3321 1513; x_wconf 91' lang='lat' dir='ltr'><strong>ejus</strong></span> <span class='ocrx_word' id='word_1_616' title='bbox 3351 1445 3641 1516; x_wconf 85' lang='lat' dir='ltr'><strong>voluptas:</strong></span> 
     </span>
    </p>
   </div>
   <div class='ocr_carea' id='block_1_75' title="bbox 2054 1532 3641 1601">
    <p class='ocr_par' dir='ltr' id='par_1_75' title="bbox 2054 1532 3641 1601">
     <span class='ocr_line' id='line_1_75' title="bbox 2054 1532 3641 1601; baseline 0.003 -14"><span class='ocrx_word' id='word_1_617' title='bbox 2054 1532 2222 1587; x_wconf 88' lang='lat' dir='ltr'><strong>multa</strong></span> <span class='ocrx_word' id='word_1_618' title='bbox 2247 1533 2494 1599; x_wconf 91' lang='lat' dir='ltr'><strong>insumit,</strong></span> <span class='ocrx_word' id='word_1_619' title='bbox 2528 1543 2583 1588; x_wconf 90' lang='lat' dir='ltr'><strong>et</strong></span> <span class='ocrx_word' id='word_1_620' title='bbox 2608 1533 2737 1588; x_wconf 88' lang='lat' dir='ltr'><strong>nihil</strong></span> <span class='ocrx_word' id='word_1_621' title='bbox 2785 1534 2838 1588; x_wconf 90' lang='lat' dir='ltr'><strong>in</strong></span> <span class='ocrx_word' id='word_1_622' title='bbox 2870 1550 2928 1590; x_wconf 92' lang='lat' dir='ltr'><strong>se</strong></span> <span class='ocrx_word' id='word_1_623' title='bbox 2954 1536 3223 1601; x_wconf 64' lang='lat' dir='ltr'><strong>ostendit,</strong></span> <span class='ocrx_word' id='word_1_624' title='bbox 3272 1537 3366 1591; x_wconf 91' lang='lat' dir='ltr'><strong>sed</strong></span> <span class='ocrx_word' id='word_1_625' title='bbox 3411 1537 3641 1593; x_wconf 84' lang='lat' dir='ltr'><strong>fructum</strong></span> 
     </span>
    </p>
   </div>
   <div class='ocr_carea' id='block_1_76' title="bbox 2058 1623 3641 1697">
    <p class='ocr_par' dir='ltr' id='par_1_76' title="bbox 2058 1623 3641 1697">
     <span class='ocr_line' id='line_1_76' title="bbox 2058 1623 3641 1697; baseline 0.004 -20"><span class='ocrx_word' id='word_1_626' title='bbox 2058 1623 2251 1694; x_wconf 89' lang='lat' dir='ltr'><strong>perdit.</strong></span> <span class='ocrx_word' id='word_1_627' title='bbox 2273 1623 2350 1678; x_wconf 87' lang='lat' dir='ltr'><strong>Nc</strong></span> <span class='ocrx_word' id='word_1_628' title='bbox 2370 1624 2580 1695; x_wconf 89' lang='lat' dir='ltr'><strong>plantes</strong></span> <span class='ocrx_word' id='word_1_629' title='bbox 2599 1625 2836 1688; x_wconf 89' lang='lat' dir='ltr'><strong>salicem,</strong></span> <span class='ocrx_word' id='word_1_630' title='bbox 2862 1641 2930 1680; x_wconf 90' lang='lat' dir='ltr'><strong>ne</strong></span> <span class='ocrx_word' id='word_1_631' title='bbox 2953 1627 3154 1696; x_wconf 87' lang='lat' dir='ltr'><strong>pinum,</strong></span> <span class='ocrx_word' id='word_1_632' title='bbox 3184 1642 3282 1682; x_wconf 90' lang='lat' dir='ltr'><strong>nec</strong></span> <span class='ocrx_word' id='word_1_633' title='bbox 3303 1628 3427 1697; x_wconf 88' lang='lat' dir='ltr'><strong>quid</strong></span> <span class='ocrx_word' id='word_1_634' title='bbox 3445 1629 3641 1697; x_wconf 88' lang='lat' dir='ltr'><strong>simile,</strong></span> 
     </span>
    </p>
   </div>
   <div class='ocr_carea' id='block_1_77' title="bbox 2055 1717 3642 1788">
    <p class='ocr_par' dir='ltr' id='par_1_77' title="bbox 2055 1717 3642 1788">
     <span class='ocr_line' id='line_1_77' title="bbox 2055 1717 3642 1788; baseline 0.004 -18"><span class='ocrx_word' id='word_1_635' title='bbox 2055 1717 2195 1788; x_wconf 90' lang='lat' dir='ltr'><strong>quod</strong></span> <span class='ocrx_word' id='word_1_636' title='bbox 2226 1727 2507 1773; x_wconf 90' lang='lat' dir='ltr'><strong>consumat</strong></span> <span class='ocrx_word' id='word_1_637' title='bbox 2539 1728 2591 1774; x_wconf 90' lang='lat' dir='ltr'><strong>et</strong></span> <span class='ocrx_word' id='word_1_638' title='bbox 2620 1718 2806 1773; x_wconf 88' lang='lat' dir='ltr'><strong>inutile</strong></span> <span class='ocrx_word' id='word_1_639' title='bbox 2843 1719 2913 1772; x_wconf 91' lang='lat' dir='ltr'><strong>sit</strong></span> <span class='ocrx_word' id='word_1_640' title='bbox 2942 1738 2954 1772; x_wconf 91' lang='lat'>:</span> <span class='ocrx_word' id='word_1_641' title='bbox 2988 1720 3106 1773; x_wconf 86' lang='lat' dir='ltr'><strong>talis</strong></span> <span class='ocrx_word' id='word_1_642' title='bbox 3130 1721 3273 1774; x_wconf 91' lang='lat' dir='ltr'><strong>enim</strong></span> <span class='ocrx_word' id='word_1_643' title='bbox 3302 1730 3386 1775; x_wconf 90' lang='lat' dir='ltr'><strong>est</strong></span> <span class='ocrx_word' id='word_1_644' title='bbox 3413 1722 3642 1776; x_wconf 84' lang='lat' dir='ltr'><strong>vestium</strong></span> 
     </span>
    </p>
   </div>
   <div class='ocr_carea' id='block_1_78' title="bbox 2055 1808 3644 1880">
    <p class='ocr_par' dir='ltr' id='par_1_78' title="bbox 2055 1808 3644 1880">
     <span class='ocr_line' id='line_1_78' title="bbox 2055 1808 3644 1880; baseline 0.004 -20"><span class='ocrx_word' id='word_1_645' title='bbox 2055 1811 2331 1879; x_wconf 87' lang='lat' dir='ltr'><strong>voluptas;</strong></span> <span class='ocrx_word' id='word_1_646' title='bbox 2364 1810 2480 1865; x_wconf 88' lang='lat' dir='ltr'><strong>visu</strong></span> <span class='ocrx_word' id='word_1_647' title='bbox 2509 1808 2746 1880; x_wconf 70' lang='lat' dir='ltr'><strong>pulchra:</strong></span> <span class='ocrx_word' id='word_1_648' title='bbox 2774 1819 2915 1875; x_wconf 81' lang='lat' dir='ltr'><strong>sunt,</strong></span> <span class='ocrx_word' id='word_1_649' title='bbox 2946 1810 3041 1865; x_wconf 86' lang='lat' dir='ltr'><strong>sed</strong></span> <span class='ocrx_word' id='word_1_650' title='bbox 3069 1811 3133 1864; x_wconf 88' lang='lat' dir='ltr'><strong>ad</strong></span> <span class='ocrx_word' id='word_1_651' title='bbox 3165 1811 3296 1865; x_wconf 91' lang='lat' dir='ltr'><strong>nihil</strong></span> <span class='ocrx_word' id='word_1_652' title='bbox 3328 1813 3509 1868; x_wconf 89' lang='lat' dir='ltr'><strong>utiles.</strong></span> <span class='ocrx_word' id='word_1_653' title='bbox 3539 1812 3644 1867; x_wconf 91' lang='lat' dir='ltr'><strong>lm-</strong></span> 
     </span>
    </p>
   </div>
   <div class='ocr_carea' id='block_1_79' title="bbox 2055 1900 3643 1974">
    <p class='ocr_par' dir='ltr' id='par_1_79' title="bbox 2055 1900 3643 1974">
     <span class='ocr_line' id='line_1_79' title="bbox 2055 1900 3643 1974; baseline 0.003 -18"><span class='ocrx_word' id='word_1_654' title='bbox 2055 1902 2142 1971; x_wconf 86' lang='lat' dir='ltr'><strong>ple</strong></span> <span class='ocrx_word' id='word_1_655' title='bbox 2165 1900 2398 1957; x_wconf 86' lang='lat' dir='ltr'><strong>surculis</strong></span> <span class='ocrx_word' id='word_1_656' title='bbox 2426 1921 2438 1954; x_wconf 92' lang='lat'><strong>:</strong></span> <span class='ocrx_word' id='word_1_657' title='bbox 2471 1903 2647 1956; x_wconf 89' lang='lat' dir='ltr'><strong>omnia</strong></span> <span class='ocrx_word' id='word_1_658' title='bbox 2688 1901 2959 1956; x_wconf 78' lang='lat' dir='ltr'><strong>fructifera</strong></span> <span class='ocrx_word' id='word_1_659' title='bbox 2984 1903 3192 1967; x_wconf 90' lang='lat' dir='ltr'><strong>plantes</strong></span> <span class='ocrx_word' id='word_1_660' title='bbox 3219 1904 3273 1957; x_wconf 94' lang='lat' dir='ltr'><strong>in</strong></span> <span class='ocrx_word' id='word_1_661' title='bbox 3297 1919 3485 1960; x_wconf 86' lang='lat' dir='ltr'><strong>manus</strong></span> <span class='ocrx_word' id='word_1_662' title='bbox 3518 1920 3643 1974; x_wconf 86' lang='lat' dir='ltr'><strong>pau-</strong></span> 
     </span>
    </p>
   </div>
   <div class='ocr_carea' id='block_1_80' title="bbox 2054 1993 3639 2067">
    <p class='ocr_par' dir='ltr' id='par_1_80' title="bbox 2054 1993 3639 2067">
     <span class='ocr_line' id='line_1_80' title="bbox 2054 1993 3639 2067; baseline 0.003 -21"><span class='ocrx_word' id='word_1_663' title='bbox 2054 2008 2242 2064; x_wconf 89' lang='lat' dir='ltr'><strong>perum</strong></span> <span class='ocrx_word' id='word_1_664' title='bbox 2265 2007 2616 2064; x_wconf 69' lang='lat' dir='ltr'><strong>qumcumque</strong></span> <span class='ocrx_word' id='word_1_665' title='bbox 2633 1993 2884 2048; x_wconf 88' lang='lat' dir='ltr'><strong>volueris.</strong></span> <span class='ocrx_word' id='word_1_666' title='bbox 2910 1993 3049 2048; x_wconf 88' lang='lat' dir='ltr'><strong>Nihil</strong></span> <span class='ocrx_word' id='word_1_667' title='bbox 3074 1993 3171 2051; x_wconf 86' lang='lat' dir='ltr'><strong>hac</strong></span> <span class='ocrx_word' id='word_1_668' title='bbox 3196 2006 3334 2050; x_wconf 87' lang='lat' dir='ltr'><strong>terra</strong></span> <span class='ocrx_word' id='word_1_669' title='bbox 3360 1998 3639 2067; x_wconf 80' lang='lat' dir='ltr'><strong>pinguius;</strong></span> 
     </span>
    </p>
   </div>
   <div class='ocr_carea' id='block_1_81' title="bbox 2055 2088 3645 2157">
    <p class='ocr_par' dir='ltr' id='par_1_81' title="bbox 2055 2088 3645 2157">
     <span class='ocr_line' id='line_1_81' title="bbox 2055 2088 3645 2157; baseline 0.003 -17"><span class='ocrx_word' id='word_1_670' title='bbox 2055 2088 2299 2156; x_wconf 90' lang='lat' dir='ltr'><strong>quamvis</strong></span> <span class='ocrx_word' id='word_1_671' title='bbox 2330 2101 2490 2156; x_wconf 88' lang='lat' dir='ltr'><strong>parva</strong></span> <span class='ocrx_word' id='word_1_672' title='bbox 2524 2088 2591 2141; x_wconf 90' lang='lat' dir='ltr'><strong>sit</strong></span> <span class='ocrx_word' id='word_1_673' title='bbox 2641 2103 2830 2141; x_wconf 86' lang='lat' dir='ltr'><strong>manus</strong></span> <span class='ocrx_word' id='word_1_674' title='bbox 2874 2088 3164 2157; x_wconf 87' lang='lat' dir='ltr'><strong>capacitas,</strong></span> <span class='ocrx_word' id='word_1_675' title='bbox 3214 2098 3449 2145; x_wconf 88' lang='lat' dir='ltr'><strong>attamen</strong></span> <span class='ocrx_word' id='word_1_676' title='bbox 3481 2093 3645 2145; x_wconf 86' lang='lat' dir='ltr'><strong>arbor</strong></span> 
     </span>
    </p>
   </div>
   <div class='ocr_carea' id='block_1_82' title="bbox 2058 2177 3639 2248">
    <p class='ocr_par' dir='ltr' id='par_1_82' title="bbox 2058 2177 3639 2248">
     <span class='ocr_line' id='line_1_82' title="bbox 2058 2177 3639 2248; baseline 0.003 -17"><span class='ocrx_word' id='word_1_677' title='bbox 2058 2177 2145 2231; x_wconf 85' lang='lat' dir='ltr'><strong>illa</strong></span> <span class='ocrx_word' id='word_1_678' title='bbox 2169 2177 2401 2247; x_wconf 85' lang='lat' dir='ltr'><strong>plantata</strong></span> <span class='ocrx_word' id='word_1_679' title='bbox 2430 2177 2495 2231; x_wconf 90' lang='lat' dir='ltr'><strong>ad</strong></span> <span class='ocrx_word' id='word_1_680' title='bbox 2529 2192 2696 2247; x_wconf 89' lang='lat' dir='ltr'><strong>usque</strong></span> <span class='ocrx_word' id='word_1_681' title='bbox 2724 2178 2912 2232; x_wconf 72' lang='lat' dir='ltr'><strong>cazlum</strong></span> <span class='ocrx_word' id='word_1_682' title='bbox 2947 2179 3229 2248; x_wconf 86' lang='lat' dir='ltr'><strong>pertingit,</strong></span> <span class='ocrx_word' id='word_1_683' title='bbox 3261 2192 3312 2234; x_wconf 91' lang='lat' dir='ltr'><strong>et</strong></span> <span class='ocrx_word' id='word_1_684' title='bbox 3345 2181 3492 2235; x_wconf 79' lang='lat' dir='ltr'><strong>firma</strong></span> <span class='ocrx_word' id='word_1_685' title='bbox 3515 2194 3639 2236; x_wconf 89' lang='lat' dir='ltr'><strong>stat.</strong></span> 
     </span>
    </p>
   </div>
   <div class='ocr_carea' id='block_1_83' title="bbox 2056 2268 3638 2344">
    <p class='ocr_par' dir='ltr' id='par_1_83' title="bbox 2056 2268 3638 2344">
     <span class='ocr_line' id='line_1_83' title="bbox 2056 2268 3638 2344; baseline 0.005 -22"><span class='ocrx_word' id='word_1_686' title='bbox 2056 2268 2169 2323; x_wconf 88' lang='lat' dir='ltr'><strong>lloc</strong></span> <span class='ocrx_word' id='word_1_687' title='bbox 2199 2278 2283 2323; x_wconf 92' lang='lat' dir='ltr'><strong>est</strong></span> <span class='ocrx_word' id='word_1_688' title='bbox 2313 2285 2438 2323; x_wconf 87' lang='lat' dir='ltr'><strong>vere</strong></span> <span class='ocrx_word' id='word_1_689' title='bbox 2464 2269 2727 2339; x_wconf 87' lang='lat' dir='ltr'><strong>plantare.</strong></span> <span class='ocrx_word' id='word_1_690' title='bbox 2756 2270 2887 2324; x_wconf 87' lang='lat' dir='ltr'><strong>Nam</strong></span> <span class='ocrx_word' id='word_1_691' title='bbox 2916 2271 3057 2340; x_wconf 91' lang='lat' dir='ltr'><strong>quod</strong></span> <span class='ocrx_word' id='word_1_692' title='bbox 3085 2273 3138 2326; x_wconf 90' lang='lat' dir='ltr'><strong>in</strong></span> <span class='ocrx_word' id='word_1_693' title='bbox 3181 2281 3321 2327; x_wconf 89' lang='lat' dir='ltr'><strong>terra</strong></span> <span class='ocrx_word' id='word_1_694' title='bbox 3349 2274 3638 2344; x_wconf 89' lang='lat' dir='ltr'><strong>plantatur,</strong></span> 
     </span>
    </p>
   </div>
   <div class='ocr_carea' id='block_1_84' title="bbox 2054 2360 3643 2431">
    <p class='ocr_par' dir='ltr' id='par_1_84' title="bbox 2054 2360 3643 2431">
     <span class='ocr_line' id='line_1_84' title="bbox 2054 2360 3643 2431; baseline 0.004 -17"><span class='ocrx_word' id='word_1_695' title='bbox 2054 2360 2098 2415; x_wconf 89' lang='lat' dir='ltr'><strong>si</strong></span> <span class='ocrx_word' id='word_1_696' title='bbox 2129 2378 2233 2415; x_wconf 91' lang='lat' dir='ltr'><strong>non</strong></span> <span class='ocrx_word' id='word_1_697' title='bbox 2259 2375 2418 2425; x_wconf 90' lang='lat' dir='ltr'><strong>nunc,</strong></span> <span class='ocrx_word' id='word_1_698' title='bbox 2448 2371 2568 2431; x_wconf 90' lang='lat' dir='ltr'><strong>post</strong></span> <span class='ocrx_word' id='word_1_699' title='bbox 2597 2371 2813 2415; x_wconf 92' lang='lat' dir='ltr'><strong>centum</strong></span> <span class='ocrx_word' id='word_1_700' title='bbox 2840 2376 3011 2415; x_wconf 89' lang='lat' dir='ltr'><strong>annos</strong></span> <span class='ocrx_word' id='word_1_701' title='bbox 3042 2363 3254 2431; x_wconf 88' lang='lat' dir='ltr'><strong>peribit.</strong></span> <span class='ocrx_word' id='word_1_702' title='bbox 3276 2364 3381 2418; x_wconf 91' lang='lat' dir='ltr'><strong>Cur</strong></span> <span class='ocrx_word' id='word_1_703' title='bbox 3420 2365 3643 2421; x_wconf 87' lang='lat' dir='ltr'><strong>arbores</strong></span> 
     </span>
    </p>
   </div>
   <div class='ocr_carea' id='block_1_85' title="bbox 2056 2452 3638 2525">
    <p class='ocr_par' dir='ltr' id='par_1_85' title="bbox 2056 2452 3638 2525">
     <span class='ocr_line' id='line_1_85' title="bbox 2056 2452 3638 2525; baseline 0.001 -20"><span class='ocrx_word' id='word_1_704' title='bbox 2056 2453 2284 2523; x_wconf 87' lang='lat' dir='ltr'><strong>plautas,</strong></span> <span class='ocrx_word' id='word_1_705' title='bbox 2316 2453 2509 2522; x_wconf 90' lang='lat' dir='ltr'><strong>quibus</strong></span> <span class='ocrx_word' id='word_1_706' title='bbox 2541 2468 2646 2506; x_wconf 90' lang='lat' dir='ltr'><strong>non</strong></span> <span class='ocrx_word' id='word_1_707' title='bbox 2687 2452 2917 2515; x_wconf 83' lang='lat' dir='ltr'><strong>frueris;</strong></span> <span class='ocrx_word' id='word_1_708' title='bbox 2964 2453 3059 2507; x_wconf 90' lang='lat' dir='ltr'><strong>sed</strong></span> <span class='ocrx_word' id='word_1_709' title='bbox 3106 2464 3391 2525; x_wconf 90' lang='lat' dir='ltr'><strong>antequam</strong></span> <span class='ocrx_word' id='word_1_710' title='bbox 3422 2454 3638 2522; x_wconf 80' lang='lat' dir='ltr'><strong>fruaris,</strong></span> 
     </span>
    </p>
   </div>
   <div class='ocr_carea' id='block_1_86' title="bbox 2056 2546 3642 2615">
    <p class='ocr_par' dir='ltr' id='par_1_86' title="bbox 2056 2546 3642 2615">
     <span class='ocr_line' id='line_1_86' title="bbox 2056 2546 3642 2615; baseline 0.002 -14"><span class='ocrx_word' id='word_1_711' title='bbox 2056 2562 2200 2601; x_wconf 90' lang='lat' dir='ltr'><strong>mors</strong></span> <span class='ocrx_word' id='word_1_712' title='bbox 2228 2548 2485 2601; x_wconf 90' lang='lat' dir='ltr'><strong>invadens</strong></span> <span class='ocrx_word' id='word_1_713' title='bbox 2516 2556 2567 2599; x_wconf 87' lang='lat' dir='ltr'><strong>te</strong></span> <span class='ocrx_word' id='word_1_714' title='bbox 2595 2547 2860 2615; x_wconf 85' lang='lat' dir='ltr'><strong>abripiet?</strong></span> <span class='ocrx_word' id='word_1_715' title='bbox 2892 2546 3018 2601; x_wconf 77' lang='lat' dir='ltr'><strong>Ha-c</strong></span> <span class='ocrx_word' id='word_1_716' title='bbox 3042 2549 3224 2614; x_wconf 90' lang='lat' dir='ltr'><strong>arbor,</strong></span> <span class='ocrx_word' id='word_1_717' title='bbox 3254 2565 3376 2603; x_wconf 92' lang='lat' dir='ltr'><strong>cum</strong></span> <span class='ocrx_word' id='word_1_718' title='bbox 3402 2560 3642 2604; x_wconf 88' lang='lat' dir='ltr'><strong>mortuus</strong></span> 
     </span>
    </p>
   </div>
   <div class='ocr_carea' id='block_1_87' title="bbox 2054 2637 3642 2710">
    <p class='ocr_par' dir='ltr' id='par_1_87' title="bbox 2054 2637 3642 2710">
     <span class='ocr_line' id='line_1_87' title="bbox 2054 2637 3642 2710; baseline 0.003 -19"><span class='ocrx_word' id='word_1_719' title='bbox 2054 2637 2240 2706; x_wconf 86' lang='lat' dir='ltr'><strong>fueris,</strong></span> <span class='ocrx_word' id='word_1_720' title='bbox 2270 2647 2395 2692; x_wconf 90' lang='lat' dir='ltr'><strong>tunc</strong></span> <span class='ocrx_word' id='word_1_721' title='bbox 2422 2637 2513 2692; x_wconf 92' lang='lat' dir='ltr'><strong>tibi</strong></span> <span class='ocrx_word' id='word_1_722' title='bbox 2542 2637 2771 2692; x_wconf 88' lang='lat' dir='ltr'><strong>fruetum</strong></span> <span class='ocrx_word' id='word_1_723' title='bbox 2810 2637 2978 2693; x_wconf 88' lang='lat' dir='ltr'><strong>dabit.</strong></span> <span class='ocrx_word' id='word_1_724' title='bbox 3013 2637 3069 2694; x_wconf 90' lang='lat' dir='ltr'><strong>Si</strong></span> <span class='ocrx_word' id='word_1_725' title='bbox 3100 2639 3306 2708; x_wconf 67' lang='lat' dir='ltr'><strong>plantes</strong></span> <span class='ocrx_word' id='word_1_726' title='bbox 3327 2681 3341 2704; x_wconf 90' lang='lat'><strong>,</strong></span> <span class='ocrx_word' id='word_1_727' title='bbox 3373 2656 3440 2695; x_wconf 91' lang='lat' dir='ltr'><strong>ne</strong></span> <span class='ocrx_word' id='word_1_728' title='bbox 3465 2641 3515 2695; x_wconf 94' lang='lat' dir='ltr'><strong>in</strong></span> <span class='ocrx_word' id='word_1_729' title='bbox 3545 2656 3642 2710; x_wconf 86' lang='lat' dir='ltr'><strong>ga-</strong></span> 
     </span>
    </p>
   </div>
   <div class='ocr_carea' id='block_1_88' title="bbox 2055 2728 3644 2799">
    <p class='ocr_par' dir='ltr' id='par_1_88' title="bbox 2055 2728 3644 2799">
     <span class='ocr_line' id='line_1_88' title="bbox 2055 2728 3644 2799; baseline 0.001 -15"><span class='ocrx_word' id='word_1_730' title='bbox 2055 2730 2371 2799; x_wconf 74' lang='lat' dir='ltr'><strong>strimargiae</strong></span> <span class='ocrx_word' id='word_1_731' title='bbox 2416 2740 2604 2784; x_wconf 90' lang='lat' dir='ltr'><strong>ventre</strong></span> <span class='ocrx_word' id='word_1_732' title='bbox 2654 2729 2897 2799; x_wconf 89' lang='lat' dir='ltr'><strong>plantes,</strong></span> <span class='ocrx_word' id='word_1_733' title='bbox 2943 2728 3089 2784; x_wconf 90' lang='lat' dir='ltr'><strong>nein</strong></span> <span class='ocrx_word' id='word_1_734' title='bbox 3121 2744 3391 2784; x_wconf 87' lang='lat' dir='ltr'><strong>secessum</strong></span> <span class='ocrx_word' id='word_1_735' title='bbox 3439 2730 3644 2786; x_wconf 89' lang='lat' dir='ltr'><strong>fructus</strong></span> 
     </span>
    </p>
   </div>
   <div class='ocr_carea' id='block_1_89' title="bbox 2053 2817 3641 2889">
    <p class='ocr_par' dir='ltr' id='par_1_89' title="bbox 2053 2817 3641 2889">
     <span class='ocr_line' id='line_1_89' title="bbox 2053 2817 3641 2889; baseline 0.001 -15"><span class='ocrx_word' id='word_1_736' title='bbox 2053 2830 2240 2886; x_wconf 87' lang='lat' dir='ltr'><strong>exeat;</strong></span> <span class='ocrx_word' id='word_1_737' title='bbox 2282 2819 2376 2874; x_wconf 85' lang='lat' dir='ltr'><strong>sed</strong></span> <span class='ocrx_word' id='word_1_738' title='bbox 2405 2818 2584 2889; x_wconf 89' lang='lat' dir='ltr'><strong>planta</strong></span> <span class='ocrx_word' id='word_1_739' title='bbox 2633 2820 2684 2872; x_wconf 92' lang='lat' dir='ltr'><strong>in</strong></span> <span class='ocrx_word' id='word_1_740' title='bbox 2729 2817 2930 2874; x_wconf 80' lang='lat' dir='ltr'><strong>afﬂicto</strong></span> <span class='ocrx_word' id='word_1_741' title='bbox 2974 2830 3183 2885; x_wconf 87' lang='lat' dir='ltr'><strong>ventre,</strong></span> <span class='ocrx_word' id='word_1_742' title='bbox 3233 2829 3290 2873; x_wconf 91' lang='lat' dir='ltr'><strong>ut</strong></span> <span class='ocrx_word' id='word_1_743' title='bbox 3333 2819 3536 2875; x_wconf 78' lang='lat' dir='ltr'><strong>fructus</strong></span> <span class='ocrx_word' id='word_1_744' title='bbox 3575 2822 3641 2876; x_wconf 88' lang='lat' dir='ltr'><strong>ad</strong></span> 
     </span>
    </p>
   </div>
   <div class='ocr_carea' id='block_1_90' title="bbox 2055 2912 3643 2985">
    <p class='ocr_par' dir='ltr' id='par_1_90' title="bbox 2055 2912 3643 2985">
     <span class='ocr_line' id='line_1_90' title="bbox 2055 2912 3643 2985; baseline 0.001 -16"><span class='ocrx_word' id='word_1_745' title='bbox 2055 2913 2245 2969; x_wconf 73' lang='lat' dir='ltr'><strong>cwlum</strong></span> <span class='ocrx_word' id='word_1_746' title='bbox 2270 2912 2478 2966; x_wconf 84' lang='lat' dir='ltr'><strong>exsiliat</strong></span> <span class='ocrx_word' id='word_1_747' title='bbox 2511 2931 2526 2967; x_wconf 92' lang='lat'><strong>:</strong></span> <span class='ocrx_word' id='word_1_748' title='bbox 2575 2927 2757 2966; x_wconf 87' lang='lat' dir='ltr'><strong>recrea</strong></span> <span class='ocrx_word' id='word_1_749' title='bbox 2784 2912 3016 2966; x_wconf 89' lang='lat' dir='ltr'><strong>animam</strong></span> <span class='ocrx_word' id='word_1_750' title='bbox 3046 2914 3295 2983; x_wconf 84' lang='lat' dir='ltr'><strong>pauperis</strong></span> <span class='ocrx_word' id='word_1_751' title='bbox 3321 2913 3371 2967; x_wconf 92' lang='lat' dir='ltr'><strong>in</strong></span> <span class='ocrx_word' id='word_1_752' title='bbox 3401 2917 3643 2985; x_wconf 76' lang='lat' dir='ltr'><strong>angustia</strong></span> 
     </span>
    </p>
   </div>
   <div class='ocr_carea' id='block_1_91' title="bbox 2056 3002 3642 3073">
    <p class='ocr_par' dir='ltr' id='par_1_91' title="bbox 2056 3002 3642 3073">
     <span class='ocr_line' id='line_1_91' title="bbox 2056 3002 3642 3073; baseline 0.004 -18"><span class='ocrx_word' id='word_1_753' title='bbox 2056 3004 2343 3070; x_wconf 87' lang='lat' dir='ltr'><strong>versantis,</strong></span> <span class='ocrx_word' id='word_1_754' title='bbox 2374 3011 2430 3057; x_wconf 91' lang='lat' dir='ltr'><strong>ut</strong></span> <span class='ocrx_word' id='word_1_755' title='bbox 2471 3019 2539 3057; x_wconf 90' lang='lat' dir='ltr'><strong>ne</strong></span> <span class='ocrx_word' id='word_1_756' title='bbox 2570 3002 2730 3057; x_wconf 89' lang='lat' dir='ltr'><strong>latam</strong></span> <span class='ocrx_word' id='word_1_757' title='bbox 2760 3011 2901 3058; x_wconf 89' lang='lat' dir='ltr'><strong>tuam</strong></span> <span class='ocrx_word' id='word_1_758' title='bbox 2934 3003 3073 3056; x_wconf 85' lang='lat' dir='ltr'><strong>viam</strong></span> <span class='ocrx_word' id='word_1_759' title='bbox 3104 3014 3300 3058; x_wconf 89' lang='lat' dir='ltr'><strong>arctes.</strong></span> <span class='ocrx_word' id='word_1_760' title='bbox 3334 3003 3448 3059; x_wconf 83' lang='lat' dir='ltr'><strong>Non</strong></span> <span class='ocrx_word' id='word_1_761' title='bbox 3473 3006 3642 3073; x_wconf 90' lang='lat' dir='ltr'><strong>vides,</strong></span> 
     </span>
    </p>
   </div>
   <div class='ocr_carea' id='block_1_92' title="bbox 2056 3097 3646 3169">
    <p class='ocr_par' dir='ltr' id='par_1_92' title="bbox 2056 3097 3646 3169">
     <span class='ocr_line' id='line_1_92' title="bbox 2056 3097 3646 3169; baseline 0.003 -19"><span class='ocrx_word' id='word_1_762' title='bbox 2056 3097 2327 3166; x_wconf 90' lang='lat' dir='ltr'><strong>quomodo</strong></span> <span class='ocrx_word' id='word_1_763' title='bbox 2351 3097 2595 3162; x_wconf 88' lang='lat' dir='ltr'><strong>arbores,</strong></span> <span class='ocrx_word' id='word_1_764' title='bbox 2625 3113 2743 3167; x_wconf 70' lang='lat' dir='ltr'><strong>qua:</strong></span> <span class='ocrx_word' id='word_1_765' title='bbox 2772 3100 2890 3153; x_wconf 86' lang='lat' dir='ltr'><strong>sine</strong></span> <span class='ocrx_word' id='word_1_766' title='bbox 2921 3114 3171 3152; x_wconf 90' lang='lat' dir='ltr'><strong>mensura</strong></span> <span class='ocrx_word' id='word_1_767' title='bbox 3201 3101 3439 3169; x_wconf 86' lang='lat' dir='ltr'><strong>rigantur</strong></span> <span class='ocrx_word' id='word_1_768' title='bbox 3457 3142 3474 3168; x_wconf 89' lang='lat'><strong>,</strong></span> <span class='ocrx_word' id='word_1_769' title='bbox 3502 3116 3533 3156; x_wconf 82' lang='grc' dir='ltr'><strong>ιι</strong></span> <span class='ocrx_word' id='word_1_770' title='bbox 3561 3119 3646 3157; x_wconf 89' lang='lat' dir='ltr'><strong>ra-</strong></span> 
     </span>
    </p>
   </div>
   <div class='ocr_carea' id='block_1_93' title="bbox 2059 3189 3646 3259">
    <p class='ocr_par' dir='ltr' id='par_1_93' title="bbox 2059 3189 3646 3259">
     <span class='ocr_line' id='line_1_93' title="bbox 2059 3189 3646 3259; baseline 0.003 -17"><span class='ocrx_word' id='word_1_771' title='bbox 2059 3189 2179 3243; x_wconf 90' lang='lat' dir='ltr'><strong>dice</strong></span> <span class='ocrx_word' id='word_1_772' title='bbox 2215 3198 2666 3258; x_wconf 87' lang='lat' dir='ltr'><strong>corrumpantur;</strong></span> <span class='ocrx_word' id='word_1_773' title='bbox 2699 3203 2817 3258; x_wconf 73' lang='lat' dir='ltr'><strong>qua:</strong></span> <span class='ocrx_word' id='word_1_774' title='bbox 2846 3199 3023 3247; x_wconf 89' lang='lat' dir='ltr'><strong>autem</strong></span> <span class='ocrx_word' id='word_1_775' title='bbox 3051 3205 3170 3244; x_wconf 89' lang='lat' dir='ltr'><strong>eum</strong></span> <span class='ocrx_word' id='word_1_776' title='bbox 3203 3206 3453 3246; x_wconf 86' lang='lat' dir='ltr'><strong>mensura</strong></span> <span class='ocrx_word' id='word_1_777' title='bbox 3480 3234 3495 3259; x_wconf 92' lang='lat'><strong>,</strong></span> <span class='ocrx_word' id='word_1_778' title='bbox 3524 3208 3646 3248; x_wconf 85' lang='lat' dir='ltr'><strong>cre—</strong></span> 
     </span>
    </p>
   </div>
   <div class='ocr_carea' id='block_1_94' title="bbox 2058 3281 3649 3354">
    <p class='ocr_par' dir='ltr' id='par_1_94' title="bbox 2058 3281 3649 3354">
     <span class='ocr_line' id='line_1_94' title="bbox 2058 3281 3649 3354; baseline 0.001 -17"><span class='ocrx_word' id='word_1_779' title='bbox 2058 3282 2249 3337; x_wconf 85' lang='lat' dir='ltr'><strong>scant?</strong></span> <span class='ocrx_word' id='word_1_780' title='bbox 2278 3281 2351 3335; x_wconf 87' lang='lat' dir='ltr'><strong>Ita</strong></span> <span class='ocrx_word' id='word_1_781' title='bbox 2378 3292 2433 3336; x_wconf 92' lang='lat' dir='ltr'><strong>et</strong></span> <span class='ocrx_word' id='word_1_782' title='bbox 2461 3293 2513 3335; x_wconf 93' lang='lat' dir='ltr'><strong>tu</strong></span> <span class='ocrx_word' id='word_1_783' title='bbox 2546 3297 2613 3336; x_wconf 89' lang='lat' dir='ltr'><strong>ne</strong></span> <span class='ocrx_word' id='word_1_784' title='bbox 2639 3291 2881 3336; x_wconf 89' lang='lat' dir='ltr'><strong>ventrem</strong></span> <span class='ocrx_word' id='word_1_785' title='bbox 2905 3292 3052 3336; x_wconf 91' lang='lat' dir='ltr'><strong>tuum</strong></span> <span class='ocrx_word' id='word_1_786' title='bbox 3087 3291 3211 3351; x_wconf 90' lang='lat' dir='ltr'><strong>potu</strong></span> <span class='ocrx_word' id='word_1_787' title='bbox 3240 3283 3556 3354; x_wconf 88' lang='lat' dir='ltr'><strong>iugurgites,</strong></span> <span class='ocrx_word' id='word_1_788' title='bbox 3581 3299 3649 3339; x_wconf 89' lang='lat' dir='ltr'><strong>ne</strong></span> 
     </span>
    </p>
   </div>
   <div class='ocr_carea' id='block_1_95' title="bbox 2061 3370 3645 3441">
    <p class='ocr_par' dir='ltr' id='par_1_95' title="bbox 2061 3370 3645 3441">
     <span class='ocr_line' id='line_1_95' title="bbox 2061 3370 3645 3441; baseline 0.003 -17"><span class='ocrx_word' id='word_1_789' title='bbox 2061 3380 2331 3441; x_wconf 88' lang='lat' dir='ltr'><strong>putrescat</strong></span> <span class='ocrx_word' id='word_1_790' title='bbox 2345 3372 2553 3427; x_wconf 89' lang='lat' dir='ltr'><strong>arboris</strong></span> <span class='ocrx_word' id='word_1_791' title='bbox 2576 3370 2725 3426; x_wconf 87' lang='lat' dir='ltr'><strong>radix</strong></span> <span class='ocrx_word' id='word_1_792' title='bbox 2752 3385 2765 3421; x_wconf 90' lang='lat'>:</span> <span class='ocrx_word' id='word_1_793' title='bbox 2788 3382 2969 3441; x_wconf 90' lang='lat' dir='ltr'><strong>potum</strong></span> <span class='ocrx_word' id='word_1_794' title='bbox 3000 3371 3065 3425; x_wconf 88' lang='lat' dir='ltr'><strong>da</strong></span> <span class='ocrx_word' id='word_1_795' title='bbox 3089 3373 3312 3438; x_wconf 90' lang='lat' dir='ltr'><strong>sitienti,</strong></span> <span class='ocrx_word' id='word_1_796' title='bbox 3339 3385 3395 3428; x_wconf 93' lang='lat' dir='ltr'><strong>ut</strong></span> <span class='ocrx_word' id='word_1_797' title='bbox 3414 3373 3645 3429; x_wconf 91' lang='lat' dir='ltr'><strong>fructum</strong></span> 
     </span>
    </p>
   </div>
   <div class='ocr_carea' id='block_1_96' title="bbox 2059 3462 3649 3535">
    <p class='ocr_par' dir='ltr' id='par_1_96' title="bbox 2059 3462 3649 3535">
     <span class='ocr_line' id='line_1_96' title="bbox 2059 3462 3649 3535; baseline 0.002 -17"><span class='ocrx_word' id='word_1_798' title='bbox 2059 3463 2214 3518; x_wconf 85' lang='lat' dir='ltr'><strong>ferat.</strong></span> <span class='ocrx_word' id='word_1_799' title='bbox 2246 3462 2376 3531; x_wconf 71' lang='lat' dir='ltr'><strong>Qua:</strong></span> <span class='ocrx_word' id='word_1_800' title='bbox 2403 3462 2678 3518; x_wconf 84' lang='lat' dir='ltr'><strong>moderate</strong></span> <span class='ocrx_word' id='word_1_801' title='bbox 2706 3472 2887 3533; x_wconf 88' lang='lat' dir='ltr'><strong>potum</strong></span> <span class='ocrx_word' id='word_1_802' title='bbox 2919 3463 3207 3533; x_wconf 87' lang='lat' dir='ltr'><strong>accipiunt,</strong></span> <span class='ocrx_word' id='word_1_803' title='bbox 3234 3481 3339 3519; x_wconf 90' lang='lat' dir='ltr'><strong>non</strong></span> <span class='ocrx_word' id='word_1_804' title='bbox 3366 3466 3649 3535; x_wconf 84' lang='lat' dir='ltr'><strong>putrefacit</strong></span> 
     </span>
    </p>
   </div>
   <div class='ocr_carea' id='block_1_97' title="bbox 2060 3553 3651 3625">
    <p class='ocr_par' dir='ltr' id='par_1_97' title="bbox 2060 3553 3651 3625">
     <span class='ocr_line' id='line_1_97' title="bbox 2060 3553 3651 3625; baseline 0.002 -16"><span class='ocrx_word' id='word_1_805' title='bbox 2060 3555 2165 3621; x_wconf 84' lang='lat' dir='ltr'><strong>Sol,</strong></span> <span class='ocrx_word' id='word_1_806' title='bbox 2185 3555 2278 3610; x_wconf 90' lang='lat' dir='ltr'><strong>sed</strong></span> <span class='ocrx_word' id='word_1_807' title='bbox 2310 3569 2429 3623; x_wconf 73' lang='lat' dir='ltr'><strong>qua:</strong></span> <span class='ocrx_word' id='word_1_808' title='bbox 2453 3553 2808 3609; x_wconf 86' lang='lat' dir='ltr'><strong>immoderate</strong></span> <span class='ocrx_word' id='word_1_809' title='bbox 2838 3554 2856 3585; x_wconf 72' lang='grc'>⁸</span> <span class='ocrx_word' id='word_1_810' title='bbox 2886 3570 2901 3606; x_wconf 90' lang='lat'><strong>:</strong></span> <span class='ocrx_word' id='word_1_811' title='bbox 2929 3555 3045 3608; x_wconf 90' lang='lat' dir='ltr'><strong>talis</strong></span> <span class='ocrx_word' id='word_1_812' title='bbox 3070 3555 3270 3625; x_wconf 83' lang='lat' dir='ltr'><strong>quippe</strong></span> <span class='ocrx_word' id='word_1_813' title='bbox 3295 3564 3378 3610; x_wconf 90' lang='lat' dir='ltr'><strong>est</strong></span> <span class='ocrx_word' id='word_1_814' title='bbox 3397 3558 3526 3611; x_wconf 87' lang='lat' dir='ltr'><strong>solis</strong></span> <span class='ocrx_word' id='word_1_815' title='bbox 3556 3574 3651 3612; x_wconf 85' lang='lat' dir='ltr'><strong>na-</strong></span> 
     </span>
    </p>
   </div>
   <div class='ocr_carea' id='block_1_98' title="bbox 2061 3646 3647 3719">
    <p class='ocr_par' dir='ltr' id='par_1_98' title="bbox 2061 3646 3647 3719">
     <span class='ocr_line' id='line_1_98' title="bbox 2061 3646 3647 3719; baseline 0.001 -16"><span class='ocrx_word' id='word_1_816' title='bbox 2061 3657 2199 3703; x_wconf 89' lang='lat' dir='ltr'><strong>tura.</strong></span> <span class='ocrx_word' id='word_1_817' title='bbox 2236 3646 2444 3717; x_wconf 89' lang='lat' dir='ltr'><strong>Ubique</strong></span> <span class='ocrx_word' id='word_1_818' title='bbox 2474 3647 2611 3701; x_wconf 86' lang='lat' dir='ltr'><strong>mala</strong></span> <span class='ocrx_word' id='word_1_819' title='bbox 2656 3656 2742 3703; x_wconf 90' lang='lat' dir='ltr'><strong>est</strong></span> <span class='ocrx_word' id='word_1_820' title='bbox 2782 3646 3155 3702; x_wconf 87' lang='lat' dir='ltr'><strong>immoderatio</strong></span> <span class='ocrx_word' id='word_1_821' title='bbox 3181 3666 3195 3704; x_wconf 89' lang='lat'><strong>:</strong></span> <span class='ocrx_word' id='word_1_822' title='bbox 3222 3648 3453 3719; x_wconf 86' lang='lat' dir='ltr'><strong>ideoque</strong></span> <span class='ocrx_word' id='word_1_823' title='bbox 3502 3650 3647 3705; x_wconf 89' lang='lat' dir='ltr'><strong>illam</strong></span> 
     </span>
    </p>
   </div>
   <div class='ocr_carea' id='block_1_99' title="bbox 2061 3738 3652 3809">
    <p class='ocr_par' dir='ltr' id='par_1_99' title="bbox 2061 3738 3652 3809">
     <span class='ocr_line' id='line_1_99' title="bbox 2061 3738 3652 3809; baseline 0 -15"><span class='ocrx_word' id='word_1_824' title='bbox 2061 3738 2457 3803; x_wconf 82' lang='lat' dir='ltr'><strong>exsciudamus,</strong></span> <span class='ocrx_word' id='word_1_825' title='bbox 2492 3747 2548 3792; x_wconf 93' lang='lat' dir='ltr'><strong>ut</strong></span> <span class='ocrx_word' id='word_1_826' title='bbox 2573 3752 2691 3807; x_wconf 74' lang='lat' dir='ltr'><strong>qua:</strong></span> <span class='ocrx_word' id='word_1_827' title='bbox 2713 3738 2945 3808; x_wconf 87' lang='lat' dir='ltr'><strong>petimus</strong></span> <span class='ocrx_word' id='word_1_828' title='bbox 2973 3752 3345 3809; x_wconf 89' lang='lat' dir='ltr'><strong>assequamur.</strong></span> <span class='ocrx_word' id='word_1_829' title='bbox 3370 3739 3425 3793; x_wconf 93' lang='lat' dir='ltr'><strong>In</strong></span> <span class='ocrx_word' id='word_1_830' title='bbox 3452 3740 3652 3794; x_wconf 84' lang='lat' dir='ltr'><strong>altissi-</strong></span> 
     </span>
    </p>
   </div>
   <div class='ocr_carea' id='block_1_100' title="bbox 2060 3831 3651 3902">
    <p class='ocr_par' dir='ltr' id='par_1_100' title="bbox 2060 3831 3651 3902">
     <span class='ocr_line' id='line_1_100' title="bbox 2060 3831 3651 3902; baseline 0 -15"><span class='ocrx_word' id='word_1_831' title='bbox 2060 3833 2164 3888; x_wconf 87' lang='lat' dir='ltr'><strong>mis</strong></span> <span class='ocrx_word' id='word_1_832' title='bbox 2207 3831 2339 3887; x_wconf 89' lang='lat' dir='ltr'><strong>locis</strong></span> <span class='ocrx_word' id='word_1_833' title='bbox 2366 3832 2618 3887; x_wconf 87' lang='lat' dir='ltr'><strong>dicuntur</strong></span> <span class='ocrx_word' id='word_1_834' title='bbox 2657 3831 2831 3886; x_wconf 83' lang='lat' dir='ltr'><strong>fontes</strong></span> <span class='ocrx_word' id='word_1_835' title='bbox 2870 3832 3023 3886; x_wconf 88' lang='lat' dir='ltr'><strong>oriri.</strong></span> <span class='ocrx_word' id='word_1_836' title='bbox 3064 3832 3205 3902; x_wconf 87' lang='lat' dir='ltr'><strong>Ergo</strong></span> <span class='ocrx_word' id='word_1_837' title='bbox 3234 3834 3401 3887; x_wconf 89' lang='lat' dir='ltr'><strong>simus</strong></span> <span class='ocrx_word' id='word_1_838' title='bbox 3446 3843 3501 3888; x_wconf 92' lang='lat' dir='ltr'><strong>et</strong></span> <span class='ocrx_word' id='word_1_839' title='bbox 3550 3848 3651 3887; x_wconf 89' lang='lat' dir='ltr'><strong>nos</strong></span> 
     </span>
    </p>
   </div>
   <div class='ocr_carea' id='block_1_101' title="bbox 2062 3924 3649 3995">
    <p class='ocr_par' dir='ltr' id='par_1_101' title="bbox 2062 3924 3649 3995">
     <span class='ocr_line' id='line_1_101' title="bbox 2062 3924 3649 3995; baseline -0.001 -15"><span class='ocrx_word' id='word_1_840' title='bbox 2062 3927 2243 3980; x_wconf 90' lang='lat' dir='ltr'><strong>animo</strong></span> <span class='ocrx_word' id='word_1_841' title='bbox 2266 3926 2546 3987; x_wconf 87' lang='lat' dir='ltr'><strong>sublimes,</strong></span> <span class='ocrx_word' id='word_1_842' title='bbox 2580 3933 2633 3979; x_wconf 88' lang='lat' dir='ltr'><strong>et</strong></span> <span class='ocrx_word' id='word_1_843' title='bbox 2660 3924 3003 3995; x_wconf 85' lang='lat' dir='ltr'><strong>eleemosyna</strong></span> <span class='ocrx_word' id='word_1_844' title='bbox 3029 3925 3136 3978; x_wconf 94' lang='lat' dir='ltr'><strong>cito</strong></span> <span class='ocrx_word' id='word_1_845' title='bbox 3164 3924 3423 3979; x_wconf 90' lang='lat' dir='ltr'><strong>manabit.</strong></span> <span class='ocrx_word' id='word_1_846' title='bbox 3466 3924 3649 3994; x_wconf 87' lang='lat' dir='ltr'><strong>Neque</strong></span> 
     </span>
    </p>
   </div>
   <div class='ocr_carea' id='block_1_102' title="bbox 2062 4016 3650 4087">
    <p class='ocr_par' dir='ltr' id='par_1_102' title="bbox 2062 4016 3650 4087">
     <span class='ocr_line' id='line_1_102' title="bbox 2062 4016 3650 4087; baseline -0.001 -15"><span class='ocrx_word' id='word_1_847' title='bbox 2062 4019 2205 4073; x_wconf 88' lang='lat' dir='ltr'><strong>enim</strong></span> <span class='ocrx_word' id='word_1_848' title='bbox 2231 4027 2407 4087; x_wconf 88' lang='lat' dir='ltr'><strong>potest</strong></span> <span class='ocrx_word' id='word_1_849' title='bbox 2426 4017 2671 4072; x_wconf 86' lang='lat' dir='ltr'><strong>sublimis</strong></span> <span class='ocrx_word' id='word_1_850' title='bbox 2711 4016 2886 4070; x_wconf 86' lang='lat' dir='ltr'><strong>anitna</strong></span> <span class='ocrx_word' id='word_1_851' title='bbox 2921 4033 3026 4070; x_wconf 89' lang='lat' dir='ltr'><strong>non</strong></span> <span class='ocrx_word' id='word_1_852' title='bbox 3058 4017 3382 4080; x_wconf 90' lang='lat' dir='ltr'><strong>misericors,</strong></span> <span class='ocrx_word' id='word_1_853' title='bbox 3413 4028 3468 4071; x_wconf 88' lang='lat' dir='ltr'><strong>et</strong></span> <span class='ocrx_word' id='word_1_854' title='bbox 3498 4017 3650 4071; x_wconf 89' lang='lat' dir='ltr'><strong>mise-</strong></span> 
     </span>
    </p>
   </div>
   <div class='ocr_carea' id='block_1_103' title="bbox 2064 4107 3648 4178">
    <p class='ocr_par' dir='ltr' id='par_1_103' title="bbox 2064 4107 3648 4178">
     <span class='ocr_line' id='line_1_103' title="bbox 2064 4107 3648 4178; baseline -0.001 -15"><span class='ocrx_word' id='word_1_855' title='bbox 2064 4108 2235 4163; x_wconf 86' lang='lat' dir='ltr'><strong>ricors</strong></span> <span class='ocrx_word' id='word_1_856' title='bbox 2265 4122 2371 4162; x_wconf 93' lang='lat' dir='ltr'><strong>non</strong></span> <span class='ocrx_word' id='word_1_857' title='bbox 2399 4108 2644 4162; x_wconf 86' lang='lat' dir='ltr'><strong>sublimis</strong></span> <span class='ocrx_word' id='word_1_858' title='bbox 2666 4122 2808 4162; x_wconf 92' lang='lat' dir='ltr'><strong>esse.</strong></span> <span class='ocrx_word' id='word_1_859' title='bbox 2839 4107 2939 4175; x_wconf 86' lang='lat' dir='ltr'><strong>Qui</strong></span> <span class='ocrx_word' id='word_1_860' title='bbox 2966 4122 3095 4178; x_wconf 87' lang='lat' dir='ltr'><strong>ergo</strong></span> <span class='ocrx_word' id='word_1_861' title='bbox 3124 4109 3377 4177; x_wconf 89' lang='lat' dir='ltr'><strong>pecunias</strong></span> <span class='ocrx_word' id='word_1_862' title='bbox 3399 4107 3648 4176; x_wconf 89' lang='lat' dir='ltr'><strong>despicit,</strong></span> 
     </span>
    </p>
   </div>
   <div class='ocr_carea' id='block_1_104' title="bbox 2064 4198 3648 4269">
    <p class='ocr_par' dir='ltr' id='par_1_104' title="bbox 2064 4198 3648 4269">
     <span class='ocr_line' id='line_1_104' title="bbox 2064 4198 3648 4269; baseline 0 -15"><span class='ocrx_word' id='word_1_863' title='bbox 2064 4199 2246 4254; x_wconf 88' lang='lat' dir='ltr'><strong>radice</strong></span> <span class='ocrx_word' id='word_1_864' title='bbox 2272 4198 2537 4253; x_wconf 91' lang='lat' dir='ltr'><strong>malorum</strong></span> <span class='ocrx_word' id='word_1_865' title='bbox 2564 4199 2808 4269; x_wconf 88' lang='lat' dir='ltr'><strong>superior</strong></span> <span class='ocrx_word' id='word_1_866' title='bbox 2835 4207 2937 4253; x_wconf 89' lang='lat' dir='ltr'><strong>est.</strong></span> <span class='ocrx_word' id='word_1_867' title='bbox 2958 4198 3159 4254; x_wconf 88' lang='lat' dir='ltr'><strong>Fontes</strong></span> <span class='ocrx_word' id='word_1_868' title='bbox 3187 4199 3239 4253; x_wconf 92' lang='lat' dir='ltr'><strong>in</strong></span> <span class='ocrx_word' id='word_1_869' title='bbox 3268 4198 3498 4254; x_wconf 89' lang='lat' dir='ltr'><strong>desertis</strong></span> <span class='ocrx_word' id='word_1_870' title='bbox 3526 4209 3648 4254; x_wconf 89' lang='lat' dir='ltr'><strong>sunt</strong></span> 
     </span>
    </p>
   </div>
   <div class='ocr_carea' id='block_1_105' title="bbox 2064 4291 3645 4364">
    <p class='ocr_par' dir='ltr' id='par_1_105' title="bbox 2064 4291 3645 4364">
     <span class='ocr_line' id='line_1_105' title="bbox 2064 4291 3645 4364; baseline -0.003 -15"><span class='ocrx_word' id='word_1_871' title='bbox 2064 4303 2125 4349; x_wconf 89' lang='lat' dir='ltr'><strong>ut</strong></span> <span class='ocrx_word' id='word_1_872' title='bbox 2151 4292 2435 4364; x_wconf 90' lang='lat' dir='ltr'><strong>plurimum</strong></span> <span class='ocrx_word' id='word_1_873' title='bbox 2468 4311 2481 4346; x_wconf 90' lang='lat'><strong>:</strong></span> <span class='ocrx_word' id='word_1_874' title='bbox 2513 4300 2568 4347; x_wconf 92' lang='lat' dir='ltr'><strong>et</strong></span> <span class='ocrx_word' id='word_1_875' title='bbox 2595 4307 2693 4347; x_wconf 91' lang='lat' dir='ltr'><strong>nos</strong></span> <span class='ocrx_word' id='word_1_876' title='bbox 2717 4292 2948 4346; x_wconf 88' lang='lat' dir='ltr'><strong>animam</strong></span> <span class='ocrx_word' id='word_1_877' title='bbox 2979 4307 3047 4347; x_wconf 83' lang='lat' dir='ltr'><strong>ex</strong></span> <span class='ocrx_word' id='word_1_878' title='bbox 3073 4292 3302 4346; x_wconf 91' lang='lat' dir='ltr'><strong>tumultu</strong></span> <span class='ocrx_word' id='word_1_879' title='bbox 3336 4291 3645 4357; x_wconf 86' lang='lat' dir='ltr'><strong>educamus,</strong></span> 
     </span>
    </p>
   </div>
   <div class='ocr_carea' id='block_1_106' title="bbox 2065 4382 3653 4453">
    <p class='ocr_par' dir='ltr' id='par_1_106' title="bbox 2065 4382 3653 4453">
     <span class='ocr_line' id='line_1_106' title="bbox 2065 4382 3653 4453; baseline -0.001 -14"><span class='ocrx_word' id='word_1_880' title='bbox 2065 4392 2119 4439; x_wconf 88' lang='lat' dir='ltr'><strong>et</strong></span> <span class='ocrx_word' id='word_1_881' title='bbox 2147 4382 2288 4453; x_wconf 89' lang='lat' dir='ltr'><strong>apud</strong></span> <span class='ocrx_word' id='word_1_882' title='bbox 2338 4398 2437 4437; x_wconf 90' lang='lat' dir='ltr'><strong>nos</strong></span> <span class='ocrx_word' id='word_1_883' title='bbox 2487 4383 2744 4438; x_wconf 86' lang='lat' dir='ltr'><strong>scaturiet</strong></span> <span class='ocrx_word' id='word_1_884' title='bbox 2793 4384 3156 4453; x_wconf 82' lang='lat' dir='ltr'><strong>eleemosyna.</strong></span> <span class='ocrx_word' id='word_1_885' title='bbox 3207 4382 3407 4438; x_wconf 87' lang='lat' dir='ltr'><strong>Fontes</strong></span> <span class='ocrx_word' id='word_1_886' title='bbox 3454 4392 3653 4452; x_wconf 85' lang='lat' dir='ltr'><strong>quanto</strong></span> 
     </span>
    </p>
   </div>
   <div class='ocr_carea' id='block_1_107' title="bbox 2066 4472 3652 4544">
    <p class='ocr_par' dir='ltr' id='par_1_107' title="bbox 2066 4472 3652 4544">
     <span class='ocr_line' id='line_1_107' title="bbox 2066 4472 3652 4544; baseline -0.001 -18"><span class='ocrx_word' id='word_1_887' title='bbox 2066 4477 2235 4544; x_wconf 84' lang='lat' dir='ltr'><strong>magis</strong></span> <span class='ocrx_word' id='word_1_888' title='bbox 2261 4482 2573 4544; x_wconf 89' lang='lat' dir='ltr'><strong>purgantur,</strong></span> <span class='ocrx_word' id='word_1_889' title='bbox 2613 4480 2760 4526; x_wconf 88' lang='lat' dir='ltr'><strong>tanto</strong></span> <span class='ocrx_word' id='word_1_890' title='bbox 2791 4472 3064 4526; x_wconf 89' lang='lat' dir='ltr'><strong>uberiores</strong></span> <span class='ocrx_word' id='word_1_891' title='bbox 3085 4480 3247 4526; x_wconf 87' lang='lat' dir='ltr'><strong>sunt:</strong></span> <span class='ocrx_word' id='word_1_892' title='bbox 3280 4473 3348 4526; x_wconf 87' lang='lat' dir='ltr'><strong>ita</strong></span> <span class='ocrx_word' id='word_1_893' title='bbox 3378 4487 3477 4527; x_wconf 91' lang='lat' dir='ltr'><strong>nos</strong></span> <span class='ocrx_word' id='word_1_894' title='bbox 3518 4488 3652 4541; x_wconf 83' lang='lat' dir='ltr'><strong>quo-</strong></span> 
     </span>
    </p>
   </div>
   <div class='ocr_carea' id='block_1_108' title="bbox 2064 4564 3649 4635">
    <p class='ocr_par' dir='ltr' id='par_1_108' title="bbox 2064 4564 3649 4635">
     <span class='ocr_line' id='line_1_108' title="bbox 2064 4564 3649 4635; baseline -0.002 -14"><span class='ocrx_word' id='word_1_895' title='bbox 2064 4582 2189 4635; x_wconf 89' lang='lat' dir='ltr'><strong>que,</strong></span> <span class='ocrx_word' id='word_1_896' title='bbox 2214 4582 2319 4635; x_wconf 94' lang='lat' dir='ltr'><strong>quo</strong></span> <span class='ocrx_word' id='word_1_897' title='bbox 2345 4565 2514 4635; x_wconf 85' lang='lat' dir='ltr'><strong>magis</strong></span> <span class='ocrx_word' id='word_1_898' title='bbox 2531 4566 2883 4631; x_wconf 90' lang='lat' dir='ltr'><strong>insumemus,</strong></span> <span class='ocrx_word' id='word_1_899' title='bbox 2906 4572 2961 4619; x_wconf 82' lang='lat' dir='ltr'><strong>et</strong></span> <span class='ocrx_word' id='word_1_900' title='bbox 2977 4564 3147 4634; x_wconf 86' lang='lat' dir='ltr'><strong>magis</strong></span> <span class='ocrx_word' id='word_1_901' title='bbox 3172 4565 3307 4618; x_wconf 89' lang='lat' dir='ltr'><strong>bona</strong></span> <span class='ocrx_word' id='word_1_902' title='bbox 3335 4565 3649 4619; x_wconf 86' lang='lat' dir='ltr'><strong>scaturient.</strong></span> 
     </span>
    </p>
   </div>
   <div class='ocr_carea' id='block_1_109' title="bbox 2067 4655 3651 4723">
    <p class='ocr_par' dir='ltr' id='par_1_109' title="bbox 2067 4655 3651 4723">
     <span class='ocr_line' id='line_1_109' title="bbox 2067 4655 3651 4723; baseline 0 -15"><span class='ocrx_word' id='word_1_903' title='bbox 2067 4655 2164 4723; x_wconf 89' lang='lat' dir='ltr'><strong>Qui</strong></span> <span class='ocrx_word' id='word_1_904' title='bbox 2195 4656 2394 4710; x_wconf 82' lang='lat' dir='ltr'><strong>fontem</strong></span> <span class='ocrx_word' id='word_1_905' title='bbox 2435 4655 2611 4720; x_wconf 87' lang='lat' dir='ltr'><strong>habet,</strong></span> <span class='ocrx_word' id='word_1_906' title='bbox 2647 4670 2751 4708; x_wconf 91' lang='lat' dir='ltr'><strong>non</strong></span> <span class='ocrx_word' id='word_1_907' title='bbox 2786 4655 2938 4709; x_wconf 89' lang='lat' dir='ltr'><strong>timet</strong></span> <span class='ocrx_word' id='word_1_908' title='bbox 2965 4672 2978 4707; x_wconf 91' lang='lat'><strong>:</strong></span> <span class='ocrx_word' id='word_1_909' title='bbox 3010 4655 3054 4708; x_wconf 90' lang='lat' dir='ltr'><strong>si</strong></span> <span class='ocrx_word' id='word_1_910' title='bbox 3082 4668 3212 4718; x_wconf 70' lang='lat' dir='ltr'><strong>ergo</strong></span> <span class='ocrx_word' id='word_1_911' title='bbox 3241 4664 3291 4708; x_wconf 93' lang='lat' dir='ltr'><strong>et</strong></span> <span class='ocrx_word' id='word_1_912' title='bbox 3327 4670 3425 4709; x_wconf 91' lang='lat' dir='ltr'><strong>nos</strong></span> <span class='ocrx_word' id='word_1_913' title='bbox 3453 4655 3651 4708; x_wconf 83' lang='lat' dir='ltr'><strong>fontem</strong></span> 
     </span>
    </p>
   </div>
   <div class='ocr_carea' id='block_1_110' title="bbox 2069 4744 3654 4815">
    <p class='ocr_par' dir='ltr' id='par_1_110' title="bbox 2069 4744 3654 4815">
     <span class='ocr_line' id='line_1_110' title="bbox 2069 4744 3654 4815; baseline -0.001 -13"><span class='ocrx_word' id='word_1_914' title='bbox 2069 4745 2359 4802; x_wconf 82' lang='lat' dir='ltr'><strong>habeamus</strong></span> <span class='ocrx_word' id='word_1_915' title='bbox 2387 4746 2810 4814; x_wconf 81' lang='lat' dir='ltr'><strong>eleemosynam,</strong></span> <span class='ocrx_word' id='word_1_916' title='bbox 2838 4760 2942 4798; x_wconf 91' lang='lat' dir='ltr'><strong>non</strong></span> <span class='ocrx_word' id='word_1_917' title='bbox 2969 4744 3295 4800; x_wconf 89' lang='lat' dir='ltr'><strong>timebimus.</strong></span> <span class='ocrx_word' id='word_1_918' title='bbox 3332 4744 3429 4800; x_wconf 92' lang='lat' dir='ltr'><strong>llic</strong></span> <span class='ocrx_word' id='word_1_919' title='bbox 3457 4747 3654 4815; x_wconf 84' lang='lat' dir='ltr'><strong>quippe</strong></span> 
     </span>
    </p>
   </div>
   <div class='ocr_carea' id='block_1_111' title="bbox 2066 4834 3648 4905">
    <p class='ocr_par' dir='ltr' id='par_1_111' title="bbox 2066 4834 3648 4905">
     <span class='ocr_line' id='line_1_111' title="bbox 2066 4834 3648 4905; baseline -0.003 -14"><span class='ocrx_word' id='word_1_920' title='bbox 2066 4835 2188 4892; x_wconf 85' lang='lat' dir='ltr'><strong>fons</strong></span> <span class='ocrx_word' id='word_1_921' title='bbox 2209 4836 2275 4891; x_wconf 89' lang='lat' dir='ltr'><strong>ad</strong></span> <span class='ocrx_word' id='word_1_922' title='bbox 2300 4846 2506 4905; x_wconf 90' lang='lat' dir='ltr'><strong>potum,</strong></span> <span class='ocrx_word' id='word_1_923' title='bbox 2538 4834 2604 4889; x_wconf 87' lang='lat' dir='ltr'><strong>ad</strong></span> <span class='ocrx_word' id='word_1_924' title='bbox 2635 4835 3019 4903; x_wconf 82' lang='lat' dir='ltr'><strong>irrigationem,</strong></span> <span class='ocrx_word' id='word_1_925' title='bbox 3053 4834 3120 4889; x_wconf 89' lang='lat' dir='ltr'><strong>ad</strong></span> <span class='ocrx_word' id='word_1_926' title='bbox 3159 4834 3407 4898; x_wconf 64' lang='lat' dir='ltr'><strong>aedilicia,</strong></span> <span class='ocrx_word' id='word_1_927' title='bbox 3438 4836 3502 4888; x_wconf 90' lang='lat' dir='ltr'><strong>ad</strong></span> <span class='ocrx_word' id='word_1_928' title='bbox 3536 4852 3648 4889; x_wconf 88' lang='lat' dir='ltr'><strong>om-</strong></span> 
     </span>
    </p>
   </div>
   <div class='ocr_carea' id='block_1_112' title="bbox 2070 4925 3657 4997">
    <p class='ocr_par' dir='ltr' id='par_1_112' title="bbox 2070 4925 3657 4997">
     <span class='ocr_line' id='line_1_112' title="bbox 2070 4925 3657 4997; baseline -0.003 -12"><span class='ocrx_word' id='word_1_929' title='bbox 2070 4932 2155 4985; x_wconf 91' lang='lat' dir='ltr'><strong>nia</strong></span> <span class='ocrx_word' id='word_1_930' title='bbox 2202 4929 2356 4983; x_wconf 91' lang='lat' dir='ltr'><strong>nobis</strong></span> <span class='ocrx_word' id='word_1_931' title='bbox 2402 4928 2550 4982; x_wconf 90' lang='lat' dir='ltr'><strong>utilis</strong></span> <span class='ocrx_word' id='word_1_932' title='bbox 2598 4934 2699 4980; x_wconf 90' lang='lat' dir='ltr'><strong>est.</strong></span> <span class='ocrx_word' id='word_1_933' title='bbox 2732 4925 2878 4980; x_wconf 87' lang='lat' dir='ltr'><strong>Nihil</strong></span> <span class='ocrx_word' id='word_1_934' title='bbox 2925 4926 3027 4983; x_wconf 91' lang='lat' dir='ltr'><strong>hoc</strong></span> <span class='ocrx_word' id='word_1_935' title='bbox 3061 4936 3184 4997; x_wconf 91' lang='lat' dir='ltr'><strong>potu</strong></span> <span class='ocrx_word' id='word_1_936' title='bbox 3215 4928 3407 4982; x_wconf 88' lang='lat' dir='ltr'><strong>melius</strong></span> <span class='ocrx_word' id='word_1_937' title='bbox 3439 4944 3454 4982; x_wconf 73' lang='grc' dir='ltr'><strong>ε</strong></span> <span class='ocrx_word' id='word_1_938' title='bbox 3487 4928 3657 4981; x_wconf 84' lang='lat' dir='ltr'><strong>neseit</strong></span> 
     </span>
    </p>
   </div>
   <div class='ocr_carea' id='block_1_113' title="bbox 2066 5017 3656 5078">
    <p class='ocr_par' dir='ltr' id='par_1_113' title="bbox 2066 5017 3656 5078">
     <span class='ocr_line' id='line_1_113' title="bbox 2066 5017 3656 5078; baseline -0.006 0"><span class='ocrx_word' id='word_1_939' title='bbox 2066 5022 2155 5078; x_wconf 86' lang='lat' dir='ltr'><strong>hic</strong></span> <span class='ocrx_word' id='word_1_940' title='bbox 2188 5021 2307 5075; x_wconf 87' lang='lat' dir='ltr'><strong>fons</strong></span> <span class='ocrx_word' id='word_1_941' title='bbox 2333 5020 2649 5075; x_wconf 89' lang='lat' dir='ltr'><strong>ebrietatem</strong></span> <span class='ocrx_word' id='word_1_942' title='bbox 2678 5017 2933 5073; x_wconf 86' lang='lat' dir='ltr'><strong>inducere</strong></span> <span class='ocrx_word' id='word_1_943' title='bbox 2960 5036 2974 5074; x_wconf 93' lang='lat'><strong>:</strong></span> <span class='ocrx_word' id='word_1_944' title='bbox 3009 5019 3200 5073; x_wconf 86' lang='lat' dir='ltr'><strong>melius</strong></span> <span class='ocrx_word' id='word_1_945' title='bbox 3237 5028 3320 5074; x_wconf 89' lang='lat' dir='ltr'><strong>est</strong></span> <span class='ocrx_word' id='word_1_946' title='bbox 3350 5019 3511 5074; x_wconf 88' lang='lat' dir='ltr'><strong>talem</strong></span> <span class='ocrx_word' id='word_1_947' title='bbox 3561 5017 3656 5071; x_wconf 82' lang='lat' dir='ltr'><strong>ha-</strong></span> 
     </span>
    </p>
   </div>
   <div class='ocr_carea' id='block_1_114' title="bbox 2068 5107 3653 5179">
    <p class='ocr_par' dir='ltr' id='par_1_114' title="bbox 2068 5107 3653 5179">
     <span class='ocr_line' id='line_1_114' title="bbox 2068 5107 3653 5179; baseline -0.004 -12"><span class='ocrx_word' id='word_1_948' title='bbox 2068 5113 2195 5167; x_wconf 86' lang='lat' dir='ltr'><strong>bcre</strong></span> <span class='ocrx_word' id='word_1_949' title='bbox 2223 5111 2446 5177; x_wconf 81' lang='lat' dir='ltr'><strong>fontem,</strong></span> <span class='ocrx_word' id='word_1_950' title='bbox 2476 5124 2634 5179; x_wconf 90' lang='lat' dir='ltr'><strong>quam</strong></span> <span class='ocrx_word' id='word_1_951' title='bbox 2665 5108 2781 5163; x_wconf 89' lang='lat' dir='ltr'><strong>auri</strong></span> <span class='ocrx_word' id='word_1_952' title='bbox 2807 5107 2984 5164; x_wconf 78' lang='lat' dir='ltr'><strong>fontes</strong></span> <span class='ocrx_word' id='word_1_953' title='bbox 3009 5109 3280 5164; x_wconf 87' lang='lat' dir='ltr'><strong>emittere.</strong></span> <span class='ocrx_word' id='word_1_954' title='bbox 3310 5108 3466 5165; x_wconf 90' lang='lat' dir='ltr'><strong>Omni</strong></span> <span class='ocrx_word' id='word_1_955' title='bbox 3502 5108 3653 5162; x_wconf 86' lang='lat' dir='ltr'><strong>auri-</strong></span> 
     </span>
    </p>
   </div>
   <div class='ocr_carea' id='block_1_115' title="bbox 2066 5200 3656 5271">
    <p class='ocr_par' dir='ltr' id='par_1_115' title="bbox 2066 5200 3656 5271">
     <span class='ocr_line' id='line_1_115' title="bbox 2066 5200 3656 5271; baseline -0.003 -11"><span class='ocrx_word' id='word_1_956' title='bbox 2066 5204 2179 5260; x_wconf 87' lang='lat' dir='ltr'><strong>fera</strong></span> <span class='ocrx_word' id='word_1_957' title='bbox 2234 5214 2374 5257; x_wconf 91' lang='lat' dir='ltr'><strong>terra</strong></span> <span class='ocrx_word' id='word_1_958' title='bbox 2421 5201 2611 5257; x_wconf 89' lang='lat' dir='ltr'><strong>melior</strong></span> <span class='ocrx_word' id='word_1_959' title='bbox 2648 5209 2725 5255; x_wconf 89' lang='lat' dir='ltr'><strong>est</strong></span> <span class='ocrx_word' id='word_1_960' title='bbox 2778 5201 2977 5267; x_wconf 89' lang='lat' dir='ltr'><strong>anima,</strong></span> <span class='ocrx_word' id='word_1_961' title='bbox 3027 5218 3145 5271; x_wconf 66' lang='lat' dir='ltr'><strong>quae</strong></span> <span class='ocrx_word' id='word_1_962' title='bbox 3197 5200 3500 5270; x_wconf 89' lang='lat' dir='ltr'><strong>hujusmodi</strong></span> <span class='ocrx_word' id='word_1_963' title='bbox 3557 5201 3656 5255; x_wconf 80' lang='lat' dir='ltr'><strong>fert</strong></span> 
     </span>
    </p>
   </div>
   <div class='ocr_carea' id='block_1_116' title="bbox 2066 5291 3653 5362">
    <p class='ocr_par' dir='ltr' id='par_1_116' title="bbox 2066 5291 3653 5362">
     <span class='ocr_line' id='line_1_116' title="bbox 2066 5291 3653 5362; baseline -0.003 -13"><span class='ocrx_word' id='word_1_964' title='bbox 2066 5310 2275 5349; x_wconf 90' lang='lat' dir='ltr'><strong>aurum.</strong></span> <span class='ocrx_word' id='word_1_965' title='bbox 2300 5292 2415 5347; x_wconf 90' lang='lat' dir='ltr'><strong>Non</strong></span> <span class='ocrx_word' id='word_1_966' title='bbox 2448 5293 2590 5347; x_wconf 90' lang='lat' dir='ltr'><strong>enim</strong></span> <span class='ocrx_word' id='word_1_967' title='bbox 2622 5291 2674 5346; x_wconf 93' lang='lat' dir='ltr'><strong>in</strong></span> <span class='ocrx_word' id='word_1_968' title='bbox 2709 5291 2845 5346; x_wconf 88' lang='lat' dir='ltr'><strong>hanc</strong></span> <span class='ocrx_word' id='word_1_969' title='bbox 2873 5294 3072 5362; x_wconf 84' lang='lat' dir='ltr'><strong>regiam</strong></span> <span class='ocrx_word' id='word_1_970' title='bbox 3100 5334 3115 5357; x_wconf 95' lang='lat'><strong>,</strong></span> <span class='ocrx_word' id='word_1_971' title='bbox 3144 5292 3237 5345; x_wconf 90' lang='lat' dir='ltr'><strong>sed</strong></span> <span class='ocrx_word' id='word_1_972' title='bbox 3272 5292 3325 5345; x_wconf 91' lang='lat' dir='ltr'><strong>in</strong></span> <span class='ocrx_word' id='word_1_973' title='bbox 3365 5307 3653 5359; x_wconf 76' lang='lat' dir='ltr'><strong>supernam</strong></span> 
     </span>
    </p>
   </div>
   <div class='ocr_carea' id='block_1_117' title="bbox 2069 5381 3647 5439">
    <p class='ocr_par' dir='ltr' id='par_1_117' title="bbox 2069 5381 3647 5439">
     <span class='ocr_line' id='line_1_117' title="bbox 2069 5381 3647 5439; baseline -0.003 0"><span class='ocrx_word' id='word_1_974' title='bbox 2069 5386 2344 5439; x_wconf 88' lang='lat' dir='ltr'><strong>nobiscum</strong></span> <span class='ocrx_word' id='word_1_975' title='bbox 2376 5383 2641 5438; x_wconf 88' lang='lat' dir='ltr'><strong>concedit.</strong></span> <span class='ocrx_word' id='word_1_976' title='bbox 2673 5381 2785 5437; x_wconf 89' lang='lat' dir='ltr'><strong>lloc</strong></span> <span class='ocrx_word' id='word_1_977' title='bbox 2807 5399 2993 5436; x_wconf 88' lang='lat' dir='ltr'><strong>aurmn</strong></span> <span class='ocrx_word' id='word_1_978' title='bbox 3023 5391 3399 5436; x_wconf 84' lang='lat' dir='ltr'><strong>ornamentum</strong></span> <span class='ocrx_word' id='word_1_979' title='bbox 3429 5391 3511 5437; x_wconf 88' lang='lat' dir='ltr'><strong>est</strong></span> <span class='ocrx_word' id='word_1_980' title='bbox 3550 5382 3647 5435; x_wconf 62' lang='lat' dir='ltr'><strong>lic-</strong></span> 
     </span>
    </p>
   </div>
   <div class='ocr_carea' id='block_1_118' title="bbox 2066 5472 3654 5543">
    <p class='ocr_par' dir='ltr' id='par_1_118' title="bbox 2066 5472 3654 5543">
     <span class='ocr_line' id='line_1_118' title="bbox 2066 5472 3654 5543; baseline -0.004 -12"><span class='ocrx_word' id='word_1_981' title='bbox 2066 5475 2245 5531; x_wconf 76' lang='lat' dir='ltr'><strong>clesia:</strong></span> <span class='ocrx_word' id='word_1_982' title='bbox 2274 5475 2500 5530; x_wconf 88' lang='lat' dir='ltr'><strong>Dei:ex</strong></span> <span class='ocrx_word' id='word_1_983' title='bbox 2545 5473 2646 5528; x_wconf 88' lang='lat' dir='ltr'><strong>hoc</strong></span> <span class='ocrx_word' id='word_1_984' title='bbox 2693 5490 2827 5528; x_wconf 88' lang='lat' dir='ltr'><strong>auro</strong></span> <span class='ocrx_word' id='word_1_985' title='bbox 2874 5472 3101 5527; x_wconf 81' lang='lat' dir='ltr'><strong>efﬁcitur</strong></span> <span class='ocrx_word' id='word_1_986' title='bbox 3149 5472 3358 5543; x_wconf 86' lang='lat' dir='ltr'><strong>gladius</strong></span> <span class='ocrx_word' id='word_1_987' title='bbox 3403 5473 3654 5542; x_wconf 77' lang='lat' dir='ltr'><strong>Spiritus,</strong></span> 
     </span>
    </p>
   </div>
   <div class='ocr_carea' id='block_1_119' title="bbox 2065 5562 3651 5640">
    <p class='ocr_par' dir='ltr' id='par_1_119' title="bbox 2065 5562 3651 5640">
     <span class='ocr_line' id='line_1_119' title="bbox 2065 5562 3651 5640; baseline -0.002 -18"><span class='ocrx_word' id='word_1_988' title='bbox 2065 5567 2271 5640; x_wconf 87' lang='lat' dir='ltr'><strong>gladius</strong></span> <span class='ocrx_word' id='word_1_989' title='bbox 2293 5582 2387 5638; x_wconf 87' lang='lat' dir='ltr'><strong>per</strong></span> <span class='ocrx_word' id='word_1_990' title='bbox 2411 5582 2569 5636; x_wconf 89' lang='lat' dir='ltr'><strong>quem</strong></span> <span class='ocrx_word' id='word_1_991' title='bbox 2598 5565 2760 5620; x_wconf 87' lang='lat' dir='ltr'><strong>draco</strong></span> <span class='ocrx_word' id='word_1_992' title='bbox 2783 5565 3101 5619; x_wconf 84' lang='lat' dir='ltr'><strong>disseeatur.</strong></span> <span class='ocrx_word' id='word_1_993' title='bbox 3128 5563 3205 5617; x_wconf 71' lang='lat' dir='ltr'><strong>Ex</strong></span> <span class='ocrx_word' id='word_1_994' title='bbox 3240 5566 3341 5618; x_wconf 90' lang='lat' dir='ltr'><strong>hoc</strong></span> <span class='ocrx_word' id='word_1_995' title='bbox 3369 5562 3515 5618; x_wconf 75' lang='lat' dir='ltr'><strong>fonte</strong></span> <span class='ocrx_word' id='word_1_996' title='bbox 3539 5576 3651 5632; x_wconf 75' lang='lat' dir='ltr'><strong>pro-</strong></span> 
     </span>
    </p>
   </div>
   <div class='ocr_carea' id='block_1_120' title="bbox 2128 5694 3654 5767">
    <p class='ocr_par' dir='ltr' id='par_1_120' title="bbox 2128 5694 3654 5767">
     <span class='ocr_line' id='line_1_120' title="bbox 2128 5694 3654 5767; baseline -0.006 -12"><span class='ocrx_word' id='word_1_997' title='bbox 2128 5707 2143 5737; x_wconf 82' lang='grc'>¹</span> <span class='ocrx_word' id='word_1_998' title='bbox 2181 5703 2345 5767; x_wconf 79' lang='lat' dir='ltr'><strong>Codex</strong></span> <span class='ocrx_word' id='word_1_999' title='bbox 2373 5715 2504 5767; x_wconf 75' lang='lat' dir='ltr'><strong>unus</strong></span> <span class='ocrx_word' id='word_1_1000' title='bbox 2527 5700 2677 5749; x_wconf 84' lang='lat' dir='ltr'><strong>habet</strong></span> <span class='ocrx_word' id='word_1_1001' title='bbox 2697 5698 2786 5767; x_wconf 79' lang='lat' dir='ltr'><strong>:_si</strong></span> <span class='ocrx_word' id='word_1_1002' title='bbox 2829 5704 2991 5767; x_wconf 78' lang='lat' dir='ltr'><strong>potum</strong></span> <span class='ocrx_word' id='word_1_1003' title='bbox 3022 5698 3269 5767; x_wconf 67' lang='lat' dir='ltr'><strong>moderate</strong></span> <span class='ocrx_word' id='word_1_1004' title='bbox 3295 5694 3530 5767; x_wconf 55' lang='lat' dir='ltr'><strong>ﬂecteris,</strong></span> <span class='ocrx_word' id='word_1_1005' title='bbox 3565 5708 3654 5747; x_wconf 71' lang='lat' dir='ltr'><strong>rm</strong></span> 
     </span>
    </p>
   </div>
   <div class='ocr_carea' id='block_1_121' title="bbox 2064 5760 3342 5830">
    <p class='ocr_par' dir='ltr' id='par_1_121' title="bbox 2064 5760 3342 5830">
     <span class='ocr_line' id='line_1_121' title="bbox 2064 5760 3342 5830; baseline -0.007 -13"><span class='ocrx_word' id='word_1_1006' title='bbox 2064 5766 2315 5830; x_wconf 62' lang='lat' dir='ltr'><strong>putreﬁtcit</strong></span> <span class='ocrx_word' id='word_1_1007' title='bbox 2340 5766 2438 5823; x_wconf 82' lang='lat' dir='ltr'><strong>soi;</strong></span> <span class='ocrx_word' id='word_1_1008' title='bbox 2462 5760 2504 5814; x_wconf 79' lang='lat' dir='ltr'><strong>si</strong></span> <span class='ocrx_word' id='word_1_1009' title='bbox 2527 5770 2685 5811; x_wconf 84' lang='lat' dir='ltr'><strong>autent</strong></span> <span class='ocrx_word' id='word_1_1010' title='bbox 2709 5761 3038 5819; x_wconf 54' lang='lat' dir='ltr'><strong>inunoderﬁc,</strong></span> <span class='ocrx_word' id='word_1_1011' title='bbox 3066 5760 3342 5821; x_wconf 51' lang='lat' dir='ltr'><strong>putrefacti.</strong></span> 
     </span>
    </p>
   </div>
  </div>
