4084 6174
362 316 465 371 I75

344 432 799 501 Μεταπέμπεται
828 448 904 486 σε
938 434 1026 498 εἰς
1072 430 1183 485 τὸν
1225 426 1396 486 οἷκον
1434 428 1660 492 αὐτοῦ;
1699 428 1822 480 ’Ότι
1849 424 2008 479 τοῦτο

343 521 528 582 αὐτοῖς
554 519 826 573 ἐκέλευσε.
864 518 1097 589 Τάχαδέ
1134 518 1231 573 καὶ
1275 516 1351 581 ('0;
1397 515 1822 584 ἀπολογούμενοι
1867 511 2009 583 ὑπὲρ

341 608 505 662 αὐτοῦ
552 607 830 677 μονονουχὶ
878 606 1133 675 λέγουσι’
1166 604 1350 675 Μηδὲν
1402 602 1688 672 καταγνῷς
1729 617 1742 630 ·
1776 600 1874 669 οὐχ
1926 599 2003 662 ὡς

342 695 698 767 καταφρονῶν
757 693 1038 765 ἐπεμψεν,
1094 693 1212 747 ἀλλ’
1261 690 1558 761 ἐκελεύσθη
1617 688 1808 752 οὕτως.
1849 687 1911 740 '0
1941 686 2011 739 δὲ

344 782 670 852 Κορνήλιος
698 779 777 853 ἦν
805 781 1161 851 προσδοκῶν
1183 779 1406 845 αὐτοὺς
1426 820 1441 847 ,
1472 779 1604 850 φησὶ
1625 817 1639 842 ,
1672 777 2011 843 προσκαλε-

341 870 601 938 σάμενος
626 870 767 936 τοὺς
784 869 1100 940 συγγενεῖς
1118 867 1326 933 αὐτοῦ,
1352 867 1451 920 καὶ
1482 870 1624 932 τοὺ
1643 864 2011 934 ἀναγκαίους

341 958 577 1025 φίλους.
600 958 839 1020 Εἰκότως
864 969 890 997 ι
916 973 930 986 ·
952 956 1014 1010 οὐ
1036 956 1146 1027 γὰρ
1161 955 1368 1009 δίκαιον
1383 950 1558 1025 ἦνκαὶ
1576 954 1701 1015 τοὺς
1729 952 2011 1019 συγγενεῖς

341 1045 436 1096 καὶ
474 1046 601 1108 τοὺς
632 1045 820 1113 φίλους
858 1043 934 1114 μὴ
966 1042 1398 1110 συνεπάγεσθαιο
1436 1039 1615 1103 ἄλλως
1659 1038 1717 1090 δέ
1756 1038 1848 1091 καὶ
1896 1037 2012 1089 ἐκεῖ

339 1134 610 1205 παρόντες
642 1132 846 1203 μᾶλλον
878 1130 1045 1185 αὐτοῦ
1080 1133 1320 1202 ήκουσαν
1348 1128 1433 1183 ἀν.

411 1222 616 1284 Εἶδετε,
669 1220 809 1291 πόση
861 1220 961 1289 τῆς
1015 1218 1385 1289 ἐλεημοσύνης
1432 1220 1465 1289 ή
1514 1216 1784 1286 δύναμις,
1820 1217 1912 1270 καὶ
1950 1219 2010 1271 ἐν

336 1311 407 1380 τῇ
463 1310 706 1381 προτέρᾳ
749 1308 981 1373 διαλέξει
1045 1307 1138 1361 καὶ
1196 1305 1460 1371 ἐνταῦθας
1512 1306 1722 1375 Ἐκείνη
1776 1304 2007 1359 θανάτου

336 1396 618 1468 ἀπήλλαξε
669 1396 763 1449 τοῦ
817 1395 1172 1468 προσκαίρου,
1216 1393 1355 1465 αῦτη
1412 1392 1505 1447 τοῦ
1548 1393 1767 1447 αἰωνίου
1800 1409 1815 1426 ·
1867 1392 2007 1465 αὕτη

336 1486 437 1539 καὶ
483 1484 653 1554 θύρας
701 1483 931 1554 ἀνέῳξεν
971 1481 1226 1554 οὐρανοῦ.
1260 1482 1401 1552 Ὅρα
1437 1481 1517 1546 δὲ,
1549 1481 1667 1545 πῶς
1706 1481 1836 1552 περί
1874 1481 2006 1533 πολ-

336 1570 434 1624 λοῦ
478 1570 769 1640 γεγένηται
812 1570 872 1622 τὸ
911 1567 1197 1623 πιστεῦσαι
1240 1568 1571 1640 Κορνήλιον,
1604 1569 1681 1632 ὼς
1712 1569 1807 1621 καὶ
1840 1568 2010 1636 ἀγγε-

337 1659 432 1712 λον
494 1657 851 1727 πεμφθῆναι,
912 1656 1005 1710 καὶ
1060 1655 1283 1725 Πνεῦμα
1357 1656 1651 1727 ἐνεργῆσαι
1679 1694 1695 1720 ,
1758 1655 1852 1709 καὶ
1915 1655 2008 1709 τὸν

341 1746 640 1814 κορυφαῖον
682 1743 1137 1814 μεταπεμφθῆναι
1189 1743 1299 1796 τῶν
1346 1742 1679 1807 ἀποστόλων,
1737 1743 1833 1796 καὶ
1886 1741 2007 1811 ὄψιν

340 1835 575 1903 φανῆναι
610 1830 889 1902 τοιαύτην,
928 1831 1021 1884 καὶ
1057 1831 1224 1902 μηδὲν
1254 1829 1389 1894 ὅλως
1420 1828 1788 1898 ἐλλειφοῆναι.
1844 1829 2007 1881 Πόσοι

337 1917 480 1992 ἦσαν
528 1920 915 1990 ἑκατόνταρχοι
936 1959 951 1984 ,
1003 1919 1098 1970 καὶ
1146 1917 1416 1988 χιλίαρχοι
1443 1958 1458 1983 ,
1500 1918 1592 1969 καὶ
1623 1915 1883 1986 βασιλεῖς.
1911 1916 2008 1968 καὶ

338 2009 513 2071 οὐδεὶς
559 2010 765 2061 τούτων
804 2006 1070 2075 ἐπέτυχεν
1115 1999 1189 2058 ὦν
1224 2000 1405 2068 0610;;
1450 2003 1743 2056 Ἀκούσατε
1782 2004 2004 2068 πάντες,

337 2096 456 2148 ὅσοι
483 2096 542 2147 ἐν
574 2093 884 2165 στρατείαις
932 2092 1076 2157 ἐστὲ,
1117 2092 1232 2145 ὅσοι
1277 2089 1557 2161 βασιλεῦσι
1601 2090 2005 2161 παρεστήκατε.

332 2179 611 2249 Εὐσεϐὴς
647 2177 747 2251 ἦν,
777 2178 932 2252 φησὶ,
959 2180 1058 2233 καί
1077 2180 1448 2248 φοϐούμενος
1472 2178 1579 2232 τόν
1609 2177 1757 2231 Θεόν
1781 2193 1795 2209 ·
1825 2177 1920 2230 καὶ
1947 2176 2009 2230 τὸ

340 2266 552 2338 μεῖζον,
579 2269 660 2321 ὅτι
687 2268 927 2330 τοιοῦτος
947 2263 1013 2339 ἦν
1040 2265 1202 2321 Μετά
1221 2265 1449 2333 παντὸς
1467 2266 1573 2321 τοῦ
1599 2266 1771 2321 οἴκου
1797 2264 2004 2321 αὐτοῦ.

339 2357 529 2419 Οὕτως
570 2352 640 2427 ἦν
667 2354 1176 2428 συγκεκροτημένος
1223 2356 1357 2427 πρὸς
1399 2355 1557 2408 τοῦτο
1596 2354 1689 2409 καὶ
1728 2353 2009 2425 διακείμε-

338 2461 470 2508 νος,
509 2444 584 2507 ὠς
620 2442 694 2516 μή
742 2444 902 2515 μόνον
951 2439 1009 2498 εὖ
1064 2443 1310 2498 τίθεσθαι
1364 2443 1431 2497 τά
1480 2446 1677 2510 οἰκεῖα,
1725 2442 1863 2497 ἀλλά
1913 2442 2009 2496 καὶ

338 2535 434 2587 ἐπὶ
492 2534 590 2604 τῆς
641 2534 909 2597 οἰκετείας
964 2534 1025 2588 τὸ
1077 2535 1210 2588 αὐτὸ
1259 2533 1417 2587 τοῦτο
1452 2536 1645 2587 ποιεῖν.
1679 2534 1754 2586 Οὐ
1788 2532 1897 2603 γάρ
1932 2531 2010 2595 ὡς

337 2624 524 2693 ἡμεῖς,
550 2622 624 2689 οἰ,
654 2623 801 2687 ὅπως
825 2623 923 2694 μέν
950 2625 1079 2694 ήμῖν
1110 2622 1332 2694 φοϐεροὶ
1356 2623 1406 2676 οἰ
1433 2620 1829 2692 ὑπηρετοῦντες
1855 2620 2008 2672 ἔσον-

336 2727 448 2774 ται,
486 2712 663 2764 πάντα
690 2709 949 2782 ποιοῦμεν
978 2751 994 2775 ,
1026 2711 1173 2774 ὅπως
1204 2710 1259 2763 δὲ
1293 2709 1540 2772 εὐλαϐεῖς
1560 2748 1575 2771 ,
1606 2709 1811 2763 οὐκετι.
1867 2706 2006 2760 Ἀλλ’

336 2791 496 2861 οὗτος
535 2798 632 2867 οὐχ
682 2797 876 2861 οὕτως,
931 2798 1065 2851 ἀλλά
1106 2799 1243 2868 μετά
1296 2800 1396 2868 τῆς
1431 2798 1609 2861 οἰκίας
1666 2799 1884 2868 ἀπάσης
1916 2800 2009 2851 τὸν

336 2884 476 2937 Θεὸν
503 2885 769 2952 ἐφοϐεῖτο,
792 2886 873 2959 0-3_
890 2885 1048 2954 μόνον
1076 2886 1104 2925 ι)
1142 2885 1331 2956 ὥσπερ
1363 2885 1540 2947 κοινὸς
1582 2884 1765 2955 πατὴρ
1791 2885 2009 2938 πάντων

335 2971 451 3024 τῶν
479 2989 546 3041 με
560 2972 598 3023 τ’
624 2971 788 3025 αὐτοῦ
819 2971 915 3036 ὢν,
953 2972 1087 3025 ἀλλά
1129 2973 1223 3024 καί
1254 2971 1363 3023 τῶν
1395 2972 1486 3024 ὑπ’
1521 2972 1685 3024 αὐτὸν
1746 2987 2010 3041 στρατιω-

334 3060 473 3113 τῶν.
510 3061 707 3111 ’Ἄκουε
758 3060 812 3111 δὲ
846 3060 940 3112 καὶ
966 3060 1017 3111 τί
1073 3077 1238 3127 φασιν
1289 3061 1492 3129 ἕτερον·
1537 3059 1850 3127 ἀναγκαίως
1899 3058 2007 3129 γάρ

335 3144 724 3215 προστέθειται
740 3145 819 3209 τὸ,
840 3148 1333 3215 ,Μαρτυροὺμενος
1346 3146 1461 3199 ὑπὸ
1487 3145 1635 3199 ὅλου
1653 3147 1757 3199 τοῦ
1769 3145 2002 3210 ἔθνους·

336 3237 429 3288 ἵνα
467 3231 617 3305 [182]
656 3234 1011 3305 μηδεὶςεῖπῃο
1062 3233 1126 3287 Τί
1156 3235 1283 3304 γὰρ,
1315 3236 1363 3287 εἰ
1395 3233 1729 3305 ἀκρόϐυστος
1747 3231 1850 3306 ἦν,
1897 3236 2007 3287 Καὶ

335 3324 563 3387 ἐκεῖνοι,
594 3322 747 3392 φησί,
781 3321 1150 3393 μαρτυροῦσιν
1196 3320 1363 3391 αὐτῷ.
1395 3323 1458 3373 ’Λ
1472 3339 1538 3392 ρα
1576 3322 1729 3376 οὐδὲν
1775 3324 2005 3393 ἐλεημο⁴

336 3409 509 3480 σύνης
541 3409 674 3463 ἴσον*
706 3410 906 3479 μᾶλλον
939 3409 995 3462 δὲ
1021 3409 1161 3462 οῦτω
1207 3409 1415 3481 μεγάλη
1461 3408 1552 3463 τοῦ
1602 3411 1925 3480 πράγματος
1971 3412 2005 3481 ἡ

342 3498 519 3566 ἰσχὺς,
546 3496 673 3549 ὅταν
700 3498 763 3548 ἐκ
792 3495 1047 3567 καθαρῶν
1080 3497 1377 3567 προχέηται
1416 3496 1682 3566 ταμείων,
1735 3497 1811 3560 ὡς
1846 3498 1914 3551 τά
1942 3514 2006 3565 γε

339 3583 689 3655 προχεόμενα
733 3583 793 3647 ἐξ
819 3583 1019 3636 ἀδίκων
1070 3583 1331 3655 βόρϐορον
1378 3582 1554 3636 ἔοικεν
1579 3584 1799 3655 ἀφιείση
1830 3589 2002 3657 πηγῇ-

338 3672 405 3725 τά
438 3671 495 3723 δὲ
523 3674 586 3724 ἐκ
614 3670 837 3723 δικαίων
863 3670 1088 3741 κερδῶν,
1121 3671 1371 3742 καθάπερ
1422 3673 1572 3743 νᾶμα
1603 3672 1797 3735 διειδές
1824 3690 1882 3726 τε
1913 3675 2008 3726 καὶ

341 3757 585 3828 καθαρὸν
623 3759 680 3810 ἐν
708 3759 1047 3829 παραδείσῳ,
1075 3758 1171 3829 ἡδὺ
1205 3758 1304 3830 μὲν
1347 3760 1494 3821 ίδεῖν,
1529 3759 1625 3830 ήδὺ
1660 3760 1718 3812 δὲ
1740 3760 2003 3829 ἅψασθαι,

340 3846 544 3915 κοῦφόν
572 3863 631 3898 τε
656 3846 749 3899 καὶ
776 3846 983 3916 ψυχρὸν
1021 3849 1076 3900 ἐν
1105 3848 1421 3919 μεσημϐρία
1475 3848 1770 3919 διδόμενον.
1820 3847 2007 3911 Οῦτως

339 3936 485 3989 ἐστὶν
523 3938 556 4007 ή
585 3934 946 4005 ἐλεημοσύνη.
1004 3936 1161 4005 Παρὰ
1194 3935 1397 4007 ταύτην
1425 3936 1523 4007 τὴν
1558 3936 1739 4007 πηγὴν
1769 3937 1867 3991 οὐκ
1919 3937 2006 3990 ατ-

340 4040 513 4094 γειροι
533 4024 626 4075 καὶ
649 4022 871 4083 πεῦκαι,
920 4023 1040 4076 οὐδὲ
1077 4024 1431 4092 κυπάρισσοι,
1466 4023 1581 4077 ἀλλ’
1611 4026 1775 4095 ἕτερα
1800 4024 2007 4078 τούτων

341 4110 522 4179 πολλῷ
552 4110 746 4180 βελτίω
770 4111 911 4178 ςρυτά
946 4111 1161 4181 εὐμήκη
1210 4111 1337 4163 εἰσί·
1368 4111 1520 4179 φιλία
1574 4111 1733 4175 Θεοῦ,
1785 4113 2008 4175 ἔπαινος

339 4196 666 4269 ἀνθρώπων,
691 4197 819 4262 δόξα
838 4201 871 4268 ή
893 4199 971 4261 είς
999 4198 1153 4261 Θεὸν,
1184 4198 1364 4251 εὔνοια
1388 4200 1538 4270 παρὰ
1559 4201 1801 4264 πάντων,
1831 4203 2010 4274 ἀμαρ-

338 4287 598 4356 τημάτων
631 4287 955 4357 ἀφανισμός,
989 4286 1268 4357 παρρησία
1295 4286 1481 4357 πολλὴ,
1514 4288 1814 4359 χρημάτων
1847 4289 2009 4359 ὑπερ·

341 4373 490 4441 οψία,
523 4373 885 4443 ἐλεημοσύνη,
950 4373 1015 4427 δι’
1049 4369 1116 4444 ἧς
1150 4374 1249 4443 τῆς
1280 4374 1502 4445 ἀγάπης
1528 4377 1589 4428 τὸ
1623 4376 1788 4443 φυτὸν
1812 4375 2010 4447 ’τρέφε-

339 4475 447 4512 ται.
478 4459 646 4513 Οὐδὲν
684 4460 791 4532 γὰρ
841 4459 1015 4523 οῦτως
1066 4461 1289 4531 ἀγάπην
1336 4462 1556 4530 τρέφειν
1584 4462 1792 4526 εἴωθεν,
1823 4461 1899 4523 ὡς
1948 4462 2009 4514 τὸ

341 4546 613 4617 ἐλεήμονα
641 4543 779 4600 εἷναί
808 4565 952 4600 τινα.
984 4546 1132 4617 Αὕτη
1160 4549 1287 4611 τοὺς
1319 4547 1548 4610 κλάδους
1589 4550 1669 4610 εἰς
1698 4547 1830 4616 ὕψος
1858 4548 2009 4619 αῐρε-

344 4632 468 4687 σθαι
496 4637 659 4689 ποιεῖ·
692 4634 832 4705 αῦτη
865 4634 1092 4706 βελτίων
1116 4636 1149 4707 ή
1183 4634 1332 4707 πηγὴ
1363 4636 1462 4705 τῆς
1485 4635 1543 4687 ἐν
1566 4633 1642 4704 τῷ
1669 4634 2005 4707 παραδείσῳ,

341 4720 440 4774 οὐκ
475 4722 557 4783 είς
586 4722 859 4792 τέσσαρας
887 4721 1064 4794 ἀρχάς
1090 4720 1513 4794 διαιρο[υ]μένη,
1545 4720 1659 4774 ἀλλ’
1686 4723 1765 4785 είς
1792 4722 1883 4775 τὸν
1912 4723 2007 4775 οὐ-

344 4809 504 4879 ρανὸν
524 4807 690 4861 αὐτὸν
710 4810 1103 4882 ἀφικνουμένη’
1132 4808 1269 4883 αῦτη
1285 4811 1459 4863 τίκτει
1487 4809 1578 4862 τὸν
1600 4810 1842 4880 ποταμὸν
1866 4812 2007 4863 ἐκεῖ·

343 4912 428 4947 νον
446 4896 538 4949 τὸν
570 4895 866 4966 ἀλλόμενον
888 4900 966 4960 είς
994 4898 1139 4968 ζωὴν
1167 4896 1405 4952 αἰώνιον·
1432 4899 1512 4961 εἰς
1549 4896 1754 4967 ταύτην
1779 4897 2008 4959 θάνατος

344 4982 618 5051 ἐμπεσὼν,
659 4983 913 5054 καθάπερ
948 4986 1180 5057 σπινθὴρ
1222 4986 1568 5040 ἀναλίσκεται
1603 4985 1710 5039 ἀπὸ
1748 4986 1847 5056 τῆς
1898 5004 2005 5056 πη·-

344 5069 464 5138 γῆςο
496 5069 690 5132 οὕτως,
714 5072 958 5141 ὅπουπερ
1017 5070 1082 5124 ἂν
1112 5071 1396 5145 ἐπιστάξη,
1456 5071 1668 5143 μεγάλα
1712 5071 2005 5145 ἐργάζεται

344 5156 541 5225 ἀγαθά.
600 5157 749 5229 Λῦτη
784 5156 880 5211 τοῦ
926 5158 1097 5229 πυρὸς
1146 5159 1238 5212 τὸν
1291 5160 1536 5230 ποταμὸν
1598 5160 1881 5213 σϐέννυσιν
1929 5159 2005 5222 ὼς

347 5246 634 5317 σπινθῆρα’
695 5245 835 5317 αὕτη
876 5244 969 5299 τὸν
1020 5246 1277 5318 σκώληκα
1336 5246 1509 5312 οὕτως
1564 5247 1878 5317 ἀποπνίγει,
1931 5248 2007 5311 ὠς

345 5334 516 5389 οὐδέν.
560 5336 617 5389 '0
655 5334 861 5405 ταύτην
890 5333 1054 5404 ἔχων,
1080 5335 1140 5386 οὐ
1170 5334 1357 5405 βρύχει
1413 5338 1540 5400 τοὺς
1572 5337 1811 5400 ὀδόντας.
1868 5335 2005 5389 Ἀπὸ

346 5421 435 5473 τοῦ
466 5422 659 5487 ὓδατος
686 5423 890 5493 ταύτης
943 5420 1009 5475 ἂν
1063 5423 1328 5493 ἐπιστάξῃ
1358 5427 1438 5488 εἰς
1467 5424 1535 5478 τά
1567 5425 1763 5494 δεσμὰ,
1809 5423 2006 5493 διαιρει

347 5511 503 5564 αὐτά·
547 5514 650 5567 κάν
676 5517 755 5577 εἰς
786 5514 886 5578 τὰς
914 5515 1175 5586 καμίνους
1199 5514 1415 5587 ἐμπέσῃ
1436 5554 1451 5579 ,
1484 5513 1663 5576 πάσας
1698 5511 2003 5565 σϐέννυσιν.

413 5599 708 5674 ὅ⁹.”Ωσπερ
736 5599 831 5657 οῦν
856 5605 887 5673 ή
918 5604 975 5657 ἐν
1006 5602 1323 5673 παραδείσῳ
1358 5601 1509 5671 πηγὴ
1542 5601 1599 5654 οὐ
1622 5600 1716 5653 νῦν
1748 5601 1846 5671 μὲν
1872 5616 2007 5673 1190.-

348 5687 459 5756 χέει
493 5691 730 5757 νάματα,
757 5691 853 5744 νῦν
880 5692 938 5744 δέ
972 5691 1287 5763 ξηραίνεται
1327 5689 1470 5756 (ἐπεὶ
1524 5690 1625 5742 οὐκ
1646 5688 1712 5741 ἂν
1767 5686 1852 5759 εἴη
1892 5688 2008 5741 λοι-

349 5776 446 5829 πον
501 5780 697 5852 πηγὴ),
723 5781 840 5835 ἀλλ’
885 5784 973 5837 ἀεί⁵
1003 5782 1313 5848 ἀναϐλύζειο
1347 5780 1489 5834 οῦτω
1538 5780 1633 5835 καὶ
1679 5781 1714 5850 ή
1762 5779 2007 5851 ήμετέρα

408 5865 434 5892 ⁸
466 5867 674 5924 Εὶιότως
697 5871 841 5921 deost
873 5873 921 5921 in
944 5871 1255 5933 quibusdam,
1319 5870 1343 5933 ἰν
1372 5868 1486 5917 Hmc
1508 5869 1588 5933 τὸν
1611 5867 1731 5915 Θεὸν
1774 5866 2005 5933 ἐξοϐεἶτο,

350 5938 401 5971 ου
443 5942 602 5988 μονον,
644 5933 823 5983 omiuit
868 5931 971 5984 ιιι(
997 5935 1149 5983 codex
1176 5932 1260 5992 qui
1288 5931 1474 5993 ubique
1521 5931 1673 5979 ferme
1710 5931 1877 5977 variat.

1384 312 1455 368 IN
1495 308 1679 367 ACTA
1725 305 2261 365 Αροετοιοιιωι.
2294 309 2537 371 unum.
2602 273 2769 370 ixu.

3676 324 3777 379 17’}

2111 425 2202 479 ἀεὶ
2248 425 2631 499 δαψιλέστερον
2673 440 2695 468 ε
2740 433 3014 501 προχείτω
3044 432 3107 488 τὸ
3130 435 3282 505 νᾶμα
3330 434 3469 506 πρὸς
3511 437 3638 497 τοὺς
3679 440 3782 507 μά-

2112 511 2268 565 λιστα
2291 513 2675 584 ἐπιδεομένους
2702 516 2908 581 ἐλέους,
2953 518 3042 571 ἵνα
3078 519 3217 594 μένῃ
3240 527 3410 591 πηγή.
3459 520 3630 575 τοῦτο
3663 525 3780 578 ίλα-

2119 597 2209 667 ρὸν
2236 601 2381 652 ποιεῖ
2398 599 2489 653 τὸν
2512 601 2879 671 λαμϐάνοντα⁸
2916 603 3073 657 τοῦτο
3111 606 3476 677 ἐλεημοσύνη,
3510 608 3584 678 μὴ
3646 627 3779 679 σφοο

2108 683 2234 753 δρδν
2268 687 2431 757 μόνον
2456 690 2776 760 προχεῖσθαι
2798 691 2860 743 τὸ
2890 693 3060 761 νᾶμα,
3106 692 3244 746 ἀλλά
3269 696 3364 747 καὶ
3411 695 3676 767 διηνεκές.
3714 698 3779 750 Εἰ

2111 769 2311 839 βούλει,
2342 772 2532 842 ῶσπερ
2553 775 2618 828 ἐκ
2648 774 2843 844 πηγῶν
2897 792 2981 828 σοι
3032 778 3326 849 ἐπομϐρεῖν
3373 778 3466 832 τοῦ
3509 780 3643 833 Θεοῦ
3688 781 3778 834 τὸν

2109 856 2282 923 ἔλεον,
2314 859 2411 913 καὶ
2454 862 2519 913 σὺ
2579 863 2761 934 πηγὴν
2801 863 2914 935 ἔχε.
2956 864 3120 917 οὐδὲν
3172 865 3373 935 ταύτης
3420 867 3553 921 ἴσον.
3584 870 3682 921 “Av
3712 871 3776 923 σὺ

2107 944 2314 1016 ταύτης
2340 948 2440 1017 τῆς
2464 951 2652 1020 πηγῆς
2682 950 2899 1023 ἀνοίξῃς
2924 951 2992 1005 τά
3024 951 3290 1022 στόματα,
3319 953 3418 1024 τῆς
3465 956 3648 1026 πηγῆς
3681 956 3776 1009 τοῦ

2108 1033 2245 1087 Θεοῦ
2270 1036 2492 1090 τοιαῦτα
2518 1038 2671 1093 ἔσται
2703 1039 2773 1093 τὰ
2808 1040 3072 1111 στόματα,
3129 1039 3269 1094 ὥστε
3319 1044 3500 1095 πᾶσαν
3544 1044 3778 1100 ἄϐυσσον

2108 1124 2348 1194 νικῆσαι.
2419 1126 2700 1198 Ἀφορμὴν
2730 1129 2884 1199 ζητεί
2941 1130 3103 1199 μόνον
3152 1130 3283 1201 παρ’
3335 1132 3493 1202 ἡμῶν
3533 1133 3719 1186 λαϐεῖν
3750 1138 3779 1188 ὁ

2108 1210 2263 1274 Θεὸς,
2286 1215 2379 1265 καὶ
2412 1218 2697 1284 προχεῖται
2741 1218 2806 1269 ἐκ
2840 1216 2950 1270 τῶν
2978 1217 3224 1287 ταμείων
3270 1218 3435 1271 αὐτοῦ
3466 1219 3535 1273 τὰ
3576 1220 3774 1289 ἀγαθά.

2112 1298 2281 1353 Ὅταν
2306 1300 2590 1375 ἀναλίσκῃ,
2610 1303 2740 1356 ὅταν
2769 1304 3006 1375 δαπανᾷ,
3038 1305 3160 1358 τότε
3188 1306 3427 1370 πλουτεῖ,
3463 1307 3582 1360 τότε
3611 1309 3777 1361 εὐπο-

2111 1388 2213 1454 ρεῖ.
2244 1387 2406 1455 Μέγα
2430 1389 2647 1459 ἐκείνης
2677 1389 2740 1442 τὸ
2761 1390 2936 1460 στόμα
2962 1392 3059 1462 τῆς
3092 1395 3296 1463 πηγῆς·
3323 1392 3564 1465 καθαρὸν
3593 1395 3652 1449 τὸ
3677 1396 3777 1449 αὐ-

2108 1475 2207 1543 τῆς
2233 1475 2383 1544 νᾶμα
2413 1475 2503 1527 καί
2535 1474 2750 1539 διειδές.
2781 1478 2879 1530 Ἂν
2903 1478 2979 1548 μὴ
3016 1478 3222 1549 ταύτην
3274 1480 3616 1552 ἀποφράξῃς,
3657 1483 3780 1536 οὐδέ

2109 1558 2345 1631 ἐκείνην.
2372 1561 2554 1630 Μηδὲν
2578 1562 2829 1634 ἄκαρπον
2860 1565 3109 1635 στηκέτω
3154 1568 3285 1636 παρ’
3322 1567 3493 1637 αὐτὴν
3539 1568 3776 1640 δένδρον,

2110 1645 2198 1699 ἵνα
2232 1646 2307 1718 μὴ
2336 1650 2435 1719 τὴν
2464 1649 2642 1703 νοτίδα
2662 1650 2834 1722 αὐτῆς
2859 1652 3242 1724 καταναλώσῃ.
3275 1654 3460 1725 Ἔχεις
3486 1656 3777 1727 χρήματα;

2107 1733 2200 1805 Μὴ
2235 1734 2433 1803 φύτευε
2462 1735 2741 1806 αἰγείρους
2765 1739 2901 1791 ἐκεῖ’
2927 1739 3169 1793 τοιοῦτον
3197 1741 3306 1812 γάρ
3328 1743 3360 1811 ή
3383 1742 3585 1814 τρυφή·
3610 1742 3782 1798 πολλά

2109 1816 2409 1884 ἀναλίσκει,
2441 1819 2537 1871 καὶ
2563 1819 2716 1873 οὐδὲν
2739 1820 3014 1875 δείκνυσιν
3051 1824 3108 1875 ἐν
3130 1824 3318 1893 ἑαυτῇ,
3349 1823 3485 1877 ἀλλά
3510 1825 3778 1879 ἀπόλλυσι

2106 1899 2198 1952 τὸν
2228 1902 2458 1971 καρπόν.
2487 1901 2579 1971 Μὴ
2606 1903 2880 1974 φυτεύσῃς
2908 1904 3138 1975 πεύκην,
3175 1908 3249 1976 μή
3271 1906 3452 1973 πίτυν,
3485 1906 3619 1977 μηδὲ
3652 1907 3781 1962 ἀλλο
3858 1962 3869 1969 ,

2106 1998 2160 2035 τι
2203 1982 2315 2037 τῶν
2368 1984 2627 2038 τοιούτων
2676 1985 2786 2040 τῶν
2816 1985 3216 2041 ἀναλισκόντων
3268 1989 3385 2058 μὲν,
3435 1989 3671 2059 οὐδαμοῦ
3722 1991 3780 2044 δέ

2108 2065 2417 2136 χρησίμων
2447 2066 2661 2119 τοιοῦτο
2689 2068 2799 2138 γάρ
2826 2069 2859 2136 ή
2887 2068 2996 2121 τῶν
3020 2069 3249 2138 ἱματίων
3276 2070 3478 2140 τρυφὴ,
3508 2071 3637 2124 ἰδεῖν
3687 2069 3778 2139 μό-

2108 2165 2197 2202 νον
2223 2147 2408 2213 καλὸν,
2434 2147 2668 2219 οὐδαμοῦ
2699 2149 2756 2202 δέ
2803 2150 3096 2221 χρήσιμον.
3161 2151 3588 2223 Ἀναδενδράδων
3641 2150 3781 2219 πλήο

2113 2244 2310 2300 ρωσονο
2350 2230 2529 2284 πάντα
2548 2231 2620 2284 τά
2650 2230 2906 2301 κάρπιμα
2939 2232 3207 2300 φύτευσον
3232 2235 3289 2285 ἐν
3319 2236 3439 2297 ταῖς
3473 2232 3582 2287 τῶν
3615 2233 3783 2302 πενή-

2108 2328 2216 2365 των
2242 2311 2449 2382 χερσὶν,
2491 2311 2633 2384 ἅπερ
2663 2311 2728 2366 ἂν
2781 2311 2962 2386 θέλῃς.
3018 2315 3186 2368 Οὐδὲν
3239 2315 3444 2383 ταύτης
3473 2314 3779 2385 λιπαρώτε-

2111 2410 2203 2465 ρον
2228 2394 2325 2464 τῆς
2357 2392 2480 2464 γῆς’
2511 2394 2687 2447 καίτοι
2718 2399 2915 2468 μικρόν
2938 2400 3054 2450 ἐστι
3085 2398 3146 2449 τὸ
3173 2397 3444 2467 διάστημα
3471 2398 3620 2469 [Ιδὸι
3680 2400 3782 2467 τῆς

2109 2477 2311 2548 χειρὸς,
2345 2478 2460 2531 ἀλλ’
2492 2479 2640 2547 ὅμως
2691 2480 2829 2551 πρὸς
2874 2480 3036 2533 αὐτὸν
3066 2480 3258 2549 φθάνει
3308 2480 3399 2532 τὸν
3445 2480 3673 2550 οὐρανὸν
3719 2480 3781 2531 τὸ

2111 2559 2473 2629 φυτευόμενον
2506 2561 2741 2629 δένδρον,
2785 2562 2881 2614 καὶ
2922 2561 3141 2629 βέϐαιον
3191 2563 3412 2632 ἕστηκε.
3446 2562 3617 2615 Τοῦτό
3664 2563 3781 2614 ἐστι

2110 2640 2393 2709 φυτεῦσαι.
2448 2642 2522 2694 Τὸ
2583 2644 2682 2712 μὲν
2737 2643 2848 2713 γὰρ
2898 2645 3261 2714 φυτευόμενον
3321 2648 3380 2698 ἐν
3439 2648 3506 2715 τῇ
3535 2648 3627 2715 γῇ,
3680 2644 3781 2697 κάν

2114 2724 2188 2794 μὴ
2227 2722 2341 2786 νῦν,
2387 2725 2525 2793 μετά
2580 2726 2773 2779 ἐκατὸν
2805 2726 2900 2796 ἐτη
2937 2726 3239 2779 ἀπολεῖται.
3289 2726 3353 2777 Τί
3380 2725 3631 2793 φυτεύεις
3662 2726 3780 2778 δεν-

2109 2807 2232 2875 δρα,
2267 2799 2341 2857 ὧν
2367 2807 2466 2858 οὐκ
2495 2807 2802 2879 ἀπολαύσῃ,
2834 2808 2972 2862 ἀλλὰ
3013 2815 3143 2878 πρὶν
3170 2809 3203 2879 ἢ
3240 2808 3590 2870 ἀπολαύσεις,
3618 2810 3647 2859 ὁ
3680 2806 3778 2859 θά-

2110 2905 2269 2951 νατος
2307 2888 2548 2941 ἐπελθὼν
2571 2891 2914 2960 προαρπάζει
2956 2906 3051 2955 σε;
3092 2890 3263 2945 Τοῦτο
3287 2890 3348 2943 τὸ
3392 2890 3623 2960 δένδρον,
3654 2890 3781 2943 ὅταν

2112 2971 2408 3042 ἀποθάνῃς,
2430 2972 2553 3024 τότε
2585 2988 2666 3024 σοι
2693 2971 2877 3024 δίδωσι
2900 2972 2993 3026 τὸν
3023 2973 3254 3042 καρπόν.
3290 2973 3353 3024 Εἰ
3393 2971 3666 3041 φυτεύεις,
3704 2970 3780 3041 μὴ

2111 3052 2170 3101 ἐν
2199 3053 2265 3120 τῇ
2288 3050 2388 3118 τῆς
2422 3051 2861 3121 γαστριμαργίας
2888 3050 3162 3122 φυτεύσῃς
3211 3051 3410 3121 κοιλία,
3449 3052 3536 3103 ἵνα
3577 3052 3650 3123 μὴ
3701 3052 3780 3113 εἰς

2110 3132 2448 3203 ἀφεδρῶναό
2483 3134 2697 3203 καρπὸς
2757 3135 2915 3203 ἐκϐῇο
2947 3133 3086 3187 ἀλλά
3138 3133 3406 3203 φύτευσον
3456 3136 3514 3187 ἐν
3554 3133 3778 3204 τεθλιμ-

2113 3218 2249 3287 μένη
2275 3215 2451 3285 νηδύϊ,
2508 3217 2595 3271 ἵνα
2641 3217 2862 3289 πηδήσῃ
2907 3217 3043 3287 πρὸς
3074 3217 3166 3271 τὸν
3195 3218 3421 3289 οὐρανὸν
3466 3220 3494 3272 ό
3546 3218 3774 3288 καρπός.

2123 3299 2460 3353 Ἀνάπαυσον
2479 3301 2579 3370 τὴν
2600 3300 3107 3369 στενοχωρουμένην
3148 3298 3326 3369 ψυχὴν
3357 3300 3456 3370 τὴν
3479 3300 3572 3351 τοῦ
3615 3300 3779 3370 πένη-

2109 3398 2220 3446 τος,
2250 3381 2337 3434 ῖνα
2367 3381 2442 3452 μὴ
2475 3383 2576 3452 τὴν
2609 3380 2919 3452 εὐρύχωρον
2946 3380 3140 3452 θλίψῃς
3182 3382 3281 3450 τὴν
3310 3384 3428 3451 σήν.
3463 3382 3574 3451 Οὐχ
3623 3383 3777 3452 δρᾷς,

2112 3466 2195 3518 ὅτι
2220 3466 2285 3518 τά
2314 3465 2644 3534 ποτιζόμενα
2672 3463 2780 3517 τῶν
2811 3464 3331 3534 δένδρωνάμέτρως,
3366 3464 3471 3516 ἀπὸ
3500 3465 3595 3533 τῆς
3623 3464 3780 3536 ῥίζης

2113 3550 2369 3619 σήπεται·
2397 3548 2466 3600 τὰ
2502 3547 2559 3600 δὲ
2614 3546 2752 3617 μετὰ
2784 3546 3148 3616 συμμετρίας.
3207 3545 3468 3612 αῦξεται;
3528 3547 3682 3599 υῦτω
3714 3549 3779 3617 δὴ

2111 3633 2205 3684 καὶ
2236 3631 2301 3683 σὺ
2363 3630 2439 3700 μὴ
2471 3630 2569 3699 τὴν
2603 3627 2800 3682 σαυτοῦ
2838 3628 3063 3700 ποτίσῃς
3095 3627 3349 3699 ἀμέτρως
3386 3628 3651 3699 γαστέρα,
3690 3628 3778 3682 ἵνα

2114 3712 2190 3783 μὴ
2222 3714 2369 3783 σαπῇ
2403 3713 2436 3781 ή
2469 3713 2595 3782 ῥίζα
2622 3711 2715 3765 τοῦ
2741 3712 2980 3781 δένδρουο
3017 3712 3235 3764 πότισον
3261 3713 3359 3781 τὴν
3386 3711 3651 3781 διψῶσαν,
3692 3714 3778 3765 ἴνα

2112 3794 2323 3865 καρπὸν
2365 3794 2583 3866 ἐνέγκῃ.
2628 3794 2706 3848 Τά
2737 3794 3065 3864 συμμέτρως
3096 3793 3424 3863 ποτιζόμενα
3464 3797 3525 3848 οὐ
3567 3796 3778 3865 σήπειό

2110 3876 2285 3946 ἥλιος,
2325 3876 2393 3930 τά
2443 3877 2500 3930 δέ
2554 3878 2830 3949 ἀμέτρως,
2874 3878 3035 3948 σήπει
3086 3876 3147 3915 άο
3181 3876 3406 3949 τοιαύτη
3470 3878 3640 3949 γὰρὴ
3681 3878 3776 3931 τοῦ

2111 3960 2264 4031 ήλίου
2293 3959 2475 4029 φύσις.
2505 3960 2788 4030 Πανταχοῦ
2813 3961 2845 4030 ή
2873 3958 3106 4030 ἀμετρία
3135 3961 3324 4012 κακόν·
3348 3961 3431 4013 διὸ
3464 3960 3776 4030 περικόψω-

2115 4060 2217 4112 μεν
2245 4042 2433 4112 αὐτὴν,
2469 4042 2556 4096 ἴνα
2601 4044 2693 4095 καὶ
2747 4045 2907 4113 ήμεῖς
2948 4042 3204 4112 τύχωμεν
3256 4037 3331 4096 ὧν
3360 4042 3639 4113 αἰτοῦμεν.
3689 4043 3777 4095 Ἐν

2110 4106 2224 4189 τοῖς
2257 4106 2613 4196 ὑψηλοτάτοις
2639 4106 2857 4196 χωρίοις
2887 4127 2943 4178 αί
2986 4106 3163 4196 πηγαὶ
3200 4106 3446 4193 λέγονται
3475 4106 3775 4177 τίκτεσθαι.

2112 4208 2321 4261 Οὐκοῦν
2343 4208 2633 4278 γενώμεθα
2663 4207 2858 4277 ὑψηλοί
2885 4208 2979 4259 καὶ
3008 4209 3170 4277 ἡμεῖς
3198 4207 3296 4276 τὴν
3326 4206 3527 4274 ψυχὴν,
3561 4208 3656 4260 καὶ
3685 4223 3779 4258 τα-

2114 4291 2254 4359 χέως
2278 4294 2311 4360 ή
2344 4289 2681 4359 ἐλεημοσύνη
2708 4290 2910 4357 ῥεύσει’
2949 4290 3010 4341 οὐ
3048 4290 3157 4359 γὰρ
3176 4288 3412 4358 ἐστιτήν
3434 4287 3644 4359 ὑψηλὴν
3676 4287 3779 4357 ψυ-

2115 4375 2218 4444 χὴν
2258 4375 2332 4442 μὴ
2362 4375 2456 4425 καὶ
2491 4373 2758 4441 ἐλεήμονα
2808 4367 2969 4433 εἶναι,
3003 4371 3099 4423 καὶ
3130 4369 3227 4440 τὴν
3265 4370 3536 4441 ἐλεήμοεα
3566 4370 3641 4441 μὴ
3686 4374 3777 4423 καὶ

2115 4456 2344 4526 ὑψηλήν.
2413 4459 2455 4507 0
2482 4453 2612 4521 γοῦν
2640 4454 2939 4524 χρημάτων
2980 4451 3285 4522 ὑπερορῶν,
3331 4452 3429 4521 τῆς
3459 4451 3612 4523 ῥίζης
3634 4451 3776 4505 ἀνώ·

2112 4541 2270 4611 τερός
2295 4542 2409 4590 ἐστι
2444 4536 2553 4590 τῶν
2580 4537 2783 4590 κακῶν.
2818 4538 2885 4590 Δί
2916 4536 3092 4605 πηγαὶ
3140 4537 3199 4587 ἐν
3225 4535 3479 4606 ἐρημίαις
3534 4538 3671 4588 εἰσὶν
3703 4536 3779 4599 ώς

2111 4625 2182 4674 τα
2209 4621 2397 4675 πολλά’
2432 4622 2526 4674 καὶ
2559 4622 2720 4689 ἡμεῖς
2742 4620 2839 4691 τὴν
2872 4620 3050 4690 ψυχὴν
3080 4622 3179 4690 τῆς
3213 4616 3534 4688 πολυοχλίας
3585 4619 3781 4685 ἐξαγά-

2113 4722 2322 4776 γωμεν,
2357 4707 2450 4759 καὶ
2476 4704 2717 4775 πηγάσει
2739 4707 2867 4775 παρ’
2887 4706 3021 4775 ημῖν
3044 4705 3076 4775 ή
3107 4704 3464 4776 ἐλεημοσύνη.
3491 4704 3555 4755 Αἱ
3581 4702 3775 4771 πηγαὶ,

2113 4791 2223 4861 ὅσῳ
2245 4791 2310 4845 ἂν
2338 4790 2730 4861 καθαίρωνται,
2777 4788 3153 4859 ἀφθονώτεραι
3189 4798 3213 4827 ο
3244 4788 3504 4856 γίνονται·
3540 4784 3684 4837 οὕτω
3713 4786 3778 4854 δὴ

2115 4875 2209 4927 καὶ
2235 4876 2414 4944 ἡμεῖς,
2443 4875 2553 4944 ὅσῳ
2577 4872 2644 4927 ἂν
2684 4872 3077 4944 ἀναλώσωμεν,
3118 4871 3358 4941 τοσούτῳ
3400 4869 3681 4940 βλαστάνει
3710 4867 3777 4919 τά

2092 4958 2275 5011 καλά.
2320 4957 2379 5011 '0
2409 4957 2590 5028 πηγὴν
2611 4956 2770 5027 ἔχων,
2797 4957 2858 5009 οὐ
2888 4955 3145 5009 δέδοικενο
3177 4955 3242 5008 ἂν
3267 4954 3444 5007 τοίνυν
3495 4952 3588 5004 καὶ
3616 4951 3777 5020 ἡμεῖς

2114 5043 2327 5111 ἔχωμεν
2365 5040 2463 5110 τὴν
2488 5040 2856 5109 ἐλεημοσύνην
2885 5040 3086 5110 πηγήν,
3111 5038 3170 5091 οὐ
3198 5035 3632 5106 φοϐηθησόμεθα.
3668 5034 3776 5085 Καὶ

2117 5134 2222 5194 γαρ
2253 5122 2387 5193 πρὸς
2421 5122 2604 5186 ποτὸν,
2647 5122 2783 5194 πρὸς
2815 5121 3058 5194 ἀρδείαν,
3112 5119 3249 5192 πρὸς
3293 5117 3599 5187 οἰκοδομὴν,
3640 5115 3775 5185 πρὸς

2118 5211 2293 5262 πάντα
2327 5211 2457 5279 ημῖν
2483 5209 2753 5279 χρήσιμος
2783 5208 2922 5276 αῦτη
2951 5208 2984 5277 ὴ
3015 5208 3186 5277 πηγή.
3221 5204 3386 5258 Οὐδὲν
3417 5201 3511 5255 τοῦ
3537 5202 3776 5271 πόματος

2116 5294 2306 5346 τούτου
2337 5291 2565 5361 βέλτιον·
2603 5291 2701 5343 οὐκ
2725 5287 2864 5343 οἶδεν
2891 5290 3028 5359 αὕτη
3064 5290 3235 5359 μέθην
3271 5284 3626 5357 ἐργάσασθαι·
3652 5284 3777 5353 βέλ-

2117 5393 2232 5429 τιον
2259 5374 2515 5443 τοιαύτην
2554 5373 2698 5443 ἔχειν
2746 5373 2946 5443 πηγὴν,
2986 5373 3019 5442 ἦ
3051 5370 3253 5441 χρυσοῦ
3283 5368 3465 5439 πηγὰς
3508 5368 3774 5438 ἐπιρρεῖν.

2120 5463 2306 5531 [Ιάσης
2338 5458 2643 5529 χρυσίτιδος
2697 5458 2798 5528 γῆς
2833 5457 3113 5526 βελτίωνή
3165 5453 3351 5507 τοῦτον
3402 5453 3641 5523 φέρουσα
3686 5452 3778 5505 τὸν

2119 5542 2317 5616 χρυσὸν
2350 5541 2519 5612 ψυχή.
2568 5541 2641 5593 Οὐ
2673 5540 2782 5611 γὰρ
2824 5543 2903 5602 εἰς
2930 5538 3101 5591 ταῦτα
3129 5538 3199 5590 τά
3223 5535 3486 5607 βασίλεια,
3542 5533 3681 5587 ἀλλά
3709 5533 3779 5587 τά

2119 5629 2233 5681 ἀνω
2284 5626 2416 5696 ἡμῖν
2450 5626 2803 5693 συνεκχωρεῖ.
2851 5621 3162 5693 Ὀοχρυσὸς,
3202 5622 3403 5688 κόσμος
3456 5617 3665 5686 γίνεται
3711 5619 3778 5686 τῇ

2132 5705 2431 5779 Ἐκκλησία
2460 5707 2552 5760 τοῦ
2581 5706 2736 5760 Θεοῦ·
2761 5705 2870 5758 ἀπὸ
2895 5703 3083 5755 τούτου
3114 5702 3207 5756 τοῦ
3251 5700 3452 5772 χρυσοῦ
3478 5701 3511 5770 ή
3537 5699 3778 5770 μάχαιρα

2184 5802 2207 5831 ο
2234 5798 2347 5846 Haec
2365 5796 2441 5843 ἀεὶ
2462 5794 2815 5855 δαψιλέστερον,
2851 5792 3041 5855 desunt;
3059 5792 3223 5855 inAillo
3245 5790 3351 5855 00d,
3418 5798 3441 5826 ε
3470 5787 3627 5855 ιέυόςις
3653 5794 3782 5855 υιιιεε

2118 5842 2311 5922 300731;):-
2328 5842 2433 5922 ⁷,Ἂν
2457 5842 2735 5922 συμμέτρως
2750 5842 2971 5922 ποτίσῃςι.
2994 5852 3060 5922 ού,
3072 5853 3214 5908 σήπει
3245 5854 3272 5900 ό
3298 5853 3449 5909 ἥλιος
3479 5850 3533 5895 ἀν
3575 5848 3624 5893 δὲ
3664 5842 3782 5900 ili“

2130 5916 2274 5986 τρῶςξ
2300 5921 2407 5968 τότε
2431 5918 2589 5972 σήπει.
2648 5916 2683 5956 ⁷ο
2712 5916 2844 5966 [dem
2886 5916 3220 5977 καιηρώτεραι.
