4088 6142
328 322 429 383 I77

326 446 791 510 κατασκευάζεται
851 442 943 496 τοῦ
993 440 1330 510 Πνεύματος,
1383 439 1418 507 ἡ
1471 435 1719 506 μάχαιρα
1758 433 1824 486 δι’
1870 428 1937 503 ἧς
1967 435 1997 485 6

322 535 538 605 δράκων
575 532 961 600 ἀποτέμνεται.
1007 527 1141 580 Ἀπὸ
1180 525 1384 593 ταύτης
1413 526 1511 592 τῆς
1543 521 1724 591 πηγῆς
1754 521 1804 572 οί
1858 517 1995 572 λίθοι

325 625 678 693 προέρχονται
700 621 748 671 ol
772 617 965 686 τίμιοι,
989 618 1037 668 οί
1056 615 1186 685 περὶ
1205 613 1302 684 τὴν
1326 609 1572 680 κεφαλὴν
1592 608 1686 661 τοῦ
1708 605 1993 677 βασιλέως.

324 710 415 780 Μὴ
441 709 502 778 δὴ
542 705 832 777 ἀμελῶμεν
865 704 1123 757 τοσούτου
1176 698 1428 761 πλούτου,
1484 696 1600 750 ἀλλ’
1652 695 1995 764 είσφέρωμεν

1184 324 1241 380 S.
1284 320 1567 379 JOANNIS
1604 313 2096 373 CHRYSOS'I'OMI
2137 313 2463 371 ARCHIEP.
2503 312 3052 369 CONSTANTINOP.

3671 313 3767 367 178

2096 431 2196 501 τὴν
2213 428 2585 500 ἐλεημοσύνην
2616 429 2753 501 μετά
2771 429 3072 499 δαψιλείας,
3096 428 3181 482 ῐνα
3208 430 3308 494 τῆς
3339 427 3489 499 παρὰ
3513 430 3608 484 τοῦ
3631 431 3770 483 Θεοῦ

2105 517 2301 587 φιλανθ
2311 515 2521 587 ρωπίας
2539 513 2879 586 ἀξιωθῶμεν,
2910 516 3093 586 χάριτι
3116 517 3210 569 καὶ
3232 518 3536 587 οῑκτιρμοϊς
3553 518 3648 571 τοῦ
3675 536 3773 586 μο-

2098 604 2347 672 νογενοῦς
2368 603 2535 657 αὐτοῦ
2560 603 2714 666 Υίοῦ,
2736 598 2781 672 ᾦ
2804 605 2954 658 πᾶσα
2975 603 3123 668 δόξα,
3142 602 3274 674 τιμὴ
3300 605 3398 657 καὶ
3424 605 3774 675 κρᾶτἰς,ἆμα

2094 692 2173 762 τῷ
2200 692 2339 762 ἀγίῳ
2365 690 2664 762 Πνεύματι,
2701 692 2782 754 εἰς
2805 693 2929 754 τοὺς
2968 690 3169 753 αίῶνας
3197 691 3305 744 τῶν
3330 691 3558 746 αἰώνων.
3577 692 3772 762 Ἀμήν.

435 822 3654 855 ..Μ-Ἢ

1825 905 2076 959 ΟΜΙΛῙΔ
2114 905 2243 960 Kl".

327 1015 405 1085 Τῇ
435 1015 501 1068 δὲ
521 1012 806 1085 ἐπαύριον
829 1007 1118 1085 ἀναστάς,
1145 1003 1412 1085 ςρῃσῼὶνιό
1435 1001 1675 1085 Πέτρος,
1868 1000 1994 1085 σῦν

391 1069 613 1148 αὐτοῖς·
645 1069 745 1135 κάί
779 1097 935 1144 τινες
988 1069 1108 1130 τῶν
1139 1069 1419 1148 ἃδελερῶν
1436 1070 1711 1148 τῷνᾼᾴπὸ
1727 1069 1732 1070 “
1755 1069 1994 1148 Ἰόππης

390 1140 713 1221 συνῆλθον
755 1152 843 1221 είς
872 1140 1387 1221 τῆνΔΚαισάρειαν.
1435 1142 1498 1221 ’Θ
1554 1140 1623 1221 δὲ
1661 1140 1996 1221 Κορνήλιος

388 1206 486 1294 ἦν
520 1206 884 1294 προσδοκῶν
904 1206 1214 1294 ςαύτοὺςξ
1248 1206 1789 1294 συγκαλεσάμενσς
1852 1206 1997 1272 τοὺς

388 1278 703 1362 συγγενεῖς
746 1286 932 1344 αὐτοῦ
966 1286 1067 1340 καί
1108 1278 1252 1349 τοὺς
1287 1278 1649 1350 ἀναγκαίους
1683 1278 1921 1362 φίλους.

390 1381 460 1433 α’.
486 1361 641 1432 Μετά
670 1375 731 1427 τὸ
747 1372 954 1438 ξενίσαι
987 1371 1112 1432 τοὺς
1130 1368 1351 1439 ἄνδρας,
1373 1366 1653 1435 ἐξέρχεται
1676 1362 1775 1415 σὺν
1790 1361 1993 1423 αὐτοῖς·

321 1467 526 1530 καλῶς.
587 1463 861 1534 Πρότερον
917 1458 1323 1528 φιλοφρονεῖται
1367 1466 1391 1494 ο
1450 1452 1546 1505 άτε
1600 1450 1710 1504 ἀπὸ
1742 1449 1993 1519 καμάτου

318 1556 479 1618 δντας
508 1550 732 1617 αὐτοὺς,
756 1549 851 1601 καὶ
878 1548 1073 1599 οίκειοί
1105 1543 1305 1613 ἐαυτῷ,
1335 1536 1456 1595 εἶτα
1490 1538 1678 1591 λοιπὸν
1735 1537 1830 1590 καὶ
1867 1552 1995 1589 συν-

320 1643 509 1707 έξεισι.
549 1638 627 1708 Τῇ
677 1638 745 1691 δὲ
767 1635 1076 1703 ἐπαύριον,
1123 1631 1310 1701 φησὶν,
1368 1625 1642 1691 ἀναστὰς
1672 1628 1706 1679 ὁ
1748 1625 1996 1690 Πέτρος,

316 1728 465 1801 ἦλθε
480 1729 601 1784 σὺν
613 1710 836 1787 αὐτοῖς,
852 1724 953 1778 καί
972 1738 1130 1787 τινες
1148 1715 1652 1786 τῶνάδελφῶνθύ
1669 1714 1846 1785 μόνος,
1861 1712 1997 1801 ἀλλά

318 1800 413 1872 καὶ
434 1817 584 1872 ἄλλοι
611 1815 861 1887 ἔρχονται
912 1811 1028 1881 μετ’
1052 1806 1238 1863 αὐτοῦ’
1276 1807 1371 1860 καὶ
1426 1803 1585 1858 τοῦτο
1611 1800 1992 1872 οἰκονομικῶς,

317 1905 460 1959 ὥστε
505 1900 643 1957 εἶναι
683 1901 966 1972 μάρτυρας
1003 1895 1143 1968 μετὰ
1175 1893 1370 1960 ταῦτα,
1428 1892 1555 1946 ὅταν
1610 1888 1993 1957 ἀπολογεῖσθαι

315 1993 425 2047 δέοι
453 1992 677 2063 Πέτρον.
719 1989 781 2042 '0
812 1987 880 2041 δὲ
901 1983 1233 2053 Κορνήλιος
1257 1978 1335 2051 ἦν
1362 1977 1722 2048 προσδοκῶν
1749 1975 1990 2041 αὐτοὺς,

315 2075 856 2151 συγκαλεσάμενος
896 2073 1038 2139 τοὺς
1093 2068 1413 2140 συγγενεῖς
1462 2065 1650 2121 αὑτοῦ
1692 2064 1803 2151 ᾐκαὶ
1852 2063 1995 2151 τούς

317 2147 686 2237 ἀναγκαίους
714 2163 955 2231 φίλους.
1019 2156 1191 2210 Τοῦτο
1240 2154 1419 2225 φίλου,
1468 2151 1627 2205 τοῦτο
1683 2147 1989 2237 θεοσεϐοῦς,

315 2253 375 2306 ἐν
407 2236 519 2315 τοῖς
569 2248 830 2310 τοιούτοις
856 2245 1086 2315 ἀγαθοῖς
1112 2242 1217 2313 πρὸ
1250 2241 1470 2295 πάντων
1496 2236 1769 2292 ποιεῖσθαι
1799 2253 1980 2289 κοινωο

315 2340 439 2402 νοῦς
458 2338 586 2400 τοὺς
606 2336 939 2403 ἀναγκαίους
969 2332 1175 2401 φίλους.
1202 2329 1441 2393 Εἰκότως
1462 2325 1686 2389 τούτους
1711 2323 1990 2394 συγκαλεῖ,

314 2422 397 2490 οἷς
420 2426 643 2496 ἐθάρρει
697 2424 783 2475 ἀεὶ
815 2422 945 2492 περὶ
1002 2418 1261 2472 τοιούτων
1310 2414 1772 2484 διασκεπτόμενος
1831 2412 1992 2483 μάλι-

318 2530 441 2578 στα,
502 2512 539 2566 ἃ
599 2509 852 2582 περιττὸν
904 2507 1041 2570 τέως
1095 2501 1164 2577 ἢν
1218 2505 1356 2576 πρὸς
1425 2502 1618 2566 ἄλλους
1664 2500 1991 2569 ἐξενεγκεῖν.

329 2600 483 2670 Ἐμοὶ
535 2598 593 2652 δὲ
659 2597 754 2651 καὶ
811 2595 954 2665 φίλοι
1003 2596 1099 2647 καὶ
1153 2594 1436 2661 συγγενεῖς
1498 2588 1627 2661 παρ’
1680 2586 1843 2642 αὐτοῦ
1900 2588 1991 2641 δο-

315 2688 502 2744 κοῦσιν
537 2684 918 2761 ἐρῤυθμίσθαι.
956 2683 1051 2749 Ὠς
1073 2682 1142 2735 δὲ
1162 2681 1399 2751 ἐγένετο
1454 2677 1560 2733 τοῦ
1595 2679 1623 2719 δ
1672 2675 1993 2732 συνελθεῖν

315 2779 422 2832 τὸν
454 2775 699 2844 Πέτρον,
721 2772 1118 2838 συναντήσας
1141 2768 1302 2835 αὐτῷ
1339 2772 1372 2823 ό
1406 2766 1756 2836 Κορνήλιος,
1786 2764 1984 2819 πεσὼν

314 2865 413 2920 ἐπὶ
444 2865 587 2931 τοὺς
617 2863 808 2929 πόδας
829 2861 1313 2930 προσεκύνησεν.
1365 2856 1430 2910 '0
1459 2855 1527 2909 δὲ
1583 2854 1805 2923 Πέτρος
1833 2853 1995 2922 ἤγει-

314 2971 427 3023 ρεν
445 2953 655 3016 αὐτὸν,
684 2950 899 3020 λέγων·
934 2946 1270 3014 Ἀνάστηθι·
1291 2945 1390 2998 καὶ
1411 2944 1522 3011 γὰρ
1542 2942 1657 3011 ἐγὼ
1681 2942 1993 3010 ἄνθρωπός

315 3042 452 3109 είμι.
476 3040 648 3092 Τοῦτο
676 3040 840 3101 ποιεῖ,
871 3037 932 3089 τὸ
976 3036 1234 3087 ταπεινὸν
1268 3031 1436 3084 αὐτοῦ
1469 3032 1704 3093 δεικνὺς,
1741 3029 1834 3083 καὶ
1866 3045 1992 3081 παι-

315 3127 486 3181 δεύων
517 3127 645 3188 τοὺς
672 3125 885 3188 ἄλλους,
920 3122 1017 3176 καὶ
1047 3120 1127 3191 τῷ
1161 3119 1281 3190 Θεῷ
1307 3117 1666 3190 εὐχαριστῶν,
1697 3117 1793 3170 καὶ
1814 3115 1990 3186 δηλῶν

316 3215 414 3280 ὼς,
441 3215 488 3266 εί
521 3215 617 3266 καὶ
658 3210 978 3281 ἐκελεύσθη,
1034 3210 1185 3280 ὅμως
1235 3206 1446 3260 οἴκοθεν
1485 3204 1685 3276 πολλὴν
1728 3201 1842 3275 εἶχε
1891 3204 1990 3275 τὴν

316 3301 621 3356 εὐλάϐειαν.
646 3299 710 3352 Τί
741 3295 836 3352 οῦν
866 3299 895 3351 6
928 3297 1166 3368 Πέτρος;
1222 3293 1563 3362 Ἀνάστηθι·
1594 3292 1693 3346 καὶ
1737 3295 1848 3362 γὰρ
1876 3291 1993 3362 ἐγὼ

316 3390 625 3458 ἅνθρωπός
646 3390 781 3457 ειμι.
811 3387 994 3457 Ὁρᾷς.
1024 3384 1141 3448 πῶς
1159 3383 1265 3455 πρὸ
1281 3382 1390 3436 τῶν
1413 3381 1587 3436 ἀλλων
1606 3379 1766 3433 τοῦτο
1793 3380 1991 3447 αὐτοὺς

318 3475 660 3539 παιδεύουσι,
722 3472 888 3544 μηδὲν
959 3471 1101 3542 μέγα
1137 3471 1266 3541 περὶ
1315 3467 1524 3522 ἑαυτῶν
1580 3465 1986 3536 φαντάζεσθαι;

316 3564 425 3618 Kal
489 3557 838 3630 συνομιλῶν
874 3555 1056 3622 αὐτῷ,
1103 3555 1371 3625 εἰσῆλθε·
1403 3554 1501 3608 καί
1530 3554 1799 3622 εὑρίσκει
1837 3571 1989 3608 συν-

314 3649 691 3718 εληλυθότας
720 3644 1013 3710 πολλοὺς,
1054 3644 1171 3712 ἔφη
1203 3660 1266 3697 τε
1315 3642 1465 3711 πρὸς
1491 3643 1733 3708 αὐτούς’
1795 3641 1992 3711 Ὑμεῖς

314 3736 669 3796 ἐπίστασθε,
706 3732 787 3798 ὡς
815 3731 1096 3800 ἀθέμιτόν
1126 3731 1299 3783 ἐστιν
1335 3729 1510 3797 ἀνδρὶ
1556 3729 1821 3796 Ἰουδαίῳ
1849 3732 1992 3784 κολ-

316 3824 538 3881 λᾶσθαι
567 3823 604 3891 ἢ
627 3820 1067 3890 προσέρχεσθαι
1089 3818 1608 3889 ἀλλοφύλῳ.”ορα,
1635 3818 1836 3881 εὐθέως
1862 3817 1992 3889 περὶ

316 3913 416 3981 τῆς
446 3908 542 3962 τοῦ
583 3906 717 3961 Θεοῦ
749 3904 1159 3977 φιλανθρωπίας
1209 3904 1541 3973 διαλέγεται,
1573 3906 1669 3956 καὶ
1696 3903 1989 3965 δείκνυσιν,

316 3999 399 4052 ὅτι
436 3996 648 4067 μεγάλα
676 3995 861 4058 αὐτοῖς
889 3992 1186 4064 ἐχαρίσατο
1213 3992 1414 4060 ἀγαθά.
1445 3992 1519 4045 οὐ
1552 3992 1711 4062 μόνον
1743 3991 1801 4044 δέ
1835 3990 1992 4044 τοῦτο

318 4069 641 4156 θαυμάζειῖ
673 4081 908 4138 ἐνταῦθα
967 4081 1069 4144 ένι,
1104 4081 1187 4134 ὅτι
1242 4078 1468 4134 τοιαῦτα
1509 4080 1836 4149 διαλέγεται’
1877 4078 1991 4131 ἀλλ’

316 4174 398 4227 ὅτι
432 4172 548 4236 πῶς
596 4171 733 4244 ὁμοῦ
782 4172 878 4226 καὶ
916 4169 1129 4242 μεγάλα
1183 4167 1503 4238 φθέγγεται,
1542 4168 1639 4220 καὶ
1690 4165 1987 4238 μετριάζει.

319 4264 394 4316 Οὐ
427 4264 536 4333 γὰρ
571 4257 745 4315 εἶπεν·
778 4259 1089 4330 Ἄνθρωποι
1122 4256 1312 4327 μηδενὶ
1363 4257 1744 4323 καταξιοῦντες
1799 4254 1993 4308 κολλά-

324 4350 469 4411 σθαι,
504 4348 741 4420 ήλθομεν
775 4347 913 4419 πρὸς
941 4348 1107 4417 ὑμᾶς’
1143 4344 1280 4399 ἀλλά
1307 4343 1395 4410 τίς
1448 4343 1633 4409 Ὑμεῖς
1663 4342 1993 4397 ἐπίστασθε

323 4439 372 4508 (6
398 4438 531 4501 Θεὸς
558 4436 714 4491 τοῦτο
741 4434 1021 4499 ἐκέλευσε,
1064 4432 1240 4503 φησί),
1294 4428 1649 4499 παράνομον
1668 4426 1822 4483 εῖναι
1849 4432 1994 4482 κολ-

320 4522 543 4577 λᾶσθαι
570 4523 607 4591 ἣ
638 4520 1076 4590 προσέρχεσθαι
1104 4518 1456 4586 ἀλλοφύλῳ.
1494 4512 1629 4569 Εἶτα
1660 4516 1750 4570 ἵνα
1785 4515 1859 4586 μὴ
1905 4517 1994 4567 ἐπ’

321 4609 470 4679 αὐτῴ
507 4610 603 4680 τὴν
635 4608 794 4679 χάριν
853 4607 940 4678 θῇ,
976 4607 1191 4673 ἐπάγειο
1241 4603 1352 4657 Kal
1383 4603 1512 4671 ἐμοὶ
1539 4606 1571 4656 ό
1604 4606 1746 4668 Θεὸς
1803 4602 1995 4665 ἔδειξε

315 4698 551 4770 μηδένα
579 4695 788 4749 κοινὸν
821 4692 859 4761 ἣ
889 4691 1227 4759 ἀκάθαρτον
1256 4688 1459 4758 λέγειν
1490 4689 1823 4756 ἄνθρωπον.
1858 4688 1996 4741 Τοῦ-

321 4803 384 4840 το
412 4781 790 4855 προστίθησιν,
822 4780 910 4833 ῖνα
940 4778 1014 4849 μὴ
1043 4778 1170 4848 δόξῃ
1203 4775 1524 4831 κολακεύειν
1554 4775 1740 4828 αὐτόν.
1770 4775 1866 4828 Διὸ
1894 4776 1995 4831 καί

318 4869 763 4940 άναντιῤῥήτως
786 4865 979 4939 ἦλθον
1012 4864 1475 4936 μεταπεμφθείς.
1508 4863 1627 4916 ’Ίνα
1665 4861 1740 4933 μὴ
1766 4861 1999 4932 νομίσω-

325 4980 431 5027 σιν,
467 4963 571 5027 ὅτι,
598 4960 646 5012 εί
670 4958 767 5013 καὶ
798 4954 1116 5027 παρανομία
1145 4948 1293 5024 ἦντὸ
1323 4953 1560 5023 πρᾶγμα
1585 4948 1738 5022 [185]
1758 4989 1773 5013 ,
1807 4950 1995 5022 ἐπειδὴ

322 5049 506 5122 ἄρχων
542 5044 633 5119 ἦν,
667 5045 757 5098 διὰ
792 5043 951 5098 τοῦτο
973 5042 1302 5112 ἐπήκουσεν,
1339 5039 1475 5094 ἀλλά
1506 5038 1568 5091 τὸ
1594 5039 1704 5092 πᾶν
1749 5035 1828 5108 τῷ
1877 5037 1997 5108 Θεῷ

320 5137 666 5206 λογίσωνται,
699 5134 759 5186 οὐ
795 5132 956 5202 μόνον
983 5130 1045 5183 οὐ
1089 5126 1403 5192 κολλᾶσθαι,
1445 5127 1561 5181 ἀλλ’
1583 5126 1704 5180 οὐδέ
1756 5124 1995 5198 προσέρ-

324 5225 513 5297 χεσθαι
545 5223 687 5291 ἐξὸν,
716 5220 903 5291 φησίν.
933 5216 1317 5286 Πυνθὰνομαι
1346 5211 1461 5270 οὖν
1492 5216 1608 5269 τίνι
1640 5216 1801 5284 λόγῳ
1850 5232 1992 5284 μετ-

322 5310 676 5382 επέμψασθέ
714 5325 806 5376 με.
858 5307 973 5360 Οὐκ
1004 5305 1216 5374 ἀγνοῶν
1250 5301 1600 5356 πυνθάνεται·
1648 5303 1764 5373 ᾔδει
1793 5304 1903 5371 γὰρ
1929 5302 1990 5355 τὸ

322 5402 430 5455 πᾶν
466 5402 495 5452 6
518 5399 721 5469 Πέτρος
751 5395 864 5451 ἀπὸ
892 5391 986 5447 τοῦ
1036 5393 1335 5463 ὁράματος·
1370 5390 1571 5461 ἤκουσε
1602 5388 1657 5442 δὲ
1712 5389 1805 5442 καὶ
1839 5389 1992 5459 παρὰ

321 5488 431 5541 τῶν
488 5485 857 5559 στρατιωτῶν·
905 5480 1040 5536 ἀλλά
1074 5478 1322 5551 βούλεται
1362 5476 1578 5549 πρῶτον
1611 5476 1810 5540 αὐτοὺς
1859 5477 1992 5547 ὁμο-

319 5575 570 5645 λογῆσαι,
598 5575 693 5627 καὶ
722 5570 1058 5632 ὑπευθύνους
1086 5569 1311 5638 ποιῆσαι
1353 5568 1421 5637 τῇ
1454 5565 1654 5619 πίστει.
1713 5563 1777 5617 Τί
1827 5559 1921 5618 οὖν
1967 5566 1996 5620 6

321 5664 652 5734 Κορνήλιος;
709 5661 825 5715 Οὐκ
870 5654 1047 5712 εἶπεν
1083 5655 1159 5709 Οὐ
1190 5655 1300 5726 γὰρ
1330 5648 1482 5707 εἶπόν
1523 5670 1604 5706 σοι
1646 5653 1697 5706 οί
1734 5651 1995 5724 στρατιῶ-

381 5788 410 5816 ι
454 5784 507 5835 In
550 5794 645 5850 quo
682 5777 1063 5850 εκβιηρίᾳτί-ιι)
1108 5777 1184 5827 his
1232 5774 1704 5850 inpipilurhgam:
1744 5775 1991 5850 *πρότερον

351 5846 684 5911 ιλοφρονεῐται.
747 5843 774 5883 b
800 5835 1053 5894 Irticulus
1096 5851 1156 5887 ex
1180 5835 1391 5903 quam?»
1432 5835 1574 5886 wdd.
1620 5835 1853 5897 receptus
1894 5835 1991 5890 εει.

365 5926 457 5960 ΜΤ.

2095 1013 2223 1062 ται;
2265 997 2381 1051 ἀλλ’
2408 998 2535 1070 δρα,
2560 996 2679 1060 πῶς
2717 996 2909 1068 πράως
2943 995 3036 1049 καὶ
3057 995 3351 1059 ταπεινῶς·
3401 997 3545 1052 Ἀπὸ
3576 997 3773 1065 τετάρ-

2097 1100 2207 1151 της
2233 1083 2454 1151 ἡμέρας
2481 1086 2660 1153 μέχρι
2681 1087 2906 1150 ταύτης
2927 1081 3037 1150 τῆς
3058 1081 3217 1150 ὥρας
3238 1083 3406 1152 ήμην
3436 1086 3769 1152 νηστεύων,

2096 1171 2197 1225 καὶ
2238 1170 2354 1239 τὴν
2379 1170 2609 1239 ἐνάτην
2662 1169 2825 1240 ὥραν
2860 1171 3354 1239 προσευχόμενος
3377 1171 3447 1224 ἐν
3500 1171 3579 1237 τῷ
3629 1171 3773 1235 οἴκῳ

2096 1275 2234 1325 μου*
2269 1259 2367 1311 καί
2417 1258 2546 1313 ἰδοὺ
2601 1257 2758 1327 ἀνὴρ
2793 1258 2942 1325 ἐστη
2995 1256 3251 1312 ἐνώπιόν
3289 1276 3409 1327 μου
3456 1258 3526 1312 ἐν
3565 1257 3770 1326 ἐσθῆτι

2095 1345 2361 1415 λαμπρᾷ,
2395 1346 2496 1401 καί
2548 1362 2719 1416 φησιο
2769 1343 3081 1414 Κορνήλιε,
3134 1347 3507 1414 εἰσηκούσθη
3560 1364 3676 1401 σου
3729 1348 3769 1414 ἠ

2096 1433 2434 1501 προσευχὴ,
2476 1434 2576 1488 καὶ
2625 1437 2685 1488 αἱ
2720 1434 3128 1503 ἐλεημοσύναι
3181 1451 3299 1488 σου
3336 1435 3644 1501 ἀνέϐησαν
3686 1439 3773 1501 είς

2090 1519 2494 1587 μνημόσυνον
2523 1519 2779 1575 ἐνώπιον
2828 1519 2936 1574 τοῦ
2989 1520 3157 1575 Θεοῦ.
3207 1520 3314 1574 Kal
3379 1522 3495 1588 τὴν
3548 1521 3773 1589 ἐνάτην

2094 1604 2276 1674 ὥραν,
2330 1608 2486 1681 φησὶ,
2547 1610 3056 1679 προσευχόμενος.
3110 1609 3176 1662 Τί
3210 1610 3325 1662 ἐστι
3370 1609 3557 1676 τοῦτο;
3616 1612 3771 1682 Ἐμοὶ

2095 1693 2244 1748 δοκεῖ
2273 1695 2367 1748 καὶ
2396 1697 2622 1767 καιροὺς
2659 1696 2920 1768 ὡρικέναι
2945 1696 3125 1767 ἐαυτῷ
3173 1697 3294 1766 βίου
3351 1697 3766 1769 ἀκριϐεστέρου,

2097 1781 2191 1835 καὶ
2220 1782 2279 1835 ἒν
2311 1799 2456 1836 τισιν
2485 1783 2739 1855 ἡμέραις.
2782 1784 2882 1837 Διά
2932 1784 3042 1856 γάρ
3071 1784 3230 1837 τοῦτο
3268 1780 3438 1838 εἶπεν·
3485 1785 3616 1838 Ἀπὸ
3675 1804 3768 1840 τε-

2096 1869 2317 1936 τάρτης
2343 1869 2593 1937 ἡμέρας.
2627 1870 2771 1940 Ὅρα
2804 1870 2970 1924 πόσον
3003 1871 3153 1924 ἐστὶν
3209 1872 3361 1942 εὐχή.
3397 1872 3526 1925 Ὅτε
3565 1873 3772 1927 ἐπέδω-

2095 1971 2192 2008 κεν
2212 1956 2293 2019 είς
2326 1956 2636 2020 εὐλάϐειαν,
2660 1957 2784 2010 τότε
2814 1958 3064 2026 φαίνεται
3095 1957 3242 2028 αὐτῷ
3270 1960 3299 2011 ὁ
3338 1958 3589 2028 ἄγγελος.
3619 1960 3769 2032 Αὕτη

2098 2041 2196 2112 μία
2228 2043 2431 2114 ήμέρα·
2465 2045 2560 2098 καὶ
2598 2045 2664 2116 ἢν
2686 2044 2928 2114 ἀπῆλθον
2966 2047 3015 2099 οί
3045 2047 3412 2117 πεμφθέντες,
3441 2047 3561 2117 μίαο
3589 2048 3681 2101 καὶ
3703 2049 3770 2120 ήν

2094 2123 2278 2199 ἦλθον,
2303 2130 2466 2185 πάλιν
2504 2131 2625 2202 μία·
2662 2133 2755 2186 καὶ
2777 2136 2842 2204 τῇ
2867 2134 3103 2206 τετάρτῃ
3136 2136 3330 2204 ἐφάνη,
3361 2134 3437 2197 ὡς
3480 2130 3619 2187 εἶναι
3656 2135 3771 2189 δευ-

2095 2218 2260 2289 τέραν
2298 2219 2416 2289 μεθ’
2446 2219 2512 2290 ἢν
2540 2216 2901 2290 προσηύξατο.
2939 2221 3047 2274 Kal
3100 2222 3230 2276 ὶδοὺ
3282 2222 3439 2290 ἀνὴρ
3490 2222 3639 2290 ἔστη
3681 2223 3771 2276 ἐν·

2094 2302 2283 2360 ώπιόν
2308 2324 2429 2376 μου
2456 2308 2526 2360 ἑν
2552 2306 2763 2375 ἐσθῆτι
2793 2306 3058 2377 λαμπρᾷ.
3100 2308 3176 2361 Οὐ
3228 2308 3376 2377 λέγει
3400 2309 3649 2378 ἄγγελον,
3678 2309 3770 2363 οῦ-

2090 2408 2200 2455 τως
2223 2395 2370 2445 ἐστὶν
2405 2391 2626 2462 ἄτυφος.
2677 2394 2789 2447 Καί
2818 2409 2991 2462 φησιο
3029 2393 3344 2463 Κορνήλιε,
3389 2397 3767 2465 εἰσηκούσθη

2092 2494 2211 2534 σου
2246 2481 2281 2548 ή
2309 2479 2644 2550 προσευχὴ,
2675 2480 2774 2534 καί
2794 2485 2852 2535 αἱ
2883 2481 3294 2547 ἐλεημοσύναι
3325 2499 3443 2535 σου
3467 2482 3770 2551 ἐμνήσθη-

2093 2581 2216 2620 σαν
2241 2566 2500 2621 ἐνὼπιον
2519 2567 2627 2621 τοῦ
2668 2568 2837 2622 Θεοῦ.
2897 2569 3147 2637 Πέμψον
3186 2563 3302 2623 οὖν
3331 2571 3420 2635 είς
3492 2571 3768 2638 Ἰόππην,

2094 2655 2193 2708 καὶ
2240 2655 2649 2724 μετακάλεσαι
2702 2657 2959 2725 Σίμωνα,
3012 2655 3081 2721 ὃς
3106 2654 3475 2710 ἐπικαλεῖται
3525 2657 3765 2725 Πέτροςσ

2093 2741 2272 2810 οὗτος
2318 2742 2603 2808 ξενίζεται
2659 2744 2730 2798 ἐν
2786 2745 2944 2812 οἰκίᾳ
2977 2747 3242 2814 Σίμωνος
3288 2744 3570 2814 ,βυρσέως
3611 2748 3772 2812 παρὰ

2093 2833 2436 2887 θάλασσαν·
2470 2831 2538 2897 ὃς
2568 2832 3052 2902 παραγενόμενος
3079 2831 3340 2898 λαλήσει
3377 2851 3495 2886 σοι.
3537 2832 3632 2896 Ἐξ
3661 2836 3768 2887 αὺ-

2092 2921 2206 2990 τῆς
2247 2918 2361 2977 οὖν
2399 2922 2643 2992 ἔπεμψα
2693 2921 2842 2989 πρὸς
2895 2921 2991 2976 σέ·
3026 2922 3108 2975 σύ
3138 2935 3223 2977 τεο
3248 2921 3439 2989 καλῶς
3472 2923 3771 2991 ἐποσησας

2092 3012 2596 3079 παραγενόμενος.
2636 3010 2768 3064 Νῦν
2799 3004 2914 3064 οὖν
2939 3009 3161 3076 πάντες
3192 3009 3363 3079 ήμεῖς
3382 3009 3637 3064 ἐνώπιον
3660 3011 3769 3065 τοῦ

2095 3097 2244 3151 Θεοῦ
2277 3097 2605 3168 πάρεσμεν,
2641 3097 2899 3152 ἀκοῦσαι
2929 3097 3126 3151 πάντα
3158 3101 3231 3152 τὰ
3281 3099 3771 3169 προστεταγμένα

2093 3201 2193 3240 σοι
2219 3186 2335 3239 ὑπὸ
2367 3185 2474 3239 τοῦ
2500 3187 2671 3241 Θεοῦ.
2706 3185 2808 3238 Διά
2830 3184 2992 3240 τοῦτο
3057 3181 3203 3239 εἷπε’
3253 3188 3377 3240 Τίνι
3430 3189 3592 3256 λόγῳ
3631 3203 3770 3257 μετ-

2094 3272 2451 3342 επέμψασθέ
2492 3289 2608 3342 με;
2663 3274 2751 3326 ἵνα
2802 3274 2974 3327 ταῦτα
3017 3273 3190 3337 οὕτως
3235 3273 3366 3347 εἴπῃ
3401 3274 3468 3327 τὰ
3526 3278 3764 3346 ῥήματα.

2106 3357 2380 3422 Ἀνοιξας
2407 3356 2476 3410 δὲ
2508 3358 2730 3426 Πέτρος
2765 3358 2831 3413 τὸ
2855 3360 3048 3428 στόμα
3079 3354 3269 3412 εἶπεν·
3314 3359 3438 3412 Ἐπ’
3477 3359 3768 3427 ἀληθείας

2093 3444 2645 3514 καταλαμϐάνομαι,
2696 3444 2783 3498 ὅτι
2830 3447 2943 3500 οὐκ
2980 3445 3113 3500 ἐστι
3163 3444 3689 3513 προσωπολήπτης
3734 3449 3768 3500 ό

2096 3531 2263 3596 Θεὸς,
2291 3532 2428 3585 ἀλλ’
2463 3533 2532 3585 ἐν
2559 3532 2740 3585 παντὶ
2766 3533 2924 3587 ἔθνει
2950 3534 2982 3586 ὁ
3020 3534 3394 3602 φοϐούμενος
3440 3532 3627 3587 αὐτὸν
3668 3533 3764 3586 καί

2092 3618 2479 3688 ἐργαζόμενος
2504 3619 2923 3686 δικαιοσύνην,
2957 3619 3169 3686 δεκτὸς
3203 3617 3365 3684 αὐτῷ
3416 3620 3566 3673 ἐστι.
3593 3620 3766 3673 Τουτ-

2095 3707 2264 3771 έστιν,
2290 3708 2354 3761 ἄν
2375 3723 2433 3759 τε
2464 3706 2803 3778 ἀκρόϐυστός
2837 3709 2983 3761 ἐστιν
3013 3706 3078 3761 άν
3098 3723 3156 3759 τε
3179 3706 3568 3777 ἐμπερίτομος.
3597 3706 3768 3759 Τοῦτο

2094 3795 2189 3849 καὶ
2241 3795 2454 3859 Παῦλος
2522 3794 2728 3867 δηλῶν,
2777 3797 2859 3850 Οὐ
2919 3793 3032 3865 γάρ
3090 3795 3223 3849 ἐστι
3279 3796 3767 3864 προσωποληψία

2094 3884 2255 3950 παρὰ
2296 3881 2376 3948 τῷ
2417 3882 2559 3948 Θεῷ.
2622 3882 2792 3951 λέγει.
2825 3883 2956 3937 Νῦν
3014 3878 3129 3937 οὖν
3182 3881 3492 3952 πάρεσμεν
3541 3883 3766 3949 πάντες

2094 3972 2287 4041 ἡμεῖς,
2324 3973 2510 4043 φησὶν,
2536 3972 2795 4025 ἐνώπιον
2827 3971 2931 4025 τοῦ
2966 3970 3135 4025 Θεοῦ.
3174 3972 3336 4043 Ὅρα,
3371 3971 3469 4043 ὅση
3498 3973 3531 4042 ἡ
3561 3971 3766 4034 πίστις,

2094 4061 2193 4131 ὅση
2241 4063 2274 4132 ή
2327 4061 2605 4114 εὐλάϐεια.
2641 4060 2833 4132 ’ῌδει,
2883 4060 2965 4114 ὅτι
3013 4060 3166 4114 οὐδὲν
3216 4058 3553 4131 ἀνθρώπινον
3611 4054 3768 4112 εἶπεν

2095 4148 2123 4200 6
2150 4147 2372 4220 Πέτρος,
2415 4147 2477 4200 '0
2510 4147 2654 4214 Θεὸς
2675 4146 2867 4212 ἐδειξέ
2901 4164 3020 4216 μοι,
3049 4145 3240 4201 εἰπών.
3260 4147 3353 4199 Διὸ
3378 4146 3470 4200 καὶ
3491 4146 3573 4211 τὸ,
3607 4145 3766 4215 Πάρ-

2093 4244 2302 4299 εσμεν,
2333 4229 2593 4285 ἀκοῦσαι
2654 4230 2854 4285 πάντα
2884 4231 2958 4285 τὰ
2979 4233 3473 4301 προστεταγμένα
3525 4245 3625 4285 σοι
3646 4230 3767 4285 ὑπὸ

2095 4318 2202 4372 τοῦ
2235 4317 2405 4384 Θεοῦ,
2451 4318 2620 4387 λέγει.
2670 4319 2736 4371 Τί
2768 4315 2897 4384 οῦν;
2934 4314 3043 4390 ἆρα
3094 4318 3282 4382 δεκτὸς
3310 4316 3458 4391 αὐτῷ
3486 4318 3604 4370 ἐστι
3649 4318 3678 4370 6
3708 4318 3768 4369 ἐν

2097 4403 2351 4476 Περσίδι;
2380 4401 2528 4477 Ἀνῇ
2561 4405 2732 4473 ἄξιος,
2763 4404 2937 4479 ταύτῃ
2959 4404 3146 4470 δεκτὸς
3184 4406 3336 4458 ἐσται
3367 4403 3446 4475 τῷ
3498 4404 3770 4471 καταξιω-

2097 4490 2255 4561 θῆναι
2291 4492 2387 4562 τῆς
2412 4493 2667 4555 πίστεως.
2712 4492 2991 4546 Ἐντεῦθεν
3016 4494 3108 4546 καὶ
3133 4492 3222 4545 τὸν
3251 4492 3309 4559 ἐξ
3338 4491 3622 4555 Αἰθιοπίας
3643 4492 3766 4545 εὐν-

2096 4577 2255 4648 οῦχον
2311 4580 2373 4632 οὐ
2408 4579 2669 4651 περιεῖδε.
2703 4581 2810 4633 Καὶ
2852 4581 2925 4644 τί,
2954 4581 3138 4650 φησὶν,
3176 4579 3243 4632 ἂν
3277 4578 3453 4641 εἴποις
3504 4578 3766 4648 περὶτῶν

2097 4665 2364 4721 θεοσεϐῶν
2399 4668 2494 4720 καὶ
2523 4666 2962 4739 περιοφθέντων;
2989 4668 3223 4732 ’Ἄπαγε
3248 4666 3423 4729 οὐδεὶς
3446 4667 3766 4737 περιορᾶται

2099 4751 2375 4824 θεοσεϐής.
2407 4756 2480 4808 Οὐ
2503 4755 2613 4826 γὰρ
2643 4755 2812 4816 ἔστιν,
2836 4756 2935 4807 οὐκ
2968 4752 3084 4806 ἐστι
3115 4753 3477 4824 περιοφθῆναι
3511 4771 3633 4806 τινα
3660 4752 3766 4804 τῶν

2093 4839 2351 4893 τοιούτων
2391 4842 2541 4895 ποτέ.
2580 4842 2676 4894 Ἑν
2706 4841 2885 4893 παντὶ
2915 4840 3095 4900 ἔθνει,
3139 4840 3296 4910 φησὶ,
3331 4842 3365 4893 ό
3398 4840 3763 4908 φοϐούμενος

2092 4927 2202 4979 τὸν
2231 4925 2382 4979 Θεὸν
2400 4926 2497 4978 καί
2520 4924 2908 4995 ἐργαζόμενος
2931 4924 3354 4993 δικαιοσύνην.
3386 4924 3766 4996 Δικαιοσύνην,

2093 5014 2193 5084 τὴν
2226 5014 2405 5066 πᾶσαν
2433 5012 2634 5084 ἀρετὴν
2664 5012 2837 5067 καλεῖ.

2177 5098 2245 5170 β’.
2286 5099 2469 5170 Ὁρᾷς,
2503 5097 2623 5162 πῶς
2652 5099 3006 5154 καταστέλλει
3038 5101 3203 5155 αὐτοῦ
3222 5101 3283 5155 τὸ
3312 5099 3569 5171 φρόνημα
3590 5098 3669 5170 τῷ
3692 5099 3770 5151 εί-

2097 5190 2240 5241 πεῖν·
2284 5188 2388 5241 Ἔν
2406 5183 2586 5238 παντὶ
2612 5185 2769 5239 ἔθνει
2792 5188 2825 5239 ό
2849 5188 3218 5256 φοϐούμενος
3241 5187 3348 5240 τὸν
3365 5186 3535 5251 Θεὸν,
3558 5185 3770 5252 δεκτὸς

2098 5274 2259 5340 αὐτῷ
2281 5273 2432 5347 [186]
2450 5275 2642 5339 ἐστιν;
2656 5273 2788 5327 ὡσεὶ
2812 5274 3016 5342 ἔλεγεν
3042 5275 3245 5329 Οὐδένα
3272 5275 3595 5337 ἀπωθεῖται,
3630 5274 3771 5326 πάν-

2096 5380 2195 5426 τας
2228 5367 2511 5435 προσίεται
2535 5362 2660 5426 τοὺς
2697 5363 3070 5425 πιστεύοντας.
3126 5357 3277 5425 Εἶτα,
3315 5362 3401 5414 ἵνα
3437 5362 3513 5431 μὴ
3540 5360 3768 5426 δόξωσιν

2099 5451 2157 5503 ἐν
2187 5450 2336 5513 τάξει
2374 5448 2803 5521 ἀπερριμμένων
2860 5443 3023 5513 εἶναι,
3067 5448 3281 5517 ἐπάγει⁶
3325 5449 3429 5501 Τὸν
3468 5447 3664 5515 Λόγον,
3710 5447 3769 5500 ὃν

2100 5537 2387 5590 ἀπέστειλε
2409 5539 2522 5600 τοῖς
2572 5538 2709 5600 υίοίς
2768 5534 2985 5607 Ἰσραὴλ
3013 5534 3501 5603 εὐαγγελιζόμενος
3545 5535 3773 5605 εἰρήνην

2098 5622 2187 5677 διὰ
2231 5622 2403 5693 Ἰησοῦ
2435 5622 2692 5694 Χριστοῦ·
2725 5617 2882 5686 οὗτός
2924 5622 3041 5675 ἐστι
3068 5622 3285 5676 πάντων
3325 5620 3549 5693 Κύριος.
3584 5621 3774 5674 Ταῦτα

2099 5710 2250 5779 λέγει
2281 5710 2370 5764 διά
2406 5713 2533 5774 τοὺς
2556 5711 2849 5781 παρόντας.
2887 5710 2974 5762 ἴνα
3003 5711 3098 5763 καὶ
3152 5709 3396 5773 ἐκείνους
3429 5709 3613 5780 πείσῃ.
3673 5711 3775 5763 Διά

2098 5799 2261 5852 τοῦτο
2301 5797 2709 5868 παρασκευάζει
2771 5797 2867 5850 καλ⁸
2920 5798 3010 5849 τὸν
3061 5797 3361 5868 Κορνήλιον
3413 5798 3606 5851 εἰπεῖν.
3663 5798 3773 5849 Τὸν

2100 5888 2313 5957 Λόγον,
2370 5884 2551 5956 φησὶν,
2618 5884 2688 5938 δι’
2734 5884 3052 5939 ἀπέστειλε
3114 5883 3237 5952 τοῖς
3284 5882 3432 5948 υἱοῖς
3498 5883 3765 5949 ’1‹.τ”ρι(ή.1.
