4088 6142
461 326 564 383 m
1158 369 1163 373 .

1164 425 1254 497 qui
1296 433 1460 495 caput
1511 422 1653 492 regis
1705 424 1917 473 ornant.
1969 413 2046 468 Ne

462 534 640 601 itaque
668 528 999 597 negligamus
1027 530 1204 577 tantas
1239 518 1495 579 divitias;
1520 515 1616 571 sed
1648 513 1868 582 largiter
1900 509 2050 564 elec-

464 636 739 694 uiosynam
785 617 1108 678 inferamus,
1153 621 1210 668 ut
1258 610 1350 666 Dei
1381 609 1708 679 benignitate
1739 606 2041 674 dignemur,

462 736 1756 768 .____._______—————-—-

1392 311 1456 365 IN
1496 307 1678 364 ACTA
1718 297 2242 360 AI’USTOLORUM.
2283 298 2511 355 H0)l|l..
2556 299 2745 356 XXIII.

1764 721 3560 750 Μ

3639 292 3737 349 178

2152 415 2321 486 gratia
2348 422 2402 468 et
2429 411 2864 469 miserationibus
2892 409 3148 482 unigeniti
3178 409 3295 480 ejus
3322 408 3479 472 Filii,
3505 409 3589 461 cui
3618 422 3736 461 oru-

2124 509 2238 572 ,εἰς
2256 508 2449 578 gloria,
2470 513 2720 561 honoret
2736 505 3020 575 inperium
3042 518 3283 559 unum
3303 511 3493 558 sancto
3507 499 3733 571 Spiritu,

2153 600 2207 653 in
2234 598 2426 653 sarcula
2454 597 2791 651 sa:culorum.
2814 597 3008 650 Amen.

1845 809 2019 871 HOM
2031 808 2195 869 ILIA
2252 806 2493 868 XXIII.

461 971 591 1028 CAP.
620 970 709 1026 10.
758 983 813 1022 v.
843 966 934 1021 23.
966 962 1204 1034 Sequenti
1248 969 1415 1013 autem
1455 959 1568 1019 aie,
1597 955 1768 1025 inquit
1788 995 1803 1018 ,
1835 968 2046 1023 surgens

539 1061 717 1117 Petrus
736 1101 752 1125 ,
781 1061 1037 1131 profectus
1060 1064 1132 1109 est
1162 1068 1276 1106 cum
1301 1051 1405 1104 illis
1429 1066 1450 1103 :
1476 1058 1522 1103 et
1548 1048 1752 1119 quidam
1779 1060 1842 1098 ea:
1871 1043 2047 1114 fratr.“-

535 1153 625 1206 bus
644 1154 706 1204 ab
727 1128 898 1219 Joppe
921 1163 1036 1223 cum
1058 1146 1163 1223 illo
1182 1151 1417 1196 venerunt
1432 1128 1765 1223 "Catilinam?
1797 1132 2047 1197 24.,Eor-

436 1312 443 1319 _
534 1245 692 1299 nelias
716 1258 831 1295 vero
869 1218 1189 1332 οἰέῃσι-ἕψω
1217 1233 1356 1298 illos,
1382 1209 1665 1285 condocatis
1691 1215 1915 1298 cognatis
1936 1225 2043 1279 suis

533 1347 580 1391 et
621 1332 913 1389 necessariis
953 1329 1152 1383 amicis.

533 1431 586 1485 l.
634 1428 921 1496 Postquam
954 1424 1098 1475 viros
1139 1416 1475 1487 hospitaliter
1515 1411 1795 1472 tractavit,
1835 1406 2044 1477 egredi-

465 1533 550 1577 tur
584 1535 704 1575 eum
735 1517 874 1573 illis:
909 1521 1075 1569 recte.
1120 1511 1276 1567 Prius
1304 1508 1531 1576 benigne
1569 1519 1690 1558 cum
1719 1502 1822 1555 illis
1862 1497 1969 1567 agit
1999 1499 2040 1562 ί,

466 1622 645 1683 utpote
673 1626 738 1666 ex
770 1611 960 1663 itinere
989 1604 1254 1675 fatigatis,
1278 1600 1486 1669 sibique
1515 1595 1804 1651 familiares
1833 1590 2040 1655 reddit,

462 1682 783 1772 domumque
806 1715 907 1755 una
937 1696 1313 1768 proﬁciscitur.
1349 1689 1591 1763 Sequenti
1612 1697 1778 1740 autem
1818 1685 1934 1748 die,
1963 1682 2043 1735 in.

461 1798 607 1867 quit,
649 1809 860 1865 surgens
894 1791 1077 1845 Petrus
1100 1828 1116 1854 ,
1150 1785 1406 1856 profectus
1430 1793 1499 1836 est
1538 1796 1651 1833 cum
1688 1777 1828 1831 illis:
1860 1785 1905 1828 et
1928 1774 2042 1842 qui-

461 1866 581 1942 dam
604 1890 812 1958 fratres.
837 1882 953 1937 Non
983 1880 1135 1936 Solus
1159 1918 1175 1943 ,
1205 1876 1299 1930 sed
1321 1882 1377 1929 et
1402 1874 1488 1926 alii
1511 1887 1631 1925 cum
1664 1868 1754 1922 illo
1785 1866 2040 1928 veniunt;

463 1980 624 2049 idque
648 1993 769 2032 cum
806 1973 1033 2046 quadam
1059 1967 1423 2040 providentia,
1453 1974 1511 2017 ut
1538 1972 1720 2032 postea
1751 1968 1914 2012 testes
1953 1970 2042 2009 es-

461 2079 614 2136 sent,
654 2068 869 2138 quando
900 2066 1057 2121 Petro
1084 2076 1217 2132 opus
1262 2060 1364 2113 fuit
1406 2055 1734 2111 defensione.
1779 2050 2044 2106 Cornelius

459 2179 577 2217 vero
613 2160 935 2231 exspectabat
970 2158 1088 2210 illos
1110 2196 1126 2221 ,
1157 2150 1443 2209 convocatis
1469 2146 1697 2217 cognatis
1725 2143 1831 2199 suis
1870 2152 1915 2196 et
1957 2156 2042 2193 ne-

458 2257 690 2311 cessariis
726 2253 922 2307 amicis.
952 2249 1065 2305 Hoc
1094 2246 1250 2301 amici
1278 2285 1293 2307 ,
1323 2243 1425 2297 hoc
1452 2241 1521 2311 pii
1551 2238 1650 2294 viri
1690 2245 1770 2290 est
1795 2277 1811 2302 ,
1845 2235 1895 2288 in
1928 2233 2045 2287 tali-

458 2346 562 2401 bus
593 2345 748 2400 bonis
796 2342 1000 2398 amicos
1041 2354 1152 2409 prae
1180 2334 1428 2390 omnilms
1469 2332 1643 2384 facere
1671 2327 1869 2382 socios.
1916 2322 2045 2378 Jure

459 2437 564 2492 hos
584 2445 739 2490 vocat
768 2434 962 2504 quibus
991 2431 1223 2495 ﬁdebat,
1249 2427 1317 2481 de
1350 2424 1542 2479 talibus
1570 2419 1802 2474 maxime
1831 2428 2046 2484 semper

459 2528 775 2592 disserens,
826 2540 945 2593 qua:
993 2522 1191 2577 frustra
1241 2518 1475 2572 fortasse
1520 2513 1642 2567 aliis
1685 2508 2042 2578 exposuisset.

459 2617 723 2671 Videntur
770 2623 947 2668 autem
997 2611 1124 2664 mihi
1171 2620 1225 2664 et
1270 2607 1427 2661 amici
1472 2613 1527 2659 et
1564 2602 1774 2673 cognati
1816 2600 1883 2652 ab
1932 2598 2045 2667 ipso

457 2706 630 2761 fuisse
661 2704 911 2760 instituti.
938 2703 1030 2758 25.
1061 2700 1188 2758 Cum
1226 2698 1481 2753 introisset
1505 2705 1670 2749 autem
1704 2692 1885 2746 Petrus
1909 2732 1923 2755 ,
1956 2691 2047 2743 ob-

456 2800 595 2853 viam
631 2798 762 2851 venit
794 2798 892 2867 ipsi
935 2795 1232 2856 Cornelius,
1262 2801 1307 2846 et
1348 2789 1612 2861 procidens
1637 2786 1705 2840 ad
1745 2785 1894 2853 pedes
1933 2783 2045 2853 ejus

457 2890 710 2944 adoravit.
735 2889 826 2944 26.
864 2885 1044 2943 Petrus
1074 2901 1189 2939 vero
1242 2882 1397 2937 erexit
1426 2896 1540 2934 eum
1559 2919 1576 2946 ,
1604 2879 1772 2931 dicens
1796 2891 1812 2929 :
1844 2873 2046 2942 Surge;

459 3000 583 3038 nam
627 2991 673 3036 et
704 2997 794 3052 ego
823 2981 971 3034 homo
1000 2995 1126 3032 sum.
1162 2976 1274 3031 Hoc
1302 2975 1426 3029 facit
1451 3015 1466 3037 ,
1500 2972 1852 3026 humilitatem
1894 2981 2044 3021 suam

460 3073 759 3128 ostendens
780 3114 796 3137 ,
825 3071 1066 3140 aliosque
1092 3068 1293 3122 docens
1319 3067 1532 3135 Deoque
1556 3062 1756 3135 gratias
1777 3061 1915 3130 agit,
1946 3059 2044 3111 de-

459 3165 739 3233 claratque
775 3177 834 3216 se
855 3202 868 3224 ,
898 3161 1104 3216 etiamsi
1149 3159 1329 3229 jussus
1359 3158 1466 3220 sit,
1497 3172 1560 3209 ex
1606 3170 1665 3210 se
1694 3163 1867 3207 tamen
1909 3150 2049 3205 mul-

467 3264 580 3309 taut
630 3229 831 3307 habere
884 3252 1155 3321 pietatem.
1200 3249 1337 3315 Quid
1387 3262 1516 3316 ergo
1567 3244 1796 3300 Petrus?
1838 3229 2047 3312 Snrge,‘

462 3361 587 3398 nam
615 3353 662 3398 et
688 3360 780 3415 ego
810 3343 959 3396 homo
998 3358 1130 3395 sum.
1166 3338 1373 3404 Videu‘,
1405 3334 1676 3409 quomodo
1702 3344 1826 3387 ante
1867 3331 2045 3385 omnia

463 3437 591 3491 illos
611 3435 841 3499 docent,
868 3450 934 3487 ne
963 3433 1088 3503 quid
1117 3446 1364 3501 magnum
1397 3429 1463 3482 de
1483 3443 1541 3481 se
1562 3424 1834 3481 sentiant?
1862 3423 1951 3477 27.
1982 3420 2049 3474 Et

465 3528 676 3595 loquens
701 3541 816 3578 cum
837 3524 926 3579 illo
944 3562 960 3585 ,
992 3522 1196 3575 intravit
1221 3536 1239 3573 :
1267 3531 1312 3573 et
1340 3518 1524 3572 iiwenit
1553 3516 1740 3569 multos
1765 3514 1848 3584 qui
1871 3527 2050 3566 conve-

465 3626 684 3681 nerant,
733 3615 824 3670 28.
868 3612 1094 3684 dixitque
1132 3610 1201 3663 ad
1230 3610 1385 3662 illos:
1428 3606 1528 3661 Vos
1576 3606 1746 3668 scitis,
1800 3601 2051 3673 quomodo

465 3710 812 3764 abominatum
840 3707 902 3761 sit
930 3708 1034 3760 uiro
1056 3703 1239 3758 Iudico
1264 3700 1506 3770 conjungi
1576 3707 1664 3750 aut
1690 3696 1923 3750 accedere
1985 3691 2053 3745 ad

467 3803 825 3871 alienigenam.
860 3797 1025 3861 Vide,
1060 3806 1120 3849 ut
1145 3794 1324 3848 statim
1355 3792 1421 3845 de
1455 3790 1544 3844 Dei
1578 3788 1906 3856 benignitate
1945 3783 2054 3837 dis-

470 3902 649 3956 serat,
683 3889 1035 3959 ostendatque
1075 3887 1246 3955 ipsum
1289 3897 1480 3951 magna
1528 3881 1631 3934 illis
1662 3878 1903 3947 largituni
1935 3888 2054 3928 esse

472 3984 635 4039 bona.
661 3980 779 4036 Non
808 3981 910 4034 hoc
933 3979 1103 4033 solum
1133 3974 1501 4030 admirandum
1530 3971 1615 4025 hic
1639 3981 1741 4035 est,
1763 3967 1903 4037 quod
1932 3965 2052 4019 talia

475 4077 754 4145 loquatur;
792 4070 887 4126 sed
926 4080 980 4124 et
1006 4067 1277 4139 quomodo
1310 4065 1468 4119 simul
1507 4074 1561 4116 et
1592 4076 1779 4131 magna
1812 4059 2056 4127 loquatur

475 4178 530 4222 et
558 4166 799 4221 modeste
824 4174 965 4235 agat.
997 4162 1113 4216 Non
1142 4160 1275 4214 dixit
1299 4158 1442 4212 enim
1467 4174 1482 4210 :
1512 4155 1617 4210 Nos
1646 4155 1734 4223 qui
1765 4150 1833 4206 ad
1882 4149 2053 4204 nemi-

479 4276 600 4316 nem
624 4256 884 4314 accedere
912 4255 1193 4325 dignamur
1213 4293 1227 4314 ,
1256 4250 1322 4305 ad
1348 4266 1441 4302 vos
1469 4248 1746 4309 venimus;
1776 4243 1868 4297 sed
1894 4241 2058 4312 quid?

490 4350 589 4405 Vos
609 4350 747 4404 scitis
772 4349 937 4417 (Deus
960 4347 1060 4400 hoc
1082 4345 1270 4414 jussit,
1296 4340 1490 4410 inquit)
1514 4382 1525 4401 ,
1553 4339 1782 4408 iniquum
1812 4351 1919 4389 esse
1941 4349 2062 4385 con-

477 4441 623 4512 jungi
666 4450 754 4493 aut
779 4438 1015 4492 accedere
1041 4436 1108 4489 ad
1148 4433 1503 4501 alienigenam.
1554 4429 1753 4483 Deinde
1784 4441 1851 4480 ne
1890 4425 1941 4477 in
1970 4423 2061 4476 illo

482 4533 706 4604 gratiam
757 4539 989 4594 statuat,
1032 4526 1247 4582 subdit:
1289 4523 1353 4577 Et
1382 4522 1506 4576 mihi
1531 4520 1672 4573 Deus
1697 4516 1945 4579 ostendit,
1979 4530 2065 4568 ne-

482 4624 666 4679 miuem
714 4637 1024 4676 communem
1076 4628 1163 4672 aut
1216 4613 1531 4670 immundum
1574 4611 1740 4664 dicere
1791 4608 2062 4660 hominem.

486 4714 597 4771 lloc
632 4711 938 4783 subjungit,
972 4724 1041 4766 ne
1067 4710 1307 4763 videatur
1337 4704 1540 4760 adulari
1578 4702 1697 4772 ipsi.
1723 4700 1816 4754 29.
1852 4699 2067 4767 Propter

484 4805 618 4876 quod
643 4805 752 4858 sine
774 4802 1172 4857 contradictione
1215 4800 1326 4853 veni
1352 4797 1644 4850 accersitus.
1678 4792 1755 4847 Ne
1782 4796 2065 4860 putarent,

486 4898 588 4953 etsi
617 4912 704 4951 res
733 4896 912 4950 illicita
939 4901 1119 4958 esset,
1148 4907 1207 4947 se
1236 4900 1422 4960 utpote
1453 4885 1680 4959 principi
1708 4900 1770 4939 ea
1807 4883 1874 4937 de
1905 4895 2066 4935 causa

488 4990 906 5057 obtemperasse,
936 4986 1031 5041 sed
1061 4995 1229 5041 totum
1255 4986 1367 5039 Deo
1398 4984 1751 5051 imputarent,
1780 4994 1882 5031 non
1910 4975 2068 5030 modo

488 5082 737 5161 ceiijungi
758 5122 776 5149 ,
806 5081 899 5135 sed
927 5080 1088 5134 etiam
1120 5076 1377 5132 accedere
1405 5090 1510 5129 non
1543 5074 1705 5126 licere
1728 5069 1875 5124 dicit.
1908 5067 2051 5121 Inter

491 5191 614 5243 rogo
642 5189 761 5244 ergo
780 5212 797 5238 ,
832 5187 981 5242 quant
1010 5169 1071 5223 ob
1098 5185 1304 5222 causam
1329 5165 1608 5220 accersistis
1634 5178 1729 5216 me.
1764 5161 1877 5214 Non
1924 5161 2045 5223 iguo

495 5280 620 5319 rans
660 5264 954 5333 interrogat
985 5278 998 5314 :
1033 5260 1235 5314 sciebat
1262 5258 1403 5312 enim
1434 5266 1600 5311 totum
1632 5254 1816 5307 Petrus
1853 5267 1882 5305 a
1914 5249 2074 5303 visio-

498 5372 566 5412 ne
609 5356 875 5412 edoctus:
918 5352 1164 5407 audierat
1215 5349 1375 5403 etiam
1421 5364 1451 5402 a
1500 5346 1795 5408 militibus;
1826 5341 1919 5398 sed
1963 5339 2076 5392 vult

563 5508 579 5538 ‘
615 5506 669 5557 lu
694 5519 793 5556 uno
817 5504 1108 5568 exemplari,
1125 5503 1203 5551 his
1232 5499 1424 5549 omissis
1448 5499 1613 5547 verbis
1630 5532 1644 5554 ,
1668 5501 1915 5558 postquam
1953 5491 2079 5541 viros

499 5565 796 5618 hospitaliter
819 5566 1058 5618 tractavit.
1077 5562 1330 5618 ear-editur
1355 5574 1463 5609 cum
1487 5558 1585 5610 illis
1608 5572 1626 5609 :
1655 5564 1802 5617 recte,
1827 5555 2079 5618 3111118111-

499 5565 796 5639 ltospitaliter
819 5564 1058 5623 tractabit,
1077 5564 1330 5631 egreditur
1355 5574 1463 5609 cum
1487 5564 1585 5610 illis
1608 5572 1626 5609 :
1655 5564 1802 5617 recte,
1827 5564 1891 5604 ab
1914 5564 1989 5602 lus
2008 5568 2078 5601 Ill-

499 5637 692 5690 cqntur,
719 5629 861 5679 Prius
886 5628 1085 5690 benigne
1108 5638 1220 5690 cum
1243 5621 1341 5690 illis
1356 5622 1471 5690 agit.
1492 5628 1753 5690 t'ossetque
1893 5616 2078 5683 initium

499 5644 692 5738 ειγιιιιῐ,
719 5644 861 5679 Prius
886 5644 1085 5690 aeraque
1108 5644 1220 5676 c-um
1243 5644 1340 5673 tuus
1356 5644 1471 5688 ugu.
1493 5644 1753 5682 ιὐδδυιιιιισ
1777 5644 1868 5666 mn;
1893 5644 2078 5664 llllulllll

492 5697 718 5803 (ascita,
740 5691 830 5741 sed
852 5689 1028 5741 melius
1047 5688 1278 5740 incipitur
1300 5685 1362 5734 ab
1389 5684 1479 5734 dlis
1502 5682 1670 5732 verbis
1685 5718 1698 5740 ,
1733 5686 1978 5743 postquam
2014 5675 2080 5725 ri-

583 5788 598 5813 ,
623 5767 720 5803 etc.

2153 952 2273 1006 illos
2304 951 2532 1020 primum
2577 948 2853 1015 conﬁteri,
2885 956 2940 1002 et
2969 945 3089 1002 ﬁdei
3128 946 3389 999 obnoxios
3429 944 3561 997 ﬁeri.
3595 943 3729 1008 Quid

2149 1059 2276 1113 ergo
2297 1041 2616 1098 Cornelius?
2637 1043 2750 1096 Non
2778 1041 2935 1103 dixit,
2963 1039 3080 1095 Non
3111 1039 3204 1091 tibi
3231 1037 3423 1090 milites
3442 1034 3730 1089 dixerunt?

2150 1133 2243 1210 sed
2272 1134 2427 1202 vide,
2461 1149 2620 1202 quam
2652 1142 2930 1188 mansuete
2960 1142 3013 1185 et
3041 1129 3312 1183 humiliter
3344 1129 3611 1195 loquatur.
3637 1126 3727 1180 50.

2222 1223 2404 1292 quarta
2445 1224 2528 1278 die
2556 1241 2710 1292 usque
2741 1225 2791 1278 in
2823 1224 2952 1277 lianc
2980 1223 3157 1276 horam
3186 1237 3324 1274 eram
3361 1221 3600 1291 jejunans
3618 1257 3634 1281 ,
3684 1226 3730 1268 et

2148 1330 2283 1367 noua
2323 1315 2448 1368 liora
2476 1332 2613 1368 erant
2638 1331 2789 1368 orans
2828 1315 2881 1366 in
2909 1314 3059 1367 domo
3089 1329 3202 1366 mea
3223 1328 3243 1365 :
3270 1320 3316 1364 et
3344 1326 3455 1364 ecce
3494 1311 3568 1362 vir
3594 1310 3728 1362 stctit

2148 1421 2319 1457 coram
2344 1422 2422 1458 nte
2451 1406 2502 1458 in
2529 1406 2707 1459 uestitu
2754 1404 3022 1475 splendido
3047 1445 3062 1467 ,
3107 1413 3151 1457 et
3191 1403 3304 1456 ait:
3350 1401 3437 1456 51.
3487 1398 3728 1464 Corneli,

2149 1495 2386 1548 exaudita
2412 1505 2486 1548 est
2511 1496 2672 1549 oratio
2698 1507 2783 1548 tua
2806 1537 2821 1559 ,
2853 1506 2901 1548 et
2927 1494 3252 1564 eleemosgna:
3275 1502 3375 1546 tua:
3395 1492 3729 1545 ascenderunt

2147 1586 2200 1639 in
2230 1588 2523 1642 memoriam
2551 1588 2603 1640 in
2633 1598 2902 1654 conspectu
2932 1585 3050 1639 Dei.
3085 1585 3148 1638 Et
3177 1602 3310 1638 nona
3339 1586 3482 1647 liora,
3519 1582 3683 1651 inquit
3709 1619 3726 1646 ,

2147 1696 2320 1734 orans.
2348 1680 2484 1746 Quid
2515 1680 2615 1734 hoc
2641 1680 2761 1734 est?
2790 1679 3005 1733 Videtur
3038 1679 3166 1733 mihi
3210 1677 3308 1731 sibi
3337 1687 3574 1746 tempora
3602 1689 3731 1729 con-

2147 1771 2384 1825 stituissc
2406 1771 2752 1824 accuratioris
2773 1771 2894 1825 vitai
2922 1771 2972 1824 in
3000 1770 3315 1839 quibusdam
3338 1768 3562 1822 diebus:
3592 1765 3732 1819 idco-

2147 1878 2249 1930 que
2279 1862 2384 1929 ait,
2429 1861 2472 1915 A
2503 1872 2686 1932 quarta
2730 1863 2831 1915 die.
2876 1861 3009 1917 Vide
3029 1901 3045 1926 ,
3079 1872 3274 1932 quanta
3305 1876 3391 1915 res
3419 1861 3487 1914 sit
3532 1860 3727 1914 oratio.

2147 1956 2372 2023 Quando
2402 1956 2455 2008 in
2481 1956 2678 2024 pietate
2707 1955 2951 2032 profecit,
2985 1963 3108 2008 tunc
3135 1963 3358 2025 apparet
3386 1955 3460 2009 illi
3485 1952 3726 2021 angelus.

2151 2047 2274 2102 llaec
2293 2062 2392 2101 una
2417 2047 2532 2103 dies
2551 2058 2695 2112 erat;
2718 2062 2782 2104 ea
2804 2062 2906 2117 qua
2929 2046 3176 2101 abierunt
3195 2047 3250 2112 ii,
3271 2048 3361 2116 qui
3386 2046 3531 2099 missi
3552 2053 3728 2109 erant,

2149 2156 2290 2203 una;
2327 2156 2430 2210 qua
2460 2151 2744 2206 venerunt,
2775 2154 2961 2195 rursus
2988 2155 3129 2203 una;
3161 2148 3216 2193 et
3240 2147 3428 2209 quarta
3457 2134 3728 2206 apparuit,

2151 2234 2220 2286 ita
2248 2243 2306 2287 ut
2333 2233 2404 2287 sit
2428 2231 2661 2286 secumla
2689 2241 2809 2300 post
2836 2247 2976 2295 eam,
2999 2246 3104 2301 qua
3128 2241 3376 2300 precatus
3395 2239 3498 2284 est.
3526 2228 3589 2282 Et
3611 2243 3725 2281 ecce

2147 2326 2222 2379 uir
2238 2326 2373 2379 stetit
2390 2341 2558 2378 coram
2576 2341 2654 2377 me
2673 2325 2723 2377 in
2742 2333 2872 2378 veste
2883 2322 3294 2392 splendida.Non
3312 2321 3559 2391 angelum
3571 2319 3725 2382 dicit;

2151 2418 2222 2472 ita
2243 2418 2448 2472 alienus
2465 2426 2627 2471 erata
2649 2416 2806 2471 fastu.
2829 2415 2893 2469 Et
2913 2415 3014 2469 ait:
3034 2414 3252 2477 Corneli,
3273 2412 3508 2467 exaudita
3528 2420 3601 2465 est
3614 2427 3730 2463 ora-

2150 2511 2219 2562 tio
2255 2520 2340 2562 tua
2359 2548 2375 2573 ,
2405 2517 2453 2563 et
2492 2509 2821 2578 eleemosgnas
2850 2517 2950 2560 tua:
2992 2507 3327 2561 ascenderunt
3357 2505 3410 2557 in
3439 2505 3730 2556 memoriam

2149 2601 2202 2654 in
2231 2610 2501 2669 conspectu
2542 2600 2652 2653 Dei.
2677 2601 2767 2655 32.
2796 2599 2942 2652 Mitte
2978 2615 3098 2668 ergo
3127 2598 3180 2652 in
3207 2596 3412 2667 lappen
3430 2637 3447 2660 ,
3476 2606 3522 2649 et
3545 2593 3734 2649 accersi

2151 2695 2450 2758 Simonem,
2481 2696 2568 2762 qui
2592 2695 2981 2764 cognominatur
3001 2691 3187 2746 Petrus
3215 2706 3234 2744 :
3256 2692 3338 2743 hic
3364 2689 3652 2757 hospitatnr
3676 2687 3728 2739 in

2149 2788 2301 2841 domo
2329 2785 2553 2840 Sintonis
2574 2785 2778 2838 coriarii
2809 2785 2963 2853 juxta
2993 2798 3133 2835 mare
3156 2796 3176 2835 :
3198 2782 3285 2850 qui
3325 2781 3404 2832 ubi
3435 2778 3690 2831 adt-enerit
3716 2816 3732 2840 ,

2150 2881 2380 2948 loquetur
2409 2877 2514 2932 tibi.
2544 2877 2633 2931 '53.
2679 2875 2954 2945 Confestim
2983 2889 3102 2945 ergo
3129 2872 3242 2925 misi
3265 2870 3334 2924 ad
3362 2881 3407 2931 te
3433 2883 3454 2924 :
3481 2879 3527 2922 et
3557 2879 3610 2921 tu
3637 2869 3723 2920 be-

2151 2992 2214 3031 ne
2238 2970 2685 3041 fecisti-veniendo.
2720 2967 2874 3022 Nunc
2902 2983 3020 3038 ergo
3054 2980 3226 3018 omnes
3264 2979 3354 3016 nos
3381 2963 3434 3014 in
3460 2970 3728 3029 conspectu

2151 3063 2247 3118 Dei
2285 3064 2554 3126 adsumus,
2583 3072 2639 3113 ut
2667 3060 2936 3113 audiamus
2961 3057 3161 3120 omnia,
3197 3068 3311 3123 qua:
3349 3052 3437 3106 tibi
3480 3062 3730 3118 praecepta

2150 3165 2265 3212 sunt
2304 3172 2334 3209 a
2365 3154 2494 3208 Deo.
2527 3151 2649 3206 Ideo
2677 3150 2812 3204 dixit
2835 3191 2849 3211 ,
2884 3147 2997 3212 Qua
3024 3146 3087 3199 de
3107 3161 3262 3198 causa
3285 3143 3568 3197 accersistis
3597 3157 3676 3194 me
3701 3141 3727 3193 Ρ

2153 3259 2210 3305 ut
2237 3248 2350 3301 lucc
2388 3246 2464 3299 sic
2492 3244 2649 3297 verba
2675 3241 2836 3295 dicat.
2868 3241 2957 3294 5i.
3000 3237 3245 3306 Aperiens
3268 3242 3434 3286 autem
3466 3231 3649 3284 Petrus
3673 3246 3731 3282 os

2154 3357 2301 3396 suunt
2319 3380 2334 3405 ,
2365 3337 2536 3392 dixit:
2567 3334 2632 3388 In
2657 3333 2861 3388 ueritate
2883 3329 3139 3399 comperi,
3170 3325 3306 3396 quod
3330 3340 3431 3377 non
3471 3323 3536 3376 sit
3560 3337 3733 3392 perso-

2154 3447 2334 3486 narum
2374 3437 2607 3497 acceptor
2629 3425 2800 3488 Deus;
2843 3421 2932 3476 '55.
2963 3421 3051 3473 sed
3096 3419 3149 3471 in
3190 3415 3327 3470 omni
3354 3422 3528 3483 gente.
3557 3411 3644 3481 qui
3671 3412 3732 3462 ti-

2156 3532 2253 3578 met
2293 3521 2441 3576 illum
2469 3528 2516 3573 et
2542 3526 2779 3586 operatur
2798 3513 3090 3584 justitiam,
3118 3517 3352 3577 acceptus
3380 3505 3460 3559 illi
3500 3512 3592 3558 est.
3622 3502 3736 3557 Hoc

2156 3622 2273 3677 est,
2321 3613 2431 3665 sive
2462 3607 2807 3679 prazpntiatus
2834 3605 2921 3667 sit,
2952 3602 3064 3657 sive
3105 3599 3476 3655 circumcisus.
3526 3594 3640 3649 lloc
3683 3602 3739 3647 et

2157 3704 2354 3761 Paulus
2403 3703 2481 3757 sic
2523 3702 2799 3762 declarat,
2846 3696 2969 3751 Non
3014 3703 3087 3749 est
3137 3705 3467 3763 personarum
3511 3686 3738 3756 acceptio

2158 3798 2297 3865 apud
2339 3796 2497 3849 Deum
2525 3794 2700 3865 (Rom.
2730 3791 2787 3844 2.
2821 3789 2929 3861 ll).
2962 3786 3118 3841 Nunc
3146 3800 3267 3857 ergo
3295 3783 3539 3838 adsumus
3567 3794 3739 3833 omnes

2157 3907 2284 3954 nos,
2317 3888 2527 3958 inquit,
2574 3884 2628 3938 in
2674 3890 2944 3953 conspectu
2992 3879 3109 3933 Dei.
3158 3876 3290 3931 Vide
3333 3881 3529 3944 quanta
3560 3870 3694 3925 ﬁdes
3725 3910 3738 3929 ,

2160 3989 2356 4054 quanta
2381 3980 2568 4049 pietas.
2589 3975 2802 4031 Sciebat
2825 3972 2952 4028 nihil
2975 3970 3267 4025 humanum
3293 3966 3475 4020 dicere
3500 3963 3738 4025 Petrum;

2161 4075 2298 4128 Deus
2324 4070 2538 4126 ostendit
2568 4068 2723 4136 milii,
2753 4065 2906 4119 dixit.
2935 4062 3060 4116 Ideo
3086 4070 3140 4115 et
3164 4059 3292 4113 illud
3314 4096 3330 4120 ,
3357 4056 3613 4109 Adsumus
3637 4092 3654 4119 ,
3682 4061 3738 4104 ut

2164 4168 2431 4222 audiamus
2455 4162 2627 4217 omnia
2649 4201 2664 4224 ,
2694 4173 2807 4227 quia
2825 4156 2913 4209 tibi
2942 4160 3193 4224 praecepta
3220 4160 3333 4205 sunt
3360 4165 3393 4202 a
3425 4147 3551 4200 Deo.
3593 4144 3732 4211 Quid

2166 4260 2337 4330 ergo?
2368 4272 2491 4310 num
2537 4260 2789 4319 acceptus
2814 4256 2896 4301 est
2920 4245 2997 4299 illi
3027 4245 3103 4309 is,
3130 4241 3220 4311 qui
3264 4248 3348 4293 est
3386 4238 3439 4293 in
3481 4233 3741 4290 Perside?

2168 4352 2222 4406 Si
2252 4351 2443 4418 dignus
2472 4345 2570 4406 sit,
2605 4343 2675 4396 ita
2699 4349 2948 4406 acreptus
2973 4335 3111 4399 erit,
3141 4342 3194 4385 ut
3226 4330 3381 4384 ﬁdem
3404 4335 3741 4396 assequatur.

2170 4416 2490 4497 Hinc—etiam
2535 4431 2839 4489 eunuclmm
2863 4443 2928 4482 ex
2954 4424 3221 4492 ASthiopia
3252 4436 3356 4475 non
3382 4418 3643 4489 despexit.
3679 4416 3747 4471 Et

2168 4532 2331 4604 quid,
2383 4528 2623 4598 inquies,
2670 4522 2870 4578 dixeris
2912 4519 2981 4573 de
3023 4514 3286 4585 religiosis
3321 4512 3450 4565 viris
3476 4550 3490 4573 ,
3518 4508 3605 4579 qui
3650 4506 3745 4561 de-

2172 4601 2339 4695 specti
2389 4615 2849 4678 fuerunt?Absit,
2894 4624 3052 4666 nemo
3103 4606 3387 4676 religiosos
3433 4601 3725 4672 despicitur

2172 4691 2287 4773 Non
2315 4723 2490 4786 potest
2514 4712 2655 4767 enim
2677 4750 2693 4776 ,
2723 4722 2831 4761 non
2860 4712 3040 4775 potest
3063 4701 3251 4769 utique
3276 4695 3477 4765 despici
3505 4693 3595 4763 qui
3623 4691 3743 4743 talis

2173 4818 2276 4865 est.
2308 4807 2373 4861 In
2402 4806 2538 4860 omni
2565 4811 2709 4874 gente
2728 4841 2742 4864 ,
2776 4797 2945 4868 inquit
2968 4838 2983 4859 ,
3015 4794 3103 4865 qui
3131 4794 3274 4845 timet
3302 4788 3463 4842 Deum
3491 4794 3537 4840 et
3570 4798 3750 4852 opera-

2177 4914 2258 4956 tur
2277 4900 2550 4969 justitium.
2581 4891 2848 4948 Justitiam
2879 4895 3034 4941 vocat
3070 4898 3283 4938 omnem
3311 4881 3585 4932 virtutem.

2246 4993 2299 5045 2.
2335 4989 2510 5049 Vides,
2535 4996 2591 5040 ul
2612 4983 2880 5052 deprimat
2903 4979 3043 5031 illius
3063 4974 3340 5027 sublimem
3369 4982 3607 5026 Sensum,
3630 4978 3750 5016 cum

2179 5086 2308 5141 dicit
2333 5102 2345 5137 :
2375 5082 2439 5135 In
2467 5079 2603 5135 onmi
2627 5086 2769 5149 gente
2796 5074 2879 5143 qui
2907 5072 3042 5124 timet
3066 5065 3252 5126 Deum,
3274 5069 3511 5130 acceptus
3540 5068 3609 5110 est
3635 5053 3711 5108 illi
3727 5053 3752 5105 ἲ

2182 5194 2242 5232 ac
2289 5175 2333 5229 si
2379 5148 2939 5232 d~ieeret,l\‘eminem
2988 5161 3228 5230 repellit,
3258 5166 3446 5209 omnes
3471 5148 3755 5204 credentes

2182 5267 2434 5323 admittit.
2460 5260 2677 5318 Deinde.
2712 5268 2770 5312 ut
2798 5273 2865 5311 ne
2887 5254 3165 5309 videantur
3194 5250 3332 5302 inter
3351 5244 3587 5312 abiectos
3613 5254 3753 5298 esse,

2184 5358 2364 5414 subdit
2389 5373 2403 5410 :
2427 5355 2515 5410 56.
2548 5351 2765 5405 Verbum
2786 5346 2920 5418 quod
2945 5344 3077 5397 misit
3099 5341 3219 5408 ﬁliis
3249 5335 3436 5399 Israel,
3455 5330 3762 5385 annuntians

2187 5465 2359 5521 pacem
2391 5462 2477 5516 per
2497 5443 2527 5496 J
2536 5459 2672 5495 esum
2704 5438 3000 5494 Christum:
3033 5433 3112 5484 Itic
3141 5440 3212 5483 est
3239 5428 3460 5481 omnium
3488 5422 3757 5477 Dominus.

2191 5511 2314 5594 ila-c
2339 5511 2465 5591 dicit
2495 5534 2544 5586 iu
2574 5530 2913 5600 prmseutium
2935 5525 3182 5593 gratiam,
3204 5512 3260 5572 ut
3290 5517 3395 5570 illis
3431 5511 3763 5583 persuadeat.

2190 5630 2313 5686 Ideo
2338 5632 2526 5688 curat,
2557 5631 2618 5674 ut
2656 5616 2933 5671 Cornelius
2973 5614 3235 5680 loquatur.
3278 5605 3525 5666 Verbum,
3555 5601 3764 5668 inquit,

2189 5722 2320 5794 quod
2351 5716 2486 5775 misit
2530 5714 2653 5784 ﬁliis
2676 5709 2862 5766 Israel.
2897 5704 3055 5772 Vide,
3081 5702 3183 5757 illis
3206 5698 3420 5756 interim
3453 5695 3541 5751 dat
3573 5704 3765 5765 praero-
