4088 6142
293 311 392 366 179

289 427 543 493 gativam.
575 419 775 476 Deinde
801 418 918 472 illos
945 424 1111 470 testes
1140 412 1366 476 inducit,
1399 411 1619 466 dicens:
1648 409 1734 462 57.
1775 405 1874 459 Vos

290 516 428 569 scitis
455 513 675 573 verbum,
705 510 840 580 quod
866 512 1057 578 factum
1090 517 1160 560 est
1192 521 1280 574 per
1307 504 1588 556 universam
1612 499 1874 562 Judwam,

295 608 539 677 incipiens
578 623 609 657 a
642 603 860 658 Galilwa
884 643 896 664 ,
933 611 1045 670 post
1090 600 1338 667 baptisma
1365 638 1376 658 ,
1405 595 1539 665 quod
1583 592 1877 661 pra-dicavit

291 699 537 753 Joannes.
569 695 723 764 Quod
755 695 833 749 sic
875 707 961 758 res
1004 691 1230 752 habeat,
1261 704 1324 740 ex
1357 683 1702 752 sequentibus
1742 697 1876 734 con-

297 792 492 842 lirmat.
540 789 628 842 58.
669 785 903 839 Jesuma
937 780 1226 839 Nazareth,
1273 777 1522 848 quomodo
1573 774 1716 827 unxit
1761 787 1876 825 eum

297 879 436 935 Deus
467 878 664 946 Spiritu
695 886 870 929 sancto
909 883 953 927 et
996 873 1194 925 uirtute.
1220 869 1332 923 Non
1363 867 1534 931 dixit,
1579 865 1757 919 Nosus
1784 863 1872 915 Je-

293 989 409 1024 snun
454 971 653 1040 (neque
699 967 840 1020 enim
888 961 1206 1030 noverant);
1236 959 1328 1012 St'd
1365 974 1484 1026 quae
1514 956 1583 1010 ab
1623 956 1712 1009 illo
1739 954 1874 1008 facta

292 1074 415 1117 eum
438 1104 451 1123 ,
483 1069 682 1114 narrat.
720 1059 822 1124 Qui
861 1055 1151 1127 pertransiit
1180 1049 1539 1122 benefaciendo
1577 1056 1622 1136 εξ
1647 1046 1876 1100 sanando

293 1170 464 1206 omnes
489 1167 754 1222 Oppressus
780 1168 811 1202 a
845 1149 1067 1202 diabolo.
1100 1145 1233 1200 Hinc
1264 1144 1498 1198 ostemlit
1525 1143 1720 1197 multas
1747 1145 1924 1226 flut-

295 1217 566 1298 tilutiones
592 1242 906 1304 diabolicas,
941 1251 996 1293 et
1019 1238 1262 1306 corporis
1292 1235 1441 1290 labes
1470 1234 1536 1288 ab
1565 1233 1656 1286 illo
1684 1217 1886 1285 fd‘étasz'

298 1337 551 1403 Quoniam
580 1334 715 1387 Deus
745 1344 851 1386 erat
880 1349 993 1385 cum
1036 1330 1148 1384 illo.
1180 1330 1411 1384 Rursum
1457 1326 1675 1380 humilia
1707 1323 1880 1393 loqui-

297 1441 415 1491 tur,
446 1442 550 1480 non
583 1428 700 1479 sine
723 1439 881 1478 causa
913 1430 1067 1492 puto,
1097 1419 1192 1474 sed
1221 1428 1440 1488 propter
1465 1416 1875 1470 humanitatem.

295 1519 383 1573 59.
421 1517 482 1571 lit
513 1535 603 1572 nos
636 1527 778 1571 testes
808 1532 982 1570 sumus
1007 1514 1234 1568 omnium
1258 1554 1271 1578 ,
1297 1527 1412 1583 qua:
1439 1510 1557 1580 fecit
1586 1512 1641 1561 in
1676 1508 1881 1578 regione

291 1609 590 1662 Jutlteorunt
621 1620 665 1662 et
690 1607 996 1661 Jerusalem.
1031 1605 1098 1659 Et
1126 1620 1241 1667 vos,
1269 1603 1461 1672 inquit,
1492 1611 1546 1656 et
1572 1616 1689 1654 nos.
1719 1600 1880 1664 Quem

293 1711 340 1753 et
383 1701 670 1754 occiderunt
713 1699 1074 1766 suspendentes
1118 1697 1170 1749 in
1219 1696 1378 1763 ligno.
1431 1693 1527 1746 llic
1573 1691 1878 1760 passionem

297 1785 568 1854 prasdicat.
601 1784 690 1838 40.
729 1782 880 1835 lianc
907 1781 1046 1834 Deus
1074 1780 1336 1834 suscitavit
1363 1778 1507 1830 tertia
1528 1776 1609 1829 die
1629 1817 1642 1842 ,
1671 1785 1716 1828 et
1742 1775 1879 1826 dedit

293 1892 406 1929 eum
452 1875 774 1946 manifestum
823 1873 933 1940 fieri
954 1914 967 1932 .
999 1872 1087 1925 41.
1128 1886 1230 1923 non
1261 1869 1398 1922 omni
1424 1867 1613 1938 populo
1634 1908 1648 1932 ,
1676 1865 1765 1919 sed
1802 1875 1877 1918 te-

291 1968 451 2020 stibtts
489 1965 842 2037 pmordinatis
869 1981 899 2016 a
930 1963 1058 2028 Deo,
1083 1963 1226 2016 nobis
1250 1963 1337 2031 qui
1378 1960 1790 2013 manducavimus
1833 1969 1881 2012 et

291 2058 504 2112 bibimus
542 2077 654 2112 cum
701 2074 760 2113 eo
781 2101 794 2124 ,
831 2069 1098 2128 postquam
1135 2057 1410 2111 resurrexit
1439 2071 1472 2108 a
1506 2055 1740 2108 mortuis.
1770 2053 1880 2106 lloc

296 2153 584 2205 maximum
640 2151 1054 2206 resurrectionis
1100 2156 1474 2219 argumentum
1520 2155 1621 2199 est.
1670 2146 1759 2200 η.
1816 2145 1879 2198 Et

295 2242 529 2312 pra’cepit
579 2243 722 2296 nobis
772 2242 1053 2312 praedicare
1096 2239 1285 2311 papula
1328 2247 1373 2292 et
1418 2237 1710 2304 testiﬁcari,
1760 2236 1879 2306 quia

292 2333 400 2392 ipse
433 2343 541 2394 est,
572 2333 658 2399 qui
686 2333 988 2384 constitutus
1014 2339 1086 2384 est
1113 2347 1146 2382 a
1173 2328 1280 2383 Deo
1353 2327 1520 2398 judea:
1561 2327 1785 2380 vitiorum
1834 2334 1878 2379 et

293 2434 629 2476 mortuorum.
669 2423 912 2490 Magnum
941 2422 1102 2475 etiam
1137 2421 1239 2473 hoc
1263 2460 1277 2482 ,
1310 2427 1369 2472 ut
1409 2417 1512 2471 lide
1553 2416 1742 2485 dignos
1780 2415 1878 2469 de-

294 2525 588 2568 monstret.
628 2516 746 2583 Ipse
791 2529 921 2568 vero
968 2513 1330 2568 testimonium
1379 2510 1617 2573 inducit,
1648 2509 1877 2562 dicens:

291 2606 379 2658 45.
427 2603 560 2656 Huic
587 2622 758 2658 omnes
810 2607 1068 2676 propheta:
1107 2603 1444 2658 testimonium
1475 2601 1765 2670 perhibent,
1792 2617 1876 2653 re-

293 2698 577 2749 missionem
622 2698 850 2766 accipere
879 2713 967 2766 per
1007 2712 1188 2750 nomen
1232 2696 1342 2765 ejus
1367 2709 1566 2746 onmem
1606 2693 1691 2762 qui
1721 2692 1877 2745 credit

291 2787 343 2838 in
375 2787 535 2840 illum.
576 2788 699 2841 llarc
727 2788 1002 2856 przcdictio
1032 2796 1116 2842 est
1141 2801 1327 2841 eorum
1351 2826 1365 2849 ,
1396 2800 1515 2852 qua“:
1553 2792 1673 2853 post
1702 2784 1872 2836 futura

288 2887 470 2938 erant;
496 2894 566 2947 qu
586 2893 653 2930 nn
678 2877 1025 2938 conﬁrmans.
1052 2877 1342 2946 prophetas
1381 2887 1685 2944 Opportune
1710 2883 1875 2928 testes

289 2967 526 3020 adhibet.
549 2968 652 3022 Sed
678 2981 984 3034 repetamus
1013 2983 1096 3032 ea,
1122 2984 1240 3036 quas
1265 2967 1332 3020 de
1358 2967 1877 3035 Cotneliosuperius

287 3055 429 3111 dicta
476 3068 618 3111 sunt.
665 3057 839 3122 Misit,
883 3059 1087 3126 inquit,
1133 3058 1186 3109 in
1231 3056 1458 3125 Joppen,
1502 3066 1556 3108 ut
1599 3065 1875 3108 accerseret

296 3146 520 3199 Petrum.
555 3147 786 3200 Omnino
815 3157 1097 3200 venturum
1128 3145 1394 3198 credidit:
1445 3143 1566 3197 ideo
1612 3145 1775 3196 misit.
1809 3143 1876 3196 Et

289 3241 498 3302 loquens
524 3255 639 3292 cum
664 3240 773 3305 illo,
805 3239 994 3307 inquit,
1038 3237 1258 3289 intravit.
1306 3236 1442 3302 Quid
1476 3237 1743 3306 l0qucns?
1774 3236 1872 3301 Ea,

291 3340 348 3382 ut
407 3341 574 3399 puto,
619 3345 740 3400 quae
801 3331 1048 3398 superius
1101 3328 1241 3381 dicta
1299 3338 1444 3380 sunt.
1488 3327 1554 3380 Et
1609 3328 1876 3396 procidens

288 3421 358 3473 ad
398 3423 550 3490 pedes
591 3423 735 3493 ejus,
767 3422 1016 3474 adoravit.
1069 3419 1204 3474 Vide
1253 3420 1446 3488 ubique
1475 3434 1777 3473 sermonem
1809 3420 1877 3475 ab

287 3513 592 3566 adulatione
622 3515 855 3567 aliettum
880 3557 893 3576 ,
923 3522 978 3568 et
1019 3513 1318 3566 humilitate
1365 3513 1599 3581 plenum.
1630 3512 1762 3566 llinc
1788 3512 1874 3565 di-

288 3618 424 3671 gnus
451 3598 752 3657 ostenditur
785 3614 837 3657 et
870 3605 955 3658 ille
987 3603 1288 3658 eunuchus.
1333 3603 1584 3674 Prtecepit
1605 3645 1619 3667 ,
1656 3605 1828 3674 inquit
1856 3645 1872 3668 ,

297 3693 556 3762 Philippo,
576 3704 628 3747 ut
653 3695 938 3747 ascenderet
967 3699 1015 3748 ἐι
1045 3694 1234 3746 sederet
1262 3695 1312 3747 in
1341 3710 1493 3747 curru
1515 3712 1534 3758 ;
1564 3696 1662 3749 etsi
1697 3695 1872 3749 nesci-

292 3795 374 3838 ret
399 3786 516 3852 quis
561 3793 744 3845 esset,
777 3785 875 3837 nisi
921 3786 1093 3837 Solum
1124 3801 1188 3838 ex
1241 3784 1514 3854 prephctze
1542 3801 1874 3841 commemo-

292 3878 516 3930 ratione.
537 3877 631 3930 llic
657 3893 785 3930 vero
807 3879 965 3930 etiam
988 3877 1182 3931 cecidit
1199 3877 1263 3931 ad
1285 3878 1469 3946 pedes.
1488 3877 1677 3932 Viden'
1699 3894 1876 3932 mores

291 3972 406 4024 sine
435 3970 608 4024 fastu?
638 3970 716 4023 ’l'u
742 3986 868 4023 vero
894 3970 1022 4023 mihi
1052 3971 1330 4024 considera
1357 4012 1372 4034 ,
1402 3971 1670 4038 quomodo
1701 3981 1876 4024 osten-

289 4067 381 4119 dat
409 4065 596 4118 Petrus
616 4063 854 4118 divinum
883 4079 1003 4118 esse
1024 4079 1177 4118 suum
1206 4063 1518 4126 adventum,
1547 4077 1666 4117 cum
1694 4063 1826 4116 dicit
1853 4081 1865 4116 :

301 4156 402 4211 Vos
428 4157 565 4210 scitis
595 4155 827 4209 illicitum
853 4172 976 4208 esse.
1026 4156 1091 4209 Et
1115 4171 1212 4208 cur
1255 4169 1358 4208 neu
1387 4156 1562 4208 statim
1597 4155 1874 4209 sindoucm

294 4250 654 4304 memoravit?
700 4249 831 4311 Quia
863 4263 890 4299 a
921 4250 1054 4301 vana
1098 4247 1265 4317 gloria
1306 4257 1422 4302 erat
1461 4246 1615 4302 valde
1645 4247 1870 4300 alienus.

289 4341 440 4409 Quod
472 4339 667 4393 mi'ssus
695 4340 810 4393 Sita
839 4339 947 4394 Deo
968 4339 1129 4404 dicit;
1159 4339 1447 4406 quomodo,
1474 4355 1578 4392 non
1601 4343 1758 4399 item;
1783 4338 1876 4392 st‘d

290 4448 410 4486 cum
441 4447 660 4486 necesse
692 4431 806 4495 fuit,
845 4446 964 4484 cum
996 4431 1128 4484 dixit
1158 4449 1170 4483 :
1214 4428 1314 4482 Vos
1342 4431 1481 4483 scitis
1508 4429 1743 4482 illicitum
1773 4445 1877 4481 esse

288 4523 472 4577 Jutle
501 4523 743 4592 conjungi
768 4523 842 4575 vel
867 4525 1099 4575 accedere
1122 4524 1190 4574 ad
1213 4523 1543 4587 alienigenam
1565 4535 1582 4574 :
1604 4522 1671 4573 ita
1697 4521 1876 4588 procul

291 4625 404 4667 erat
457 4630 485 4668 a
533 4629 665 4666 vana
710 4613 897 4681 gloria.
940 4611 1038 4665 Vos
1071 4613 1223 4666 scitis.
1267 4611 1377 4664 lloc
1405 4611 1622 4675 dicens,
1669 4610 1876 4662 illorum

295 4706 614 4758 sententiam
645 4706 695 4756 in
715 4704 1055 4771 sponsionem
1076 4703 1255 4756 trahit.
1275 4701 1409 4767 Quid
1430 4717 1557 4754 vero
1576 4701 1879 4754 Cornelius?

294 4798 570 4861 Adsumus,
595 4795 781 4863 inquit,
815 4795 865 4846 in
905 4804 1172 4863 conspectu
1197 4790 1294 4843 Dei
1318 4791 1495 4843 audire
1518 4793 1686 4842 omnia
1705 4832 1718 4854 ,
1741 4807 1880 4859 qua:-

293 4905 506 4957 cumque
549 4888 635 4939 tibi
665 4897 914 4954 praecepta
950 4893 1068 4937 sunt
1093 4900 1124 4935 a
1167 4881 1292 4935 Deo.
1323 4880 1437 4934 Non
1466 4881 1632 4945 dixit,
1668 4880 1722 4934 In
1753 4896 1882 4935 con-

295 4992 481 5049 Sperltl
517 4981 764 5041 hominis,
797 4978 912 5042 sed,
940 4975 1052 5040 Dei,
1084 4975 1392 5038 estendeus,
1416 4974 1492 5028 sic
1517 4973 1877 5028 accedendum

296 5088 416 5126 esse
447 5072 510 5125 ad
542 5072 631 5125 Dei
659 5086 864 5125 servos.
901 5068 1116 5122 Vidistis
1140 5076 1372 5121 mentem
1395 5066 1718 5119 excitatam?
1748 5065 1881 5119 vidi.

296 5170 394 5221 stis
419 5184 576 5237 quam
600 5168 791 5236 dignus
817 5174 962 5220 esset
987 5164 1069 5218 his
1097 5163 1386 5219 omnibus?
1408 5162 1648 5232 Aperiens
1669 5173 1838 5215 autem
1859 5203 1878 5228 ,

301 5259 491 5328 inquit,
525 5257 707 5313 Petrus
735 5274 791 5312 os
810 5274 957 5311 suum
978 5256 1106 5308 dixit
1129 5273 1146 5309 :
1170 5255 1193 5307 l
1203 5272 1235 5308 η
1263 5255 1469 5307 veritate
1492 5255 1737 5320 comperi,
1760 5255 1882 5320 quia

301 5365 401 5402 non
431 5359 502 5404 est
544 5365 870 5418 personarum
911 5358 1143 5416 acceptor
1182 5344 1342 5399 Deus.
1392 5345 1502 5398 lloc
1529 5343 1882 5414 pra-sentibus

300 5439 498 5492 Judu-is
539 5441 620 5494 sui
664 5439 918 5510 purgandi
956 5452 1113 5492 causa
1155 5437 1381 5491 dict-bat.
1417 5436 1547 5490 Cum
1589 5437 1730 5489 enim
1777 5435 1882 5488 illis

302 5531 517 5582 verbum
543 5513 1012 5591 traditm°usesset,
1032 5528 1179 5598 quasi
1204 5527 1567 5582 defensionem
1588 5525 1880 5595 prmmitlit.

301 5617 438 5686 Quid
485 5623 651 5690 ergo?
691 5639 816 5676 num
863 5634 1016 5677 antea
1061 5637 1408 5692 personarum
1449 5629 1699 5690 accirptor
1726 5615 1884 5672 erat?

304 5707 494 5780 Absit;
526 5730 645 5768 nam
677 5725 829 5770 antea
857 5715 933 5770 sic
957 5725 1092 5770 erat.
1129 5713 1306 5768 Omnis
1327 5754 1343 5780 ,
1375 5713 1579 5784 inquit,
1620 5711 1703 5780 qui
1745 5710 1881 5763 timet

1126 297 1402 354 JOA‘NNIS
1437 289 1911 351 CllllYSOSTOMl
1951 288 2268 344 ARCHIEP.
2310 288 2840 348 CONSTANTINOP.

3472 294 3570 347 l8l‘t

1996 399 2174 465 Deum,
2216 409 2264 452 et
2303 411 2545 464 operatur
2565 403 2844 471 justitiam,
2887 415 3120 474 acceptus
3149 407 3226 460 illi
3256 418 3346 460 est.
3384 407 3495 462 Iloc
3522 419 3573 462 et

1987 494 2181 549 Paulus
2215 495 2454 567 scribens
2496 491 2626 549 dicit
2662 513 2674 548 :
2704 495 2828 550 Cum
2871 500 3000 551 enint
3041 509 3244 569 gentes,
3277 517 3392 569 qua'
3415 502 3574 572 legem

1986 603 2086 640 non
2113 587 2317 654 habent,
2344 604 2402 641 ea
2426 604 2540 656 qua:
2565 589 2688 658 legis
2710 599 2825 643 sunt
2853 591 3047 657 faciunt
3069 591 3243 662 (liam.
3273 592 3328 645 2.
3361 595 3383 647 1
3399 595 3471 661 4).
3510 597 3576 648 lat

1983 681 2176 752 dogma
2205 681 2407 736 inducit
2448 691 2500 736 ct
2547 681 2958 738 institutionem.
3002 685 3134 738 Nam
3166 687 3208 738 si
3251 703 3434 756 magos
3467 706 3571 741 non

1983 771 2263 841 deSpexit,
2297 789 2470 844 neque
2498 774 2841 842 IEthiOpcm,
2879 792 3050 846 neque
3083 777 3365 843 latronem,
3400 796 3574 846 neque

1985 863 2318 918 meretricem
2347 879 2362 916 :
2395 865 2562 918 multo
2591 867 2758 932 magis
2786 876 3068 935 operantes
3091 868 3353 934 justitiam
3392 877 3446 923 ct
3477 885 3571 924 vo-

1985 955 2155 1009 lentes
2183 970 2286 1010 non
2315 966 2644 1021 contemnet.
2668 958 2801 1025 Quid
2834 974 2992 1025 ergo,
3031 964 3071 1012 si
3102 960 3208 1012 sint
3234 963 3492 1015 mansueti
3519 971 3575 1016 et

1985 1048 2140 1101 mites
2190 1044 2466 1139 Ιιςζηιίηρξι
2480 1050 2569 1119 qui
2599 1050 2822 1106 credere
2857 1051 3047 1104 nolint.
3096 1053 3232 1106 Ecce
3265 1061 3317 1106 tu
3359 1069 3573 1108 causam

1984 1135 2208 1198 diit‘isti":
2234 1115 2363 1208 ijma
2395 1115 2617 1208 (imae
2650 1143 2852 1194 noltmt.
2902 1143 3148 1211 Alioquin
3195 1152 3374 1198 autem
3425 1160 3574 1196 utau-

1984 1217 2191 1282 suetum
2223 1229 2310 1283 hic
2336 1229 2467 1283 dicit
2499 1224 2604 1284 non
2636 1233 2841 1300 mitem,
2872 1220 2974 1316 ’ξω
3003 1222 3122 1286 eirm
3147 1275 3163 1298 ,
3195 1235 3281 1303 qui
3309 1235 3572 1304 justitiam

1986 1328 2269 1386 operatur;
2303 1321 2353 1373 id
2386 1330 2502 1386 est,
2534 1338 2654 1375 eum
2678 1364 2691 1384 ,
2725 1324 2816 1393 qui
2849 1326 2899 1378 in
2932 1326 3180 1380 omnibus
3207 1325 3574 1391 beneplacilns

1985 1419 2089 1475 est,
2135 1412 2223 1479 qtti
2277 1420 2402 1466 tunc
2449 1415 2566 1467 talis
2594 1424 2672 1467 est
2693 1455 2708 1480 ,
2739 1415 2952 1484 quando
2984 1416 3148 1470 Deum
3179 1426 3232 1471 ut
3263 1434 3358 1487 par
3395 1427 3480 1474 est
3505 1420 3572 1472 ti-

1986 1510 2115 1554 met.
2165 1501 2477 1569 llujusmodi
2521 1521 2648 1560 vero
2696 1505 2963 1560 hominem
3012 1507 3155 1563 Deus
3200 1511 3346 1564 solus
3404 1513 3570 1564 novit.

1985 1591 2120 1648 Vide
2163 1596 2431 1663 quomodo
2477 1596 2562 1650 hic
2603 1608 2854 1667 acceptus
2898 1609 3012 1653 erat
3040 1617 3053 1654 :
3085 1617 3205 1654 mox
3239 1611 3292 1654 ut
3332 1603 3572 1670 audivit,

1985 1682 2144 1735 etiam
2177 1685 2584 1753 obtemperavit.
2613 1687 2680 1740 Et
2708 1704 2872 1753 nunc,
2902 1690 2944 1743 si
2979 1691 3202 1759 angelus
3230 1692 3468 1751 Veniret,
3497 1695 3576 1744 iu-

1986 1773 2159 1841 quies,
2194 1791 2350 1829 uemo
2375 1785 2458 1830 est
2485 1779 2572 1847 qui
2617 1793 2722 1832 nOn
2751 1781 3014 1835 crederet.
3047 1782 3242 1836 Verum
3275 1784 3427 1852 longe
3454 1801 3570 1838 ma-

1981 1865 2096 1934 jora
2121 1885 2259 1921 mtnc
2280 1871 2425 1938 signa
2454 1881 2607 1937 sunt,
2637 1888 2796 1942 quam
2829 1874 2913 1926 illa
2947 1891 2958 1927 :
2991 1883 3046 1929 et
3073 1885 3247 1929 tamen
3282 1877 3431 1930 multi
3461 1893 3570 1932 nou-

1985 1956 2229 2011 credunt.
2277 1959 2476 2015 Deinde
2519 1962 2816 2017 dootrinam
2864 1965 3067 2034 incipit,
3108 1976 3162 2019 et
3199 1966 3396 2021 Juda-is
3421 1982 3569 2021 suam

1986 2057 2165 2101 servat
2194 2051 2543 2105 nobilitatem.
2590 2053 2802 2107 Verbum
2825 2098 2838 2120 ,
2869 2055 3038 2125 inquit
3058 2099 3070 2120 ,
3099 2059 3233 2126 quod
3263 2059 3396 2114 misit
3432 2057 3574 2117 Deus

1987 2139 2108 2207 ﬁliis
2139 2141 2321 2208 Israel,
2350 2147 2658 2200 annuntians
2689 2166 2862 2216 parem
2891 2166 2908 2203 :
2935 2153 3016 2203 hic
3039 2161 3110 2203 est
3137 2153 3361 2204 omnium
3390 2153 3570 2207 Domi-

1986 2249 2098 2286 nus.
2129 2234 2305 2289 Primo
2331 2237 2397 2290 de
2425 2237 2788 2294 dominatione
2815 2243 2930 2312 ejus
2961 2245 3224 2313 loquitur,
3255 2246 3570 2302 admodum-

1985 2338 2091 2391 que
2116 2325 2436 2393 sublimiter,
2472 2339 2528 2382 ut
2559 2330 2824 2396 licebat‘;
2858 2334 2979 2402 quia
3009 2350 3127 2388 cum
3157 2336 3369 2398 homine
3393 2355 3572 2392 sermo

1986 2426 2120 2480 erat,
2172 2419 2258 2486 qui
2298 2419 2408 2488 jam
2441 2420 2684 2476 sublimis
2714 2425 2954 2490 elTectus,
3003 2427 3253 2481 ardenter
3295 2430 3472 2483 omnia
3504 2431 3572 2483 ab

1985 2522 2043 2559 se
2071 2509 2260 2562 tradita
2293 2512 2614 2580 suscipiebat
2643 2532 2654 2566 :
2679 2513 2871 2568 deinde
2895 2517 3146 2584 probans,
3175 2519 3440 2586 quomodo
3458 2538 3572 2574 om-

1987 2599 2130 2652 nium
2163 2601 2416 2655 Dominus
2444 2613 2605 2670 esset,
2637 2605 2820 2673 adjicit
2854 2625 2866 2659 :
2905 2607 3056 2672 Quod
3086 2609 3218 2661 misit
3239 2613 3568 2677 annuntians;

1985 2691 2036 2744 id
2065 2701 2165 2751 est.
2197 2691 2263 2745 ad
2291 2695 2426 2747 bona
2454 2711 2672 2762 vocans,
2709 2713 2812 2749 non
2837 2697 3094 2766 judicium
3125 2700 3400 2756 inducens.

2056 2781 2108 2834 5.
2135 2781 2270 2836 Hinc
2285 2783 2541 2850 declarat,
2567 2785 2740 2854 ipsum
2763 2787 2993 2840 Verbum
3010 2803 3040 2841 a
3058 2790 3162 2843 Deo
3183 2789 3380 2845 Juduris
3399 2793 3568 2858 primo

1984 2875 2204 2927 missum
2240 2874 2422 2928 fuisse.
2459 2878 2660 2931 Deinde
2683 2879 2750 2930 ab
2773 2879 2856 2946 iis,
2882 2895 3000 2948 qua:
3032 2895 3126 2949 per
3154 2891 3312 2934 totam
3332 2882 3566 2937 Judwam

1983 2967 2181 3033 ellecit,
2207 2967 2309 3022 hoc
2331 2969 2682 3035 demonstrat,
2710 2970 2928 3025 dicens:
2960 2970 3056 3025 Vos
3075 2974 3210 3025 scitis
3230 2974 3362 3041 quod
3379 2977 3569 3044 farJum

1982 3071 2053 3114 est
2069 3062 2270 3113 verbum
2292 3078 2380 3130 per
2401 3063 2681 3116 universum
2701 3061 2939 3115 Judwam
2953 3071 3036 3117 :et
3049 3063 3186 3132 quod
3205 3074 3285 3117 est
3304 3065 3567 3129 mirabile,

1980 3150 2228 3220 incipiens
2241 3169 2271 3203 a
2289 3150 2522 3214 Galilcea,
2548 3163 2657 3221 post
2678 3154 2946 3220 baptisma,
2961 3154 3097 3220 quod
3110 3155 3400 3222 praedicavit
3415 3155 3572 3209 Joan-

1983 3259 2091 3296 nes.
2111 3243 2290 3296 Primo
2308 3242 2562 3312 loquutus
2579 3256 2658 3297 est
2674 3245 2740 3298 de
2765 3245 2880 3311 ejus
2901 3245 3159 3314 praeclaro
3183 3260 3364 3313 opere,
3381 3255 3432 3299 et
3447 3257 3570 3301 tunc

1982 3333 2049 3387 dc
2078 3335 2194 3403 ejus
2225 3335 2390 3403 patria
2422 3335 2646 3389 lidentcr
2665 3335 2919 3404 loquitur.
2949 3335 3170 3388 Jesmna
3192 3335 3471 3394 Nazareth.
3497 3339 3568 3393 Ita

1981 3425 2183 3478 sciebat
2200 3427 2365 3493 ipsam
2386 3427 2608 3493 patriam
2632 3426 2956 3481 olfemliculo
2982 3441 3122 3480 esse.
3142 3427 3404 3492 Quomodo
3427 3430 3571 3482 unxit

1981 3531 2094 3568 eum
2111 3515 2244 3568 Deus
2261 3516 2457 3584 Spiritu
2470 3527 2642 3568 sancto
2658 3528 2701 3569 et
2720 3520 2912 3569 virtute.
2931 3517 3124 3570 lterum
3141 3518 3300 3584 proba
3311 3528 3346 3569 t.
3361 3518 3437 3572 Ne
3453 3518 3570 3586 quis

1981 3606 2358 3668 enimdiceret,
2370 3605 2407 3660 U
2419 3608 2643 3661 ndenam
2673 3609 2772 3660 hoc.
2791 3607 3124 3661 manifestum
3142 3608 3252 3662 est?
3267 3609 3565 3677 subjuugit:

1985 3698 2085 3762 Qui
2108 3699 2424 3767 pertransivit
2455 3699 2808 3768 benefaciendo
2829 3709 2876 3751 et
2899 3699 3128 3751 sanando
3154 3715 3325 3752 omnes
3354 3716 3566 3767 Oppres-

1980 3806 2064 3843 sos
2089 3807 2120 3842 a
2144 3790 2365 3844 diabolo.
2401 3792 2598 3846 Deinde
2627 3805 2746 3844 cum
2791 3792 2976 3858 bonis,
3006 3807 3124 3860 qua:
3154 3802 3406 3860 operatus
3449 3804 3528 3846 est
3547 3836 3563 3858 ,

1980 3882 2213 3935 ostendit
2233 3892 2427 3950 quanta
2451 3883 2616 3934 virtus
2643 3883 2757 3949 ejus
2781 3891 2922 3935 esset
2949 3903 2960 3936 :
2985 3897 3104 3934 cum
3129 3882 3268 3935 enim
3297 3881 3563 3935 diabolum

1981 3975 2348 4041 superaverit,
2379 3974 2647 4042 ingentem
2678 3973 2820 4026 illam
2855 3973 3019 4027 fuisse
3046 3984 3277 4042 oportet.
3308 3974 3568 4044 Adjicitur

1980 4078 2163 4128 causa,
2200 4063 2451 4130 Quoniam
2482 4061 2623 4116 Deus
2655 4072 2762 4116 erat
2797 4079 2910 4115 cum
2934 4062 3045 4116 illo.
3077 4063 3195 4116 Ideo
3221 4072 3276 4116 et
3301 4063 3468 4117 Judasi
3496 4065 3563 4116 ita

1983 4155 2226 4209 dicebant
2258 4172 2273 4208 ε
2307 4154 2511 4208 Scimus
2531 4195 2546 4220 ,
2578 4155 2817 4225 quoniam
2845 4171 2876 4206 a
2920 4153 3027 4207 Deo
3075 4155 3251 4207 venisti
3289 4155 3526 4224 magister
3550 4170 3568 4207 :

1985 4264 2125 4300 nemo
2151 4247 2282 4299 enint
2309 4256 2468 4315 potest
2495 4246 2603 4299 lucc
2623 4247 2767 4315 signa
2789 4248 2974 4314 facere,
3006 4247 3102 4300 nisi
3122 4245 3263 4300 Deus
3285 4249 3432 4310 fuerit
3453 4264 3566 4299 cum

1983 4357 2038 4392 eo
2082 4337 2258 4408 (Joan.
2307 4340 2356 4392 '5.
2400 4338 2478 4409 2).
2527 4338 2748 4404 Deinde,
2797 4349 3073 4408 postquam
3113 4339 3344 4392 ostendit
3374 4355 3492 4392 eum
3537 4356 3564 4391 a

1988 4432 2095 4486 Deo
2123 4433 2341 4486 missum
2366 4430 2546 4495 fuisse,
2573 4440 2698 4485 tunc
2722 4431 2868 4484 addit
2888 4447 3006 4485 eum
3028 4431 3361 4484 interfccmm
3383 4430 3563 4495 fuisse,

1987 4537 2054 4576 ue
2085 4521 2208 4588 quid
2256 4520 2544 4575 absurdum
2584 4521 2910 4590 imagincris.
2945 4520 3130 4574 Vidvu’
3155 4520 3277 4574 illos
3307 4535 3564 4588 nusquam

1984 4612 2252 4667 occultare
2273 4627 2508 4676 crucem,
2536 4610 2644 4664 imo
2668 4623 2719 4665 et
2748 4611 2960 4664 modum
2990 4613 3146 4664 etiam
3174 4626 3293 4664 cum
3322 4610 3440 4664 aliis
3467 4607 3565 4671 ad-

1985 4706 2211 4760 dentes?
2244 4705 2405 4772 Quem
2437 4704 2728 4757 occiderunt
2749 4746 2762 4764 ,
2793 4705 2996 4772 inquit,
3029 4705 3385 4771 suspendentes
3414 4704 3462 4764 in
3500 4702 3566 4754 li-

1985 4813 2104 4866 gno.
2138 4796 2200 4849 Et
2233 4797 2369 4850 dedit
2399 4797 2542 4849 illum
2571 4797 2892 4864 manifestum
2921 4795 3050 4861 ﬁeri,
3079 4811 3177 4846 non
3199 4797 3336 4846 omni
3357 4794 3566 4865 populo,

1986 4889 2074 4942 sed
2099 4889 2304 4942 testibus
2335 4885 2692 4956 pra’ordinatis
2716 4902 2746 4936 a
2770 4884 2876 4938 Deo
2907 4885 3069 4937 nobis.
3102 4886 3258 4954 Atqui
3295 4887 3408 4953 ipse
3451 4885 3570 4937 illos

1985 4981 2184 5050 elegit;
2215 4979 2307 5033 sed
2341 4977 2464 5032 illud
2491 4975 2746 5030 adscribit
2775 4975 2902 5029 Deo.
2939 4973 3330 5039 l'rteordinutis,
3366 4976 3532 5044 inquit
3556 5016 3572 5030 .

1988 5071 2121 5125 Vide
2151 5070 2290 5124 unde
2319 5069 2767 5123 resurrectionem
2798 5083 3009 5136 procer,
3035 5083 3063 5119 a
3088 5067 3440 5121 tJtnedcndo.
3463 5066 3574 5118 Cur

1988 5175 2274 5231 resurgens
2301 5161 2500 5214 multum
2532 5160 2741 5226 signant
2772 5157 2918 5224 fecit,
2949 5157 3043 5212 sed
3070 5157 3305 5211 comedit
3329 5166 3384 5210 et
3408 5155 3572 5208 bibit?

1987 5254 2120 5320 Quia
2162 5253 2272 5321 ipsa
2316 5251 2636 5305 resurrectio
2681 5266 2776 5318 per
2804 5263 2861 5303 se
2892 5265 3138 5318 tnagnuttt
3170 5259 3285 5302 erat
3315 5250 3523 5315 signum
3555 5262 3568 5296 :

1991 5343 2146 5412 hujus
2185 5357 2314 5397 vero
2362 5342 2559 5395 nullutn
2606 5341 2776 5408 majus
2824 5349 3192 5407 argumentum
3231 5349 3363 5401 erat,
3413 5352 3569 5406 quam

1989 5436 2131 5505 quod
2164 5433 2470 5487 comederet
2515 5442 2569 5486 et
2610 5431 2836 5486 biberet.
2882 5429 3188 5498 Testi/icari,
3241 5428 3428 5497 inquit.
3479 5426 3572 5480 llic

1993 5527 2300 5582 terribiliter
2329 5526 2585 5595 loquitur,
2618 5541 2686 5579 ne
2722 5532 2940 5593 possent
2965 5523 3029 5575 ad
3066 5521 3416 5592 ignorantiam
3444 5535 3570 5572 con-

1993 5620 2196 5688 fugere.
2244 5617 2353 5671 Ncc
2401 5618 2532 5670 dixit
2563 5635 2576 5671 τ
2609 5617 2726 5686 Ipse
2771 5625 2852 5670 est
2895 5613 3062 5667 Filius
3107 5613 3236 5677 Dei;
3288 5613 3380 5667 sed
3432 5614 3573 5680 quod

2057 5716 2070 5743 ¹
2098 5708 2236 5770 illud,
2263 5713 2312 5758 ut
2334 5706 2504 5758 licebat
2527 5707 2614 5768 (σε-ς
2634 5704 2780 5764 ἐνῆν),
2805 5701 2949 5750 deest
2970 5702 3014 5747 itt
3035 5696 3329 5758 quibusdam
3357 5697 3466 5745 Mss.
