4084 6174
220 269 316 326 181

222 384 418 449 φαγεῖν
474 380 569 434 καὶ
624 381 784 432 πιεῖν.
822 377 1352 446 Διαμαρτύρασθαι,
1400 373 1584 444 φησιν.
1623 368 1890 423 Ἐνταῦθα

223 468 317 520 καὶ.
340 466 587 537 φοϐερῶς
615 460 786 527 εἶπεν,
818 465 907 526 ἵνα
938 464 1012 532 μὴ
1040 463 1232 532 ἔχωσιν
1284 461 1362 523 είς
1388 461 1608 527 ἄγνοιαν
1641 472 1887 520 καταφυ-

223 557 364 622 γεῖν.
391 555 500 607 Kal
528 556 626 606 οὐκ
654 550 824 613 εἶπεν,
850 553 931 605 ὅτι
963 550 1134 613 Αὐτός
1167 550 1313 602 ἐστιν
1338 548 1367 600 6
1399 547 1526 609 Υἱὸς
1577 545 1672 598 τοῦ
1722 541 1882 605 Θεοῦ,

224 639 388 693 ἀλλ’ὃ
421 640 654 711 μάλιστα
676 640 872 702 αὐτοὺς
900 637 1105 707 ἐφόϐει,
1138 637 1221 689 ὅτι
1269 636 1458 700 Αὐτός
1480 634 1653 687 ἐστιν
1703 635 1735 685 ό
1767 632 1897 699 ὡρι-

225 727 449 793 σμένος
482 728 598 781 ὑπό
632 726 781 780 Θεοῦ
806 723 1029 792 κριτὴς
1060 723 1293 783 ζώντων
1329 721 1430 776 καί
1483 718 1732 786 νεκρῶν.
1767 714 1901 771 Εἶτα

227 814 261 881 ἡ
319 811 483 882 κυρία
545 812 860 880 κατασκευὴ
905 812 938 880 ἡ
993 809 1102 863 ἀπὸ
1129 809 1235 862 τῶν
1290 806 1603 878 προφητῶν⁸
1657 804 1900 876 μεγάλην

226 899 336 967 7&9
362 894 505 969 εἶχον
538 896 696 962 δόξαν
745 899 962 950 ἐκεῖνοι.
1006 897 1197 960 Τούτῳ
1229 893 1453 960 πάντες
1502 896 1556 948 οἱ
1603 889 1898 961 προφῆται

223 985 650 1057 μαρτυροῦσιν.
687 984 816 1037 Ὅτε
844 985 922 1053 τῷ
970 984 1118 1052 φόϐῳ
1163 984 1471 1044 κατέσεισε,
1531 983 1652 1035 τότε
1706 981 1900 1049 ἐπάγει

138 1112 141 1113 ν
228 1073 328 1144 τὴν
354 1071 724 1143 συγχώρησιν,
755 1073 815 1124 οὐ
847 1073 974 1142 παρ’
1006 1071 1168 1124 αὐτοῦ
1189 1070 1511 1141 λεγομένην,
1565 1069 1700 1123 ἀλλά
1749 1066 1900 1136 παρά

228 1159 338 1212 τῶν
383 1158 697 1230 προφητῶν.
739 1159 850 1212 Kal
902 1159 964 1212 τὸ
992 1159 1089 1228 μὲν
1116 1159 1367 1229 φοϐερὸν,
1425 1159 1556 1229 παρ’
1600 1155 1786 1210 αὐτοῦ·
1839 1154 1901 1208 τὸ

229 1247 434 1317 ἥμερον
485 1246 561 1309 δέ,
622 1247 730 1300 ἀπὸ
790 1244 899 1299 τῶν
937 1246 1252 1318 προφητῶν.
1314 1247 1468 1299 Ὅσοι
1523 1246 1620 1315 τῆς
1653 1243 1899 1312 ἀφέσεως

231 1332 451 1403 ἐτύχετε
493 1333 719 1403 ταύτης,
771 1334 884 1386 ὅσοι
929 1334 1030 1403 τῆς
1068 1333 1304 1397 πίστεως
1354 1332 1752 1401 κατηξιώθητε,
1795 1347 1902 1400 μα-

232 1419 414 1484 θόντες
444 1418 545 1487 τῆς
586 1418 793 1489 δωρεᾶς
816 1418 877 1471 τὸ
917 1419 1164 1489 μέγεθος,
1197 1417 1522 1489 παρακαλῶ,
1559 1416 1900 1470 σπουδάσατε

235 1507 311 1577 μὴ
343 1506 561 1577 ὑϐρίσαι
590 1508 671 1571 είς
700 1507 789 1560 τὸν
811 1507 1127 1577 εὐεργέτην.
1172 1505 1466 1575 Ἐτύχομεν
1490 1505 1601 1575 7&9
1628 1504 1897 1574 ἀφέσεως,

233 1594 331 1663 οὐχ
387 1593 474 1645 ἵνα
528 1593 743 1663 χείρους
793 1592 1104 1663 γενώμεθα,
1140 1592 1255 1646 ἀλλ’
1294 1594 1381 1646 ἵνα
1426 1592 1681 1662 ἀμείνους
1721 1587 1902 1660 πολλῷ

234 1683 329 1733 καὶ
368 1680 629 1749 βελτίους.

304 1768 508 1838 Μηδεὶς
532 1767 709 1821 τοίνυν
735 1767 864 1840 είπῃ
887 1768 970 1820 ὅτι
996 1767 1025 1820 ὀ
1076 1765 1209 1830 Θεὸς
1266 1767 1398 1837 ἡμῖν
1454 1765 1629 1829 αἴτιος
1691 1762 1899 1826 κακῶν,

239 1853 315 1924 μὴ
346 1854 583 1916 κολάσας
624 1853 757 1924 μηδὲ
808 1853 1282 1926 τιμωρησάμενος.
1343 1852 1479 1905 Εἰπὲ
1529 1852 1637 1922 γάρ
1695 1866 1804 1920 μοι,
1837 1848 1903 1902 ἂν

236 1941 419 2012 ἄρχων
449 1941 627 1994 λαϐὼν
658 1941 823 2011 φονέα
843 1943 978 2013 ἀφῇ,
1007 1941 1117 1994 τῶν
1154 1940 1290 2011 μετὰ
1319 1939 1492 1992 ταῦτα
1526 1939 1704 2006 φόνων
1743 1936 1905 1998 αὐτὸς

238 2029 411 2093 αἴτιος
456 2023 593 2081 εἶναι
646 2030 923 2100 κρίνεται;
972 2027 1258 2098 Οὐδαμῶς.
1295 2028 1406 2081 Καὶ
1458 2026 1574 2089 πῶς
1605 2025 1756 2078 αὐτοὶ
1783 2027 1905 2087 ταῖς

237 2115 416 2177 ἀθέοις
459 2114 729 2184 γλώσσαις
756 2116 1012 2183 ,διδόντες
1064 2114 1380 2184 ὑϐρίζεσθαι
1436 2112 1528 2166 τὸν
1570 2112 1702 2166 Θεὸν
1736 2111 1804 2165 δι’
1832 2106 1906 2163 ὧν

236 2202 540 2274 τολμῶμεν.
570 2204 631 2256 οὐ
671 2202 987 2272 δεδοίκαμεν
1030 2201 1150 2255 οὐδέ
1200 2200 1529 2271 φρίττομενς
1568 2197 1633 2250 Τί
1663 2198 1771 2269 γάρ
1808 2197 1908 2250 οὐκ

236 2288 462 2361 ἐροῦσι;
502 2289 553 2343 τί
580 2290 667 2343 δαὶ
695 2291 757 2343 οὐ
788 2288 1110 2358 φθέγξονται
1138 2303 1152 2352 ;
1209 2287 1382 2349 Αὐτὸς
1406 2287 1591 2350 αὐτοῖς
1619 2286 1908 2357 ἐπέτρεψε,

238 2377 435 2448 φησίν·
492 2377 659 2448 ἐχρῆν
711 2376 819 2447 γάρ
850 2375 1036 2440 ἀξίους
1090 2374 1252 2438 ὄντας
1310 2373 1558 2436 κολάσαι,
1607 2374 1668 2427 οὐ
1718 2374 1906 2444 τιμᾷν,

236 2465 357 2518 οὐδὲ
385 2465 701 2534 στεφανοῦν,
744 2465 804 2517 οὐ
852 2463 960 2515 τῶν
1020 2462 1305 2533 πρωτείων
1359 2461 1716 2533 μεταδιδόναι,
1773 2461 1911 2516 ἀλλά

239 2550 485 2616 κολάζειν
537 2552 631 2604 καὶ
679 2547 1059 2620 τιμωρεῖσθαι.
1125 2548 1182 2601 ’0
1219 2548 1277 2602 δὲ
1345 2549 1510 2619 μηδέν
1563 2566 1617 2601 τι
1672 2548 1911 2602 τοιοῦτον

239 2640 422 2703 αὐτοῖς
464 2637 633 2691 ποιῶν
663 2649 711 2699 ι,
740 2635 854 2690 ἀλλ’
880 2635 1001 2690 ἀντὶ
1039 2634 1242 2689 τούτων
1288 2637 1379 2689 καὶ
1407 2636 1603 2707 τιμῶν,
1636 2634 1912 2699 τοιούτους

240 2729 436 2792 αὐτοὺς
470 2725 858 2801 ἀπεργάζεται.
888 2725 1002 2797 Μὴ,
1030 2724 1221 2796 δέομαι
1267 2726 1362 2779 καλ⁷
1392 2725 1676 2790 ἀντιϐολῶ,
1718 2725 1910 2797 μηδεὶς

240 2814 442 2885 ταύτην
484 2815 614 2887 περὶ
656 2813 808 2885 ἡμῶν
844 2813 955 2884 ἀφῇ
1015 2812 1112 2884 τὴν
1157 2815 1359 2885 φωνήν.
1420 2813 1633 2867 Βέλτιον
1686 2830 1915 2885 κατορυ-

240 2903 404 2973 γῆναι
462 2900 742 2973 μυριάκις,
776 2898 809 2971 ἢ
862 2900 1037 2952 ταῦτα
1077 2900 1169 2952 τὸν
1205 2901 1338 2954 Θεὸν
1383 2900 1615 2955 ἀκοῦσαι
1643 2900 1709 2953 δι’
1739 2901 1910 2971 ἡμᾶς.

241 2989 407 3042 Εἶπον
459 2986 607 3056 αὐτῷ
650 2986 744 3039 καὶ
792 2985 1069 3039 Ἰουδαῖοιο
1115 2985 1169 3038 '0
1208 2989 1526 3040 καταλύων
1586 2987 1695 3040 τὸν
1740 2985 1912 3052 ναὸν,

242 3074 341 3128 καὶ
371 3077 440 3127 ἐν
465 3074 665 3141 τρισὶν
700 3071 946 3142 ἡμέραις
977 3072 1220 3143 ἐγείρων
1251 3073 1455 3135 αὐτὸν,
1490 3069 1700 3125 σῶσον
1729 3086 1914 3125 σεαυ-

243 3163 386 3215 τόν·
445 3160 540 3212 καὶ
578 3158 757 3222 πάλιν,
810 3161 880 3212 El
924 3161 1057 3226 Υἱὸς
1088 3157 1148 3214 ετ
1170 3159 1277 3213 τοῦ
1331 3159 1499 3223 Θεοῦ,
1538 3158 1767 3215 κατάϐα
1796 3159 1914 3214 ἀπὸ

244 3247 352 3301 τοῦ
367 3245 651 3313 σταυροῦ.
668 3245 826 3300 Ἀλλά
838 3247 1010 3300 ταῦτα
1028 3246 1250 3300 ἐκείνων
1264 3247 1635 3317 χαλεπώτερα.
1658 3244 1806 3319 [189]
1817 3245 1915 3300 Ἵν’

246 3332 340 3390 οὖν
376 3337 450 3406 μὴ
499 3334 593 3407 ἐξῇ
618 3334 686 3389 δι’
716 3337 863 3405 ἡμᾶς
894 3335 1154 3407 πονηρίας
1207 3336 1369 3389 αὐτὸν
1403 3335 1724 3390 διδάσκαλον
1759 3334 1912 3404 λέγειν

252 3425 395 3486 σθαι,
436 3424 568 3494 μηδέ
596 3423 746 3494 αὐτῷ
771 3424 946 3495 τούτῳ
996 3424 1075 3495 τῷ
1111 3424 1542 3495 βλασφημεῖσθαι
1572 3424 1816 3477 ὑπόδικοι
1848 3426 1914 3497 τῇ

249 3513 466 3593 κολάσει
495 3511 778 3579 γενώμεθα
815 3512 914 3580 (Δι’
940 3511 1094 3580 ὑμᾶς
1131 3511 1261 3582 γὰρ,
1295 3512 1448 3581 φησὶ,
1477 3510 1542 3565 τὸ
1568 3511 1757 3581 ὄνομα
1795 3529 1916 3581 μου

242 3597 691 3669 ,ϐλασφημεῖται
718 3598 789 3651 ὲν
828 3598 951 3663 τοῖς
993 3598 1261 3666 ἕθνεσι)·
1319 3598 1575 3652 τάναντία
1604 3600 1917 3670 ποιήσωμεν

248 3685 522 3757 λέγεσθαι,
570 3683 734 3748 ἀξίως
767 3684 858 3736 τοῦ
891 3683 1178 3747 καλοῦντος
1214 3684 1634 3756 πολιτευόμενοι,
1689 3686 1782 3739 καὶ
1840 3686 1917 3756 τῷ

249 3769 348 3839 τῆς
405 3766 678 3829 υίοθεσίας
741 3766 1057 3837 προσιόντες
1118 3765 1475 3838 βαπτίσματι.
1545 3770 1752 3832 Ὄντως
1807 3769 1918 3840 γὰρ

254 3854 463 3926 μεγάλη
488 3852 581 3906 τοῦ
607 3852 977 3923 βαπτίσματος
1012 3855 1045 3921 ή
1087 3852 1344 3921 δύναμις·
1397 3854 1585 3920 ἄλλους
1613 3856 1727 3908 ἀντ’
1742 3856 1918 3911 ἄλλων

253 3943 395 3995 ποιεῖ
420 3941 545 4003 τοὺς
598 3938 963 4009 μετασχόντας
986 3939 1083 4009 τῆς
1111 3939 1338 4011 δωρεᾶς·
1372 3942 1471 3994 οὐκ
1509 3941 1732 4013 ἀφίησιν
1778 3940 1918 3996 εἶναι

250 4027 569 4098 ἀνθρώπους
628 4026 754 4089 τοὺς
826 4024 1167 4097 ἀνθρώπους.
1226 4028 1458 4098 Ποίησον
1520 4029 1613 4083 τὸν
1678 4030 1920 4101 Ἕλληνα

251 4115 558 4177 πιστεῦσαι,
595 4114 676 4167 ὅτι
727 4113 933 4184 μεγάλη
984 4113 1077 4167 τοῦ
1109 4114 1424 4185 Πνεύματος
1475 4118 1509 4186 ἠ
1540 4116 1790 4187 δύναμις,
1836 4121 1918 4172 ὅτι

252 4203 610 4277 μετέπλασεν,
644 4201 726 4254 ὅτι
785 4201 1206 4273 μετεῤῥύθμισε.
1267 4203 1334 4256 Τί
1368 4203 1466 4268 τάς
1495 4204 1730 4275 ἐσχάτας
1784 4205 1917 4260 ἀναο

250 4295 418 4353 πνοὰς
469 4287 781 4359 ἀναμένεις.
814 4288 890 4352 ὡς
916 4287 1213 4360 δραπέτης,
1246 4290 1322 4354 ὡς
1350 4292 1678 4365 κακοῦργος,
1705 4293 1781 4357 ὡς
1817 4295 1920 4350 οὐκ

248 4377 477 4443 όφεὶὶων
525 4373 603 4443 τῷ
639 4373 760 4442 Θεῷ
807 4375 1002 4445 ζῆσαις
1056 4376 1110 4431 τί
1140 4377 1216 4442 ὡς
1248 4379 1384 4450 πρὸς
1411 4381 1594 4452 ἀπηνῆ
1644 4398 1767 4436 τινα
1823 4382 1920 4435 καὶ

245 4462 395 4533 ὠμὸν
424 4463 559 4532 ἔχων
596 4463 871 4533 Δεσπότην
904 4462 1046 4516 οῦτω
1073 4465 1379 4533 διάκεισαι;
1411 4467 1463 4519 τί
1483 4467 1837 4540 ψυχρότερον,
1866 4468 1920 4522 τί

246 4549 720 4620 ταλαιπωρότερον
749 4550 857 4602 τῶν
885 4551 1005 4603 τότε
1041 4551 1311 4607 λαϐόντων
1332 4554 1393 4607 τὸ
1425 4553 1719 4626 φώτισμα;
1763 4555 1921 4609 Φίλον

253 4649 311 4683 σε
338 4634 594 4704 ἐποίησεν
644 4636 673 4686 6
712 4633 865 4696 Θεὸς,
901 4635 997 4687 καί⁵
1034 4636 1252 4691 πάντων
1283 4638 1481 4707 ἠξίωσε
1508 4639 1619 4692 τῶν
1675 4640 1918 4710 ἀγαθῶν,

253 4719 343 4776 ἴνα
368 4722 458 4775 καὶ
488 4720 651 4785 αὐτὸς
684 4721 926 4791 ἐπιδείξῃ
963 4721 1031 4777 τά
1069 4723 1163 4777 τοῦ
1206 4724 1381 4792 φίλου.
1425 4726 1558 4780 Είπέ
1606 4727 1671 4798 δή
1714 4744 1826 4798 μοι,
1871 4730 1921 4783 εί

250 4809 321 4863 τὰ
353 4808 564 4880 μεγάλα
591 4807 853 4877 ἠδίκησας
882 4809 962 4871 είς
983 4825 1102 4862 τινα
1128 4810 1222 4863 καὶ
1277 4809 1525 4882 ὕϐρισας,
1566 4813 1661 4867 καὶ
1708 4814 1923 4885 μυρίοις

251 4897 415 4952 αὐτὸν
438 4895 663 4950 ὀνείδεσι
687 4894 1015 4967 περιϐαλὼν,
1054 4898 1136 4961 είς
1165 4898 1265 4960 τάς
1295 4901 1484 4972 χεῖρας
1520 4899 1779 4964 ἐνέπεσες
1826 4900 1920 4956 τοῦ

248 4982 621 5054 ὑϐρισθέντος,
653 4984 684 5034 6
717 4981 774 5035 δὲ
800 4981 922 5035 ἀντὶ
953 4983 1159 5036 τούτων
1185 4984 1435 5055 ἐτίμησε,
1464 4986 1558 5040 καὶ
1608 4987 1717 5040 τῶν
1754 4987 1920 5042 αὐτοῦ

255 5068 553 5143 μετέδωκεν
582 5068 856 5133 ἀπάντων,
887 5070 979 5122 καὶ
1010 5071 1068 5123 ὲν
1100 5072 1211 5135 τοῖς
1235 5072 1410 5139 φίλοις
1444 5074 1530 5143 ἐφ’
1559 5067 1634 5128 ὧν
1665 5074 1920 5148 ὑϐρίσθη,

250 5154 345 5208 ἐπὶ
367 5154 572 5210 τούτων
610 5172 671 5210 σε
699 5155 1063 5225 ἐστεφάνωσε,
1103 5159 1198 5212 καὶ
1226 5159 1425 5232 ἐφησεν
1477 5161 1555 5225 ὡς
1601 5162 1715 5217 υίὸν
1773 5162 1918 5234 ἔχειν

249 5244 491 5313 γνήσιον,
544 5237 664 5298 εἷτα
716 5242 918 5308 εὐθέως
974 5244 1278 5299 ἀπέθανενο
1325 5247 1424 5301 οὐκ
1485 5248 1552 5302 ἂν
1601 5248 1805 5321 ζημίαν
1861 5251 1922 5304 τὸ

250 5333 484 5401 πρᾶγμα
532 5332 824 5402 ἐνόμισας;
865 5332 965 5386 οὐκ
1019 5331 1086 5386 ἂν
1146 5329 1320 5397 εἶπες·
1392 5335 1723 5408 Ἐϐουλόμην
1759 5338 1922 5392 αὐτὸν

249 5417 430 5483 ζῶντα
458 5414 616 5485 εἷναι,
650 5420 738 5473 ἴνα
792 5419 1012 5492 δυνηθῶ
1066 5421 1357 5475 ἀποδοῦναι
1411 5423 1508 5488 τὰς
1547 5425 1801 5496 ἀμοιϐάς,
1836 5426 1922 5480 ἵνα

253 5506 590 5576 ἀμείψωμαι,
644 5508 729 5561 ἵνα
768 5508 842 5581 μὴ
872 5509 1042 5572 κακὸς
1080 5510 1232 5576 φανῶ
1267 5510 1394 5582 περὶ
1445 5512 1538 5565 τὸν
1589 5513 1919 5584 εὐεργέτην;

244 5588 384 5647 Εἶτα
413 5595 498 5647 ἐπ’
530 5595 817 5666 ἀνθρώπου
859 5598 957 5668 μὲν
986 5595 1160 5662 οὕτως
1182 5613 1197 5630 ⁵
1250 5598 1338 5650 ἐπὶ
1365 5598 1422 5653 δὲ
1452 5599 1546 5653 τοῦ
1579 5599 1713 5654 Θεοῦ
1752 5618 1919 5655 σπου-

249 5682 431 5747 δάζεις
462 5682 737 5747 ἀπελθεῖν,
786 5685 873 5738 ἵνα
935 5685 1009 5757 μὴ
1056 5686 1261 5757 ἀμείψῃ
1314 5686 1403 5740 τὸν
1459 5689 1754 5761 εὐεργέτην
1812 5689 1922 5742 τῶν

250 5769 520 5823 τοσούτων
547 5769 799 5839 δωρεῶνς
854 5773 963 5826 Kal
998 5773 1106 5844 μὴν
1137 5774 1257 5827 τότε
1292 5775 1576 5845 πρόσελθε,
1627 5779 1715 5831 ὅτε
1758 5777 1923 5831 αὐτὸν

312 5859 338 5887 ⁸
402 5856 538 5908 Unus
576 5855 761 5906 omittit
785 5859 985 5919 μηδέν...
1019 5861 1185 5909 ποιῶν.

142 6046 309 6078 Δ

1004 263 1062 318 S.
1099 217 1386 318 jOANNIS
1421 254 1913 317 CHRYSOSTOMI
1952 253 2273 309 ARCHIEP.
2311 254 2850 313 CONSTANTINOP.

3564 255 3668 309 182

1993 366 2219 422 δύνασαι
2270 372 2383 432 τοῖς
2415 368 2551 431 ἴσοις
2583 369 2936 439 ἀμείψασθαι.
2986 366 3050 419 Τί
3089 365 3344 435 φεύγεις;
3396 364 3528 429 Nal,
3562 382 3669 434 φη.

1997 453 2103 516 σὶν,
2130 454 2246 507 ἀλλ’
2282 456 2343 508 οὐ
2384 456 2618 523 δύναμαι
2672 454 2923 521 φυλάξαι.
2956 451 3165 506 Οὐκοῦν
3193 452 3263 505 τά
3307 450 3545 504 ἀδύνατα
3572 452 3669 503 ἐπ·-

1997 540 2187 606 έταξεν
2222 544 2252 595 6
2278 544 2408 607 Θεός
2435 560 2450 609 ;
2498 544 2629 597 Ἀπὸ
2653 543 2842 609 τούτου
2874 542 3054 596 πάντα
3092 538 3520 609 ἀνατέτραπται,
3559 536 3670 590 ἀπὸ

1995 629 2184 684 τούτου
2232 632 2301 684 τά
2328 633 2424 702 τῆς
2449 632 2772 703 οἰκουμένης
2801 630 3140 701 διέφθαρται,
3178 629 3260 682 ὅτι
3295 627 3467 690 οὐδεὶς
3493 624 3669 680 οὐδενὶ

1998 716 2201 780 σκοπὸς
2227 719 2368 773 κατὰ
2413 719 2541 772 Θεὸν
2568 720 2686 791 ζῇν.
2736 721 2800 773 Ol
2833 720 2929 788 μὲν
2962 714 3056 770 οὖν
3090 714 3485 785 κατηχούμενοι
3508 712 3669 764 τοῦτο

2001 802 2412 867 σπουδάζοντες,
2467 805 2722 875 οὐδεμόαν
2784 804 3059 858 ποιοῦνται
3122 800 3446 871 ἐπιμέλειαν
3505 796 3666 869 ὀρθοῦ

1999 891 2115 962 βίου
2136 909 2150 923 ·
2184 894 2233 946 οί
2270 893 2328 946 δέ
2355 894 2455 965 ἤδη
2488 893 2870 962 φωτισθέντες,
2910 894 2961 946 οἱ
3004 893 3102 961 μὲν
3133 890 3257 943 ἐπεὶ
3295 889 3483 948 παῖδες
3514 886 3669 950 ὄντες

1995 977 2155 1032 τοῦτο
2200 979 2391 1033 ἔλαϐον
2407 980 2456 1045 ιι,
2482 982 2532 1033 οἱ
2572 981 2627 1033 δὲ
2681 982 2739 1033 ἐν
2763 980 3066 1052 ἀρρωστίᾳ,
3115 979 3209 1031 καὶ
3260 977 3665 1043 ἀνενεγκόντες,

1997 1066 2182 1138 ἐπειδὴ
2214 1066 2289 1138 μὴ
2336 1064 2481 1138 εἶχον
2528 1067 2836 1139 προθυμίαν
2866 1067 2986 1120 τινά
3013 1066 3175 1135 ζῆσαι
3220 1064 3309 1117 δια
3341 1063 3494 1125 Θεὸν,
3548 1061 3669 1114 οὐδέ

1995 1148 2141 1208 οῦτοι
2169 1155 2403 1226 σπουδὴν
2441 1154 2720 1208 τίθενται’
2775 1155 2824 1207 οἱ
2852 1154 2909 1206 δὲ
2947 1155 3004 1206 ἐν
3043 1153 3201 1224 ὑγείᾳ
3253 1150 3527 1212 λαϐόντες,
3559 1148 3670 1202 ὀλί-

1996 1259 2102 1314 γην
2127 1244 2331 1315 ταύτην
2369 1245 2462 1297 καὶ
2491 1244 2646 1297 αὐτοὶ
2672 1243 3090 1303 ἐπιδείκνυνται,
3116 1242 3212 1294 καὶ
3246 1239 3383 1309 πρὸς
3403 1237 3464 1290 τὸ
3493 1237 3669 1308 παρὸν

1997 1330 2331 1395 διατεθέντες
2360 1330 2574 1401 θερμοὶ,
2610 1329 2748 1400 μετά
2783 1329 2956 1383 ταῦτα
2987 1330 3083 1382 καὶ
3110 1324 3252 1382 οῦτοι
3274 1327 3336 1379 τὸ
3368 1326 3479 1396 πῦρ
3511 1324 3670 1377 ἐσϐε-

2000 1434 2120 1472 σαν.
2155 1419 2247 1490 Μὴ
2294 1419 2401 1490 γὰρ
2443 1421 2543 1471 οὐκ
2587 1419 2666 1471 ενι
2701 1419 2990 1488 πράγμασι
3023 1414 3296 1486 χρῆσθαι;
3335 1412 3408 1483 μὴ
3439 1412 3547 1481 γάρ
3570 1413 3669 1481 τῆς

1998 1506 2254 1573 γυναικός
2277 1523 2337 1558 σε
2362 1506 2610 1575 διείργω;
2645 1505 2906 1575 Πορνείας
2933 1521 2991 1557 σε
3018 1503 3286 1573 ἀπείργω.
3314 1503 3405 1570 Μὴ
3431 1500 3541 1569 γὰρ
3570 1497 3672 1567 τῆς

1998 1593 2107 1646 τῶν
2137 1595 2433 1665 χρημάτων
2467 1593 2852 1658 ἀπολαύσεως;
2889 1590 3202 1655 Πλεονεξίας
3254 1591 3349 1643 καὶ
3393 1587 3668 1658 ἁρπαγῆς.

1999 1680 2091 1750 Μὴ
2146 1680 2254 1751 γάρ
2304 1680 2600 1749 ἀναγκάζω
2644 1681 2825 1733 πάντα
2865 1680 3132 1741 κενῶσαις
3177 1677 3360 1745 Ὀλίγα
3402 1675 3511 1729 ἀπὸ
3562 1672 3672 1726 τῶν

1999 1769 2228 1822 ἐνόντων
2253 1766 2435 1821 δοῦναι
2457 1770 2569 1829 τοῖς
2595 1767 2868 1835 δεομένοις
2908 1767 3005 1836 (T6
3057 1764 3226 1834 ὑμῶν
3272 1764 3670 1833 περίσσευμα,

2002 1857 2188 1927 φησὶν,
2216 1857 2303 1920 είς
2337 1855 2407 1909 τὸ
2433 1855 2682 1908 ἐκείνων
2714 1851 3043 1923 ὑστέρημα)
3063 1870 3079 1885 ο
3120 1852 3215 1905 καὶ
3238 1852 3359 1905 οὐδέ
3386 1849 3529 1903 οῦτω
3553 1847 3675 1901 πεί-

2002 1943 2187 2016 θομεν.
2233 1944 2325 2015 Μὴ
2353 1945 2462 2015 γάρ
2495 1941 2775 2013 νηστεύειν
2805 1941 3089 2010 βιάζομενς
3130 1937 3365 1992 Μεθύειν
3394 1937 3672 2005 κωλύομεν

2002 2032 2098 2086 καὶ
2122 2029 2529 2102 γαστρίζεσθαι.
2561 2028 2745 2082 Ταῦτα
2780 2027 3190 2099 περιαιροῦμεν,
3219 2024 3254 2079 ἃ
3284 2022 3672 2094 ἀσχημοσύνην

2003 2136 2085 2171 σοι
2146 2118 2347 2189 φέρει,
2400 2117 2438 2172 ἀ
2501 2116 2595 2170 καὶ
2649 2115 2754 2187 πρὸ
2801 2115 2900 2184 τῆς
2962 2114 3188 2184 γεέννης
3252 2111 3501 2166 ἐντεῦθεν
3571 2110 3673 2181 ήδη

2004 2207 2214 2275 φευκτὰ
2269 2205 2365 2260 καὶ
2421 2203 2624 2275 μισητά
2676 2204 2772 2257 καὶ
2828 2201 2990 2272 αὐτὸς
3061 2197 3202 2255 εἶναι
3273 2198 3671 2268 συνομολογεῖς.

2004 2294 2096 2364 Μὴ
2128 2293 2235 2364 γάρ
2281 2290 2502 2363 ἥδεσθαι
2531 2291 2626 2344 καὶ
2652 2289 2899 2363 χαίρειν;
2939 2287 3098 2342 Ἀλλά
3126 2289 3201 2357 μὴ
3248 2285 3509 2357 αἰσχρῶς,
3541 2281 3676 2355 μηδι

2004 2380 2257 2445 ἀναξίως.

2079 2465 2232 2538 [190]
2248 2458 2380 2522 δ’.Τί
2398 2464 2639 2529 δέδοικας
2661 2482 2676 2532 ;
2694 2465 2749 2518 τί
2765 2464 2904 2534 φοϐῇ
2923 2481 2938 2531 ;
2955 2462 3009 2516 τί
3023 2461 3270 2534 τρέμεις;
3293 2458 3462 2513 Ἔνθα
3475 2456 3671 2528 γάμος..

2007 2553 2136 2608 ἔνθα
2169 2553 2466 2626 χρημάτων
2495 2552 2812 2615 ἀπόλαυσις,
2838 2550 2967 2603 ἔνθα
2984 2550 3157 2619 τροφὴ
3187 2548 3521 2618 σύμμετρος,
3546 2546 3677 2598 ποία

2009 2641 2282 2713 ἁμαρτίας
2336 2639 2624 2706 ὑπόθεσις;
2686 2639 2795 2691 Kal
2851 2637 2956 2710 μὴν
3002 2638 3051 2689 οἱ
3106 2634 3306 2701 ἔξωθεν
3338 2634 3407 2687 τά
3457 2632 3679 2687 ἐναντία

2008 2728 2374 2789 ἐπιτάττουσι,
2416 2726 2510 2780 καὶ
2554 2725 2863 2780 ἀκούονται.
2922 2725 2995 2777 Οὐ
3029 2724 3139 2794 γάρ
3176 2723 3283 2776 ἀπὸ
3313 2721 3419 2774 τῶν
3450 2720 3679 2774 ἐνόντων

2008 2813 2352 2878 ἀπαιτοῦσιν,
2382 2812 2517 2866 ἀλλά
2544 2811 2812 2881 λέγουσιν,
2837 2812 2918 2866 ὅτι
2946 2810 3165 2865 τοσόνδε
3215 2809 3398 2863 δοῦναι
3429 2808 3534 2861 δεῖο
3575 2805 3680 2860 κάν

2010 2902 2286 2975 προϐάλλῃ
2319 2902 2528 2965 πενίαν,
2562 2900 2684 2955 οὐδέ
2707 2899 2879 2964 οὕτως
2902 2900 3242 2968 ἀφίστανται.
3284 2898 3340 2950 Ὁ
3363 2896 3421 2949 δέ
3447 2893 3680 2967 Χριστὸς

2008 2991 2107 3062 οὐχ
2136 2990 2308 3054 οὕτως
2330 3006 2344 3020 ·
2367 2989 2502 3053 ἀλλ’,
2539 2987 2655 3057 Ἀφ’
2685 2981 2760 3042 ὧν
2793 2988 2933 3058 ἐχεις
2964 2987 3073 3050 δὸς,
3107 2987 3202 3039 καὶ
3233 2987 3312 3048 είς
3333 2984 3431 3055 τὴν
3457 2980 3683 3053 πρώτην

2013 3093 2072 3130 σε
2102 3075 2381 3140 καταλέξω
2424 3076 2600 3142 τάξιν.
2664 3075 2833 3129 Πάλιν
2882 3075 3100 3137 ἐκεῖνοι,
3143 3073 3205 3125 ΕΞ
3253 3070 3454 3142 βούλει,
3492 3069 3680 3140 φησὶν,

2010 3164 2334 3234 εὐδοκιμεῖν,
2367 3162 2634 3216 κατάλιπε
2681 3161 2910 3234 πατέρα,
2941 3160 3172 3231 μητέρα,
3200 3159 3498 3226 συγγενεῖς,
3520 3154 3685 3208 οίκεί·

2010 3270 2126 3316 ους,
2161 3252 2258 3305 καὶ
2279 3249 2608 3322 προσέδρευε
2630 3252 2742 3312 τοῖς
2774 3248 3083 3319 βασιλείοις,
3121 3244 3474 3315 κοπτόμενος,
3499 3241 3686 3296 ταλαι-

2013 3339 2384 3412 πωρούμενος,
2406 3335 2692 3403 δουλεύων,
2720 3335 3025 3405 σπώμενος,
3057 3333 3226 3404 μυρία
3247 3332 3471 3402 πάσχων
3502 3329 3680 3383 κακά·

2012 3429 2042 3482 6
2073 3428 2130 3481 δὲ
2150 3426 2382 3499 Χριστὸς
2403 3426 2503 3495 οὐχ
2527 3424 2719 3489 οὕτως,
2738 3423 2874 3488 ἀλλ’,
2894 3424 3028 3476 Ἔσο
3049 3425 3107 3476 ἐν
3129 3424 3196 3493 τῇ
3231 3421 3379 3492 οίκίᾳ
3414 3419 3554 3491 μετὰ
3584 3418 3687 3489 τῆς

2012 3515 2291 3586 γυναικὸς.
2328 3513 2466 3584 μετά
2501 3513 2609 3566 τῶν
2639 3512 2863 3575 παίδων,
2885 3511 2979 3564 καὶ
3010 3510 3149 3564 αὐτά
3178 3509 3349 3563 ταῦτα
3394 3507 3685 3560 διάπλαττσ

2014 3605 2108 3658 καὶ
2141 3602 2388 3674 ρύθμιζε,
2434 3601 2524 3654 τὸν
2555 3600 2885 3672 ἀπράγμονα
2922 3597 3036 3668 βίον
3063 3597 3162 3668 ζῇν
3193 3607 3217 3636 ο
3254 3597 3351 3650 καὶ
3379 3594 3682 3649 ἀκίνδυνον.

2015 3692 2144 3756 Ναὶ,
2171 3690 2355 3764 φησὶν,
2392 3689 2507 3743 ἀλλ’
2535 3690 2739 3750 ἐκεῖνος
2771 3687 3031 3758 χρήματα
3088 3683 3503 3753 ἐπαγγέλλεται.
3541 3679 3685 3735 Ἀλλ’

2014 3776 2168 3843 οὗτος
2199 3776 2494 3849 βασιλείαν,
2526 3774 2724 3845 μᾶλλον
2766 3773 2823 3825 δέ
2850 3773 2945 3826 καὶ
2975 3774 3237 3844 χρήματα
3275 3771 3414 3842 μετά
3438 3769 3643 3839 ταύτης
3666 3784 3685 3803 ’

2015 3865 2255 3933 Ζητεῖτε
2306 3864 2435 3934 γάρ,
2477 3861 2631 3932 φησὶ,
2692 3860 2809 3928 τὴν
2867 3859 3196 3924 ,βασιλείαν
3227 3857 3346 3912 τῶν
3388 3855 3684 3925 οὐρανῶν,

2016 3955 2115 4009 καὶ
2143 3954 2330 4008 ταῦτα
2378 3950 2576 4005 πάντα
2617 3947 3090 4017 προστεθήσεται
3122 3946 3284 4017 ὑμῖν.
3324 3946 3435 4000 Καὶ
3480 3947 3690 4007 ἐκεῖνος

2019 4041 2119 4112 μὲν
2171 4039 2297 4093 οὐδέ
2345 4041 2404 4090 ἐν
2440 4036 2760 4106 προσθήκης
2795 4035 2974 4106 μέρει,
3011 4029 3166 4097 οὗτος
3195 4033 3255 4086 δὲ
3285 4032 3381 4086 καὶ
3417 4048 3690 4102 προηγου-

2020 4126 2218 4198 μένως.
2252 4122 2550 4191 Νεώτερος
2575 4122 2890 4191 ἐγενόμην,
2922 4119 3055 4191 φησί
3079 4136 3094 4150 ·
3132 4118 3231 4173 καί
3259 4119 3370 4188 γὰρ
3396 4117 3687 4187 ἐγήρασαο

2016 4215 2118 4270 καὶ
2181 4215 2295 4269 οὐκ
2342 4208 2508 4265 εἶδον
2553 4210 2790 4265 δίκαιον
2850 4205 3485 4278 ἐγκαταλελειμμένον,
3547 4204 3692 4260 οὐδά

2018 4302 2086 4358 τὸ
2112 4300 2352 4369 σπέρμα
2378 4298 2565 4353 αὐτοῦ
2613 4295 2825 4366 ζητοῦν
2865 4296 3105 4365 ἄρτους.
3144 4293 3463 4367 Ἀρξώμεθα
3489 4292 3689 4357 τοίνυν,

2018 4389 2120 4460 τῆς
2175 4387 2377 4461 ἀρετῆς
2409 4385 2592 4457 θῶμεν
2649 4384 2980 4459 προοίμιονά
3006 4400 3019 4415 ο
3083 4380 3471 4452 ἐπιλαϐὠμεθα
3521 4380 3693 4450 αὐτῆς

2022 4477 2203 4549 μόνον,
2255 4477 2350 4529 καὶ
2402 4474 2525 4544 δψει
2584 4467 2676 4527 οἶα
2732 4471 2805 4525 τά
2866 4469 3064 4541 ἀγαθά.
3132 4469 3223 4540 Μὴ
3283 4467 3393 4538 7&9
3459 4468 3695 4536 ἀπονητὶ

2020 4566 2205 4619 ἐκεῖνα
2253 4560 2560 4633 κατορθοῖς,
2611 4560 2693 4614 ὅτι
2740 4558 2878 4630 πρὸς
2922 4558 3096 4612 ταῦτα
3155 4554 3468 4627 μαλακίζῃ;
3545 4552 3652 4607 Ναὶ
3674 4593 3692 4618 ,

2022 4651 2209 4722 φησιν,
2240 4651 2424 4703 ἐκεῖνα
2460 4648 2714 4718 ἀπονητὶ,
2751 4645 2928 4700 ταῦτα
2957 4644 3015 4698 δέ
3050 4645 3188 4714 μετά
3216 4642 3402 4695 πόνου.
3437 4642 3652 4708 ’Ἄπαγε
3675 4657 3690 4671 ·

2022 4736 2124 4790 οὐκ
2182 4733 2300 4789 ἔστι
2348 4733 2520 4795 τοῦτο,
2556 4735 2658 4786 οὐκ
2702 4732 2850 4785 ἐστιν
2874 4747 2889 4762 ⁸
2945 4730 3061 4784 ἀλλ’
3112 4731 3165 4783 ετ
3218 4746 3274 4783 τι
3324 4728 3409 4782 δεῖ
3464 4727 3695 4800 τάληθὲς

2023 4825 2219 4888 εἰπεῖν,
2280 4822 2469 4875 ἐκεῖνα
2520 4819 2719 4891 μᾶλλον
2769 4817 2952 4881 πόνοις
2999 4816 3356 4881 συνέζευκται
3409 4816 3505 4869 καὶ
3555 4814 3694 4886 μετά

2023 4911 2187 4965 πόνου
2240 4908 2478 4971 πλείονος
2527 4904 2907 4976 κατορθοῦται,
2957 4904 3132 4959 ταῦτα
3167 4904 3245 4970 δὲ,
3282 4901 3350 4959 ἂν
3396 4901 3692 4972 ἐθέλωμεν,

2024 4998 2244 5071 ῥᾳδίωςο

2093 5086 2186 5155 Μὴ
2215 5085 2280 5156 δὴ
2322 5080 2691 5153 ἀποπηδῶμεν
2713 5079 2823 5134 τῶν
2857 5079 3017 5134 θείων
3054 5079 3391 5151 μυστηρίων,
3446 5094 3701 5146 παρακα-

2023 5169 2100 5222 λῶ
2120 5186 2135 5201 ο
2159 5169 2234 5240 μὴ
2263 5168 2421 5221 τοῦτο
2442 5165 2578 5237 ἴδῃς,
2609 5166 2691 5218 ὄτι
2723 5166 2751 5219 6
2781 5166 2887 5237 πρὸ
2907 5164 3002 5218 σοῦ
3027 5164 3340 5234 φωτισθεὶς,
3378 5162 3580 5231 φαῦλος
3604 5160 3698 5230 γέ-

2023 5274 2169 5326 γονε,
2209 5256 2304 5310 καὶ
2349 5256 2449 5326 τῆς
2480 5253 2694 5316 ἐλπίδος
2719 5251 2942 5317 ἐξέπεσε
2982 5251 3083 5321 τῆς
3122 5248 3310 5314 αὐτοῦ,
3346 5250 3441 5303 καὶ
3466 5248 3697 5319 ὀκνηρό-

2023 5364 2180 5418 τερος
2201 5344 2400 5399 σαυτοῦ
2421 5342 2574 5417 γένῃ·
2601 5343 2725 5396 ἐπεί⁵
2752 5343 2847 5396 καὶ
2879 5347 2936 5396 ἐν
2959 5344 3072 5405 τοῖς
3096 5338 3456 5411 στρατιώταις
3482 5336 3698 5409 ὁρῶμεν

2021 5436 2149 5497 τοὺς
2180 5434 2278 5504 μὲν
2312 5432 2413 5486 οὐκ
2442 5433 2523 5495 είς
2557 5431 2679 5484 δέον
2717 5429 3031 5501 χρωμένους
3054 5429 3120 5499 τῇ
3166 5426 3445 5497 στρατείᾳ,
3473 5424 3599 5486 τοὺς
3641 5423 3699 5478 δέ

2024 5520 2441 5592 εὐδοκιμοῦντας
2465 5533 2480 5548 ·
2516 5520 2610 5573 καὶ
2641 5518 2702 5571 οὐ
2739 5519 2853 5582 τοῖς
2880 5514 3144 5587 ῥᾳθύμοις
3171 5512 3532 5584 προσέχομεν,
3563 5508 3701 5562 ἀλλά

2022 5610 2244 5674 τούτους
2300 5607 2569 5678 ζηλοῦμεν
2624 5607 2750 5668 τοὺς
2799 5602 3214 5674 κατορθοῦντας.
3285 5599 3430 5672 Πρὸς
3491 5597 3702 5658 τούτοις

2023 5697 2297 5768 ἐννόησον,
2324 5698 2437 5750 ὅσοι
2460 5694 2596 5764 μετά
2622 5692 2684 5746 τὸ
2707 5691 2961 5760 φώτισμα
2988 5688 3210 5756 ἄγγελοι
3242 5688 3364 5741 ἀντὶ
3394 5684 3700 5756 ἀνθρώπων

2090 5802 2119 5842 ὶι
2149 5801 2246 5849 Al“
2300 5803 2344 5848 οἱ
2382 5799 2467 5862 μὲν
2493 5796 2659 5862 παῖδες
2678 5793 2999 5862 λαμϐάνοντες
3084 5794 3106 5822 ο
3134 5790 3288 5841 δετὶι.
3317 5789 3522 5852 aliique,
3572 5780 3697 5845 ζῆθι.

2027 5862 2053 5905 d
2075 5865 2246 5926 Θῶμεν
2270 5854 2519 5924 προόίμιον
2542 5858 2688 5907 deest
2712 5854 2761 5904 in
2788 5854 3080 5916 quibusdam
3106 5866 3205 5901 mss
